3972 6172
394 324 534 386 1407

391 453 560 510 Sexta
582 453 725 507 hora
754 452 902 507 sedit
927 467 1101 524 super
1126 456 1388 523 puteum.

394 543 621 615 Septem
649 546 782 597 sunt
804 540 1036 612 spiritus
1074 546 1206 595 ante
1236 542 1500 598 thronum
1529 542 1632 599 Dei
1937 544 1986 598 G

395 632 532 688 Octo
562 636 695 685 sunt
716 630 1093 685 beatitudines
1937 633 1987 687 G

466 719 620 776 Scire
675 726 948 791 praeterea
995 719 1271 783 convenit,
1324 722 1472 792 quod
1510 722 1659 793 apud
1711 723 1982 793 quosdam

394 809 692 882 phthongi,
724 809 783 863 id
829 813 934 875 est,
991 808 1111 863 toni
1144 808 1446 875 vocalibus,
1486 815 1747 865 tonorum
1794 818 1985 865 autem

393 898 889 969 diﬁ‘erentiae,quas
910 896 1138 968 quidam
1151 897 1376 952 abusive
1393 899 1982 964 difﬁnitionesvocant,

390 986 827 1042 consonantibus
844 987 1139 1057 signantur
1162 986 1268 1039 hoc
1297 987 1483 1041 modo.
1508 988 1756 1042 Primum
1787 995 1984 1042 tonum

389 1092 428 1131 a
445 1081 621 1142 notat,
652 1076 958 1131 secundum
979 1092 1030 1142 e,
1048 1075 1277 1130 tertium
1303 1076 1340 1139 i,
1362 1082 1622 1147 quartum
1645 1094 1695 1141 o,
1728 1078 1985 1149 quintum

390 1181 450 1228 u,
484 1171 701 1219 sextum
732 1165 1066 1235 ngaacum,
1092 1164 1393 1235 septimum
1427 1183 1481 1237 y,
1515 1172 1769 1220 octavum
1802 1168 1988 1220 m.Pri-

389 1270 544 1309 mam
582 1260 775 1308 autem
820 1254 1094 1324 cujusque
1130 1254 1249 1307 toni
1283 1254 1654 1309 differentiam
1686 1256 1721 1309 b
1753 1255 1985 1319 indicat,

382 1344 697 1398 secundam
728 1360 775 1409 c,
798 1332 1024 1396 tertiam
1055 1342 1111 1405 d,
1143 1348 1403 1413 quartam
1430 1360 1487 1414 g,
1521 1349 1576 1398 et
1599 1345 1679 1398 ita
1703 1351 1871 1399 mutae
1892 1362 1990 1415 per

393 1431 671 1486 ordinem.
695 1430 816 1485 Illis
845 1431 925 1485 ita
953 1430 1168 1485 utiliter
1182 1432 1413 1502 digestis
1435 1434 1556 1502 jam
1586 1450 1735 1486 nunc
1763 1438 1985 1505 tempus

393 1524 502 1586 est,
532 1525 599 1575 ut
625 1520 696 1575 de
735 1519 982 1590 regulari
1014 1519 1129 1574 sive
1165 1520 1356 1574 licenti
1393 1521 1646 1576 omnium
1691 1522 1988 1577 modorum

387 1625 558 1664 cursu
586 1609 812 1680 regulas
842 1609 1057 1663 demus.

1806 330 1835 384 J
1844 369 1855 383 .
1899 327 2256 386 COTTONIS

3525 325 3663 389 1408

1936 455 1978 508 F
1996 458 2048 515 Α
2073 455 2227 510 Unde
2245 459 2302 510 et
2322 455 2441 509 haec
2460 454 2922 527 antiphona.Ecce
2951 461 3011 511 tu
3034 459 3273 526 pulchra
3294 475 3312 511 :
3332 472 3657 530 quanquam

2067 545 2125 598 in
2154 560 2381 598 cursum
2414 534 2645 599 secundi
2667 543 2786 598 toni
2807 543 3045 607 decidat,
3070 552 3282 613 tamen,
3323 547 3457 618 quia
3495 561 3661 616 supe-

2066 632 2183 685 rius
2206 632 2459 702 quintam
2486 649 2517 685 a
2546 631 2700 686 ﬁnali
2725 632 2926 703 saepius
2951 634 3287 696 reverberat,
3319 634 3502 706 primo
3526 641 3661 690 tono

2067 721 2389 791 deputatur.
2422 720 2566 774 Item
2612 738 2623 772 :
2658 722 2765 775 Rem
2805 723 3071 775 Dominus
3116 727 3391 789 omnium,
3426 723 3558 794 quia
3600 723 3661 777 in

2068 809 2327 880 superius
2355 810 2701 881 frequentius
2747 816 3017 874 versatur,
3054 812 3113 866 in
3134 816 3391 866 unctione
3410 812 3480 865 ad
3502 816 3550 865 A
3574 827 3660 865 ca-

2068 898 2242 969 pitale
2279 899 2598 965 descendat,
2654 900 2834 970 primo
2872 904 3064 953 tamen
3106 905 3241 955 tono
3278 900 3657 954 adscribitur:

2071 988 2219 1057 quod
2243 987 2368 1041 ideo
2396 988 2461 1041 ﬁt
2489 994 2553 1041 ut
2576 986 2758 1041 honor
2779 987 3122 1058 principibus
3146 994 3526 1043 conservetur.
3556 988 3663 1044 Do-

2072 1077 2259 1130 minus
2312 1093 2557 1147 namque
2603 1077 2718 1132 sive
2764 1077 3036 1147 magister
3062 1094 3175 1132 non
3198 1083 3421 1132 tantum
3455 1077 3514 1130 in
3540 1093 3661 1147 pro-

2070 1165 2192 1234 pria
2215 1170 2549 1235 potestatem
2580 1164 2765 1229 habet,
2816 1166 2914 1219 sed
2958 1166 3129 1220 etiam
3173 1166 3233 1220 in
3263 1183 3351 1228 ea,
3379 1182 3504 1236 quae
3532 1170 3662 1220 sunt

2070 1254 2276 1308 subditi
2300 1256 2446 1323 ejus.
2462 1254 2695 1308 Subdito
2721 1260 2909 1308 autem
2930 1254 3186 1309 sufﬁcere
3206 1254 3393 1319 debet,
3417 1255 3463 1309 si
3487 1272 3522 1308 a
3550 1271 3665 1309 ma-

2068 1343 2246 1413 gistro
2283 1342 2390 1396 sibi
2416 1344 2692 1398 concessis
2720 1344 3009 1397 humiliter
3033 1345 3114 1397 uti
3138 1345 3322 1407 liceat,
3354 1344 3563 1398 nedum
3593 1343 3662 1397 ad

2070 1430 2156 1498 ea,
2190 1449 2312 1503 quae
2341 1438 2475 1486 sunt
2504 1433 2739 1503 praelati,
2774 1439 2985 1487 temere
3013 1450 3073 1486 se
3105 1433 3397 1504 proripiat.
3434 1433 3495 1487 Si
3532 1449 3662 1502 ergo

2069 1522 2318 1594 plagales
2350 1522 2409 1575 in
2430 1538 2665 1575 ascensu
2695 1522 3193 1593 quintamIperraro
3213 1521 3423 1576 debent
3444 1522 3665 1577 contin-

2067 1616 2439 1681 gere,quanto
2471 1611 2656 1664 rarius
2685 1617 2920 1665 sextam.
2949 1611 3309 1665 Descendunt
3334 1615 3527 1665 autem
3551 1627 3667 1664 om-

438 1696 572 1753 XII.
600 1700 673 1753 De
693 1701 947 1767 regulari
970 1714 1139 1752 cursu
1168 1700 1460 1754 modorum
1489 1706 1651 1768 atque
1677 1703 1917 1755 licentia.
2006 1714 2170 1790 Bnes
2198 1698 2528 1790 subjugales
2551 1716 2585 1753 a
2613 1700 2770 1753 ﬁnali
2799 1699 2870 1752 ad
2913 1704 3194 1770 quartam,
3229 1700 3380 1780 quod
3421 1705 3511 1753 est
3554 1698 3668 1752 dia-

462 1787 604 1843 Cum
619 1786 795 1858 igitur
820 1787 890 1841 de
909 1804 1076 1842 cursu
1099 1788 1397 1843 modorum
1420 1788 1626 1844 dicturi
1644 1789 1986 1861 simus,quid

392 1893 620 1932 cursum
644 1893 838 1933 eorum
854 1893 1136 1941 vocemus,
1159 1877 1423 1948 primitus
1443 1878 1857 1933 discutiendum
1879 1885 1983 1934 est.

397 1965 638 2021 Cursum
668 1966 960 2020 modorum
988 1965 1102 2019 sive
1121 1970 1384 2020 tonorum
1404 1966 1644 2021 dicimus
1668 1968 1990 2038 legem,qua

389 2053 495 2109 sub
524 2059 677 2109 certa
694 2055 891 2125 regula
911 2059 1258 2121 coercentur,
1294 2059 1568 2126 quantum
1599 2056 1814 2111 scilicet
1833 2058 1988 2128 quis-

392 2160 503 2215 que
531 2143 836 2199 ascendere
863 2143 947 2198 vel
978 2144 1743 2217 descendere,quantumque
1771 2146 1989 2201 intendi

390 2233 478 2287 vel
507 2232 721 2288 remitti
749 2232 967 2287 debeat.
994 2233 1102 2287 Sed
1129 2234 1415 2303 quoniam,
1436 2250 1567 2289 cum
1593 2241 1790 2290 cantus
1811 2236 1991 2291 inten-

387 2321 549 2378 ditur
576 2327 635 2377 et
661 2322 989 2389 remittitur,
1039 2322 1288 2376 ascensio
1332 2327 1390 2377 et
1439 2323 1727 2378 descensio
1757 2324 1867 2379 dici
1894 2343 1991 2397 po-

390 2415 523 2478 test,
558 2412 708 2484 quod
744 2412 804 2467 in
834 2427 1004 2466 cursu
1034 2411 1328 2465 modorum
1359 2413 1745 2467 ascensionem
1777 2418 1835 2468 et
1860 2414 1988 2468 des-

391 2502 715 2557 censionem
745 2501 994 2571 itemque
1018 2500 1389 2555 intentionem
1402 2517 1467 2555 ac
1486 2502 1875 2557 remissionem
1890 2520 1989 2558 vo-

389 2605 604 2657 cemus,
629 2589 1089 2661 distinguendum
1151 2596 1251 2651 est,
1285 2605 1356 2642 ne
1389 2589 1506 2643 ulla
1554 2606 1619 2644 ex
1665 2597 1825 2661 parte
1861 2592 1989 2646 rudi

386 2678 585 2734 lectori
610 2678 826 2732 occasio
863 2677 1158 2731 vacillandi
1185 2677 1494 2748 ingeratur.
1530 2679 1675 2749 Ergo
1705 2681 1987 2735 ascensio-

390 2783 519 2822 nem
564 2772 829 2822 tonorum
876 2769 933 2820 Οἵ
988 2766 1404 2821 descensionem
1456 2784 1718 2822 vocamus
1775 2776 1984 2824 certam

387 2856 642 2929 ipsorum
670 2855 1009 2912 ascendendi
1042 2861 1099 2910 et
1125 2856 1498 2911 descendendi
1545 2858 1748 2928 legem,
1790 2859 1847 2912 id
1878 2864 1983 2925 est,

388 2952 666 3018 quantum
694 2962 728 3000 a
756 2944 1017 3000 ﬁnalibus
1035 2945 1151 3000 suis
1162 2946 1468 3000 ascendant
1480 2946 1594 3001 sive
1621 2947 1982 3014 descendant,

389 3035 769 3091 intensionem
792 3051 921 3089 vero
949 3039 1008 3089 et
1035 3034 1424 3090 remissionem
1455 3040 1718 3091 tonorum
1746 3037 1986 3092 dicimus

2071 1793 2347 1853 tessaron,
2377 1789 2460 1842 vel
2486 1782 2658 1842 etiam
2701 1789 2772 1842 ad
2819 1789 3074 1859 quintam
3113 1773 3477 1859 regulariter.
3522 1789 3669 1842 Nam

2071 1878 2357 1932 licentiam
2387 1878 2760 1933 descendendi
2784 1895 2968 1950 neque
2996 1868 3302 1944 authentis,
3334 1894 3519 1949 neque
3548 1878 3669 1949 pla-

2069 1966 2292 2037 galibus
2320 1983 2597 2038 nusquam
2627 1967 2738 2038 legi
2770 1983 3118 2023 concessam.
3144 1966 3447 2022 Sciendum
3476 1972 3671 2021 tamen

2071 2056 2220 2125 quod
2248 2056 2479 2126 quidam
2502 2057 2703 2110 musici
2728 2057 2880 2110 haud
2896 2057 3203 2127 incongrue
3214 2056 3534 2127 regularem
3548 2072 3672 2110 cur-

2070 2161 2197 2199 sum
2223 2146 2540 2209 modorum,
2573 2148 2671 2216 qui
2701 2151 2834 2199 sunt
2857 2152 3001 2209 octo,
3028 2162 3125 2217 per
3142 2144 3376 2200 totidem
3394 2145 3671 2216 diapason

2071 2233 2446 2288 dimetiuntur
2457 2279 2469 2291 .
2483 2234 2552 2287 Et
2565 2235 2873 2288 secundum
2893 2234 3118 2289 illorum
3139 2234 3513 2288 assertionem
3529 2250 3671 2304 pene

2072 2339 2268 2377 omnes
2298 2323 2448 2377 modi
2484 2339 2654 2377 unam
2684 2323 2829 2378 infra
2873 2324 3099 2377 ﬁnalem
3142 2328 3442 2378 assumunt
3471 2340 3578 2394 per
3606 2322 3672 2376 li-

2072 2412 2334 2474 centiam,
2368 2428 2536 2482 quam
2584 2413 2741 2483 prius
2785 2413 2868 2466 eis
2919 2413 3256 2483 regulariter
3282 2411 3668 2468 attribuimus.

2071 2501 2215 2555 Cum
2244 2517 2378 2571 ergo
2415 2506 2538 2555 octo
2566 2502 2688 2555 toni
2720 2518 2821 2572 per
2845 2502 3083 2555 totidem
3112 2501 3385 2572 diapason
3413 2506 3666 2565 currant,

2071 2589 2149 2643 sic
2175 2589 2286 2643 duo
2306 2590 2425 2643 toni
2452 2594 2515 2644 ut
2535 2590 2809 2660 magister
2836 2595 2893 2643 et
2919 2590 3227 2661 discipulus
3255 2589 3567 2645 cohaerent.
3595 2588 3671 2642 sic

2071 2684 2128 2732 et
2153 2695 2346 2732 eorum
2376 2679 2648 2750 diapason
2673 2684 3104 2744 connectuntur,
3128 2680 3208 2731 ita
3236 2679 3374 2732 utin
3401 2678 3483 2732 eis
3510 2678 3672 2732 facile

2069 2768 2437 2822 animadverti
2468 2768 2661 2839 possit,
2691 2785 2813 2839 quae
2833 2785 2993 2822 voces
3023 2768 3247 2839 proprie
3267 2768 3379 2821 sint
3407 2766 3669 2838 plagalis,

2069 2874 2193 2928 quae
2223 2856 2498 2923 authenti,
2531 2875 2654 2929 quae
2683 2874 3009 2912 communes
3037 2858 3281 2927 utrique,
3309 2857 3460 2928 quod
3489 2857 3675 2926 ﬁgura

2067 2947 2268 3001 harum
2298 2964 2438 3018 quas
2452 2947 2793 3018 subjecimus
2814 2952 2940 3002 octo
2956 2953 3206 3001 rotarum
3223 2946 3446 3000 cautius
3460 2946 3670 2999 intuita

2068 3037 2422 3107 apertissime
2443 3038 2794 3090 demonstrat
2827 3037 2866 3103 (l
2884 3037 2950 3097 1).

392 3124 788 3180 certitudinem
818 3125 992 3191 illam,
1034 3141 1134 3195 per
1157 3131 1371 3196 quanta
1406 3142 1603 3180 vocum
1634 3125 1929 3180 intervalla
1953 3125 2050 3187 aC
2141 3126 2259 3178 Hoc
2305 3142 2526 3197 quoque
2567 3125 2944 3179 intimandum
2983 3125 3224 3191 videtur,
3258 3123 3507 3196 qualiter
3535 3124 3678 3177 acci-

390 3213 545 3268 ﬁnali
574 3230 677 3268 suo
707 3213 944 3284 quisque
965 3230 1129 3268 suum
1158 3214 1495 3285 principium
1526 3214 1733 3269 habere
1760 3214 1980 3269 debeat.

390 3301 606 3367 Quibus
624 3303 706 3356 ita
734 3302 1050 3357 necessario
1072 3303 1395 3373 praemissis,
1413 3303 1482 3358 de
1502 3321 1671 3358 cursu
1689 3304 1981 3360 modorum

390 3397 563 3462 prout
585 3392 1586 3464 proposuimus,disseramus.0mnes
1616 3394 1806 3464 itaque
1836 3395 1980 3449 auh—

388 3481 534 3535 tenti
563 3498 598 3535 a
626 3480 783 3534 ﬁnali
815 3496 917 3535 suo
946 3480 1018 3534 ad
1044 3485 1317 3549 octavam,
1372 3482 1519 3552 quod
1568 3488 1653 3536 est
1688 3483 1979 3554 diapason,

390 3569 733 3640 regulariter
759 3569 1089 3633 ascendunt,
1117 3570 1351 3623 licenter
1375 3570 1446 3624 ad
1480 3587 1686 3625 nonam
1719 3572 1805 3625 vel
1833 3572 1986 3628 deci-

2069 3216 2334 3287 piendum
2363 3216 2454 3271 sit.
2484 3216 2632 3287 quod
2648 3215 2910 3279 dicimus,
2937 3215 3238 3269 authentos
3264 3213 3336 3267 ad
3361 3219 3678 3277 octavas,et

2067 3304 2391 3376 subiugales
2418 3305 2486 3359 ad
2524 3304 2749 3376 quintas
2796 3304 3098 3359 ascendere
3138 3322 3151 3358 ε
3184 3308 3249 3357 ut
3295 3303 3450 3357 enim
3497 3318 3677 3373 supra

2067 3394 2257 3448 testati
2284 3411 2499 3460 sumus,
2531 3393 2720 3464 pueris
2758 3395 2817 3447 in
2860 3394 2965 3447 hoc
3005 3392 3273 3463 Opusculo
3302 3391 3449 3445 viam
3482 3392 3676 3461 signa-

2066 3501 2210 3539 mus.
2268 3484 2327 3539 Si
2384 3500 2516 3554 ergo
2568 3482 2997 3553 intelligendum
3050 3487 3154 3547 est,
3187 3481 3416 3551 quando
3445 3482 3569 3534 toni
3602 3480 3675 3533 ad

2066 3580 2289 3627 octavas
2314 3573 2397 3625 vel
2426 3572 2650 3643 quintas
2665 3570 2965 3625 ascendere
2986 3571 3266 3630 dicuntur,
3290 3569 3522 3641 quando
3552 3576 3673 3622 tam

392 3673 563 3713 mam.
618 3657 927 3711 Licentiam
984 3663 1173 3711 autem
1225 3658 1430 3712 idcirco
1470 3675 1504 3712 a
1532 3661 1729 3730 regula
1755 3662 1985 3714 secrevi-
2069 3662 2181 3716 alte
2207 3661 2530 3727 ascendant,
2562 3666 2627 3715 ut
2675 3660 3013 3714 ascendendi
3042 3659 3351 3730 potentiam
3390 3658 3667 3713 habeant.

389 3750 606 3810 mus,ut
632 3746 998 3816 sciatur,quia
1026 3746 1135 3801 illae
1165 3763 1324 3802 voces
1343 3764 1573 3818 perraro
1603 3734 1988 3821 contingendae
2067 3752 2265 3822 Neque
2295 3750 2443 3804 enim
2474 3750 2655 3803 omnis
2685 3755 2883 3803 cantus
2902 3749 3302 3803 authentorum
3322 3747 3394 3800 ad
3416 3752 3668 3809 octavas,

390 3840 543 3902 sunt,
573 3852 694 3905 quae
726 3851 826 3906 per
853 3834 1137 3889 licentiam
1168 3836 1553 3891 conceduntur
1584 3855 1594 3890 :
1630 3838 1789 3901 Quod
1835 3839 1984 3892 enim
2067 3857 2251 3910 neque
2275 3838 2578 3910 plagalium
2608 3838 2792 3891 omnis
2820 3854 2992 3891 canor
3018 3837 3088 3890 ad
3118 3836 3343 3906 quintas
3372 3835 3673 3906 pertingit,

392 3923 517 3995 quis
546 3940 647 3995 per
671 3924 923 3994 regulam
947 3924 1136 3991 habet,
1160 3925 1321 3996 quasi
1351 3942 1417 3979 ex
1446 3925 1633 3981 debito
1654 3926 1841 3990 habet,
1860 3928 1985 3983 ideo
2068 3930 2214 3983 sicut
2243 3933 2399 3999 patet
2423 3928 2479 3981 in
2500 3929 2606 3981 hac
2628 3927 2795 3997 primi
2825 3926 2940 3980 toni
2969 3932 3086 3979 ant.
3111 3927 3177 3979 In
3201 3930 3293 3977 tuo
3317 3925 3587 3991 adventu,
3620 3929 3678 3978 et

397 4012 632 4067 liberius
661 4028 727 4068 eo
756 4013 866 4067 frui
897 4019 1082 4084 potest
1115 4033 1128 4081 ;
1187 4031 1309 4085 quae
1357 4021 1545 4069 autem
1573 4032 1674 4087 per
1702 4017 1985 4072 licentiam
2069 4018 2128 4072 in
2158 4019 2262 4071 hac
2284 4016 2512 4071 secundi
2552 4022 2668 4069 ant.
2723 4016 3116 4092 Consolamg'ni,
3153 4015 3547 4066 consolamini.
3580 4012 3676 4066 In-

393 4103 773 4174 possidentur,
809 4120 876 4157 ea
903 4108 1190 4175 tamquam
1224 4122 1325 4175 per
1340 4106 1584 4175 gratiam
1608 4106 1988 4176 possessalhu-
2069 4106 2324 4161 tensione
2340 4111 2529 4159 autem
2551 4111 2609 4158 et
2623 4103 2951 4158 remissione
2965 4102 3259 4156 modorum
3281 4101 3362 4154 sic
3383 4102 3676 4155 estanim-

387 4192 581 4247 milius
611 4197 781 4263 atque
793 4193 1127 4264 prudentius
1146 4200 1280 4248 sunt
1308 4195 1988 4249 tractanda.Descendunt
2070 4194 2494 4248 advertendum.
2524 4193 2824 4247 Authentis
2845 4192 3105 4246 omnibus
3123 4191 3253 4247 licet
3276 4206 3442 4243 suum
3461 4191 3676 4260 cuique

392 4297 427 4335 a
452 4280 609 4335 ﬁnali
635 4281 705 4334 ad
734 4281 1065 4353 proximam,
1109 4281 1205 4336 ubi
1234 4284 1561 4336 nonnullam
1590 4283 1670 4337 eis
1699 4284 1984 4338 licentiam
2068 4283 2403 4355 principium
2443 4299 2477 4336 a
2526 4282 2679 4336 ﬁnali
2717 4282 2786 4334 ad
2840 4281 3097 4352 quintam
3141 4279 3455 4345 intendere,
3510 4286 3575 4333 et
3602 4279 3677 4332 ad

387 4386 424 4425 a
447 4370 645 4442 peritis
668 4370 900 4425 musicis
929 4386 1249 4425 concessam
1299 4372 1501 4442 reperi.
1543 4373 1829 4444 Excipitur
1854 4373 2213 4464 indeDeam,
2247 4388 2369 4443 quae
2399 4371 2502 4425 sub
2535 4370 2690 4424 ﬁnali
2721 4370 2975 4440 proxima
3003 4375 3106 4435 est,
3140 4368 3450 4422 remittere.
3484 4367 3549 4422 Si
3577 4385 3679 4421 au-

390 4460 696 4513 authentus
713 4459 1006 4530 tritus,qui
1027 4460 1356 4531 simpliciter
1375 4461 1602 4531 quintus
1622 4463 1979 4517 nominatur:
2004 4457 2045 4464 ’⁷
2067 4468 2181 4514 tem
2208 4461 2277 4514 ad
2309 4460 2563 4531 quintam
2585 4460 2732 4523 licet,
2763 4464 2972 4529 quanto
2992 4457 3169 4528 magis
3193 4457 3262 4510 ad
3289 4463 3552 4523 quartam
3590 4457 3681 4510 vel

389 4548 522 4602 huic
550 4548 707 4602 nulla
732 4547 878 4601 infra
898 4549 1125 4603 ﬁnalem
1153 4549 1439 4603 descensio
1461 4549 1733 4604 attributa
1750 4556 1853 4617 est,
1873 4568 1984 4606 non
2065 4549 2334 4604 tertiam?
2365 4548 2528 4603 Solus
2581 4554 2770 4601 autem
2803 4546 3107 4600 authentus
3146 4545 3434 4609 deuterus,
3462 4543 3522 4597 id
3561 4550 3672 4606 est,

391 4635 562 4690 aliam
591 4634 661 4689 ob
698 4651 944 4701 causam,
988 4637 1096 4691 nisi
1144 4639 1293 4708 quod
1326 4639 1608 4693 semitonii
1634 4639 1984 4710 imperfectio
2065 4639 2270 4693 tertius
2298 4638 2465 4692 istam
2491 4638 2671 4707 legem
2701 4634 3231 4706 transgrediturzad
3260 4639 3477 4687 sextam
3511 4649 3682 4686 nam-

395 4728 806 4795 competentem
838 4725 959 4778 ﬁeri
977 4726 1307 4780 descensum
1336 4743 1447 4781 non
1476 4728 1984 4799 permittit.Plaga-
2068 4745 2176 4800 que
2204 4728 2535 4800 plerumque
2564 4724 2898 4797 principium
2923 4740 3087 4778 suum
3113 4722 3445 4787 intendit,ut
3470 4721 3535 4775 in
3568 4722 3681 4775 hac

389 4812 473 4867 les
500 4819 691 4868 autem
712 4830 907 4868 omnes
930 4831 965 4867 a
989 4815 1142 4869 ﬁnali
1172 4832 1351 4886 usque
1377 4817 1449 4870 ad
1475 4816 1879 4887 quintam,quaa
1901 4823 1987 4872 est
2067 4822 2183 4871 ant.
2210 4818 2392 4869 Tertia
2420 4816 2534 4868 dies
2561 4812 3074 4883 cst.Subjugalibus
3089 4828 3216 4865 vero
3241 4812 3373 4864 licet
3388 4810 3683 4881 principia

389 4902 673 4975 diapente,
706 4903 1036 4970 ascendunt,
1081 4910 1140 4958 et
1168 4904 1400 4959 licenter
1424 4912 1638 4960 sextam
1668 4912 1981 4960 assumunt.
2067 4923 2187 4971 sua,
2220 4907 2306 4961 vel
2335 4905 2504 4958 etiam
2538 4902 2849 4957 hemitonia
2886 4901 2958 4954 ad
3002 4906 3231 4971 quartas
3260 4899 3585 4968 intendere,
3620 4905 3682 4952 et

387 4991 505 5049 Nec
528 4998 615 5048 est
635 4992 976 5059 mirandum,
1009 4993 1157 5063 quod
1188 4994 1438 5064 plagales
1484 4996 1759 5048 minorem
1790 5012 1985 5049 ascen-
2066 4994 2137 5047 ad
2167 4991 2688 5063 quintasinterdum
2717 4988 3360 5043 remittere.Hemitonia
3379 4994 3577 5042 autem
3608 5004 3680 5041 eo

385 5082 555 5137 dendi
574 5082 858 5137 licentiam
873 5081 1279 5153 habent,quam
1300 5083 1717 5154 authenti,quia
1733 5084 1982 5155 plagales
2064 5088 2325 5154 respectu
2346 5098 2456 5152 quo
2485 5086 2543 5133 et
2568 5086 2732 5133 tonos
2781 5079 3059 5150 aequivoce
3105 5077 3433 5147 accipimus,
3462 5092 3680 5130 vocum

384 5188 607 5243 semper
630 5171 689 5225 in
719 5170 1082 5226 inferioribus
1109 5171 1322 5224 morari
1344 5170 1567 5239 debent,
1602 5178 1659 5226 et
1687 5189 1916 5242 perraro
1947 5191 1982 5228 a
2064 5172 2408 5242 inceptiones
2429 5186 2709 5231 vocamus,
2734 5186 2855 5240 qum
2884 5169 3029 5222 ﬁunt
3054 5183 3155 5238 per
3182 5165 3581 5236 pausationem
3618 5166 3683 5218 in

383 5260 538 5314 ﬁnali
562 5260 634 5315 ad
655 5261 911 5331 quintam
928 5259 1401 5313 ascendere.Nam
1423 5268 1480 5315 et
1498 5261 1634 5314 ordo
1654 5263 1821 5330 hujus
1841 5263 1978 5317 artis
2063 5267 2260 5315 cantus
2290 5260 2475 5313 medio
2522 5277 2532 5312 :
2570 5257 2879 5312 hemitonia
2916 5257 3065 5311 enim
3111 5254 3333 5325 proprie
3363 5252 3681 5307 semitonia

385 5349 919 5420 experientissimus,
976 5354 1033 5402 et
1084 5364 1118 5400 a
1165 5348 1422 5402 Guidone
1469 5349 1527 5403 in
1556 5351 1666 5403 ﬁne
1704 5355 1977 5404 tractatus
2059 5367 2342 5404 vocamus.
2377 5348 2793 5402 Attendendum
2812 5352 3102 5417 praeterea,
3134 5343 3427 5415 quodcum
3460 5344 3679 5412 praedi-

384 5437 473 5491 sui
500 5437 914 5508 comprobatur,
949 5442 1197 5501 cantum,
1245 5438 1339 5507 qui
1385 5454 1419 5491 a
1466 5438 1619 5491 ﬁnali
1671 5439 1978 5492 ascendens
2061 5443 2150 5492 cta
2172 5428 2256 5492 lex
2269 5443 2488 5492 etcerta
2506 5437 2701 5505 regula
2718 5435 2989 5506 disposita
3008 5434 3080 5487 sit
3098 5440 3357 5486 tonorum
3382 5430 3677 5493 cursibus,

386 5526 640 5595 quintam
664 5531 750 5579 ter
768 5526 853 5579 vel
875 5532 1074 5596 quater
1094 5527 1692 5595 repercutit,authento
1721 5528 1972 5599 deputat.
2060 5527 2313 5597 plerique
2341 5526 2469 5580 novi
2500 5526 2878 5580 modulatores
2916 5523 2972 5577 id
3018 5528 3242 5575 tantum
3282 5519 3676 5583 attendentes,

463 5628 570 5703 lii)
617 5630 837 5686 Desunt
861 5632 1076 5701 ﬁgura,
1106 5631 1250 5686 forte
1279 5633 1490 5689 eaedem
1518 5638 1652 5689 sunt
1680 5650 1804 5705 quae
1829 5634 1891 5689 in
1918 5634 2134 5690 musica
2156 5633 2437 5702 Aribonis,
2468 5649 2660 5704 supra.
