3972 6172
282 264 420 324 1409

1772 269 2062 326 MUSIGA.

3409 265 3554 327 1410

274 395 343 446 ut
368 390 654 462 pruritum
665 390 889 446 aurium
903 390 1127 457 faciant,
1159 391 1467 463 saepissime
1487 408 1613 447 eam
1638 393 1872 448 confun-
1890 397 1942 454 Α
1957 393 2129 447 vium.
2159 391 2288 446 Haec
2305 392 2680 462 quorumdam
2699 390 2981 445 sententia
3002 394 3090 446 est
3114 408 3128 446 :
3147 391 3247 446 sed
3269 391 3438 463 objici
3457 409 3555 464 po-

276 481 439 547 dunt,
473 496 942 551 communemque
966 486 1194 534 cantum
1228 481 1462 547 faciunt,
1488 482 1586 536 uni
1623 483 1875 536 videlicet

277 570 534 625 melodiae
548 586 775 624 cursum
786 571 1027 624 duorum
1044 575 1306 625 tonorum
1322 572 1633 626 tribuentes
1651 587 1662 621 :
1687 588 1877 643 quem-

276 659 585 713 admodum
608 659 666 712 in
686 660 791 713 hac
817 659 1097 714 cantilena
1145 664 1334 731 patet:
1404 662 1501 714 Te-r
1548 665 1697 714 term“
1744 665 1875 714 sunt

277 750 449 802 modi.
482 749 546 802 In
574 748 899 817 hujusmodi
934 749 1125 818 itaque
1153 748 1428 811 cantibus,
1463 750 1559 819 qui
1587 755 1706 803 tam
1747 750 1877 803 laxe

276 842 450 908 atque
479 838 707 892 confuse
736 843 1167 907 componuntur,
1193 838 1438 892 cantoris
1459 838 1691 892 arbitrio
1713 838 1879 892 relin-

277 926 492 996 quitur,
522 926 605 980 uti
635 926 806 980 talem
836 931 1064 980 cantum
1096 926 1147 980 ei
1175 933 1310 981 tono
1340 927 1587 997 adaptet,
1622 927 1713 981 cui
1742 944 1879 982 can-

272 1020 371 1070 tus
398 1015 737 1086 principium
764 1014 1177 1086 competentius
1217 1014 1589 1086 responderit.

346 1102 504 1158 XIII.
541 1104 718 1172 Super
746 1119 921 1171 graeca
955 1109 1219 1157 notarum
1256 1106 1519 1158 vocabula
1557 1108 1837 1174 empositz‘o.

348 1192 633 1256 Quoniam
648 1197 839 1246 autem
851 1192 909 1245 in
927 1192 1194 1246 continuo
1217 1193 1344 1246 mod
1352 1209 1513 1247 orum
1527 1198 1777 1248 tractatu
1794 1199 1882 1248 est

274 1281 512 1335 taedium
539 1297 708 1352 super
733 1281 885 1352 ipsas
909 1287 1072 1335 notas
1100 1298 1326 1353 ponere,
1360 1282 1630 1337 vocabula
1660 1300 1875 1348 earum,

275 1385 403 1440 quae
431 1384 465 1422 a
493 1369 702 1422 Graecis
732 1368 1072 1430 sortiuntur,
1102 1367 1464 1440 interpretari
1495 1369 1669 1423 libeat
1697 1388 1708 1423 :
1737 1385 1879 1440 qua-

270 1464 445 1512 tenus
464 1473 549 1523 ea,
576 1456 795 1528 quoties
827 1473 967 1528 opus
996 1457 1185 1523 fuerit,
1214 1475 1316 1528 pro
1345 1458 1482 1528 ipsis
1513 1457 1664 1512 notis
1697 1458 1878 1512 intro-

273 1545 572 1601 ducamus.
607 1546 823 1600 Horum
843 1545 1099 1616 equidem
1124 1546 1523 1601 vocabulorum
1536 1546 1878 1601 nominatio-

274 1650 408 1688 nem
439 1635 501 1687 in
528 1640 772 1689 tractatu
794 1634 981 1704 quarti
1002 1634 1229 1705 capituli
1260 1634 1512 1689 fecimus.
1548 1634 1656 1689 Sed
1684 1635 1753 1688 de
1788 1634 1879 1689 his

1966 486 2080 535 test
2109 497 2143 534 a
2168 480 2372 535 callido
2404 480 2678 546 auditore,
2711 497 2824 534 non
2852 497 2974 534 esse
3003 486 3298 550 cogentem
3326 498 3557 553 causam

1957 586 2125 640 quam
2155 570 2223 623 de
2246 569 2550 633 semitonio
2580 568 2978 624 subintulimus
3004 588 3017 637 ;
3051 569 3098 624 si
3124 570 3275 624 enim
3294 570 3556 625 vetustis-

1958 658 2086 712 simi
2116 658 2315 712 musici
2344 658 2567 721 vellent,
2591 663 2655 712 ut
2673 657 2966 728 dispositio
2993 674 3189 712 vocum
3204 676 3239 713 a
3257 658 3556 713 semitonio

1958 748 2250 819 inciperet,
2284 752 2401 800 tam
2430 747 2571 801 bene
2599 747 2738 801 illud
2764 747 2913 801 inter
2940 748 2989 801 Α
3018 753 3075 802 et
3130 748 3174 802 Β
3212 749 3555 802 constituere
3656 772 3671 785 ι

1959 836 2273 906 potuissent
2302 834 2448 890 sicut
2476 836 2623 888 inter
2670 836 2713 889 B
2759 840 2815 889 et
2862 834 2922 889 Ο.
2966 844 3310 908 quapropter
3349 836 3550 891 melius

1960 930 2048 979 est
2082 930 2164 991 ut,
2194 924 2505 978 secundum
2534 923 2780 995 priorem
2833 924 3192 991 sententiam,
3220 925 3472 980 dicamus
3508 926 3558 979 A

1958 1014 2205 1085 primum
2226 1014 2285 1067 in
2308 1013 2685 1067 monochordo
2732 1013 2993 1066 locatam.
3027 1013 3137 1068 Sed
3182 1019 3318 1068 tunc
3362 1029 3560 1068 rursus

1898 1104 1909 1117 '
1961 1102 2130 1172 objici
2150 1108 2352 1174 potest,
2374 1118 2474 1156 cur
2490 1100 2540 1155 B
2555 1101 3117 1173 voceturprincipalis
3137 1102 3554 1173 principalium,

1962 1207 2088 1245 cum
2116 1192 2303 1262 potius
2332 1193 2380 1244 Λ
2404 1190 2482 1244 sic
2512 1190 2761 1243 vocanda
2788 1194 2893 1254 est,
2918 1190 3051 1261 quia
3077 1190 3260 1261 prima
3303 1197 3387 1245 est
3423 1206 3559 1261 gra-

1959 1279 2132 1334 vium.
2163 1280 2249 1334 Ad
2277 1278 2426 1350 quod
2454 1279 2709 1341 dicimus,
2745 1278 2878 1349 quia
2914 1279 2957 1332 B
3008 1295 3121 1333 non
3158 1279 3282 1333 ideo
3327 1284 3559 1334 vocatur

1958 1368 2283 1439 principalis
2310 1367 2725 1438 principalium,
2755 1368 2903 1437 quod
2931 1383 3045 1421 una
3068 1368 3251 1438 prima
3279 1368 3355 1422 sit
3383 1369 3440 1422 in
3462 1385 3556 1423 or-

1960 1458 2090 1512 dine
2119 1473 2334 1523 earum,
2360 1456 2459 1510 sed
2484 1456 2631 1526 quod
2658 1455 2844 1526 prima
2880 1455 3029 1509 inter
3054 1457 3391 1528 principales
3418 1457 3559 1511 divi-

1960 1563 2085 1600 sum
2106 1562 2307 1599 sonum
2363 1544 2577 1614 gignit:
2632 1545 2681 1597 A
2723 1545 2873 1598 enim
2903 1562 3029 1599 cum
3060 1546 3135 1599 sit
3186 1546 3244 1599 in
3284 1545 3559 1617 principio

1959 1633 2322 1687 monochordi
2354 1634 2556 1698 locata,
2588 1633 2801 1687 nullam
2832 1633 2954 1688 soni
2983 1634 3366 1689 diversitatem
3398 1635 3555 1689 facit.

275 1729 416 1777 tunc
439 1723 625 1777 dicere
646 1723 990 1791 distulimus,
1030 1740 1101 1776 ne
1148 1723 1287 1776 rude
1343 1728 1401 1777 et
1450 1712 2211 1777 inexercitatumBCautem
2245 1727 2474 1776 vocatur
2507 1722 2822 1793 Parhypate
2862 1723 3132 1794 hypaton,
3162 1723 3220 1776 id
3263 1728 3368 1789 est,
3395 1724 3561 1793 juxta

274 1813 407 1866 novi
430 1812 654 1866 lectoris
682 1812 973 1882 ingenium
1004 1811 1297 1865 subitanea
1321 1812 1662 1866 obscuritate
1684 1812 1880 1866 obrue-

276 1917 492 1954 remus.
519 1901 594 1956 Ut
628 1906 838 1966 autem,
885 1917 1007 1971 quae
1058 1906 1373 1970 sequuntur
1424 1901 1624 1954 melius
1677 1901 1880 1954 intelli-

276 1996 510 2060 gantur,
544 1994 766 2059 oportet
793 2006 895 2043 nos
919 1990 989 2043 de
1020 1989 1391 2043 tetrachordis
1419 1994 1671 2043 veterum
1702 1989 1878 2043 musi-

278 2095 477 2132 corum
507 2078 717 2149 aliquid
747 2078 1103 2135 interserere.
1135 2077 1365 2148 Antiqui
1391 2077 1668 2148 siquidem
1680 2078 1878 2131 musici

280 2172 529 2238 quatuor
554 2167 911 2221 tetrachorda
938 2166 994 2219 in
1025 2166 1403 2220 monochordo
1446 2166 1868 2236 disposuerunt.

278 2255 539 2309 Primum
563 2255 670 2327 fuit
685 2255 755 2308 ab
784 2257 850 2308 A.
883 2271 1062 2325 usque
1094 2254 1163 2309 ad
1194 2255 1261 2309 D.
1281 2261 1338 2309 et
1366 2255 1470 2308 hoc
1506 2254 1778 2309 vocabant
1796 2261 1877 2308 te-

278 2344 646 2399 trachordum
665 2344 1150 2415 principalium,eo
1172 2344 1320 2414 quod
1336 2344 1445 2398 illa)
1472 2350 1617 2398 notae
1642 2344 1701 2397 in
1731 2344 1879 2414 prin-

279 2434 430 2506 cipio
452 2435 648 2487 locatae
676 2440 863 2487 essent
893 2451 904 2486 :
937 2433 1242 2487 secundum
1264 2432 1333 2486 ab
1374 2434 1434 2498 E,
1470 2449 1650 2503 usque
1699 2432 1771 2486 ad
1823 2449 1876 2498 a,

279 2529 339 2577 et
371 2523 479 2576 hoc
507 2521 868 2593 appellabant
897 2521 1390 2592 mediarum,quod
1417 2538 1621 2592 pereas
1638 2522 1871 2587 medias,

277 2610 337 2664 id
368 2617 456 2665 est
481 2610 853 2673 mediatrices,
890 2615 1087 2664 cantus
1117 2627 1149 2664 a
1168 2610 1431 2680 gravibus
1453 2611 1521 2663 ad
1540 2616 1732 2664 acutas
1753 2627 1881 2681 pro-

277 2700 677 2771 grederemur,
708 2705 763 2752 et
793 2700 1244 2770 regrederentur.
1271 2699 1522 2753 Tertium
1566 2715 1601 2752 a
1653 2698 1679 2769 η
1738 2716 1881 2770 qua—

279 2788 636 2859 dratousque
648 2788 719 2842 ad
749 2805 797 2853 e,
818 2793 876 2842 et
894 2788 998 2842 hoc
1026 2788 1289 2842 dicebant
1316 2786 1883 2858 disjunctarum,quia

280 2894 379 2931 eas
399 2894 436 2930 a
462 2876 892 2947 precedentibus
921 2876 1246 2946 disjunctas,
1275 2876 1333 2929 id
1393 2882 1497 2941 est,
1556 2876 1877 2931 differentes

276 2965 569 3031 videbant,
604 2972 661 3019 et
684 2965 741 3019 in
772 2965 973 3036 ﬁgura,
1006 2970 1063 3019 et
1084 2965 1142 3019 in
1163 2965 1287 3018 soni
1314 2964 1879 3028 acutione.Quartum

279 3054 393 3108 fuit
423 3071 457 3108 a
487 3055 774 3125 praemissa
800 3032 839 3107 ἑ
866 3048 1097 3131 usque
1124 3054 1491 3125 duplicatum.
1523 3058 1579 3108 et
1616 3054 1720 3108 hoc
1775 3071 1879 3108 no-
1898 3032 1938 3088 ί)

281 3142 587 3197 minabant
616 3142 1024 3217 excellentium,
1058 3142 1324 3213 quoniam
1354 3159 1449 3196 eas
1478 3142 1533 3196 in
1564 3142 1686 3196 soni
1704 3143 1883 3212 graci'

280 3230 448 3284 litate
477 3230 739 3285 omnibus
767 3231 893 3284 aliis
913 3229 1176 3284 videbant
1204 3230 1489 3284 excellere.

356 3320 577 3390 Itaque,
608 3319 913 3373 secundum
946 3318 1090 3385 illos,
1124 3319 1219 3389 qui
1267 3336 1369 3372 nec
1420 3320 1462 3373 Γ
1517 3320 1879 3387 admiserant,

284 3423 393 3463 nec
422 3407 550 3461 illas
578 3413 695 3461 tres
718 3414 899 3473 notas,
933 3423 1071 3477 quas
1102 3412 1227 3477 post
1256 3408 1299 3461 Γ
1329 3407 1676 3477 duplicatum
1720 3408 1882 3479 poni-

285 3513 441 3562 mus,
464 3495 732 3550 vocabula
752 3495 879 3562 ista,
904 3512 1026 3566 quae
1052 3495 1479 3567 interpretaturi
1504 3513 1719 3559 sumus,
1755 3514 1882 3551 mu-

283 3587 420 3640 sicis
440 3585 666 3639 vocibus
723 3585 987 3655 imposita
1039 3591 1188 3638 sunt.
1214 3584 1404 3637 Prima
1450 3602 1583 3655 ergo
1633 3588 1682 3639 A
1737 3586 1886 3657 apud

284 3676 512 3730 Gracos
542 3675 784 3728 musicos
812 3678 1041 3727 vocatur
1070 3672 1677 3743 proslambanomenos,
1715 3681 1779 3728 ut
1798 3692 1887 3729 ac-

285 3763 501 3835 quisita
529 3765 643 3815 sive
672 3767 981 3831 assumpta,
1016 3761 1280 3831 quoniam
1303 3778 1336 3814 a
1363 3763 1750 3831 grammatica,
1785 3780 1885 3834 pro

284 3869 397 3923 qua
426 3851 673 3921 primum
694 3857 918 3920 reperta
937 3855 1040 3909 est.
1073 3850 1144 3903 ad
1176 3866 1316 3919 Opus
1347 3851 1572 3905 musicae
1598 3860 1887 3922 assumpta

283 3949 372 3996 est.
404 3960 417 3994 :
452 3940 540 3993 vel
567 3945 717 3993 certe
738 3939 860 3992 ideo
889 3938 1164 4008 acquisita
1184 3944 1428 4004 vocatur,
1463 3940 1595 4010 quia
1622 3941 1888 3994 vetustis-

284 4028 417 4083 simi
450 4026 650 4081 musici
697 4044 822 4080 eam
871 4027 1117 4101 primum
1166 4043 1279 4079 non
1321 4027 1622 4097 ponebant.
1676 4029 1886 4083 Secun-

283 4118 423 4173 dum
457 4118 519 4182 B,
542 4122 609 4170 ut
636 4115 889 4169 videlicet
916 4131 1111 4169 vocum
1140 4115 1434 4185 dispositio
1466 4133 1501 4169 a
1531 4116 1765 4172 minimo
1795 4117 1888 4171 in-

282 4205 523 4261 tervallo
544 4204 630 4257 vel
648 4204 1114 4274 semitonio,quod
1139 4210 1223 4257 est
1238 4204 1387 4258 inter
1406 4205 1448 4258 B
1463 4211 1517 4259 et
1531 4206 1887 4272 C,exordium

284 4294 527 4349 haberet
550 4312 561 4347 :
585 4293 734 4346 unde
757 4297 813 4346 et
828 4293 952 4363 ipsa
972 4293 1015 4347 B
1037 4298 1270 4347 vocatur
1296 4293 1504 4364 hypate
1538 4295 1808 4365 hypaton,
1830 4296 1887 4349 id

286 4390 392 4448 est,
429 4381 755 4454 principalis
780 4381 1194 4452 principalium,
1228 4381 1359 4453 quia
1416 4382 1686 4437 nimirum
1740 4385 1890 4456 apud

286 4470 715 4542 antiquissimos
743 4470 926 4541 prima
950 4470 1058 4523 fuit
1084 4470 1501 4541 principalium,
1534 4471 1592 4525 id
1621 4477 1727 4537 est,
1759 4489 1888 4543 gra-

450 4623 732 4678 Proslam-

859 4624 1081 4692 Hypate

461 4693 731 4748 bamenos

1217 4624 1497 4693 Parypate
1546 4623 1557 4693 |
1600 4623 1878 4679 Lichanos

847 4692 1099 4764 hypaton

1231 4694 1486 4765 hypaton
1546 4694 1558 4766 |
1617 4695 1869 4766 hypaton

554 4978 623 5031 A.
776 4976 789 5033 I
943 4977 1006 5030 B.
1161 4976 1172 5033 I
1212 4976 1219 4987 ’
1324 4978 1386 5032 C.
1548 4976 1561 5033 I
1711 4979 1777 5033 D.

735 5074 1561 5130 Gra--ves.

455 5176 729 5229 Parame-
781 5175 791 5229 l
899 5174 1054 5228 Trite
1165 5174 1504 5229 IParanete

483 5261 545 5301 se
781 5244 792 5316 |
850 5244 1111 5315 diezeug-
1165 5244 1178 5316 |
1232 5244 1499 5316 diezeug-

867 5332 1092 5371 menon.
1167 5332 1179 5371 I
1252 5333 1476 5371 menon.

1608 5176 1749 5229 Nete
1777 5175 1890 5229 die-

1608 5262 1868 5316 zeugme—

1608 5332 1743 5374 non.

567 5529 1780 5597 h.|c.|d.|e.

694 5629 839 5684 dis
904 5658 934 5672 -
999 5630 1153 5685 iun
1220 5657 1247 5670 -
1312 5658 1340 5671 -
1406 5637 1606 5684 οδω.

450 4623 732 4678 Proslam-
859 4624 1081 4692 Hypate
1217 4624 1497 4693 Parypate
1600 4623 1878 4679 Lichanos
2009 4625 2232 4695 Hypate
2368 4625 2648 4695 Parypate
2760 4625 3034 4680 Lichanos
3190 4625 3364 4682 Mess.

461 4693 731 4748 bamenos
847 4692 1099 4764 hypaton
1231 4694 1486 4765 hypaton
1617 4695 1869 4766 hypaton
2027 4712 2223 4750 meson
2413 4711 2611 4750 meson
2804 4711 2999 4752 meson

554 4978 623 5031 A.
773 4620 789 5049 |
943 4977 1006 5030 Β.
1156 4617 1172 5047 1
1212 4976 1219 4987 “
1324 4978 1386 5032 Ο.
1546 4622 1561 5051 |
1711 4979 1777 5033 D.
1927 4619 1943 5051 ‘
2095 4977 2157 5031 E.
2312 4622 2323 5052 l
2473 4978 2533 5033 F.
2700 4620 2719 5053 Ι
2867 4979 2936 5035 G.
3086 4622 3100 5054 |
3273 4999 3307 5036 a

735 5074 784 5128 G
892 5090 922 5127 r
1030 5090 1561 5130 a--ves.
2348 5092 2711 5131 me--
2805 5076 3143 5133 di-aa.

455 5176 729 5229 Parame-
899 5174 1054 5228 Trite
1226 5174 1504 5228 Paranete
1608 5176 1749 5229 Nete
1777 5175 1890 5229 die—
2055 5176 2208 5230 Trite
2386 5176 2663 5229 Paranete
2834 5176 2979 5229 Nete

483 5261 545 5301 se
850 5244 1111 5315 diezeug-
1232 5244 1499 5316 diezeug—
1608 5262 1868 5316 zeugme—
1990 5246 2278 5318 hyperbo-
2377 5246 2659 5317 hyperbo-
2797 5245 3005 5317 hyper-

867 5332 1092 5371 menon.
1252 5333 1476 5371 menon.
1608 5332 1743 5374 non.
1991 5317 2140 5372 leon.
2379 5317 2528 5376 leon.
2798 5315 3019 5372 boleon.

567 5532 612 5597 ἡ.
953 5546 1003 5584 c.
1342 5529 1397 5583 d.
1733 5544 1780 5583 e.
2115 5530 2155 5582 t.
2496 5548 2553 5601 g.
2880 5543 2931 5581 a.

694 5629 839 5684 dis
904 5658 934 5672 -
999 5630 1153 5685 iun
1220 5657 1247 5670 -
1312 5658 1340 5671 -
1406 5637 1606 5684 ctaa.
2194 5630 2841 5684 excellentes.

1958 1811 2322 1881 principalem
2346 1810 2759 1880 principalium,
2794 1811 2925 1881 quia
2945 1816 3031 1865 est
3042 1812 3208 1881 juxta
3228 1812 3343 1866 B.D
3364 1821 3554 1867 autem

1960 1900 2166 1954 dicitur
2196 1900 2449 1954 lichanos
2480 1900 2749 1970 hypaton,
2782 1899 2839 1952 id
2869 1906 2972 1964 est,
3006 1900 3257 1970 digitalis
3285 1901 3562 1972 principa-

1960 1990 2120 2053 lium,
2144 1996 2202 2044 et
2229 1990 2434 2044 dicitur
2462 1988 2726 2059 digitalis,
2763 1989 2921 2059 quasi
2951 1988 3268 2046 discretiva.
3304 1989 3435 2060 quia
3462 1989 3559 2043 di-

1961 2077 2187 2137 scernit.
2217 2077 2273 2130 id
2302 2082 2406 2141 est,
2440 2082 2699 2147 segregat
2728 2076 3064 2147 principales
3095 2093 3130 2130 a
3150 2077 3369 2131 mediis‘.
3397 2077 3440 2131 E
3467 2092 3557 2131 vo-

1960 2172 2121 2219 catur
2146 2166 2354 2251 hypate
2387 2182 2598 2230 meson,
2620 2164 2676 2218 id
2701 2170 2804 2227 est,
2830 2166 2992 2234 juxta
3039 2165 3405 2235 principalem
3435 2182 3556 2247 me-

1960 2254 2203 2307 diarum.
2234 2244 2305 2307 'G
2343 2252 2596 2307 lichanos
2639 2269 2853 2319 meson,
2890 2253 2947 2306 id
3005 2257 3114 2317 est,
3159 2254 3404 2325 digitalis
3446 2244 3561 2308 me-

1960 2342 2200 2397 diarum.
2238 2340 2314 2396 Et
2342 2343 2446 2396 hoc
2465 2359 2672 2396 nomen
2693 2342 2818 2396 ideo
2839 2341 3027 2408 habet,
3053 2343 3182 2412 quia
3208 2342 3331 2414 ipsa
3360 2358 3474 2396 una
3493 2357 3559 2397 ex

1962 2432 2159 2485 mediis
2189 2432 2457 2485 discernit
2483 2432 2751 2502 capitales
2781 2436 2943 2485 notas
2972 2448 3004 2484 a
3026 2431 3556 2503 minutis.Sequitur

1959 2537 1995 2573 a
2018 2538 2140 2591 quae
2168 2528 2397 2574 vocatur
2424 2537 2598 2584 mese,
2631 2520 2686 2573 id
2715 2526 2802 2573 est
2829 2520 3034 2583 media,
3067 2520 3282 2575 scilicet
3331 2521 3482 2576 inter
3507 2520 3558 2575 A

1960 2610 2278 2681 capitalem,
2307 2615 2363 2664 et
2392 2603 2780 2686 :duplicatam
2805 2629 2817 2677 ;
2843 2610 2997 2664 nulla
3022 2610 3232 2663 etenim
3257 2617 3389 2665 nota
3409 2609 3560 2682 apud

1960 2697 2294 2752 vetustiores
2323 2704 2412 2751 ter
2439 2699 2734 2769 repetitur,
2769 2698 2880 2751 nisi
2910 2698 3035 2752 ista.
3071 2698 3421 2762 Quadratum
3452 2715 3559 2752 au-

1961 2791 2076 2839 tem
2106 2787 2132 2855 η
2164 2791 2522 2856 nuncupatur
2558 2802 2867 2855 paramese,
2902 2785 2959 2838 id
2988 2792 3093 2850 est,
3108 2785 3270 2855 juxta
3290 2785 3555 2851 mediam,

1961 2874 2172 2928 scilicet
2196 2891 2247 2927 a.
2284 2874 2494 2928 Deinde
2523 2891 2575 2942 c,
2600 2874 2694 2945 qui
2723 2874 3554 2944 vocaturtritediezeugmenon,

1961 2962 2019 3016 id
2046 2968 2150 3029 est,
2181 2963 2351 3016 tertia
2378 2963 2807 3033 disjunctarum,
2840 2962 2988 3033 quod
3020 2979 3223 3017 nomen
3254 2962 3426 3017 habet
3453 2980 3555 3034 per

1961 3057 2364 3122 praeposterum
2397 3052 2649 3106 ordinem
2680 3052 3183 3107 numerandi.Cum
3207 3052 3358 3107 enim
3379 3058 3507 3124 post
3527 3070 3558 3109 c

1962 3141 2037 3194 sit
2065 3141 2119 3206 d,
2153 3148 2209 3195 et
2236 3141 2415 3212 postd
2446 3142 2519 3194 sit
2546 3158 2608 3209 e;
2636 3141 2684 3195 si
2714 3142 2865 3196 dicas
2895 3158 2926 3196 e
2969 3142 3232 3213 primam,
3267 3141 3304 3195 d
3356 3159 3558 3197 secun-

1965 3230 2114 3296 dam,
2150 3247 2180 3283 c
2210 3230 2319 3284 erit
2347 3230 2542 3294 tertia;
2571 3231 2719 3301 quod
2743 3238 2932 3285 autem
2963 3230 3203 3285 dicimus
3227 3231 3397 3285 tertia
3451 3230 3562 3286 dis-

1961 3322 2308 3390 junctarum,
2338 3324 2559 3372 tantum
2608 3320 2755 3373 valet
2805 3336 2870 3373 ac
2919 3319 2966 3373 si
3007 3319 3338 3386 diceremus,
3361 3320 3560 3375 unade

1966 3408 2168 3474 tribus,
2203 3424 2327 3478 quae
2357 3408 2624 3461 dicuntur
2652 3408 2963 3478 disjunctae.
2994 3409 3130 3463 Post
3150 3409 3295 3464 hanc
3321 3409 3471 3463 enim
3502 3408 3561 3476 d,

1967 3513 2090 3567 quae
2128 3497 2331 3550 dicitur
2362 3501 2630 3567 paranete
2666 3497 3124 3568 diezeugmenon,
3157 3497 3213 3552 id
3261 3503 3368 3567 est,
3401 3498 3564 3569 juxta

1968 3585 2227 3639 ultimam
2250 3585 2677 3655 disjunctarum,
2716 3586 2850 3656 quia
2873 3591 2959 3639 est
2981 3586 3142 3656 juxta
3170 3603 3221 3650 e,
3252 3604 3375 3658 quae
3398 3604 3562 3643 voca-

1968 3679 2063 3728 tur
2093 3679 2221 3728 nete
2250 3674 2726 3745 diezeugmenon:
2761 3675 3167 3745 interpretatur
3207 3684 3395 3731 autem
3436 3680 3566 3732 nete

1967 3763 2169 3816 ultima
2189 3763 2627 3833 diezeugmenon
2649 3763 2752 3834 disj
2766 3764 3355 3836 unctarum.Sequitur
3370 3765 3407 3832 f,
3433 3765 3565 3820 trite

1970 3850 2369 3922 hyperboleon,
2402 3852 2457 3904 id
2483 3858 2567 3905 est
2604 3852 2774 3905 tertia
2799 3852 3188 3907 excellentium
3216 3872 3229 3919 ;
3289 3870 3400 3924 quo
3461 3871 3566 3909 no-

1969 3938 2120 3992 mine
2146 3939 2295 3993 idem
2316 3939 2671 3993 sentiendum
2702 3946 2805 4006 est,
2840 3941 2987 4010 quod
3017 3941 3086 3994 de
3114 3957 3144 3994 c
3165 3941 3568 3997 diximus.Post

1969 4029 1998 4082 f
2010 4029 2193 4082 locata
2221 4033 2307 4081 est
2332 4045 2389 4097 g,
2428 4045 2550 4098 quae
2602 4028 2807 4082 dicitur
2842 4034 3111 4098 paranete
3157 4029 3560 4100 hyperboleon,

1966 4117 2023 4171 id
2053 4117 2316 4186 est,juxta
2346 4117 2607 4170 ultimam
2636 4116 3026 4171 excellentium
3051 4135 3064 4184 ;
3089 4117 3222 4203 quia
3241 4123 3328 4171 est
3334 4119 3499 4189 juxta
3516 4112 3565 4203 ξ,

1970 4223 2092 4276 qua:
2113 4211 2345 4259 vocatur
2362 4211 2491 4259 nete
2520 4204 2923 4276 hyperboleon,
2954 4205 3010 4259 id
3040 4211 3126 4259 est
3153 4200 3355 4260 ultima
3385 4200 3566 4260 excel-l

1970 4294 2230 4349 lentium.
2264 4295 2338 4349 Ut
2364 4296 2553 4348 autem
2588 4293 2972 4348 manifestiora
2999 4293 3130 4360 sint,
3157 4311 3280 4365 quae
3301 4294 3563 4363 diximus,

1972 4389 2223 4437 veterum
2247 4383 2589 4438 musicorum
2617 4383 2975 4438 tetrachorda
3001 4400 3129 4438 cum
3155 4383 3436 4439 vocabulis
3465 4401 3567 4440 su-

1971 4472 2298 4544 prascriptis
2326 4470 2686 4543 subjecimus.

2760 4625 3034 4680 Lichanos
3086 4625 3097 4682 |
3190 4625 3364 4682 Mess.

2804 4711 2999 4752 meson

2009 4625 2232 4695 Hypate

2027 4712 2223 4750 meson

2368 4625 2648 4695 Parypate

2413 4711 2611 4750 meson

2095 4977 2157 5031 E.
2312 4977 2323 5036 Ι
2473 4978 2533 5033 F.
2700 4977 2718 5036 I
2867 4979 2936 5035 G.
3088 4977 3100 5036 I
3273 4999 3307 5036 a

2348 5092 2711 5131 me--
2805 5076 3143 5133 di-ae.

2386 5176 2663 5229 Paranete
2707 5176 2718 5229 Ι
2834 5176 2979 5229 Nete

2377 5246 2659 5317 hyperbo-
2707 5245 2717 5317 |
2797 5245 3005 5317 hyper-

2379 5315 2528 5376 leon.
2706 5315 2718 5376 Ι
2798 5315 3019 5372 ὒοῐθοη.

2055 5176 2208 5230 Trite

1990 5246 2278 5318 hyperbo-

1991 5317 2140 5372 leon.

2115 5473 2935 5601 t.|g.|;.

2194 5630 2841 5684 excellentes.
