4016 6178
536 390 677 450 1419

1943 394 1970 447 J
1981 433 1992 445 .
2036 392 2410 448 COTTONIS.

3637 395 3751 452 1430

532 517 590 573 id
611 517 1014 590 providendum
1043 524 1147 581 est,
1181 524 1245 573 ut
1264 520 1322 573 in
1342 521 1522 574 acutis
1548 518 1787 572 maxime
1807 522 2120 578 versentur,
2142 523 2190 580 Α
2209 533 2304 570 eos
2331 533 2362 570 a
2386 516 2543 570 finali
2571 515 2765 570 crebro
2797 533 2897 588 per
2916 517 3180 588 diapente
3194 519 3397 588 deponi
3413 524 3468 574 et
3483 520 3680 584 elevari,
3699 522 3748 575 in

536 612 594 660 et
621 612 916 677 postquam
946 605 1004 658 in
1035 605 1234 676 quinta
1262 625 1296 661 a
1336 608 1489 661 ﬁnali
1520 608 1604 661 bis
1636 607 1717 660 vel
1745 613 1830 659 ter
1862 623 2124 676 pausave-

533 692 668 756 rint,
715 693 941 746 finalem
984 693 1313 763 requirant;
1350 712 1658 766 rursusque
1691 694 1761 747 ad
1809 694 2126 764 superiores

532 781 850 835 festinando
886 798 946 835 se
974 783 1336 849 transferant,
1389 785 1522 854 quia
1571 785 1720 837 sicut
1741 783 2123 852 subjugalium

533 875 620 923 est
640 869 878 922 maxime
898 869 955 922 in
975 869 1256 939 gravibus,
1282 873 1359 925 ita
1379 873 1776 926 authentorum
1812 871 2051 924 maxime
2067 871 2124 924 in

529 957 713 1012 acutis
738 959 1072 1012 conversari.
1110 959 1288 1028 Hujus
1330 978 1460 1014 vero
1503 960 1760 1031 praecepti
1804 961 2121 1030 exemplum

531 1044 707 1100 habes
732 1045 790 1099 in
821 1046 926 1099 hac
953 1046 1183 1116 Antiph.
1215 1051 1543 1102 Muneribus
1591 1051 1752 1101 dat-is.
1807 1048 2122 1102 Observan-

531 1133 668 1189 dum
689 1134 859 1188 etiam
889 1133 958 1187 de
982 1133 1263 1205 diapente,
1294 1144 1359 1190 ut
1386 1137 1441 1190 in
1472 1137 1714 1190 melodia
1743 1136 2123 1206 subjugalium

531 1239 569 1278 a
595 1223 752 1278 ﬁnali
783 1239 1073 1294 nunquam
1100 1224 1518 1295 ad‘superiores
1544 1225 1740 1293 saliat;
1774 1226 2123 1280 diatessaron

529 1328 662 1367 vero
690 1327 862 1382 supra
889 1317 945 1364 et
969 1311 1116 1365 infra
1142 1311 1314 1366 libere
1344 1314 1460 1367 ﬁat.
1480 1314 1677 1377 Quarti
1709 1319 1899 1368 tamen
1926 1321 2124 1370 cantus

530 1417 634 1472 per
661 1400 924 1470 diapente
974 1401 1380 1471 competentior
1428 1419 1597 1473 quam
1635 1419 1738 1473 per
1775 1403 2124 1458 diatessaron

531 1488 702 1553 cadit,
750 1492 808 1541 et
863 1488 1127 1557 resurgit.
1171 1489 1286 1542 Nec
1325 1489 1552 1554 mirum,
1597 1507 1723 1544 cum
1763 1498 1820 1545 et
1869 1492 2123 1562 magistri

529 1576 703 1648 hujus
732 1576 1026 1630 harmonia
1067 1577 1270 1648 sa'pius
1295 1584 1351 1632 et
1378 1579 1582 1632 melius
1612 1580 1681 1632 ad
1709 1587 1918 1634 sextam
1953 1598 2121 1651 quam

529 1665 603 1720 ad
632 1664 888 1737 quintam
932 1665 1260 1720 intendatur
1307 1673 1362 1722 et
1409 1667 1751 1723 remittatur.
1799 1670 2121 1724 Notandum

529 1753 929 1826 quoque,quod
941 1753 1000 1808 in
1016 1754 1272 1811 cantibus
1287 1757 1689 1812 authentorum
1706 1759 2013 1828 plurimum
2025 1759 2118 1827 sit,

2208 607 2376 659 tertio
2406 605 2460 658 id
2487 605 2875 659 inconcinnius
2907 613 3009 668 est,
3039 607 3136 660 sed
3168 607 3222 661 in
3248 608 3441 678 quinto
3469 609 3751 664 decentissi-

2209 710 2384 746 mum.
2439 694 2503 747 ln
2555 711 2664 764 quo
2709 703 2766 748 et
2811 695 2914 748 hoc
2958 697 3181 749 ornatui
3230 701 3336 760 est,
3379 697 3424 750 si
3468 698 3750 769 plerumque

2208 791 2405 836 cantus
2437 783 2556 851 ejus
2597 800 2631 836 a
2678 784 2830 836 ﬁnali
2864 800 2964 854 per
2992 785 3270 846 ditonum,
3303 791 3361 839 et
3398 785 3750 841 semiditonum

2207 878 2421 941 surgat,
2471 879 2535 924 ut
2576 878 2731 941 patet
2773 872 2830 925 in
2867 875 2999 927 Ant.
3046 876 3420 941 Paganorum.
3457 875 3562 928 Hoc
3589 883 3745 929 autem

2204 966 2544 1030 praeceptum
2575 960 2644 1014 de
2676 961 2928 1031 utrisque
2973 961 3211 1015 breviter
3257 962 3476 1024 damus,
3509 971 3566 1016 ut
3587 971 3750 1018 cantus

2206 1047 2582 1118 subjugalium
2618 1055 2676 1102 et
2711 1049 2858 1102 infra
2882 1050 3108 1104 finalem
3139 1057 3195 1105 et
3222 1068 3392 1122 supra
3422 1051 3652 1122 quintam
3676 1070 3749 1106 ra-

2207 1136 2429 1190 rissime
2452 1137 2766 1208 contingat:
2786 1138 2926 1192 infra
2942 1145 3174 1210 propter
3192 1141 3427 1194 nimiam
3444 1141 3747 1212 gravitatem,

2209 1241 2378 1295 supra
2404 1234 2634 1297 propter
2661 1227 2894 1280 nimiam
2911 1229 3298 1294 sonoritatem,
3319 1245 3390 1284 ne
3410 1231 3657 1284 authento
3672 1231 3752 1284 tri-

2205 1312 2430 1368 buatur.
2463 1316 2676 1370 Cantus
2708 1333 2837 1370 vero
2859 1317 3274 1388 principalium,
3299 1319 3348 1372 si
3370 1335 3482 1373 non
3501 1319 3568 1372 sit
3583 1319 3748 1389 quinti,

2206 1403 2276 1456 ad
2307 1403 2619 1474 proximam
2650 1405 2806 1458 ﬁnali
2836 1406 3186 1476 deponatur:
3211 1407 3282 1460 ad
3321 1412 3570 1461 octavam
3595 1413 3753 1462 autem

2206 1498 2321 1546 tam
2355 1493 2584 1563 quintus
2614 1509 2782 1564 quam
2814 1494 2911 1548 alii
2945 1495 3281 1566 principales
3311 1501 3567 1566 potenter
3589 1512 3751 1550 ascen-

2206 1581 2362 1645 dant,
2381 1582 2480 1636 sed
2500 1598 2706 1636 nonam
2719 1583 2803 1637 vel
2823 1583 3098 1637 decimam
3127 1584 3414 1640 rarissime
3445 1586 3751 1656 contingant;

2206 1671 2354 1742 quod
2378 1676 2434 1726 te
2463 1671 2580 1727 hzec
2607 1672 2788 1742 figura
2816 1672 3131 1728 luculenter
3164 1673 3377 1730 edocet.

2003 2280 2048 2337 .1
2127 2211 2461 2356 ΙὝΓ

1834 2315 1880 2370 ἰ]
2251 2319 2285 2359 e
2334 2348 2349 2363 .

1729 2335 1840 2423 εδδ
2444 2296 2509 2422 /
2557 2384 2612 2436 θ

1476 2448 1634 2588 \Q’
1750 2470 1753 2471 ν
1795 2455 1947 2542 ςὶθῶχ

1427 2588 1485 2639 Δ
2804 2673 2844 2715 ᾧ
2864 2635 2925 2755 :0

1334 2744 1395 2803 ᾧ

1306 2809 1360 2858 o
1480 2804 1533 2851 ἢ
3018 2823 3024 2830 -

1287 2859 1328 2893 ὼ
1433 2837 1516 2943 ἐξ.
2029 2918 2076 2971 ιλ
2207 2915 2282 2982 VII

1231 3015 1304 3049 ιιι
1403 3000 1442 3050 εἶ’
2159 2975 2279 3040 \-
2805 2978 2844 3029 ε
2947 2975 3005 3003 ψ

1847 3165 1934 3185 -ο
2056 3143 2199 3189 MODI
2333 3152 2336 3160 ί

1207 3357 1334 3444 ’6
1496 3317 1873 3505 /
1926 3318 2142 3450 {an
2200 3369 2231 3413 κ
2795 3285 2849 3394 ἕ
2934 3325 3014 3416 '5"

1282 3447 1354 3543 ’ἒ
1442 3447 1488 3499 νδ
2075 3447 2114 3457 ‘

1500 3545 1568 3617 τι.
2649 3530 2756 3630 Ns

1551 3611 1584 3642 ο
1618 3679 1716 3768 "to
2636 3619 2693 3660 ἡ

1802 3777 1812 3788 ,
2519 3744 2550 3776 0

1765 3770 1912 3864 [Mere
1970 3850 2077 3900 raro
2186 3842 2332 3896 ιὶὶιθῗο
2449 3757 2524 3823 τις
2550 3859 2624 3939 οἱ

580 4477 1157 4534 Animadvertendum
1193 4481 1485 4548 praeterea,
1525 4474 1674 4547 quod
1711 4476 2018 4530 maximam
2049 4471 2439 4539 inBscendat,
2497 4488 2597 4543 per
2652 4472 2878 4527 easdem
2929 4471 3122 4526 statim
3176 4469 3466 4538 ascendat,
3525 4476 3589 4526 ut
3633 4467 3716 4522 hic
3760 4485 3769 4519 :

409 4596 415 4600 -
510 4575 681 4624 cantu
705 4567 1120 4638 jucunditatem
1160 4566 1373 4620 faciunt
1424 4567 1544 4620 istae
1574 4565 1698 4619 duae
1727 4565 2108 4619 consonantia:

509 4656 858 4710 diatessaron
909 4661 967 4709 et
1015 4655 1296 4725 diapente,
1349 4654 1395 4708 si
1448 4653 1843 4708 convenienter
1884 4653 1942 4706 in
1991 4652 2106 4707 suis

509 4743 646 4798 locis
656 4743 1047 4814 disponantur;
1063 4742 1355 4812 pulchrum
1370 4758 1614 4812 namque
1623 4757 1823 4796 sonum
1836 4741 2100 4805 reddunt,

507 4835 558 4888 si
593 4833 831 4886 remissa
875 4831 1232 4902 aliquotiens.
1278 4831 1470 4885 statim
1520 4831 1578 4884 in
1621 4831 1830 4884 eisdem
1877 4829 2102 4884 vocibus

508 4923 817 4987 elevantur;
837 4919 1313 4990 quemadmodum
1333 4920 1558 4991 patetin
1578 4919 1794 4990 antiph.
1813 4919 1917 4972 Vox
1929 4921 2099 4972 emult.

510 5012 917 5067 Verumtamen
965 5007 1313 5063 diatessaron
1357 5009 1534 5062 multo
1580 5007 1884 5062 dulciorem
1925 5007 2103 5062 melo-

505 5101 656 5156 diam
678 5100 912 5171 facit,_et
931 5097 1171 5152 maxime
1192 5097 1249 5151 in
1278 5098 1550 5151 authento
1579 5097 1831 5161 deutero,
1858 5097 1908 5150 si
1928 5095 2104 5150 inter-

504 5189 640 5244 dum
658 5193 749 5243 ter
768 5187 852 5241 vel
883 5191 1102 5257 quater,
1125 5185 1211 5240 vel
1231 5201 1296 5239 eo
1317 5185 1562 5255 amplius
1585 5185 1732 5239 varie
1753 5185 2102 5255 repercutia-

500 5283 598 5334 tur
621 5277 795 5332 :sicut
810 5276 867 5330 in
888 5276 998 5330 ﬁne
1020 5275 1188 5345 hujus
1226 5273 1545 5344 antiphonae
1575 5292 1586 5327 :
1615 5275 1655 5328 0
1676 5275 1983 5342 gloriosum
2019 5277 2101 5328 lu-

501 5383 654 5436 men,
682 5365 825 5420 bene
854 5363 1232 5419 consideranti
1261 5363 1442 5434 liquet
1463 5365 1570 5416 hoc
1598 5362 1764 5416 modo
1789 5362 1895 5429 (15)
1922 5380 1933 5414 :

717 5454 853 5521 Quos
883 5456 1060 5521 fecisti
1084 5454 1334 5506 veritatis
1360 5455 1548 5505 lumen
1571 5466 1876 5518 agnoscere.

2191 4563 2415 4617 aaeF

2191 4580 2225 4617 a
2322 4579 2414 4616 er

2191 4581 2395 4706 Mesruit
2427 4579 2620 4704 clgziz'na
2651 4651 3000 4706 reuelatione.
3049 4650 3192 4704 Item
3240 4649 3677 4704 decentissimus
3720 4647 3772 4700 in

2189 4745 2357 4794 cantu
2388 4756 2558 4793 sonus
2583 4745 2688 4803 est,
2718 4738 2765 4792 si
2790 4739 3141 4792 diatessaron
3172 4737 3463 4792 interdum
3505 4739 3586 4793 ita
3619 4737 3774 4789 varie-

2185 4835 2300 4892 tur,
2316 4834 2380 4882 ut
2403 4827 2771 4882 semiditonus
2791 4827 2876 4881 vel
2896 4827 3122 4882 ditonus
3148 4843 3297 4881 nunc
3318 4827 3624 4898 praecedat,
3641 4839 3774 4880 nunc

2186 4917 2582 4988 subsequatur,
2609 4923 2672 4971 ut
2700 4917 2806 4970 hoc
2837 4916 3089 4987 exemplo
3121 4916 3491 4971 manifestum
3517 4922 3605 4971 est
3629 4933 3641 4968 :

2258 5008 2428 5062 Hodie
2451 5021 2638 5073 procas
2712 5035 2740 5046 -
2816 5033 2843 5045 -
2917 5009 2988 5058 sit
3014 5005 3090 5058 ad
3121 5010 3329 5059 ortum.

2187 5095 2332 5150 Sunt
2359 5101 2416 5148 et
2435 5093 2558 5148 alia;
2584 5093 2908 5148 modulandi
2939 5093 3151 5164 species
3171 5095 3613 5164 quamplurima:
3632 5108 3770 5164 egre-

2183 5183 2309 5254 giae.
2345 5199 2484 5254 quas
2513 5198 2725 5245 omnes,
2773 5199 2843 5236 ne
2879 5181 3110 5237 taedium
3144 5182 3330 5252 potius
3370 5199 3547 5253 quam
3580 5179 3774 5237 doctri-

2183 5289 2315 5327 nam
2360 5271 2660 5326 lectoribus
2689 5270 3034 5340 ingeramus,
3079 5285 3345 5323 enarrare
3387 5287 3509 5324 non
3540 5275 3768 5341 oportet.

2182 5361 2394 5415 Cantus
2423 5365 2610 5414 autem
2643 5357 2963 5427 bujusmodi
2997 5357 3196 5411 musici
3227 5364 3526 5413 accuratas
3564 5362 3767 5422 vocant,

2181 5449 2330 5519 quod
2361 5449 2418 5502 in
2459 5463 2650 5501 eorum
2681 5447 3084 5512 compositione
3113 5462 3250 5500 cura
3277 5446 3641 5502 adhibeatur.
3670 5448 3773 5500 Hos

569 5546 712 5602 Item
744 5543 1000 5615 pulcrum
1031 5549 1135 5608 est,
1171 5541 1218 5594 si
1258 5557 1357 5611 per
1391 5556 1533 5611 quas
1573 5544 1736 5594 notas
1763 5555 1969 5593 neuma
1994 5539 2094 5594 de-
2175 5538 2346 5593 etiam
2385 5538 2648 5593 metricos
2678 5553 2777 5608 per
2809 5535 3236 5592 similitudinem
3280 5537 3593 5609 appellant,
3627 5533 3767 5607 quod

573 5702 681 5775 (15)
712 5701 928 5760 Desunt
957 5707 1105 5760 notae
1133 5699 1374 5759 musicae.
