4016 6178
266 402 397 461 1421

260 546 420 587 more
447 535 759 589 metrorum
788 535 956 590 certis
980 534 1199 607 legibus
1219 536 1608 609 dimetiantur,
1637 546 1702 597 ut
1731 545 1864 598 sunt

262 620 644 676 Ambrosiani.

259 726 380 779 XX.
414 728 667 794 Qualiter
698 744 800 798 per
837 731 1042 785 vocales
1087 737 1284 786 cantus
1315 741 1545 802 possunt
1589 740 1854 806 componi.

332 832 534 888 Adhuc
580 840 638 888 et
683 835 854 890 aliam
904 838 1231 893 modulandi
1289 846 1668 896 monstramus
1712 842 1860 898 viam

259 921 556 992 pulchram
605 939 761 989 sane,
811 926 909 980 sed
958 932 1089 981 ante
1150 927 1462 983 Guidonem
1509 930 1858 986 inusitatam.

261 1009 530 1080 Inprimis
577 1010 636 1065 in
686 1013 845 1084 cujus
895 1015 1014 1069 toni
1061 1023 1290 1071 cantum
1345 1034 1679 1089 componere
1728 1021 1862 1076 velis

257 1102 448 1152 tecum
491 1099 772 1155 destinato
816 1121 829 1156 :
873 1109 932 1157 et
959 1105 1207 1176 quinque
1254 1107 1404 1160 tonis
1455 1124 1581 1162 cum
1627 1110 1862 1164 totidem

263 1184 556 1241 vocalibus
595 1206 698 1260 per
737 1191 988 1246 ordinem
1034 1195 1428 1266 suprascriptis
1456 1197 1657 1251 collato
1688 1198 1746 1252 in
1776 1204 1865 1252 ta-

262 1272 436 1339 bulis,
487 1281 545 1330 et
588 1279 897 1335 secundum
945 1282 1094 1352 quod
1142 1288 1198 1337 te
1245 1283 1598 1355 singularum
1647 1289 1864 1342 vocales

265 1363 533 1505 dutierint
587 1367 953 1438 syllabarum,
1010 1372 1260 1427 canendo
1317 1373 1426 1428 rite
1478 1375 1704 1431 incedas
1759 1377 1864 1432 hoc

265 1467 360 1505 mo
402 1469 474 1505 οε

262 1467 436 1507 moao
461 1473 474 1506 ε

338 1539 486 1596 Item
514 1543 747 1602 alterius
775 1548 928 1603 modi
956 1565 1058 1621 per
1085 1550 1323 1606 eandem
1353 1553 1608 1622 regulam
1632 1554 1676 1608 F
1704 1554 1752 1609 G
1774 1555 1869 1627 Ah
1896 1573 1946 1611 c.

2457 1805 2549 1853 tus
2958 1816 3052 1854 sus
3452 1816 3491 1855 u

2642 1903 2865 1952 nostros
3458 1913 3492 1951 ο

982 1989 1026 2044 ti
1526 1992 1546 2046 i
1889 1993 1933 2048 ti
2350 1996 2430 2049 mi
3110 1995 3160 2051 ci
3463 1993 3483 2048 i

600 2101 692 2139 cer
1109 2093 1222 2142 stes
1401 2089 1483 2143 De
2022 2108 2094 2146 ne
2235 2109 2306 2162 ge
3188 2110 3294 2164 pe,
3341 2098 3399 2147 et
3462 2107 3494 2145 e

456 2181 532 2236 Sa
847 2185 936 2238 An
1717 2187 1840 2242 Mar
3444 2204 3507 2281 Ξ

618 2380 714 2435 dul
1535 2364 1550 2377 '
1878 2365 1885 2378 '
1942 2366 2006 2378 "
2989 2385 3092 2440 bus
3441 2367 3512 2439 ἰἷ

354 2456 3409 2479 —__.__._._____.._._________.________._____________
3463 2499 3496 2537 ο

489 2576 549 2630 in
945 2579 990 2632 ti
1310 2580 1388 2634 im
2456 2582 2512 2651 gi
2869 2579 2914 2636 ti
3465 2581 3486 2634 i

360 2655 1799 2749 ——§5n—_—_p-e-——
1886 2696 2109 2751 semper
3185 2687 3242 2736 te
3468 2693 3499 2731 θ

1054 2793 1146 2829 am
1614 2784 1706 2832 tra
2273 2779 2348 2832 ﬂa
2600 2785 2698 2830 tan
3463 2795 3498 2831 a

489 2576 549 2630 in
945 2579 990 2632 ti
1310 2580 1388 2634 im

275 2657 1528 2749 F__E5n———35

1054 2793 1146 2829 am
1614 2784 1706 2832 tra

1744 417 2033 474 MUSIGA.

1886 2696 2109 2751 semper

3397 419 3536 479 1422

3228 581 3290 630 tu
3418 581 3493 630 lu

2519 686 2579 722 80
3335 686 3427 727 OSI
3461 688 3494 724 0

1943 762 1990 820 F
2186 767 2235 820 ri
2431 767 2480 821 ri
2603 769 2671 823 lis
2961 771 2999 824 li
3337 762 3342 763 ν
3397 762 3483 824 ³Ιὶ

2329 882 2393 920 ve
2829 875 2918 923 ter
3025 867 3092 922 be
3415 867 3426 923 Ι
3459 884 3491 922 e

2092 962 2179 1015 Ma
2256 980 2290 1016 a
2716 982 2808 1018 ma
3127 983 3191 1019 ra
3415 962 3425 1054 Ι
3435 981 3509 1054 _a_

2065 1142 3506 1231 ETw—I71-

2923 1277 2956 1314 0
3188 1278 3220 1315 ο
3415 1275 3486 1315 10

2029 1335 3428 1410 _—i§hni__—""'ti——u—l
3458 1355 3479 1410 i

3461 1470 3492 1506 e

3457 1566 3493 1603 a

2201 1353 2280 1424 pli
2461 1354 2521 1407 in
2842 1355 2885 1408 ti
3100 1356 3145 1409 ti
3458 1355 3479 1410 i

2328 1468 2419 1505 ces
2563 1469 2656 1505 ces
3301 1468 3373 1505 ne
3416 1347 3434 1624 1
3461 1470 3492 1506 e

2705 1566 2807 1604 san
3007 1566 3074 1604 ra
3457 1566 3493 1603 a

3185 2687 3242 2736 te

3452 1816 3491 1855 u

3458 1913 3492 1951 ο

3463 1993 3483 2048 i

3462 2107 3494 2145 e

3461 2204 3494 2241 a

3441 2367 3512 2439 ἰῖ

3463 2499 3496 2537 o

3465 2581 3486 2634 i

3468 2693 3499 2731 e

3463 2795 3498 2831 a

2463 1805 2549 1853 tus
2958 1816 3052 1854 sus
3452 1816 3491 1855 u

2463 1878 2476 1893 ’
2642 1903 2865 1952 nostros
3458 1913 3492 1951 ο

3110 1995 3160 2051 ci
3463 1993 3483 2048 i

3188 2110 3294 2164 pe,
3341 2098 3399 2147 et
3462 2107 3494 2145 e

2463 2173 3414 2185 ..________
3461 2204 3494 2241 a

2989 2385 3092 2440 bus
3441 2367 3512 2439 ἶ

2463 2463 3409 2479 __....._____________
3463 2499 3496 2537 ο

2463 2582 2512 2651 gi
2869 2579 2914 2636 ti
3465 2581 3486 2634 i

3185 2687 3242 2736 te
3468 2693 3499 2731 e

2600 2785 2698 2830 tan
3463 2795 3498 2831 a

2273 2779 2348 2832 ﬂa

266 2927 549 2993 Quoniam
598 2931 788 2980 autem
835 2925 962 2991 ista,
1009 2942 1178 2996 quam
1225 2927 1503 2991 dedimus,
1538 2927 1862 2983 modulandi
1883 2930 1929 2990 B
1949 2926 2059 2995 (17)
2086 2929 2336 2982 Nuntius
2357 2930 2490 2982 celso
2512 2932 2732 2983 veniens
2753 2931 2969 2998 olympo
2991 2934 3037 2982 te
3059 2931 3354 2997 patrinum
3385 2945 3536 2999 mag.

262 3016 466 3088 regula
491 3015 678 3070 minus
698 3014 893 3069 stricta
912 3014 1211 3080 videretur,
1236 3017 1479 3087 qualiter
1493 3017 1759 3071 laxiorem
1781 3022 1864 3071 at-

267 3121 379 3176 que
417 3103 738 3158 liberiorem
769 3104 1137 3174 componendi
1168 3104 1312 3158 viam
1334 3111 1396 3158 tu
1425 3105 1604 3175 possis
1635 3121 1854 3175 parare,

266 3193 648 3248 edocebimus.
686 3192 927 3263 Dispone
957 3209 1074 3254 sex,
1121 3195 1205 3247 vel
1236 3200 1379 3259 octo,
1417 3195 1500 3247 vel
1531 3195 1701 3248 etiam
1733 3195 1863 3265 plu-

258 3298 376 3347 res,
411 3283 459 3336 si
488 3282 684 3347 libeat,
707 3297 808 3352 per
829 3281 1082 3335 ordinem
1101 3287 1280 3346 notas,
1315 3283 1507 3353 eisque
1527 3284 1744 3337 vocales
1765 3284 1864 3338 du-

255 3371 486 3443 pliciter
508 3370 814 3436 adscribas,
860 3371 942 3424 ita
987 3371 1216 3436 scilicet,
1263 3378 1330 3426 ut
1373 3372 1676 3445 unicuique
1716 3371 1864 3428 nota

257 3459 409 3515 duas
437 3460 690 3515 seriatim
719 3458 996 3513 attribuas
1019 3460 1124 3514 hoc
1154 3461 1318 3515 modo
1345 3461 1460 3532 (16)
1485 3479 1497 3514 :

680 3548 1443 3604 iouaeiou

677 3635 1441 3696 FGabc‘def

682 3723 1444 3780 ouaeioua

344 3815 451 3870 Vos:
469 3815 767 3868 clamantis
787 3815 850 3866 in
873 3814 1096 3879 deserto,
1126 3819 1329 3881 parate
1356 3816 1508 3870 viam
1535 3816 1788 3885 Domino,

331 3904 523 3957 Rectus
547 3904 714 3970 facite
733 3904 954 3956 semitas
978 3903 1076 3955 Dei
1095 3905 1287 3956 nostri.

326 3990 478 4044 Vide
506 3997 718 4056 autem,
744 4006 815 4044 ne
837 3995 894 4044 te
919 3989 1049 4052 ista,
1077 4006 1246 4061 quam
1275 3992 1668 4062 praemisimus,
1695 4011 1862 4050 voca-

244 4080 406 4136 lium
446 4078 740 4150 dispositio
769 4079 839 4133 ad
863 4079 968 4134 hoc
998 4079 1247 4145 inducat,
1280 4086 1345 4134 ut
1377 4099 1473 4136 eas
1502 4099 1726 4154 semper
1761 4101 1862 4139 ne-

241 4167 505 4224 cessario
531 4168 613 4222 ita
640 4168 1017 4240 disponendas
1043 4169 1325 4224 existimes
1357 4188 1368 4220 :
1405 4170 1554 4226 sicut
1583 4173 1730 4227 enim
1751 4173 1864 4245 pic-

1943 3019 2074 3071 Fore
2103 3021 2458 3072 nasciturum
2474 3033 2672 3072 nomen
2683 3023 2732 3071 et
2752 3022 2873 3072 vita:
2882 3021 3076 3071 seriem
3089 3020 3334 3086 gerenda
3348 3021 3542 3074 ordine

3211 3105 3464 3176 [promis.

1944 3193 2184 3247 Possent
2220 3198 2412 3248 tamen
2448 3195 2666 3248 vocales
2704 3194 2804 3248 tali
2843 3194 3008 3248 modo
3043 3195 3215 3248 etiam
3245 3195 3536 3266 triplicari,

1945 3281 2031 3334 vel
2071 3281 2504 3352 quadruplicari,
2555 3282 2663 3336 nisi
2709 3282 2857 3352 quod
2903 3287 3038 3337 tunc
3087 3282 3263 3336 nimia
3290 3283 3542 3340 confusio

1946 3370 2273 3424 modulandi
2302 3371 2618 3425 obsisteret.
2653 3372 2793 3426 Cum
2816 3371 3025 3443 itaque,
3040 3378 3104 3426 ut
3123 3378 3410 3427 ostensum
3433 3379 3539 3442 est,

1946 3465 2144 3514 cantus
2167 3477 2269 3530 per
2297 3462 2512 3514 vocales
2542 3467 2928 3532 componatur,
2953 3462 3135 3532 sitque
3157 3463 3540 3531 manifestum,

1947 3563 2012 3601 ex
2047 3548 2324 3603 vocalibus
2353 3555 2630 3616 constare,
2673 3567 3017 3622 quaecunque
3045 3551 3331 3619 dicuntur,
3353 3551 3544 3607 rectis-

1947 3635 2090 3692 sime
2119 3638 2200 3692 ait
2228 3638 2432 3706 Guido,
2465 3639 2614 3710 quod
2656 3639 2728 3694 ad
2770 3647 2998 3694 cantum
3048 3639 3339 3711 redigatur
3376 3657 3542 3698 omne

1950 3727 2098 3798 quod
2125 3727 2348 3782 dicitur.

2017 3832 2167 3888 XXI.
2193 3835 2338 3902 Quid
2364 3837 2627 3890 utilitatis
2656 3837 2893 3902 afferant
2921 3852 3134 3894 neumae
3160 3853 3196 3893 α
3223 3837 3469 3895 Guidone

2613 3910 2844 3960 inventa:
2856 3951 2871 3965 .

2015 3994 2101 4047 Ne
2147 3994 2290 4049 forte
2336 4010 2467 4049 vero
2511 4000 2734 4049 moveat
2771 3995 3057 4062 lectorem,
3091 3996 3239 4066 quod
3267 3997 3328 4052 in
3354 3997 3538 4069 primo

1945 4082 2192 4152 capitulo
2220 4083 2270 4137 ei
2298 4083 2665 4154 injunximus,
2697 4088 2762 4137 ut
2789 4088 3015 4137 cantare
3045 4100 3144 4154 per
3176 4085 3417 4140 musicas
3445 4103 3538 4141 as-

1945 4177 2228 4225 suesceret
2256 4188 2508 4234 neumas,
2543 4177 2600 4226 et
2627 4172 2697 4226 de
2727 4171 2808 4226 eis
2839 4177 3080 4226 tractare
3109 4172 3399 4245 hucusque
3427 4175 3538 4230 dis-

242 4255 480 4313 toribus
509 4263 679 4328 atque
711 4256 889 4328 poetis
918 4257 1049 4312 licet
1081 4258 1326 4330 incipere
1356 4261 1505 4330 quod
1527 4261 1723 4316 volunt
1745 4283 1758 4322 ;
1782 4262 1860 4316 sic
1883 4255 1920 4264 v
1942 4260 2206 4328 tulimus;
2239 4262 2497 4316 attendat
2542 4261 2691 4332 quod
2733 4277 2846 4314 non
2887 4260 2986 4314 abs
3023 4277 3084 4315 re
3121 4261 3356 4317 fecimus
3385 4281 3397 4317 :
3427 4262 3537 4318 nisi

240 4344 533 4400 nimirum
563 4345 644 4399 sic
672 4345 986 4400 modulanti
1027 4362 1128 4416 per
1170 4347 1387 4401 vocales
1416 4364 1577 4417 aequa
1614 4354 1860 4419 potestas

239 4438 341 4488 est
383 4449 487 4504 pro
517 4433 656 4487 velle
686 4450 789 4488 suo
815 4450 909 4488 eas
940 4433 998 4487 in
1031 4434 1301 4506 principio
1329 4435 1627 4506 disponere
1660 4435 1861 4490 .item-

241 4538 371 4594 que
421 4521 895 4592 quemadmodum
941 4522 1050 4576 illis
1092 4523 1494 4593 providendum
1538 4531 1640 4589 est,
1673 4531 1738 4580 ut
1784 4526 1862 4591 id,

240 4610 414 4683 quod
442 4609 772 4681 inceperunt
802 4611 1110 4682 perﬁciant,
1147 4611 1242 4666 isti
1281 4613 1356 4666 ita
1387 4613 1725 4668 studendum
1756 4620 1858 4681 est,

234 4705 312 4755 ut
334 4698 601 4753 ordinem
628 4699 910 4770 inceptum
935 4701 1210 4755 ﬁnetenus
1235 4701 1491 4756 deducat.
1527 4702 1693 4756 Verbi
1729 4720 1862 4774 gra-

235 4788 332 4842 tia
372 4803 388 4836 :
426 4787 567 4842 Cum
597 4788 747 4841 enim
771 4804 873 4859 ego
894 4789 951 4842 in
969 4790 1255 4860 praemisso
1273 4797 1441 4845 cantu
1457 4797 1730 4863 parypate
1745 4809 1864 4846 me-

233 4893 357 4933 son
397 4879 456 4929 oi
483 4875 864 4945 attribuerim,
891 4882 955 4931 tu
984 4877 1189 4932 ibidem
1221 4884 1290 4947 ei,
1322 4881 1408 4934 vel
1429 4896 1514 4946 ao,
1536 4881 1625 4934 vel
1655 4897 1749 4946 au,
1781 4881 1868 4935 vel

230 4962 541 5038 quidquid
584 4965 697 5018 tale
752 4965 1012 5028 volueris,
1062 4965 1248 5021 locare
1287 4969 1518 5039 poteris,
1562 4969 1866 5024 dummodo

226 5051 537 5127 persistas
565 5051 625 5106 in
655 5052 869 5118 ordine,
899 5070 1066 5125 quem
1095 5054 1386 5128 inceperis.
1407 5057 1564 5121 Quod
1594 5063 1659 5111 ut
1686 5056 1865 5127 magis

222 5145 474 5215 pateat,
506 5141 719 5197 melum
743 5140 978 5198 alterius
1015 5143 1168 5199 modi
1199 5145 1437 5216 exempli
1462 5144 1650 5215 gratia
1663 5160 1866 5217 suppo-

222 5246 452 5288 mmus
481 5247 494 5285 Ξ

691 5339 722 5377 e
795 5320 816 5378 i

687 5411 829 5510 ρι)

685 5517 707 5556 l
780 5516 813 5554 ο

889 5341 922 5379 o

879 5412 925 5466 E

884 5515 924 5555 u

995 5322 1441 5379 uaeio

987 5411 1450 5480 FGabc

997 5496 1456 5557 aeiou

301 5657 454 5734 (16)
483 5657 613 5714 Hec
626 5658 821 5734 eadem
837 5658 952 5734 fere
980 5676 1154 5733 supra
1173 5659 1516 5734 inAGuidone
1527 5665 1584 5717 et
1600 5661 1863 5734 Aribone.

220 5731 426 5794 Notae
451 5744 583 5788 vero
601 5731 848 5804 antiquae
872 5731 1081 5792 iterum
1105 5731 1316 5807 passim
1335 5732 1396 5789 in
1422 5733 1674 5805 exemplo
1694 5734 1865 5790 allato
1900 5783 1903 5788 .

1945 4348 2093 4402 enim
2133 4349 2288 4420 prius
2328 4350 2495 4404 sciret
2538 4350 2748 4404 musice
2794 4365 3016 4415 canere,
3048 4352 3303 4422 exempla
3328 4353 3540 4422 passim

1947 4436 2017 4490 ob
2046 4437 2296 4491 diversas
2319 4455 2515 4492 causas
2550 4438 2873 4492 introducta
2902 4439 3224 4492 nullatenus
3254 4446 3438 4509 posset
3459 4440 3541 4495 in-

1947 4525 2201 4596 telligere
2244 4527 2356 4581 Cur
2383 4532 2570 4580 autem
2603 4542 2634 4579 a
2655 4526 2910 4581 Guidone
2938 4527 3176 4581 inventae
3205 4527 3320 4581 sint
3348 4529 3543 4599 hujus-

1948 4617 2098 4671 modi
2127 4634 2361 4681 neumas,
2386 4632 2497 4671 non
2523 4616 2712 4670 statim
2735 4617 2984 4686 oportuit
3003 4616 3111 4670 dici
3138 4635 3150 4680 ;
3185 4632 3311 4670 cum
3342 4633 3539 4672 earum

1946 4721 2116 4761 causa
2157 4714 2212 4761 et
2260 4707 2473 4762 utilitas
2517 4723 2616 4776 per
2653 4722 2737 4766 ea,
2769 4721 2891 4776 quae
2914 4706 3032 4775 jam
3065 4704 3355 4775 praemissa
3383 4710 3536 4772 sunt,

1945 4790 2082 4844 satis
2112 4793 2283 4861 possit
2305 4790 2545 4862 experiri
2568 4805 2579 4839 :
2603 4806 2729 4844 cum
2748 4790 2897 4843 enim
2920 4789 2976 4842 in
3007 4789 3298 4844 usualibus
3319 4789 3542 4843 neumis

1947 4878 2248 4932 intervalla
2277 4878 2517 4933 discerni
2546 4895 2657 4934 non
2683 4878 2924 4944 valeant,
2952 4886 3283 4950 cantusque,
3317 4877 3413 4949 qui
3441 4894 3542 4949 per

1947 4982 2043 5021 eas
2053 4966 2426 5031 dicuntur,sta
2434 4967 2528 5022 bili
2544 4967 2826 5022 memoriae
2840 4967 3222 5022 commendari
3234 4971 3539 5038 nequeant,

1946 5055 2184 5126 ideoque
2203 5056 2259 5110 in
2289 5055 2542 5110 cantibus
2573 5057 2828 5127 plurima
2856 5055 3128 5111 falsitates
3156 5055 3541 5126 obrepant,ha3

1947 5151 2137 5199 autem
2157 5145 2348 5199 omnia
2365 5145 2661 5199 intervalla
2671 5145 2932 5200 distincte
2947 5145 3541 5213 demonstrent,usque

1948 5233 2107 5297 adeo,
2139 5240 2204 5288 ut
2230 5250 2477 5288 errorem
2509 5233 2733 5304 penitus
2773 5234 3088 5293 excludant,
3123 5239 3182 5286 et
3207 5231 3541 5286 oblivionem

1948 5322 2203 5389 canendi,
2234 5322 2282 5379 si
2310 5323 2486 5378 semel
2518 5322 2762 5394 perfecte
2787 5323 2900 5376 sint
2919 5321 3176 5392 cognitae,
3209 5335 3320 5374 non
3340 5318 3543 5373 admit-

1944 5417 2103 5480 tant;
2125 5414 2249 5484 quis
2267 5428 2378 5468 non
2403 5427 2666 5484 magnam
2693 5411 2751 5464 in
2771 5410 2849 5464 eis
2862 5409 3164 5464 utilitatem
3181 5425 3302 5463 esse
3322 5406 3545 5462 videat?

1893 5501 2198 5585 DQualiter
2224 5508 2415 5557 autem
2446 5501 2787 5570 irregulares
2819 5514 3036 5553 neumis
3059 5497 3245 5569 potius
3265 5511 3537 5563 errorem,

1949 5645 2256 5808 @3331;
2290 5733 2351 5790 in
2378 5732 2568 5793 codice
2613 5728 3004 5804 exprimuntur
3039 5731 3247 5787 notulae
3292 5714 3540 5805 antiquae
