4016 6178
503 349 642 410 1427

1915 345 1967 408 J.
2009 344 2385 418 COTTONIS,

3586 352 3702 412 H28

501 480 562 534 in
586 476 793 533 medio.
823 474 974 532 Nam
997 475 1255 530 Miserere
1295 474 1443 546 quod
1486 472 1746 545 proprius
1774 489 1911 527 usus
1951 474 2008 527 in
2032 473 2156 532 li-A
2175 489 2288 527 non
2341 473 2688 539 necessarie,
2720 474 2834 529 imo
2876 489 3107 546 prorsus
3135 473 3298 532 nulla
3324 480 3446 531 sunt
3473 495 3485 531 :
3512 477 3704 532 cumvi-

503 649 710 704 chanos
737 566 987 717 lgpaton
1015 643 1226 714 incipit,
1261 642 1318 695 in
1349 641 1598 695 lichanos
1623 563 1817 695 mesoﬁ
1837 641 2102 711 incipien-

501 737 636 792 dum
658 740 762 790 est.
798 736 940 789 Item
969 734 1072 787 hoc
1197 733 1420 798 Egregie
1447 733 1541 784 Dei
1576 736 1798 797 martyr
1829 749 1845 784 :
1873 730 2101 801 quidam

1564 838 1590 872 ο

501 907 890 975 corrumpunt,
914 901 1062 972 quod
1089 900 1146 953 in
1173 898 1307 952 trite
1335 898 1771 968 diezeugmenon
1800 915 1913 952 non
1946 898 2104 952 emit-

501 999 650 1060 tunt,
680 1002 739 1047 et
792 993 918 1046 Ecce
977 1006 1091 1044 non
1147 987 1352 1042 leniter
1407 988 1662 1041 efferunt.
1708 988 1849 1042 Item
1894 987 1952 1041 in
2000 987 2104 1042 hoc

503 1083 567 1156 ιῆ.
598 1087 818 1152 ιΕῃῃριε
838 1082 1115 1150 noli/lere,
1149 1094 1184 1132 a
1212 1077 1544 1148 quibusdem
1577 1083 1817 1141 erratur,
1851 1077 1945 1150 qui
1973 1082 2103 1150 ﬂere

502 1253 655 1308 ultra
667 1194 820 1306 mese
835 1248 1129 1304 extollunt.
1153 1247 1296 1302 Item
1320 1247 1380 1301 in
1401 1247 1505 1302 hoc
1522 1247 1682 1318 grad.
1704 1248 1788 1302 Ad
1808 1248 2104 1301 Dominum

503 1419 734 1492 quidam
763 1417 1118 1488 delinquunt,
1144 1416 1292 1487 quod
1321 1417 1457 1468 dum
1510 1416 1814 1468 tribularer
1847 1415 1904 1468 in
1934 1335 2103 1485 paFry-

502 1513 636 1580 pate
665 1523 859 1562 meson
908 1522 1018 1560 non
1048 1505 1340 1576 incipiunt.
1377 1505 1518 1559 Item
1548 1503 1605 1558 in
1634 1503 1739 1557 hoc
1767 1503 1938 1557 Grad.
1979 1505 2104 1558 Esto

504 1598 650 1653 mihi
671 1599 737 1651 in
756 1598 949 1658 Deum,
997 1594 1254 1650 nonnulli
1292 1592 1720 1655 conturbantur,
1755 1592 1900 1664 quod
1925 1597 2104 1661 prote-

931 1682 981 1736 G

2183 562 2384 616 delicet
2406 579 2582 616 unum
2631 566 2955 616 seculorum
3011 581 3176 618 amen
3213 565 3361 620 nulla
3385 571 3525 636 parte
3547 584 3708 622 conse-

2184 657 2423 723 quenter
2475 651 2932 714 diversificatum,
3001 653 3192 707 multis
3252 654 3490 708 cantibus
3531 655 3707 709 diversa

2183 741 2456 812 principia
2487 739 2824 794 habentibus
2875 741 3223 811 adjungitur.
3259 742 3525 813 Siquidem
3553 759 3609 797 ex
3640 744 3710 799 bis

2182 830 2316 882 Ant.
2353 830 2544 883 Tecum
2568 831 2936 896 principium.
2973 829 3042 883 Et
3079 831 3250 883 Biduo
3283 833 3468 884 vir-ens.
3489 847 3596 884 cum
3616 848 3712 902 pro-

2183 917 2304 989 prie
2332 916 2500 987 primi
2542 916 2662 970 toni
2711 916 2841 979 sint,
2885 917 3114 988 quidam
3141 918 3279 972 duas
3316 919 3620 973 differentias
3641 935 3712 974 su-

2184 1021 2457 1078 pervacue
2479 1005 2692 1060 faciunt
2723 1006 2865 1059 Nam
2896 1006 2941 1060 si
2972 1005 3191 1060 diversa
3211 1007 3472 1077 principia
3495 1014 3711 1062 cantuum

2185 1094 2517 1149 differentiis
2559 1110 2856 1147 numerum
2903 1094 3123 1158 darent,
3172 1095 3347 1150 multo
3375 1096 3543 1166 plures
3566 1102 3714 1150 essent

2186 1183 2514 1238 differentiae
2539 1183 2595 1236 in
2623 1182 2930 1253 hypolidio,
2982 1182 3285 1249 mixolidio,
3319 1191 3373 1238 et
3413 1185 3719 1255 hypomixoli-

2185 1272 2299 1337 dio,
2327 1288 2496 1342 quam
2538 1287 2687 1325 nunc
2711 1277 2861 1324 sunt.
2897 1269 3034 1337 Quae
3067 1272 3254 1326 omnia
3282 1272 3340 1326 in
3393 1273 3587 1326 tonario
3609 1272 3719 1326 satis

2185 1360 2474 1433 patebunt.
2528 1360 2800 1414 Volumus
2855 1365 3045 1414 autem
3103 1361 3369 1416 lectorem
3411 1361 3558 1423 scire,
3603 1361 3720 1432 quod

2185 1449 2257 1504 de
2283 1450 2394 1504 illis
2417 1449 2692 1515 diximus;
2725 1449 2864 1503 alias
2909 1454 3116 1514 autem,
3151 1450 3410 1522 quoniam
3464 1450 3722 1519 superﬂuas

2185 1545 2533 1610 reputamus.
2565 1537 2960 1608 relinquimus.
3036 1539 3151 1592 Nec
3197 1538 3616 1610 praetereundum
3640 1543 3722 1600 est,

2183 1627 2331 1698 quod
2360 1631 2414 1680 in
2470 1625 2755 1680 ferialibus
2807 1625 3150 1696 antiphonis,
3210 1627 3269 1680 in
3306 1626 3498 1698 quibus
3539 1625 3725 1679 minime

2183 1715 2461 1782 convenit,
2490 1715 2794 1786 plurimum
2846 1713 3213 1785 delinquitur,
3248 1731 3484 1786 quarum
3519 1713 3729 1786 quedam

505 1770 708 1820 ctorem
726 1763 785 1818 in
810 1762 1064 1818 lichanos
1092 1777 1285 1816 meson
1310 1777 1423 1816 non
1479 1761 1763 1815 inchoant.
1799 1760 2461 1849 ConsideraB"'""”"’
2491 1760 2794 1816 rut-mw"
2849 1760 3213 1816 mmmam-‘1'
3251 1760 3375 1786 ﬁ".
3399 1760 3484 1816 ’τ’
3521 1760 3565 1815 Ίί

2187 1822 2297 1849 mm
2326 1811 2474 1849 recte
2503 1809 2859 1849 emittuntur-
2895 1804 3147 1849 nnmdam
3175 1821 3494 1849 inrnnorrms
3519 1805 3565 1849 rh

2187 1822 2300 1860 non
2326 1811 2474 1859 recte
2503 1805 2860 1869 emittuntur,
2895 1804 3148 1874 quaedam
3175 1805 3494 1876 incongruis
3519 1805 3732 1858 differen-

504 1853 676 1909 etiam
696 1852 845 1925 quod
872 1853 933 1906 in
961 1852 1141 1906 offert.
1175 1851 1455 1919 Conﬁrma
1497 1851 1595 1904 hoc
1620 1851 1781 1904 Deus.
1824 1849 2103 1917 Conﬁrma

501 2024 656 2080 ultra
682 2037 837 2077 mese
881 2038 998 2077 non
1051 2037 1174 2076 esse
1201 2020 1600 2085 extollendum,
1638 2019 1778 2072 Deus
1817 2022 2006 2072 autem
2042 2017 2100 2071 in

501 2112 775 2265 pafypate
803 2205 1000 2244 meson
1028 2187 1427 2260 incipiendum.
1449 2186 1556 2240 Sed
1574 2190 1631 2240 et
1650 2186 1708 2239 in
1729 2185 1908 2241 offert.
1935 2187 2105 2241 Oravi

503 2283 806 2336 Dominum
828 2295 1010 2332 meum
1040 2278 1100 2332 in
1129 2276 1346 2331 duobus
1373 2275 1508 2329 locis
1547 2275 1938 2329 emendatione
1959 2275 2105 2330 indi-

502 2373 620 2440 get,
653 2367 866 2422 scilicet
891 2366 950 2420 in
970 2365 1264 2438 principio,
1298 2370 1356 2418 et
1383 2362 1479 2417 ubi
1518 2369 1606 2418 est
1631 2379 1814 2431 super.
1862 2365 1926 2418 In
1955 2381 2104 2418 com-

502 2453 992 2520 munione’etiam,
1018 2455 1258 2510 Cantabo
1290 2455 1520 2507 Domino
1565 2468 1825 2524 perverse
1848 2458 2097 2520 cantant,

1017 2559 1042 2592 c

505 2625 655 2697 quod
681 2626 820 2678 bona
837 2624 896 2678 in
916 2628 1185 2695 parypate
1209 2623 1461 2694 hypaton
1508 2637 1621 2676 non
1664 2620 1962 2691 incipiunt.
1993 2621 2104 2676 Sed

505 2713 827 2770 communio
856 2715 1051 2767 Potum
1095 2729 1279 2766 meum
1333 2712 1540 2767 rectius
1577 2715 1856 2778 cantatur,
1891 2710 1940 2765 si
1977 2727 2104 2764 cum

505 2887 637 2956 ﬂetu
665 2887 838 2953 atque
862 2887 910 2936 et
939 2898 1030 2950 ego
1054 2882 1114 2936 in
1143 2823 1416 2954 par;pate
1468 2881 1716 2952 hypaton
1747 2879 2101 2935 inchoantur.

507 2974 651 3028 Item
677 2971 996 3026 communio
1015 2973 1220 3026 Domus
1258 2987 1377 3024 mea
1408 2971 1487 3024 sic
1525 2969 1846 3040 incipienda
1864 2967 1976 3040 (20)
2008 2971 2108 3023 Do-

507 3078 635 3116 mus
665 3075 786 3115 mea
813 3062 1007 3114 domus
1027 3063 1315 3125 orationis,
1365 3063 1469 3114 etc.
1508 3059 1714 3113 Verum
1741 3058 1842 3111 hos
1868 3057 2108 3112 versicu—

2184 1894 2279 1948 tiis
2309 1898 2604 1964 reguntur,
2649 1893 2903 1963 quaedam
2956 1899 3198 1964 utroque
3252 1893 3579 1963 illegalitatis
3598 1891 3732 1946 modo

2185 1984 2496 2038 efferuntur
2536 1982 2712 2045 Quem
2744 1981 3111 2053 multiplicem
3140 1998 3389 2036 errorem
3416 1983 3462 2036 is
3489 1980 3734 2052 perspicue

2185 2072 2356 2133 videt,
2391 2071 2488 2142 qui
2515 2076 2779 2124 tonorum
2840 2071 2924 2125 vel
2981 2071 3258 2125 modicam
3307 2071 3550 2125 notitiam
3575 2069 3732 2124 habet.

2185 2162 2330 2216 Sunt
2348 2165 2536 2214 autem
2593 2159 2920 2229 hujusmodi
2972 2159 3295 2230 antiphonm
3333 2176 3368 2213 a
3395 2158 3662 2214 rusticanis
3691 2163 3738 2212 et

2184 2248 2411 2302 incultis
2438 2247 2654 2302 clericis
2685 2263 2785 2318 per
2823 2247 3182 2302 indiscretam
3219 2248 3524 2318 vulgarium
3547 2262 3738 2302 neuma-

2185 2354 2313 2392 rum
2371 2335 2876 2390 considerationem
2917 2337 3271 2408 depravatae:
3307 2336 3736 2409 quemadmodum

2186 2431 2343 2498 patet
2363 2425 2422 2479 in
2435 2427 2566 2479 Ant.
2583 2425 2737 2479 Facti
2779 2441 2990 2479 sumus.
3025 2426 3151 2481 Hec
3181 2427 3333 2480 enim
3361 2426 3494 2481 adeo
3520 2440 3741 2496 perversa

2187 2520 2290 2580 est,
2312 2520 2376 2570 ut
2393 2531 2518 2568 cum
2531 2517 2859 2568 seculorum
2880 2529 3065 2580 amen,
3093 2516 3242 2586 quod
3279 2515 3331 2570 ei
3357 2515 3599 2587 adaptari
3625 2513 3743 2568 solet

2184 2605 2242 2659 in
2268 2603 2665 2668 monochordo,
2689 2603 3011 2658 nullatenus
3030 2605 3248 2659 cantari
3281 2605 3478 2665 valeat,
3509 2604 3742 2656 alterutro

2185 2694 2498 2748 deficiente.
2525 2694 2599 2748 Ut
2627 2699 2814 2747 autem
2845 2693 2953 2747 ista
2981 2693 3306 2764 depravatio
3337 2692 3661 2748 manifestius
3684 2690 3746 2743 vi-

2185 2782 2402 2848 deatur,
2436 2782 2781 2852 praemissam
2817 2789 2933 2836 ant.
2992 2781 3399 2853 irregularibus
3439 2781 3640 2836 neumis
3663 2794 3748 2833 no-

2186 2876 2362 2924 tatam
2412 2871 2582 2925 simul
2625 2887 2752 2924 cum
2797 2874 3122 2925 seculorum
3162 2887 3328 2925 amen
3365 2869 3746 2941 supponimus:

2188 2959 2526 3015 Saeculorum
2542 2976 2726 3014 amen.
2760 2961 2908 3014 Facti
2935 2976 3128 3014 sumus
3157 2962 3302 3014 sicut
3359 2962 3610 3014 consolati
3636 2955 3748 3024 (21).

3591 3045 3630 3101 Ε

505 3151 593 3205 los
621 3156 820 3205 cantus
847 3149 918 3203 ad
949 3165 1192 3220 prmsens
1212 3106 1488 3203 correctos
1535 3164 1657 3202 esse
1685 3147 1944 3200 sufficiat.
1977 3106 2167 3200 PostC
2192 3135 2297 3191 Est
2347 3141 2536 3190 autem
2593 3135 2906 3190 certissime
2965 3136 3220 3191 authenti
3246 3137 3369 3192 triti
3417 3137 3476 3190 in
3521 3139 3755 3207 parypate

507 3239 631 3293 haec
652 3239 710 3293 in
742 3238 966 3293 tonario
999 3238 1167 3291 etiam
1196 3238 1435 3308 aliquos,
1469 3237 1566 3308 qui
1605 3235 1888 3290 memorie
1917 3251 2102 3290 occur-

512 3334 651 3383 runt
678 3327 1123 3382 emendabimus.

580 3417 746 3472 Nunc
773 3425 962 3471 autem
992 3421 1292 3485 antequam
1321 3413 1392 3468 ad
1417 3413 1903 3484 exemplificandos
1917 3418 2108 3484 tropos

511 3507 823 3562 veniamus.
848 3506 918 3560 de
934 3503 1234 3575 snperfluis
1251 3503 1499 3574 ipsorum
1518 3502 1845 3557 differentiis
1864 3507 2110 3556 tractan-

512 3596 647 3650 dum
670 3601 774 3649 est.
806 3594 914 3649 Sed
963 3593 1227 3664 quoniam
1279 3592 1604 3646 differentiae
1635 3591 1983 3646 multimodis
2021 3591 2109 3645 di-

513 3689 738 3749 cuntur,
763 3682 897 3753 quid
960 3687 1252 3753 tr0porum
1308 3681 1652 3734 differentias
1684 3697 1960 3746 vocemus,
2001 3680 2111 3751 pri-

514 3773 688 3838 mitus
716 3771 1080 3842 aperiendum
1107 3776 1212 3825 est.
1254 3770 1608 3825 Differentias
1636 3770 1696 3824 in
1749 3771 1899 3825 tonis
1927 3771 2112 3824 nomi-

514 3877 738 3923 namus,
773 3860 998 3931 quando
1018 3859 1077 3913 in
1137 3862 1333 3914 secula
1361 3863 1684 3914 saeculorum
1723 3876 1887 3913 amen
1916 3859 2116 3931 aliqua;

516 3966 735 4005 neuma:
750 3948 1162 4004 rationabiliter
1184 3947 1688 4020 permittantur.Et
1699 3948 1988 4002 sciendum
2010 3955 2114 4013 est,

517 4039 668 4110 quod
698 4038 1167 4104 differentiarum,
1199 4054 1321 4108 qum
1342 4038 1490 4092 tonis
1517 4036 1963 4102 subscribuntur,
1995 4037 2118 4091 alim

517 4133 655 4182 sunt
675 4134 1076 4199 competentes,
1096 4132 1152 4181 et
1175 4127 1522 4194 necessariae;
1550 4127 1673 4180 aliae
1693 4143 1874 4197 neque
1894 4142 2120 4196 compe-

520 4220 704 4270 tentes
733 4233 846 4271 non
896 4223 1086 4271 tamen
1132 4218 1488 4284 necessariae;
1530 4216 1654 4270 aliae
1683 4232 1865 4286 neque
1892 4231 2118 4286 compe-

520 4309 706 4359 tentes
725 4321 910 4376 neque
941 4307 1286 4372 necessariae,
1324 4306 1436 4359 imo
1471 4322 1698 4376 prorsus
1738 4306 1924 4359 nulla).
1959 4305 2121 4359 Com-

2192 3241 2386 3280 meson
2419 3224 2747 3278 emittenda.
2778 3225 3015 3280 Possent
3035 3231 3092 3280 et
3130 3226 3258 3280 aliae
3310 3227 3370 3280 in
3391 3226 3538 3280 hunc
3562 3222 3758 3278 modum

2193 3320 2468 3385 corrupta:
2499 3312 2649 3366 facili
2670 3314 2807 3368 satis
2836 3315 3149 3368 mutatione
3179 3315 3495 3378 emendari,
3525 3313 3588 3375 si,
3622 3318 3677 3365 ut
3696 3309 3759 3364 ait

2191 3403 2396 3468 Berno,
2431 3402 2631 3455 vitiosa
2679 3402 3024 3457 consuetudo
3051 3403 3122 3458 ab
3169 3420 3270 3458 ore
3322 3403 3635 3459 canentium
3665 3396 3759 3452 ullo

2191 3491 2356 3546 modo
2377 3495 2574 3563 posset
2591 3491 2772 3545 evelli.

2419 3633 2626 3694 XXIII.
2660 3636 2733 3689 De
2757 3635 3080 3702 diaphonia,
3111 3635 3172 3687 id
3198 3639 3276 3688 est
3296 3650 3531 3703 organo.

2264 3777 2516 3833 Breviter
2531 3793 2682 3832 nunc
2696 3781 2754 3831 et
2793 3776 3071 3830 succincte
3091 3776 3161 3830 de
3191 3775 3505 3848 diaphonia
3531 3775 3766 3829 disserere

2197 3866 2456 3920 volumus
2481 3885 2494 3932 ;
2519 3871 2796 3939 quatenus
2816 3864 3041 3918 lectoris
3071 3864 3330 3918 aviditati
3361 3865 3422 3919 in
3451 3866 3556 3918 hac
3582 3874 3769 3934 quoque

2199 3971 2259 4009 re
2277 3954 2712 4019 satisfaciamus,
2748 3958 3019 4024 quantum
3051 3969 3373 4024 possumus.
3395 3954 3494 4008 Est
3522 3968 3645 4022 ergo
3670 3949 3769 4001 dia-

2201 4043 2406 4115 phonia
2433 4060 2682 4113 congrua
2709 4059 2906 4096 vocum
2954 4042 3328 4106 dissonantia,
3367 4059 3496 4112 qum
3524 4041 3590 4095 ad
3620 4039 3773 4093 minus

2201 4149 2302 4204 per
2325 4133 2465 4187 duos
2511 4137 2806 4186 cantantes
2847 4132 3036 4202 agitur
3067 4149 3078 4183 :
3114 4131 3195 4185 ita
3243 4131 3484 4198 scilicet,
3523 4136 3586 4184 ut
3626 4128 3774 4181 altero

2199 4227 2408 4276 rectam
2460 4221 2900 4274 modulationem
2959 4225 3207 4282 tenente,
3247 4220 3398 4274 alter
3463 4235 3564 4291 per
3598 4217 3777 4272 alienos

2201 4326 2367 4365 sonos
2391 4318 2521 4380 apte
2550 4309 2815 4370 circueat,
2847 4314 2903 4362 et
2946 4308 3003 4363 in
3063 4307 3301 4377 singulis
3341 4303 3778 4377 respirationibus

520 4400 776 4465 petentes
820 4399 878 4448 et
930 4395 1276 4448 necessarias
1330 4394 1565 4448 dicimus
1604 4395 1728 4448 illas
1757 4392 2114 4455 differentias,
2138 4461 2174 4467 _
2202 4399 2367 4452 ambo
2397 4399 2454 4452 in
2483 4399 2678 4452 eadem
2713 4413 2862 4460 voce,
2895 4397 2979 4450 vel
3029 4412 3128 4467 per
3151 4396 3432 4466 diapason
3457 4391 3777 4450 conveniant

524 4461 666 4554 quas
693 4499 830 4538 usus
855 4490 1148 4538 cantorum
1178 4482 1348 4537 habet
1375 4483 1445 4536 ab
1475 4483 1724 4554 antiquis
1753 4481 2120 4536 modulatori-
2138 4461 2185 4519 D
2203 4487 2308 4552 Qui
2335 4487 2570 4542 canendi
2599 4486 2798 4540 modus
2822 4461 3128 4555 vulgariter
3154 4461 3437 4555 organum
3461 4485 3660 4538 dicitur
3690 4499 3700 4534 :
3728 4494 3782 4531 eo

524 4571 630 4627 bus
651 4574 1003 4628 constitutas.
1029 4575 1424 4645 Competentes
1439 4579 1628 4628 autem
1666 4590 1777 4628 non
1799 4573 2123 4627 necessariae

531 4661 817 4727 dicuntur,
843 4679 964 4734 quae
988 4679 1098 4717 non
1121 4663 1470 4717 necessitatis
1490 4679 1678 4725 causa,
1707 4663 1802 4716 sed
1821 4662 1993 4716 solius
2021 4678 2122 4717 cu-

526 4749 792 4804 rialitatis
858 4751 1288 4820 adjunguntur:
1336 4751 1811 4821 quemadmodum
1863 4756 2018 4821 patet
2068 4749 2126 4802 in

527 4837 634 4891 hac
662 4837 829 4892 ant.0
864 4839 1079 4890 beatum
1108 4843 1261 4905 pont.
1287 4837 1427 4893 Cum
1451 4839 1601 4892 enim
1643 4839 1752 4892 ista
1771 4839 1843 4892 sit
1869 4838 2126 4892 secundae

529 4926 859 4980 differentia:
885 4925 1140 4980 authenti
1171 4927 1336 4997 proti.
1369 4928 1621 4998 plerique
1646 4927 1744 4982 illa
1770 4928 2024 4998 neglecta
2046 4932 2128 4981 ta-

528 5031 660 5070 men
689 5015 740 5069 ei
767 5015 1138 5069 differentiam
1169 5017 1440 5086 adaptant
1474 5035 1486 5070 :

633 5104 975 5161 Szculorum
1003 5121 1187 5159 amen.
1226 5106 1266 5160 0
1296 5107 1514 5159 beatum
1534 5109 1867 5174 pontiﬁcem.

600 5193 721 5250 111m
744 5200 933 5249 autem
959 5211 1142 5266 neque
1176 5201 1558 5266 competentes
1589 5212 1770 5266 neque
1799 5195 2126 5250 necessariae

529 5290 682 5350 sunt,
715 5300 838 5354 quae
867 5300 978 5338 non
1007 5284 1065 5338 in
1095 5291 1246 5339 recto
1272 5291 1485 5351 tenore,
1511 5286 1608 5340 sed
1660 5285 1964 5340 secundum
1997 5285 2126 5340 libi-

527 5378 650 5428 tum
700 5373 1021 5428 canentium
1076 5375 1434 5446 adaptantur,
1495 5380 1558 5430 ut
1601 5375 1707 5428 ista
1743 5393 1755 5427 :
1788 5375 2126 5430 Saecularum

527 5478 712 5516 amen.
731 5463 838 5516 Nos
867 5465 966 5532 qui
984 5466 1240 5522 vivimus.
1273 5471 1380 5520 etc.
1415 5464 1524 5520 Sed
1562 5470 1620 5518 et
1639 5463 1746 5518 illae
1774 5463 2125 5528 differentiae,

529 5565 671 5620 quas
699 5550 930 5622 quidam
957 5551 1301 5608 differentias
1330 5570 1451 5608 esse
1499 5557 1840 5622 asseverant,
1862 5568 1976 5608 non
2004 5554 2128 5609 dico

602 5687 708 5765 (20)
727 5692 891 5751 Nota
906 5695 1136 5754 musicae
1152 5695 1378 5753 desunt.

2205 4576 2352 4646 quod
2378 4592 2477 4629 vox
2502 4575 2752 4628 humana
2774 4579 2904 4644 apte
2934 4573 3231 4627 dissonans
3260 4573 3688 4627 similitudinem
3712 4582 3787 4622 ex-

2207 4665 2415 4736 primat
2443 4661 2827 4724 instrumenti,
2867 4661 3013 4732 quod
3053 4677 3329 4730 organum
3357 4668 3607 4716 vocatur.
3639 4659 3790 4712 Inter»

2208 4757 2658 4825 pretaturautem
2681 4749 3181 4822 diaphoniadualis
3209 4766 3314 4804 vox
3334 4750 3422 4804 vel
3443 4744 3788 4804 dissonantia.

2209 4841 2316 4896 Sed
2342 4847 2644 4909 antequam
2671 4839 3030 4909 organizandi
3053 4843 3332 4909 praecepta
3358 4839 3586 4903 demus,
3615 4837 3678 4889 de
3694 4848 3792 4886 mo-

2207 4929 2594 4992 tibus-vocum,
2623 4945 2861 4999 quorum
2883 4927 3257 4982 consideratio
3286 4927 3357 4981 ad
3390 4927 3502 4982 hoc
3528 4923 3792 4996 negotium

2208 5019 2362 5073 utilis
2390 5025 2476 5072 est
2505 5034 2682 5088 pauca
2731 5017 3110 5088 perstringere
3161 5017 3441 5070 volumus.
3485 5015 3627 5070 Cum
3663 5011 3795 5066 enim

2209 5124 2481 5178 organum
2529 5124 2630 5178 per
2685 5105 3082 5160 consonantias
3127 5105 3248 5172 ﬁat,
3313 5105 3572 5176 ipsarum
3627 5106 3794 5155 autem

2207 5196 2636 5251 constitutiones
2658 5211 2760 5266 per
2790 5202 2977 5249 motus
3015 5210 3210 5248 vocum
3240 5190 3800 5263 varienmr.quodeo-

2208 5303 2332 5340 rum
2363 5285 2593 5340 insertio
2616 5285 2720 5358 hoc
2749 5285 2806 5336 in
2829 5283 2949 5337 loco
2979 5283 3135 5337 utilis
3151 5282 3246 5346 sit,
3285 5282 3427 5336 nulli
3441 5281 3679 5337 dubium
3706 5282 3796 5330 est.

2212 5376 2378 5432 Fiunt
2403 5380 2593 5428 autem
2653 5389 2846 5426 vocum
2892 5372 3168 5426 motiones
3210 5387 3310 5442 per
3336 5371 3497 5424 arsin
3528 5375 3586 5424 et
3611 5366 3798 5428 thesin,

2210 5464 2265 5518 id
2297 5470 2401 5528 est,
2425 5479 2525 5534 per
2551 5461 2919 5516 elevationem
2975 5466 3032 5514 et
3093 5459 3528 5530 depositionem.
3567 5456 3800 5520 Quorum

2207 5553 2468 5607 videlicet
2496 5551 2638 5605 arsis
2652 5557 2710 5604 et
2725 5549 2902 5604 thesis
2918 5548 3101 5604 omnis
3136 5564 3340 5603 neuma
3359 5552 3577 5619 praeter
3602 5539 3802 5614 simpli-

2281 5691 2402 5766 (21)
2429 5693 2574 5750 Cum
2600 5691 2834 5750 notuiis.
