3972 6172
287 342 422 402 1429

1774 344 2036 401 MUSICA
2048 387 2060 401 .

3419 343 3559 406 1430

277 485 372 524 ces
399 473 459 524 et
485 485 843 541 repercussas
886 469 1128 540 gemelle
1175 471 1423 525 motione
1468 471 1871 525 conformatur.
1893 473 2128 542 Aquam
2160 478 2348 530 autem
2370 491 2493 546 qua
2525 473 2786 537 diximus,
2817 471 3070 527 studioso
3116 471 3310 527 lectori
3337 471 3554 544 liquida

276 559 605 630 Simplicem
645 570 836 614 autem
884 576 1146 614 neumam
1190 560 1428 614 dicimus
1476 560 1751 630 virgulam
1789 559 1876 614 vel

275 655 552 720 punctum
581 668 593 714 ;
624 666 1012 720 repercussam
1059 666 1208 703 vero.
1253 666 1420 720 quam
1452 651 1636 703 Berno
1667 650 1872 703 distro-

275 738 450 808 pham
478 739 563 792 vel
589 737 955 809 tristropham
984 744 1162 791 vocat.
1194 738 1353 792 Arsis
1381 744 1569 792 autem
1611 744 1666 792 et
1701 738 1875 792 thesis

275 826 564 880 interdum
611 826 836 881 sibimet
868 829 1208 898 junguntur,
1251 835 1314 881 ut
1355 828 1496 881 arsis
1526 827 1660 891 arsi,
1702 827 1876 880 thesis

275 913 739 979 thesi,interdum
771 916 952 969 altera
980 916 1240 978 alteri,ut
1271 915 1413 968 arsis
1434 916 1600 969 thesi.
1627 915 1734 969 Sed
1753 915 1876 985 ipsa

270 1003 494 1075 junctio
518 1003 723 1073 partim
763 1004 826 1056 ﬁt
865 1020 931 1057 ex
955 1002 1233 1058 similibus
1265 1003 1528 1067 motibus,
1566 1003 1772 1074 pagtim
1809 1019 1875 1056 ex

275 1091 665 1146 dissimilibus.
699 1092 1012 1147 Dissimiles
1033 1093 1238 1164 quippe
1267 1099 1453 1147 motus
1482 1094 1625 1147 fiunt
1649 1093 1708 1146 in
1728 1107 1874 1164 prae-

275 1183 431 1237 dicta
449 1181 760 1252 junctione,
792 1197 920 1235 cum
951 1182 1095 1236 alius
1124 1182 1235 1236 alio
1256 1183 1445 1252 plures
1475 1183 1555 1235 vel
1585 1181 1875 1252 pauciores

273 1271 450 1326 habet
479 1287 657 1334 voces,
685 1271 801 1324 sive
822 1272 1002 1341 magis
1033 1273 1375 1341 conjunctas,
1409 1272 1523 1324 sive
1555 1270 1735 1340 magis
1758 1269 1874 1324 dis-

270 1361 522 1430 junctas.
555 1358 620 1412 In
663 1360 1058 1429 conjunctione
1100 1365 1290 1414 autem
1337 1359 1598 1412 similiter
1633 1359 1717 1411 vel
1757 1359 1873 1412 dis-

275 1449 542 1503 similiter
562 1449 707 1503 facta
732 1455 917 1503 motus
945 1449 1126 1503 motui
1161 1455 1280 1504 tum
1312 1449 1642 1520 praepositus
1666 1448 1875 1501 inveni-

273 1544 391 1603 tur,
425 1544 492 1592 ut
518 1538 578 1592 in
607 1538 989 1609 superioribus
1010 1539 1225 1609 positus
1250 1557 1260 1601 ;
1290 1544 1409 1591 tum
1441 1537 1783 1608 suppositus,
1819 1537 1874 1590 id

275 1633 364 1682 est
389 1627 448 1681 in
479 1627 836 1682 inferioribus
861 1627 1111 1699 positus;
1146 1633 1267 1681 tum
1308 1627 1616 1698 appositus,
1651 1643 1778 1680 cum
1814 1625 1873 1679 in

276 1733 391 1786 qua
418 1733 550 1770 voce
581 1716 709 1770 finis
741 1721 824 1769 est
854 1715 1238 1786 praecedentis,
1275 1715 1609 1786 principium
1641 1721 1727 1768 est
1748 1732 1874 1769 con-

275 1805 597 1875 sequentis;
630 1810 752 1858 tum
785 1805 1167 1875 interpositus,
1201 1821 1324 1858 cum
1348 1821 1494 1858 unus
1527 1805 1874 1857 motusinfra

1959 561 2089 626 sint,
2115 563 2369 618 volumus
2391 571 2581 618 tamen
2604 579 2834 634 parvum
2865 562 3181 632 exemplum
3215 561 3553 618 benevolens-

1957 648 2050 702 tiae
2079 666 2248 703 causa
2275 651 2571 704 adducere.

2255 739 2494 792 Laudate
2521 741 2822 794 Dominum
2850 739 2915 792 de
2937 741 3082 792 caelis
3113 737 3247 808 (2‘2).

2026 827 2488 882 Animadvertere
2516 829 2686 882 etiam
2731 827 2918 892 debes,
2962 828 3110 899 quod
3156 828 3409 899 quamvis
3447 843 3550 899 ego

1957 914 2015 968 in
2042 915 2388 987 simplicibus
2419 916 2662 971 motibus
2678 916 2912 988 simplex
2939 933 3214 987 organum
3240 915 3548 988 posuerim,

1955 1003 2185 1059 cuilibet
2228 1011 2419 1060 tamen
2450 1006 2797 1076 organizanti
2842 1005 3127 1076 simplices
3156 1012 3343 1060 motus
3371 1004 3552 1076 dupli-

1956 1110 2083 1148 care
2137 1094 2221 1148 vel
2265 1094 2568 1165 triplicare,
2610 1095 2696 1148 vel
2740 1094 2935 1166 quovis
2972 1094 3139 1148 modo
3167 1099 3552 1165 competenter

1957 1182 2290 1252 conglobare
2327 1183 2375 1237 si
2421 1183 2660 1238 voluerit
2686 1183 2834 1237 licet.
2868 1183 2936 1238 Et
2964 1183 3033 1237 de
3062 1183 3366 1255 diaphonia
3397 1182 3548 1238 istud

1955 1271 2241 1325 tantillum
2273 1288 2375 1326 nos
2403 1271 2609 1326 dixisse
2638 1271 2897 1326 sufﬁciat.

2091 1360 2286 1414 XXIV.
2321 1362 2392 1414 De
2423 1362 2599 1414 modis
2625 1367 2674 1414 et
2701 1376 2891 1415 eorum
2921 1362 3248 1428 di/ferenliis
3274 1359 3414 1430 (23).

2026 1448 2150 1502 Jam
2195 1465 2346 1503 nunc
2395 1449 2588 1503 modos
2634 1466 2737 1520 per
2775 1449 2966 1503 omnia
3018 1449 3548 1520 exemplificaturus,

1957 1537 2321 1607 quaestionem
2368 1538 2720 1608 quorundam
2770 1538 2840 1591 de
2881 1537 3328 1592 differentiarum
3355 1537 3552 1592 ordine

1955 1626 2212 1680 videlicet
2255 1643 2355 1680 cur
2391 1643 2521 1681 eum
2559 1627 2813 1680 ordinem
2851 1626 3100 1681 habeant
3137 1643 3303 1697 quem
3343 1626 3553 1681 habent

1955 1715 2020 1784 [f.
2056 1714 2393 1788 proponam]
2461 1717 2573 1786 Ego
2618 1721 2808 1770 autem
2856 1716 3071 1770 nullam
3119 1716 3287 1785 hujus
3317 1716 3398 1770 rei
3424 1732 3554 1770 cau-

1957 1821 2073 1858 sam
2108 1804 2211 1858 nisi
2241 1805 2420 1858 solum
2452 1821 2616 1858 usum
2646 1805 2896 1871 invenio;
2929 1806 3027 1858 sed
3064 1821 3169 1859 nec
3196 1804 3266 1858 ab
3287 1805 3401 1858 ullo
3423 1822 3550 1860 mu-

274 1894 451 1948 alium
476 1893 690 1964 positus
718 1899 775 1948 et
789 1895 976 1948 minus
992 1899 1079 1947 est
1093 1893 1302 1964 gravis,
1335 1899 1392 1946 et
1423 1893 1608 1946 minus
1635 1898 1720 1946 est
1737 1910 1873 1947 acu-
1894 1867 2200 1947 Bsicorum
2243 1894 2506 1964 scriptam
2553 1894 2754 1964 reperi.
2808 1895 2952 1948 Nam
3002 1894 3151 1964 quod
3201 1893 3430 1964 quidam
3460 1893 3552 1948 di-

273 1987 404 2046 tus;
438 1989 558 2036 tum
592 1983 799 2037 mixtus
824 1983 878 2036 id
908 1989 996 2036 est
1023 1983 1223 2052 partim
1258 1981 1638 2051 interpositus,
1667 1982 1871 2052 partim
1956 1988 2109 2046 cunt,
2145 1999 2238 2035 eas
2279 1983 2589 2036 secundum
2637 1983 3076 2053 antiphonarum
3123 1982 3550 2053 dispositionem

274 2073 622 2143 suppositus,
658 2079 758 2125 aut
785 2071 1134 2142 praepositus,
1181 2077 1282 2124 aut
1322 2071 1629 2140 appositus.
1683 2071 1760 2124 De
1788 2071 1872 2124 his
1954 2071 2009 2124 in
2057 2072 2451 2142 antiphonario
2481 2088 2602 2125 esse
2632 2072 2938 2137 ordinatas,
2974 2071 3112 2125 illud
3151 2087 3264 2125 non
3313 2071 3393 2125 ita
3429 2087 3553 2126 esse

273 2161 540 2215 omnibus
571 2161 617 2214 si
647 2162 898 2232 exempla
937 2161 1149 2224 darem,
1185 2160 1408 2214 taedium
1445 2159 1629 2229 potius
1655 2160 1869 2225 lectori,
1955 2161 2040 2215 vel
2070 2161 2245 2214 idiota
2273 2161 2561 2214 advertere
2603 2167 2803 2231 potest.
2846 2161 2962 2214 Nec
2995 2161 3100 2213 hoc
3124 2160 3555 2230 praetermittere

273 2266 446 2321 quam
479 2251 788 2321 proficuum
816 2250 992 2304 nimia
1020 2249 1700 2321 prolixitateingererem,
1729 2265 1870 2319 prae-
1955 2249 2168 2313 curavi,
2220 2250 2363 2319 quod
2415 2249 2624 2303 rectius
2671 2249 2810 2302 mihi
2869 2248 3064 2303 fecisse
3117 2248 3396 2314 videntur,
3455 2249 3554 2320 qui

273 2340 474 2394 sertim
504 2356 631 2394 cum
663 2340 779 2393 hac
808 2339 999 2392 omnia
1026 2356 1125 2410 per
1160 2355 1220 2392 se
1268 2338 1453 2392 videre
1492 2338 1684 2408 possit,
1720 2338 1874 2408 quis-
1958 2338 2288 2409 principalia
2338 2341 2663 2391 seculorum
2717 2355 2881 2391 amen
2938 2337 3190 2391 omnium
3259 2337 3556 2392 modorum

273 2430 402 2501 quis
431 2436 702 2483 cantuum
731 2429 972 2499 diligens
1001 2427 1877 2498 investigatorfuerit.Variantur
1959 2428 2266 2498 simplicem
2291 2443 2554 2481 neumam
2581 2427 2640 2480 in
2670 2427 2781 2480 ﬁne
2810 2426 3018 2480 habere
3047 2433 3556 2498 sanxerunt,quam

273 2519 490 2573 eadem
530 2533 748 2572 neumae
776 2518 833 2571 in
873 2516 1118 2571 motibus
1148 2516 1263 2570 suis
1289 2516 1598 2570 secundum
1627 2515 1874 2568 diversas
1959 2517 2055 2587 qui
2085 2517 2250 2570 aliter
2277 2533 2345 2570 ea
2373 2517 2790 2587 disposuerunt.
2837 2516 2904 2569 Hi
2952 2516 3103 2570 enim
3151 2515 3398 2587 aliquam
3428 2531 3558 2569 can-

273 2608 577 2662 modorum
609 2607 1001 2678 proprietates.
1035 2607 1209 2676 Cujus
1253 2606 1335 2659 rei
1360 2606 1677 2676 exemplum
1707 2603 1876 2674 subji-
1956 2605 2068 2660 tori
2105 2605 2502 2659 certitudinem
2544 2605 2859 2670 conferunt,
2907 2605 2992 2658 illi
3037 2621 3345 2675 nunquam.
3402 2605 3554 2660 Neve

273 2714 403 2752 cere
431 2697 707 2762 volumus,
754 2703 820 2750 ut
865 2696 994 2750 inde
1033 2712 1146 2750 non
1187 2695 1368 2749 solum
1407 2695 1624 2748 discens
1655 2693 1877 2763 organi-
1958 2694 2082 2765 quis
2108 2693 2388 2748 existimet
2421 2692 2490 2746 de
2511 2692 2854 2763 etymologia
2882 2692 3205 2746 ofﬁcialium
3234 2692 3551 2762 nominum,

274 2803 403 2840 zare
463 2785 740 2857 proficiat.
789 2785 887 2839 sed
938 2791 995 2840 et
1031 2801 1235 2839 novum
1276 2789 1507 2838 cantum
1539 2798 1874 2854 componere
1957 2789 2022 2837 ut
2061 2788 2146 2836 est
2183 2797 2579 2852 responsorum
2632 2786 2690 2834 et
2724 2780 3180 2850 antiphonarum,
3234 2785 3366 2844 etc.,
3413 2779 3554 2833 talia

274 2876 513 2947 cupiens
543 2875 870 2929 modulandi
901 2874 1200 2928 formulam
1231 2873 1453 2927 habeat.

381 2999 524 3054 DFE
575 2999 760 3054 FGEF
807 2999 853 3054 D

382 3101 607 3155 Ancilla
632 3100 842 3155 Christi
859 3113 984 3152 sum
1015 3098 1132 3151 ideo
1160 3113 1244 3150 me
1272 3097 1488 3152 ostendo
1517 3097 1767 3148 servilem

913 3211 1232 3266 personam.

346 3323 662 3378 Considera
688 3323 882 3391 etiam,
928 3321 1124 3392 quodsi
1162 3325 1391 3374 cantum
1431 3318 1580 3389 proti
1609 3318 1667 3371 in
1705 3333 1873 3371 cursu

273 3413 500 3468 deuteri
535 3412 706 3466 simili
734 3428 933 3467 vocum
961 3410 1327 3481 dispositione
1366 3407 1700 3466 cantaveris,
1743 3423 1873 3477 per-

272 3519 510 3574 parvam
541 3502 754 3557 videbis
769 3499 1303 3556 disconvenientiam
1343 3498 1497 3552 Idem
1520 3496 1873 3550 intertritum

272 3591 707 3662 tetrardumque
737 3591 858 3644 ﬁeri
886 3591 1047 3644 solet.
1072 3589 1173 3643 His
1196 3589 1276 3643 ita
1296 3586 1688 3658 compendiose
1701 3585 1874 3638 inser-

269 3681 348 3734 tis
402 3680 474 3734 ad
522 3679 882 3752 diaphoniam
922 3679 1237 3732 redeamus.
1287 3677 1364 3730 Ea
1414 3675 1618 3730 diversi
1659 3675 1875 3728 diverse

268 3774 536 3823 utuntur.
573 3770 848 3823 Caterum
885 3768 976 3821 hic
1018 3767 1317 3821 facillimus
1357 3766 1475 3835 ejus
1513 3781 1648 3818 usus
1680 3769 1783 3823 est,
1824 3761 1872 3816 si

268 3866 534 3912 motuum
565 3858 806 3912 varietas
833 3857 1134 3928 diligenter
1161 3856 1579 3910 consideretur:
1606 3859 1668 3907 ut
1697 3851 1793 3906 ubi
1814 3851 1871 3904 in

266 3952 429 4002 recta
462 3947 845 4001 modulatione
868 3953 954 4001 est
991 3946 1245 4007 elevatio,
1280 3945 1355 3998 ibi
1381 3944 1439 3997 in
1470 3941 1735 4012 organica
1773 3941 1873 3994 ﬁat

265 4037 553 4108 depositio
585 4043 643 4091 et
676 4053 705 4090 e
736 4053 1020 4090 converso.
1061 4033 1473 4089 Providendum
1526 4047 1748 4102 quoque
1787 4035 1873 4083 est

265 4125 646 4197 organizanti,
676 4133 742 4179 ut
769 4126 816 4179 si
847 4131 1002 4179 recta
1038 4123 1344 4178 modulatio
1375 4122 1431 4175 in
1456 4120 1719 4191 gravibus
1749 4135 1872 4171 mo—

264 4231 398 4269 ram
450 4214 668 4279 fecerit,
701 4215 821 4284 ipse
863 4215 922 4268 in
971 4214 1154 4267 acutis
1189 4212 1440 4266 canendo
1472 4227 1573 4282 per
1600 4208 1870 4278 diapason

263 4310 568 4371 occurrat;
601 4305 688 4357 sin
724 4320 852 4358 vero
879 4304 936 4357 in
974 4303 1171 4368 acutis,
1203 4302 1323 4372 ipse
1371 4300 1430 4353 in
1469 4298 1735 4369 gravibus
1774 4312 1874 4367 per

263 4394 550 4464 diapason
579 4393 934 4448 concordiam
967 4392 1135 4446 faciat
1157 4410 1169 4444 :
1193 4390 1382 4444 cantui
1413 4395 1602 4443 autem
1630 4387 1687 4440 in
1719 4403 1872 4439 mese

1957 2888 2048 2925 me
2093 2871 2397 2932 dicturum,
2455 2868 2594 2922 illud
2638 2868 2915 2939 imprimis
2962 2867 3164 2921 abnuo.
3212 2867 3361 2922 Satis
3399 2867 3552 2921 enim

1957 2959 2096 3013 mihi
2144 2965 2248 3025 est,
2298 2959 2344 3012 si
2392 2957 2680 3028 proposita
2715 2957 2786 3010 ad
2815 2956 3042 3026 plenum
3071 2955 3272 3027 exequi
3304 2957 3544 3028 possim.

1893 3061 1936 3122 ρ
1961 3046 2114 3101 Scire
2143 3063 2209 3100 ea
2238 3045 2550 3116 cupientem
2579 3044 2649 3098 ad
2680 3043 2888 3097 librum
2918 3042 3138 3107 lsidori,
3171 3043 3268 3114 qui
3296 3043 3551 3099 intitula-

1957 3141 2052 3189 tur
2090 3137 2592 3202 Etymologz'arum,
2633 3133 2718 3186 vel
2771 3132 2942 3186 etiam
2995 3132 3067 3185 ad
3106 3131 3378 3186 Amalarii
3407 3132 3546 3187 utile

1957 3241 2098 3295 opus
2154 3224 2236 3278 ire
2287 3223 2478 3294 jubeo.
2530 3221 2652 3276 Hoc
2699 3237 2920 3292 quoque
2967 3221 3256 3287 recusabo,
3302 3226 3368 3275 ut
3395 3237 3553 3276 more

1957 3315 2230 3369 Bernonis
2256 3313 2539 3368 tonarinm
2571 3312 2864 3381 dislionam
2899 3329 2910 3363 :
2945 3310 3203 3364 videlicet
3229 3315 3291 3364 ut
3329 3326 3551 3365 nonan-

1957 3418 2173 3457 noeane
2211 3403 2281 3456 ad
2313 3401 2565 3471 singulos
2607 3399 2799 3453 modos
2845 3396 3225 3470 praescribam,
3263 3398 3349 3452 vel
3397 3397 3554 3452 diffe-

1956 3491 2167 3546 rentias
2199 3507 2337 3562 quas
2366 3506 2538 3561 supra
2560 3488 2739 3543 taxavi
2761 3488 3074 3559 superﬂuas
3100 3485 3553 3552 interseram,vel

1957 3596 2150 3634 omnes
2175 3581 2514 3651 antiphonas
2542 3579 2613 3632 ad
2642 3594 2820 3632 unum
2847 3581 3174 3631 saeculorum
3198 3591 3364 3630 amen
3381 3575 3553 3646 perti-

1957 3675 2154 3723 nentes
2182 3669 2239 3722 in
2271 3685 2443 3723 unum
2474 3667 2756 3737 colligam,
2783 3665 3092 3738 praesertim
3109 3681 3236 3719 cum
3261 3663 3553 3735 prolixitas

1955 3761 2030 3813 sit
2055 3759 2306 3822 taediosa,
2339 3764 2396 3812 et
2423 3757 2618 3811 lectori
2660 3772 2837 3827 usque
2870 3756 2979 3808 huc
3017 3759 3278 3825 provecto
3308 3754 3552 3825 paucula

1955 3849 2208 3919 exempla
2238 3847 2537 3902 sufficiant.
2583 3846 2663 3900 De
2712 3844 2865 3898 omni
2899 3849 3088 3898 autem
3118 3843 3344 3897 ofﬁciali
3381 3848 3554 3898 cantu

1954 3937 2347 4008 compendiose
2404 3935 2658 4005 exempla
2714 3933 2858 3987 dabo
2905 3932 3116 4002 absque
3154 3932 3551 4002 cantiunculis,

1953 4043 2092 4097 quas
2138 4042 2310 4096 supra
2356 4025 2646 4077 modorum
2701 4023 2970 4076 formulas
3021 4020 3305 4074 nominavi
3349 4037 3364 4074 :
3411 4020 3546 4089 quia

1953 4132 2092 4187 quas
2118 4117 2235 4185 jam
2270 4113 2450 4184 posui,
2493 4129 2606 4165 non
2652 4126 2878 4164 necesse
2923 4114 3009 4162 est
3055 4109 3262 4161 iterum
3312 4123 3538 4178 ponere.

1955 4205 2054 4258 His
2082 4205 2160 4257 ita
2193 4202 2492 4274 praemissis
2517 4201 2585 4254 de
2605 4197 3004 4270 principalibus
3025 4199 3348 4250 saeculorum
3379 4211 3545 4249 amen

1954 4293 2204 4347 omnium
2227 4291 2520 4345 modorum
2547 4305 2611 4343 ac
2634 4287 2982 4352 differentiis,
2999 4293 3166 4356 prout
3193 4285 3543 4356 propositum

1955 4388 2057 4447 est,
2089 4383 2448 4436 disseramus.

263 4461 540 4537 vel—circa
572 4499 723 4537 mese
743 4482 1103 4554 pausationes
1140 4479 1368 4534 facienti
1416 4478 1475 4531 in
1515 4477 1712 4531 eadem
1742 4491 1934 4558 voceD
2028 4471 2265 4543 Explicit
2290 4475 2564 4524 tractatus
2584 4467 2855 4523 Johannis
2884 4467 2952 4520 de
2981 4469 3103 4519 arte
3128 4461 3360 4517 musica.

258 4571 632 4642 respondeat.

341 4659 771 4715 Observandum
803 4663 907 4725 est,
940 4663 1004 4712 ut
1033 4674 1308 4728 organum
1339 4657 1420 4710 ita
1447 4660 1690 4720 texatur,
1722 4669 1872 4707 nunc

257 4751 326 4806 in
359 4750 561 4805 eadem
590 4766 740 4814 voce,
775 4765 924 4803 nunc
950 4765 1050 4819 per
1078 4748 1348 4819 diapason
1379 4744 1698 4799 alternatim
1733 4744 1866 4808 ﬁat;

255 4839 482 4912 saepius
505 4843 698 4893 tamen
725 4845 780 4892 et
809 4837 1155 4891 commodius
1174 4837 1234 4890 in
1265 4836 1461 4890 eadem
1483 4851 1631 4889 voce.
1668 4833 1872 4898 Quam-

341 4999 456 5070 (ἳῖ)
490 4999 711 5054 Desunt
737 5004 884 5054 notae
907 4998 1151 5053 musicae.

340 5066 754 5197 l23iQuatuor
794 5072 911 5124 haec
953 5070 1138 5140 capita
1179 5067 1438 5140 superius
1478 5066 1744 5121 distincte
1769 5080 1873 5118 no-

340 5150 418 5197 ta.
490 5145 538 5196 ic
565 5143 625 5196 in
654 5158 829 5196 unum
869 5141 1297 5197 contrahuntur.
1326 5139 1458 5197 quia
1488 5137 1774 5197 pertinent
1802 5135 1873 5189 ad

255 5135 418 5209 tata,
441 5135 538 5197 hic
565 5143 625 5196 in
654 5158 829 5196 unum
869 5135 1297 5208 contrahuntur,
1326 5139 1458 5211 quia
1487 5137 1774 5209 pertinent
1802 5135 1873 5189 ad

250 5216 583 5282 tonarinm,
618 5230 787 5284 quem
814 5213 1147 5267 omittimus.

2349 4558 2550 4629 Incipit
2584 4557 2838 4611 tonarius
2874 4554 3147 4625 ejusdem.

2024 4652 2343 4705 Authentus
2359 4654 2552 4718 protus
2569 4651 2791 4700 constat
2811 4662 2876 4700 ex
2897 4644 3080 4715 prima
3108 4641 3292 4714 specie
3321 4639 3549 4711 diapen-

1952 4746 2028 4806 te,
2054 4746 2111 4794 et
2151 4757 2216 4793 ex
2246 4738 2430 4810 prima
2453 4736 2636 4807 specie
2665 4735 3015 4789 diatessaron
3043 4731 3321 4803 superius.
3364 4729 3549 4800 Hujus

1953 4831 2156 4885 ultima
2185 4827 2397 4900 syllaba
2424 4826 2483 4879 in
2511 4827 2837 4879 saeculorum
2865 4839 3050 4889 amen,
3078 4827 3185 4876 etc.
3219 4818 3344 4890 (24).

2027 4988 2133 5056 (24)
2185 4989 2668 5060 Supervacaneum
2715 4984 3036 5060 juciicamus
3094 4979 3409 5060 describere
3463 4977 3550 5059 vel

1956 5052 2126 5116 edere.
2143 5052 2470 5123 Tonarium,
2501 5058 2560 5112 in
2590 5072 2700 5129 quo
2717 5052 3057 5129 differentia:
3077 5052 3313 5129 eaedem.
3339 5064 3462 5129 que
3489 5052 3550 5101 in

1956 5132 2229 5188 Bernonis
2256 5131 2521 5195 Tonario,
2551 5124 2773 5184 tantum
2812 5128 2990 5180 multo
3014 5124 3232 5178 minore
3261 5124 3423 5190 copia
3449 5133 3548 5173 no-

1953 5211 2169 5272 tantur,
2200 5203 2321 5258 aliae
2349 5203 2422 5257 ad
2451 5201 2678 5256 verbum
2700 5199 2814 5254 fere
2835 5195 3192 5252 conveniunt.
