3972 6172
283 374 425 435 1137

798 507 1032 564 CAPUT
1067 505 1375 564 PRIMUM.

282 613 611 670 Incendium.
668 616 992 669 Elnonense.
1055 618 1330 670 Miracula
1378 617 1452 668 ad
1507 618 1779 685 reliquias
1821 617 1878 672 S.

568 688 813 740 Amandz‘
841 689 1128 742 Cameraci
1157 694 1208 739 et
1239 688 1412 740 (locati
1438 688 1605 752 facta.

351 772 408 830 2.
419 772 840 845 (Cap.‘2.)lgitur
851 791 999 828 anno
1010 774 1080 828 ab
1094 775 1484 828 Incarnatione
1495 775 1882 847 Domini1066,

281 862 573 916 atransitu
588 879 716 916 vero
729 862 968 916 Amandi
980 862 1085 917 406
1102 864 1200 930 (3).
1219 862 1321 916 sub
1335 876 1397 916 ιιι
1419 861 1620 917 Iduum
1642 864 1884 918 Februa-

279 950 518 1014 riarum,
563 951 773 1004 Elnone
813 967 1056 1006 accensa:
1095 957 1228 1004 sunt
1268 951 1468 1005 domus
1506 952 1564 1006 in
1593 953 1713 1007 foro
1743 954 1885 1008 hora

278 1039 402 1093 fere
431 1039 601 1093 tertia
631 1038 727 1105 (ἱ).
755 1039 904 1094 unde
934 1046 990 1094 et
1029 1040 1086 1093 in
1116 1039 1293 1110 ipsam
1326 1041 1573 1110 praedicti
1604 1043 1881 1112 pontiﬁcis

281 1127 576 1182 ecclesiam
607 1127 882 1199 plumbeis
910 1128 1113 1182 tabulis
1143 1134 1370 1192 tectam,
1406 1146 1504 1199 per
1531 1131 1751 1200 tegulas
1779 1131 1882 1185 sub

278 1215 421 1288 ipsis
444 1216 766 1271 tabulaticis
794 1217 1020 1271 flamma
1049 1217 1322 1288 prorupit,
1345 1218 1565 1288 antiqui
1599 1219 1790 1274 hostis.
1821 1226 1885 1275 ut

280 1305 588 1370 credimus,
622 1305 848 1360 invidia.
872 1305 1006 1370 Quae
1034 1305 1156 1377 ipsa
1183 1322 1310 1360 cum
1339 1305 1598 1361 omnibus
1624 1307 1883 1362 claustris

280 1393 404 1448 suis
431 1393 622 1448 statim
653 1399 738 1449 est
765 1395 1024 1449 incendio
1051 1395 1357 1461 devastata,
1380 1411 1484 1450 nec
1511 1413 1624 1451 non
1658 1402 1716 1450 et
1747 1414 1884 1468 apo-

281 1483 560 1536 stolorum
611 1483 899 1555 principis,
931 1485 1028 1539 sed
1079 1491 1136 1538 et
1181 1484 1291 1538 alia
1316 1486 1572 1554 germani
1608 1485 1676 1554 (5)
1708 1486 1883 1557 ipsius

281 1571 540 1626 ecclesia.
576 1573 873 1644 Campanae
906 1573 976 1642 (6)
1021 1573 1306 1627 fundendo
1349 1573 1407 1626 in
1439 1574 1724 1645 pulverem
1752 1581 1886 1629 sunt

283 1659 560 1728 redactis;
597 1661 787 1715 diruta
805 1661 976 1716 etiam
1000 1677 1233 1733 quisque
1262 1667 1593 1716 ornamenta
1613 1662 1878 1724 ecclesia,

282 1749 580 1804 columnas
601 1750 726 1804 dico
752 1750 821 1804 de
844 1750 1006 1804 Pario
1034 1751 1219 1822 lapide
1244 1767 1370 1805 cum
1401 1751 1660 1822 analogio
1683 1752 1757 1817 (7)
1786 1752 1883 1805 ho-

1257 381 1600 439 HISTORIA
1633 383 2166 443 MIRACULORUM
2203 385 2263 446 S.
2301 384 2584 441 AMANDI

3422 380 3561 440 1488

1895 515 2203 584 Aquarum
2253 526 2483 566 suarum
2529 509 2896 564 sauciaverat.
2947 506 3054 563 Ubi
3095 522 3223 562 cum
3251 507 3558 562 honoriﬁce

1964 601 2034 655 ab
2084 601 2336 656 antistite
2383 599 2706 654 Lietbertho
2734 597 2842 663 (lO)
2875 602 3186 668 cunctoque
3232 597 3407 668 ipsius
3449 597 3557 652 loci

1965 691 2114 744 clero
2165 689 2391 760 recepti.
2449 687 2766 759 hospitandi
2814 687 3000 756 gratia
3052 701 3557 752 commaneremus,

1966 779 2128 834 illum
2160 779 2428 832 miserum
2457 777 2653 831 donari
2685 777 2740 829 S.
2775 775 3030 828 Amando
3060 774 3555 845 interpellavimus,

1965 874 2243 939 quatenus
2288 868 2534 921 solutum
2580 864 2812 918 vinculis
2858 863 3260 934 corporalibus,
3309 869 3558 932 sanctus,

1965 956 2055 1010 cui
2084 957 2409 1021 donaretur,
2439 955 2588 1025 apud
2616 954 2858 1007 divinam
2890 952 3243 1006 clementiam
3283 952 3562 1006 obtineret

1957 1045 2319 1110 ,daemoniacis
2339 1043 2552 1097 absolvi
2579 1042 2830 1096 nexibus.
2857 1041 3015 1105 Quod
3041 1047 3097 1094 et
3122 1041 3200 1094 ita
3223 1041 3429 1095 factum
3451 1047 3558 1096 est.

1964 1134 2108 1188 Nam
2139 1139 2196 1188 et
2223 1133 2468 1204 pontifex
2497 1132 2704 1186 nostris
2733 1147 3024 1184 assensum
3067 1129 3304 1200 praebuit
3333 1130 3560 1200 petitio-

1966 1221 2149 1285 nibus,
2183 1229 2240 1274 et
2268 1221 2362 1273 ille
2393 1218 2634 1290 pontifex
2665 1224 2874 1282 noster,
2918 1219 3078 1287 cujus
3124 1234 3325 1288 corpus
3357 1218 3562 1288 depor-

1965 1310 2210 1374 tabatur,
2224 1309 2457 1363 liberam
2479 1313 2721 1362 mentem
2745 1312 2977 1360 eatenus
2996 1307 3273 1376 captivato
3290 1322 3322 1359 a
3337 1322 3559 1360 summo

1964 1399 2226 1470 pontiﬁce
2257 1399 2479 1453 Christo
2504 1395 2840 1468 impetravit,
2889 1395 2970 1448 ita
2999 1401 3064 1448 ut
3107 1395 3235 1448 inde
3269 1395 3559 1449 nobiscum

1965 1487 2348 1559 progrediens,
2367 1487 2580 1541 nullum
2608 1485 2879 1538 malesani
2899 1483 3096 1554 capitis
3118 1483 3386 1538 indicium
3411 1483 3562 1538 ultra

1965 1577 2359 1647 praetenderet.

2036 1663 2088 1719 5.
2129 1663 2280 1736 (Cap.
2315 1663 2391 1729 3.)
2426 1663 2510 1717 Ab
2545 1663 2667 1734 ipsa
2692 1679 2913 1734 quoque
2941 1662 3082 1716 urbe
3109 1661 3343 1732 vestigia
3373 1661 3564 1716 detor-

1965 1758 2198 1823 quentes
2213 1769 2339 1807 cum
2362 1753 2636 1806 immenso
2657 1752 2927 1806 comitatu
2948 1751 3172 1813 civium,
3191 1750 3564 1805 tendebamus

280 1844 461 1892 nestae
486 1839 725 1894 fabricae.
747 1839 852 1894 Ubi
878 1840 1145 1911 quiddam
1168 1840 1442 1911 contingit
1461 1841 1642 1894 relatu
1672 1831 1944 1910 dignis-B
1963 1858 2156 1896 versus
2197 1842 2484 1912 oppidum,
2516 1842 2605 1896 cui
2636 1840 2963 1895 vocabulum
3012 1847 3096 1894 est
3134 1840 3394 1894 Coceium
3427 1841 3559 1909 (11),

278 1925 513 1984 simum.
546 1927 716 1998 quod,
755 1927 900 1982 sicut
923 1927 1173 1982 videntes
1201 1933 1259 1982 et
1283 1928 1575 1982 audientes
1602 1929 1660 1982 in
1688 1935 1882 2000 stupo-

278 2029 409 2070 rem
456 2016 624 2070 vertit
660 2032 772 2070 non
817 2016 1136 2083 minimum,
1187 2017 1268 2071 ita
1319 2017 1563 2080 lecturis,
1611 2023 1676 2072 ut
1733 2034 1880 2084 reor,

279 2103 396 2158 erit
423 2105 597 2158 veluti
625 2112 960 2160 monstrum.
997 2107 1142 2161 Nam
1173 2123 1300 2160 mox
1341 2113 1403 2160 ut
1437 2107 1570 2177 ipsae
1599 2123 1884 2178 campanae

279 2208 315 2246 a
345 2193 580 2248 flamma
625 2201 760 2250 sunt
789 2195 1010 2262 invasa},
1060 2201 1351 2267 cceperunt
1387 2196 1639 2255 insimul,
1672 2197 1884 2250 nullius

276 2281 394 2336 nisi
440 2283 614 2337 solius
655 2284 758 2338 Dei
795 2285 1065 2356 impulsu,
1113 2301 1377 2339 resonare
1424 2301 1489 2338 ac
1533 2285 1578 2339 si
1619 2285 1883 2339 divinitus

279 2378 650 2426 monerentur
669 2373 935 2443 plangere
961 2373 1178 2428 ruinam
1201 2374 1289 2428 sui
1313 2380 1370 2428 et
1397 2375 1660 2437 ecclesiae,
1684 2374 1877 2441 donec,

279 2466 348 2515 ut
378 2461 731 2533 praelibatum
764 2469 868 2522 est,
896 2462 955 2516 in
984 2463 1267 2534 pulverem
1297 2468 1431 2517 sunt
1457 2464 1716 2518 redactae.

351 2549 410 2605 3.
443 2551 618 2621 Cujus
648 2551 1010 2606 habitationis
1039 2552 1400 2606 restituenda;
1430 2553 1635 2622 gratia,
1677 2554 1878 2607 fratres

281 2656 413 2695 cum
442 2639 643 2695 abbate
675 2640 742 2712 (8)
776 2640 952 2711 ipsius
993 2641 1118 2705 loci,
1151 2657 1217 2695 ex
1257 2643 1511 2696 consulto
1540 2642 1882 2697 marchionis

286 2729 358 2797 (9)
417 2734 603 2795 terrae,
657 2735 827 2800 atque
877 2729 1282 2802 episcoporum,
1339 2730 1606 2800 petitione
1662 2748 1884 2802 quoque

281 2817 630 2873 Francorum
683 2818 902 2882 obnixa,
970 2818 1262 2882 feretrum,
1323 2835 1433 2890 quo
1489 2821 1880 2890 corpusculum

280 2907 588 2962 venerandi
609 2908 792 2962 Patris
810 2907 1128 2969 recubabat,
1156 2924 1256 2979 per
1275 2908 1510 2962 Galliam
1540 2909 1884 2977 detulerunt,

285 3013 430 3068 quos
458 3013 584 3051 cum
615 3003 772 3051 tanto
794 2997 1056 3051 thesauro
1081 2997 1228 3053 Galli
1260 2997 1496 3051 ubilibet
1519 2998 1768 3052 locorum
1790 2999 1887 3052 ho-

285 3086 521 3140 noriﬁce
549 3091 606 3140 et
632 3102 854 3140 summa
881 3103 1008 3140 cum
1032 3086 1324 3140 devotione
1354 3093 1740 3157 susceperunt.
1776 3089 1883 3142 Ex-

1964 1929 2059 1983 ubi
2091 1931 2281 1984 multa;
2310 1931 2627 1984 aversiones
2653 1929 2722 1983 ab
2751 1929 3048 2000 oppidano,
3079 1945 3176 1983 seu
3203 1929 3393 1998 judice
3419 1930 3564 1998 ejus-

1964 2017 2090 2070 dem
2113 2018 2238 2077 loci,
2262 2017 2488 2071 familiae
2511 2017 2892 2071 inferebantur
2916 2016 3248 2077 S.Amandi.
3275 2034 3397 2086 quae
3417 2016 3566 2070 circa

1964 2105 2147 2177 ipsum
2178 2106 2416 2177 degebat
2445 2106 2732 2178 Oppidum.
2766 2105 2874 2160 Sed
2906 2104 3000 2159 ubi
3027 2105 3165 2170 loco,
3194 2122 3303 2175 quo
3331 2103 3562 2175 disposi-

1965 2200 2088 2248 tum
2119 2201 2241 2249 erat
2262 2195 2512 2260 tendere,
2538 2194 2934 2265 propiavimus,
2961 2210 3086 2247 ecce
3116 2193 3418 2263 quemdam
3444 2209 3565 2263 pre-

1967 2283 2254 2355 sbyterum
2286 2284 2528 2339 ecclesiae
2562 2283 2619 2337 in
2649 2284 2860 2337 honore
2891 2284 2946 2338 S.
2972 2283 3215 2352 Remigii
3246 2287 3561 2350 exstructa,

1965 2372 2230 2427 Milonem
2259 2374 2503 2436 nomine,
2550 2389 2674 2426 cum
2717 2371 2878 2443 plebe
2909 2371 3213 2442 promiscui
3243 2387 3406 2424 sexus
3451 2387 3566 2425 non

1967 2462 2204 2530 modica,
2231 2463 2452 2518 obvium
2482 2463 2800 2523 habuimus,
2834 2461 3123 2515 humiliter
3153 2460 3561 2528 obsecrantem,

1964 2557 2030 2606 ut
2057 2552 2277 2606 thecam
2309 2553 2454 2606 tanti
2486 2551 2762 2623 pontiﬁcis
2791 2551 2846 2604 in
2894 2551 3073 2621 ipsam
3105 2551 3159 2604 S.
3196 2549 3438 2621 Remigii
3473 2567 3564 2606 ec-

1964 2641 2187 2694 clesiam
2229 2641 2432 2695 deferri
2469 2640 2673 2710 ubique
2719 2641 3010 2710 paululum
3053 2638 3403 2709 requiescere
3434 2656 3565 2711 per-

1964 2729 2336 2784 mitteremus.
2386 2729 2489 2783 Est
2535 2736 2722 2783 autem
2753 2729 2822 2781 ab
2857 2729 2961 2781 hoc
3000 2729 3120 2781 loco
3170 2744 3281 2780 non
3321 2728 3564 2782 multum

1965 2818 2180 2872 distans
2199 2819 2425 2889 quidam
2446 2818 2674 2880 viculus,
2692 2833 2855 2888 quem
2873 2816 3408 2870 dicuntVernulium
3423 2817 3447 2884 (
3461 2815 3563 2878 l‘Z).

1968 2904 2034 2959 In
2063 2907 2168 2960 hoc
2196 2906 2420 2976 jacebat
2457 2907 2676 2970 mulier,
2711 2910 2891 2959 stratu
2921 2903 3194 2958 recubans
3223 2904 3293 2958 ob
3321 2904 3563 2957 immen-

1966 3011 2092 3048 sum
2120 2996 2448 3066 languorem
2480 2994 2880 3059 membrorum,
2910 3010 3032 3065 quae
3061 3010 3095 3047 a
3123 2993 3266 3048 lecto
3295 2992 3564 3064 nequive-

1967 3089 2056 3138 rat
2081 3084 2269 3154 egredi
2298 3101 2398 3155 per
2425 3084 2704 3138 curricula
2733 3083 2818 3137 bis
2843 3083 3090 3154 quinque
3119 3097 3412 3136 annorum.
3433 3082 3564 3135 Haec

285 3174 562 3229 cessimus
598 3191 731 3229 sane
775 3175 1115 3229 monasterio
1146 3175 1385 3246 septimo
1415 3176 1547 3230 Idus
1577 3175 1728 3230 Junii
1753 3195 1766 3243 ;
1799 3151 1944 3231 re-C
1966 3173 2060 3227 ubi
2089 3190 2226 3227 aure
2254 3174 2501 3244 percepit
2529 3189 2696 3227 sonos
2737 3178 2795 3226 et
2837 3177 3036 3225 cantus
3081 3170 3260 3242 plebis
3291 3187 3356 3225 eo
3385 3170 3564 3224 diver-

288 3263 618 3335 pedavimus
663 3263 723 3318 in
769 3263 917 3318 idem
961 3263 1066 3318 sub
1111 3263 1204 3317 die
1242 3278 1296 3317 Iv
1328 3265 1517 3318 Nonas
1545 3263 1704 3318 Julii.
1737 3266 1882 3330 Quid

286 3358 481 3407 autem
498 3352 601 3406 hac
620 3352 1038 3424 intercapedine
1053 3359 1294 3424 quatuor
1315 3353 1748 3420 hebdomadum,
1770 3372 1882 3408 me-

284 3441 415 3495 ritis
437 3457 584 3512 saepe
614 3441 747 3495 dicti
779 3442 1057 3512 pontiﬁcis
1084 3458 1270 3496 coram
1300 3442 1678 3497 immensitate
1711 3444 1878 3514 vulgi,

285 3529 346 3584 in
373 3529 498 3601 ipsa
518 3530 746 3601 regione
761 3531 836 3584 sit
859 3537 1102 3602 gestum,
1127 3547 1239 3585 non
1260 3531 1415 3585 ducit
1431 3537 1613 3586 mater
1641 3533 1884 3586 Ecclesia

285 3618 682 3686 reticendum;
732 3637 855 3690 qua:
901 3620 1046 3674 ﬁlios
1092 3636 1223 3675 suos
1265 3621 1621 3687 orthodoxos,
1664 3621 1885 3676 ﬁliatio-

287 3724 535 3778 nemque
554 3724 714 3762 suam
744 3708 801 3762 in
830 3707 972 3763 bona
1001 3710 1414 3780 perseverantia
1435 3726 1884 3780 quaquaversum

287 3802 684 3851 conservantes
702 3798 926 3852 laetatur
943 3799 1160 3852 functos
1176 3798 1386 3852 honore
1403 3800 1734 3869 papulorum
1745 3841 1757 3852 .
1776 3800 1884 3854 Sed

286 3886 409 3941 haec
439 3885 783 3951 amittentes,
802 3888 920 3957 jam
945 3888 1016 3941 ad
1036 3904 1103 3941 ea
1121 3904 1246 3957 quae
1267 3887 1614 3942 decrevimus
1639 3889 1887 3942 notanda

288 3990 355 4028 ac
377 3974 664 4028 memoriae
688 3975 1149 4042 commendanda,
1181 3977 1409 4046 stylum,
1435 3991 1758 4046 quanquam
1778 3983 1888 4032 sto-

287 4062 490 4124 lidum,
523 4068 824 4118 vertamus.

362 4155 424 4209 4.
460 4151 631 4222 (Cap.
677 4151 768 4216 ‘2.)
804 4153 1072 4217 Quaedam
1119 4153 1310 4224 itaque
1353 4159 1714 4225 peragrantes
1745 4154 1883 4219 loca,

288 4240 661 4295 Cameracum
694 4241 888 4296 urbem
919 4243 1244 4297 devenimus
1271 4243 1551 4297 cluentem
1581 4242 1889 4313 pontiﬁcali

288 4331 582 4385 cathedra.
611 4331 672 4386 In
705 4347 816 4402 qua
852 4339 1079 4403 propter
1105 4333 1290 4385 valvas
1315 4331 1541 4402 quidam
1572 4332 1892 4386 insensatus

1964 3262 2156 3324 tentis,
2213 3278 2440 3316 causam
2497 3266 2913 3332 percunctatur.
2969 3261 3222 3330 Cumque
3279 3258 3566 3313 didicisset

1962 3365 2164 3422 corpus
2185 3351 2240 3404 S.
2268 3350 2511 3404 Amandi
2533 3367 2566 3402 a
2598 3349 2853 3403 ﬁdelibus
2887 3347 3091 3403 turmis
3120 3348 3216 3402 illo
3245 3346 3559 3415 transferri,

1965 3440 2228 3494 continuo
2259 3439 2318 3493 in
2365 3441 2482 3493 hazc
2512 3438 2680 3493 verba
2726 3439 2986 3509 prorupit
3014 3457 3030 3492 :
3062 3437 3107 3492 Ο
3136 3437 3181 3491 si
3216 3437 3450 3491 daretur
3471 3452 3562 3490 me

1965 3529 2164 3583 saltem
2200 3528 2462 3582 manibus
2490 3533 2829 3598 reptantem,
2863 3527 3025 3598 quasi
3065 3525 3486 3597 quadrupedem
3513 3526 3565 3580 ei

1965 3617 2187 3671 obviam
2217 3618 2358 3683 ﬁeri,
2399 3617 2758 3688 implorarem
2788 3623 3063 3681 sanctum,
3089 3620 3367 3686 quatenus
3395 3614 3569 3668 inter-

1966 3707 2222 3761 ventione
2243 3723 2402 3760 sacra
2426 3723 2563 3760 meae
2590 3707 2994 3776 sulfragaretur
3014 3703 3382 3758 imbecillitati
3408 3705 3419 3756 l
3449 3702 3565 3772 (Sed

1966 3812 2091 3849 cum
2139 3795 2424 3849 inhianter
2461 3796 2685 3849 arderet
2727 3812 2849 3866 qum
2896 3801 3185 3866 Optaverat
3225 3793 3567 3864 completum

1967 3885 2057 3950 iri,
2085 3885 2405 3939 interventu
2432 3885 2576 3939 tanti
2609 3884 2809 3948 Patris,
2845 3885 2967 3953 ejus
2998 3889 3124 3936 vota
3152 3883 3393 3937 clemens
3426 3898 3567 3953 prae-

1966 3975 2120 4028 venit
2157 3975 2437 4038 divinitas,
2473 3974 2584 4036 cui,
2630 3990 2751 4044 quae
2800 3973 3062 4027 mortales
3100 3989 3202 4026 nec
3233 3978 3426 4043 optare
3464 3987 3567 4025 au-

1969 4063 2120 4125 dent,
2156 4067 2479 4133 promptum
2518 4068 2604 4115 est
2647 4068 2933 4132 praestare.
2980 4060 3282 4114 Confestim
3325 4059 3568 4129 denique

1969 4152 2196 4222 sanguis
2225 4153 2543 4206 discurrens
2581 4151 2728 4204 circa
2768 4167 2967 4204 nervos
2999 4149 3254 4202 membra
3291 4147 3569 4218 languida

1970 4241 2231 4305 ﬁrmavit,
2277 4241 2545 4311 languore
2589 4239 2864 4304 exhausit,
2929 4236 3128 4291 robore
3184 4235 3564 4290 consolidavit.

1973 4330 2172 4399 Sicque
2217 4330 2382 4391 lecto,
2428 4328 2517 4381 cui
2560 4327 2758 4380 clinica
2803 4326 3071 4380 diuturno
3116 4326 3384 4395 languore
3419 4324 3572 4379 incu-

291 4421 612 4474 constrictis
640 4421 952 4475 arctissime
999 4421 1058 4475 in
1109 4437 1276 4475 nervo
1322 4420 1556 4490 pedibus
1588 4421 1886 4486 residebat,
1906 4426 1955 4485 D
1972 4419 2188 4479 buerat.
2215 4418 2419 4472 leniter
2438 4417 2716 4482 exsiliens,
2742 4433 2937 4469 exorsa
2963 4420 3046 4468 est
3066 4415 3407 4485 pedetentim
3440 4430 3570 4485 pro-

293 4509 414 4580 qui,
443 4519 511 4563 ut
552 4509 622 4563 ab
667 4510 861 4564 incolis
891 4511 1079 4581 palam
1125 4511 1333 4564 factum
1365 4515 1451 4563 est
1478 4509 1658 4572 nobis,
1691 4509 1760 4563 ob
1800 4511 1889 4563 ni-

291 4599 468 4653 miam
507 4598 690 4653 insani
741 4599 938 4671 capitis
966 4600 1291 4666 amentiam,
1325 4599 1630 4670 quamdam
1659 4599 1891 4670 propin-

294 4723 385 4782 12.
421 4726 496 4779 De
520 4731 796 4780 contracto
825 4733 1039 4780 sanato.

287 4796 382 4852 43.
417 4798 492 4851 De
538 4800 771 4850 muliere
815 4799 989 4851 Duaci
1031 4802 1246 4865 repente
1275 4801 1574 4859 contracta,
1621 4800 1669 4849 et
1708 4811 1896 4850 coram

365 4869 572 4936 feretro
601 4867 658 4923 S.
688 4871 934 4922 Amandi
955 4874 1149 4922 erecta.

291 4940 386 4997 14.
417 4939 494 4993 De
521 4945 798 4993 δαν-σεταιο
821 4942 994 4994 Uocez'z'
1017 4956 1116 5009 per
1145 4942 1546 4993 invocationem
1567 4938 1622 4993 S.
1652 4938 1898 4992 Amandi

369 5011 624 5064 liberato.

365 5079 445 5152 (3)
475 5080 743 5151 Sequitur
768 5081 990 5135 Milonis
1013 5080 1450 5150 chronologiam.

370 5149 450 5220 (4)
470 5149 830 5206 Monumenta
863 5152 1182 5206 Amandina
1214 5152 1447 5205 tradunt
1482 5151 1802 5204 incendium
1834 5149 1901 5204 i1-

292 5225 396 5279 lud
426 5224 701 5277 accidisse
725 5223 814 5276 die
845 5223 1095 5282 Sabbati,
1142 5223 1200 5276 in
1232 5239 1394 5293 quem
1430 5222 1628 5276 incidit
1655 5239 1721 5275 eo
1751 5238 1898 5275 anno

295 5297 332 5350 2
371 5294 692 5350 Februarii.
729 5295 974 5348 Joannes
1022 5294 1317 5348 Buzelinus
1361 5294 1536 5348 refert
1581 5293 1726 5346 idem
1771 5309 1898 5346 cum

295 5366 594 5422 miraculis
630 5366 911 5436 adjunctis
942 5365 1038 5420 lib.
1091 5379 1148 5421 1v
1194 5366 1496 5419 Annalium
1536 5364 1900 5418 Gallo-Flau-

295 5438 455 5494 driaa.

367 5510 447 5578 (5)
501 5507 560 5563 8.
608 5507 864 5575 Andreae,
915 5508 1077 5578 cujus
1120 5508 1364 5563 decanus
1407 5507 1513 5562 fuit
1558 5505 1898 5561 Gillebertus

295 5586 734 5733 faﬁ‘tgumero
766 5648 830 5708 l7
871 5651 1036 5722 juxta
1085 5655 1454 5709 monumenta
1489 5648 1808 5708 Amandina
1844 5654 1902 5707 et

295 5721 652 5779 Buzelinum.

1971 4508 2132 4578 gredi
2163 4523 2338 4577 usque
2367 4507 2437 4560 ad
2485 4506 2657 4558 limen
2699 4504 2934 4571 domus;
2983 4503 3112 4557 inde
3151 4519 3262 4556 non
3307 4508 3573 4557 contenta

1972 4597 2251 4662 incedere,
2293 4601 2357 4649 ut
2397 4600 2484 4648 est
2529 4610 2650 4647 mos
2689 4591 3036 4658 mulieribus,
3075 4597 3236 4663 rapto
3280 4608 3448 4646 cursu
3479 4608 3574 4646 ac-

2047 4718 2472 4788 (7)Analogz'um
2491 4723 2576 4771 est
2603 4718 2752 4770 locus
2775 4715 2958 4778 altior,
2981 4733 3081 4770 seu
3102 4715 3402 4786 pulpitum,
3425 4717 3576 4771 unde

1978 4792 2245 4861 leguntur
2266 4807 2436 4844 sacrae
2468 4789 2749 4861 lectiones.
2788 4788 2849 4861 AS.
2886 4787 3218 4861 Benedictus
3251 4789 3306 4861 in
3337 4788 3571 4861 Regula,

1979 4859 2080 4932 cap
2135 4861 2168 4917 9
2203 4881 2214 4914 :
2252 4879 2277 4911 α
2310 4863 2594 4930 Legantur
2626 4859 2859 4932 vicissim
2897 4875 2932 4911 a
2969 4859 3237 4912 fratribus
3282 4859 3339 4912 in
3388 4859 3578 4913 codice

1980 4931 2152 5004 supra
2177 4933 2496 5004 analogium
2527 4939 2651 5004 tres
2671 4931 2958 5004 lectiones.
2998 4950 3020 4980 υ

2055 5001 2125 5072 (8)
2160 5001 2511 5064 Lambertus,
2565 5003 2658 5072 qui
2703 5009 2760 5056 et
2801 5002 3108 5055 Fulcardus
3162 5001 3384 5065 dicitur,
3425 5015 3575 5072 anno

1984 5067 2120 5132 1063
2165 5076 2337 5128 abbas
2385 5067 2739 5134 constitutus,
2790 5074 2904 5126 vita
2956 5074 3181 5126 functus
3229 5087 3376 5125 anno
3418 5067 3572 5136 1076,

1975 5150 2128 5220 jact'o
2158 5147 2521 5220 fundamento
2555 5145 2792 5220 majoris
2813 5143 3072 5220 basilicae.

2051 5216 2134 5283 (9)
2162 5217 2407 5272 Marchio
2438 5210 2730 5276 Flandriae,
2758 5216 3066 5269 Balduinus
3091 5213 3248 5278 Pius,
3272 5213 3386 5266 sive
3415 5210 3574 5265 Insu-

1981 5290 2167 5346 lensis.

2057 5359 2168 5429 (10)
2194 5358 2346 5415 Obiit
2387 5360 2430 5413 B
2481 5359 2796 5413 Lietbertus
2827 5353 3246 5410 Cameracensis
3283 5354 3576 5425 episcopus

1983 5450 2130 5489 anno
2161 5429 2316 5490 l076,
2339 5429 2408 5486 ‘23
2435 5431 2546 5484 Jul.

2056 5505 2161 5571 (11)
2198 5503 2481 5566 Coceium,
2517 5501 2680 5568 vulgo
2703 5498 2906 5571 Coung
2931 5496 3079 5550 inter
3107 5495 3318 5550 Aisiam
3351 5500 3409 5550 et
3434 5497 3578 5551 Axo-

1981 5568 2113 5630 nam
2141 5573 2338 5628 ﬂuvios
2361 5574 2525 5642 juxta
2554 5568 3194 5642 abbatiainNogentum.

2058 5646 2159 5716 (ιῖ)
2193 5638 2520 5716 Vernulium
2549 5658 2726 5714 pagus
2757 5638 2975 5694 vicinus
3004 5640 3063 5694 in
3083 5639 3309 5696 dioecesi
3350 5639 3578 5696 Lauda-

1982 5717 2162 5785 nensi,
2192 5715 2360 5786 vulgo
2398 5715 2668 5771 Vermuil.
