4016 6178
502 357 638 417 1443

497 482 612 536 sive
641 480 1028 535 sinistrorsum
1052 493 1166 532 non
1195 471 1384 532 valetis
1415 483 1586 548 caput
1614 476 1929 540 deﬂectere,
1948 473 2156 533 foretA

495 571 704 641 gaudio
734 587 892 624 cassa
921 568 1166 623 luminis.
1204 568 1337 631 Quae
1385 583 1544 620 secus
1578 565 1842 620 feretrum
1875 569 2085 627 astans,

501 659 571 712 ad
602 659 781 730 ipsam
808 675 985 729 usque
1008 657 1346 711 mediantem
1388 656 1569 709 lucem
1600 654 1731 718 diei,
1765 653 1844 706 ita
1871 651 2093 705 reddita

497 753 585 802 est
619 747 913 802 incolumis
941 753 1006 800 ut
1028 747 1117 799 his
1147 745 1348 815 quibus
1377 762 1490 815 prze
1521 744 1712 797 dolore
1747 740 1944 813 capitis
1974 739 2089 809 pri-

496 841 626 890 vata
655 843 777 890 erat
795 833 1473 899 remediis,laetificaretur
1492 849 1677 887 coram
1707 830 2093 886 cunctis.Nam

497 931 555 980 et
582 926 703 980 visu
733 926 969 996 pristino
999 925 1189 979 statim
1221 923 1485 976 redimita
1531 921 1778 992 suspexit
1805 919 1989 979 caelos,
2021 915 2092 968 ad

496 1015 812 1086 gratiarum
845 1015 959 1069 Deo
986 1014 1278 1068 solvendas
1311 1013 1578 1076 actiones,
1611 1016 1668 1064 et
1694 1007 2092 1062 circumferens

496 1104 688 1157 oculos
738 1102 1069 1173 respiciebat
1126 1101 1256 1155 hinc
1324 1101 1454 1153 inde
1519 1099 1587 1152 ad
1644 1098 2089 1157 circumstantes,

497 1192 725 1246 Domini
757 1192 906 1257 circa
927 1207 986 1246 se
1018 1189 1353 1244 mirabiliter
1382 1189 1701 1242 enucleatas
1725 1200 1959 1239 narrans
1981 1181 2094 1235 vir-

1482 350 1911 410 GILLEBERTI
1945 349 2281 408 MONACHI
2318 351 2772 410 ELNONENSIS

3597 352 3714 412 1444

2775 471 3011 528 CAPUT
3049 469 3154 526 III;

2241 579 2356 650 (21)
2379 581 2482 649 Ope
2509 581 2565 636 S.
2599 579 2849 637 Amandi
2875 583 3186 633 carceratus
3225 579 3506 640 liberatur,
3544 583 3589 632 et
3611 593 3715 632 sus-

2690 668 2890 721 pensus
2919 652 3239 703 suscitatur.

2242 737 2336 812 (16
2365 741 2501 812 Cap.
2550 739 2664 809 14.)
2696 741 2806 795 Mos
2834 738 2940 793 fuit
2980 737 3250 808 antiquis,
3286 753 3387 792 nec
3425 753 3531 792 non
3557 745 3718 794 manet

3089 827 3287 897 [usque
3312 826 3598 894 modernis,

2176 918 2479 988 Scriptoris
2507 918 2787 972 calamum
2818 915 3000 970 varios
3028 931 3354 986 percurrere
3382 915 3570 970 sulcos.

2178 1007 2268 1061 Sic
2300 1006 2480 1060 variat
2510 1010 2757 1060 mentem
2778 1004 3046 1058 dictantis
3073 1021 3254 1075 prosa,
3292 1009 3655 1076 metrumque;

2175 1093 2334 1148 Unde
2361 1098 2540 1147 metro
2570 1092 2825 1146 canimus
2845 1090 3112 1161 quiddam
3145 1090 3420 1144 mirabilis
3450 1097 3593 1146 actus

2177 1183 2411 1237 Gestum
2445 1182 2650 1252 Coceji,
2689 1186 2984 1252 postquam
3013 1180 3391 1234 remeavimus
3420 1181 3540 1251 ipsi.

2177 1273 2336 1337 Quod
2361 1273 2480 1342 jam
2510 1287 2624 1324 non
2655 1270 2849 1335 oculis,
2881 1269 2978 1323 sed
3013 1269 3165 1323 fonte
3195 1269 3542 1340 probavimus
3565 1273 3714 1332 auris.

2175 1363 2363 1417 Terrae
2388 1362 2621 1415 culturae
2649 1376 2709 1414 se
2733 1358 3085 1414 condonabat
3103 1358 3326 1414 abunde

2179 1451 2423 1514 Quidam
2454 1449 2780 1515 Landricus,
2808 1448 2899 1502 hic
2927 1465 3095 1518 quem
3120 1448 3401 1502 ditaverat
3426 1465 3552 1504 usus
3576 1468 3590 1506 :

2180 1538 2404 1593 Solibus
2433 1537 2638 1592 mstivis
2661 1537 2708 1591 is
2729 1553 2854 1591 cum
2882 1535 3227 1591 messoribus
3257 1537 3413 1608 ipsis,

496 1285 668 1335 tutes.

570 1370 660 1424 14.
701 1370 863 1440 (Cap.
917 1367 1025 1439 12.)
1075 1369 1197 1432 Quo
1244 1367 1389 1420 facto
1427 1365 1618 1419 statim
1653 1379 1754 1434 per
1808 1378 1906 1416 ora
1943 1358 2097 1429 vulgi

501 1458 771 1528 disperso,
800 1457 1029 1528 quidam
1069 1456 1268 1511 sedens
1304 1453 1414 1525 (18)
1466 1454 1605 1524 pede
1649 1452 1886 1506 distorto
1916 1449 2096 1502 addu-

502 1545 666 1610 citur,
695 1546 790 1616 qui
822 1545 1050 1617 propria
1068 1561 1181 1598 non
1211 1543 1446 1597 credens
1471 1543 1642 1597 humo
1658 1537 1912 1608 vestigia,
1939 1537 2099 1606 juva-

502 1635 656 1689 mine
686 1633 1022 1689 fulciebatur
1049 1633 1252 1687 alieno.
1305 1631 1462 1686 Unde
1491 1630 1701 1684 factum
1749 1633 1835 1682 est
1877 1630 1942 1679 ut
1974 1639 2099 1678 san-
2177 1628 2452 1698 Tempore
2475 1643 2584 1698 quo
2614 1627 2784 1680 ﬂavas
2806 1632 3023 1696 segetes
3046 1626 3164 1696 jam
3194 1626 3433 1680 demetit
3459 1631 3625 1692 aestas,

504 1723 742 1778 ctissimi
766 1722 1100 1777 confessoris
1147 1721 1439 1791 requirens
1470 1718 1761 1780 auxilium,
1803 1714 1978 1786 ipsius
2004 1729 2099 1766 ex-
2117 1786 2155 1791 _
2181 1716 2348 1770 Stans
2380 1716 2538 1771 laetos
2570 1715 2785 1770 fructus
2815 1715 3069 1786 proprios
3097 1714 3362 1770 sumebat
3389 1715 3446 1770 in
3474 1732 3614 1783 usus,

499 1813 749 1885 ploraret
786 1812 1028 1882 gratiam
1079 1810 1431 1864 meritorum.
1481 1809 1627 1862 Nam
1657 1805 1869 1861 diutius
1911 1786 2163 1856 coramB
2183 1805 2323 1860 Cum
2354 1804 2677 1876 pramissus
2701 1819 2873 1875 eques
2911 1819 3181 1857 manuum
3205 1803 3513 1859 calcaribus
3535 1821 3724 1878 urgens,

506 1902 630 1972 ejus
663 1918 899 1956 manens
926 1899 1330 1955 tremebundus
1359 1897 1678 1970 praesentia,
1703 1893 1851 1950 tanti
1887 1890 2103 1945 antisti-
2183 1894 2450 1949 Concitus
2475 1910 2508 1948 a
2533 1899 2716 1947 castro
2747 1892 2916 1957 venit,
2943 1908 3114 1964 supra
3144 1898 3455 1948 memorato

502 1990 577 2044 tis
612 1989 908 2044 invocabat
941 1988 1264 2060 precamina
1305 1987 1453 2058 apud
1473 1986 1720 2040 divinam
1745 1979 2098 2037 clementiam
2182 1983 2457 2038 Landrico
2484 1982 2708 2044 missus,
2735 1987 2793 2037 et
2819 1982 2872 2037 ei
2897 1981 3006 2036 vim
3028 1981 3173 2036 ferre
3194 1987 3456 2052 paratus;

505 2077 611 2132 sibi
641 2080 953 2149 profutura.
987 2077 1236 2132 Tandem
1266 2075 1440 2146 igitur
1460 2075 1609 2146 quod
1641 2071 1925 2144 quaerebat.
1944 2083 2100 2138 repe-
2181 2072 2292 2136 Qui
2327 2073 2514 2126 nitens
2543 2070 2762 2142 aliquos
2783 2070 2852 2125 ab
2882 2087 3019 2142 agro
3057 2070 3162 2125 sibi
3187 2071 3338 2126 ferre
3367 2071 3643 2146 maniplos,

505 2166 604 2230 rit,
627 2171 684 2220 et
704 2167 798 2237 qui
821 2165 1020 2219 alienis
1040 2171 1287 2223 venerat.
1313 2164 1430 2217 suis
1459 2162 1708 2232 vestigiis
1725 2159 2098 2228 rediit,patro-
2180 2163 2306 2215 Mox
2331 2161 2410 2215 ibi
2439 2160 2624 2216 sensit
2648 2160 2769 2230 agri
2800 2176 3179 2231 possessorem
3205 2159 3510 2227 dominari;

507 2254 832 2324 ciniumque
861 2254 1040 2308 sancti
1067 2253 1173 2307 sibi
1199 2269 1311 2307 non
1337 2252 1526 2306 defore
1553 2248 1848 2322 persensit.
1883 2247 2012 2300 Haec
2041 2247 2099 2298 et
2180 2251 2435 2322 Denique
2463 2250 2761 2305 ridiculum
2791 2249 3072 2304 commisit
3099 2254 3342 2320 uterque
3368 2249 3604 2305 duellum
3627 2266 3640 2317 ;

504 2340 833 2411 hujusmodi
874 2340 1292 2412 quamplurima
1322 2356 1432 2394 non
1463 2339 1630 2392 modo
1667 2338 1775 2402 his,
1806 2351 1998 2391 verum
2039 2335 2098 2385 et
2176 2342 2288 2397 Iste
2325 2340 2582 2411 negando
2612 2355 2737 2407 sua,
2774 2337 2874 2393 sed
2899 2344 2956 2392 et
2980 2337 3074 2392 ine
3093 2344 3292 2410 petens
3320 2339 3516 2394 aliena,

505 2429 634 2484 aliis
677 2429 910 2484 urbibus
951 2429 1010 2483 in
1059 2429 1262 2494 Gallia,
1294 2446 1395 2500 per
1431 2434 1684 2482 nostrum
1727 2427 1876 2480 hunc
1904 2427 2095 2495 patro-
2175 2429 2318 2485 Tum
2342 2434 2536 2501 raptor
2562 2428 2786 2493 missus,
2820 2425 3073 2498 rapiendi
3092 2428 3224 2498 jure
3256 2428 3486 2499 potitus,

506 2535 663 2584 num,
692 2523 758 2573 ut
784 2517 1213 2590 pmlibavimus,
1261 2523 1488 2572 ostensa
1533 2521 1666 2571 sunt
1705 2516 1976 2568 virtutum
2007 2510 2098 2564 in-
2179 2519 2398 2574 conatu
2425 2535 2615 2574 cassus
2641 2516 2866 2588 proprio
2886 2516 3120 2587 repedat
3139 2516 3516 2587 pudibundus.

505 2607 707 2678 signia.
747 2608 842 2678 qui
881 2607 1021 2662 aciei
1050 2613 1254 2661 nostrae
1297 2623 1409 2661 non
1455 2606 1751 2660 valuerunt
1780 2606 2099 2675 pertingere
2181 2609 2435 2679 Cumque
2464 2607 2656 2662 statim
2684 2606 2892 2660 factum
2919 2605 3064 2660 foret
3080 2605 3308 2660 Albrico
3337 2603 3688 2670 manifestum,

505 2696 787 2760 notitiam,
816 2713 930 2767 prae
958 2695 1354 2750 immensitatis
1381 2694 1667 2766 popularis
1697 2711 1978 2764 pressura;
2001 2695 2099 2748 sed
2183 2697 2294 2765 (Sic
2314 2697 2655 2751 castellanus
2683 2711 2785 2766 per
2807 2709 3010 2748 nomen
3043 2698 3164 2748 erat
3204 2693 3503 2764 vocitatus)

506 2785 640 2856 quia
680 2769 966 2839 noluimus
1019 2785 1284 2839 excedere
1336 2784 1629 2855 promissa,
1663 2784 1732 2837 ad
1763 2800 2007 2854 praesens
2035 2801 2101 2838 ea
2180 2786 2526 2852 Adducatur,
2557 2784 2655 2847 ait,
2687 2783 2885 2837 vinctis
2912 2787 3038 2854 post
3055 2788 3221 2852 terga
3248 2782 3488 2837 lacertis.

506 2872 801 2927 scribimus
830 2873 1102 2927 duntaxat
1135 2889 1376 2944 quorum
1405 2879 1626 2927 nostros
1656 2872 1844 2926 oculos
1873 2888 1986 2926 non
2022 2873 2101 2926 la-
2181 2874 2490 2930 Landricus
2520 2873 2704 2927 dirum
2726 2876 2955 2942 gestans
2977 2870 3082 2924 sub
3107 2875 3344 2941 gutture
3367 2870 3570 2942 nodum

506 2966 739 3016 tuerunt
762 2961 1022 3032 insignia.
2182 2964 2437 3019 Carceris
2467 2963 2580 3016 ima
2598 2960 2767 3015 simul
2797 2959 2965 3030 digne
2987 2959 3124 3014 satis
3149 2959 3490 3031 experiatur.

578 3049 667 3106 15.
693 3051 828 3121 (Cap
887 3050 1000 3120 13.)
1033 3049 1142 3105 Sed
1172 3054 1230 3104 et
1256 3049 1396 3103 illud
1419 3048 1654 3102 reticere
1690 3064 1802 3102 non
1843 3048 2098 3103 ducimus
2118 3055 2260 3119 CAd
2291 3054 2452 3123 cujus
2489 3050 2718 3105 verbum
2747 3050 2866 3104 fera
2886 3048 3104 3103 vincula
3136 3049 3380 3103 carceris
3408 3049 3562 3104 illum

506 3139 1050 3210 commodum,quod
1070 3135 1374 3208 Duaci(19)
1388 3136 1770 3208 perspeximus
1799 3136 2100 3207 insigniter
2178 3143 2406 3196 Vallant
2436 3147 2493 3194 et
2519 3143 2739 3202 vexant,
2769 3137 2978 3192 scrobis
3006 3154 3071 3192 ac
3096 3138 3333 3192 horrore
3363 3143 3649 3193 retentant.

504 3233 890 3299 perpetratum
907 3227 1196 3291 .Quazdam
1213 3242 1456 3296 namque
1476 3226 1624 3279 inter
1641 3225 1783 3278 alias
1802 3225 2100 3282 incolumis
2183 3233 2299 3286 Hoc
2318 3229 2492 3299 igitur
2515 3234 2784 3290 castrum,
2818 3226 2899 3280 sic
2921 3231 3010 3281 est
3036 3226 3241 3281 merito
3281 3227 3581 3282 vocitatum
3605 3243 3618 3279 :

504 3315 779 3387 processit
808 3315 968 3370 nobis
1020 3315 1249 3382 femina,
1303 3314 1402 3368 sed
1447 3312 1632 3367 nescio
1663 3313 1752 3367 cui
1792 3313 1973 3368 reatui
2009 3313 2102 3368 ob-
2181 3321 2326 3375 Nam
2359 3319 2477 3373 fera
2501 3316 2656 3389 plebs
2685 3316 2805 3386 ejus
2832 3314 3083 3370 barathri
3113 3332 3173 3370 se
3200 3316 3384 3370 trudit
3409 3316 3480 3370 ad
3507 3320 3665 3380 actus,

505 3405 689 3469 noxia,
713 3421 825 3459 non
851 3410 938 3459 est
967 3403 1194 3458 inventa
1227 3408 1421 3457 sancto
1452 3418 1745 3456 occurrere
1774 3401 1964 3473 digna,
1985 3403 2099 3456 for-
2183 3410 2360 3479 Cujus
2387 3405 2716 3461 ﬂuminibus
2736 3421 2795 3458 se
2815 3403 3228 3458 commiscendo
3261 3407 3504 3477 Cocytus
3532 3401 3649 3473 (22),

505 3494 672 3548 tassis
701 3494 758 3547 in
775 3510 902 3547 eum
925 3493 1164 3562 alicujus
1179 3491 1539 3561 blasphemiae
1555 3506 1849 3560 rea,quam
1863 3492 2102 3546 necdum
2185 3499 2320 3552 Post
2347 3514 2408 3552 se
2440 3496 2703 3566 Cccejum
2729 3493 2908 3548 trudit
2944 3509 3046 3564 per
3073 3509 3245 3564 prava
3275 3509 3524 3552 suorum.

506 3581 676 3652 digna
713 3582 976 3652 punierat
1026 3581 1376 3651 poenitentia.
1428 3579 1644 3634 Judicia
1680 3579 1829 3633 enim
1880 3578 2102 3633 Domini
2259 3585 2345 3642 17,
2376 3585 2631 3650 Qualiter
2653 3584 2744 3638 hic
2769 3588 2916 3638 tetro
2944 3585 3020 3636 sit
3044 3582 3285 3636 carceris
3315 3589 3509 3637 erutus
3534 3583 3694 3646 antro,

509 3668 745 3740 abyssus
774 3670 954 3724 multa
986 3671 1151 3736 (Psal.
1187 3683 1354 3731 xxxv,
1387 3667 1471 3737 7).
1503 3667 1662 3722 Unde
1695 3667 1905 3721 factum
1935 3673 2022 3722 est
2039 3673 2104 3721 ut
2183 3674 2512 3741 Pandimus,
2543 3680 2802 3728 auctores
2821 3680 2884 3726 ut
2903 3672 3302 3742 deprompsere
3336 3671 3545 3726 ﬁdeles.

507 3758 720 3822 statim,
752 3757 847 3811 ubi
869 3759 1098 3812 domum
1129 3757 1314 3823 rediit,
1348 3757 1517 3828 pedes
1541 3757 1666 3826 ejus
1697 3755 1940 3822 natibus,
1976 3772 2098 3810 ma-
2181 3764 2398 3834 Nempe
2417 3768 2725 3827 catenatus,
2758 3761 3000 3815 vallante
3026 3759 3313 3831 crepidine
3337 3761 3573 3822 clausus,

508 3862 616 3900 nus
644 3862 864 3917 quoque
895 3846 1104 3917 pectori
1137 3845 1296 3917 quasi
1325 3845 1498 3900 clavis
1519 3845 1700 3900 infixae
1723 3845 2018 3910 haererent,
2036 3861 2102 3900 ac
2182 3853 2247 3908 In
2279 3851 2496 3906 diversa
2524 3850 2674 3906 trahi
2706 3849 2874 3920 cmpit
2905 3866 2918 3902 :
2948 3849 3235 3920 mentique
3264 3849 3501 3914 revenit,

508 3934 590 3989 sic
619 3935 986 3990 semimortua
1009 3936 1237 4006 jaceret.
1263 3935 1418 3989 Hanc
1431 3933 1625 4006 utique
1639 3933 1876 3988 vidimus
1896 3933 2014 4004 ipse
2029 3935 2099 3988 ad
2182 3941 2344 4005 Quod
2374 3957 2555 4013 nuper
2579 3939 2760 3994 titulis
2780 3938 3016 4009 insignis
3038 3937 3331 3993 Amandus
3359 3936 3602 3994 honestis

509 4023 827 4094 perfugium
866 4023 1044 4077 nostri
1075 4023 1316 4094 patroni,
1373 4022 1533 4093 quasi
1580 4026 1882 4081 mortuam.
1931 4026 2100 4092 atque
2181 4029 2460 4089 Patrarat,
2493 4027 2663 4083 mutis
2685 4027 2824 4083 dans
2852 4025 3102 4094 verbum,
3132 4026 3356 4081 lumina
3378 4026 3552 4082 cacis.

509 4113 727 4166 nullum
742 4112 1037 4183 penitusin
1051 4128 1110 4166 se
1120 4111 1243 4167 vita:
1275 4111 1614 4182 spiraculum
1636 4109 2094 4181 praetendentem,
2183 4119 2340 4173 Tunc
2360 4134 2527 4172 orans
2545 4117 2828 4187 lacrymiS,
2854 4120 2911 4170 et
2933 4115 3075 4170 dans
3096 4115 3343 4186 suspiria
3374 4115 3572 4180 cordis,

517 4201 760 4272 quodam
781 4201 986 4255 deferri
1015 4201 1286 4266 vehiculo,
1320 4200 1418 4254 sed
1457 4216 1571 4254 non
1601 4199 1779 4253 multo
1808 4203 1936 4269 post
1961 4198 2103 4252 vidi-
2187 4207 2378 4261 Edidit
2403 4207 2473 4261 ad
2502 4211 2745 4272 tantum,
2769 4205 2849 4260 sic
2867 4206 3133 4271 clamans,
3164 4203 3332 4258 verba
3363 4211 3678 4277 patronum:

510 4306 639 4345 mus
661 4307 783 4344 eam
821 4289 1056 4360 pedibus
1099 4289 1361 4344 resolutis
1403 4305 1467 4342 ac
1511 4287 1768 4342 manibus
1797 4303 1958 4340 versa
1987 4287 2102 4341 vice
2184 4296 2509 4350 pontiﬁcale
2547 4297 2734 4361 decus,
2766 4311 3113 4366 operumque
3141 4299 3402 4364 patrator
3428 4294 3652 4364 opimus,

511 4395 700 4432 coram
730 4379 851 4448 ipso
881 4386 1124 4432 erectam
1156 4383 1342 4432 astare
1382 4378 1606 4432 feretro.
1641 4377 1772 4430 Haec
1800 4382 1950 4442 sunt,
1982 4376 2164 4464 qui-D
2184 4383 2392 4438 Ρι-ερευι
2419 4383 2692 4450 Αῐῃειῃάρ,
2725 4389 2852 4437 tuos
2882 4400 3032 4437 nunc
3053 4382 3226 4437 affore
3251 4399 3421 4454 posco
3439 4378 3737 4451 triumphos,

511 4465 616 4521 bus
663 4484 763 4537 per
811 4467 1079 4521 Gallicam
1111 4466 1454 4537 provinciam
1505 4463 1812 4519 beatissimi
1856 4464 2097 4519 Amandi
2116 4463 2147 4464 ί
2180 4473 2304 4527 Non
2325 4472 2568 4543 aliquem
2600 4472 2803 4542 quaeris
2833 4471 3013 4526 verbis
3037 4471 3120 4525 uti
3150 4471 3451 4526 cameratis
3481 4467 3599 4536 (23).

511 4555 922 4621 merita,i201ea
941 4561 1277 4626 tempestate
1299 4555 1584 4608 declarare
1600 4553 1864 4623 dignatus
1886 4557 1973 4606 est
1993 4553 2098 4607 Do-

511 4644 716 4698 minus.
754 4645 892 4698 Cum
939 4643 1141 4714 quibus
1167 4650 1224 4697 et
1250 4643 1379 4708 alia,
1422 4660 1544 4714 quae
1573 4641 1642 4696 ab
1688 4641 1826 4710 ipsis
1859 4641 2099 4696 infirmis

512 4733 755 4786 sanitate
785 4733 1182 4802 redintegratis
1206 4732 1310 4786 sub
1331 4731 1649 4786 testimonio
1671 4729 1917 4784 fidelium
1941 4730 2099 4785 nobis

513 4827 648 4876 sunt
689 4821 881 4875 relata.
923 4821 1123 4885 Qualia
1164 4826 1355 4875 tamen
1384 4821 1513 4886 ista,
1560 4825 1771 4890 quanta
1794 4823 1851 4871 et
1878 4817 2005 4885 illa;
2040 4819 2099 4874 in

513 4908 774 4964 omnibus
803 4908 1064 4980 operibus
1094 4909 1208 4963 suis
1239 4908 1313 4962 sit
1361 4924 1568 4964 nomen
1607 4903 1830 4962 Domini
1878 4904 2099 4963 benedi-

513 5003 666 5054 ctum
695 4998 756 5054 in
777 4998 998 5053 saecula.
1029 4999 1229 5053 Amen.

583 5340 916 5416 (1§)AI_«‘orte,
948 5339 1224 5416 incedens.
1344 5412 1359 5416 _
1544 5413 1559 5416 _
1618 5408 1634 5416 Α
1854 5409 1865 5416 Α

590 5408 697 5484 (19)
711 5414 854 5468 Urbs
883 5415 1000 5468 haec
1028 5411 1176 5468 nunc
1196 5412 1522 5484 praeclaram
1544 5408 1714 5468 habet
1735 5408 2100 5470 academiam.

589 5483 703 5555 (20)
733 5485 860 5540 Mss.
885 5491 942 5539 et
971 5502 1168 5539 excusa
1191 5483 1473 5555 habebant
1492 5489 1560 5537 et.

591 5554 696 5620 (‘24)
723 5556 942 5610 Titulus
973 5557 1141 5626 hujus
1167 5554 1366 5625 capitis
1391 5571 1625 5611 excusas
1655 5562 1778 5613 erat
1795 5557 1853 5613 in
1875 5557 2105 5614 elencho

517 5641 690 5696 supra
707 5625 839 5682 dato
862 5647 878 5682 :
911 5632 974 5682 at
991 5625 1244 5683 carmina
1267 5626 1517 5682 deerant.

2183 4561 2526 4632 Simpliciter
2552 4561 2694 4622 dico.
2712 4561 2830 4631 jam
2859 4577 3007 4615 nunc
3037 4561 3173 4614 mihi
3201 4560 3488 4631 proximus
3511 4563 3648 4622 esto;

2183 4648 2241 4703 Si
2272 4665 2462 4702 verum
2489 4648 2559 4702 de
2589 4655 2646 4702 te
2675 4665 2853 4719 nuper
2880 4649 3357 4719 deprehendimus
3385 4664 3529 4713 esse,

2183 4737 2340 4801 Quod
2368 4754 2467 4808 per
2495 4743 2674 4804 tanta,
2705 4738 2850 4792 circa
2876 4737 3118 4792 confinia
3145 4742 3360 4804 nostra,

2182 4823 2416 4879 Exstent
2440 4825 2738 4896 completa,
2771 4842 2882 4880 non
2920 4825 3258 4880 naturaliter
3280 4831 3408 4881 acta
3431 4843 3446 4894 ;

2182 4912 2352 4984 Exige
2368 4914 2487 4983 jam
2509 4929 2702 4967 verum
2725 4913 2970 4968 clemens
2993 4931 3059 4969 ex
3089 4915 3249 4969 hoste
3276 4921 3548 4986 tropaeum

2183 5003 2289 5067 Qui
2317 5001 2482 5057 nimis
2501 5002 2784 5057 immerito
2815 5003 3020 5057 retinet
3046 5019 3139 5059 me
3167 5004 3406 5059 carceris
3434 5008 3608 5067 antro,

2181 5092 2263 5146 Ac
2289 5092 2348 5146 in
2377 5108 2467 5147 me
2487 5109 2676 5148 rerum
2703 5097 2994 5148 coacervat
3021 5109 3256 5164 quaeque
3286 5093 3578 5147 malarum.

2184 5180 2317 5248 Oro,
2345 5182 2508 5252 juves
2531 5181 2807 5253 precibus,
2839 5200 2911 5238 ne
2938 5183 3168 5254 squalor
3194 5183 3434 5238 carceris
3460 5180 3622 5251 hujus

2257 5339 2372 5412 (22)
2415 5344 2657 5417 Cocytus
2711 5342 2915 5400 ﬂuvius
2940 5343 3250 5412 infernalis,
3285 5339 3381 5398 οἱπό
3420 5345 3508 5395 τοῦ
3548 5338 3742 5400 κωκύειν,

2190 5415 2717 5490 ιιισςζῃιῖνιοὶίιινε.Δ
2936 5487 2947 5490 _
3061 5487 3077 5490 _
3151 5485 3162 5490 Δ
3251 5485 3282 5490 ᾗ
3561 5485 3568 5490 ,
3637 5478 3648 5490 ,

2259 5477 2370 5554 (23)
2389 5477 2448 5540 1d
2477 5492 2563 5539 est
2587 5485 2772 5544 tectis.
2802 5502 2901 5540 seu
2933 5485 3215 5540 involutis.
3240 5485 3473 5540 Camera
3490 5477 3746 5536 veteribus

2187 5555 2393 5628 fornix,
2426 5556 2620 5628 Belgis
2657 5556 2996 5628 cubiculum,
3029 5556 3399 5626 cenaculum,
3432 5553 3559 5610 hinc
3585 5561 3745 5606 alme-

2187 5643 2336 5684 rare.
2362 5622 2677 5685 Aliud'ms.
2707 5622 2952 5685 habebat
2977 5629 3296 5688 cameracis.
