4016 6178
245 344 380 403 1445

237 466 330 522 Me
359 467 609 522 vexando
641 467 738 522 diu
778 467 1019 538 subigat,
1053 475 1406 542 mortemque
1438 472 1702 526 minetur.

237 557 494 612 Pondera
524 575 650 611 mox
675 558 809 611 ferri
837 565 962 628 post
990 559 1112 628 ejus
1133 559 1302 613 verba
1333 561 1532 614 resolvi

240 646 328 700 Sic
361 663 581 718 cmpere
610 647 800 707 simul,
836 647 984 718 quod
1015 649 1078 700 fit
1109 648 1362 702 mirabile
1393 650 1566 713 dictu,

241 735 355 790 Ceu
389 736 514 806 quis
545 753 672 790 eum
702 736 850 790 ferro
883 737 1138 791 manibus
1167 739 1438 793 relevaret
1468 739 1538 792 ab
1563 739 1704 809 ipso.

236 824 379 878 Tum
411 831 659 878 tractans
683 824 911 881 sensim.
945 825 1169 896 capiens
1199 832 1256 880 et
1283 827 1390 880 iter
1419 826 1780 898 pedetentim,

238 912 626 984 Egressusque
663 914 812 966 foras
845 914 1012 979 venit,
1034 915 1203 984 judex
1235 915 1330 968 ubi
1360 932 1586 970 caussas

239 1003 579 1066 Exercendo,
623 1004 772 1058 latus
801 1004 1045 1075 stipante
1083 1005 1323 1058 satellite
1353 1005 1548 1069 fultus,

237 1092 426 1145 Vanos
456 1108 742 1146 sermones
771 1093 1050 1147 referebat
1077 1099 1134 1146 et
1154 1094 1401 1163 undique
1432 1098 1648 1159 sontes;

239 1181 441 1236 Coram
473 1197 583 1251 quo
601 1181 836 1251 positus,
875 1182 1092 1236 cunctis
1113 1183 1472 1237 cernentibus
1497 1184 1610 1237 exit

237 1270 571 1334 Landricus,
605 1277 730 1341 post
757 1287 818 1324 se
844 1287 947 1324 nec
978 1288 1317 1342 quemquam
1349 1289 1578 1342 surgere
1608 1272 1804 1327 cernit.

242 1359 331 1413 Sic
362 1360 523 1429 cujus
557 1361 802 1413 clemens
826 1359 1114 1414 miseratio
1140 1361 1538 1415 vociferantem

242 1447 471 1501 Audivit
495 1448 732 1518 pridem,
757 1464 907 1501 nunc
935 1448 1120 1519 ipsum
1151 1449 1336 1502 munit
1363 1454 1611 1503 euntem.

1208 347 1553 404 HISTORIA
1591 348 2124 405 MIRACULORUM
2162 349 2221 404 S.
2259 349 2544 404 AMANDI

3361 351 3504 410 1446

1849 477 1898 534 Α
1915 476 2145 543 sumptu
2175 472 2368 526 eodem
2399 472 2520 526 loco
2541 473 2862 525 constructa
2874 475 2960 525 est
2977 471 3032 525 in
3051 472 3264 528 honore
3275 475 3336 529 Β.
3359 493 3502 547 pon-

1910 562 2076 616 tificis
2103 561 2361 624 Amandi,
2383 561 2451 614 ad
2471 561 2695 614 laudem
2726 560 2824 614 Dei
2847 560 3148 616 Salvatoris
3173 565 3350 618 nostri
3371 566 3502 622 Jesu

1911 650 2140 710 Christi,
2174 657 2427 703 sanctum
2454 666 2621 703 suum
2653 650 2710 702 in
2741 650 2878 703 cmlo
2911 657 2968 704 et
2994 651 3050 703 in
3080 657 3234 706 terra
3263 654 3502 710 mirifice

1910 738 2294 808 gloriﬁcantis,
2327 739 2422 809 qui
2458 755 2586 792 cum
2618 739 2783 792 Patre
2836 744 2891 792 et
2940 739 3152 810 Spiritu
3183 742 3238 796 S.
3274 742 3406 796 vivit
3448 748 3506 798 et

1914 834 2111 897 regnat
2131 828 2278 882 Deus
2307 844 2408 899 per
2431 827 2619 881 omnia
2643 828 2843 881 saecula
2872 829 3060 882 saecul.
3081 830 3283 884 Amen.

2456 915 2689 971 CAPUT
2719 917 2791 970 1v
2816 914 2954 987 (28).

2021 1009 2338 1060 Periculum
2367 1009 2563 1059 mortis
2585 1011 2854 1058 amotum.
2893 1006 3107 1060 Clinica
3135 1014 3390 1063 sanatur.

1989 1092 2072 1150 19.
2107 1095 2248 1164 Styli
2280 1095 2490 1165 pandat
2518 1093 2868 1164 obsequium,
2892 1096 3196 1150 succedens
3219 1098 3308 1152 his
3338 1098 3509 1153 mira-

3185 1187 3398 1256 [culum

1915 1273 1991 1327 Ut
2020 1273 2167 1343 quod
2193 1273 2367 1326 claret
2386 1272 2777 1343 praesentibus.
2800 1278 2993 1343 pateat
3017 1273 3504 1346 subsequentibus.

1917 1361 2188 1416 Processu
2227 1377 2472 1432 namque
2515 1362 2807 1432 temporis,
2839 1362 2973 1416 dum
3003 1367 3287 1418 structura
3313 1365 3510 1420 funda-

3211 1453 3402 1523 [minis

316 1534 405 1592 18.
463 1537 616 1606 (Cap.
647 1535 757 1603 15.)
790 1536 1142 1607 Praecipuum
1190 1537 1468 1607 quoddam
1502 1538 1835 1592 miraculum
1921 1538 2166 1592 Ecclesia
2204 1542 2525 1607 resurgeret
2555 1536 2679 1605 (29),
2711 1555 2776 1592 ac
2803 1541 3056 1594 valenter
3082 1543 3402 1624 proﬁceret,

242 1623 300 1678 in
349 1641 495 1695 pago
535 1624 914 1688 Noviomensi,
948 1641 981 1678 a
1012 1626 1074 1679 Β.
1123 1627 1378 1680 Amando
1423 1627 1652 1688 factum,
1695 1626 1840 1680 sicut
1920 1628 2092 1682 Varie
2133 1627 2373 1698 operarii
2398 1626 2817 1699 occupabantur
2854 1629 3104 1700 plurimi.

246 1713 619 1785 quorumdam
655 1713 927 1767 relatione
950 1711 1058 1780 (24)
1091 1713 1409 1779 didicimus,
1432 1715 1619 1784 legere
1647 1715 1837 1769 volen-

1922 1717 2172 1780 Quorum
2203 1716 2508 1770 mittuntur
2533 1717 2747 1787 gemini
2769 1723 2977 1771 terram
3002 1719 3192 1774 fodere
3220 1720 3420 1788 sabuli,

241 1802 392 1856 tibus
420 1802 794 1873 qualicunque
840 1803 1048 1874 scripto
1078 1803 1370 1858 notiﬁcare
1400 1803 1738 1858 curabimus.
1769 1805 1832 1858 B.
1852 1828 1899 1886 Β
1925 1805 2290 1860 Willebertus
2313 1805 2602 1869 vocabulo,
2634 1806 2865 1860 Alberto
2894 1807 3000 1861 sibi
3029 1807 3195 1862 socio.

242 1891 417 1962 igitur
436 1892 694 1946 Amando
714 1908 839 1946 cum
865 1891 1136 1946 duodenis
1155 1892 1418 1946 fratribus
1438 1893 1496 1946 in
1525 1909 1668 1964 pago
1698 1894 1840 1948 Lau-

248 1979 507 2044 dunensi,
539 1981 661 2034 loco
687 1980 782 2051 qui
821 1980 1028 2034 dicitur
1058 1979 1388 2035 Baresetum
1422 1980 1550 2047 (25),
1592 1998 1839 2036 commo-

249 2075 431 2134 rante,
465 2068 701 2138 contigit
728 2075 793 2122 ut
837 2085 932 2123 rex
957 2069 1298 2123 Francorum
1341 2069 1689 2139 Dagobertus
1735 2069 1838 2133 (26)

246 2157 335 2211 die
365 2157 611 2229 quadam
645 2157 1050 2228 Compendium
1076 2156 1182 2224 (‘27)
1213 2157 1520 2216 deveniret,
1547 2159 1707 2228 cujus
1737 2158 1839 2211 ad-

247 2251 417 2300 ventu
443 2250 727 2316 comperto
775 2245 838 2298 B.
885 2245 1017 2298 illuc
1047 2245 1336 2299 Amandus
1383 2262 1614 2316 pergere
1659 2245 1844 2317 dispo-

250 2335 383 2389 suit.
419 2333 670 2397 Quicum
686 2334 753 2388 ad
773 2333 960 2387 villam
975 2333 1336 2388 Melincotum
1358 2335 1692 2405 appellatam
1714 2351 1843 2406 per-

251 2423 512 2487 venisset,
559 2422 618 2476 in
657 2423 822 2476 domo
860 2423 1155 2492 cujusdam
1211 2423 1408 2484 vidum,
1456 2441 1578 2494 qua:
1615 2424 1844 2478 unicum

254 2511 499 2566 habebat
524 2511 724 2576 ﬁlium,
765 2511 1086 2582 hospitandi
1116 2513 1304 2581 gratia
1345 2512 1590 2565 divertit.
1624 2514 1844 2567 Interea

258 2600 483 2672 quidam
522 2606 801 2671 raptores,
825 2616 888 2653 ex
928 2600 1248 2654 Belvacensi
1279 2600 1506 2670 regione
1534 2601 1839 2663 venientes,

257 2690 556 2760 quamdam
587 2689 717 2742 inde
743 2688 984 2759 praedam
1013 2689 1160 2742 furto
1179 2689 1477 2743 abductam
1507 2695 1639 2743 ante
1669 2706 1728 2743 se
1754 2690 1847 2743 de-

256 2777 553 2832 ducebant.
586 2777 692 2841 Qui
722 2795 848 2832 cum
879 2777 948 2831 ab
977 2778 1174 2832 incolis
1216 2779 1467 2848 ejusdem
1497 2777 1741 2848 regionis
1786 2795 1845 2832 se

255 2866 476 2936 insequi
515 2866 816 2937 perniciter
876 2866 1130 2920 cominus
1175 2867 1540 2937 aspexissent,
1591 2867 1848 2937 Opaciore

257 2955 396 3008 silva
425 2971 547 3008 sese
577 2971 705 3008 cum
745 2954 932 3024 praeda
981 2971 1082 3008 sua
1131 2955 1389 3025 protinus
1427 2956 1844 3023 immerserunt,

256 3059 354 3098 nec
377 3049 572 3097 tamen
601 3043 671 3096 de
695 3042 808 3096 vita
824 3043 1379 3105 securi,adversarios
1406 3061 1465 3098 se
1493 3045 1850 3115 insequentes

252 3133 470 3205 pernici
498 3149 695 3204 gressu
743 3131 1051 3203 fugiebant.
1097 3133 1350 3187 Fortuito
1384 3135 1502 3204 jam
1538 3152 1670 3190 casu
1700 3136 1849 3190 ﬁlius

255 3221 516 3276 mulieris
555 3221 752 3287 vidum,
795 3223 853 3276 in
891 3213 1057 3292 cujus
1112 3221 1417 3292 hOSpitium
1447 3223 1512 3277 B.
1547 3224 1851 3280 diverterat

253 3310 566 3374 Amandus,
597 3327 698 3380 per
725 3310 985 3364 eumdem
1016 3311 1222 3364 saltum
1253 3310 1403 3364 solus
1431 3305 1845 3366 deambulabat.

255 3399 395 3454 Cum
423 3415 651 3453 causam
677 3401 898 3468 penitus
919 3399 1198 3470 ignoranti
1227 3400 1473 3470 praedam
1493 3417 1654 3454 suam
1684 3401 1850 3455 latro-

255 3504 354 3543 nes
386 3488 552 3558 quasi
583 3487 1006 3542 custodiendam
1039 3489 1408 3558 reliquerunt,
1447 3494 1503 3543 et
1531 3489 1636 3560 ipsi
1670 3495 1850 3544 semet

251 3580 476 3632 tantum
507 3577 723 3630 salvare
752 3577 1020 3640 volentes,
1053 3577 1362 3648 expeditius
1385 3579 1502 3647 jam
1535 3577 1725 3648 fugere
1745 3594 1849 3632 cce-

252 3671 482 3737 perunt.
518 3665 696 3720 Porro
724 3665 828 3718 viri
858 3664 953 3736 qui
982 3665 1228 3736 praedam
1259 3666 1328 3720 de
1366 3683 1538 3720 manu
1565 3667 1848 3721 latronum

254 3754 604 3809 festinabant
631 3755 868 3825 eripere,
895 3755 1159 3824 juvenem
1205 3755 1382 3809 solum
1432 3773 1559 3810 cum
1602 3757 1791 3827 praeda
1817 3773 1851 3810 a

255 3843 575 3898 latronibus
604 3843 837 3897 dimissa
875 3843 932 3897 in
961 3844 1107 3898 saltu
1135 3851 1484 3914 repererunt.
1519 3845 1697 3908 Quem
1723 3845 1852 3915 quia

259 3949 443 3988 unum
474 3949 542 3987 ex
570 3931 882 3986 latronibus
911 3931 1080 3986 fuisse
1097 3930 1574 3997 existimaverunt,
1607 3948 1854 4003 compre-

255 4022 502 4077 hensum
535 4020 682 4074 illico
712 4020 1145 4090 suspenderunt.
1177 4019 1294 4073 Nec
1323 4036 1499 4082 mora,
1533 4035 1730 4074 rumor
1754 4037 1853 4074 ex-

253 4112 485 4175 citatur,
546 4110 759 4163 clamor
810 4108 1106 4173 attollitur,
1166 4109 1313 4162 ﬁlius
1366 4107 1620 4162 mulieris
1672 4108 1852 4164 viduas

250 4217 568 4272 suspensus
597 4205 766 4269 atque
790 4199 907 4268 jam
949 4202 1204 4251 mortuus
1249 4214 1371 4251 esse
1419 4196 1733 4251 nuntiatur.
1767 4194 1854 4251 Ab

256 4289 530 4344 omnibus
571 4305 714 4359 pene
761 4286 959 4341 incolis
1014 4287 1450 4357 circumquaque
1499 4285 1855 4340 manentibus

1927 1896 1996 1949 Hi
2024 1911 2156 1965 ergo
2182 1894 2312 1948 facti
2342 1910 2634 1965 compares
2662 1895 2733 1949 ad
2763 1896 3108 1966 operandum
3138 1897 3333 1968 agiles,

1922 1984 2382 2054 Exsequebantur
2408 1983 2665 2053 gnaviter
2697 2000 2836 2054 opus
2865 1985 3178 2054 injunctum
3207 1987 3434 2058 pariter.

1927 2072 2034 2136 Qui
2064 2073 2231 2126 unius
2268 2072 2504 2126 articulo
2525 2072 2636 2126 diei
2665 2089 2791 2126 cum
2820 2073 3055 2128 fossorio

1924 2163 2208 2216 latrantes
2238 2161 2541 2232 opificium,
2573 2161 2772 2216 mortis
2793 2161 3089 2218 incurrunt
3117 2164 3403 2234 laqueum.

1924 2251 2075 2315 Quos
2101 2250 2148 2304 si
2185 2250 2352 2321 cepit,
2393 2266 2506 2304 non
2553 2249 2754 2315 tenuit,
2786 2251 2884 2305 sed
2919 2251 3108 2305 laxum
3152 2253 3338 2308 sinum
3371 2272 3514 2327 prae-

3199 2340 3346 2411 [buit
3363 2361 3377 2410 ;

1928 2427 1997 2480 Et
2017 2442 2160 2495 quos
2197 2426 2435 2480 Satanas
2463 2423 2691 2488 terruit,
2725 2425 2930 2495 prtesul
2959 2431 3152 2481 noster
3180 2427 3409 2499 eripuit.

1929 2511 2083 2579 Quos
2115 2512 2361 2566 turbavit
2390 2512 2620 2574 saevitia,
2652 2512 2788 2566 fovit
2817 2512 3222 2569 misericordia.

1927 2602 2071 2655 Nam
2101 2602 2256 2655 locus
2281 2607 2402 2654 erat
2429 2617 2700 2654 concavus
2721 2601 2916 2670 jacens
2945 2602 3054 2655 illis
3083 2603 3186 2658 sub
3214 2605 3470 2677 pedibus,

1926 2691 2210 2760 Terraque
2238 2707 2364 2744 cum
2394 2689 2675 2760 lapidibus
2704 2689 3039 2744 imminebat
3063 2691 3388 2748 cervicibus.

1928 2777 2074 2840 Quid
2103 2777 2294 2832 multis
2311 2779 2336 2830 ἒ)
2366 2777 2545 2832 Moles
2564 2777 2794 2844 corruit,
2829 2779 3043 2848 hosque
3071 2779 3249 2834 ferme
3277 2783 3516 2837 commi-

3208 2867 3372 2940 quit.

1930 2955 2292 3010 Willebertus
2315 2954 2628 3026 pubetenus
2656 2955 2941 3009 detinetur
2971 2955 3343 3024 intrinsecus;

1932 3045 2205 3100 Albertus
2224 3050 2412 3098 autem
2444 3043 2667 3115 penitus
2687 3044 2758 3098 ad
2779 3045 2894 3097 ima
2921 3044 3131 3100 scrobis
3161 3047 3426 3104 truditur.

1933 3134 2054 3198 Quo
2083 3148 2419 3188 concurrens
2439 3131 2657 3199 vicinia,
2690 3132 2945 3187 membra
2965 3133 3250 3204 quaerebat
3274 3142 3513 3193 mortua.

1928 3222 2074 3276 Nam
2105 3219 2230 3291 quis
2251 3219 2432 3273 vivere
2454 3220 2707 3274 crederet
2752 3236 2921 3291 quam
2965 3225 3127 3275 tanta
3167 3224 3342 3278 moles
3373 3230 3518 3280 ster-

3189 3311 3372 3381 [neret
3389 3314 3414 3366 ?

1929 3399 2143 3454 Tamen
2169 3397 2393 3451 videbat
2423 3397 2625 3452 merito
2647 3397 2827 3452 sancti
2857 3399 3112 3469 prazsulis
3131 3399 3359 3472 inclyto.

1929 3488 2038 3542 Per
2068 3504 2232 3559 quem
2261 3487 2468 3541 mirum
2489 3487 2772 3558 apparuit,
2791 3487 2936 3557 quod
2961 3503 3182 3542 servum
3205 3491 3375 3546 morti
3396 3509 3520 3548 sus-

3239 3580 3413 3651 [tulit.

1929 3665 2162 3719 Terram
2192 3665 2342 3719 enim
2373 3681 2494 3735 quae
2531 3667 2740 3729 ruerat,
2775 3663 3139 3736 lapidumque
3168 3668 3454 3724 volumina

1935 3755 2271 3808 Amoventes
2297 3752 2645 3816 ﬁnitimi,vix
2670 3758 2839 3823 caput
2864 3753 3237 3821 semimortui,
3313 3813 3317 3816 ,

1935 3843 2094 3907 Quod
2137 3859 2281 3914 pene
2331 3843 2448 3912 jam
2491 3840 2888 3908 contriverant,
2936 3847 3000 3895 ut
3028 3849 3217 3913 petras
3245 3844 3357 3900 illic
3375 3845 3524 3916 jece-

3287 3934 3460 4004 [rant,

1937 4019 2322 4090 Reperientes,
2355 4019 2658 4073 extrahunt
2679 4019 2837 4090 quasi
2868 4018 3106 4073 cadaver
3130 4025 3434 4075 mortuum.

1934 4110 2167 4163 Nullum
2197 4109 2322 4164 vitae
2351 4108 2692 4178 spiraculum
2731 4107 2786 4160 in
2819 4124 2883 4162 eo
2911 4123 3014 4160 nec
3045 4107 3358 4162 anhelitum

1940 4197 2322 4268 Percipientes
2360 4196 2621 4250 vividum.
2655 4196 2798 4249 Nam
2829 4195 2898 4248 ab
2924 4195 3065 4248 hora
3090 4196 3209 4266 jam
3235 4194 3406 4249 tertia

1936 4285 2126 4355 Usque
2156 4285 2271 4339 fere
2300 4285 2370 4338 ad
2393 4284 2685 4355 septimam
2717 4283 2777 4336 in
2804 4283 3052 4338 tenebris
3076 4283 3435 4338 horrentibus

249 4379 508 4434 curritur
537 4377 608 4430 ad
638 4376 970 4441 videndum;
1000 4380 1180 4429 mater
1208 4377 1377 4428 etiam
1408 4376 1663 4445 suspensi
1693 4375 1919 4466 mise-D
1938 4375 2200 4428 Jacuerat
2224 4373 2304 4427 sic
2332 4374 2584 4427 obrutus.
2617 4368 2758 4426 Inde
2785 4373 3072 4426 trahentes
3109 4371 3380 4442 pallidum

249 4469 450 4524 randis
483 4465 821 4522 clamoribus
870 4464 1088 4534 ejulans
1133 4481 1259 4517 cum
1311 4463 1374 4516 B.
1418 4480 1582 4532 quem
1613 4464 1854 4534 hOSpitio

248 4555 855 4629 susceperat,accurrit
879 4553 1306 4616 Amando.Quid
1326 4553 1488 4622 plura
1509 4551 1534 4605 ?
1555 4551 1620 4606 In
1635 4559 1856 4607 tantum

248 4649 335 4702 vir
364 4648 574 4701 beatus
603 4661 774 4714 super
797 4643 1182 4714 compassione
1219 4641 1472 4695 mulieris
1503 4641 1760 4704 indoluit,
1794 4649 1858 4697 ut

248 4737 414 4792 humi
457 4739 796 4805 prostratus
839 4732 1036 4786 tandiu
1066 4730 1306 4784 orationi
1350 4730 1548 4800 plenus
1593 4731 1855 4802 lacrymis

250 4823 604 4887 incubuerit,
672 4822 846 4876 donec
885 4823 1148 4891 juvenem
1197 4819 1382 4872 vivum
1413 4824 1470 4872 et
1517 4819 1856 4874 incolumem

245 4914 504 4988 propriae
534 4911 700 4965 matri
738 4909 1006 4980 gaudenti
1061 4914 1119 4962 et
1162 4907 1482 4968 exsultanti,
1522 4907 1635 4960 Deo
1666 4908 1856 4979 propi-

245 5006 436 5061 tiante
468 4999 800 5055 restituerit.
830 4999 914 5053 Ob
954 4999 1058 5051 hoc
1087 5013 1221 5066 ergo
1249 4995 1514 5067 paradoxi
1543 4994 1770 5066 dignam
1800 5003 1858 5051 et

243 5089 639 5149 venerabilem
685 5087 1017 5142 memoriam
1049 5086 1304 5157 quaedam
1333 5085 1609 5155 capellula
1656 5085 1855 5156 exiguo

316 5198 448 5272 (Ἡ)
480 5195 634 5250 Dum
681 5194 850 5272 isthic
866 5209 1008 5272 cum
1036 5191 1858 5272 reliquiisﬂS.‘Amapdiesset

243 5262 490 5334 auctor;
553 5266 702 5337 quod
734 5281 767 5320 a
803 5263 1036 5335 reliquis
1084 5262 1368 5316 miraculis
1404 5267 1526 5316 tum
1573 5263 1734 5317 factis
1776 5280 1861 5316 se-

249 5342 462 5398 iunxit.

238 5362 462 5415 junxit.

314 5413 441 5482 (25)
474 5410 593 5482 Seu
608 5408 992 5482 iBarisiacum.

317 5474 432 5551 ('26)
463 5481 524 5534 A
561 5479 876 5533 Childeriro
909 5495 1039 5548 rege
1087 5482 1289 5551 nepote
1326 5475 1629 5551 Diagoberti
1659 5474 1686 5530 Ι
1714 5474 1862 5551 hunc

234 5549 431 5614 locum
465 5551 748 5604 donatum
780 5551 949 5604 fuisse
979 5551 1035 5603 S.
1068 5550 1322 5602 Amando
1352 5549 1610 5604 diximus.
1641 5551 1727 5602 Au
1753 5549 1864 5602 Da-

231 5629 530 5704 ἔθιζε-ηυξ
558 5621 712 5704 ﬁlius
744 5622 798 5675 S.
836 5620 1580 5704 Sigebel'ti‘intelligendus?

1938 4464 2270 4532 Mortuoque
2297 4462 2669 4526 simillimum,
2701 4478 2826 4515 cum
2855 4465 3162 4514 tractarent
3183 4460 3252 4513 de
3277 4459 3458 4514 loculo

1940 4551 2008 4604 Et
2034 4551 2286 4604 faciendo
2307 4550 2524 4604 tumulo
2548 4569 2560 4616 ;
2594 4555 2888 4602 cernentes
2920 4549 3068 4602 hunc
3089 4547 3401 4614 rubescere,

1941 4640 2343 4694 Intellexerunt
2371 4638 2570 4692 vivere.
2608 4638 2708 4691 llic
2736 4653 2957 4707 quoque
2989 4638 3168 4691 multo
3189 4643 3441 4708 tempore

1939 4728 2074 4782 Post
2102 4745 2272 4782 sanus
2306 4727 2443 4780 vixit
2481 4743 2712 4797 corpore
2730 4742 2854 4778 cum
2884 4725 2978 4778 illo
3008 4743 3110 4780 suo
3139 4742 3423 4797 compare,

1937 4817 2008 4870 Et
2036 4822 2162 4887 post
2183 4817 2340 4870 illum
2372 4814 2682 4869 certissime
2715 4830 3076 4884 perseverans
3100 4814 3348 4868 servitio.

2008 4904 2094 4961 20.
2131 4904 2239 4972 (3οι
2270 4906 2430 4958 Anno
2461 4903 2532 4958 ab
2567 4902 2962 4957 Incarnatione
2989 4903 3211 4958 Domini
3231 4899 3394 4969 1090,
3419 4903 3535 4957 cui-

1939 4995 2068 5048 dam
2099 4993 2498 5047 monachorum
2524 4993 2580 5046 S.
2598 4992 2967 5055 Amandi,per
2985 5008 3245 5046 somnum
3274 4992 3413 5045 visio
3431 5008 3532 5062 ap-

1938 5083 2126 5154 paruit
2153 5087 2422 5152 tanquam
2450 5080 2746 5134 dehiscens
2775 5081 2998 5146 coelum,
3025 5081 3283 5135 ardorem
3302 5079 3533 5149 igneum

1943 5189 2118 5244 Aisiae
2141 5187 2459 5241 ﬂuminum.

2019 5259 2124 5328 (28)
2162 5260 2288 5313 Haec
2314 5259 2425 5311 duo
2455 5256 2640 5328 capita
2667 5257 3027 5311 continentur
3061 5257 3118 5311 in
3162 5256 3534 5328 mstAman-

1943 5326 2111 5388 dino,
2139 5336 2334 5400 postea
2381 5326 2666 5399 adjuncta,
2701 5329 2818 5382 sive
2861 5327 2930 5381 ab
2971 5328 3168 5382 eodem
3227 5326 3534 5383 Gillebcrto

1943 5418 2042 5456 seu
2075 5403 2259 5456 potius
2282 5401 2408 5452 alio.

1954 5419 2042 5456 seu
2112 5419 2408 5454 ouusauo.

1954 5513 1956 5515 ›
2015 5419 2126 5536 (28)
2163 5473 2303 5541 Ergo
2335 5477 2459 5541 post
2499 5469 2713 5524 obitum
2762 5469 3069 5535 Lamberti,
3122 5485 3220 5541 seu
3274 5468 3534 5541 Fulcardi

1946 5544 2180 5603 abbatis,
2211 5540 2314 5595 sub
2339 5540 2583 5597 'Bovone.
2613 5546 2712 5595 aut
2742 5541 2937 5611 primis
2965 5541 3128 5594 annis
3153 5540 3422 5611 Hugonis.

2019 5615 2134 5685 (30)
2177 5612 2652 5682 Praeponebantur
2692 5610 2810 5668 haec
2855 5612 3024 5669 verba
3047 5613 3228 5669 instar
3254 5610 3405 5667 tituli
3437 5626 3450 5662 :
3477 5611 3534 5670 S.

304 5697 427 5774 (27)
476 5691 784 5766 Oppidum
819 5685 1047 5764 elegans
1070 5691 1144 5747 ad
1179 5685 1524 5748 conﬂuentes
1564 5691 1770 5748 Axonze
1808 5695 1866 5772 et
1943 5686 2193 5748 Amandi
2212 5685 2444 5741 deBz‘zo.
