3972 6172
509 321 638 382 μω
1571 315 1935 372 WILLELMI
1977 315 2343 372 CLUSIENS.
2387 308 2710 370 nomen.
3591 309 3697 374 me

497 452 722 518 gentm,
759 446 1074 502 inveniunt.
1123 445 1415 498 Adventus
1459 459 1662 496 causas
1708 446 2011 511 exponunt.
2044 447 2099 494 et
2126 440 2364 499 Anullus
2396 441 2624 502 inesset,
2655 439 3064 492 Taurinensem
3087 437 3412 507 pontiﬁcem.
3438 440 3519 508 qui
3545 439 3698 494 limine

500 535 780 588 licentiam
809 535 1170 588 construendi
1205 532 1440 588 ccrnobii
1471 532 1527 584 in
1561 537 1869 584 memorato
1892 531 2092 583 multo-
2176 527 2484 586 dicebatur,
2517 527 2670 588 adiit,
2706 533 2761 580 et
2791 527 2992 580 oblatis
3021 543 3143 596 quae
3173 529 3381 578 tantum
3403 527 3555 578 virum
3578 528 3700 581 dece-

497 623 604 676 ties
633 615 753 675 loco
777 626 1011 694 petunt;
1046 640 1110 676 ea
1146 620 1398 676 videlicet
1450 622 1667 674 ratione
1715 629 1775 673 ut
1817 620 2092 689 gloriosus
2177 615 2314 669 bant
2345 617 2691 678 muneribus,
2726 617 2940 669 cunctis
2971 615 3173 670 iterum
3209 615 3378 666 locum
3408 613 3524 667 solvi
3553 618 3701 669 condi-

499 704 745 765 marchio
777 721 1051 782 quantum
1082 712 1204 765 auri
1235 713 1399 764 vellet
1429 711 1510 763 vel
1541 710 1778 778 argenti,
1814 710 2091 762 mulorum
2181 705 2426 758 tionibus
2441 723 2565 759 cum
2598 705 2974 759 anuthematis
2992 705 3160 757 etiam
3181 704 3567 773 interpositione
3583 705 3699 756 favo-

494 804 936 869 caetcrorumque
966 800 1346 852 vehiculorum
1382 813 1502 867 qua:
1535 796 2098 854 adduxerant.maxi-
2180 789 2434 847 rabiliter
2486 795 2824 864 impetravit.
2883 795 3131 864 Indeque
3188 794 3413 846 Romam
3472 793 3700 863 profectus

494 896 643 939 mam
677 887 892 957 copiam
951 886 1190 956 benigne
1223 886 1512 956 reciperet.
1545 890 1601 938 et
1636 886 1813 937 locum
1845 880 1912 936 ab
1944 879 2096 936 omni
2179 883 2427 936 omnium
2480 883 2873 954 praedictarum
2929 883 3292 954 Sponsionuin
3321 889 3423 934 tam
3455 883 3694 952 pontificis,

493 971 597 1028 sua
637 962 1145 1047 prohmred'umque
1211 992 1440 1028 suorum
1507 974 1758 1027 saeculari
1818 979 2093 1044 potestate
2178 988 2344 1041 quam
2378 972 2715 1025 marchionis
2735 981 2980 1034 tenores,
3003 977 3335 1040 omnemque
3363 970 3442 1023 sui
3461 970 3699 1040 operiser-

491 1063 965 1136 scriptojudiciah
986 1065 1248 1117 solveret:
1277 1071 1555 1132 quatenus
1588 1063 1640 1115 in
1674 1068 1955 1131 posterum
1985 1062 2096 1114 Deo
2177 1061 2336 1113 diens
2369 1061 2656 1114 historiam
2693 1079 2847 1131 papae
2871 1063 3154 1131 Sylvestro
3181 1064 3204 1083 *
3227 1059 3430 1118 retulit,
3450 1067 3498 1111 et
3524 1061 3623 1127 ejus
3645 1060 3700 1111 ad

493 1152 631 1207 inibi
666 1153 976 1215 servituris,
1011 1169 1045 1205 a
1074 1152 1288 1206 cunctis
1328 1169 1450 1221 quae
1499 1151 1680 1203 saeculi
1726 1149 2094 1220 potestatibus
2177 1165 2420 1218 praesens
2469 1150 2736 1219 principis
2774 1151 3158 1220 apostolorum
3190 1148 3521 1211 auctoritate,
3551 1153 3700 1216 postea

490 1241 576 1294 vel
606 1257 674 1294 ex
706 1235 919 1309 debito,
953 1242 1034 1293 Vel
1065 1257 1128 1294 ex
1157 1247 1372 1293 terrore
1392 1241 1550 1302 fiunt,
1572 1240 1828 1308 expedita
1861 1238 2090 1291 libertas
2175 1253 2305 1289 vero
2329 1239 2702 1308 imperatoria:
2740 1237 3054 1308 majestatis
3084 1235 3424 1291 corroborari
3453 1237 3606 1290 locum
3630 1237 3700 1289 lit-

491 1330 906 1384 conditionibus
947 1338 1113 1384 esset.
1146 1329 1602 1383 Liberalissimus
1630 1329 1886 1398 princeps
1919 1328 2090 1380 liben-
2172 1328 2307 1379 teris
2339 1334 2393 1380 et
2426 1328 2651 1380 nomine
2684 1326 2829 1382 fecit.
2866 1329 2948 1382 Ne
2978 1335 3167 1383 autem
3203 1326 3389 1396 aliqua
3412 1325 3628 1378 dubietas
3651 1342 3701 1378 ex

488 1426 574 1472 ter
603 1418 821 1473 annuit.
2171 1415 2260 1469 his
2289 1433 2410 1485 quze
2441 1417 2616 1470 relata
2645 1425 2778 1470 sunt
2805 1418 2861 1470 in
2892 1417 3158 1471 cordibus
3188 1416 3427 1469 ﬁdelium
3457 1416 3607 1485 possit
3621 1415 3702 1467 ori-

560 1509 776 1562 Aderat
819 1506 896 1562 ibi
931 1508 1157 1577 quidam
1209 1514 1348 1560 nutu
1401 1505 1622 1560 Domini
1665 1505 1749 1558 vir
1797 1505 2088 1573 religiosus
2172 1505 2237 1568 ri,
2276 1505 2436 1558 testis
2466 1511 2521 1560 et
2550 1506 2669 1576 ipsa
2691 1507 2922 1559 familia.

489 1592 701 1651 ordinis
737 1597 1050 1656 monastici,
1078 1596 1302 1648 nomine
1331 1598 1612 1658 Atverttis,
1641 1594 1812 1664 quiin
1841 1593 2087 1646 Lizathio
2243 1594 2425 1663 Igitur
2470 1595 2802 1648 venerabilis
2843 1611 2986 1666 papa
3029 1595 3315 1658 Nicolaus,
3354 1593 3487 1665 quod
3543 1609 3702 1646 nomen

487 1683 828 1738 induasterio‘
875 1681 1093 1737 abbatis
1125 1685 1279 1754 prius
1305 1685 1486 1736 ollicio
1532 1685 1775 1748 functus,
1821 1691 1990 1753 atque
2018 1681 2087 1735 ab
2145 1682 2460 1758 .victoriam
2493 1685 2682 1754 populi
2715 1683 2978 1738 nimirum
3011 1685 3269 1738 catholici
3299 1691 3451 1738 sonat
3483 1684 3706 1737 narratio-

484 1775 588 1827 hoc
626 1791 659 1826 a
691 1768 994 1827 contrariis
1031 1780 1237 1826 sancta)
1269 1774 1554 1842 religionis
1585 1774 1863 1841 expulsus,
1892 1780 2026 1826 tunc
2055 1789 2085 1824 ει
2113 1759 2257 1823 Bnis
2292 1772 2458 1840 hujus
2489 1773 2770 1826 ordiendae
2807 1773 3066 1826 laudator
3095 1779 3152 1826 et
3199 1778 3492 1842 praeceptor
3517 1771 3706 1836 exstitit,

482 1861 772 1917 liminibus
801 1863 1182 1932 apostolorum
1213 1865 1520 1930 regressus.
1551 1862 1605 1914 in
1639 1862 1832 1913 eodem
1864 1878 1963 1931 per
1991 1859 2084 1913 ali-
2170 1864 2234 1911 ut
2261 1859 2474 1912 cunctis
2504 1861 2816 1929 legentibus
2844 1862 3235 1916 innotesceret.
3255 1859 3489 1931 przedicti
3517 1859 3605 1912 loci
3629 1875 3704 1911 cu-

482 1957 621 2022 quot
651 1951 769 2004 dies
789 1951 970 2004 fuerat
993 1950 1234 2021 hospitio
1257 1959 1588 2004 remoratus.
1627 1951 1920 2003 Praefatum
1954 1967 2086 2019 ergo
2171 1965 2288 2001 ram
2315 1949 2634 2018 specialiter
2664 1951 2732 2002 ad
2767 1951 2956 2003 sedem
2984 1951 3348 2021 apostolicam
3389 1950 3650 2020 pertinere.

481 2037 663 2092 virum
695 2037 1018 2110 religiosum
1047 2033 1338 2092 Atvertum
1371 2040 1564 2093 multis
1614 2039 1870 2110 precibus
1920 2039 2087 2092 vincit
2239 2037 2401 2090 Anno
2430 2038 2600 2106 igitur
2621 2038 2724 2093 906
2747 2039 3155 2093 lncarnationis
3186 2039 3707 2102 Dominicze,constru-

479 2127 664 2198 Hugo,
697 2134 753 2182 et
782 2129 991 2181 relictis
1022 2137 1292 2198 quantum
1323 2129 1392 2180 ad
1411 2144 1652 2198 praesens
1673 2133 1734 2180 ut
1753 2128 2080 2197 peregrinus
2168 2126 2289 2191 ctis,
2326 2135 2389 2178 ut
2411 2128 2602 2190 fertur,
2642 2127 2696 2180 in
2729 2129 2922 2180 eodem
2975 2129 3093 2182 loco
3137 2129 3369 2181 feliciter
3398 2128 3708 2181 ofﬁciniscte-

482 2223 709 2287 poterat
737 2217 1069 2271 necessariis
1100 2216 1150 2269 ei
1184 2217 1365 2270 locum
1397 2217 1770 2277 committens,
1797 2216 1959 2269 citius
1989 2233 2078 2269 re-
2164 2215 2499 2278 nobialibus,
2559 2222 2727 2286 prout
2779 2222 2901 2269 erat
2934 2216 3214 2286 possibile.
3249 2229 3374 2272 cum
3405 2217 3489 2269 ille
3514 2215 3708 2267 virillu-

478 2305 701 2359 diturus
730 2305 799 2358 ad
827 2321 928 2358 sua
958 2317 1083 2358 cum
1115 2305 1324 2374 gaudio
1357 2305 1538 2358 rediit.
2162 2303 2291 2356 stris
2323 2305 2482 2374 llugo
2514 2305 2569 2356 in
2600 2304 2772 2358 armis
2788 2312 3072 2370 strenuus,
3099 2305 3193 2358 sed
3222 2306 3282 2358 in
3317 2305 3410 2359 Dei
3432 2304 3710 2358 rebuscirca

549 2391 758 2449 Exinde
805 2393 890 2446 vir
927 2395 1042 2447 Deo
1071 2394 1268 2464 plenus
1316 2394 1580 2447 Atvortus
1628 2393 1857 2446 omnino
1915 2393 2080 2464 plena
2163 2393 2331 2446 linem
2366 2394 2544 2463 magis
2574 2393 2824 2457 devotus,
2862 2395 3044 2447 locum
3076 2411 3266 2464 quem,
3302 2395 3440 2449 sicut
3467 2410 3615 2463 supra
3636 2409 3709 2444 re-

477 2481 770 2537 devotione
800 2495 1085 2553 satagens,
1119 2488 1433 2552 Opportuna
1472 2483 1760 2536 monachis
1790 2484 2082 2537 aediﬁci-oin
2163 2483 2417 2541 tulimus.
2470 2484 2651 2552 pretio
2692 2482 2792 2536 sibi
2839 2490 2900 2536 ut
2943 2484 3231 2553 proprium
3278 2485 3646 2536 vendicaverat.
3666 2487 3712 2534 et

479 2572 786 2627 secundum
809 2573 978 2626 situm
1003 2572 1128 2635 loci,
1155 2588 1283 2624 nam
1308 2571 1549 2641 scopulis
1570 2574 1913 2641 asperrimus
1935 2580 2074 2635 erat,
2165 2571 2471 2640 apostolica
2502 2572 2837 2625 auctoritate
2869 2587 2966 2625 seu
2995 2573 3289 2643 praeceptis
3327 2572 3586 2642 regalibus
3606 2587 3708 2622 mu-

487 2662 654 2732 carpit
701 2668 1045 2714 construere.
1069 2661 1342 2731 Tempore
1365 2660 1667 2713 constituto
1699 2661 1841 2713 sicut
1866 2661 2077 2730 promi-
2162 2659 2364 2722 nierat,
2398 2660 2585 2713 abbati
2609 2661 2881 2715 duntaxat
2909 2679 2972 2715 ac
2994 2662 3284 2715 monachis
3306 2661 3596 2716 habendum
3615 2666 3708 2712 tra-

481 2755 634 2804 serat
658 2749 819 2819 HUgo
853 2747 1038 2815 rediit,
1074 2754 1127 2802 et
1159 2747 1422 2802 omnibus
1451 2749 1778 2802 necessariis
1809 2749 2078 2819 impensns
2162 2748 2416 2803 didisset.
2454 2755 2748 2820 postquam
2783 2751 2950 2804 etiam
2982 2752 3038 2805 S.
3076 2752 3324 2804 Joannes
3353 2752 3710 2812 eremita,nec-

473 2837 542 2892 ad
583 2837 978 2910 perficiendam
1002 2837 1244 2890 ecclesia)
1275 2837 1540 2890 fabricam
1572 2838 1742 2905 datis,
1773 2837 1976 2891 iterum
2009 2839 2078 2891 ad
2165 2854 2274 2890 non
2303 2846 2360 2890 et
2389 2838 2562 2892 beatae
2594 2840 2876 2892 memoria
2921 2841 3186 2893 Atvertus
3214 2841 3388 2893 abbas
3420 2841 3712 2908 migrassent

482 2928 777 2998 praelatum
824 2927 1204 2981 marchionem
1254 2927 1551 2978 transitum
1593 2927 1742 2990 fecit,
1785 2935 1840 2979 et
1881 2926 1949 2979 ab
1988 2943 2073 2992 eo,
2161 2921 2228 2978 ad
2254 2926 2576 2989 Dominum,
2610 2928 3024 2980 suecessiteiin
3052 2929 3346 2997 regimine,
3377 2928 3590 2980 fratrum
3610 2941 3712 2977 con-

488 3017 636 3071 sicut
691 3023 747 3070 et
794 3017 947 3086 prius
970 3056 983 3081 ,
1032 3015 1163 3068 dato
1212 3016 1392 3086 Pl't'th
1435 3015 1679 3068 villulam
1730 3017 2071 3085 contiguam,
2159 3029 2322 3068 sensu
2344 3023 2400 3068 et
2419 3015 2686 3068 electione
2716 3017 2801 3068 vir
2829 3016 3205 3087 simplicitatis
3228 3024 3289 3071 et.
3305 3015 3594 3090 prudentiae
3623 3030 3712 3066 me-

473 3101 708 3160 n‘omine‘
752 3103 998 3169 Clusium,
1048 3107 1105 3156 et
1154 3099 1492 3155 aediﬁcandis
1545 3103 1746 3156 villulis
1801 3103 2296 3175 congruascrito,
2325 3104 2658 3159 Benedictus
2686 3105 2931 3161 nomine.

477 3202 660 3250 terras
689 3193 1054 3247 nihilominus
1099 3191 1394 3261 contiguas
1437 3192 1746 3260 acquisivit.
1781 3193 1854 3245 Ut
1890 3200 2078 3246 autem

475 3284 757 3339 libertatis
786 3282 892 3338 loci
920 3298 1021 3353 pro
1050 3297 1164 3352 qua
1189 3279 1482 3350 satagebat
1525 3281 1828 3352 scrupulus
1850 3281 2080 3338 omnino

2047 3452 2181 3562 ΙΙ.

561 3701 574 3717 .
599 3705 610 3717 .
634 3705 644 3716 .
668 3705 681 3718 .
720 3661 843 3714 Non
878 3659 1124 3729 ignoras,
1158 3659 1466 3712 conscende
1497 3659 1811 3729 intrepidus
1841 3678 1850 3711 :
1880 3664 1936 3712 et
1955 3677 2084 3713 cum
2166 3661 2498 3732 angelorum
2528 3669 2875 3732 accepturus.
2929 3683 2950 3714 ι
2985 3665 3048 3718 In
3078 3666 3392 3720 crastinum
3434 3666 3593 3736 igitur
3616 3680 3718 3717 cum

481 3749 669 3803 omnia
699 3766 821 3820 quae
842 3749 943 3802 tibi
974 3750 1123 3802 furto
1169 3748 1358 3801 ablata
1395 3748 1696 3808 verebaris,
1736 3749 1811 3800 ibi
1853 3749 2083 3802 collecta
2165 3750 2234 3802 ad
2267 3751 2448 3803 locum
2506 3758 2729 3804 ventum
2777 3752 2994 3815 fuisset,
3037 3762 3094 3807 et
3146 3755 3490 3809 honorabilis
3515 3753 3718 3825 pontifex

477 3839 778 3903 inveneris,
826 3854 964 3908 opus
998 3837 1145 3908 quod
1178 3837 1611 3908 imper-avaram,
1643 3838 1701 3890 i'n
1733 3837 1930 3890 eodem
1964 3837 2082 3890 loco
2166 3853 2290 3891 cum
2321 3840 2641 3893 venerando
2671 3846 2816 3895 caetu
2847 3836 3058 3897 foribus
3088 3843 3324 3898 humilis
3357 3844 3585 3898 basilica:
3611 3841 3718 3895 asti-

481 3930 749 4000 perticere
783 3943 851 3980 ne
881 3921 1186 3981 cuncter-is.
1213 3971 1222 3981 .
1248 3971 1259 3982 .
1286 3971 1296 3982 .
1321 3971 1332 3982 .
1373 3925 1726 3982 morabatur.
1752 3972 1762 3982 .
1789 3972 1798 3982 .
1823 3971 1834 3981 .
1873 3927 2082 3995 angeli-
2165 3927 2344 3992 tisset,
2400 3928 2614 3998 aspexit
2656 3929 2725 3981 ab
2768 3930 2880 3983 alto
2928 3937 3196 4001 tanquam
3247 3934 3358 3986 olei
3390 3934 3640 4003 liquorem
3663 3929 3721 3982 ef-

481 4034 546 4072 ca
584 4017 921 4070 revelatione
965 4015 1134 4086 coepit
1177 4015 1376 4068 honori
1427 4022 1482 4067 et
1519 4016 1696 4068 amori
1737 4014 1929 4068 haberi
1962 4015 2084 4084 ipsa
2167 4016 2356 4074 ﬂuere.
2393 4023 2445 4069 et
2477 4017 2718 4086 elﬁgiem
2757 4020 2936 4073 crucis
2978 4020 3210 4074 humore
3240 4039 3432 4075 crasso
3461 4038 3552 4092 per
3577 4019 3720 4073 eccle—

479 4107 656 4177 regio,
689 4125 810 4178 quae
859 4115 1026 4163 antea
1062 4106 1275 4159 inculta
1306 4114 1362 4156 et
1392 4104 1512 4156 vilis
1543 4104 1870 4157 habebatur.
1909 4105 2081 4157 Vene~
2171 4105 2322 4158 siola:
2355 4107 2624 4174 quosdam
2682 4109 2938 4176 scopulos
2994 4109 3310 4164 eminentes
3357 4126 3624 4181 apparere.
3665 4108 3719 4158 At

480 4197 672 4250 rabilis
717 4215 937 4268 quoque
987 4195 1189 4268 praesul
1231 4194 1425 4247 Amizo
1468 4193 1536 4246 ad
1572 4195 1748 4246 locum
1782 4194 2082 4263 appropin-
2167 4195 2261 4247 ille
2293 4194 2709 4264 obstupefactus
2739 4203 2794 4248 et
2822 4214 2945 4250 cum
2978 4199 3128 4251 omni
3156 4200 3366 4269 populo
3396 4207 3595 4252 terrore
3620 4210 3721 4266 per-

484 4303 684 4357 quans,
726 4287 785 4341 in
840 4294 1026 4341 castra
1054 4285 1374 4355 hospitatur
1401 4282 1694 4335 Avilliano.
1729 4283 1862 4334 Ecce
1893 4291 2079 4334 autem
2164 4284 2375 4346 culsus,
2412 4283 2640 4336 humilis
2688 4286 3019 4354 Ingreditur,
3054 4295 3110 4340 et
3135 4287 3293 4340 humi
3324 4295 3640 4358 prostratus,
3657 4300 3724 4336 ar.

482 4375 630 4429 circa
672 4375 858 4428 noctis
908 4375 1177 4437 medium,
1221 4373 1374 4425 dictu
1425 4370 1715 4423 mirabile!
1776 4370 2084 4423 immensus
2165 4373 2435 4440 changelo
2466 4373 2750 4426 mediante
2777 4391 2810 4426 a
2839 4375 3201 4428 Dominatore
3230 4377 3600 4430 coelietterrte
3629 4387 3724 4444 per-

481 4464 634 4536 ignis
649 4465 829 4520 instar
858 4481 1076 4535 magna
1117 4462 1388 4516 columnae
1415 4477 1446 4513 e
1475 4460 1613 4513 coelo
1642 4477 1811 4528 super
1833 4467 2077 4512 montem
2110 4462 2369 4522 ufectum
2413 4463 2580 4514 ﬁnem
2627 4470 2798 4514 tanta;
2843 4463 3034 4517 virtuti
3091 4463 3349 4518 obnixius
3391 4466 3717 4535 imprecetur.

484 4553 844 4618 descendere,
879 4554 1108 4622 suisque
1152 4550 1395 4605 llanunis
1444 4548 1689 4602 coruscis
1732 4561 1861 4601 aere
1890 4565 2086 4601 sereno
2170 4552 2434 4605 Oratione
2449 4558 2635 4604 autem
2660 4552 2837 4608 ﬁ'nita.
2867 4566 2992 4605 cum
3024 4554 3213 4606 oculos
3244 4554 3508 4626 lacrymis
3522 4551 3724 4606 suli'usos

485 4647 666 4697 totum
697 4642 904 4696 circum
935 4641 1199 4694 lambere.
1228 4638 1404 4709 Cujus
1435 4639 1680 4692 novitate
1709 4637 1964 4690 miraculi
1995 4655 2087 4708 po-
2170 4639 2424 4700 levasset,
2443 4640 2593 4692 videt
2619 4640 2846 4693 titulum
2862 4641 3014 4694 mirae
3037 4643 3718 4712 pulchritudiniserectum.

484 4729 603 4800 puli
633 4732 826 4783 stratis
856 4729 1040 4792 exciti,
1072 4728 1352 4798 supplices
1399 4727 1468 4780 ad
1510 4727 1714 4779 coelum
1740 4743 1940 4778 manus
1969 4733 2087 4779 ten-
2171 4729 2362 4797 procul
2393 4728 2561 4782 dubio
2591 4729 2849 4783 manibus
2885 4730 3152 4801 angelicis
3180 4740 3520 4804 coeptatam,
3551 4739 3602 4785 et
3627 4727 3724 4780 bal-

486 4820 639 4886 dere,
673 4825 894 4888 pectora
935 4817 1139 4886 pugnis
1187 4817 1441 4870 tundere.
1488 4816 1878 4869 Vociferantur
1902 4817 2088 4869 cuncti
2170 4833 2328 4870 samo
2349 4825 2517 4887 atque
2539 4819 2658 4872 oleo
2680 4836 2780 4888 per
2806 4819 3103 4874 circuitum
3151 4832 3439 4894 sapt-aque
3466 4822 3730 4875 afﬂuenter

486 4907 909 4978 Pyrchirianam
947 4905 1170 4975 penitus
1203 4905 1377 4958 exuri.
1411 4905 1648 4958 Tollitur
1678 4905 1888 4957 clamor
1916 4905 1985 4957 ad
2016 4905 2086 4958 si-
2169 4907 2392 4969 sudare,
2428 4908 2482 4959 in
2529 4914 2746 4960 tantum
2794 4917 2858 4961 ut
2894 4910 2966 4962 ad
3015 4916 3223 4963 tenam
3276 4921 3460 4981 usque
3485 4910 3730 4962 videretur

486 4997 623 5051 dera
676 4996 978 5066 Episcopus
1010 4995 1146 5065 ipse,
1177 5001 1336 5047 tanto
1367 5011 1590 5048 rumore
1629 4993 1921 5051 attonitus.
1956 5005 2080 5045 sur-
2168 4997 2418 5048 clﬂuere.
2478 4997 2636 5059 Quod
2693 5013 2927 5050 cernens
2981 5005 3207 5069 accepto
3272 5001 3512 5054 festinus
3562 4999 3728 5050 linteo.

486 5087 994 5156 rexit,partemque
1021 5085 1203 5138 rutin
1231 5083 1369 5136 lucis
1392 5085 1740 5152 iamiamque
1771 5081 2077 5135 recedentis
2164 5084 2348 5137 oleum
2377 5095 2697 5138 reverenter
2727 5089 2975 5146 extersit,
3009 5094 3067 5140 et
3095 5088 3175 5140 sic
3215 5096 3415 5158 Operto
3435 5089 3592 5142 tit'uio
3614 5084 3730 5138 mis-

479 5174 910 5246 contemplatus,
943 5172 1022 5227 sic
1050 5173 1134 5225 ait
1149 5171 1266 5226 suis
1299 5189 1346 5223 1e
1376 5171 1420 5224 Ο
1444 5187 1610 5240 quam
1626 5170 1960 5223 metuendus
1989 5174 2075 5223 est
2157 5192 2350 5227 sarum
2380 5175 2457 5226 ibi
2482 5175 2751 5227 solemnia
2782 5176 3142 5231 devotissime
3161 5179 3479 5234 celebravit.
3513 5180 3556 5231 Α
3580 5177 3729 5229 linteo

483 5267 634 5318 locus
676 5266 777 5316 iste
805 5264 814 5315 !
849 5268 890 5316 Α
921 5264 1158 5317 Domino
1192 5279 1313 5313 \cre
1361 5261 1566 5312 factum
1599 5267 1682 5312 est
1712 5261 1877 5322 Istud,
1913 5269 1968 5312 et
1995 5269 2080 5313 cst
2163 5281 2310 5324 vero,
2347 5281 2454 5332 quo
2481 5281 2634 5316 sacra
2664 5271 2881 5317 extersa
2913 5272 2998 5318 est
3026 5280 3146 5332 ara,
3175 5277 3389 5337 quanta
3435 5264 3731 5338 processerit

483 5355 735 5406 mirabile.
771 5354 823 5406 in
853 5352 1026 5406 oculis
1055 5351 1279 5405 nostris.
1322 5349 1421 5401 llic
1453 5355 1534 5400 cst
1569 5349 1659 5401 illc
1683 5350 1883 5401 ardens
1911 5349 2080 5402 rubus
2167 5353 2359 5411 virtus,
2388 5369 2495 5403 uon
2529 5361 2614 5403 est
2642 5360 2845 5405 nostra:
2871 5355 3156 5406 facultatis
3178 5355 3432 5408 evolvere
3463 5372 3472 5406 :
3507 5352 3732 5423 quianon

479 5443 666 5511 inquo
698 5443 876 5512 Moysi
911 5442 1190 5510 quondam
1238 5439 1502 5510 apparuit
1543 5438 1832 5490 UOH-illius.
1869 5440 1967 5490 llic
1999 5447 2081 5492 cst
2162 5441 2478 5503 imbecillis,
2522 5458 2628 5493 non
2655 5457 2685 5492 a
2717 5442 2966 5495 daemone
3013 5457 3321 5512 possessus,
3357 5455 3468 5496 non
3511 5439 3733 5512 qualibet

476 5548 636 5584 mons
685 5531 828 5584 alter
874 5529 1027 5593 Sina,
1066 5530 1282 5598 igura-m
1320 5533 1494 5598 legem
1532 5543 1627 5595 per
1656 5528 2076 5597 dispositionem
2163 5530 2492 5584 inﬁrmitate
2532 5531 2788 5584 detentus
2838 5531 3041 5603 aliquis
3081 5532 3209 5586 inde
3250 5539 3438 5587 tactus
3466 5539 3732 5602 est,quem
