3972 6172
266 338 398 394 1453

1337 336 1675 390 HISTORIA
1717 336 2033 391 MONAST.
2077 338 2442 392 CLUSIENS.

3395 337 3529 395 1454

255 459 602 530 inexpertem
640 459 840 513 divina:
888 458 1119 528 pietatis
1164 475 1290 512 mox
1339 459 1580 513 sanitate
1628 462 2021 530 receptaAlus
2070 460 2292 514 Domini
2340 477 2455 530 per,
2482 466 2763 515 terrarum
2794 463 3090 532 totspatia
3132 462 3396 520 Habacuc
3422 481 3531 535 per

256 549 438 602 virtus
482 549 803 618 archangeli
850 547 1173 618 permiserit
1199 547 1454 601 existere.
1489 548 1684 601 Tantis
1724 551 1851 617 pius

254 639 493 691 antistes
522 638 809 691 miracuiis
848 642 1051 696 motus,
1094 637 1445 690 anachoreta?
1476 637 1752 707 precibus,
1795 644 1852 691 et

254 726 324 780 ab
351 728 602 781 honestis
626 727 893 781 nobilium
926 725 1178 796 personis
1202 725 1297 795 qui
1327 725 1624 780 adfuerant
1654 742 1849 779 exora-

253 822 369 881 tus,
402 833 536 870 cum
602 816 1060 870 interminatione
1107 814 1436 885 sempiterni
1476 814 1852 869 anathematis

255 904 552 958 constituit
570 910 634 958 ut
652 922 684 958 a
708 920 811 958 suo
828 920 1325 973 successurumque
1347 919 1577 975 suorum
1597 902 1850 955 saeculari

253 993 549 1047 dominatu
591 993 675 1046 vel
720 993 1123 1063 impedimento
1158 992 1305 1046 liber
1343 997 1492 1046 esset
1523 1008 1621 1061 per
1650 991 1853 1045 saecula

254 1082 413 1136 locus
457 1101 469 1135 :
494 1099 569 1136 ea
597 1082 813 1136 ratione
858 1088 920 1135 ut
965 1081 1012 1134 si
1043 1081 1170 1152 quis
1197 1081 1318 1150 ejus
1348 1080 1764 1134 constitutionis
1793 1080 1852 1134 in

253 1178 546 1240 posterum
576 1177 930 1241 contemptor
974 1171 1152 1232 ﬁeret,
1180 1169 1496 1239 apostolicae
1524 1169 1673 1224 sedis
1705 1175 1854 1223 esset

248 1260 451 1329 judicii
479 1276 626 1314 reus.

325 1349 415 1403 Ab
450 1350 547 1402 illo
586 1356 840 1420 tempore
866 1348 1056 1417 itaque
1084 1354 1314 1401 sanctus
1338 1347 1580 1400 eremita
1613 1348 1855 1402 Joannes

251 1456 393 1492 usus
441 1439 641 1492 cellula
680 1440 843 1507 juxta
889 1438 1090 1508 posita,
1126 1442 1375 1491 montem
1415 1438 1569 1491 solus
1609 1437 1855 1491 incolere

250 1527 445 1597 cepit,
479 1534 534 1580 et
573 1534 800 1583 sanctus
839 1526 1063 1580 Domini
1093 1525 1480 1595 archangelus,
1513 1526 1620 1580 loci
1651 1525 1738 1578 sui
1767 1525 1855 1578 di-

250 1616 524 1670 lectorem
556 1622 611 1670 et
642 1615 981 1686 provisorem
1010 1631 1070 1668 se
1100 1631 1222 1668 esse
1251 1615 1374 1668 luce
1422 1615 1629 1668 clarius
1671 1615 1853 1669 mani-

251 1705 467 1759 festare
494 1714 605 1761 non
626 1704 861 1759 distulit.
890 1705 1013 1758 Non
1044 1704 1286 1756 multum
1315 1719 1558 1773 namque
1582 1704 1856 1773 temporis

1931 548 2191 618 capillum
2223 549 2441 602 Danieli
2483 548 2543 603 in
2586 550 2717 602 lacu
2750 549 3085 621 Babylonico
3114 552 3329 606 sedenti
3359 559 3416 607 et
3442 554 3528 608 fa-

1934 638 2131 691 melico
2159 637 2550 707 asportaverit,
2578 638 2627 690 si
2659 639 2875 693 ratione
2901 656 3050 694 nunc
3076 642 3526 710 comprehendis,

1932 726 2317 780 indubitanter
2356 733 2542 783 actum
2587 727 2770 781 crede.
2804 732 2891 782 An
2939 729 3190 799 negabis,
3219 729 3526 799 incredula,

1933 816 2078 886 quod
2110 823 2243 869 tunc
2290 815 2497 870 factum
2545 822 2631 869 est
2680 832 2782 886 per
2818 818 3105 887 angelum,
3138 835 3249 875 non
3282 820 3531 889 potuisse

1933 921 2081 959 nunc
2119 905 2242 959 ﬁeri
2285 922 2387 974 per
2422 920 2708 958 summum
2741 905 3190 976 archangelum?
3230 908 3330 961 Vir
3355 908 3531 978 igitur

1934 993 2026 1047 iile
2058 1010 2183 1048 cum
2214 1010 2328 1048 suae
2348 993 2636 1063 sospitatis
2665 994 2888 1047 auctori
2918 1004 3158 1064 quantas
3187 997 3530 1067 potuitgra-

1934 1082 2141 1139 tiarum
2174 1082 2532 1153 persolvisset
2559 1081 2825 1155 actiones,
2851 1083 3012 1139 hctus
3034 1090 3091 1139 et
3117 1086 3379 1140 exsiliens
3390 1086 3531 1143 inde
3582 1150 3589 1151 γ

1935 1170 2259 1242 repedabat.
2292 1172 2530 1241 Jamque
2565 1171 2800 1225 Romam
2842 1172 3163 1239 transierat,
3206 1190 3333 1229 cum
3370 1174 3536 1231 inﬁdi

1936 1261 2169 1314 comites
2197 1261 2316 1329 ejus
2341 1259 2590 1314 nondum
2613 1260 2683 1315 ad
2702 1259 2912 1315 Urbem
2941 1268 3329 1331 pervenerant.
3348 1263 3532 1328 Quem

1936 1348 2181 1403 cumsibi
2193 1348 2409 1402 obviam
2424 1349 2982 1404 emirnusredeuntem
2995 1352 3531 1422 contemplarentur;

1937 1438 2281 1492 admirantes
2300 1444 2495 1491 mutuo
2512 1438 2657 1491 alter
2669 1437 2850 1492 aiebat
2865 1439 2935 1493 ad
2950 1440 3196 1498 alterum
3208 1459 3227 1494 ξ
3248 1458 3274 1492 ι(
3298 1441 3528 1505 0.Deus,

1939 1544 2103 1599 quem
2131 1527 2319 1581 video!
2352 1543 2485 1581 num
2510 1526 2619 1581 iste
2649 1536 2842 1581 noster
2864 1529 3066 1594 socius,
3099 1530 3196 1600 qui
3219 1530 3366 1601 apud
3398 1530 3532 1586 Clu-

1936 1634 2056 1671 sam
2086 1632 2121 1670 a
2148 1615 2308 1670 nobis
2331 1622 2418 1670 est
2445 1616 2714 1669 relictus?
2745 1633 2770 1668 ι
2808 1617 2876 1670 Et
2905 1617 3082 1671 alter:
3113 1637 3136 1669 α
3168 1619 3295 1673 Non
3323 1620 3538 1684 est,ait

1937 1706 2051 1771 ille,
2073 1706 2169 1759 sed
2200 1705 2399 1759 similis
2429 1706 2569 1774 ejus.
2596 1705 2737 1758 Nam
2768 1705 2862 1759 ille
2890 1706 3156 1777 podager,
3189 1707 3295 1762 iste
3324 1708 3537 1765 incedit

252 1794 569 1858 efﬂuxerat,
595 1801 652 1846 et
671 1810 800 1848 ecce
816 1793 922 1846 viri
949 1799 1270 1847 sanctorum
1299 1793 1678 1862 apostolorum
1698 1776 1916 1846 sPetriB
1937 1796 2131 1849 ﬁrmus
2168 1801 2226 1848 et
2270 1794 2587 1849 incolumis.
2622 1794 2730 1848 Sed
2762 1794 2942 1864 quid?
2976 1776 3139 1851 Certe
3185 1796 3233 1853 is
3276 1797 3396 1866 ipse
3418 1805 3530 1852 est.

252 1889 313 1937 et
348 1882 508 1936 Pauli
535 1883 752 1946 limina,
785 1898 1001 1936 necnon
1031 1889 1090 1934 et
1129 1881 1380 1950 ejusdem
1408 1881 1586 1935 sancti
1615 1882 1854 1936 archan-

251 1972 371 2041 geli
402 1972 713 2043 patrocinia
741 1972 798 2024 in
823 1978 1012 2025 monte
1039 1970 1285 2040 Gargani
1307 1970 1464 2023 adire
1491 1969 1851 2024 festinabant.

254 2061 515 2130 Cumque
543 2060 600 2114 in
633 2059 944 2130 Segusiana
972 2059 1114 2112 valle
1144 2059 1311 2129 positi
1356 2058 1733 2128 praescriptam
1764 2076 1855 2112 ec-

254 2150 489 2204 clesiam
519 2150 577 2203 in
614 2148 941 2203 summitate
971 2148 1198 2209 montis,
1244 2154 1513 2217 tanquam
1542 2148 1599 2202 in
1632 2148 1858 2217 specula

254 2239 447 2298 sitam.
480 2239 885 2310 conspicerent,
916 2237 1097 2307 ignari
1142 2253 1351 2300 rerum,
1386 2253 1421 2290 a
1458 2253 1567 2307 quo
1599 2242 1856 2292 constru-

256 2334 369 2390 cta,
404 2328 489 2381 vel
519 2329 681 2396 cujus
709 2327 923 2381 nomini
967 2326 1153 2379 dicata
1189 2330 1354 2389 esset,
1389 2326 1637 2380 studiose
1668 2326 1857 2396 requi-

256 2422 411 2470 runt.
461 2415 675 2479 Quibus
720 2433 845 2470 cum
893 2426 1062 2470 senex
1114 2431 1292 2485 nuper
1335 2422 1492 2485 gesta
1549 2416 1851 2477 retulisset,

255 2521 409 2558 unus
432 2504 686 2568 illorum,
715 2505 809 2575 qui
840 2504 1101 2574 podagrae
1129 2504 1325 2557 morbo
1352 2504 1599 2575 graviter
1625 2504 1859 2558 vexaba-

257 2602 375 2657 tur,
414 2593 576 2647 laetus
606 2593 763 2646 valde
792 2593 1038 2656 effectos,
1070 2592 1249 2647 socios
1279 2594 1385 2647 hoc
1412 2593 1579 2647 modo
1608 2594 1813 2647 affatur
1840 2612 1851 2646 :

263 2702 291 2734 ι
330 2682 539 2745 Nostis,
574 2698 607 2735 ο
644 2682 885 2745 sodales,
934 2688 1144 2752 quanto
1193 2682 1396 2753 pedum
1446 2695 1698 2736 meorum
1740 2688 1858 2735 tor-

263 2788 443 2843 quear
471 2772 683 2833 dol’ore,
722 2776 777 2825 et
822 2787 989 2841 quam
1030 2788 1175 2841 saepe
1205 2787 1298 2825 vos
1324 2770 1652 2825 offenderim
1675 2770 1732 2824 in
1761 2770 1863 2824 hoc

263 2861 470 2915 itinere
497 2878 621 2915 mea
648 2860 930 2914 tarditate.
971 2860 1129 2915 Unde
1157 2860 1420 2931 quoniam
1449 2860 1516 2913 ad
1548 2860 1707 2914 illum
1731 2872 1862 2913 san-

264 2956 422 3005 ctum
448 2949 696 3019 Gargani
731 2955 997 3013 montem,
1022 2948 1167 3002 sicut
1194 2962 1614 3018 proposueram.
1646 2965 1863 3018 nequeo

267 3039 612 3110 pertingere,
637 3038 886 3092 obtestor
913 3054 1014 3108 per
1039 3054 1166 3091 eum
1193 3052 1358 3107 quem
1386 3037 1701 3091 animarum
1734 3037 1865 3091 ﬁde-

1938 1885 2117 1949 Salve,
2169 1882 2313 1937 bone
2353 1882 2453 1935 vir.
2493 1904 2513 1930 ι
2550 1884 2625 1937 At
2657 1881 2753 1938 ille
2792 1902 2805 1936 :
2851 1902 2876 1935 ((
2916 1884 3139 1940 Salvete
3176 1902 3290 1953 vos,
3331 1902 3364 1941 ο
3398 1885 3536 1941 boni

1936 1974 2174 2027 sodales.
2203 1972 2430 2035 —Quid
2458 1972 2694 2033 esthoc,
2720 1971 3022 2042 inquiunt?
3051 1974 3187 2037 Quis
3214 1980 3272 2028 te
3296 1975 3405 2029 huc
3435 1979 3538 2029 aut

1938 2062 2219 2133 quomodo
2240 2078 2412 2115 sanus
2435 2061 2664 2115 effectus
2684 2061 2779 2114 es?
2804 2080 2826 2113 ο
2848 2061 3062 2125 Quibus
3077 2079 3204 2118 cum
3228 2062 3538 2133 praescripti

1938 2151 2194 2204 miraculi
2234 2150 2438 2204 seriem
2465 2150 2768 2212 retulisset,
2797 2155 2970 2205 tantae
3002 2152 3085 2205 rei
3112 2131 3360 2206 novitate
3388 2131 3538 2206 attd~

1942 2239 2043 2293 niti
2056 2239 2334 2293 dixerunt
2361 2238 2432 2292 ad
2462 2254 2624 2292 eum:
2653 2259 2674 2288 ι
2702 2239 2852 2292 Num
2880 2238 2991 2294 ista
3012 2246 3206 2294 sancto
3235 2239 3540 2310 apostolico

1939 2344 2040 2399 per
2085 2327 2336 2381 ordinem
2378 2343 2491 2381 non
2531 2326 2852 2398 aperuisti?
2901 2334 3181 2382 revertere
3224 2328 3542 2400 nobiscum,

1939 2417 2176 2486 ingrate,
2211 2421 2508 2480 revertere,
2541 2421 2600 2469 et
2628 2432 2799 2470 narra
2839 2422 3052 2486 quanta
3083 2417 3185 2472 tibi
3212 2418 3365 2473 Deus
3392 2414 3540 2474 fece-

1939 2507 2032 2559 rit.
2078 2524 2105 2558 »
2142 2506 2208 2559 Et
2234 2505 2333 2559 ille
2365 2522 2376 2558 :
2417 2522 2441 2555 (ί
2476 2505 2700 2558 Faciam
2732 2504 2832 2569 ita,
2866 2507 3092 2560 tametsi
3120 2523 3219 2560 vos
3247 2524 3361 2562 non
3406 2525 3541 2579 pro-

1942 2594 2249 2648 meruistis.
2280 2614 2300 2643 ι
2337 2593 2544 2662 Rediit,
2572 2593 2825 2647 narravit
2842 2600 2903 2648 et
2930 2595 3003 2648 ad
3034 2612 3286 2652 amorem
3315 2614 3544 2655 venera-

1943 2683 2070 2737 bilis
2094 2683 2260 2752 hujus
2294 2682 2398 2737 looi
2424 2678 2661 2736 Romam
2687 2689 2923 2737 matrem
2953 2684 3241 2755 civitatum
3263 2688 3538 2755 accendit,

1944 2777 2174 2841 totaque
2200 2770 2381 2835 Italia,
2416 2787 2530 2840 qua
2557 2769 2876 2834 veniebant,
2905 2752 3075 2841 hujus
3100 2772 3360 2828 miraculi
3386 2752 3544 2830 fama

1944 2859 2248 2929 pertonuit.

2016 2948 2123 3002 Per
2152 2947 2302 3001 idem
2327 2952 2549 3016 tempus
2588 2947 2902 3018 imperante
2939 2948 3146 3004 Ottone
3163 2951 3395 3020 juniore
3422 2954 3541 3009 Aué

1942 3042 2127 3108 gusto,
2162 3036 2391 3107 quidam
2428 3035 2719 3102 nobilium,
2753 3037 2915 3107 Hugo
2945 3038 3189 3106 nomine,
3221 3040 3292 3096 de
3330 3043 3541 3097 Amer.

260 3129 403 3182 lium
434 3128 631 3181 ducem
666 3133 791 3196 post
830 3132 1065 3180 mortem
1094 3126 1333 3180 maxime
1359 3125 1661 3189 credimus,
1702 3133 1766 3179 ut
1793 3126 1922 3191 li-‘(j
1945 3126 2103 3180 nensi
2134 3125 2425 3189 comitatu,
2465 3141 2593 3179 cum
2634 3126 2861 3197 propria
2898 3143 3095 3185 uxore.
3120 3172 3130 3184 .
3155 3173 3167 3185 .
3188 3158 3204 3185 ~.
3227 3173 3240 3186 .
3277 3130 3543 3187 turbatur

259 3223 390 3271 cent
414 3217 553 3270 mihi
586 3216 785 3270 saltem
817 3216 963 3269 istud
992 3221 1247 3269 sanctum
1276 3214 1583 3268 oratorium
1610 3214 1692 3267 illi
1715 3215 1863 3268 dica-

260 3313 386 3359 tum
428 3305 686 3368 invisere,
720 3321 961 3374 eumque
1008 3310 1069 3358 ut
1096 3304 1154 3357 in
1179 3304 1318 3357 hora
1348 3304 1529 3358 exitus
1557 3304 1631 3366 sit
1659 3304 1860 3358 animae

260 3406 403 3449 mea;
432 3394 709 3464 prepitius
738 3405 966 3448 exorare
999 3410 1010 3444 :
1040 3406 1245 3463 vosque
1266 3392 1373 3462 ipsi
1394 3398 1494 3446 aut
1515 3408 1730 3446 mecum
1758 3409 1859 3462 pro

258 3490 450 3537 vestra
504 3483 760 3537 mercede
809 3481 1142 3545 ascendatis,
1195 3489 1293 3535 aut
1343 3482 1398 3535 in
1447 3481 1652 3534 montis
1710 3482 1860 3535 calce

259 3572 509 3627 reditum
537 3588 720 3625 meum
747 3577 1028 3624 maturum
1052 3571 1400 3640 exspectetis.
1429 3574 1529 3623 nAt
1549 3569 1628 3623 illi
1649 3570 1707 3622 in
1729 3586 1855 3624 eum

259 3661 511 3730 maligne
558 3661 969 3714 tumultuantes
1000 3660 1079 3713 ita
1120 3660 1201 3713 illi
1233 3659 1573 3729 exprobrant
1604 3682 1614 3711 ;
1645 3678 1669 3709 (ι
1713 3659 1857 3722 Quid

257 3758 363 3814 est,
391 3750 565 3804 miser
583 3751 767 3813 homo,
803 3750 948 3820 quod
983 3750 1261 3819 loqueris?
1282 3749 1402 3812 Quo
1427 3749 1553 3802 nisu
1581 3748 1729 3801 vales
1761 3765 1860 3817 per

255 3856 462 3910 aspera
508 3845 565 3894 et
610 3840 788 3894 ardua
825 3838 1112 3904 scandere,
1143 3838 1240 3908 qui
1285 3838 1453 3908 plana
1490 3837 1592 3891 viae
1638 3837 1857 3890 hederis

254 3928 528 3999 planitie?
550 3927 655 3981 Abi
675 3944 786 3997 quo
810 3926 910 3987 vis,
938 3926 1153 3987 insane,
1173 3926 1453 3996 dispereat
1474 3925 1567 3995 qui
1590 3931 1858 3995 te-exspe—

252 4016 515 4071 ctaverit.
544 4035 568 4067 ι
588 4016 743 4070 Tunc
774 4016 887 4076 ille,
914 4015 1135 4070 deserto
1166 4014 1433 4069 comitum
1464 4013 1851 4077 contubernio,

252 4113 600 4177 sumptaque
634 4104 839 4160 fiducia
879 4122 944 4159 ex
972 4121 1163 4158 amore
1194 4104 1536 4173 archangeli,
1570 4102 1717 4173 quod
1748 4104 1856 4156 im-

252 4195 524 4266 possibile
561 4194 834 4266 putabant
862 4194 1207 4264 aggreditur.
1237 4200 1293 4247 et
1323 4192 1500 4263 magis
1523 4192 1763 4263 genibus
1802 4198 1860 4246 et

252 4284 524 4340 manibus
554 4284 850 4354 reptando,
880 4284 967 4337 vix
996 4283 1222 4336 tandem
1247 4283 1420 4336 victor
1435 4287 1624 4352 aptato
1646 4282 1859 4351 potitur

252 4373 558 4435 desiderio,
592 4374 920 4443 intransque
940 4372 1229 4426 ecclesiam
1256 4370 1553 4425 uberrimis
1576 4371 1858 4424 humecta-

1944 3215 2241 3269 anxietate.
2276 3213 2576 3268 Nitebatur
2606 3215 2860 3271 Petrum.
2883 3258 2896 3272 .
2920 3256 2961 3271 ..
2993 3231 3152 3287 spem
3203 3218 3541 3276 miserorum

1943 3304 2273 3373 lacrymosis
2296 3303 2555 3373 suspiriis
2604 3320 2707 3358 nec
2750 3321 2810 3359 se
2856 3305 3043 3375 palam
3082 3307 3449 3376 prodentibus
3474 3315 3541 3366 ut

1943 3394 2030 3448 sui
2080 3393 2445 3447 misereretur
2488 3392 2795 3456 inﬂectere,
2829 3395 2961 3464 quia
2998 3397 3317 3467 palpitabat
3347 3399 3542 3470 lingua

1943 3482 2092 3535 mala
2115 3481 2457 3543 contusione,
2484 3499 2606 3552 quae
2636 3489 2929 3552 peccatum
2951 3485 3182 3540 celando
3203 3487 3345 3541 solet
3372 3503 3539 3544 accu-

1945 3571 2180 3633 mulare,
2206 3576 2262 3624 et
2282 3570 2645 3625 erubescebat
2667 3571 2830 3625 fateri
2852 3573 3001 3643 quod
3030 3590 3141 3629 non
3163 3575 3540 3647 erubuitpor-s

1940 3668 2183 3730 petrare.
2202 3659 2451 3712 Tandem
2479 3665 2702 3715 coactus
2727 3662 2886 3715 uxori
2912 3662 3141 3734 suisque
3160 3663 3539 3722 circumstan-

1940 3749 2089 3802 tibus
2119 3765 2228 3818 quo
2258 3748 2603 3802 cruciaretur
2621 3749 2760 3820 igne
2792 3793 2802 3804 .
2851 3790 2863 3803 .
2910 3790 2923 3805 .
2970 3790 2982 3805 .
3029 3792 3041 3806 .
3078 3790 3101 3806 -.
3142 3759 3200 3808 et
3226 3755 3538 3811 secundum

1939 3845 2063 3907 post
2091 3836 2459 3907 baptismum.
2485 3881 2496 3893 .
2520 3882 2567 3894 ..
2609 3838 2834 3907 quidem
2873 3840 3056 3910 prima
3093 3856 3181 3895 me
3200 3843 3539 3914 comprobat

1937 3932 2271 3997 apostatam,
2304 3926 2481 3980 hostis
2506 3925 3373 3992 abrenuntiationemAssentio,
3405 3949 3536 3987 con-

1939 4017 2120 4079 ﬁteor,
2162 4015 2516 4077 abrenuntio,
2559 4022 2616 4069 et
2652 4031 2685 4067 a
2721 4014 2875 4069 fonte
2911 4016 3109 4079 David,
3141 4019 3236 4087 qui
3273 4018 3332 4072 in
3370 4020 3534 4075 ablu-

1937 4105 2147 4159 tionem
2178 4110 2538 4157 menstruatae
2562 4110 2740 4173 patet,
2775 4118 2877 4174 per
2912 4104 3287 4160 ministerium
3316 4107 3532 4163 domini

1938 4195 2050 4247 mei
2082 4193 2232 4248 Petri
2261 4192 2556 4246 consilium
2588 4193 2826 4263 requiro.
2863 4193 2995 4247 Haec
3024 4195 3374 4264 querimonia
3403 4197 3531 4252 dul-

1938 4284 2023 4338 cia
2048 4284 2314 4337 Romanaa
2340 4281 2568 4352 pietatis
2602 4281 2815 4336 viscera
2837 4283 3133 4349 concussit,
3157 4289 3217 4339 et
3240 4290 3531 4341 tantorum

1938 4372 2233 4427 criminum
2268 4387 2397 4425 reus
2426 4370 2495 4425 de
2522 4371 2936 4425 constructione
2965 4372 3132 4426 unius
3156 4373 3406 4429 coenobii
3434 4374 3531 4429 ubi

254 4463 331 4517 vit
354 4462 543 4517 solum
571 4462 854 4532 lacrymis,
879 4468 935 4515 et
964 4464 1112 4516 inter
1133 4466 1259 4514 vota
1287 4467 1344 4516 et
1371 4476 1583 4531 preces,
1611 4475 1750 4529 quas
1789 4476 1855 4513 ex
1873 4451 1923 4512 Ι)
1941 4461 2342 4532 perpetualiter
2361 4476 2393 4513 a
2415 4460 2701 4513 monachis
2720 4460 2835 4514 Deo
2853 4461 3533 4534 serviatur,sponsionem

253 4553 461 4606 aﬂ'ectu
483 4551 684 4605 intimo
705 4550 989 4616 fundebat,
1010 4550 1248 4604 Domino
1269 4551 1503 4619 ejusque
1522 4549 1856 4618 archangelo

254 4639 405 4710 quod
436 4639 515 4693 sit
541 4639 841 4693 derelictus
860 4656 894 4692 a
917 4638 1069 4700 viris,
1094 4654 1321 4708 suaeque
1349 4637 1481 4691 facit
1512 4638 1854 4693 mentionem

253 4728 627 4785 infirmitatis.
660 4729 900 4791 Interea,
936 4733 1001 4782 ut
1027 4728 1234 4782 assolet
1263 4727 1403 4792 ﬁeri,
1438 4744 1551 4797 pra:
1583 4727 1771 4781 labore
1800 4731 1859 4780 et

254 4817 532 4872 mmstitia
557 4831 788 4871 somnus
816 4816 1103 4871 hominem
1132 4816 1380 4886 corripit.
1404 4822 1462 4870 et
1490 4824 1615 4887 post
1642 4816 1859 4886 aliquot

252 4908 427 4961 horas
456 4922 658 4977 sopore
688 4907 923 4972 solutus,
949 4922 1136 4961 coram
1168 4906 1334 4960 altari
1369 4906 1548 4959 sancti
1570 4904 1854 4960 Michaelis

250 4998 312 5051 in
343 5002 543 5049 monte
560 4996 837 5051 nimirum
868 4996 1111 5066 Gargani
1145 5012 1268 5050 sese
1298 4998 1563 5066 sospitem
1603 5002 1661 5049 et
1701 4994 1855 5048 inco-

245 5088 470 5141 lumem
502 5085 732 5141 invenit.
759 5087 980 5149 Quanta
1001 5092 1134 5140 tunc
1164 5087 1304 5139 ﬂens
1332 5085 1571 5155 largitur
1589 5084 1686 5149 ibi,
1711 5100 1859 5153 quac-

245 5193 363 5247 que
394 5176 777 5245 lacrymarum
805 5193 917 5244 pra;
935 5175 1141 5245 gaudio
1167 5175 1375 5228 fuderit
1404 5174 1656 5237 ﬂumina,
1680 5173 1727 5226 si
1750 5172 1857 5225 vel-

240 5266 333 5319 let
382 5263 702 5334 exprimere
746 5264 1026 5329 Tulliana,
1078 5264 1188 5318 nisi
1239 5264 1423 5327 fallor,
1471 5262 1859 5317 succumberet

240 5352 543 5408 facundia.
568 5353 1011 5423 Fortassis-quod
1047 5353 1348 5424 loquimur,
1377 5370 1477 5423 pro
1503 5351 1589 5405 sui
1616 5351 1862 5404 novitate

242 5449 315 5497 et
340 5441 607 5496 miraculi
649 5441 1040 5513 magnitudine
1081 5441 1309 5495 cuilibet
1339 5441 1592 5495 videatur
1619 5438 1864 5493 incredi-

242 5532 371 5585 bile
397 5550 409 5584 :
447 5530 571 5597 sed,
598 5545 643 5585 σθ
664 5536 736 5585 tu
766 5530 863 5602 qui
882 5531 1023 5587 inde
1049 5529 1308 5601 ambigis,
1340 5535 1585 5584 veterem
1617 5527 1865 5583 Danielis

244 5620 569 5677 historiam
594 5636 711 5675 non
728 5624 785 5676 te
804 5619 995 5693 pigeat
1012 5625 1287 5689 retexere,
1312 5623 1371 5674 et
1388 5635 1498 5692 quo
1518 5623 1681 5690 pacto
1701 5633 1868 5688 ange-

1939 4549 2100 4615 fecit;
2134 4547 2483 4617 exigentibus
2506 4552 2628 4603 tam
2660 4554 2969 4603 memorato
2995 4564 3141 4620 papa
3168 4568 3336 4621 quam
3366 4553 3533 4608 mini-

1936 4639 2068 4694 stris
2098 4637 2435 4708 apostolicis.
2465 4636 2743 4707 Purgatus
2772 4636 2962 4708 itaque
2981 4639 3089 4692 tali
3117 4640 3449 4711 poenitentia
3476 4648 3536 4698 et

1937 4726 2304 4784 confessione.
2334 4724 2417 4779 sic
2456 4724 2684 4779 demum
2730 4725 2930 4780 limina
2975 4736 3170 4784 sancta
3218 4726 3438 4801 ingredi
3476 4739 3534 4788 et

1938 4817 2123 4870 locum
2154 4814 2518 4884 vestigiorum
2551 4813 2768 4868 Domini
2808 4816 3117 4885 promissus
3146 4824 3231 4874 est
3269 4821 3528 4875 osculari.

1938 4907 2006 4960 Et
2032 4906 2214 4959 facere
2241 4903 2489 4973 gestiens
2513 4900 2661 4974 quod
2680 4904 3041 4975 promiserat,
3067 4908 3136 4961 ad
3166 4910 3394 4979 propria
3419 4926 3533 4964 cm-

1938 4994 2170 5065 pitcum
2201 4991 2408 5062 gaudio
2439 4992 2679 5061 regredi.

2012 5082 2265 5137 Emensis
2302 5080 2477 5151 igitur
2528 5081 2794 5152 longioris
2843 5084 2942 5138 vite
2979 5084 3191 5154 spatiis,
3233 5102 3361 5139 cum
3400 5084 3530 5139 boni

1940 5170 2199 5225 desiderii
2233 5171 2428 5240 plenus
2459 5186 2722 5224 unatcum
2769 5188 2938 5225 uxore
2974 5172 3201 5241 suisque
3229 5171 3529 5241 Segusiam

1940 5259 2197 5319 venisset.
2249 5265 2305 5312 et
2352 5258 2409 5312 in
2462 5258 2727 5312 familiari
2771 5256 2989 5328 sibique
3029 5267 3161 5314 nota
3197 5260 3365 5316 domo
3402 5278 3531 5317 cum

1943 5355 2130 5403 vetere
2174 5348 2355 5400 amico
2396 5348 2711 5418 hospitatus
2759 5353 2924 5411 esset,
2974 5347 3045 5401 ab
3087 5349 3282 5403 eodem
3314 5351 3533 5422 hospite

1945 5454 2115 5492 causa
2140 5437 2540 5491 familiaritatis
2555 5426 2854 5505 diligenter
2870 5437 3039 5507 erepit
3061 5437 3269 5508 inquiri
3297 5440 3538 5511 qualiter

1948 5543 2172 5582 cursum
2204 5526 2479 5596 explesset
2496 5524 2719 5579 itineris
2748 5524 2854 5580 sui.
2880 5525 3145 5581 Seriatim
3158 5536 3542 5588 cunctaretu-

1948 5616 2035 5684 lit,
2066 5620 2125 5670 et
2150 5613 2426 5669 universae
2457 5613 2541 5668 rei
2571 5627 2743 5683 quam
2771 5611 2977 5688 prefati
3003 5632 3200 5673 sumus
3226 5617 3545 5680 mirabilem
3598 5676 3603 5681 .
