4016 6178
485 290 624 349 1455

1545 291 1915 347 WILLELMI
1956 272 2323 348 CLUSIENS.
2365 293 2691 348 MONACH.

3616 287 3756 345 1456

477 418 734 475 notitiam
765 417 934 472 dedit.
968 417 1254 471 Attonitus
1282 417 1484 488 hospes
1521 418 1665 472 tanti
1709 425 1948 490 stupore
1966 417 2366 487 mi-Adebito,
2410 420 2493 472 vel
2526 435 2590 472 ex
2621 422 2835 472 terrore
2880 416 3025 469 fiunt
3052 413 3305 484 expedita
3354 413 3586 467 libertas
3615 429 3752 467 con-

475 508 673 571 raculi,
697 507 974 577 simulque
1004 507 1262 560 laudibus
1292 507 1504 560 diutius
1531 508 1861 562 immoratus
1892 510 2069 563 omni-

475 596 879 667 potentissima
919 596 1311 650 misericordia
1344 597 1589 663 Domini,
1620 598 1759 651 dixit
1786 599 1853 651 ad
1887 616 2012 652 cum
2050 618 2062 653 :

479 706 501 736 ι
545 685 592 740 Ο
634 684 858 739 domine
897 686 1077 754 Ilugo,
1112 685 1154 738 si
1196 686 1482 739 desideras
1519 686 1647 739 boni
1694 687 1795 740 viri
1841 705 2066 758 compos

471 773 728 833 exist'lre,
769 774 908 827 nulli
951 774 1048 827 alii
1091 774 1289 827 melius
1346 781 1471 844 post
1516 776 1756 845 gratiam
1798 777 2065 848 principis

470 862 873 933 apostolorum,
918 879 1084 933 quam
1126 863 1361 933 principi
1405 865 1646 918 caelestis
1676 865 1948 926 exercitus
1978 884 2066 920 ar-

469 951 740 1021 changelo
770 951 1030 1005 Michaeli
1062 957 1117 1005 te
1161 952 1323 1006 decet
1368 952 1683 1007 coenobium
1713 960 2056 1019 construere,

465 1046 549 1106 ut,
581 1040 827 1094 dimissis
854 1040 1112 1094 omnibus
1152 1042 1396 1111 peccatis
1424 1042 1555 1102 tuis,
1587 1043 1716 1097 inde
1754 1045 1938 1098 exitus
1975 1046 2059 1099 tui

466 1128 538 1182 de
564 1129 669 1183 hoc
696 1128 888 1183 exsilio
915 1128 1114 1182 anima
1143 1134 1255 1182 tua
1286 1129 1391 1182 iste
1417 1129 1490 1183 sit
1514 1138 1755 1201 ereptor,
1780 1137 1837 1185 et
1860 1133 2059 1188 Petrus

465 1222 740 1288 receptor.
785 1236 811 1269 »
853 1215 1033 1270 Simul
1090 1216 1260 1270 etiam
1300 1217 1484 1271 locum
1533 1220 1846 1289 prafatum,
1890 1239 2057 1292 quam

462 1305 769 1376 proximus,
803 1304 1059 1359 videlicet
1086 1320 1165 1359 xu
1206 1306 1473 1371 millibus,
1520 1314 1686 1375 esset,
1734 1311 2053 1379 ostendens,

461 1401 519 1450 et
546 1395 904 1467 praefatorum
928 1396 1322 1450 miraculorum
1345 1396 1747 1452 nobilissimam
1776 1402 2056 1455 narratio-

462 1502 591 1540 nem
619 1501 979 1557 prosequcns,
1025 1485 1243 1538 animos
1270 1485 1374 1539 viri
1413 1487 1747 1556 jamdudum
1791 1489 1861 1542 ad
1891 1490 1942 1542 id
1976 1491 2056 1544 in-

459 1580 645 1629 tentos
675 1574 1078 1629 exhortationis
1106 1573 1263 1629 bona
1293 1574 1547 1629 scintillis
1575 1578 1831 1631 accendit
1872 1581 2055 1650 Atque

458 1662 539 1718 sic
568 1662 795 1717 tandem
837 1668 894 1717 et
937 1662 1103 1717 verba
1131 1663 1350 1729 salutis,
1383 1670 1441 1718 et
1471 1665 1620 1718 diem
1669 1683 1779 1737 quo
1808 1667 1934 1721 fessi
1969 1686 2056 1723 ve-

2151 508 2457 561 ditionibus
2502 513 2666 560 esset.
2722 505 3172 560 Liberalissimus
3220 503 3476 573 princeps
3511 503 3757 556 libenter

2149 597 2366 653 annuit,
2400 603 2459 650 et
2489 596 2542 649 in
2578 594 2771 665 primis
2799 595 2979 664 gratis
3010 611 3131 663 qua
3158 592 3493 663 petebantur
3522 593 3753 662 exsequi

2150 685 2358 747 volens,
2391 685 2747 755 postmodum
2802 683 3008 736 saniori
3056 682 3287 735 consilio
3326 681 3567 750 pretium
3601 681 3753 751 quod

2141 774 2359 842 justum
2391 780 2476 827 est
2502 773 2737 843 benigne
2770 772 2996 842 recepit,
3030 778 3087 825 et
3114 770 3433 840 evangelica
3472 771 3747 839 exemplo,

2147 862 2619 932 quemadmodum
2650 862 2717 914 de
2766 861 2945 931 pretio
2979 859 3196 913 Domini
3230 867 3453 928 emptus
3484 867 3573 912 est
3614 874 3750 928 ager

2142 950 2200 1003 in
2232 952 2577 1021 sepulturam
2608 950 3049 1020 peregrinorum,
3082 949 3370 1002 monachis
3395 948 3600 1001 saculo
3634 964 3751 1001 mo-

2141 1039 2337 1093 rituris
2367 1040 2423 1093 in
2477 1040 2669 1093 eodem
2705 1040 2825 1092 loco
2854 1039 3032 1109 pretio
3066 1038 3247 1091 vitalis
3288 1037 3583 1107 sepultura
3614 1054 3745 1106 pro-

2140 1127 2372 1190 veniret,
2403 1134 2462 1182 et
2486 1128 2692 1182 futuris
2720 1127 3068 1197 temporibus
3111 1126 3460 1194 refraganda
3505 1123 3744 1178 coenobii

2141 1216 2416 1270 libertatis
2438 1216 2652 1270 occasio
2684 1217 2837 1270 nulla
2860 1216 3023 1269 foret.
3043 1216 3177 1268 Post
3200 1215 3317 1269 hac
3339 1215 3408 1267 ad
3436 1214 3743 1284 hospitium

2140 1304 2300 1359 latus
2352 1306 2515 1375 Hugo
2559 1305 2895 1375 regreditur,
2921 1310 2976 1358 et
3003 1304 3232 1358 consilio
3262 1303 3630 1356 nihilominus
3653 1304 3749 1356 ho-

2137 1395 2299 1464 spitis
2325 1394 2525 1456 virum,
2553 1394 2640 1448 cui
2671 1395 2907 1448 tutelam
2928 1394 3034 1447 loci
3055 1393 3457 1447 committeret.
3481 1393 3744 1463 quaesitu-

2138 1499 2252 1537 rus.
2284 1483 2517 1537 Interim
2547 1484 2680 1553 quia
2708 1483 2806 1538 via
2836 1482 3050 1537 occasio
3080 1499 3139 1536 se
3168 1482 3423 1553 prabuit,
3452 1498 3582 1535 cum
3608 1498 3743 1552 pau-
3814 1520 3817 1521 ν

2137 1573 2217 1625 cis
2245 1573 2317 1626 ad
2361 1573 2567 1626 montis
2597 1589 2885 1630 cacumen.
2924 1571 3310 1625 habitudinem
3344 1572 3453 1625 loci
3497 1571 3738 1633 visurus,

2138 1662 2323 1731 potius
2350 1662 2523 1715 animi
2554 1679 2720 1732 quam
2756 1662 2804 1713 vi
2834 1661 3085 1731 corporis
3124 1672 3275 1720 (nam
3326 1661 3413 1714 via
3444 1667 3570 1713 erat
3596 1661 3742 1714 difﬁ-

457 1759 661 1807 nerant
703 1769 812 1805 nox
854 1751 1200 1821 subsequens
1227 1753 1448 1806 clausit.
1482 1754 1654 1808 Adest
1686 1756 2055 1827 archangelus
2078 1772 2116 1829 B
2140 1751 2370 1818 cillima)
2423 1752 2687 1804 trahitur.
2722 1751 2879 1805 [Estu
2912 1767 3044 1821 ergo
3074 1751 3158 1803 vel
3208 1749 3396 1803 labore
3425 1749 3611 1803 fessus
3639 1749 3743 1802 ad-

454 1857 557 1911 per
590 1840 855 1895 visionem
887 1841 1164 1911 soporatis
1204 1842 1457 1912 utrisque
1488 1844 1841 1914 conjugibus,
1873 1853 1929 1899 et
1957 1863 2054 1900 ea-
2136 1840 2385 1903 modum,
2443 1839 2557 1893 imo
2613 1839 2705 1893 siti
2760 1846 2901 1893 nutu
2960 1839 3060 1893 Dei
3120 1838 3406 1902 deficiens,
3445 1838 3518 1891 ad
3569 1838 3743 1909 pedes

455 1929 584 1984 dem
611 1931 795 2000 specie
818 1929 1144 2000 eisdemque
1173 1930 1353 1984 verbis
1378 1931 1720 2002 conspicitur
1744 1939 1801 1987 et
1827 1935 2055 1989 auditur

453 2037 489 2075 a
531 2020 768 2075 duobus.
823 2021 1097 2074 Hortatur
1134 2026 1188 2074 et
1227 2020 1486 2092 imperat,
1530 2027 1594 2075 ut
1631 2022 1689 2076 in
1725 2024 1846 2078 loco
1885 2043 2052 2095 quem

450 2109 655 2182 hospes
694 2109 1100 2179 designavcrat,
1135 2109 1310 2163 totius
1351 2110 1570 2164 consilii
1614 2112 1758 2165 vires
1797 2114 1954 2183 ﬁgat,
1996 2119 2054 2169 et

453 2198 665 2269 absque
692 2198 1040 2251 dubitatione
1070 2199 1476 2252 monasterium
1523 2199 1816 2265 fabiicans,
1851 2204 2051 2259 anima

451 2302 568 2341 sua
597 2286 820 2340 caeleste
857 2303 917 2339 se
965 2292 1289 2341 construere
1334 2287 1606 2358 palatium
1654 2305 1764 2343 non
1808 2291 2047 2349 diffidat.

452 2375 563 2431 Vir
590 2381 717 2448 post
739 2375 1137 2430 revelationem
1170 2375 1322 2446 prior
1351 2376 1597 2447 evigilat,
1629 2383 1686 2431 et
1716 2383 1834 2433 tum
1866 2381 2044 2447 uxori,

450 2464 810 2537 Insengarda
839 2465 1082 2527 nomine,
1110 2463 1283 2518 totius
1307 2469 1561 2519 tenorem
1582 2465 1808 2521 visionis
1830 2475 2042 2523 narrat.

449 2555 757 2626 Postquam
785 2558 843 2608 et
882 2554 1008 2624 ipsa
1046 2554 1241 2607 retulit
1268 2570 1385 2608 sua
1413 2556 1766 2610 concordiam
1798 2558 2041 2625 visionis,

449 2643 603 2698 ocior
632 2647 816 2698 stratu
872 2658 931 2697 se
969 2642 1227 2713 proripit,
1280 2648 1334 2696 et
1382 2642 1699 2713 hospitibus
1747 2647 2043 2703 sciscitatis

446 2730 728 2805 quomodo
757 2731 959 2786 melius
988 2731 1056 2784 ad
1090 2731 1346 2785 effectum
1370 2748 1461 2785 res
1482 2732 1739 2798 ducatur,
1765 2737 2045 2806 sagaciter

2137 1929 2400 1988 eremita,
2435 1928 2525 1981 cui
2564 1928 2809 1982 ecclesia
2852 1928 3117 1998 contigua
3144 1935 3265 1981 erat
3303 1927 3445 1980 cella
3475 1928 3741 1997 parvissi-

2135 2033 2246 2077 ma,
2274 2017 2684 2087 prosternitur;
2719 2023 2776 2070 et.
2803 2022 2868 2070 ut
2896 2017 3237 2087 archangeli,
3268 2017 3313 2069 si
3346 2033 3457 2069 non
3487 2017 3739 2069 humano

2135 2106 2385 2171 consilio,
2419 2106 2563 2159 tanti
2609 2105 2842 2176 periculi
2888 2106 3164 2160 medelam
3204 2105 3540 2171 quantocius
3581 2105 3738 2159 inve-

2132 2195 2270 2259 niat,
2299 2195 2651 2265 deprecatur.
2675 2195 2904 2249 Audivit
2931 2195 3001 2249 ab
3032 2196 3126 2248 illo
3154 2211 3359 2266 aquam
3392 2195 3448 2248 in
3481 2194 3739 2265 proximo

2131 2300 2244 2337 non
2268 2284 2493 2351 haberi;
2530 2284 2717 2338 vinum
2749 2290 2938 2338 autem
2969 2284 3027 2337 in
3055 2284 3363 2355 ampullula
3393 2300 3581 2354 parva.
3609 2300 3737 2354 qua

2131 2374 2200 2427 ad
2226 2373 2395 2427 unius
2427 2373 2627 2427 missa
2648 2373 3083 2428 celebrationem
3112 2373 3197 2426 vix
3225 2378 3415 2444 posset
3449 2374 3732 2435 sufﬁcere,

2131 2462 2426 2517 contineri.
2458 2464 2636 2516 Penes
2669 2479 2728 2516 se
2758 2462 2837 2516 nil
2877 2462 3106 2515 omnino
3148 2462 3381 2515 remedii
3412 2461 3549 2516 fore.
3585 2462 3733 2515 Nam

2128 2553 2390 2605 virtutem
2423 2551 2749 2621 archangeli
2779 2552 2974 2622 procul
3005 2551 3175 2605 dubio
3207 2551 3395 2605 omnia
3426 2568 3611 2621 posse.
3639 2547 3735 2603 In-

2127 2645 2311 2694 stante
2332 2657 2497 2710 quem
2519 2640 2642 2693 sitis
2663 2645 2720 2693 et
2747 2646 2916 2694 astus
2937 2640 3244 2711 periculum
3270 2639 3579 2703 coartabat,
3612 2655 3733 2692 ere-

2126 2729 2265 2784 mita
2308 2729 2537 2783 tandem
2591 2729 2798 2799 pietate
2844 2734 3177 2793 comitatur,
3208 2733 3265 2782 et
3302 2728 3725 2797 archangelum.

445 2820 737 2876 consilium
780 2819 997 2892 quarit.
1043 2817 1201 2875 Tunc
1237 2835 1380 2875 uxor
1420 2821 1655 2893 hospitis
1695 2824 1807 2878 Eva
1844 2825 2042 2879 melior
2123 2819 2169 2873 si
2199 2824 2380 2872 status
2411 2818 2514 2872 loci
2546 2818 2651 2872 sibi
2682 2820 2917 2889 placeat,
2951 2818 3135 2872 devoti
3182 2818 3285 2872 viri
3331 2817 3545 2871 mederi
3574 2816 3731 2887 peri-

442 2909 691 2965 consiliis
736 2908 863 2964 Eva
908 2906 1129 2980 prioris,
1176 2925 1299 2981 qua
1339 2926 1463 2964 sero
1493 2912 1849 2967 contulerant
1882 2915 2039 2985 (nam
2123 2908 2248 2961 culo
2289 2908 2644 2978 deprecatur.
2689 2907 2835 2971 Mox,
2869 2907 3011 2960 mira
3050 2908 3306 2962 dicturus
3348 2924 3497 2973 sum.
3529 2906 3732 2976 Ρνωάίο

440 2999 528 3053 his
554 2998 678 3070 ipsa
707 2997 1015 3068 plurimum
1058 2998 1356 3067 institerat)
1388 2999 1769 3054 narrationem
1799 3003 2096 3067 archan-C
2119 3004 2265 3050 ctam
2299 2997 2477 3051 cernit
2518 2996 2908 3067 awpullulam,
2942 2996 3103 3067 quasi
3133 2996 3203 3050 ab
3233 2997 3345 3049 imo
3376 2995 3725 3050 scaturiente

442 3088 606 3159 gelici
654 3087 862 3141 montis
893 3087 1311 3141 corroboratam
1351 3089 1560 3159 gavisa,
1595 3106 1708 3144 una
1755 3108 1882 3145 cum
1923 3093 2040 3147 viro

440 3175 666 3248 quantis
694 3176 843 3230 valet
882 3175 1121 3246 ingeniis
1160 3192 1354 3230 omnes
1403 3176 1643 3232 directos
1685 3178 1872 3234 aditus
1897 3181 2038 3234 inci-

435 3265 653 3337 pienda
672 3264 1050 3335 faciendaque
1070 3264 1151 3318 rei
1178 3264 1471 3335 perquirit.
1487 3266 1851 3337 Tandemque
1871 3268 2038 3324 simul

435 3354 850 3409 conferentibus
893 3353 1015 3408 sani
1056 3369 1194 3407 vena
1241 3353 1458 3407 consilii
1487 3370 1521 3407 a
1549 3354 1701 3408 fonte
1733 3356 2035 3427 Sapientia

433 3443 620 3499 Patris
646 3444 935 3515 processit,
970 3442 1064 3513 qui
1095 3443 1153 3496 in
1184 3443 1480 3512 Evangelia
1510 3444 1625 3497 suis
1656 3446 1938 3515 promittit
1966 3448 2034 3501 ti-

433 3531 671 3598 delibus,
712 3532 944 3586 dicens:
994 3532 1090 3585 Ubi
1132 3533 1240 3585 duo
1286 3535 1366 3585 rel
1411 3538 1516 3585 tres
1561 3537 1874 3601 congregati
1910 3537 2031 3600 fue-

432 3623 553 3674 rint
578 3623 641 3673 in
662 3622 889 3673 nomino
912 3635 1045 3678 meo,
1076 3621 1155 3672 ibi
1172 3635 1297 3672 sum
1324 3622 1387 3672 in
1415 3622 1592 3673 medio
1613 3637 1822 3674 eorum.
1847 3620 2033 3692 Igitur

430 3707 669 3762 levaturi
716 3708 861 3762 tanti
908 3707 1110 3760 molem
1161 3708 1354 3778 palatii
1407 3710 1568 3778 Hugo
1613 3714 1670 3762 et
1706 3727 1844 3764 uxor
1886 3712 2024 3780 ejus,

431 3794 691 3851 omnibus
711 3795 892 3850 modis
912 3811 1140 3849 arenam
1172 3796 1484 3849 nocituram
1519 3797 1825 3866 prudenter
1843 3801 2029 3871 explo-

428 3889 578 3951 rant,
609 3890 668 3939 et
694 3900 819 3938 eam
849 3883 1142 3938 obstruere
1187 3884 1333 3938 felici
1375 3884 1668 3940 conamine
1713 3894 1934 3958 parant,
1964 3894 2029 3943 ut

427 3990 601 4045 supra
638 3974 858 4028 ﬁrmam
910 3979 1128 4044 petram
1165 3989 1359 4028 secure
1407 3973 1837 4030 fundamentum
1879 3994 2025 4032 nun-

428 4080 597 4135 quam
629 4080 890 4118 casurum
933 4063 1168 4134 jaciant.
1203 4063 1463 4117 Ascensis
1493 4080 1626 4134 ergo
1656 4064 1901 4121 diluculo
1930 4084 2026 4121 ve-

427 4152 647 4215 hiculis,
682 4152 953 4207 Hardoini
982 4152 1323 4206 marchionis
1352 4153 1585 4217 curiam,
1618 4169 1740 4223 qua
1777 4169 1870 4209 xui
1904 4162 2027 4210 tan-

2122 3103 2263 3139 vena
2318 3086 2487 3139 fontis
2536 3085 2831 3148 inundare,
2875 3091 2932 3139 et
2984 3102 3267 3139 summum
3318 3085 3727 3155 archangelum

2120 3177 2381 3229 virtutem
2414 3174 2688 3229 visibilem
2720 3173 2999 3228 exhibere.
3026 3173 3311 3237 Quantum
3346 3174 3599 3244 Oportuit
3628 3191 3727 3244 po-

2119 3265 2221 3318 tati
2251 3272 2384 3319 sunt
2412 3264 2507 3334 qui
2535 3269 2822 3318 venerant.
2854 3270 2912 3317 et
2939 3270 3166 3334 accepta
3203 3263 3596 3317 benedictione
3632 3280 3728 3317 re—

2118 3353 2372 3419 deuntes,
2407 3353 2553 3407 sicut
2583 3352 2960 3423 praediximus.
2992 3353 3171 3406 virum
3207 3352 3396 3406 tutela
3436 3351 3545 3405 loci
3587 3369 3722 3406 con-

2113 3459 2318 3511 gruum
2359 3444 2514 3511 (nam
2558 3443 2809 3495 eremita
2838 3442 2989 3495 nulla
3021 3442 3133 3511 jam
3164 3441 3269 3494 nisi
3300 3441 3369 3494 de
3398 3441 3721 3496 calestibus

2116 3547 2252 3584 cura
2280 3539 2420 3591 erat)
2453 3531 2701 3602 reperire
2730 3530 3113 3584 desiderantes
3142 3531 3212 3584 ad
3243 3530 3555 3601 hospitium
3587 3549 3719 3602 pro-

2114 3627 2315 3691 perant
2363 3621 2578 3675 Retulit
2607 3620 2815 3690 hospiti
2856 3620 2942 3672 vir
2982 3620 3095 3673 Deo
3125 3619 3356 3673 devotus
3388 3620 3539 3690 quod
3570 3620 3717 3674 acci-

2111 3710 2291 3774 derat,
2325 3716 2382 3763 et
2418 3709 2566 3763 inter
2594 3708 2754 3762 verba
2793 3709 3091 3762 locutionis
3121 3714 3258 3762 astu
3288 3707 3421 3761 boni
3450 3708 3717 3762 desiderii

2110 3815 2223 3852 non
2249 3798 2432 3852 minus
2455 3814 2621 3868 quam
2646 3798 2798 3869 prius
2833 3798 2925 3851 siti
2947 3797 3197 3868 corporis
3217 3803 3481 3863 astuans,
3507 3798 3713 3851 iterum

2109 3894 2280 3958 atque
2325 3890 2533 3941 iterum
2579 3887 2648 3940 de
2694 3887 2799 3941 loci
2844 3887 3043 3949 tutela,
3085 3886 3176 3941 cui
3221 3894 3539 3958 opportune
3569 3894 3718 3942 esset

2110 3977 2532 4041 committenda,
2569 3976 2799 4030 verbum
2832 3975 3138 4047 repetebat.

2178 4068 2388 4121 Aderat
2409 4066 2484 4119 ibi
2512 4066 2742 4136 quidam
2774 4072 2913 4120 nutu
2939 4065 3165 4120 Domini
3194 4064 3280 4118 vir
3304 4065 3607 4135 religiosus
3628 4082 3711 4120 or-

2104 4157 2254 4211 dinis
2298 4155 2614 4219 monastici,
2646 4155 2874 4209 nomine
2904 4159 3182 4219 Atvertus,
3219 4154 3315 4225 qui
3362 4154 3421 4208 in
3465 4155 3711 4209 Lisathio

425 4246 548 4296 tum
580 4240 826 4296 millibus
851 4242 910 4295 in
939 4246 1121 4295 castro
1158 4241 1431 4295 Avilliano
1461 4248 1594 4295 tunc
1623 4242 1841 4308 aderat,
1874 4244 2022 4298 cele-
2106 4244 2448 4299 monasterio
2479 4244 2696 4298 abbatis
2741 4244 2896 4315 prius
2936 4245 3119 4297 ofﬁcio
3149 4244 3393 4306 functus,
3437 4250 3611 4314 atque
3640 4245 3709 4297 ab

424 4331 565 4386 riter
609 4330 839 4392 adeunt.
882 4346 1123 4400 eumque
1154 4329 1231 4384 ibi
1273 4346 1401 4383 cum
1441 4346 1613 4384 uxore
1657 4331 2022 4387 nihilominus
2105 4335 2209 4388 hoc
2236 4351 2269 4388 a
2305 4332 2603 4387 contrariis
2630 4339 2836 4387 sancta
2870 4333 3157 4403 religionis
3198 4332 3480 4403 expulsus,
3512 4341 3647 4387 tunc
3675 4349 3708 4386 a

424 4426 565 4474 nutu
597 4418 935 4483 Divinitatis,
966 4433 1037 4471 ne
1083 4418 1296 4472 diutius
1338 4417 1665 4487 fatigentur,
1706 4419 2017 4475 inveniunt.
2040 4421 2391 4498 Dliminibus
2421 4422 2801 4493 apostolorum
2833 4438 3139 4492 regressus,
3168 4421 3224 4474 in
3255 4421 3455 4475 eodem
3486 4439 3588 4492 per
3610 4422 3706 4475 ali-

423 4507 650 4562 Nobiles
678 4514 737 4563 et
774 4507 1047 4578 elegantis
1095 4506 1439 4560 habitudinis
1487 4507 1770 4577 peregrini
1811 4525 1877 4561 ex
1921 4510 2025 4564 cis-
2105 4519 2242 4584 quot
2259 4512 2569 4566 diesfueral
2594 4511 3164 4581 hospitioremoratus
3192 4511 3459 4575 Hunc,ait
3480 4512 3698 4582 hospes,

424 4597 706 4651 montanis
742 4595 998 4666 partibus
1054 4595 1344 4649 advenisse
1382 4594 1623 4666 principi
1664 4596 2014 4665 nuntiantur,
2103 4609 2168 4657 ut
2213 4619 2358 4665 reor,
2391 4600 2572 4671 gratia
2602 4599 2787 4653 divina
2818 4600 3078 4671 providit,
3112 4601 3208 4671 qui
3239 4616 3350 4653 non
3402 4606 3469 4653 ut
3506 4617 3700 4663 novus,

422 4703 662 4759 moxque
685 4687 756 4741 ab
786 4706 850 4743 eo
881 4688 1086 4746 secuti.
1129 4688 1424 4743 Nobilibus
1452 4704 1576 4743 mos
1607 4690 2017 4760 quodammodo
2101 4693 2197 4748 sed
2230 4699 2491 4762 expertus
2524 4690 2693 4743 ofﬁcii
2724 4690 3040 4752 monastici,
3073 4706 3272 4761 parvas
3310 4706 3589 4761 expensas
3613 4691 3702 4744 ad—

420 4776 755 4832 naturaliter
808 4777 974 4842 inest,
1025 4777 1073 4831 si
1119 4776 1251 4831 boni
1299 4783 1433 4832 sunt
1485 4779 1791 4833 honoriﬁce
1840 4779 2017 4834 susci-
2101 4783 2211 4836 huc
2233 4778 2587 4849 incompositi
2605 4778 2785 4832 locelli
2806 4778 3009 4850 spiritu
3031 4796 3245 4850 pauper
3262 4795 3457 4833 amore
3482 4780 3702 4850 religio-

417 4865 666 4938 piuntur.
712 4865 996 4920 Adventus
1036 4882 1233 4920 causas
1279 4873 1578 4937 exponunt,
1625 4875 1682 4921 et
1724 4867 2012 4921 licentiam

416 4954 775 5010 construendi
821 4953 1058 5008 canobii
1101 4954 1160 5008 in
1209 4965 1526 5009 memorato
1563 4956 1848 5010 multoties
1891 4956 2012 5009 loco

413 5049 652 5115 petunt;
685 5060 753 5098 ea
798 5043 1055 5097 videlicet
1097 5043 1335 5109 ratione,
1366 5051 1431 5098 ut
1457 5045 1734 5115 gloriosus
1764 5044 2011 5098 marchio

415 5139 689 5205 quantum
718 5133 884 5187 vellet
911 5131 1032 5186 auri
1070 5132 1156 5185 vel
1199 5132 1435 5201 argenti,
1468 5134 1747 5188 mulorum
1781 5139 2011 5187 catero-

412 5238 653 5294 rumque
701 5221 1101 5286 vehiculorum,
1149 5237 1271 5291 qua
1321 5221 1690 5285 adduxerant,
1740 5222 2012 5293 optimam

2094 4871 2182 4926 nis
2224 4868 2439 4922 amabit
2479 4886 2491 4921 :
2540 4872 2597 4921 et
2640 4867 2839 4921 humili
2891 4884 3006 4922 sua
3052 4868 3402 4938 paupertatis
3431 4868 3700 4939 obsequio

2094 4957 2382 5016 servituris
2408 4956 2464 5010 in
2496 4962 2784 5027 posterum
2818 4957 3060 5021 Christo,
3087 4974 3209 5027 qua.
3238 4957 3376 5010 satis
3416 4957 3536 5010 sint
3563 4958 3702 5011 divi-

2093 5050 2203 5102 tias
2251 5045 2600 5117 aggregabit.
2644 5045 2863 5099 Auditis
2911 5045 2999 5099 his
3059 5045 3391 5100 venerabilis
3441 5054 3705 5117 peccator

2096 5137 2258 5206 Hugo
2289 5135 2349 5187 in
2381 5134 2601 5187 laudem
2634 5134 3027 5205 Redemptoris
3063 5135 3357 5188 attollitur.
3391 5133 3699 5189 Pratatum

2093 5241 2226 5295 ergo
2274 5223 2453 5277 virum
2500 5222 2826 5292 religiosum
2874 5226 3165 5277 Atvertum
3210 5221 3402 5276 multis
3436 5224 3699 5293 precibus

410 5311 627 5381 copiam
652 5310 892 5381 benigne
913 5309 1202 5380 reciperet.
1225 5315 1282 5363 et
1299 5310 1478 5364 locum
1500 5309 1570 5363 ab
1586 5310 1740 5363 omni
1760 5326 1865 5363 sua
1884 5326 2007 5380 pro-
2086 5312 2275 5372 vincit,
2311 5317 2367 5365 et
2410 5311 2621 5364 relictis
2653 5316 2925 5381 quantum
2957 5311 3027 5364 ad
3058 5328 3301 5382 prasens
3332 5317 3393 5364 ut
3440 5312 3698 5381 peregri-

409 5399 806 5469 haredumque
836 5415 1066 5452 suorum
1094 5398 1345 5452 saculari
1375 5404 1649 5468 potestate
1678 5398 1886 5468 scripto
1909 5399 2003 5468 ju-
2085 5418 2193 5455 nus
2244 5406 2466 5471 poterat
2529 5399 2881 5466 necessariis,
2937 5401 2989 5454 ei
3054 5401 3239 5454 locum
3305 5401 3691 5465 committens,

408 5486 596 5542 diciali
641 5487 918 5554 solveret;
968 5492 1247 5556 quatenus
1289 5487 1345 5541 in
1387 5494 1673 5558 posterum
1717 5487 1831 5540 Deo
1862 5487 2002 5541 inibi
2085 5488 2249 5543 citius
2279 5488 2564 5542 rediturus
2594 5489 2661 5541 ad
2694 5504 2817 5549 sua.
2851 5504 2977 5542 cum
3006 5489 3215 5559 gaudio
3244 5487 3431 5543 rediit.

405 5574 717 5644 servitutis,
745 5591 782 5631 a
807 5574 1023 5631 cunctis
1052 5590 1179 5647 qua
1206 5575 1397 5632 saeculi
1422 5575 1797 5648 potestatibus
1817 5575 1904 5632 vel
1931 5592 2000 5632 ex
2154 5578 2363 5634 Exinde
2412 5578 2493 5633 vir
2538 5578 2653 5635 Deo
2700 5578 2900 5649 plenus
2943 5579 3209 5635 Atvertus
3239 5576 3473 5636 omnino
3522 5578 3691 5651 plena
