4016 6178
346 310 481 368 1457
542 301 547 305 ’

1420 311 1763 366 HISTORIA
1801 307 2117 364 MONAST.
2160 309 2529 369 CLUSIENS.

3481 309 3624 372 1458

341 434 635 489 devotione
659 438 922 504 satagens
966 438 1282 506 opportuna
1326 435 1613 489 monachis
1653 431 2013 492 tediﬂciolaA
2030 431 2368 502 migrassent
2394 437 2464 490 ad
2490 436 2812 506 Dominum,
2852 441 3121 494 successit
3145 439 3196 493 ei
3240 440 3300 495 in
3346 440 3620 512 regimine

342 524 648 579 secundum
702 523 872 577 situm
929 523 1035 577 loci
1082 538 1229 585 mam
1279 524 1520 595 scopulis
1566 524 1939 595 asperrimum

343 612 492 683 erat)
519 613 684 683 coapit
712 618 1060 678 construere,
1100 618 1157 667 et
1185 613 1454 683 quidquid
1502 630 1735 684 usquam
1782 612 1942 666 colli-

338 719 472 773 gere
502 708 738 773 poterat,
778 702 993 756 modico
1034 703 1182 756 victu
1211 709 1523 760 contentus,
1556 704 1626 755 ad
1658 703 1708 755 id
1755 702 1935 755 solum

341 791 672 862 eXpeudere.
724 791 1001 862 Tempore
1053 792 1356 846 constituto
1410 792 1554 845 sicut
1604 792 1940 862 promiserat

340 880 503 949 Hugo
541 879 727 938 rediit,
747 886 803 933 et
818 879 1078 933 omnibus
1098 881 1425 934 necessariis
1444 880 1713 951 impensis
1726 880 1795 933 ad
1817 896 1937 950 per-

336 969 632 1022 ﬁciendam
664 968 908 1022 ecclesiae
943 968 1211 1023 fabricam
1252 970 1416 1029 datis,
1448 970 1652 1023 iterum
1690 970 1760 1023 ad
1792 986 1935 1038 prae-

335 1058 514 1111 fatum
539 1057 916 1111 marchionem
947 1059 1249 1112 transitum
1286 1058 1434 1117 fecit,
1469 1067 1526 1113 et
1552 1058 1622 1112 ab
1679 1075 1745 1112 eo
1791 1059 1936 1112 sicut

336 1152 393 1200 et
447 1146 621 1217 prius,
652 1147 782 1200 dato
832 1147 1012 1217 pretio
1067 1148 1312 1202 villulam
1365 1149 1541 1201 monti
1584 1148 1927 1217 contiguam,

333 1236 563 1290 nomine
590 1236 840 1298 Clusam,
870 1242 927 1289 et
944 1237 1285 1290 aediﬁcandis
1304 1236 1508 1290 villulis
1529 1252 1803 1306 congruas
1824 1245 1933 1290 ter-

333 1341 425 1378 ras
453 1324 818 1379 nihilominus
847 1325 1140 1395 contiguas
1170 1325 1484 1396 acquisivit.
1536 1326 1611 1379 Ut
1637 1331 1825 1379 autem
1856 1324 1929 1378 li-

330 1413 565 1467 bertatis
596 1413 719 1470 loci.
749 1430 849 1484 pro
887 1431 997 1483 qua
1028 1414 1307 1485 praecipue
1345 1413 1653 1484 satagebat.
1689 1430 1926 1484 scrupu-

327 1502 416 1556 lus
440 1502 688 1556 omnimo
706 1503 893 1556 nullus
914 1503 1548 1560 inesset.Taurinensem
1581 1503 1921 1574 pontificem,

330 1592 427 1663 qui
448 1593 640 1646 Amizo
670 1592 981 1662 dicebatur,
1001 1593 1178 1646 adiit:
1211 1599 1267 1646 et
1296 1592 1496 1647 oblatis
1544 1609 1667 1663 quae
1702 1599 1923 1647 tantum

325 1681 508 1735 virum
548 1681 820 1735 decebant
857 1682 1200 1745 muneribus,
1232 1682 1447 1736 cunctis
1494 1682 1697 1736 iterum
1737 1683 1922 1737 locum

2023 520 2260 576 fratrum
2318 541 2593 581 consensu
2650 532 2707 581 et
2772 528 3044 583 electione
3094 528 3179 582 vir
3243 529 3619 600 simplicitatis

2022 626 2086 663 ac
2107 612 2415 679 prudentiae
2438 616 2636 669 merito
2668 617 3000 672 Benedictus
3032 623 3089 671 et
3116 618 3355 672 nomine.
3371 619 3472 673 Hic
3490 636 3620 674 cum

2020 699 2278 769 plurimis
2307 703 2534 757 ﬂoreret
2556 705 2851 759 virtutibus
2886 714 3044 760 tanta
3083 707 3288 761 dicitur
3326 707 3618 777 charitatis

2019 790 2309 844 afﬂuentia
2330 792 2568 847 refertus
2595 801 2651 847 et
2670 795 3066 865 hospitalitatis
3088 795 3419 851 liberalitate
3437 798 3617 851 muni-

2018 879 2176 939 ﬁcus,
2212 887 2274 933 ut
2298 896 2493 934 omnes
2522 882 2592 935 ad
2631 899 2690 936 se
2734 884 3019 938 venientes
3072 890 3127 938 et
3179 885 3385 939 montis
3435 887 3615 940 ardua

2016 982 2082 1019 ac
2111 967 2432 1038 archangeli
2456 971 2763 1039 patrocinia
2790 980 3063 1043 petentes,
3096 974 3451 1044 maximeque
3480 973 3610 1027 Gal-

2014 1055 2217 1118 lorum,
2250 1059 2712 1127 Aquitanicorum
2734 1068 2792 1114 et
2826 1062 3225 1132 Hispaniarum
3249 1063 3486 1133 populos
3505 1062 3615 1116 Ro-

2014 1159 2164 1197 mam
2213 1145 2503 1207 adeuntes,
2552 1147 2922 1204 libentissime
2982 1150 3312 1221 susciperet,
3371 1155 3428 1203 et
3486 1166 3610 1220 qum

2013 1231 2247 1287 fratrum
2269 1240 2490 1290 tantum
2510 1237 2703 1291 usibus
2725 1245 2984 1309 poterant
3002 1245 3319 1310 competere
3334 1238 3610 1309 benignus

2009 1320 2343 1392 impertiret.
2379 1325 2553 1395 Cujus
2601 1327 3005 1398 quamplurimi
3053 1327 3295 1398 gratiam
3343 1328 3608 1388 admirati

2009 1417 2153 1474 (erat
2179 1412 2386 1484 quippe
2438 1414 2687 1470 moribus
2714 1423 2771 1469 et
2810 1416 2964 1471 canis
2995 1417 3263 1488 angelicis
3289 1418 3606 1487 decoratus)

2007 1499 2260 1555 aiebant:
2302 1520 2327 1554 «
2358 1503 2494 1557 Ecce
2524 1504 2608 1557 vir
2634 1505 2881 1576 prudens
2918 1506 3012 1577 qui
3042 1506 3335 1561 aedificavit
3375 1507 3608 1561 domum

2006 1604 2167 1643 suam
2198 1606 2368 1662 supra
2405 1599 2642 1663 petram,
2675 1594 2733 1648 in
2761 1596 2923 1665 cujus
2951 1612 3047 1649 ore
3067 1596 3228 1650 dolus
3246 1611 3360 1650 non
3399 1595 3610 1651 inveni-

2006 1683 2127 1732 tur:
2164 1696 2273 1749 quo
2317 1681 2467 1735 fideli
2517 1683 2903 1754 dispensatore
2960 1685 3329 1756 archangelus
3384 1685 3610 1742 Domini

327 1770 467 1824 solvi
496 1771 928 1828 conditionibus.
948 1788 1076 1828 cum
1108 1771 1484 1825 anathematis
1496 1771 1924 1843 etiaminterpo-
1948 1769 2343 1843 Bgratulatur,
2375 1776 2432 1824 et
2461 1772 2627 1841 hujus
2654 1773 2760 1827 loci
2781 1774 2930 1827 fama
2956 1791 3058 1828 sua
3103 1775 3311 1846 ubique
3357 1774 3610 1830 extendit

325 1859 547 1925 sitione,
588 1860 967 1914 favorabiliter
992 1861 1358 1931 impetravit,’
1389 1861 1631 1930 indeque
1683 1861 1923 1915 Romam

323 1951 627 2021 profectus,
661 1951 912 2004 omnium
971 1951 1367 2020 praedictarum
1396 1951 1761 2019 sponsionum
1806 1957 1925 2004 tam

324 2040 607 2110 pontiﬁcis
634 2056 801 2110 quam
830 2040 1169 2095 marchionis
1198 2046 1443 2104 tenores,
1478 2056 1814 2110 omnemque
1837 2040 1925 2094 sui

324 2129 510 2199 operis
558 2128 781 2182 ordiens
825 2129 1137 2187 historiam,
1184 2146 1342 2200 papae
1392 2129 1658 2183 Silvestro
1708 2128 1920 2193 retulit,

326 2222 385 2271 et
411 2219 532 2287 ejus
589 2219 657 2271 ad
684 2234 929 2288 praesens
964 2218 1228 2288 principis
1258 2219 1641 2289 apostolorum
1681 2218 1928 2274 auctori-

320 2313 458 2371 tate,
494 2314 686 2379 postea
714 2324 844 2361 vero
866 2309 1035 2361 etiam
1067 2307 1442 2378 imperatoriae
1473 2307 1786 2377 majestatis
1810 2323 1928 2360 cor-

320 2398 574 2451 roborari
607 2401 785 2451 locum
818 2396 1020 2451 litteris
1075 2402 1129 2450 et
1177 2397 1404 2451 nomine
1462 2396 1606 2450 fecit.
1636 2397 1770 2451 Post
1808 2396 1929 2450 haec

320 2487 504 2557 quoad
535 2487 670 2540 vixit
702 2486 889 2540 omnia
930 2487 1270 2540 monasterio
1300 2487 1608 2540 secundum
1640 2501 1802 2555 posse
1834 2501 1926 2542 ne.

320 2577 564 2631 cessaria
585 2577 666 2629 vel
693 2576 901 2640 attulit,
935 2577 1020 2630 vel
1050 2576 1271 2642 direxit,
1305 2583 1363 2629 et
1391 2575 1926 2657 exindeOcmnobium

318 2665 680 2719 incrementis
711 2664 1038 2736 opportunis
1061 2682 1125 2718 ex
1153 2672 1406 2736 tempore
1435 2666 1549 2718 Deo
1573 2665 1794 2718 favente
1819 2680 1930 2717 me-

318 2755 444 2810 ritis
468 2755 739 2809 hactenus
759 2755 1081 2825 archangeli
1110 2755 1298 2819 crevit,
1334 2760 1391 2808 et
1418 2755 1588 2807 variis
1636 2753 1921 2807 miraculis

314 2860 616 2898 coruscans
637 2844 869 2898 diversis
901 2844 1119 2914 populis
1137 2849 1363 2914 gratum
1377 2849 1434 2896 et
1452 2842 1767 2896 venerabile
1790 2842 1913 2897 fuit.

310 2935 397 2988 Ne
418 2940 607 2987 autem
646 2933 835 3003 aliqua
863 2933 1120 2986 dubietas
1148 2950 1214 2986 ex
1242 2933 1329 2986 his
1360 2949 1483 3003 quae
1498 2933 1679 2985 relata
1707 2935 1838 2984 sunt
1859 2930 1917 2984 in

2006 1856 2268 1927 insignia.
2297 1878 2319 1909 ι
2356 1860 2659 1930 Coeperunt
2677 1878 2921 1933 namque
2952 1864 3223 1928 nonnulli,
3246 1870 3304 1919 et
3329 1864 3609 1936 praecipue

2005 1944 2074 1997 de
2106 1945 2504 2008 Ultramontes.
2538 1949 2609 2002 ad
2636 1950 2783 2005 hunc
2838 1952 3025 2006 locum
3080 1953 3265 2022 gratia
3319 1952 3607 2024 religionis

2007 2050 2356 2098 concurrere,
2384 2043 2442 2090 et
2460 2039 2662 2092 saeculo
2684 2041 3073 2095 renuntiantes
3102 2041 3205 2095 sub
3220 2042 3316 2096 illo
3338 2059 3471 2097 sene
3489 2044 3607 2114 glo-

2007 2124 2155 2176 rioso
2168 2140 2378 2180 normae
2403 2128 2649 2196 regulari
2671 2145 2792 2182 sese
2813 2129 3433 2200 subdere.Langobardi
3454 2132 3609 2187 enim

2009 2212 2386 2282 quamplures,
2420 2216 2544 2269 fulti
2576 2216 2805 2270 inimica
2829 2217 2957 2272 fidei
2990 2219 3312 2283 calliditate,
3345 2220 3500 2274 haud
3528 2221 3607 2276 fa-

2010 2301 2115 2355 cile
2143 2303 2506 2373 acquiescunt
2551 2307 2939 2360 monachalem
2992 2307 3247 2362 habitum
3299 2309 3604 2380 suscipere.

2009 2390 2172 2444 Multi
2201 2408 2329 2446 vero
2352 2393 2620 2448 nobilium
2657 2400 2827 2466 atque
2851 2396 3085 2450 divitum
3107 2397 3346 2467 gratiam
3379 2398 3609 2470 cupien-

2009 2483 2094 2534 tes
2119 2481 2327 2535 referre
2357 2483 2476 2551 ejus
2495 2482 2998 2551 benedictionibus,
3034 2486 3129 2557 qui
3154 2487 3261 2541 sibi
3298 2488 3608 2560 principem

2009 2569 2338 2639 angelorum
2367 2573 2735 2627 conciliarent
2761 2573 2819 2628 in
2843 2575 2932 2628 die
2961 2575 3048 2629 sui
3097 2576 3297 2642 exitus,
3329 2576 3426 2630 alii
3466 2578 3611 2633 dita-

2015 2666 2213 2712 vcrunt
2241 2659 2422 2713 locum
2454 2660 2570 2714 suis
2608 2662 2930 2728 honoribus,
2959 2664 3056 2717 alii
3080 2664 3379 2719 tradebant
3399 2682 3631 2737 pueros.

2003 2764 2135 2801 suos
2160 2748 2402 2802 Domino
2428 2750 2746 2804 educandos
2792 2752 3111 2806 immaturis
3151 2759 3375 2808 teneros
3421 2756 3606 2809 aetati-

2001 2834 2124 2895 bus.
2151 2835 2253 2890 Est
2291 2853 2534 2908 namque
2575 2839 2731 2892 locus
2769 2838 2838 2893 ab
2887 2841 3042 2894 omni
3097 2841 3499 2912 impedimento
3546 2850 3606 2899 et

2001 2925 2255 2978 saeculari
2302 2927 2551 2981 tumultu
2597 2934 2865 2982 semotus.
2911 2929 3113 2984 Nullus
3160 2930 3455 2986 hominum
3503 2950 3604 2989 seu

308 3022 570 3078 cordibus
604 3022 853 3075 ﬁdelium
900 3023 1078 3093 possit
1115 3022 1268 3086 oriri,
1330 3024 1491 3076 testis
1535 3027 1621 3075 est
1667 3019 1953 3093 praedicti,
1999 3012 2329 3068 animalium
2388 3013 2464 3068 ibi
2522 3015 2843 3086 perstrepit,
2893 3016 3106 3070 clamor
3158 3023 3329 3089 atque
3380 3021 3602 3091 rugitus

310 3110 572 3181 Hugonis
610 3111 759 3165 ﬁlius
809 3092 1131 3176 Mauricius,
1184 3111 1344 3165 testis
1390 3116 1448 3164 et
1502 3110 1623 3180 ipsa
1670 3108 1899 3171 familia,
1925 3092 1971 3154 Ο
1985 3103 2154 3173 jacet.
2182 3104 2448 3157 Porrecta
2475 3104 2650 3159 Italiae
2690 3105 2952 3175 planities
2982 3122 3115 3161 suos
3151 3108 3405 3177 jucunda
3452 3109 3591 3166 lacis

309 3216 550 3272 quorum
580 3199 664 3253 vel
693 3199 810 3252 suis
838 3200 923 3252 vel
952 3204 1248 3270 parentum
1279 3198 1544 3269 proximis
1567 3197 1762 3250 diebus
1782 3201 1910 3250 tan-

308 3290 383 3343 tis
445 3288 666 3343 indiciis
741 3287 996 3358 angelica
1053 3287 1231 3341 virtus
1284 3287 1514 3357 dignata
1568 3291 1655 3339 est
1709 3301 1910 3356 propa-

308 3376 437 3431 lari.

379 3467 562 3537 Igitur
596 3466 929 3520 venerabilis
960 3482 1104 3536 papa
1128 3465 1393 3519 Nicolaus
1416 3465 1437 3487 θ
1461 3502 1475 3527 ,
1509 3463 1657 3534 quod
1702 3477 1910 3516 nomen

307 3555 597 3611 victoriam
632 3555 823 3626 populi
869 3554 1136 3608 nimirum
1193 3553 1450 3607 catholici
1501 3557 1682 3606 sonat.
1717 3567 1910 3605 narra-

303 3644 477 3697 tionis
531 3644 702 3714 hujus
750 3644 1033 3697 ordiendze
1076 3642 1335 3696 laudator
1386 3648 1555 3711 atque
1604 3646 1911 3711 praeceptor

304 3734 535 3797 exstitit,
561 3739 626 3787 ut
655 3734 870 3789 cunctis
897 3732 1210 3802 legentibus
1240 3732 1632 3797 innotesceret,
1656 3730 1907 3801 praedicti

1992 3209 2056 3245 ac
2109 3193 2435 3247 ﬂuminibus
2478 3194 2755 3248 humanos
2802 3194 3087 3249 interdum
3130 3212 3253 3266 quae
3298 3198 3480 3253 valeat
3515 3215 3601 3252 re-

1994 3297 2185 3335 creare
2213 3283 2380 3336 visus.
2403 3282 2625 3353 Tepidae
2680 3287 2815 3336 sunt
2854 3283 3088 3346 hiemes,
3146 3289 3312 3339 testas
3356 3302 3593 3342 vernum

1993 3370 2252 3425 imitatur
2281 3377 2523 3442 tempus.
2567 3372 2724 3426 Mens
2771 3373 2888 3426 Deo
2920 3372 3317 3428 famulantium
3345 3375 3447 3429 tali
3476 3380 3597 3431 tota

1994 3462 2201 3531 quiete,
2233 3470 2288 3515 et
2314 3462 2604 3516 admonita
2646 3462 2955 3533 quamlibet
2980 3463 3213 3533 pulchra
3258 3481 3450 3519 rerum
3500 3483 3598 3539 op-

1991 3552 2357 3621 portunitate,
2402 3551 2760 3621 vociferatur,
2785 3551 3078 3623 jubilando
3108 3552 3436 3625 frequenter
3463 3572 3592 3612 cum

1992 3640 2398 3694 exsultatione:
2429 3660 2450 3692 ι
2483 3639 2725 3710 Magnus
2752 3640 3028 3694 Dominus
3052 3647 3108 3695 et
3126 3641 3591 3699 laudabilisvalde

1990 3728 2045 3781 in
2077 3729 2299 3783 civitate
2329 3730 2430 3783 Dei
2459 3731 2656 3795 nostri,
2691 3730 2746 3783 in
2780 3737 2971 3784 monte
2997 3736 3191 3785 sancto
3211 3734 3353 3802 ejus.
3394 3751 3416 3783 ι

300 3822 407 3875 1οοί
437 3838 631 3876 curam
664 3820 978 3892 specialiter
1017 3819 1087 3873 ad
1118 3820 1306 3874 sedem
1338 3820 1700 3890 apostolicam
1732 3818 1903 3889 perti-
2059 3816 2306 3872 Dilectus
2334 3818 2525 3888 itaque
2551 3819 2667 3872 Deo
2695 3825 2753 3872 et
2771 3818 3092 3873 hominibus
3113 3819 3208 3874 ille
3237 3823 3588 3877 venerandus

299 3917 561 3964 nerezet
596 3910 848 3980 quisquis
898 3908 1144 3961 fidelium
1194 3908 1252 3961 in
1302 3908 1414 3961 ﬁne
1459 3907 1683 3961 caduca:
1732 3913 1901 3977 atque
1987 3922 2155 3960 senex
2206 3907 2541 3961 Benedictus
2582 3908 2792 3978 optime
2849 3924 3024 3976 agens
3075 3909 3261 3978 gregis
3303 3912 3587 3967 commissi

297 3999 643 4052 transitoria;
682 3999 806 4052 vitae
836 3998 1032 4068 pennis
1072 3996 1338 4066 angelicis
1399 3997 1469 4050 ad
1519 3998 1685 4050 caelos
1742 4001 1901 4066 optat
1982 3995 2312 4060 custodiam,
2357 4003 2551 4066 utpote
2571 4004 2765 4066 pastor
2788 3997 3064 4067 egregius,
3100 3998 3415 4053 sanctitatis
3449 4016 3581 4069 gra-

298 4089 479 4153 evehi,
512 4095 709 4142 contra
736 4088 916 4141 locum
949 4103 1116 4157 quem
1158 4085 1392 4139 Michael
1423 4085 1679 4155 princeps
1721 4101 1896 4152 ange-
1979 4083 2062 4137 tia
2080 4084 2284 4138 claruit
2310 4084 2426 4137 suis
2466 4084 2830 4154 temporibus,
2866 4084 3269 4155 ampliavitque
3302 4092 3578 4141 monaste-

297 4176 484 4229 lorum
515 4176 708 4229 dilexit
736 4180 793 4228 et
847 4176 1031 4245 elegit,
1067 4181 1328 4227 vereatur
1370 4173 1579 4243 aliquid
1639 4173 1895 4242 iniquum
1979 4172 3165 4243 riumfaventearchangelorebus,personis
3181 4172 3575 4231 ethonoribus.

294 4264 522 4317 moliri:
558 4272 836 4335 quatenus
875 4264 931 4316 in
972 4264 1138 4317 domo
1168 4280 1268 4316 sua
1296 4262 1507 4332 absque
1536 4261 1896 4315 scissionibus
1977 4262 2045 4315 Et
2066 4278 2192 4315 cum
2223 4280 2257 4315 a
2288 4262 2568 4333 plerisque
2600 4262 2912 4332 hospitibus
2962 4268 3020 4316 et
3074 4263 3363 4317 monachis
3412 4265 3573 4334 quasi

290 4355 547 4408 cordium
575 4371 699 4408 cum
727 4370 877 4424 pace,
913 4370 1034 4423 qua;
1056 4353 1345 4406 hominum
1400 4352 1554 4406 bona:
1588 4344 1889 4406 voluntatis
1908 4411 1950 4424 ﬁ
1978 4368 2079 4422 pro
2109 4352 2341 4405 consilio
2360 4352 2685 4405 hortaretur
2721 4367 3053 4421 magnorum
3084 4351 3464 4406 cmnobiorum
3490 4360 3579 4408 tu-

286 4444 925 4515 propriaest,51tnomcn
943 4443 1396 4512 Dominisempcr
1411 4441 1887 4511 benedictum,qui
1908 4411 1954 4467 D
1977 4441 2103 4495 telae
2128 4451 2182 4495 et
2205 4442 2547 4495 ordinationi
2576 4441 2759 4495 locum
2779 4457 2946 4494 suum
2959 4441 3329 4508 committere,
3355 4458 3577 4497 eorum-

286 4547 488 4585 omnes
529 4549 660 4585 suos
690 4532 920 4602 Spiritus
968 4531 1474 4585 administratorios
1518 4539 1747 4601 propter
1793 4547 1888 4583 eos
1973 4546 2080 4599 que
2127 4530 2558 4584 consuetudines
2629 4529 2930 4583 admittere
2986 4546 3097 4583 non
3164 4530 3574 4603 acquiescebat,

285 4620 389 4691 qui
414 4619 798 4674 haereditatem
825 4620 1054 4690 capiunt
1070 4621 1283 4682 salutis,
1311 4621 1544 4692 implere
1560 4620 1808 4690 gratuite
1828 4620 1887 4673 in
1970 4620 2161 4673 dicens
2198 4643 2212 4676 :
2244 4640 2265 4669 ι
2303 4618 2500 4683 Sinite,
2527 4618 2750 4684 fratres,
2782 4619 2951 4673 sinite
2981 4619 3163 4673 Patris
3185 4622 3363 4675 nostri
3394 4622 3575 4677 Bene-

283 4710 534 4764 ecclesiaz
555 4728 668 4764 suae
699 4711 867 4764 mittit
900 4710 1290 4765 ministerium.
1973 4709 2106 4764 dicti
2134 4709 2347 4779 Regula
2379 4710 2710 4780 parvitatem
2739 4716 2987 4762 nostram
3046 4716 3366 4763 contentam
3428 4727 3571 4779 esse,

355 4802 523 4854 Anno
554 4799 727 4870 igitur
753 4797 1281 4854 9661ncarnationis
1313 4800 1612 4855 Dominicis
1641 4806 1892 4854 constru-
1973 4816 2097 4870 quae
2128 4838 2141 4864 ,
2197 4797 2243 4851 si
2300 4800 2445 4869 quod
2498 4799 2720 4852 videtur
2776 4797 3133 4865 addendum,
3194 4797 3413 4853 abbatis
3471 4799 3575 4855 ad-

280 4890 393 4944 ctis
448 4896 510 4943 ut
538 4889 735 4950 fertur,
771 4890 824 4942 in
856 4889 1049 4942 eodem
1078 4890 1198 4943 loco
1224 4890 1462 4944 feliciter
1502 4890 1740 4944 officinis
1779 4907 1885 4944 cce-
1974 4889 2147 4943 mittit
2210 4888 2442 4942 arbitrio
2494 4887 2867 4958 supplendum
2924 4904 3024 4958 pro
3058 4887 3277 4942 ratione
3328 4895 3386 4942 et
3429 4894 3571 4944 tem-

280 4978 623 5039 nobialibus,
650 4984 813 5049 prout
844 4986 967 5031 erat
1002 4978 1280 5048 possibile,
1307 4996 1432 5032 cum
1466 4980 1560 5033 ille
1621 4981 1704 5032 vir
1747 4979 1887 5033 illu—
1969 4995 2140 5050 pore:
2174 4995 2284 5032 non
2315 4978 2393 5031 ita
2449 4984 2534 5031 est
2577 4984 2641 5031 ut
2694 4976 2910 5043 dicitis;
2960 4977 3160 5030 videtis
3211 4977 3393 5032 locum
3434 4994 3569 5031 con-

277 5067 418 5121 stris
449 5067 609 5137 Hugo
641 5066 697 5119 in
718 5066 890 5120 armis
914 5072 1195 5129 strenuus,
1218 5067 1316 5121 sed
1344 5067 1397 5120 in
1430 5068 1528 5121 Dei
1557 5068 1724 5122 rebus
1740 5069 1886 5123 circa
1968 5068 2137 5123 ductu
2186 5067 2469 5121 difficilem
2523 5073 2577 5121 et
2627 5066 2886 5132 arduum,
2938 5067 3120 5120 altera
3161 5067 3566 5121 consuetudine

275 5159 458 5211 ﬁnem
516 5156 694 5226 magis
740 5156 990 5223 devotus,
1029 5156 1233 5222 locum,
1276 5173 1467 5226 quem,
1516 5158 1660 5212 sicut
1714 5176 1885 5230 supra
1968 5158 2417 5211 modificandum.
2455 5157 2648 5227 Neque
2689 5157 2839 5210 enim
2873 5158 3119 5210 humano
3150 5155 3399 5226 quolibet
3425 5155 3568 5209 indi-

276 5246 605 5303 retulimus,
640 5245 821 5315 pretio
841 5244 945 5298 sibi
974 5250 1038 5298 ut
1076 5246 1360 5315 proprium
1409 5247 1802 5314 vindicaverat,
1827 5255 1884 5303 et
1962 5254 2060 5316 get
2088 5247 2411 5318 magisterio
2441 5247 2537 5317 qui
2575 5247 2903 5316 angelorum
2926 5260 3073 5315 saepe
3104 5244 3313 5297 fruitur
3339 5243 3562 5310 solatio,

276 5335 596 5406 apostolica
616 5334 971 5398 auctoritate,
996 5351 1093 5388 seu
1119 5336 1406 5406 praeceptis
1442 5338 1719 5405 regalibus
1760 5356 1882 5392 mu-
1964 5337 2219 5409 tantique
2251 5336 2549 5408 provisoris
2577 5335 2787 5405 gaudet
2827 5332 3159 5405 patrocinio,
3201 5337 3259 5386 et
3284 5332 3422 5386 satis
3444 5348 3564 5387 me-

276 5428 491 5487 nierat,
538 5424 724 5477 abbati
780 5424 1053 5477 duntaxat
1104 5441 1167 5478 ac
1225 5427 1513 5480 monachis
1568 5428 1883 5482 habendum
1966 5428 2174 5481 tuendo
2197 5427 2531 5497 quandoque
2572 5425 2799 5478 additur
2854 5421 3183 5476 ministerio.
3212 5420 3279 5476 In
3332 5420 3437 5476 hoc
3478 5422 3568 5476 ni-

273 5513 649 5579 tradidisset;
679 5521 974 5583 postquam
1007 5513 1173 5565 etiam
1207 5522 1434 5569 sanctus
1480 5517 1721 5569 Joannes
1760 5534 1883 5570 ere-
1967 5518 2172 5571 mirum
2207 5526 2395 5570 monte
2426 5517 2615 5570 nullus
2644 5521 2726 5567 est
2760 5513 2913 5565 locus
2941 5511 3157 5564 crimini
3210 5527 3311 5565 nec
3337 5516 3422 5564 est
3478 5512 3563 5566 fas

274 5609 445 5669 inita,
471 5618 685 5656 necnon
730 5609 787 5655 et
838 5601 994 5657 bona:
1049 5604 1353 5669 memoriae,
1409 5608 1672 5660 Atvertus
1713 5606 1884 5661 abbas
1967 5607 2069 5661 sub
2096 5609 2217 5677 ejus
2261 5612 2561 5677 consmctu
2592 5603 2864 5657 scelerato
2890 5600 3136 5655 latebras
3163 5600 3561 5668 delitescendo,
