3972 6172
400 255 535 315 1463

1458 261 1824 317 \VILLELMI
1862 263 2067 317 CLUSI
2078 263 2230 317 ENS.
2272 263 2599 318 MONACH.

3531 256 3669 316 1464

1117 493 1739 629 TEXTUS
1841 496 2269 627 VIT/E
2365 492 2958 629 IPSIUS.

473 755 526 814 3.
550 758 867 811 Benedictus
904 760 1214 813 Tolosanus.
1263 761 1347 813 Fit
1378 761 1701 814 monachus.
1748 760 2551 830 ClusiumAmiter,prmsente
2572 759 2888 827 Airaldo(3l
2929 757 3275 812 Bremetensi
3306 755 3529 820 abbate,
3560 754 3677 807 viro

401 862 455 901 se
485 849 696 914 recipit.
728 848 1057 901 Benedictus
1091 849 1281 919 itaque
1300 848 1397 902 Dei
1416 850 1677 907 famulus,
1697 850 1880 920 patria
1899 850 2002 902 To-

406 936 655 997 losanus,
692 936 1019 1006 parentibus
1049 938 1360 992 nobilitatis
1409 939 1575 991 titulo
1612 955 1723 992 non
1754 938 2002 991 obscuris

405 1025 515 1079 fuit
536 1025 880 1096 progenitus.
916 1027 1066 1090 Quos
1096 1035 1285 1081 tamen
1328 1027 1449 1096 ipse
1481 1027 1658 1097 magis
1688 1027 2003 1097 insignibus

409 1119 616 1168 sanctae
633 1114 1074 1167 conversationis
1102 1114 1391 1184 prmconiis
1417 1113 1747 1175 nobilitavit,
1774 1116 1903 1168 dum
1927 1116 2007 1168 lu-

408 1202 546 1267 cifer
575 1203 888 1256 matutinus
919 1219 982 1256 ac
1012 1204 1165 1257 sidus
1187 1220 1420 1257 aureum
1445 1204 1620 1257 noctis
1652 1203 1877 1258 umbras
1907 1205 2005 1258 de-

410 1292 649 1355 cutiens,
682 1298 836 1346 astra
865 1308 1098 1362 quaeque
1117 1292 1233 1347 suis
1255 1293 1555 1346 luculentis
1586 1294 1756 1347 radiis
1782 1310 2010 1363 exsupe-

414 1381 579 1435 ravit.
608 1382 710 1435 Hic
740 1397 867 1435 cum
889 1381 1072 1434 adhuc
1092 1380 1248 1436 bonae
1271 1381 1477 1435 indolis
1498 1388 1645 1435 esset
1672 1383 1955 1452 parvulus.
1977 1400 2009 1437 a

412 1475 594 1541 patre,
629 1470 916 1524 Bernardo
948 1470 1175 1524 nomine
1205 1470 1300 1537 (ll,
1334 1470 1452 1524 viro
1489 1470 1634 1525 bono
1664 1478 1719 1525 et
1743 1472 2011 1525 Christia-

412 1559 648 1613 nissimo
666 1558 909 1628 regulari
944 1575 1141 1612 norma
1169 1558 1561 1613 informandus
1590 1560 1647 1613 in
1667 1561 2010 1613 monasterio

415 1647 607 1702 Sancti
638 1646 836 1700 Hilarii
863 1646 931 1707 (2)
963 1652 1046 1701 est
1076 1648 1337 1712 traditus,
1382 1647 1477 1701 ubi
1511 1649 1767 1719 pueritiae
1796 1658 1852 1702 et
1876 1649 2013 1702 ado-

414 1735 695 1790 lescentiae
734 1740 886 1789 caste
917 1742 974 1789 et
1002 1735 1185 1790 sobrie
1216 1736 1445 1791 vivendo
1474 1754 1652 1791 annos
1691 1739 1892 1807 exegit,
1925 1738 2015 1791 in-

413 1828 717 1894 tentusque
747 1824 966 1888 divinis,
1021 1841 1125 1879 nec
1154 1842 1266 1879 non
1297 1832 1353 1880 et
1381 1827 1662 1880 saecularis
1683 1828 2015 1881 litteratum

416 1913 639 1978 studiis,
664 1912 767 1967 sub
785 1913 959 1984 patris
979 1915 1233 1968 custodia
1246 1915 1517 1984 juvenilia
1536 1916 1785 1987 corporis
1804 1916 2017 1969 deside-

2086 849 2372 919 religionis
2404 866 2466 903 ac
2486 850 2774 920 sapientiae
2790 849 2954 903 titulo
2990 848 3044 902 id
3077 848 3347 919 temporis
3367 843 3678 900 famosissi-

2084 956 2194 999 mo,
2220 939 2469 991 omnium
2487 937 2723 992 fratrum
2742 939 3037 992 conclusus
3075 946 3161 991 est
3192 946 3367 990 (τωωδ
3397 936 3467 989 de
3498 932 3681 988 Patris

2088 1028 2715 1097 electionesubaspertu
2749 1028 3070 1097 archangeli
3089 1027 3171 1080 sui
3201 1026 3275 1096 pii
3307 1024 3512 1079 tutoris
3544 1024 3682 1077 sim-

2090 1117 2308 1187 pliciter
2336 1124 2582 1170 acturus.
2607 1118 2761 1170 Tunc
2790 1118 2933 1169 lecto
2964 1117 3019 1169 in
3067 1115 3283 1168 abbatis
3329 1113 3684 1168 ordinatione

2091 1207 2318 1275 Regula:
2346 1206 2682 1276 capitulo.et
2706 1223 2739 1259 a
2770 1205 2998 1276 przrfato
3042 1205 3243 1258 abbate
3273 1205 3422 1257 clare
3467 1209 3684 1273 aperte-

2093 1313 2200 1366 que
2226 1296 2495 1367 exposito.
2527 1296 2623 1348 alii
2654 1296 2848 1356 alium,
2881 1300 2944 1348 ut
2968 1295 3193 1357 assolet,
3226 1294 3559 1348 acclamare.
3591 1291 3686 1345 alii

2090 1385 2285 1449 alium;
2319 1385 2544 1454 quidam
2564 1384 2790 1455 quidem
2824 1383 3227 1446 Bertrannum,
3254 1382 3556 1453 quemdam
3585 1382 3691 1433 Cu-

2091 1473 2493 1535 miliacensem,
2520 1473 2614 1543 qui
2638 1478 2695 1526 et
2716 1472 2851 1525 satis
2880 1473 3046 1526 homo
3090 1473 3371 1525 humanus
3404 1478 3463 1524 et
3490 1470 3690 1539 benig-

2093 1578 2199 1615 nus
2229 1566 2369 1627 erat,
2422 1561 2729 1632 plurimum
2783 1578 3005 1631 quoque
3035 1559 3249 1614 habens
3287 1560 3579 1629 religionis
3604 1576 3691 1611 ze-

2095 1651 2234 1716 lum,
2254 1655 2310 1704 et
2330 1650 2634 1704 secundum
2680 1650 2993 1703 scientiam.
3026 1649 3287 1719 Plerique
3307 1664 3435 1702 vero
3468 1648 3692 1701 Aicium

2096 1738 2339 1809 priorem
2371 1738 2663 1792 monastici
2694 1739 2906 1792 ordinis
2930 1738 3372 1792 eruditissimum
3423 1742 3481 1790 et
3533 1735 3697 1789 disci-

2098 1828 2263 1898 plinae
2285 1828 2582 1881 severitate
2613 1826 3121 1897 insignem.Stabat
3148 1832 3335 1881 autem
3357 1824 3697 1879 Benedictus

2098 1923 2291 1971 noster
2317 1918 2386 1970 de
2403 1922 2583 1970 morte
2604 1918 2787 1971 Patris
2823 1916 3069 1970 defuncti
3101 1922 3305 1975 motus,
3328 1923 3385 1969 et
3404 1914 3570 1985 quasi
3600 1928 3701 1984 pro

414 2001 502 2055 ria
527 2001 835 2072 frangendo
867 2001 1136 2056 edomuit.
1163 2003 1271 2057 Sed
1300 2020 1429 2057 cum
1456 2004 1684 2058 tandem
1715 2004 1860 2058 idem
1911 2021 2015 2058 cm—
2033 2038 2075 2096 Β
2099 2006 2220 2076 ejus
2252 2006 2446 2059 funere
2470 2007 2759 2060 sollicitus.
2785 2007 2994 2060 Fuerat
3018 2006 3222 2076 quippe
3252 2004 3331 2057 illi
3354 2020 3565 2073 genere
3580 2019 3703 2073 pro-

416 2089 647 2145 nobium
677 2107 710 2144 a
743 2092 991 2161 regulari
1013 2092 1241 2146 tramite
1270 2093 1680 2164 aliquantisper
1700 2095 2014 2148 exorbitare

417 2179 911 2244 animadverteret,
944 2180 1151 2235 timens
1181 2198 1251 2235 ne
1281 2182 1425 2236 forte
1477 2183 1689 2236 ordinis
1721 2183 2013 2237 dissolutio

416 2274 794 2323 remorantem
826 2270 1095 2340 paulatim
1128 2270 1187 2324 in
1241 2288 1487 2341 praeceps
1516 2272 1783 2335 traheret,
1818 2272 2013 2325 simul-

416 2374 526 2430 que
553 2374 821 2413 accensus
846 2359 1156 2429 spiritualis
1178 2360 1456 2428 profectus
1481 2361 1782 2424 desiderio,
1815 2361 1884 2413 ad
1908 2362 2016 2414 lta-

417 2447 555 2501 liam
586 2446 859 2512 venit,ubi
891 2446 960 2501 ab
979 2446 1181 2501 abbate
1199 2449 1525 2502 monasterii
1555 2449 1742 2503 Sancti
1770 2449 2016 2502 Michae-

417 2537 506 2599 lis,
541 2536 687 2607 quod
736 2537 795 2590 in
842 2536 977 2607 ipsis
1038 2537 1212 2590 Italiae
1259 2538 1511 2591 faucibus
1548 2554 1801 2591 summus
1830 2549 2015 2591 vertex

417 2624 773 2697 Pyrchiriani
796 2625 1005 2679 montis
1034 2626 1219 2696 specie
1247 2642 1311 2679 ac
1340 2625 1609 2695 religione
1640 2626 2016 2680 venerandum

422 2714 638 2769 cunctis
661 2713 905 2768 ostendit
932 2714 1213 2784 gentibus,
1240 2713 1477 2784 benigne
1515 2721 1808 2785 susceptus
1837 2721 1940 2769 est.

490 2801 548 2861 4.
591 2804 958 2857 Fz'tsarerdos.
996 2804 1178 2873 Οαψίι
1234 2803 1427 2873 itaque
1474 2802 1530 2856 in
1588 2803 1707 2856 dies
1745 2804 2016 2858 virtutum

429 2891 693 2946 exercitio
707 2892 886 2961 magis
902 2892 1194 2962 magisque
1208 2892 1263 2944 in
1284 2892 1460 2946 Deum
1479 2892 1769 2962 proﬁcere,
1795 2909 2016 2946 morum

424 2981 660 3035 lenitate
691 2986 749 3034 et
776 2980 1102 3034 affabilitate
1155 2980 1211 3034 in
1264 2997 1515 3034 amorem
1572 2982 1658 3034 sui
1688 2987 2017 3036 cunctorum

425 3070 649 3124 animos
675 3070 880 3123 mirum
906 3070 961 3123 in
992 3070 1219 3123 modum
1260 3070 1580 3125 accendere.
1622 3070 1820 3124 divinze
1846 3071 2019 3141 philo-

423 3159 633 3229 sophiae
654 3158 1403 3212 rivulosinhianterhaurire
1436 3177 1449 3226 ;
1491 3166 1706 3212 certare
1732 3175 1857 3212 cum
1887 3159 2017 3212 ado-

421 3246 760 3312 lescentibus
794 3247 864 3301 de
896 3247 1257 3317 subjectione,
1291 3264 1418 3301 cum
1446 3247 1743 3317 juvenibus
1775 3248 1894 3318 ipse
1919 3249 2014 3317 ju-

416 3337 572 3390 venis
600 3336 670 3390 de
699 3335 1046 3390 fortitudine.
1072 3353 1198 3390 cum
1248 3335 1473 3390 senibus
1500 3336 1620 3407 ipse
1653 3342 1908 3390 maturus
1945 3336 2013 3389 de

416 3424 711 3495 gravitate.
739 3424 943 3478 Etcum
965 3423 1107 3477 forte
1121 3440 1319 3478 omnes
1342 3424 1654 3478 honestatis
1676 3432 1733 3478 et
1753 3424 2015 3478 utilitatis

416 3512 601 3583 gratia
629 3514 892 3573 anteiret.
929 3529 1088 3582 aeque
1117 3519 1305 3566 tamen
1337 3513 1595 3567 omnibus
1624 3514 1845 3577 Charus,
1875 3513 2014 3566 nulli

417 3602 639 3655 invidiae
672 3602 925 3655 fomitem
958 3601 1302 3654 ministrare.
1353 3602 1513 3655 Unde
1565 3602 1771 3655 factum
1811 3608 1896 3656 est
1928 3608 2010 3669 ut,

419 3689 623 3742 merito
651 3689 922 3743 fratribus
949 3689 1164 3743 cunctis
1186 3689 1563 3743 annuentibus
1613 3696 1670 3743 et
1697 3689 1895 3744 abbate
1928 3692 2016 3760 ju-

420 3775 609 3843 bente,
640 3778 709 3830 ad
743 3778 1115 3831 sacerdotium
1165 3785 1587 3849 promoveretur
1615 3796 1625 3830 :
1660 3780 1819 3849 cujus
1848 3780 2016 3833 ofﬁcii

420 3865 696 3935 dignitate
723 3867 800 3920 ita
831 3867 1120 3921 humiliter
1147 3874 1201 3920 et
1231 3874 1558 3921 reverenter
1589 3868 1814 3922 functus
1842 3876 1927 3923 est
1956 3874 2020 3923 ut

421 3971 543 4008 sese
568 3954 861 4025 indignum
893 3956 1099 4009 mentis
1113 3956 1331 4025 judicio
1362 3973 1586 4027 semper
1603 3957 1915 4021 clamitans,
1935 3960 2020 4012 vel

420 4049 549 4114 post
604 4043 821 4115 aliquot
867 4044 987 4097 dies
1038 4045 1110 4097 ad
1159 4045 1336 4098 altare
1386 4044 1675 4099 oblaturus
1708 4046 2016 4100 accederet.

419 4133 839 4204 Nonnunquam
870 4150 1001 4187 vero
1031 4140 1225 4204 postea
1254 4134 1324 4187 de
1354 4134 1694 4205 praedicante
1724 4134 2020 4188 didicimus

421 4238 549 4276 cum
576 4238 635 4275 se
666 4222 868 4277 missas
885 4239 1052 4293 agere
1100 4222 1157 4276 in
1183 4223 1273 4276 die
1313 4223 1708 4294 proposuisset.
1735 4230 2021 4293 exspecta-

420 4310 520 4364 bat
538 4311 586 4365 si
615 4312 759 4365 forte
788 4329 822 4365 a
860 4313 1047 4383 priore
1075 4312 1213 4366 illud
1236 4313 1284 4365 ei
1309 4311 2023 4383 juberetur.indubitanter

423 4400 659 4453 credens
686 4400 1026 4455 oblationem
1060 4417 1217 4454 suam
1252 4401 1458 4454 virtute
1506 4400 1833 4453 obedientim
1872 4400 2020 4469 apud

423 4487 608 4542 Deum
631 4489 1033 4554 commendari,
1058 4507 1180 4561 quae
1233 4490 1536 4560 Scripturze
1568 4489 1889 4543 testimonio
1920 4489 2021 4542 ho-

421 4577 895 4632 locautomatibus
914 4581 1042 4648 jure
1082 4579 1378 4649 praefertur
1406 4587 1463 4632 et
1492 4578 1755 4635 victimis.

500 4666 743 4720 5-Abbas
759 4669 1006 4734 eligitur.
1045 4667 1317 4721 Defuncto
1341 4668 1581 4737 denique
1602 4668 1698 4720 illo
1714 4666 1933 4731 abbate,
1967 4672 2024 4721 et

425 4753 608 4807 adhuc
629 4760 892 4808 manente
918 4755 1222 4825 insepulto,
1269 4772 1339 4810 ne
1396 4758 1538 4810 forte
1597 4755 1851 4826 improba
1900 4756 2020 4809 lues

424 4842 785 4897 Taurinensis
807 4843 1061 4913 praesulis
1079 4860 1201 4898 sese
1220 4853 1412 4899 contra
1432 4861 1709 4899 canonum
1743 4851 1798 4897 et
1814 4845 2020 4914 regulae

425 4937 621 4987 sancta
646 4932 873 4986 decreta
894 4949 959 4986 ex
981 4949 1137 4986 more
1151 4933 1549 5005 interponeret,
1599 4934 1689 5005 pie
1726 4940 1784 4987 et
1809 4935 2021 4988 unani—

492 5074 660 5202 (1)263
691 5079 927 5128 mortem
951 5072 1090 5128 obiit
1111 5074 1170 5128 in
1190 5076 1531 5130 monasterio
1549 5076 1797 5141 Clusino,
1851 5075 2015 5142 infra,

492 5162 544 5202 D.
641 5187 653 5199 .

422 5162 544 5216 cap.
566 5162 653 5202 zu.

2096 2095 2359 2166 pinquus,
2392 2111 2588 2148 omnes
2636 2094 2954 2165 superiores
3004 2093 3109 2147 sibi
3165 2093 3368 2146 fratres
3406 2092 3703 2145 humiliter

2098 2184 2451 2248 existimans,
2472 2184 2723 2254 nihilque
2748 2183 2935 2236 minus
2963 2199 3129 2253 quam
3152 2182 3220 2235 de
3240 2182 3325 2235 sui
3344 2181 3702 2252 promotione

2097 2272 2285 2326 animo
2299 2279 2666 2342 pertractans,
2686 2289 2812 2326 cum
2844 2271 3030 2326 subito
3054 2278 3184 2325 vota
3230 2288 3295 2324 ac.
3326 2270 3545 2340 judicia
3575 2286 3702 2323 om-

2098 2361 2252 2415 nium
2284 2361 2414 2414 hinc
2436 2362 2566 2415 inde
2596 2361 2825 2415 reducta
2857 2361 2914 2415 in
2948 2363 3099 2414 hunc
3126 2377 3302 2414 unum
3330 2360 3698 2422 conveniunt,

2098 2456 2162 2503 ut
2189 2466 2259 2502 ne
2288 2449 2456 2503 unius
2496 2449 2721 2519 quidem
2765 2449 2918 2502 favor
2967 2448 3036 2502 ab
3088 2466 3152 2503 eo
3194 2449 3539 2502 dissentiret.
3576 2448 3701 2501 Una

2099 2539 2348 2593 omnium
2368 2555 2518 2602 voce,
2535 2555 2647 2592 una
2660 2539 2960 2600 sententia,
2987 2538 3241 2609 quamvis
3260 2538 3515 2590 clamans
3548 2537 3702 2590 mul-

2098 2631 2330 2696 tumque
2352 2626 2600 2680 renitens
2656 2627 2893 2697 capitur.
2939 2632 2995 2680 et
3043 2628 3252 2680 electus
3277 2627 3348 2679 ad
3402 2626 3702 2679 ecclesiam

2096 2731 2222 2768 cum
2245 2714 2502 2767 laudibus
2522 2714 2760 2767 ducitur.
2793 2715 2921 2768 Haec
2952 2714 3020 2767 de
3054 2716 3178 2783 ejus
3211 2713 3505 2773 electione.
3531 2729 3708 2783 quam

2099 2820 2237 2874 puro
2267 2803 2474 2856 intuitu
2498 2804 2764 2874 justoque
2790 2804 2986 2857 ordine
3023 2803 3117 2857 Dei
3168 2811 3309 2857 nutu
3340 2810 3471 2857 acta
3504 2803 3702 2868 fuerit,

2098 2892 2290 2963 paucis
2308 2892 2594 2945 absolvere
2612 2892 2820 2957 curavi,
2863 2898 2927 2945 ut
2947 2892 3233 2946 evidenter
3262 2898 3456 2962 pateat
3481 2892 3709 2957 lectori,

2100 2981 2283 3034 vivum
2315 2980 2554 3049 lapidem
2577 2980 2675 3034 Dei
2718 2980 3102 3044 Benedictum,
3136 2987 3194 3034 et
3211 2981 3535 3034 columnam
3569 2980 3714 3033 veri-

2102 3070 2235 3122 tatis
2254 3070 2354 3123 tali
2378 3070 2743 3122 fundamento
2778 3076 2834 3122 et
2872 3069 3002 3122 base
3051 3070 3138 3123 sui
3166 3070 3431 3123 introitus
3460 3069 3719 3122 inniten-

2098 3157 2442 3216 tem,merito
2460 3173 2569 3210 non
2585 3158 2833 3227 potuisse
2858 3158 2985 3210 ullis
3008 3158 3214 3211 futuris
3263 3157 3712 3210 tribulationum

2107 3244 2427 3298 turbinibus
2448 3247 2668 3298 concuti
2687 3253 2785 3300 aut
2810 3246 3149 3317 perturbari.
3182 3247 3437 3300 Antehac
3465 3246 3623 3299 enim
3650 3245 3713 3298 in

2064 3390 2089 3413 Ἰ
2109 3334 2275 3387 Italia
2303 3350 2404 3403 per
2433 3333 2648 3403 aliquot
2672 3350 2850 3387 annos
2893 3333 2974 3387 vix
2999 3334 3235 3403 alicujus
3262 3334 3483 3404 praelati
3506 3333 3710 3386 electio

2042 3393 2089 3451 C

2097 3422 2292 3475 audita
2337 3421 2544 3489 fuerat,
2569 3422 2658 3475 cui
2716 3423 2801 3475 vel
2846 3422 3001 3492 regia
3048 3439 3271 3483 manus,
3306 3422 3393 3475 vel
3436 3421 3709 3491 qualibet

2097 3510 2405 3581 perniciosa
2436 3515 2490 3563 et
2522 3511 2806 3564 saecularis
2835 3511 3066 3565 ambitio
3096 3528 3207 3565 non
3235 3511 3580 3582 subriperet.

2167 3597 2219 3653 6.
2240 3600 2373 3668 Ejus
2393 3601 2644 3652 clrctz’oni
2657 3603 2932 3668 episcopus
2956 3602 3314 3653 Taurinensis
3341 3603 3700 3653 contradicit.

2098 3689 2221 3741 Non
2245 3694 2434 3741 tamen
2446 3694 2579 3741 tunc
2602 3688 2781 3742 defuit
2794 3689 2994 3743 solitus
3014 3689 3230 3760 antiqui
3254 3689 3435 3743 hostis
3463 3690 3613 3743 livor
3652 3695 3713 3742 et

2099 3777 2327 3830 invidia.
2348 3777 2487 3830 Cum
2535 3777 2686 3831 enim
2732 3778 2898 3847 hujus
2922 3783 3038 3831 tam
3074 3780 3243 3849 justaa
3273 3778 3570 3831 electionis
3599 3794 3713 3831 non

2101 3866 2266 3919 modo
2288 3866 2540 3919 Ecclesiae
2559 3868 2677 3927 filii,
2703 3884 2895 3920 verum
2926 3866 3098 3921 totius
3131 3867 3306 3922 Italiae
3348 3868 3711 3921 marchiones

2103 3960 2157 4007 et
2186 3954 2374 4019 duces,
2434 3955 2736 4025 populique
2797 3956 3204 4026 applauderent
3248 3955 3521 4022 universi,
3558 3956 3712 4008 solus

2102 4043 2463 4096 Taurinensis
2506 4044 2752 4113 pontifex
2791 4044 3172 4098 Chunibertus
3198 4044 3294 4110 (4).
3319 4044 3418 4114 qui
3448 4061 3516 4096 ex
3549 4043 3714 4097 bonis

2102 4131 2281 4185 initiis
2299 4132 2473 4185 malos
2485 4140 2717 4186 eventus
2735 4133 3231 4203 habuitsuperbize
3252 4141 3386 4203 typo
3407 4132 3710 4186 intumuit.

2104 4221 2171 4274 Et
2203 4237 2327 4274 cum
2356 4220 2556 4274 fratres
2588 4221 2747 4275 electi
2769 4222 2855 4275 sui
2883 4223 3356 4279 consecrationem
3381 4221 3451 4273 ab
3472 4238 3545 4274 eo
3580 4239 3713 4291 pos-

2103 4311 2368 4374 tularent,
2402 4309 2622 4363 bestiali
2656 4312 2884 4364 fremitu
2932 4312 3250 4381 indignans.
3278 4310 3336 4363 in
3376 4311 3495 4364 haec
3539 4311 3713 4363 verba

2104 4400 2506 4453 contumeliosa
2526 4408 2582 4454 et
2623 4400 2982 4470 blasphemiae
3031 4402 3195 4471 plena
3232 4400 3419 4470 erupit
3452 4419 3464 4452 :
3518 4421 3539 4449 ι
3575 4399 3715 4463 Quis

2104 4497 2205 4551 est,
2228 4490 2327 4554 ait,
2352 4490 2457 4542 iste
2480 4490 2831 4549 Benedictus,
2867 4489 3135 4560 quibusve
3173 4495 3331 4542 ortus
3355 4489 3711 4557 majoribus?

2105 4578 2227 4642 Qua
2255 4577 2488 4631 audacia
2518 4594 2617 4631 seu
2646 4579 3001 4636 auctoritate.
3035 4578 3119 4630 vel
3150 4595 3183 4630 a
3229 4577 3432 4648 quibus
3465 4594 3563 4631 me
3607 4577 3713 4630 ab-

2105 4675 2259 4721 sente
2287 4667 2542 4721 electus?
2571 4686 2595 4719 »
2626 4666 2708 4721 Ad
2738 4668 2857 4721 haec
2918 4684 3043 4720 cum
3090 4667 3290 4720 fratres
3319 4682 3605 4720 canonum
3647 4682 3713 4720 ac

2041 4758 2330 4844 DRegulae
2380 4775 2493 4811 sua:
2531 4757 2925 4810 auctoritatem
2980 4756 3385 4825 prmtendentes
3446 4756 3713 4809 dicerent

2104 4847 2428 4917 hujusmodi
2486 4847 2812 4899 electionem
2862 4846 2944 4899 illi
3002 4862 3112 4899 non
3161 4844 3371 4910 deberi,
3413 4845 3523 4897 nisi
3568 4846 3713 4898 forte

2103 4935 2624 4989 monachivitiosam
2639 4950 2979 5005 pravamque
3018 4949 3312 5004 personam
3336 4950 3400 4986 ex
3422 4949 3711 4986 consensu

2102 5094 2214 5131 non
2236 5093 2432 5147 parum
2476 5093 2721 5130 censurae
2763 5082 3030 5136 meretur,
3066 5082 3129 5129 ut
3168 5075 3263 5145 qui
3308 5075 3704 5145 permittebat,

2102 5156 2166 5203 ut
2187 5149 2371 5201 clerici
2426 5148 2674 5202 Ecclesiae
2704 5164 2835 5210 suae,
2862 5150 3244 5216 cujuscunque
3282 5149 3517 5205 ordinis,
3558 5150 3712 5199 relut

496 5215 563 5281 l2l
594 5218 710 5271 Hoc
729 5216 784 5272 S.
812 5215 1011 5271 Hilarii
1029 5218 1429 5272 monasterium
1449 5219 1617 5272 situm
1641 5219 1699 5272 in
1723 5217 1859 5271 urbe
1878 5219 2017 5273 Car-
2091 5224 2224 5288 jure
2274 5222 2627 5272 matrimonii
2669 5215 3174 5283 rari/mderarentur
3221 5219 3505 5270 umoribus.
3539 5219 3713 5281 Quod

419 5304 667 5343 68880118.

495 5359 562 5425 (3)
589 5359 780 5431 Simile
810 5360 1124 5431 exemplum
1158 5357 1330 5414 habes
1361 5361 1415 5413 in
1469 5361 1655 5415 saeculi
1688 5359 2013 5431 superioris,

415 5444 545 5500 pag.
576 5430 697 5486 78L

455 5501 557 5624 ,ἕω
592 5501 796 5555 Durius
822 5503 1044 5572 quidem
1080 5503 1135 5556 in
1166 5502 1573 5557 Chunibertum
1606 5509 1802 5557 amtor
1860 5504 2011 5571 loqui

455 5586 469 5622 ι
511 5578 655 5624 etur.
690 5573 787 5624 sed
806 5574 932 5624 insa
987 5575 1317 5624 Chuniberti
1369 5574 1573 5624 agendi
1610 5575 1754 5624 ratio
1781 5575 1838 5624 in
1860 5574 2004 5624 aliis.

417 5573 655 5639 videtur,
690 5573 787 5627 sed
805 5574 932 5644 ipsa
987 5575 1317 5629 Chuniberti
1369 5574 1574 5643 agendi
1610 5575 1754 5628 ratio
1781 5575 1839 5629 in
1860 5574 2004 5642 aliis,

2100 5292 2204 5362 ipsi
2238 5291 2581 5360 improperat
2612 5291 2810 5362 Petrus
2842 5290 3097 5342 Damiani
3132 5290 3184 5341 in
3206 5288 3439 5358 epistola
3476 5289 3544 5362 ad
3571 5306 3709 5342 eum

2100 5360 2345 5431 scripta:
2390 5371 2445 5413 et
2475 5362 2565 5430 qui
2622 5378 2655 5413 a
2710 5361 2937 5413 Nicolao
2995 5376 3131 5429 papa
3179 5360 3709 5413 excuminunicatus

2098 5433 2221 5486 fuit.
2257 5433 2401 5501 quod
2435 5432 2489 5484 in
2526 5440 2796 5484 conventu
2832 5431 3227 5485 Mediolanensi
3260 5447 3382 5483 cum
3414 5431 3542 5482 aliis
3582 5432 3708 5500 qui-

2103 5503 2332 5557 busdam
2362 5503 2635 5572 episcopis
2663 5504 2939 5556 conreSsit
2967 5502 3180 5555 clericis
3230 5501 3554 5555 facultatem
3596 5503 3704 5555 ha-

2094 5575 2263 5629 bendi
2294 5592 2511 5631 uxores.
2548 5574 2685 5628 Vide
2714 5574 2862 5628 infra
2883 5590 3042 5644 capp.
3067 5578 3102 5628 ὃ
3121 5581 3180 5626 et
3207 5572 3295 5628 11.
