3972 6172
278 331 407 386 1465

1386 334 1553 387 ΥῙΤΑ
1595 333 1976 387 BENEDICTI
2018 333 2173 386 ABB.
2222 332 2422 389 CLUS.

3415 328 3430 384 ¹1
3455 327 3550 384 166

268 457 373 509 sibi
419 457 787 526 praetulerint.
834 457 1307 510 consecrationem
1357 464 1544 510 autem
1595 458 1926 515 duntaxatA
1952 458 2212 525 ignorare
2244 458 2392 510 illius
2434 457 2536 510 loci
2572 458 2807 510 tutelam
2857 459 2926 511 ad
2977 459 3241 511 Romame
3289 457 3548 510 Ecclesia;-

267 543 397 598 boni
430 546 589 598 electi
625 564 781 598 suam
810 547 1119 600 fore.Tunc
1142 565 1268 600 vero
1291 549 1425 600 satis
1440 566 1718 617 superque
1737 565 1869 600 con-

265 634 390 687 fusa
424 635 533 688 bile
566 637 828 687 etl'eiatus
857 635 1131 696 efferbuit.
1169 643 1500 706 tumensque
1542 639 1734 706 juigio
1784 638 1869 689 in-

267 723 389 792 quit
423 742 477 775 :«
507 724 669 777 Absit
698 725 819 786 hoc,
869 725 1014 776 absit
1048 725 1179 778 illud
1223 727 1317 794 jus
1359 727 1772 786 detestandum.
1808 732 1870 779 ut

267 829 369 881 per
406 830 500 865 vos
557 831 654 864 seu
706 831 804 882 per
850 814 1118 882 Regulam
1166 823 1429 879 vestram,
1486 822 1546 868 ut
1595 816 1864 879 asseritis,

266 901 397 959 iste.
455 901 588 953 mihi
634 904 938 971 przesertim
1003 904 1243 969 ignotus.
1295 905 1536 956 introeat
1571 906 1580 956 !
1615 906 1734 957 Mea
1786 912 1870 956 est

266 989 490 1051 elei-tio,
527 1007 681 1042 meas
713 992 818 1042 erit
847 991 1018 1042 abbas
1051 993 1270 1060 meique
1293 994 1456 1060 juris,
1482 994 1614 1044 milii
1651 993 1744 1045 uni
1779 993 1870 1044 ob-

263 1086 609 1147 temperans.
647 1079 938 1132 familiaris
959 1081 1298 1133 domesticus
1328 1099 1391 1134 ac
1412 1081 1666 1134 subditus
1715 1083 1870 1135 Sicut

266 1167 419 1218 enim
453 1167 720 1236 accipiter
750 1168 881 1220 dum
931 1169 1125 1222 molles
1173 1178 1333 1238 urget
1365 1170 1669 1234 columbas,
1703 1187 1868 1240 quam

266 1255 376 1307 sibi
403 1257 639 1308 voluerit
670 1257 950 1325 unguibus
979 1258 1141 1327 rapit,
1179 1259 1324 1311 haud
1352 1260 1514 1312 aliter
1542 1278 1641 1329 ego
1673 1277 1872 1330 repen-

267 1345 425 1397 tinus
454 1345 599 1397 inter
645 1363 742 1398 vos
804 1353 1190 1415 exspectantes
1230 1349 1645 1418 superveniens.
1715 1351 1870 1401 illum

269 1433 368 1502 qui
411 1433 601 1485 animo
652 1440 870 1486 tantum
905 1435 1113 1487 sederit
1145 1453 1286 1490 meo.
1323 1438 1527 1506 quique
1553 1437 1687 1489 mihi
1720 1438 1871 1489 cordi

266 1521 464 1584 fuerit,
489 1523 758 1592 accipiam
793 1529 848 1575 et
871 1524 1081 1576 cunctis
1109 1524 1260 1576 vobis
1284 1527 1596 1595 przeﬁciam.
1627 1551 1647 1572 ι»
1677 1528 1874 1580 Nonne

268 1611 360 1662 his
385 1610 483 1662 tibi
510 1611 862 1681 paucissimis
885 1619 937 1664 et
969 1613 1454 1682 sesquipedalibus
1477 1615 1656 1667 verbis
1673 1616 1874 1669 dixisse

269 1699 494 1752 videtur
519 1719 528 1746 ε
561 1701 667 1752 Per
687 1717 776 1752 me
807 1701 976 1753 abbas
1009 1701 1258 1759 intrabit.
1279 1720 1386 1755 non
1423 1721 1519 1773 per
1549 1705 1875 1757 Christum?

1955 547 2143 598 sedem
2203 547 2554 598 solummodo
2587 546 2910 616 pertinere?
2970 546 3234 598 fundator
3278 546 3545 598 nimirum

1951 636 2126 705 ipsius
2169 637 2514 700 monasterii,
2553 637 2712 704 Ilugo
2766 636 3010 698 nomine,
3043 636 3290 704 ejusdem
3325 635 3426 688 loci
3458 652 3549 688 cu-

1953 741 2069 776 ram
2102 726 2260 777 beato
2295 726 2458 778 Petro
2489 727 2740 795 apostolo
2774 726 3006 794 ejtisque
3049 725 3267 776 vicariis
3301 725 3352 776 in
3386 731 3547 777 teter-

1953 830 2084 865 num
2116 813 2416 875 Commisit.
2447 823 2502 866 et
2530 815 2848 883 apostolicis
2889 812 3190 883 privilegiis
3240 813 3392 865 locus
3423 811 3551 865 inde

1953 901 2158 954 muniri
2189 902 2497 972 pron‘ieruit
2552 923 2571 951 ν
2607 904 2728 970 Ipse
2760 919 2979 970 quoque
3008 902 3126 970 pius
3152 918 3292 971 papa
3320 902 3553 953 Alexan-

1953 992 2068 1044 der.
2105 993 2324 1059 cognita
2364 991 2602 1060 episeopi
2641 991 2933 1054 injustitia,
2967 992 3045 1042 sic
3077 1009 3203 1042 eum
3238 991 3386 1042 mitis
3418 991 3552 1042 allo-

1954 1082 2179 1150 quitur:
2218 1102 2236 1130 (ι
2270 1081 2396 1133 Esto
2431 1081 2708 1149 pacificus.
2743 1081 2812 1131 lili
2849 1081 3209 1134 Chuuiberte.
3243 1087 3360 1131 esto
3388 1079 3548 1132 beni-

1953 1188 2114 1238 gnus.
2166 1171 2465 1237 Compesce
2519 1176 2783 1229 mentem,
2818 1168 3076 1220 turbatus
3123 1175 3212 1220 est,
3256 1169 3404 1220 enim
3439 1185 3550 1237 prae

1954 1260 2141 1311 furore
2163 1259 2356 1311 oculus
2380 1259 2750 1310 tuusRevoca
2782 1259 3030 1309 aniinum
3057 1258 3123 1308 ab
3142 1257 3547 1324 indignatione,

1957 1365 2120 1418 quam
2155 1365 2262 1400 non
2295 1349 2450 1399 decet
2481 1348 2835 1415 aliquatenus
2876 1347 3120 1398 residere
3152 1347 3207 1398 in
3246 1346 3550 1398 sacerdotis

1959 1445 2197 1505 pectore.
2259 1436 2536 1505 Injustum
2571 1443 2719 1487 certe
2760 1435 2918 1488 nobis
2951 1436 3168 1488 videtur
3198 1442 3253 1486 et
3282 1435 3550 1487 intolera-

1956 1527 2066 1579 bile
2101 1527 2280 1578 locurn
2315 1527 2471 1578 illum
2499 1532 2688 1578 nostro
2721 1532 2937 1578 tantum
2963 1524 3322 1576 commissum
3358 1523 3549 1592 przesi-

1958 1616 2049 1668 dio
2077 1633 2139 1668 ac
2170 1615 2656 1684 ditioni,quamvis
2678 1623 2785 1667 tua:
2813 1614 2884 1665 sit
2906 1613 3179 1672 dicecesis.
3205 1620 3321 1664 tam
3361 1612 3550 1682 inique

1956 1703 2159 1756 vexari.
2197 1704 2876 1772 Quaproptermonemus.
2916 1707 2977 1754 ut
3008 1699 3192 1752 abbati
3219 1701 3347 1768 jure
3377 1715 3550 1753 acre-

270 1788 516 1840 Aliunde
548 1789 811 1841 ascendet
851 1789 993 1842 sicut
1043 1791 1130 1843 fur
1179 1803 1231 1843 et
1264 1792 1422 1853 latro,
1463 1799 1526 1846 ut
1568 1799 1772 1846 mactet
1820 1775 2226 1861 (2thulz-ii‘iter
2282 1792 2458 1844 electo
2489 1798 2781 1860 paternum
2816 1790 3063 1842 animum
3079 1796 3134 1842 et
3162 1791 3447 1856 affectum,
3485 1793 3548 1841 ut

271 1878 494 1947 perdat.
529 1894 639 1930 non
673 1895 771 1947 per
799 1879 1026 1931 ostium.
1059 1879 1103 1933 Ο
1153 1880 1573 1934 similitudinem
1615 1889 1870 1950 argutam

275 1972 334 2017 et
370 1965 629 2034 episcopo
657 1966 882 2036 dignam
912 1968 923 2019 !
975 1968 1234 2021 Insanisti
1270 1976 1402 2022 tunc
1442 1971 1624 2039 impos
1669 1972 1873 2023 mentis

271 2060 404 2117 tum,
445 2053 785 2106 Chuniberte
815 2055 1104 2125 episcope;
1137 2057 1270 2109 talia
1309 2059 1494 2112 fando.
1531 2059 1784 2110 insanisti
1816 2077 1872 2111 re

272 2159 407 2195 vera
433 2144 531 2196 tali
561 2144 851 2196 cothurno.
888 2145 1159 2214 Apparuit
1205 2147 1286 2197 his
1339 2147 1501 2199 dictis
1544 2165 1651 2216 qua
1706 2149 1874 2217 polle-

271 2232 392 2292 bas.
443 2234 556 2284 imo
603 2249 714 2300 qua
751 2233 1170 2303 ainpuilabaris,
1206 2242 1302 2287 tua
1346 2252 1534 2287 crassa
1581 2237 1871 2306 pinguisve

267 2321 546 2374 minerva.
581 2322 720 2374 Cum
753 2322 901 2374 enim
935 2330 1088 2374 tuam
1124 2323 1419 2392 ingluviem
1470 2325 1652 2394 specie
1682 2334 1735 2378 et
1770 2343 1869 2378 no-

268 2410 425 2462 mine
478 2410 759 2479 accipitris
813 2411 1085 2479 figurasti.
1132 2413 1464 2482 simplicium
1497 2421 1551 2466 te
1579 2414 1872 2467 insectato-

267 2516 412 2560 rem.
470 2499 866 2569 insontumque
903 2509 1182 2570 raptorem
1217 2502 1312 2553 tali
1349 2502 1526 2554 forma
1553 2503 1869 2572 depinxisti.

269 2588 434 2640 I’atet
466 2588 638 2655 igitur
685 2589 809 2641 luce
852 2589 1073 2652 clarius,
1109 2591 1255 2658 quod
1288 2607 1396 2642 non
1433 2593 1716 2660 aperuerit
1771 2592 1870 2645 tibi

268 2677 480 2729 ostium
514 2678 764 2729 veritatis
791 2678 1072 2738 ostiarius,
1108 2679 1200 2747 qui
1226 2687 1282 2730 et
1333 2679 1573 2748 Spiritus
1621 2688 1867 2745 sanctus,

268 2772 325 2816 et
355 2765 482 2818 ideo
512 2783 866 2835 compressus
897 2767 1126 2819 deﬂuxit
1155 2769 1402 2820 tumidus
1426 2770 1732 2837 prudentiae
1763 2777 1871 2822 tua:

267 2853 448 2906 fastus
505 2855 661 2917 Quod
693 2872 877 2907 sermo
907 2855 1210 2907 declarabit
1245 2855 1550 2924 subjectus.

342 2949 395 2997 7.
432 2945 656 2996 Romam.
689 2947 944 3010 appellat.
989 2945 1191 2996 Servus
1222 2945 1410 3014 itaque
1437 2945 1658 2998 Domini
1691 2947 1869 3001 Bene-

267 3032 473 3094 dictus,
501 3033 722 3101 cognita
755 3032 998 3102 episcopi
1031 3033 1286 3085 vecordia
1317 3040 1371 3085 et
1410 3035 1695 3087 exactione
1726 3036 1868 3089 irra-

267 3120 524 3173 tionabili
557 3139 619 3174 ac
668 3121 987 3180 durissima.
1023 3122 1203 3191 primo
1245 3123 1468 3192 quidem
1495 3130 1648 3175 tanto
1693 3124 1866 3177 furori

267 3209 455 3262 locum
503 3211 634 3262 dare
673 3211 1074 3270 delitescendo.
1127 3218 1182 3262 et
1225 3212 1490 3263 honorem
1535 3213 1865 3266 declinando

266 3299 592 3352 decreverat
615 3299 963 3352 humilitatis
984 3298 1185 3367 gratia.
1219 3301 1313 3352 sed
1339 3301 1543 3352 iterum
1570 3308 1737 3370 atque
1762 3302 1865 3354 ite-

263 3405 390 3441 rum
425 3406 459 3441 a
490 3388 844 3443 fratribus.ut
865 3396 1187 3441 constanter
1219 3397 1430 3457 ageret.
1463 3397 1518 3441 et
1549 3407 1610 3441 ex
1634 3391 1864 3443 adverso

263 3478 578 3531 ascendens
610 3494 831 3530 murum
867 3495 966 3546 pro
997 3478 1162 3529 domo
1192 3479 1361 3530 Israel
1394 3486 1864 3548 opponeret,neve

263 3567 504 3619 irruenti
538 3568 665 3636 lupo
691 3583 754 3618 ac
785 3566 1005 3618 diabolo
1038 3567 1277 3630 cederet,
1315 3574 1487 3636 utque
1520 3568 1604 3619 sui
1635 3567 1866 3621 misere-

263 3665 423 3708 retur
464 3655 804 3717 admonitus,
853 3655 1080 3707 tandem
1123 3656 1217 3707 diu
1263 3657 1617 3725 multumque
1658 3656 1726 3708 ab
1758 3657 1866 3709 illis

262 3746 552 3813 fatigatus.
590 3752 644 3796 et
675 3744 876 3795 virtute
910 3744 1235 3796 constantia:
1285 3752 1340 3796 et
1387 3744 1716 3797 obedientize
1745 3747 1868 3798 ani-

260 3842 449 3886 matus
478 3833 710 3885 viriliter
731 3832 1280 3901 stetit,etquemdam
1306 3833 1561 3896 fratrem,
1592 3832 1866 3887 Bosonem

261 3924 512 3982 nomine,
539 3923 629 3991 qui
665 3922 850 3974 sedem
885 3921 1246 3990 apostolicam
1279 3923 1540 3990 appellet,
1561 3923 1868 3976 Taurinum

263 4012 463 4066 mittit.
515 4011 617 4073 Qui
665 4012 821 4080 jUssa
873 4010 1185 4078 perﬁciens,
1242 4010 1324 4061 vix
1371 4010 1516 4062 inter
1550 4011 1780 4079 lapides.
1810 4019 1866 4064 et

261 4102 504 4156 furentis
535 4100 720 4170 populi
755 4101 928 4152 fustes
951 4100 1101 4151 vivus-
1127 4100 1316 4151 evasit.
1353 4101 1508 4152 Tunc
1537 4101 1864 4154 Benedictus

258 4191 458 4262 paucis
512 4207 698 4242 secum
732 4188 1035 4257 assumptis
1067 4188 1334 4241 fratribus
1367 4189 1598 4240 Romam
1632 4197 1864 4242 conten-

260 4281 361 4334 dit.
399 4281 578 4342 Quem
613 4278 903 4347 episcopus
933 4294 1056 4329 cum
1087 4293 1187 4328 suo
1216 4277 1457 4345 quodam
1490 4279 1734 4330 exercitu
1765 4295 1862 4348 pro

259 4370 474 4422 viribus
501 4376 894 4437 persecuturus
925 4365 1300 4434 subsequitur.

325 4459 387 4512 8.
445 4460 525 4510 Ab
556 4458 868 4509 Alexandro
904 4456 952 4506 II
982 4456 1332 4505 bcnro'icztur.
1371 4453 1511 4516 Quid
1557 4455 1760 4524 plura?
1800 4457 1862 4508 fit

251 4553 564 4601 conventus
621 4560 906 4595 sacrorum
977 4543 1302 4611 pontificum
1371 4550 1427 4595 et
1491 4544 1856 4596 cardinalium

247 4645 384 4690 ante
414 4636 686 4687 domuum
738 4632 1139 4684 Alexandrum.
1181 4639 1313 4683 tunc
1342 4633 1611 4700 temporis
1643 4634 1861 4702 pontiﬁ-

247 4743 371 4778 cem
425 4725 763 4783 Romanum,
798 4727 965 4788 atque
999 4720 1331 4788 Gregorium
1383 4721 1858 4788 archidiaconum,

247 4825 456 4886 postea
505 4810 897 4881 apostolicum.
953 4809 1207 4878 Replicat
1259 4809 1553 4878 episcopus
1597 4811 1863 4879 praedicta

244 4902 535 4974 superbia)
602 4899 788 4960 verba,
847 4898 1024 4966 magis
1063 4898 1342 4950 rhetorica
1390 4899 1647 4951 facundia
1688 4901 1863 4953 fretus

246 5010 425 5064 quam
464 4989 716 5042 veritatis
738 5005 905 5040 causa
933 4987 1220 5039 subnixus.
1257 4987 1337 5040 Ad
1370 4989 1530 5056 cujus
1552 4989 1858 5042 oratimnem

243 5099 414 5136 sacer
459 5079 759 5150 praesulum
807 5083 1002 5138 coetus,
1039 5077 1390 5145 maximeque
1435 5077 1861 5132 archidiaconus

245 5171 588 5239 Gregorius.
624 5169 986 5219 vehementer
1015 5166 1324 5218 admiratus
1358 5166 1435 5218 sic
1468 5168 1682 5219 ίὶιῐυΓξι
1718 5169 1860 5230 Quid

241 5271 360 5323 est,
392 5260 673 5330 episcope,
700 5257 843 5326 quod
879 5256 1165 5324 loqueris?
1189 5256 1288 5308 Ubi
1319 5268 1402 5307 est
1423 5257 1695 5326 sapientia
1720 5265 1812 5310 tua
1837 5257 1860 5310 ‘?

236 5355 517 5407 Tuumne
557 5347 693 5398 dicis
744 5344 1023 5406 abbatem,
1062 5345 1254 5413 tuique
1297 5346 1468 5396 solius
1518 5349 1632 5397 tore
1669 5346 1859 5413 juris?

234 5447 377 5506 Qua
401 5436 760 5491 auctoritz‘ite.
801 5451 1006 5503 qmeso.
1045 5442 1142 5485 aut
1175 5452 1283 5502 qua
1316 5433 1529 5486 ratione
1554 5442 1710 5487 tuum
1763 5452 1856 5488 as-

233 5531 396 5585 seris
420 5529 442 5579 1’
468 5528 613 5579 Num
652 5523 924 5593 posSessio
952 5529 1046 5574 tua
1071 5529 1168 5574 aut
1189 5539 1380 5574 servus
1408 5532 1537 5575 tuus
1559 5523 1677 5575 est?
1704 5525 1858 5577 Itane

232 5619 400 5677 sacri
430 5631 678 5669 canones
706 5612 894 5665 animo
923 5611 1251 5664 exciderunt
1274 5610 1410 5665 tuo?
1440 5614 1526 5665 An
1567 5619 1730 5682 putas
1758 5630 1858 5666 nos

1955 1888 2010 1934 te
2042 1882 2216 1938 decet,
2262 1880 2542 1941 exhibeas,
2577 1887 2745 1949 atque
2793 1880 3266 1932 consecrationem
3308 1878 3547 1947 benigne

1957 1970 2264 2040 impertias.
2305 1990 2326 2019 »
2360 1969 2516 2031 Quod
2544 1986 2667 2021 cum
2701 1986 2758 2021 se
2782 1969 2960 2021 facere
2994 1969 3146 2020 nulla
3177 1968 3412 2030 ratione,
3438 1968 3548 2021 nisi

1957 2058 2116 2110 alteri
2152 2076 2181 2110 a
2205 2076 2262 2109 se
2296 2059 2490 2118 electo,
2527 2058 2700 2109 durus
2733 2065 3027 2118 assereret,
3061 2062 3398 2126 comtempta
3425 2058 3546 2125 ejus

1956 2147 2339 2217 proterviame
2373 2147 2599 2215 longum
2632 2146 2852 2206 faciam,
2877 2163 2938 2198 ex
2970 2146 3249 2198 sententia
3269 2146 3546 2213 etjudicio

1954 2238 2128 2290 totius
2155 2236 2451 2288 venerandi
2484 2243 2658 2288 cretus
2692 2236 2784 2304 qui
2811 2235 3024 2294 aderat.
3075 2235 3407 2287 Benedictus
3445 2252 3546 2287 no-

1955 2333 2070 2379 ster
2097 2327 2166 2378 ab
2198 2327 2314 2395 ipso
2343 2327 2592 2378 Romano
2611 2325 2870 2394 pontiﬁce
2896 2323 3246 2375 benedicitur
3277 2328 3331 2376 et
3360 2339 3550 2376 conse-

1955 2421 2162 2467 cratur.
2199 2413 2470 2483 Episcopo
2509 2431 2637 2465 vero
2668 2412 3084 2465 interminando
3123 2412 3451 2481 imperatur,
3486 2416 3550 2464 ut.

1957 2504 2164 2555 nullam
2197 2503 2457 2572 deinceps
2486 2502 2672 2554 abbati
2705 2519 2802 2554 seu
2832 2502 2996 2554 rebus
3027 2501 3352 2553 monasterii
3385 2501 3552 2553 mole-

1955 2593 2118 2644 stiam
2143 2592 2346 2644 inferre
2368 2592 2589 2650 audeat.
2625 2591 2763 2642 nihil
2797 2592 2900 2642 nisi
2953 2591 3096 2659 quod
3131 2590 3463 2642 canonicum
3493 2595 3551 2642 et

1957 2682 2211 2749 regulare
2243 2689 2328 2732 est
2357 2681 2484 2732 inde
2516 2680 2750 2749 ulterius
2773 2680 2975 2748 exigat,
2998 2679 3100 2730 nisi
3134 2683 3274 2731 torte
3296 2677 3364 2730 ab
3395 2677 3548 2729 ordi-

1956 2787 2042 2822 nis
2075 2769 2158 2820 sui
2192 2774 2341 2820 statu
2386 2767 2690 2837 periclitari
2751 2783 2859 2818 non
2894 2768 3108 2819 timeat.
3149 2766 3254 2828 Qui
3290 2765 3546 2833 maligna:

1952 2873 2064 2909 suae
2099 2856 2299 2908 mentis
2343 2855 2576 2907 callidus
2620 2855 3021 2915 dissimulator,
3055 2853 3292 2922 benigne
3319 2853 3545 2922 quidem

1952 2952 2085 2998 tunc
2121 2945 2410 3014 respondit
2440 2949 2605 3013 prout
2637 2950 2813 3013 pater,
2863 2944 3124 2996 illaturus
3173 2942 3414 3012 plurima
3451 2941 3545 2993 ad-

1952 3051 2129 3097 versa,
2179 3051 2301 3103 qua:
2347 3034 2401 3086 in
2450 3051 2551 3086 suo
2594 3033 2850 3086 versabat
2889 3040 3148 3103 pectore;
3180 3048 3302 3100 quze
3333 3047 3434 3083 nos
3476 3030 3545 3082 ad

1952 3123 2234 3176 Benedicti
2269 3123 2559 3175 cumulum
2591 3123 2875 3192 patientia:
2905 3122 2962 3174 in
2995 3138 3184 3174 rerum
3213 3121 3546 3190 quandoque

1950 3229 2220 3282 ponemus
2253 3211 2414 3264 serie.

2019 3301 2070 3354 9.
2104 3303 2254 3355 Ritus
2281 3302 2490 3352 alienos
2525 3303 2721 3367 rejicit.
2749 3302 3004 3366 Regulam
3041 3303 3299 3352 inculcat.
3350 3299 3545 3351 Pasto-

1949 3390 2026 3443 ris
2055 3390 2228 3458 igitur
2256 3395 2516 3458 suscepto
2541 3388 2830 3457 regimine,
2853 3395 3062 3458 quanta
3094 3387 3381 3456 vigilantia
3406 3387 3544 3440 illud

1947 3479 2444 3540 administraverit,
2470 3495 2635 3547 quam
2662 3486 2849 3530 sancte
2890 3486 2945 3530 et
2976 3477 3231 3546 religiose
3257 3478 3548 3546 quzejusta

1953 3574 2086 3620 sunt
2136 3568 2390 3619 faciendo
2422 3574 2476 3620 et
2507 3567 2754 3620 docendo
2788 3567 3003 3626 vixerit,
3043 3567 3296 3636 quamvis
3340 3573 3545 3619 nostrae

1950 3657 2228 3709 facultatis
2258 3673 2367 3708 non
2398 3657 2470 3708 sit
2487 3657 2734 3709 evolvere
2763 3656 2949 3724 aliquo
2975 3663 3162 3708 tamen
3190 3672 3288 3726 pro
3320 3656 3546 3708 modulo

1952 3753 2154 3798 nostra:
2175 3745 2417 3798 scientiae
2447 3746 2646 3797 amodo
2673 3745 2878 3797 referre
2901 3744 3262 3807 tentabimus,
3287 3747 3426 3795 sicut
3450 3760 3547 3796 au-

1951 3836 2192 3886 divimus
2223 3840 2268 3886 et
2297 3835 2533 3885 vidimus
2578 3837 2635 3885 in
2665 3837 2881 3886 civitate.
2920 3836 3016 3886 ])ri
3047 3837 3238 3893 nostri,
3274 3837 3335 3886 in.
3369 3837 3547 3884 monte

1952 3929 2137 3975 sancto
2167 3927 2301 3988 ejus.
2342 3925 2506 3986 (Psal.
2555 3935 2720 3983 vaIl.
2769 3922 2840 3986 9).
2890 3923 3140 3975 Primum
3187 3922 3375 3991 itaque
3418 3937 3546 3972 cum

1947 4012 2297 4079 cognovisset
2334 4028 2499 4079 quam
2550 4011 2824 4080 plurimos
2866 4010 3313 4079 congregationis
3343 4011 3544 4061 fratres

1949 4099 2280 4169 quibusdam
2305 4097 2536 4150 novellis
2563 4099 2754 4150 usibus
2776 4106 2829 4150 et
2855 4099 3076 4166 Regulae
3107 4097 3545 4164 contrariisgau-

1948 4189 2079 4240 dere
2112 4187 2580 4242 institutionibus.
2612 4194 2675 4240 ut
2704 4204 2870 4256 supra
2902 4188 3122 4238 tirn'iam
3165 4187 3382 4238 Petram
3408 4185 3542 4238 aedi-

1948 4279 2158 4334 ficaret.
2196 4277 2351 4328 nisus
2392 4284 2477 4328 est
2508 4277 2648 4328 hanc
2681 4291 2909 4328 arenam
2944 4276 3295 4345 postmodum
3330 4275 3542 4328 nocitu-

1947 4385 2065 4419 ram
2099 4384 2312 4422 eruere.
2345 4372 2399 4418 et
2421 4383 2616 4434 agrum
2651 4366 2735 4418 his
2767 4366 3016 4418 semibus
3046 4382 3408 4435 expurgare.«
3434 4367 3543 4418 No-

1947 4457 2066 4516 stis,
2111 4456 2312 4524 inquit.
2359 4456 2559 4506 fratres
2599 4461 2653 4506 et
2696 4455 2790 4506 filii
2843 4455 2946 4506 inci
2985 4454 3374 4514 amantissimi.
3411 4472 3544 4524 quo-

1945 4545 2110 4599 modo
2140 4561 2323 4596 sermo
2352 4544 2572 4595 divinus
2595 4560 2688 4595 eos
2717 4543 2986 4612 increpet,
3021 4544 3114 4612 qui
3148 4544 3420 4596 humanas
3450 4545 3544 4597 ad-

1945 4634 2292 4687 inventiones
2324 4632 2526 4684 divinis
2563 4632 2866 4702 praeferunt
2897 4633 3173 4685 mandatis
3203 4650 3265 4686 ac
3290 4633 3537 4702 judiciiS'

1945 4724 2103 4777 Unde
2125 4723 2274 4774 canit
2295 4723 2564 4792 prepheta
2586 4722 3051 4792 psalmographus
3068 4740 3077 4773 :
3094 4724 3149 4775 Et
3177 4726 3543 4775 irritarcrunt

1944 4815 2111 4866 Deum
2138 4815 2196 4863 in
2214 4813 2701 4863 adiittentionibus
2725 4815 2913 4872 suisﬁet
2941 4813 3053 4864 ideo
3079 4815 3448 4879 multiplicata
3471 4817 3544 4865 est

1949 4905 2008 4953 in.
2031 4903 2106 4952 eis
2128 4903 2298 4952 ruina
2326 4902 2486 4958 (Psal.
2504 4915 2588 4958 cv.
2612 4898 2695 4961 ‘29)
2721 4918 2731 4958 ;
2768 4908 2823 4952 et
2841 4903 3106 4953 ulciscens
3138 4906 3259 4953 erat
3285 4905 3338 4953 in
3360 4918 3542 4953 omnes

1944 4991 2359 5042 adinrmtioncs
2391 5003 2582 5039 eorum.
2616 4991 2779 5052 (l’sal.
2820 5003 3016 5048 xcvm,
3041 4989 3117 5054 8).
3154 4990 3277 5058 Ipse
3318 5003 3537 5056 quoque

1947 5077 2290 5131 Dominusin
2313 5077 2610 5144 Evangelia
2650 5097 2660 5128 :
2696 5079 2767 5128 ναι
2800 5080 2961 5136 robis,
2995 5078 3092 5134 ait.
3128 5079 3408 5132 Pharisa'i.
3444 5077 3541 5142 qui

1943 5169 2088 5219 (lci-r1
2097 5170 2142 5232 i4,
2157 5169 2316 5217 llixll's
2343 5167 2604 5217 mandata
2633 5168 2724 5218 [)ci
2742 5168 3296 5234 pra/itertraditiones
3313 5169 3532 5221 rrstras,

1947 5257 2160 5321 (Matth.
2199 5269 2269 5307 uI.
2305 5252 2395 5323 6);
2429 5262 2479 5306 et
2516 5255 2720 5307 Paulus
2755 5273 2765 5306 ε
2805 5258 2909 5320 Qui
2936 5257 3230 5305 deserentes
3251 5253 3536 5318 justitiam

1945 5347 2056 5398 [)ei.
2093 5350 2139 5395 ct
2190 5360 2346 5395 suam
2410 5348 2638 5396 mlcntes‘
2673 5349 2929 5398 .vill/Ilcl‘l',
2977 5344 3214 5406 justiti)?
3271 5342 3364 5392 Dei
3422 5355 3532 5391 non.

1942 5439 2070 5487 sunt
2133 5437 2359 5499 subjecti
2399 5435 2566 5490 (lium.
2618 5450 2668 5489 Χ,
2737 5432 2810 5490 3).
2881 5432 3131 5498 Itemque
3177 5429 3464 5497 Scriptura
3521 5447 3531 5480 :

1941 5525 2072 5578 Sine
2099 5540 2283 5580 mum.
2319 5522 2414 5578 ait.
2450 5523 2632 5572 colunt
2670 5537 2751 5570 me
2783 5520 3061 5569 mam/(llis
3084 5519 3532 5569 rtdurt-rim'sho-

1944 5617 2162 5666 milium.
2188 5613 2316 5676 (lsa.
2351 5625 2503 5672 .\'.\'l.\',
2543 5606 2648 5671 l3).
2687 5605 3064 5670 Quamobrem
3097 5607 3291 5659 hortor
3329 5606 3532 5660 frater-
