3972 6172
441 272 578 329 1467
1497 277 1862 350 WILLELMI
1901 283 2275 350 oLUsIaNs.
2316 284 2642 342 nomen.
3569 288 3714 356 uss

438 402 672 455 nitatem
694 409 954 465 vestram,
987 410 1050 468 ut
1081 406 1400 483 postpositis
1447 406 1778 480 quibusdam
1822 424 2019 479 super—
2043 409 2090 467 Α
2115 409 2294 479 pionis
2333 411 2684 480 collationem
2718 412 2787 466 de
2834 419 2958 466 octo
2997 411 3144 472 vitiis
3172 412 3571 483 principalibus
3603 412 3715 478 sit!2

441 489 760 544 stitionibus
791 499 845 544 et
870 493 1130 548 humanis
1179 495 1474 560 institutis,
1508 513 1630 566 qua)
1666 497 1734 548 ad
1778 513 1893 550 rem
1921 513 2031 550 non
2113 498 2276 566 gulos
2305 499 2568 572 scriptam
2602 499 2810 556 habere
2839 507 2894 555 et
2923 501 3132 554 imitari
3160 502 3399 571 cogebat

441 580 808 651 pertinent,et
830 597 864 634 a
884 599 1013 636 vera
1033 585 1299 654 religione
1330 584 1886 656 abhorrent,Regulze
1909 603 2034 639 san-
2191 585 2212 640 'l
2233 586 2274 640 l.
2311 588 2456 654 Erga
2478 593 2785 656 conﬁtentes
2819 594 2876 642 ut
2903 607 2958 643 se
2983 594 3147 656 gerit.
3181 595 3292 662 Quo
3317 590 3473 653 modo
3489 593 3600 659 ipse
3623 591 3715 650 dc-

441 667 515 722 cti
556 670 733 738 patris
779 671 958 733 nostri
1001 673 1286 726 Benedicti
1334 673 1554 734 studiis,
1601 673 1657 740 in
1690 691 1801 744 qua
1849 674 2033 728 omnis
2122 677 2251 739 h‘ctq
2275 692 2379 730 sua
2403 680 2666 750 expiaret.
2710 678 3012 734 Conﬁtenti
3059 678 3286 752 aliquod
3316 678 3532 738 facinus
3554 685 3717 740 tanta

443 759 759 826 evangelica
782 765 839 812 et
853 760 1158 830 apostolica
1176 761 1439 833 perfectio
1457 761 1948 824 conslat,animum
1967 761 2036 815 ad

441 861 645 916 purum
677 846 1002 902 intendatis.
1034 850 1230 920 Neque
1259 851 1409 906 enim
1440 867 1542 920 ego
1565 867 1600 902 a
1620 851 1872 903 Romano
1899 867 2039 931 pon-

443 934 596 1003 tiﬁce
610 943 999 992 consecratore
1022 956 1146 992 meo
1169 939 1318 994 aliud
1339 939 1446 995 nisi
1466 939 1718 992 eamdem
1742 939 2035 1009 Regulam,

446 1039 615 1095 quam
669 1025 1028 1096 praedicarem
1068 1027 1283 1100 suscepi
1313 1027 1369 1081 in
1409 1027 1714 1095 manibus;
1765 1045 1868 1082 nec
1905 1028 2039 1081 milii

444 1119 782 1184 praeceptum
814 1115 1064 1184 memini,
1095 1123 1160 1170 ut
1187 1116 1434 1170 diversos
1473 1117 1728 1170 docerem
1772 1123 1830 1170 et
1857 1127 2036 1170 serta-

447 1217 542 1255 rer
570 1205 1036 1258 monasteriorum
1061 1223 1213 1262 usus.
1260 1207 1322 1258 ln
1355 1205 1550 1258 eadem
1583 1222 1805 1276 quoque
1849 1207 2044 1274 regula

443 1291 527 1358 (S.
553 1293 1061 1359 Benedictirrgula',
1087 1307 1140 1348 C.
1193 1292 1278 1362 6i)
1310 1295 1478 1348 audio
1505 1294 1637 1347 mihi
1662 1293 1921 1351 eumdem
1944 1295 2045 1347 Pa-

447 1385 590 1433 trem
625 1387 683 1434 ct
711 1381 909 1435 ducem
941 1382 1314 1446 intonantem,
1339 1390 1396 1436 et
1423 1383 1836 1454 quodammodo
1863 1382 2041 1436 incul-
2085 1449 2098 1463 .

448 1474 689 1530 cantem,
745 1475 801 1523 et
855 1472 1133 1542 praecipue.
1184 1477 1245 1526 ut
1290 1478 1618 1541 praesentem
1669 1471 1940 1541 Regulam
1984 1471 2042 1530 in

451 1557 711 1622 omnibus
737 1575 1078 1614 conservem.
1115 1560 1182 1616 Et
1201 1559 1333 1614 alibi
1370 1563 1493 1626 (Ιώ,
1526 1579 1574 1614 c.
1604 1560 1660 1629 3)
1703 1561 1860 1634 quasi
1891 1577 2046 1614 com-

449 1647 716 1701 minando
752 1649 923 1712 infert
965 1668 976 1702 :
1011 1649 1075 1703 In
1113 1649 1373 1704 omnibus
1401 1650 1574 1720 igitur
1602 1649 1926 1720 magistram
1959 1666 2046 1716 se-

2119 765 2324 824 allectu
2355 771 2412 818 et
2439 782 2552 832 non
2585 765 2706 836 sine
2737 767 2870 822 ﬂetu
2899 765 3396 834 condescendebat,
3423 783 3490 820 ac
3513 766 3564 824 si
3597 767 3718 836 ipse

2121 853 2371 922 ejusdem
2396 854 2650 912 criminis
2679 855 2956 933 particeps
2973 861 3125 925 esset
3151 875 3164 916 ς
3194 855 3284 914 cui
3304 856 3495 923 simul)
3505 871 3720 926 procne

2123 959 2332 1010 nonum
2361 943 2696 1008 auctoritate
2715 945 3056 1016 paenitentiae
3085 945 3268 1014 legem
3293 943 3717 1012 indicebat.Nec

2124 1031 2303 1097 multa
2329 1032 2524 1103 post,si
2549 1042 2965 1105 compunctum,
3002 1039 3050 1092 si
3073 1033 3342 1100 humilem
3358 1039 3416 1097 et
3439 1032 3718 1103 quietum,

2125 1124 2182 1174 et
2212 1108 2440 1178 verbera
2470 1121 2694 1189 Domini
2730 1126 3062 1188 trementem
3094 1121 3434 1195 exploranda
3465 1121 3720 1188 animad-

2123 1214 2383 1274 verteret,
2423 1215 2740 1282 temperata
2785 1215 2842 1263 et
2883 1209 3106 1278 indulta
3146 1225 3385 1275 censura
3412 1225 3717 1276 canonum,

2123 1295 2297 1350 sacris
2330 1295 2603 1354 altaribus
2631 1295 3046 1363 reconciliabat.
3080 1297 3162 1358 ita
3193 1305 3384 1358 tamen
3417 1303 3482 1352 ut
3507 1313 3726 1364 memor

2123 1384 2206 1442 sui
2235 1384 2422 1438 delicti
2453 1402 2742 1456 nunquam
2765 1387 3233 1458 plangendoﬂere
3251 1385 3726 1454 desisteret.Vidi-

2126 1489 2252 1526 mus
2279 1475 2510 1538 iratrem
2555 1475 2832 1546 fragilem,
2861 1483 2919 1530 et
2962 1481 3191 1553 peracta
3230 1475 3565 1549 μςωιίιεηιίβ
3585 1473 3726 1540 labi“

2125 1562 2234 1615 lem
2271 1569 2332 1616 et
2355 1579 2593 1632 pronum
2623 1565 2680 1622 in
2714 1564 2966 1631 crimine,
3001 1581 3168 1638 quem
3197 1570 3260 1620 ut
3283 1563 3538 1633 animum
3567 1579 3730 1628 suam

2127 1669 2230 1722 pro
2258 1669 2357 1706 ove
2387 1659 2638 1728 poneret,
2672 1653 2729 1708 in
2757 1653 3047 1722 ecclesiam
3079 1653 3235 1721 Beati
3264 1651 3582 1720 Benedicti,
3608 1667 3729 1722 quae

451 1743 698 1805 quatitur
726 1737 1019 1805 Regulam,
1053 1753 1232 1808 neque
1255 1737 1324 1790 ab
1345 1755 1410 1791 ea
1435 1747 1646 1792 temere
1676 1738 1988 1792 declinetur
2013 1725 2108 1789 aB
2129 1725 2397 1802 secretior
2441 1748 2546 1802 est.
2591 1759 2782 1800 secum
2813 1742 2990 1808 duxit,
3023 1741 3217 1818 ibique
3262 1741 3483 1812 aliquot
3530 1739 3730 1806 diebus

451 1839 761 1894 quoquam.
793 1825 936 1878 Nam
970 1825 1017 1878 si
1050 1825 1184 1898 quid
1219 1827 1440 1880 videtur
1481 1827 1536 1880 in
1583 1827 1798 1898 Regula
1829 1827 2041 1894 deesse,

449 1917 550 1981 aut
579 1913 765 1967 minus
795 1913 1030 1980 dictum,
1051 1915 1354 1990 unicuique
1385 1915 1572 1976 abbati
1587 1916 2046 1990 jubeturtempe-

449 2002 628 2072 rando
667 2003 1060 2082 complendum
1099 2010 1268 2076 atque
1289 2005 1684 2074 ordinandum,
1719 2022 1845 2059 cum
1879 2004 1948 2072 ab
1979 2021 2046 2059 eo

449 2088 799 2160 dicitur(ld.,
829 2109 874 2146 c.
911 2089 1034 2160 65):
1068 2109 1169 2146 nos
1199 2101 1386 2148 autem
1415 2094 1790 2170 providemus,
1819 2099 2048 2176 propter

450 2179 604 2250 pacis
633 2180 1034 2252 charitatisque
1069 2182 1398 2246 custodiam,
1441 2183 1500 2236 in
1541 2181 1756 2237 abbatis
1803 2181 2046 2254 pendere

455 2266 689 2322 arbitrio
717 2269 1126 2329 ordinationem
1175 2273 1500 2329 monasterii
1538 2272 1658 2338 sui;
1699 2271 1842 2343 quod
1877 2271 2048 2324 etiam

453 2355 614 2410 facile
645 2363 731 2410 est
776 2358 835 2411 in
894 2358 1174 2432 plerisque
1215 2360 1466 2434 ejusdem
1515 2352 1740 2432 Regulae
1790 2359 2049 2433 capitulis

453 2445 919 2515 animadvertere.
953 2447 1080 2502 Non
1113 2455 1200 2504 est
1226 2466 1359 2519 ergo
1398 2467 1625 2504 necesse
1651 2449 1708 2502 in
1743 2448 2050 2508 scribendis

455 2535 762 2605 multorum
795 2537 1264 2592 monasteriorum
1293 2537 1808 2602 consuetudinibus,
1834 2538 2050 2607 Regula

457 2639 624 2695 quam
653 2624 888 2696 quisque
917 2627 1196 2697 professus
1226 2633 1311 2680 est
1340 2627 1870 2698 neglecta,multum
1900 2625 2052 2679 insu-

455 2713 608 2767 dare.
644 2714 722 2768 De
755 2701 855 2767 hac
879 2715 1084 2788 quippe
1112 2717 1382 2790 scriptum
1404 2721 1588 2797 potest
1616 2715 1857 2783 intelligi
1887 2734 1897 2767 :
1923 2715 2052 2766 Haec

453 2801 561 2870 via,
597 2803 882 2866 ambulate
929 2805 986 2866 in
1025 2822 1109 2860 ea.
1152 2806 1276 2860 Non
1323 2804 1615 2858 declinetis
1657 2803 1726 2857 ab
1753 2821 1837 2867 ea,
1871 2819 2052 2876 neque

457 2891 528 2954 ad
551 2891 860 2962 dexteram,
893 2910 1076 2977 neque
1105 2893 1176 2957 ad
1199 2894 1482 2948 sinistram
1516 2895 1692 2962 (Deut.
1719 2910 1794 2962 v.,
1821 2891 1926 2962 3'2).

2126 1845 2252 1886 cum
2285 1846 2349 1883 eo
2389 1831 2602 1899 pariter
2629 1837 2928 1900 contentus
2958 1847 3100 1900 pane
3137 1835 3196 1887 et
3223 1845 3370 1902 aqua
3393 1828 3729 1900 jejqnando,

2130 1919 2464 1982 Psalterium
2490 1920 2688 1980 devote
2715 1936 2830 1983 non
2851 1919 2973 1978 sine
3003 1917 3248 1980 ﬂetibus,
3279 1923 3338 1972 et
3355 1934 3460 1988 per
3477 1916 3732 1988 singulas

2128 2024 2322 2064 versus
2347 2008 2585 2066 invicem
2633 2008 2826 2082 ﬂagris
2877 2008 3110 2072 allectus
3135 2006 3454 2076 complevit,
3487 2005 3732 2072 oblatio.-

2128 2113 2370 2174 nemque
2415 2113 2516 2168 pro
2555 2097 2798 2172 peccatis
2842 2096 2992 2164 illius
3033 2095 3262 2160 demum
3295 2093 3520 2158 obtulit,
3563 2099 3627 2160 et
3655 2093 3734 2158 sic

2129 2202 2230 2258 per
2254 2177 2354 2246 Dei
2381 2185 2624 2260 gratiam
2655 2185 2821 2240 fratri
2851 2201 2963 2253 non
3003 2184 3186 2240 solum
3233 2183 3424 2252 delicti
3457 2181 3732 2254 praeteriti

2131 2273 2539 2344 indulgentiam
2581 2273 2841 2341 obtinuit,
2884 2273 2983 2336 sed
3019 2272 3195 2343 (quod
3241 2272 3420 2338 satius
3455 2272 3562 2338 est)
3595 2271 3731 2335 alios

2131 2367 2282 2424 ctum
2325 2367 2381 2415 et
2406 2362 2748 2418 voluntatem
2772 2361 3038 2434 peccandi
3065 2361 3298 2425 ademit.
3324 2361 3598 2430 Excessus
3615 2360 3732 2433 ipse

2132 2467 2262 2516 suos
2292 2449 2558 2519 fratribus
2580 2450 2984 2522 spiritualibus,
3019 2457 3119 2519 aut
3139 2449 3283 2519 bene
3307 2450 3454 2512 notis
3483 2449 3594 2511 sibi
3625 2449 3736 2520 epie

2132 2537 2313 2609 scopis
2339 2555 2402 2592 ac
2431 2538 2815 2606 sacerdotibus
2837 2539 3073 2604 Romam
3087 2537 3738 2614 pergentibus,£requen-

2133 2626 2350 2680 tissime
2380 2626 2537 2688 humi
2569 2635 2884 2696 prostratus
2907 2625 3282 2683 confitebatur
3303 2644 3318 2692 ;
3342 2631 3398 2694 et
3425 2641 3624 2689 eorum
3649 2625 3737 2697 juo.

2133 2714 2280 2777 dicio
2322 2715 2804 2787 eleemosynarum
2848 2715 3242 2792 largitionibus
3281 2713 3553 2770 diluebat.
3607 2729 3737 2782 cum

2134 2801 2254 2874 ipse
2279 2803 2506 2874 proprio
2536 2805 2866 2878 corpusculo
2895 2803 3235 2872 creberrime
3282 2802 3440 2868 duris
3485 2798 3624 2870 loris
3673 2817 3740 2869 ac

2133 2891 2361 2950 nodosis
2389 2908 2566 2963 usque
2596 2881 2664 2960 ad
2697 2893 3030 2964 sanguinem
3052 2907 3162 2945 non
3191 2895 3467 2962 parceret,

2208 2978 2293 3036 12.
2319 2981 2592 3044 Exercitu;
2619 2985 2752 3063 ejus.
2777 2979 2978 3048 Tribus
3005 2995 3104 3052 per
3125 2995 3334 3049 annum
3370 2977 3739 3054 quadragesi.

523 3067 610 3126 10.
645 3071 1006 3126 Aci-versantes
1037 3075 1098 3128 in
1116 3075 1402 3141 primatus
1430 3073 1664 3140 ablegat.
1707 3072 1880 3134 Novas
1911 3073 2050 3123 tiro-
2070 3039 2115 3099 Ο
2134 3068 2240 3136 mis
2255 3039 2710 3149 [ms.quad
2731 3043 2912 3138 totum
2931 3039 3326 3138 corpus-"usque
3344 3039 3415 3136 ad
3435 3039 3737 3142 pedestriu-

457 3175 550 3213 nes
579 3165 641 3212 ut
671 3161 964 3227 informat.
989 3161 1156 3226 Dixit,
1191 3167 1247 3214 et
1267 3178 1302 3214 a
1328 3159 1664 3230 quibusdam
1696 3159 1800 3232 ipsi
1827 3159 2051 3230 Regulae
2134 3156 2218 3212 cio
2241 3151 2510 3218 ambibat,
2521 3155 2752 3237 jejuniis
2781 3155 3099 3218 edomabat.
3131 3155 3381 3222 Vestitus
3409 3153 3572 3208 omni
3593 3159 3738 3220 tem-

457 3247 692 3330 adjectis
750 3254 806 3303 et
852 3251 1009 3324 quasi
1039 3251 1360 3321 superﬂuis,
1401 3250 1458 3304 in
1499 3249 1647 3302 victu
1697 3249 1952 3306 videlicet
1997 3254 2055 3302 et
2136 3261 2270 3316 pore
2292 3245 2512 3298 cuculla
2537 3251 2594 3298 et
2620 3245 2810 3300 tunica
2835 3250 2891 3300 et
2933 3243 3074 3308 duro
3103 3243 3324 3314 cingulo
3353 3242 3733 3320 superducta,

455 3336 682 3404 vestitu,
715 3353 780 3390 ac
809 3338 985 3401 lectis,
1009 3338 1403 3393 abstinendum
1439 3345 1496 3392 et
1525 3337 1744 3409 parcius
1775 3337 2054 3408 agendum
2137 3333 2289 3386 velut
2310 3333 2367 3400 in
2393 3333 2510 3387 acie
2542 3333 2776 3408 positus,
2798 3340 2960 3394 nocte
2990 3331 3322 3401 dormiebat.
3357 3331 3632 3401 Corporis
3660 3331 3738 3398 iu-

459 3426 761 3482 mandavit.
781 3426 914 3490 Quae
928 3444 1053 3492 cum
1070 3427 1401 3498 quibusdam
1422 3427 1564 3481 dura
1594 3433 1650 3489 et
1677 3425 2059 3496 importabilia

458 3514 802 3576 viderentur,
824 3532 890 3569 eo
909 3516 1056 3588 quod
1079 3517 1135 3569 in
1155 3523 1340 3570 mente
1369 3516 1542 3570 veteri
1560 3523 1896 3586 cogerentur
1915 3531 2058 3574 nova

459 3604 741 3668 meditari,
777 3621 888 3658 non
909 3611 1100 3658 tamen
1133 3622 1227 3662 eos
1257 3604 1578 3666 omnimodo
1600 3609 1933 3691 aspernatus
1949 3610 2056 3673 est,

463 3692 563 3745 sed
588 3691 1012 3772 paucis.quibus
1043 3694 1152 3762 ista
1180 3693 1525 3748 observanda
1553 3692 1848 3767 placebant
1868 3709 2057 3746 secum

461 3780 718 3850 retentis,
752 3781 998 3850 reliquos
1025 3781 1086 3840 in
1120 3781 1274 3835 cellis
1318 3797 1439 3836 esse
1469 3781 1748 3852 praecepit.
1785 3781 2060 3854 Opinatus

461 3885 666 3939 nempe
693 3874 778 3922 est
803 3885 898 3922 eos
927 3869 1229 3944 aliquando
1259 3869 1588 3947 resipiscere
1619 3873 1676 3923 et
1721 3868 2060 3922 salutaribus

460 3957 739 4024 institutis
791 3957 1163 4028 diuturnitate
1201 3958 1418 4014 consilii
1448 3957 1762 4016 assuelieri.
1803 3957 1942 4030 Ipsis
1965 3974 2062 4010 au-

460 4053 574 4102 tem
596 4046 653 4100 in
677 4046 839 4100 noxio
857 4052 1112 4118 tempore
1133 4045 1638 4126 perseverantibus,
1665 4051 1722 4100 et
1736 4046 1883 4120 quod
1905 4046 2062 4118 prius

2140 3421 2502 3492 ﬁrmitatibus
2531 3423 2708 3493 magis
2737 3422 3055 3490 orationum
3109 3436 3174 3489 ac
3213 3419 3567 3490 jejuniorum
3597 3417 3740 3484 anti-

2139 3511 2290 3578 doto,
2334 3527 2506 3583 quam
2543 3510 2786 3578 carnalis
2834 3509 3123 3565 medicinae
3163 3508 3352 3576 aliquo
3404 3505 3742 3568 medebatur

2141 3599 2462 3662 electuario,
2487 3597 3002 3668 ducensindignum
3032 3596 3364 3668 cujusquam
3395 3609 3605 3664 corpus
3618 3592 3744 3650 Gal-

2140 3688 2275 3742 lieni
2321 3687 2616 3746 observare
2652 3685 3004 3754 catarticum,
3049 3673 3222 3758 quod.
3253 3689 3744 3744 sacramentorum

2141 3777 2328 3848 potius
2343 3777 2503 3840 decet
2521 3793 2644 3830 esse
2671 3776 2978 3839 vasculum.
3013 3773 3297 3846 Sanguine
3327 3788 3461 3840 vero
3493 3771 3746 3837 minutus

2142 3858 2379 3921 lectione
2416 3865 2642 3922 assidua
2687 3880 2876 3918 carere
2915 3879 3026 3928 non
3066 3867 3302 3934 poterat.
3357 3857 3747 3927 Peculiaribus

2143 3954 2492 4026 orationibus
2521 3955 2602 4014 ita
2628 3969 2854 4024 operam
2882 3951 3072 4028 dabat,
3104 3957 3168 4006 ut
3187 3965 3314 4007 raro
3335 3965 3591 4020 unquam
3622 3953 3748 4018 post

2145 4043 2476 4114 matutinos,
2504 4043 2590 4098 vel
2619 4043 2789 4111 etiam
2820 4041 2878 4105 in
2907 4046 3120 4098 testate.
3147 4037 3373 4110 quando
3403 4027 3599 4100 ocellis
3615 4051 3746 4106 gra-

459 4143 683 4191 tantum
713 4135 1027 4205 didicerant
1063 4123 1480 4190 sacrosanctum
1505 4135 1908 4214 judicantibus,
1927 4135 2059 4206 dum
2144 4138 2237 4186 tus
2259 4148 2425 4210 sopor
2444 4128 3049 4216 soletirrepere,quieti
3074 4127 3410 4200 indulgeret;
3435 4123 3750 4216 sedomnia

461 4242 585 4280 sese
615 4225 835 4280 invitati
881 4225 951 4279 ad
999 4241 1216 4279 caenam
1251 4209 1598 4279 Dominicam
1647 4224 2063 4296 quodammodo
2146 4209 2377 4290 oratorii
2407 4220 2686 4278 circuiens
2714 4209 2934 4290 altaria,
2971 4216 3268 4288 qugsitum
3293 4213 3591 4282 nocturnis
3620 4209 3750 4282 vigi:

461 4323 738 4386 conantur
755 4333 1042 4382 excusare,
1065 4317 1264 4384 statuit
1279 4316 1558 4388 quoslibet
1577 4304 1775 4370 divites
1804 4332 1904 4370 seu
1929 4332 2062 4385 pau-
2080 4314 2131 4374 D
2148 4311 2236 4364 liis
2267 4309 2472 4363 mentis
2500 4308 2746 4378 vigorem
2769 4324 2833 4361 ac
2857 4307 3159 4392 puritatem
3182 4303 3446 4372 studebat
3463 4301 3752 4392 custodire

463 4422 627 4477 peres
659 4406 942 4477 colligere.
979 4391 1332 4476 maximeque
1362 4423 1566 4477 pueros
1608 4405 1877 4458 nobilium
1921 4404 2062 4458 ﬁlios
2144 4405 2202 4454 et
2229 4415 2453 4470 augere,
2489 4397 2691 4468 spiritu
2719 4380 2924 4453 canens
2971 4395 3028 4448 in
3057 4393 3337 4458 matutino
3367 4380 3752 4456 iuterﬂciebat

465 4494 737 4562 enutrirc,
764 4490 828 4548 ut
861 4495 1134 4570 iacturam
1184 4493 1420 4573 legionis
1451 4492 1862 4564 quodammodo
1891 4491 2060 4556 dimi-
2145 4503 2338 4541 omnes
2358 4491 2679 4570 peccatores
2696 4491 2879 4538 terrae.
2900 4483 3034 4538 Post
3051 4481 3483 4560 completorium
3503 4495 3642 4543 vero
3659 4477 3755 4530 diu

463 4588 636 4645 natae,
671 4599 772 4636 ceu
801 4571 980 4644 bonus
1027 4583 1157 4645 dux,
1201 4570 1342 4636 novo
1386 4581 1564 4635 milite
1611 4581 1974 4652 instauraret,
2007 4584 2064 4650 et
2145 4575 2362 4644 solebat
2389 4592 2550 4628 orare
2580 4581 2638 4631 et
2665 4574 2851 4648 legere
2879 4571 3144 4632 dicendo:
3176 4570 3240 4626 Si
3265 4570 3460 4627 dedero
3486 4582 3756 4623 somnum

467 4670 686 4740 novello
753 4672 1074 4742 recentique
1141 4672 1410 4752 juvenum
1462 4671 1726 4728 examine
1776 4670 2062 4723 inventum

468 4759 653 4812 ovium
669 4775 967 4826 numerum
989 4776 1100 4817 non
1121 4759 1286 4813 modo
1301 4757 1612 4838 supplendo
1634 4759 2066 4829 redintegraret,

469 4863 662 4900 verum
696 4847 866 4900 etiam
897 4847 1152 4917 augendo
1177 4847 1592 4923 multiplicaret.
1627 4847 1812 4916 lisque
1831 4847 2072 4920 denique

466 4935 856 4998 informandis,
891 4941 944 4989 et
974 4937 1044 4989 ad
1069 4936 1302 5001 meliora
1331 4935 1702 5012 provehendis
1731 4936 1958 4989 sedulus
1990 4933 2071 5004 in-

469 5024 654 5095 stabat
687 5024 1059 5094 praadicando,
1093 5023 1329 5095 legendo
1360 5029 1416 5076 et
1463 5023 1694 5080 orando.
1728 5040 1866 5094 opus
1899 5022 2072 5093 quod-

467 5113 625 5184 libet,
680 5099 750 5168 ne
785 5129 884 5184 per
913 5113 1088 5168 otium
1132 5117 1443 5184 torperent,
1499 5113 1827 5184 exercendo,
1875 5113 2072 5182 dignas

466 5201 598 5258 boni
631 5203 875 5274 pastoris
913 5202 1175 5256 excubias
1203 5201 1361 5271 gregi
1393 5217 1494 5254 suo
1537 5201 1824 5254 exhibens.
1857 5201 2072 5254 Duode-

470 5290 575 5345 cim
604 5291 914 5362 praesertim
963 5291 1173 5361 gradus
1219 5289 1556 5348 humilitatis
1585 5298 1644 5344 et
1686 5289 2074 5359 unusquisque

472 5380 758 5434 memoriae
779 5381 1200 5452 commendaret
1221 5376 1614 5450 persuadebat,
1647 5378 1838 5432 dicens
1868 5376 2075 5430 ibidem

471 5467 744 5524 virtutum
778 5485 1057 5542 summam
1081 5479 1358 5538 constare,
1387 5468 1536 5530 unde
1567 5467 1694 5539 quis
1721 5466 1882 5520 facile
1909 5469 2080 5542 queat

471 5554 547 5609 ad
590 5557 982 5628 celsitudinem
1025 5558 1312 5628 caelestem
1349 5556 1637 5615 scandere.
1685 5553 1875 5624 Sancti
1919 5553 2080 5608 Sera-

2149 4667 2319 4718 oculis
2341 4667 2474 4718 meis
2513 4667 2562 4716 et
2597 4663 2858 4743 palpebus
2907 4663 3038 4714 meis
3083 4661 3556 4722 dormitat-{onem
3589 4658 3759 4743 donec

2152 4756 2435 4812 inveniam
2467 4743 2644 4805 locum
2677 4742 2908 4821 Domino
2941 4749 3106 4813 (Psal.
3149 4760 3333 4820 cxxxt,
3370 4745 3444 4812 4).
3477 4745 3632 4798 Cum
3665 4742 3760 4798 ad-

2156 4843 2265 4898 huc
2313 4857 2491 4910 essem
2530 4837 2796 4894 imberbis
2844 4845 2901 4900 et
2945 4835 3269 4903 adolescens
3310 4849 3588 4906 sequerer
3638 4835 3761 4914 ejus

2157 4948 2285 5000 cum
2307 4930 2536 4984 lucerna
2548 4927 2798 5000 vestigia.
2822 4925 3068 4994 laborem
3097 4931 3318 4994 tantum
3350 4923 3762 4990 orationumac

2153 5018 2470 5090 vigiliarum
2504 5018 2624 5087 ejus
2664 5025 2894 5100 propter
2922 5013 3204 5066 inﬁrmam
3230 5018 3454 5080 aetatem
3481 5010 3637 5064 ferre
3665 5027 3764 5063 ne-

2155 5106 2381 5184 quibam
2430 5105 2596 5160 Illum
2616 5097 2804 5158 tamen
2835 5101 3144 5166 indefessos
3173 5100 3455 5172 singultus
3486 5106 3543 5152 et
3573 5097 3766 5185 suspi-

2155 5197 2239 5258 ria
2273 5196 2385 5252 imo
2417 5195 2591 5248 latere
2622 5192 2797 5264 petita
2822 5195 3078 5256 emittere
3127 5187 3447 5257 audiebam.
3491 5187 3638 5256 Quis
3668 5202 3769 5240 un-

2157 5301 2326 5358 quam
2359 5299 2555 5352 senuin
2589 5287 2688 5336 aut
2715 5283 2984 5358 juvenum
3014 5285 3130 5331 tam
3174 5277 3396 5348 fervens
3437 5275 3546 5338 fuit
3592 5282 3770 5419 atque

2158 5373 2420 5419 robustus
2445 5373 2497 5419 in
2525 5371 2814 5419 religione.
2843 5384 3007 5419 ouem
3028 5365 3073 5419 si
3096 5383 3286 5419 secum
3308 5365 3650 5419 aliquandiu
3709 5381 3770 5419 ιι-

2158 5373 2420 5428 robustus
2444 5373 2499 5428 in
2525 5371 2814 5442 religione,
2843 5384 3007 5439 quem
3028 5365 3073 5420 si
3096 5383 3286 5436 secum
3308 5365 3650 5436 aliquandiu
3671 5365 3770 5420 du-

2159 5459 2750 5532 ceret,quodammodo
2779 5459 2985 5530 victum
3015 5462 3074 5510 et
3101 5455 3437 5524 exhaustum
3469 5469 3576 5523 suo
3605 5453 3771 5526 spiri-

2160 5551 2300 5622 tuali
2319 5549 2580 5620 exercitio
2600 5564 2715 5612 non
2733 5547 2994 5618 redderet
3011 5543 3036 5599 ‘?
3053 5543 3316 5614 Oratoria
3335 5535 3700 5613 monasterii,
3714 5546 3770 5612 et
