  <div class='ocr_page' id='page_1' title='image "/cluster/home/n/w/nwhite01/storage/ocr_20150623/150/hvd.32044054760087/740.png"; bbox 0 0 3972 6172; ppageno 0'>
   <div class='ocr_carea' id='block_1_1' title="bbox 256 287 391 345">
    <p class='ocr_par' dir='ltr' id='par_1_1' title="bbox 256 287 391 345">
     <span class='ocr_line' id='line_1_1' title="bbox 256 287 391 345; baseline -0.007 0"><span class='ocrx_word' id='word_1_1' title='bbox 256 287 391 345; x_wconf 74' lang='grc'>1469</span> 
     </span>
    </p>
   </div>
   <div class='ocr_carea' id='block_1_2' title="bbox 1370 294 2406 359">
    <p class='ocr_par' dir='ltr' id='par_1_2' title="bbox 1370 294 2406 359">
     <span class='ocr_line' id='line_1_2' title="bbox 1370 294 2406 359; baseline 0.001 -12"><span class='ocrx_word' id='word_1_2' title='bbox 1370 294 1539 349; x_wconf 82' lang='lat' dir='ltr'><strong>VITA</strong></span> <span class='ocrx_word' id='word_1_3' title='bbox 1578 296 1966 359; x_wconf 80' lang='lat' dir='ltr'><strong>BENEDICTI</strong></span> <span class='ocrx_word' id='word_1_4' title='bbox 2007 297 2165 358; x_wconf 83' lang='lat' dir='ltr'><strong>ABB.</strong></span> <span class='ocrx_word' id='word_1_5' title='bbox 2208 297 2406 357; x_wconf 88' lang='lat' dir='ltr'><strong>CLUS.</strong></span> 
     </span>
    </p>
   </div>
   <div class='ocr_carea' id='block_1_3' title="bbox 3386 284 3523 351">
    <p class='ocr_par' dir='ltr' id='par_1_3' title="bbox 3386 284 3523 351">
     <span class='ocr_line' id='line_1_3' title="bbox 3386 284 3523 351; baseline -0.007 -8"><span class='ocrx_word' id='word_1_6' title='bbox 3386 284 3523 351; x_wconf 76' lang='lat' dir='ltr'><strong>H7O</strong></span> 
     </span>
    </p>
   </div>
   <div class='ocr_carea' id='block_1_4' title="bbox 245 411 3527 489">
    <p class='ocr_par' dir='ltr' id='par_1_4' title="bbox 245 411 3527 489">
     <span class='ocr_line' id='line_1_4' title="bbox 245 411 3527 489; baseline -0.001 -23"><span class='ocrx_word' id='word_1_7' title='bbox 245 415 563 469; x_wconf 85' lang='lat' dir='ltr'><strong>necessaria</strong></span> <span class='ocrx_word' id='word_1_8' title='bbox 592 431 825 485; x_wconf 83' lang='lat' dir='ltr'><strong>quaeque</strong></span> <span class='ocrx_word' id='word_1_9' title='bbox 858 414 1123 469; x_wconf 83' lang='lat' dir='ltr'><strong>fratribus</strong></span> <span class='ocrx_word' id='word_1_10' title='bbox 1142 417 1462 473; x_wconf 79' lang='lat' dir='ltr'><strong>habitacula</strong></span> <span class='ocrx_word' id='word_1_11' title='bbox 1478 421 1753 475; x_wconf 78' lang='lat' dir='ltr'><strong>aediﬁcare</strong></span> <span class='ocrx_word' id='word_1_12' title='bbox 1785 421 2299 485; x_wconf 83' lang='lat' dir='ltr'><strong>etAterminando,</strong></span> <span class='ocrx_word' id='word_1_13' title='bbox 2352 418 2850 489; x_wconf 87' lang='lat' dir='ltr'><strong>processionesque</strong></span> <span class='ocrx_word' id='word_1_14' title='bbox 2904 413 3297 485; x_wconf 84' lang='lat' dir='ltr'><strong>protrahendo,</strong></span> <span class='ocrx_word' id='word_1_15' title='bbox 3355 417 3419 465; x_wconf 91' lang='lat' dir='ltr'><strong>ut</strong></span> <span class='ocrx_word' id='word_1_16' title='bbox 3457 411 3527 464; x_wconf 89' lang='lat' dir='ltr'><strong>ad</strong></span> 
     </span>
    </p>
   </div>
   <div class='ocr_carea' id='block_1_5' title="bbox 248 500 1848 579">
    <p class='ocr_par' dir='ltr' id='par_1_5' title="bbox 248 500 1848 579">
     <span class='ocr_line' id='line_1_5' title="bbox 248 500 1848 579; baseline 0.005 -24"><span class='ocrx_word' id='word_1_17' title='bbox 248 500 597 572; x_wconf 75' lang='lat' dir='ltr'><strong>ampliﬁcare</strong></span> <span class='ocrx_word' id='word_1_18' title='bbox 644 503 982 556; x_wconf 71' lang='lat' dir='ltr'><strong>decreverat.</strong></span> <span class='ocrx_word' id='word_1_19' title='bbox 1018 505 1101 557; x_wconf 84' lang='lat' dir='ltr'><strong>Ad</strong></span> <span class='ocrx_word' id='word_1_20' title='bbox 1133 506 1277 575; x_wconf 90' lang='lat' dir='ltr'><strong>quod</strong></span> <span class='ocrx_word' id='word_1_21' title='bbox 1330 523 1469 576; x_wconf 87' lang='lat' dir='ltr'><strong>opus</strong></span> <span class='ocrx_word' id='word_1_22' title='bbox 1518 507 1848 579; x_wconf 82' lang='lat' dir='ltr'><strong>frequentis-</strong></span> 
     </span>
    </p>
   </div>
   <div class='ocr_carea' id='block_1_6' title="bbox 245 590 1842 666">
    <p class='ocr_par' dir='ltr' id='par_1_6' title="bbox 245 590 1842 666">
     <span class='ocr_line' id='line_1_6' title="bbox 245 590 1842 666; baseline 0.006 -23"><span class='ocrx_word' id='word_1_23' title='bbox 245 590 406 653; x_wconf 84' lang='lat' dir='ltr'><strong>sime,</strong></span> <span class='ocrx_word' id='word_1_24' title='bbox 455 598 725 661; x_wconf 81' lang='lat' dir='ltr'><strong>sequente</strong></span> <span class='ocrx_word' id='word_1_25' title='bbox 762 591 998 645; x_wconf 82' lang='lat' dir='ltr'><strong>fratrum</strong></span> <span class='ocrx_word' id='word_1_26' title='bbox 1045 599 1101 646; x_wconf 89' lang='lat' dir='ltr'><strong>et</strong></span> <span class='ocrx_word' id='word_1_27' title='bbox 1143 596 1409 666; x_wconf 88' lang='lat' dir='ltr'><strong>juvenum</strong></span> <span class='ocrx_word' id='word_1_28' title='bbox 1442 603 1681 661; x_wconf 82' lang='lat' dir='ltr'><strong>caterva,</strong></span> <span class='ocrx_word' id='word_1_29' title='bbox 1717 617 1842 653; x_wconf 92' lang='lat' dir='ltr'><strong>cum</strong></span> 
     </span>
    </p>
   </div>
   <div class='ocr_carea' id='block_1_7' title="bbox 243 679 1845 750">
    <p class='ocr_par' dir='ltr' id='par_1_7' title="bbox 243 679 1845 750">
     <span class='ocr_line' id='line_1_7' title="bbox 243 679 1845 750; baseline 0.006 -18"><span class='ocrx_word' id='word_1_30' title='bbox 243 679 469 733; x_wconf 87' lang='lat' dir='ltr'><strong>silentio</strong></span> <span class='ocrx_word' id='word_1_31' title='bbox 493 680 778 750; x_wconf 89' lang='lat' dir='ltr'><strong>psaHendo</strong></span> <span class='ocrx_word' id='word_1_32' title='bbox 806 680 1031 734; x_wconf 88' lang='lat' dir='ltr'><strong>incurvo</strong></span> <span class='ocrx_word' id='word_1_33' title='bbox 1061 682 1225 735; x_wconf 89' lang='lat' dir='ltr'><strong>dorso</strong></span> <span class='ocrx_word' id='word_1_34' title='bbox 1257 701 1366 737; x_wconf 89' lang='lat' dir='ltr'><strong>non</strong></span> <span class='ocrx_word' id='word_1_35' title='bbox 1390 686 1507 738; x_wconf 91' lang='lat' dir='ltr'><strong>sine</strong></span> <span class='ocrx_word' id='word_1_36' title='bbox 1529 687 1731 741; x_wconf 88' lang='lat' dir='ltr'><strong>sudore</strong></span> <span class='ocrx_word' id='word_1_37' title='bbox 1763 688 1845 741; x_wconf 89' lang='lat' dir='ltr'><strong>la-</strong></span> 
     </span>
    </p>
   </div>
   <div class='ocr_carea' id='block_1_8' title="bbox 243 768 1842 843">
    <p class='ocr_par' dir='ltr' id='par_1_8' title="bbox 243 768 1842 843">
     <span class='ocr_line' id='line_1_8' title="bbox 243 768 1842 843; baseline 0.007 -23"><span class='ocrx_word' id='word_1_38' title='bbox 243 768 404 838; x_wconf 76' lang='lat' dir='ltr'><strong>pides</strong></span> <span class='ocrx_word' id='word_1_39' title='bbox 437 776 493 822; x_wconf 92' lang='lat' dir='ltr'><strong>et</strong></span> <span class='ocrx_word' id='word_1_40' title='bbox 534 776 806 823; x_wconf 65' lang='lat' dir='ltr'><strong>caementa</strong></span> <span class='ocrx_word' id='word_1_41' title='bbox 835 769 1067 823; x_wconf 89' lang='lat' dir='ltr'><strong>ferebat.</strong></span> <span class='ocrx_word' id='word_1_42' title='bbox 1110 772 1289 825; x_wconf 83' lang='lat' dir='ltr'><strong>Nemo</strong></span> <span class='ocrx_word' id='word_1_43' title='bbox 1313 774 1615 843; x_wconf 73' lang='lat' dir='ltr'><strong>aliquando</strong></span> <span class='ocrx_word' id='word_1_44' title='bbox 1636 777 1842 831; x_wconf 89' lang='lat' dir='ltr'><strong>ducum</strong></span> 
     </span>
    </p>
   </div>
   <div class='ocr_carea' id='block_1_9' title="bbox 242 858 1846 933">
    <p class='ocr_par' dir='ltr' id='par_1_9' title="bbox 242 858 1846 933">
     <span class='ocr_line' id='line_1_9' title="bbox 242 858 1846 933; baseline 0.006 -23"><span class='ocrx_word' id='word_1_45' title='bbox 242 864 343 911; x_wconf 86' lang='lat' dir='ltr'><strong>aut</strong></span> <span class='ocrx_word' id='word_1_46' title='bbox 370 858 614 911; x_wconf 89' lang='lat' dir='ltr'><strong>militum</strong></span> <span class='ocrx_word' id='word_1_47' title='bbox 641 864 862 912; x_wconf 87' lang='lat' dir='ltr'><strong>tantum</strong></span> <span class='ocrx_word' id='word_1_48' title='bbox 883 859 1156 927; x_wconf 78' lang='lat' dir='ltr'><strong>gloriatus</strong></span> <span class='ocrx_word' id='word_1_49' title='bbox 1187 866 1272 915; x_wconf 85' lang='lat' dir='ltr'><strong>est</strong></span> <span class='ocrx_word' id='word_1_50' title='bbox 1308 862 1362 915; x_wconf 90' lang='lat' dir='ltr'><strong>in</strong></span> <span class='ocrx_word' id='word_1_51' title='bbox 1386 865 1650 933; x_wconf 84' lang='lat' dir='ltr'><strong>speciosis</strong></span> <span class='ocrx_word' id='word_1_52' title='bbox 1673 867 1846 921; x_wconf 88' lang='lat' dir='ltr'><strong>armis</strong></span> 
     </span>
    </p>
   </div>
   <div class='ocr_carea' id='block_1_10' title="bbox 245 944 1844 1019">
    <p class='ocr_par' dir='ltr' id='par_1_10' title="bbox 245 944 1844 1019">
     <span class='ocr_line' id='line_1_10' title="bbox 245 944 1844 1019; baseline 0.006 -22"><span class='ocrx_word' id='word_1_53' title='bbox 245 950 303 998; x_wconf 91' lang='lat' dir='ltr'><strong>et</strong></span> <span class='ocrx_word' id='word_1_54' title='bbox 330 944 570 999; x_wconf 82' lang='lat' dir='ltr'><strong>fortibus</strong></span> <span class='ocrx_word' id='word_1_55' title='bbox 599 947 776 1016; x_wconf 87' lang='lat' dir='ltr'><strong>equis,</strong></span> <span class='ocrx_word' id='word_1_56' title='bbox 806 955 1077 1017; x_wconf 88' lang='lat' dir='ltr'><strong>quantum</strong></span> <span class='ocrx_word' id='word_1_57' title='bbox 1119 949 1236 1019; x_wconf 87' lang='lat' dir='ltr'><strong>ipse</strong></span> <span class='ocrx_word' id='word_1_58' title='bbox 1263 951 1545 1018; x_wconf 84' lang='lat' dir='ltr'><strong>gaudebat</strong></span> <span class='ocrx_word' id='word_1_59' title='bbox 1574 953 1844 1007; x_wconf 89' lang='lat' dir='ltr'><strong>librorum</strong></span> 
     </span>
    </p>
   </div>
   <div class='ocr_carea' id='block_1_11' title="bbox 241 1033 1845 1111">
    <p class='ocr_par' dir='ltr' id='par_1_11' title="bbox 241 1033 1845 1111">
     <span class='ocr_line' id='line_1_11' title="bbox 241 1033 1845 1111; baseline 0.007 -26"><span class='ocrx_word' id='word_1_60' title='bbox 241 1033 425 1103; x_wconf 87' lang='lat' dir='ltr'><strong>copia,</strong></span> <span class='ocrx_word' id='word_1_61' title='bbox 448 1034 862 1088; x_wconf 79' lang='lat' dir='ltr'><strong>immortalibus</strong></span> <span class='ocrx_word' id='word_1_62' title='bbox 892 1043 1086 1106; x_wconf 88' lang='lat' dir='ltr'><strong>utpote</strong></span> <span class='ocrx_word' id='word_1_63' title='bbox 1116 1038 1316 1091; x_wconf 69' lang='lat' dir='ltr'><strong>animae</strong></span> <span class='ocrx_word' id='word_1_64' title='bbox 1337 1040 1845 1111; x_wconf 85' lang='lat' dir='ltr'><strong>thesauris.quibus</strong></span> 
     </span>
    </p>
   </div>
   <div class='ocr_carea' id='block_1_12' title="bbox 240 1122 1842 1184">
    <p class='ocr_par' dir='ltr' id='par_1_12' title="bbox 240 1122 1842 1184">
     <span class='ocr_line' id='line_1_12' title="bbox 240 1122 1842 1184; baseline 0.006 -9"><span class='ocrx_word' id='word_1_65' title='bbox 240 1122 559 1176; x_wconf 85' lang='lat' dir='ltr'><strong>scribendis</strong></span> <span class='ocrx_word' id='word_1_66' title='bbox 598 1130 653 1176; x_wconf 89' lang='lat' dir='ltr'><strong>et</strong></span> <span class='ocrx_word' id='word_1_67' title='bbox 677 1125 1047 1178; x_wconf 80' lang='lat' dir='ltr'><strong>emendandis</strong></span> <span class='ocrx_word' id='word_1_68' title='bbox 1076 1126 1324 1181; x_wconf 80' lang='lat' dir='ltr'><strong>instabat</strong></span> <span class='ocrx_word' id='word_1_69' title='bbox 1368 1127 1655 1183; x_wconf 84' lang='lat' dir='ltr'><strong>laboribus</strong></span> <span class='ocrx_word' id='word_1_70' title='bbox 1684 1131 1842 1184; x_wconf 82' lang='lat' dir='ltr'><strong>inex-</strong></span> 
     </span>
    </p>
   </div>
   <div class='ocr_carea' id='block_1_13' title="bbox 240 1211 1840 1287">
    <p class='ocr_par' dir='ltr' id='par_1_13' title="bbox 240 1211 1840 1287">
     <span class='ocr_line' id='line_1_13' title="bbox 240 1211 1840 1287; baseline 0.003 -22"><span class='ocrx_word' id='word_1_71' title='bbox 240 1211 465 1265; x_wconf 77' lang='lat' dir='ltr'><strong>haustis</strong></span> <span class='ocrx_word' id='word_1_72' title='bbox 513 1218 569 1265; x_wconf 82' lang='lat' dir='ltr'><strong>et</strong></span> <span class='ocrx_word' id='word_1_73' title='bbox 598 1213 856 1265; x_wconf 83' lang='lat' dir='ltr'><strong>assiduis.</strong></span> <span class='ocrx_word' id='word_1_74' title='bbox 914 1212 1161 1281; x_wconf 84' lang='lat' dir='ltr'><strong>Balneis,</strong></span> <span class='ocrx_word' id='word_1_75' title='bbox 1205 1216 1312 1269; x_wconf 87' lang='lat' dir='ltr'><strong>nisi</strong></span> <span class='ocrx_word' id='word_1_76' title='bbox 1361 1219 1840 1287; x_wconf 83' lang='lat' dir='ltr'><strong>superfundendo,</strong></span> 
     </span>
    </p>
   </div>
   <div class='ocr_carea' id='block_1_14' title="bbox 241 1301 1845 1373">
    <p class='ocr_par' dir='ltr' id='par_1_14' title="bbox 241 1301 1845 1373">
     <span class='ocr_line' id='line_1_14' title="bbox 241 1301 1845 1373; baseline 0.007 -21"><span class='ocrx_word' id='word_1_77' title='bbox 241 1315 359 1353; x_wconf 89' lang='lat' dir='ltr'><strong>non</strong></span> <span class='ocrx_word' id='word_1_78' title='bbox 388 1308 474 1353; x_wconf 86' lang='lat' dir='ltr'><strong>est</strong></span> <span class='ocrx_word' id='word_1_79' title='bbox 499 1301 678 1367; x_wconf 89' lang='lat' dir='ltr'><strong>lotus;</strong></span> <span class='ocrx_word' id='word_1_80' title='bbox 712 1318 879 1355; x_wconf 88' lang='lat' dir='ltr'><strong>carne</strong></span> <span class='ocrx_word' id='word_1_81' title='bbox 911 1309 964 1355; x_wconf 90' lang='lat' dir='ltr'><strong>et</strong></span> <span class='ocrx_word' id='word_1_82' title='bbox 995 1304 1180 1373; x_wconf 89' lang='lat' dir='ltr'><strong>adipe,</strong></span> <span class='ocrx_word' id='word_1_83' title='bbox 1213 1322 1374 1359; x_wconf 80' lang='lat' dir='ltr'><strong>caseo</strong></span> <span class='ocrx_word' id='word_1_84' title='bbox 1405 1313 1462 1360; x_wconf 92' lang='lat' dir='ltr'><strong>et</strong></span> <span class='ocrx_word' id='word_1_85' title='bbox 1489 1308 1603 1361; x_wconf 87' lang='lat' dir='ltr'><strong>ovis</strong></span> <span class='ocrx_word' id='word_1_86' title='bbox 1626 1326 1736 1362; x_wconf 90' lang='lat' dir='ltr'><strong>non</strong></span> <span class='ocrx_word' id='word_1_87' title='bbox 1758 1316 1845 1363; x_wconf 91' lang='lat' dir='ltr'><strong>est</strong></span> 
     </span>
    </p>
   </div>
   <div class='ocr_carea' id='block_1_15' title="bbox 240 1390 1847 1463">
    <p class='ocr_par' dir='ltr' id='par_1_15' title="bbox 240 1390 1847 1463">
     <span class='ocr_line' id='line_1_15' title="bbox 240 1390 1847 1463; baseline 0.007 -22"><span class='ocrx_word' id='word_1_88' title='bbox 240 1405 403 1453; x_wconf 89' lang='lat' dir='ltr'><strong>usus,</strong></span> <span class='ocrx_word' id='word_1_89' title='bbox 434 1390 686 1459; x_wconf 87' lang='lat' dir='ltr'><strong>quamvis</strong></span> <span class='ocrx_word' id='word_1_90' title='bbox 705 1390 881 1461; x_wconf 84' lang='lat' dir='ltr'><strong>ipsius</strong></span> <span class='ocrx_word' id='word_1_91' title='bbox 911 1393 1095 1445; x_wconf 90' lang='lat' dir='ltr'><strong>carnis</strong></span> <span class='ocrx_word' id='word_1_92' title='bbox 1122 1394 1369 1447; x_wconf 87' lang='lat' dir='ltr'><strong>edulium</strong></span> <span class='ocrx_word' id='word_1_93' title='bbox 1411 1398 1756 1463; x_wconf 82' lang='lat' dir='ltr'><strong>concederet,</strong></span> <span class='ocrx_word' id='word_1_94' title='bbox 1790 1406 1847 1452; x_wconf 91' lang='lat' dir='ltr'><strong>et</strong></span> 
     </span>
    </p>
   </div>
   <div class='ocr_carea' id='block_1_16' title="bbox 241 1477 1845 1553">
    <p class='ocr_par' dir='ltr' id='par_1_16' title="bbox 241 1477 1845 1553">
     <span class='ocr_line' id='line_1_16' title="bbox 241 1477 1845 1553; baseline 0.007 -24"><span class='ocrx_word' id='word_1_95' title='bbox 241 1477 487 1548; x_wconf 81' lang='lat' dir='ltr'><strong>ipsemet</strong></span> <span class='ocrx_word' id='word_1_96' title='bbox 516 1479 754 1549; x_wconf 87' lang='lat' dir='ltr'><strong>propriis</strong></span> <span class='ocrx_word' id='word_1_97' title='bbox 786 1479 1045 1534; x_wconf 89' lang='lat' dir='ltr'><strong>manibus</strong></span> <span class='ocrx_word' id='word_1_98' title='bbox 1076 1491 1436 1553; x_wconf 69' lang='lat' dir='ltr'><strong>praepararet,</strong></span> <span class='ocrx_word' id='word_1_99' title='bbox 1481 1491 1535 1538; x_wconf 90' lang='lat' dir='ltr'><strong>et</strong></span> <span class='ocrx_word' id='word_1_100' title='bbox 1576 1486 1845 1542; x_wconf 76' lang='lat' dir='ltr'><strong>incideret</strong></span> 
     </span>
    </p>
   </div>
   <div class='ocr_carea' id='block_1_17' title="bbox 240 1566 1845 1645">
    <p class='ocr_par' dir='ltr' id='par_1_17' title="bbox 240 1566 1845 1645">
     <span class='ocr_line' id='line_1_17' title="bbox 240 1566 1845 1645; baseline 0.007 -27"><span class='ocrx_word' id='word_1_101' title='bbox 240 1566 544 1621; x_wconf 88' lang='lat' dir='ltr'><strong>debilibus.</strong></span> <span class='ocrx_word' id='word_1_102' title='bbox 569 1568 962 1630; x_wconf 88' lang='lat' dir='ltr'><strong>Quotidianam</strong></span> <span class='ocrx_word' id='word_1_103' title='bbox 986 1570 1040 1623; x_wconf 92' lang='lat' dir='ltr'><strong>in</strong></span> <span class='ocrx_word' id='word_1_104' title='bbox 1071 1571 1207 1624; x_wconf 81' lang='lat' dir='ltr'><strong>cibis</strong></span> <span class='ocrx_word' id='word_1_105' title='bbox 1242 1573 1619 1643; x_wconf 80' lang='lat' dir='ltr'><strong>frugalitatem</strong></span> <span class='ocrx_word' id='word_1_106' title='bbox 1655 1576 1845 1645; x_wconf 85' lang='lat' dir='ltr'><strong>hujus-</strong></span> 
     </span>
    </p>
   </div>
   <div class='ocr_carea' id='block_1_18' title="bbox 238 1655 1831 1726">
    <p class='ocr_par' dir='ltr' id='par_1_18' title="bbox 238 1655 1831 1726">
     <span class='ocr_line' id='line_1_18' title="bbox 238 1655 1831 1726; baseline 0.008 -19"><span class='ocrx_word' id='word_1_107' title='bbox 238 1655 398 1708; x_wconf 88' lang='lat' dir='ltr'><strong>modi</strong></span> <span class='ocrx_word' id='word_1_108' title='bbox 449 1656 601 1709; x_wconf 87' lang='lat' dir='ltr'><strong>omni</strong></span> <span class='ocrx_word' id='word_1_109' title='bbox 654 1661 907 1726; x_wconf 89' lang='lat' dir='ltr'><strong>tempore</strong></span> <span class='ocrx_word' id='word_1_110' title='bbox 936 1657 1325 1713; x_wconf 89' lang='lat' dir='ltr'><strong>inconcussam</strong></span> <span class='ocrx_word' id='word_1_111' title='bbox 1356 1667 1547 1715; x_wconf 87' lang='lat' dir='ltr'><strong>tenere</strong></span> <span class='ocrx_word' id='word_1_112' title='bbox 1596 1664 1831 1723; x_wconf 87' lang='lat' dir='ltr'><strong>studuit.</strong></span> 
     </span>
    </p>
   </div>
   <div class='ocr_carea' id='block_1_19' title="bbox 1930 500 3532 580">
    <p class='ocr_par' dir='ltr' id='par_1_19' title="bbox 1930 500 3532 580">
     <span class='ocr_line' id='line_1_19' title="bbox 1930 500 3532 580; baseline -0.006 -17"><span class='ocrx_word' id='word_1_113' title='bbox 1930 510 2077 563; x_wconf 85' lang='lat' dir='ltr'><strong>diem</strong></span> <span class='ocrx_word' id='word_1_114' title='bbox 2113 525 2288 580; x_wconf 87' lang='lat' dir='ltr'><strong>usque</strong></span> <span class='ocrx_word' id='word_1_115' title='bbox 2321 508 2566 561; x_wconf 89' lang='lat' dir='ltr'><strong>divinum</strong></span> <span class='ocrx_word' id='word_1_116' title='bbox 2600 523 2738 577; x_wconf 84' lang='lat' dir='ltr'><strong>Opus</strong></span> <span class='ocrx_word' id='word_1_117' title='bbox 2766 504 3109 574; x_wconf 84' lang='lat' dir='ltr'><strong>procederet,</strong></span> <span class='ocrx_word' id='word_1_118' title='bbox 3137 518 3206 565; x_wconf 82' lang='lat' dir='ltr'><strong>ne</strong></span> <span class='ocrx_word' id='word_1_119' title='bbox 3238 500 3372 570; x_wconf 88' lang='lat' dir='ltr'><strong>quid</strong></span> <span class='ocrx_word' id='word_1_120' title='bbox 3405 506 3532 570; x_wconf 77' lang='lat' dir='ltr'><strong>post</strong></span> 
     </span>
    </p>
   </div>
   <div class='ocr_carea' id='block_1_20' title="bbox 1932 589 3529 651">
    <p class='ocr_par' dir='ltr' id='par_1_20' title="bbox 1932 589 3529 651">
     <span class='ocr_line' id='line_1_20' title="bbox 1932 589 3529 651; baseline -0.006 0"><span class='ocrx_word' id='word_1_121' title='bbox 1932 598 2236 651; x_wconf 84' lang='lat' dir='ltr'><strong>matutinos</strong></span> <span class='ocrx_word' id='word_1_122' title='bbox 2281 598 2351 649; x_wconf 89' lang='lat' dir='ltr'><strong>ad</strong></span> <span class='ocrx_word' id='word_1_123' title='bbox 2392 597 2598 649; x_wconf 84' lang='lat' dir='ltr'><strong>lectum</strong></span> <span class='ocrx_word' id='word_1_124' title='bbox 2648 593 3060 648; x_wconf 76' lang='lat' dir='ltr'><strong>revertentibus</strong></span> <span class='ocrx_word' id='word_1_125' title='bbox 3107 591 3296 644; x_wconf 84' lang='lat' dir='ltr'><strong>invida</strong></span> <span class='ocrx_word' id='word_1_126' title='bbox 3349 589 3529 643; x_wconf 86' lang='lat' dir='ltr'><strong>hostis</strong></span> 
     </span>
    </p>
   </div>
   <div class='ocr_carea' id='block_1_21' title="bbox 1928 680 3529 757">
    <p class='ocr_par' dir='ltr' id='par_1_21' title="bbox 1928 680 3529 757">
     <span class='ocr_line' id='line_1_21' title="bbox 1928 680 3529 757; baseline -0.006 -17"><span class='ocrx_word' id='word_1_127' title='bbox 1928 688 2080 741; x_wconf 85' lang='lat' dir='ltr'><strong>fraus</strong></span> <span class='ocrx_word' id='word_1_128' title='bbox 2132 687 2465 757; x_wconf 79' lang='lat' dir='ltr'><strong>subriperet,</strong></span> <span class='ocrx_word' id='word_1_129' title='bbox 2520 685 2667 755; x_wconf 86' lang='lat' dir='ltr'><strong>quod</strong></span> <span class='ocrx_word' id='word_1_130' title='bbox 2720 682 2995 736; x_wconf 82' lang='lat' dir='ltr'><strong>castitatis</strong></span> <span class='ocrx_word' id='word_1_131' title='bbox 3055 680 3313 733; x_wconf 84' lang='lat' dir='ltr'><strong>ﬂosculos</strong></span> <span class='ocrx_word' id='word_1_132' title='bbox 3360 694 3529 731; x_wconf 89' lang='lat' dir='ltr'><strong>suave</strong></span> 
     </span>
    </p>
   </div>
   <div class='ocr_carea' id='block_1_22' title="bbox 1927 766 3524 841">
    <p class='ocr_par' dir='ltr' id='par_1_22' title="bbox 1927 766 3524 841">
     <span class='ocr_line' id='line_1_22' title="bbox 1927 766 3524 841; baseline -0.007 -10"><span class='ocrx_word' id='word_1_133' title='bbox 1927 778 2141 831; x_wconf 91' lang='lat' dir='ltr'><strong>olentes</strong></span> <span class='ocrx_word' id='word_1_134' title='bbox 2170 777 2463 841; x_wconf 87' lang='lat' dir='ltr'><strong>adureret;</strong></span> <span class='ocrx_word' id='word_1_135' title='bbox 2506 782 2563 827; x_wconf 91' lang='lat' dir='ltr'><strong>et</strong></span> <span class='ocrx_word' id='word_1_136' title='bbox 2590 774 2668 827; x_wconf 90' lang='lat' dir='ltr'><strong>ita</strong></span> <span class='ocrx_word' id='word_1_137' title='bbox 2696 774 2943 825; x_wconf 84' lang='lat' dir='ltr'><strong>solemne</strong></span> <span class='ocrx_word' id='word_1_138' title='bbox 2967 771 3235 840; x_wconf 82' lang='lat' dir='ltr'><strong>gaudium</strong></span> <span class='ocrx_word' id='word_1_139' title='bbox 3267 766 3524 821; x_wconf 67' lang='lat' dir='ltr'><strong>fmdando</strong></span> 
     </span>
    </p>
   </div>
   <div class='ocr_carea' id='block_1_23' title="bbox 1928 862 2951 919">
    <p class='ocr_par' dir='ltr' id='par_1_23' title="bbox 1928 862 2951 919">
     <span class='ocr_line' id='line_1_23' title="bbox 1928 862 2951 919; baseline -0.007 0"><span class='ocrx_word' id='word_1_140' title='bbox 1928 882 1960 919; x_wconf 91' lang='lat' dir='ltr'><strong>a</strong></span> <span class='ocrx_word' id='word_1_141' title='bbox 1985 882 2142 919; x_wconf 88' lang='lat' dir='ltr'><strong>sacra</strong></span> <span class='ocrx_word' id='word_1_142' title='bbox 2173 865 2564 919; x_wconf 89' lang='lat' dir='ltr'><strong>communione</strong></span> <span class='ocrx_word' id='word_1_143' title='bbox 2594 862 2951 915; x_wconf 88' lang='lat' dir='ltr'><strong>absterreret.</strong></span> 
     </span>
    </p>
   </div>
   <div class='ocr_carea' id='block_1_24' title="bbox 2006 946 3521 1017">
    <p class='ocr_par' dir='ltr' id='par_1_24' title="bbox 2006 946 3521 1017">
     <span class='ocr_line' id='line_1_24' title="bbox 2006 946 3521 1017; baseline -0.007 -9"><span class='ocrx_word' id='word_1_144' title='bbox 2006 955 2086 1008; x_wconf 83' lang='grc'><strong>15.</strong></span> <span class='ocrx_word' id='word_1_145' title='bbox 2118 956 2189 1007; x_wconf 74' lang='lat' dir='ltr'><strong>Dc</strong></span> <span class='ocrx_word' id='word_1_146' title='bbox 2222 956 2402 1005; x_wconf 69' lang='lat' dir='ltr'><strong>missis</strong></span> <span class='ocrx_word' id='word_1_147' title='bbox 2432 958 2479 1004; x_wconf 74' lang='lat' dir='ltr'><strong>et</strong></span> <span class='ocrx_word' id='word_1_148' title='bbox 2506 953 2888 1003; x_wconf 64' lang='lat' dir='ltr'><strong>communione</strong></span> <span class='ocrx_word' id='word_1_149' title='bbox 2920 950 3055 1017; x_wconf 78' lang='lat' dir='ltr'><strong>quid</strong></span> <span class='ocrx_word' id='word_1_150' title='bbox 3085 948 3364 1000; x_wconf 72' lang='lat' dir='ltr'><strong>statuerit.</strong></span> <span class='ocrx_word' id='word_1_151' title='bbox 3397 946 3521 999; x_wconf 70' lang='lat' dir='ltr'><strong>iam</strong></span> 
     </span>
    </p>
   </div>
   <div class='ocr_carea' id='block_1_25' title="bbox 1927 1035 3523 1112">
    <p class='ocr_par' dir='ltr' id='par_1_25' title="bbox 1927 1035 3523 1112">
     <span class='ocr_line' id='line_1_25' title="bbox 1927 1035 3523 1112; baseline -0.005 -18"><span class='ocrx_word' id='word_1_152' title='bbox 1927 1059 2054 1095; x_wconf 83' lang='lat' dir='ltr'><strong>vero</strong></span> <span class='ocrx_word' id='word_1_153' title='bbox 2085 1043 2142 1095; x_wconf 91' lang='lat' dir='ltr'><strong>in</strong></span> <span class='ocrx_word' id='word_1_154' title='bbox 2168 1041 2675 1112; x_wconf 79' lang='lat' dir='ltr'><strong>capitulo,quaeque</strong></span> <span class='ocrx_word' id='word_1_155' title='bbox 2705 1045 2867 1091; x_wconf 88' lang='lat' dir='ltr'><strong>erant</strong></span> <span class='ocrx_word' id='word_1_156' title='bbox 2886 1037 3120 1090; x_wconf 88' lang='lat' dir='ltr'><strong>dicenda</strong></span> <span class='ocrx_word' id='word_1_157' title='bbox 3139 1035 3194 1088; x_wconf 91' lang='lat' dir='ltr'><strong>in</strong></span> <span class='ocrx_word' id='word_1_158' title='bbox 3215 1035 3523 1088; x_wconf 87' lang='lat' dir='ltr'><strong>crastinum</strong></span> 
     </span>
    </p>
   </div>
   <div class='ocr_carea' id='block_1_26' title="bbox 1926 1124 3527 1199">
    <p class='ocr_par' dir='ltr' id='par_1_26' title="bbox 1926 1124 3527 1199">
     <span class='ocr_line' id='line_1_26' title="bbox 1926 1124 3527 1199; baseline -0.004 -17"><span class='ocrx_word' id='word_1_159' title='bbox 1926 1131 2255 1193; x_wconf 72' lang='lat' dir='ltr'><strong>differendo,</strong></span> <span class='ocrx_word' id='word_1_160' title='bbox 2291 1146 2400 1183; x_wconf 92' lang='lat' dir='ltr'><strong>non</strong></span> <span class='ocrx_word' id='word_1_161' title='bbox 2435 1127 2792 1199; x_wconf 85' lang='lat' dir='ltr'><strong>permittebat</strong></span> <span class='ocrx_word' id='word_1_162' title='bbox 2827 1127 3029 1179; x_wconf 87' lang='lat' dir='ltr'><strong>fratres</strong></span> <span class='ocrx_word' id='word_1_163' title='bbox 3060 1141 3255 1177; x_wconf 89' lang='lat' dir='ltr'><strong>vacare</strong></span> <span class='ocrx_word' id='word_1_164' title='bbox 3283 1124 3527 1176; x_wconf 89' lang='lat' dir='ltr'><strong>multilo-</strong></span> 
     </span>
    </p>
   </div>
   <div class='ocr_carea' id='block_1_27' title="bbox 1926 1211 3524 1289">
    <p class='ocr_par' dir='ltr' id='par_1_27' title="bbox 1926 1211 3524 1289">
     <span class='ocr_line' id='line_1_27' title="bbox 1926 1211 3524 1289; baseline -0.004 -18"><span class='ocrx_word' id='word_1_165' title='bbox 1926 1220 2085 1287; x_wconf 83' lang='lat' dir='ltr'><strong>quio;</strong></span> <span class='ocrx_word' id='word_1_166' title='bbox 2122 1220 2217 1273; x_wconf 90' lang='lat' dir='ltr'><strong>sed</strong></span> <span class='ocrx_word' id='word_1_167' title='bbox 2247 1224 2471 1289; x_wconf 90' lang='lat' dir='ltr'><strong>peracto</strong></span> <span class='ocrx_word' id='word_1_168' title='bbox 2504 1234 2641 1287; x_wconf 88' lang='lat' dir='ltr'><strong>puro</strong></span> <span class='ocrx_word' id='word_1_169' title='bbox 2686 1222 2741 1269; x_wconf 92' lang='lat' dir='ltr'><strong>et</strong></span> <span class='ocrx_word' id='word_1_170' title='bbox 2796 1213 3104 1269; x_wconf 88' lang='lat' dir='ltr'><strong>hortatorio</strong></span> <span class='ocrx_word' id='word_1_171' title='bbox 3149 1228 3409 1266; x_wconf 90' lang='lat' dir='ltr'><strong>sermone</strong></span> <span class='ocrx_word' id='word_1_172' title='bbox 3455 1211 3524 1264; x_wconf 92' lang='lat' dir='ltr'><strong>de</strong></span> 
     </span>
    </p>
   </div>
   <div class='ocr_carea' id='block_1_28' title="bbox 1928 1301 3523 1379">
    <p class='ocr_par' dir='ltr' id='par_1_28' title="bbox 1928 1301 3523 1379">
     <span class='ocr_line' id='line_1_28' title="bbox 1928 1301 3523 1379; baseline -0.005 -18"><span class='ocrx_word' id='word_1_173' title='bbox 1928 1309 2247 1379; x_wconf 77' lang='lat' dir='ltr'><strong>Evangelio,</strong></span> <span class='ocrx_word' id='word_1_174' title='bbox 2284 1314 2340 1361; x_wconf 93' lang='lat' dir='ltr'><strong>et</strong></span> <span class='ocrx_word' id='word_1_175' title='bbox 2392 1306 2671 1360; x_wconf 81' lang='lat' dir='ltr'><strong>mentibus</strong></span> <span class='ocrx_word' id='word_1_176' title='bbox 2699 1304 3020 1357; x_wconf 90' lang='lat' dir='ltr'><strong>auditorum</strong></span> <span class='ocrx_word' id='word_1_177' title='bbox 3048 1302 3390 1355; x_wconf 89' lang='lat' dir='ltr'><strong>sufﬁcienter</strong></span> <span class='ocrx_word' id='word_1_178' title='bbox 3421 1301 3523 1354; x_wconf 89' lang='lat' dir='ltr'><strong>im-</strong></span> 
     </span>
    </p>
   </div>
   <div class='ocr_carea' id='block_1_29' title="bbox 1928 1394 3525 1467">
    <p class='ocr_par' dir='ltr' id='par_1_29' title="bbox 1928 1394 3525 1467">
     <span class='ocr_line' id='line_1_29' title="bbox 1928 1394 3525 1467; baseline -0.003 -18"><span class='ocrx_word' id='word_1_179' title='bbox 1928 1413 2138 1467; x_wconf 82' lang='lat' dir='ltr'><strong>presso,</strong></span> <span class='ocrx_word' id='word_1_180' title='bbox 2163 1396 2425 1450; x_wconf 85' lang='lat' dir='ltr'><strong>monebat</strong></span> <span class='ocrx_word' id='word_1_181' title='bbox 2458 1402 2517 1449; x_wconf 90' lang='lat' dir='ltr'><strong>ut</strong></span> <span class='ocrx_word' id='word_1_182' title='bbox 2544 1394 2754 1465; x_wconf 89' lang='lat' dir='ltr'><strong>pariter</strong></span> <span class='ocrx_word' id='word_1_183' title='bbox 2772 1408 2960 1446; x_wconf 85' lang='lat' dir='ltr'><strong>secum</strong></span> <span class='ocrx_word' id='word_1_184' title='bbox 2980 1398 3110 1444; x_wconf 86' lang='lat' dir='ltr'><strong>ante</strong></span> <span class='ocrx_word' id='word_1_185' title='bbox 3129 1396 3377 1444; x_wconf 88' lang='lat' dir='ltr'><strong>sanctam</strong></span> <span class='ocrx_word' id='word_1_186' title='bbox 3402 1407 3525 1445; x_wconf 88' lang='lat' dir='ltr'><strong>cru-</strong></span> 
     </span>
    </p>
   </div>
   <div class='ocr_carea' id='block_1_30' title="bbox 1926 1478 3525 1554">
    <p class='ocr_par' dir='ltr' id='par_1_30' title="bbox 1926 1478 3525 1554">
     <span class='ocr_line' id='line_1_30' title="bbox 1926 1478 3525 1554; baseline -0.005 -16"><span class='ocrx_word' id='word_1_187' title='bbox 1926 1501 2044 1538; x_wconf 88' lang='lat' dir='ltr'><strong>cem</strong></span> <span class='ocrx_word' id='word_1_188' title='bbox 2073 1502 2194 1538; x_wconf 86' lang='lat' dir='ltr'><strong>sese</strong></span> <span class='ocrx_word' id='word_1_189' title='bbox 2220 1485 2406 1537; x_wconf 80' lang='lat' dir='ltr'><strong>cuncti</strong></span> <span class='ocrx_word' id='word_1_190' title='bbox 2428 1487 2868 1554; x_wconf 88' lang='lat' dir='ltr'><strong>prosternerent,</strong></span> <span class='ocrx_word' id='word_1_191' title='bbox 2894 1488 2950 1534; x_wconf 90' lang='lat' dir='ltr'><strong>et</strong></span> <span class='ocrx_word' id='word_1_192' title='bbox 2978 1479 3387 1549; x_wconf 82' lang='lat' dir='ltr'><strong>indulgentiam</strong></span> <span class='ocrx_word' id='word_1_193' title='bbox 3419 1478 3525 1531; x_wconf 89' lang='lat' dir='ltr'><strong>sibi</strong></span> 
     </span>
    </p>
   </div>
   <div class='ocr_carea' id='block_1_31' title="bbox 1928 1568 3522 1641">
    <p class='ocr_par' dir='ltr' id='par_1_31' title="bbox 1928 1568 3522 1641">
     <span class='ocr_line' id='line_1_31' title="bbox 1928 1568 3522 1641; baseline -0.004 -15"><span class='ocrx_word' id='word_1_194' title='bbox 1928 1573 2244 1627; x_wconf 87' lang='lat' dir='ltr'><strong>interventu</strong></span> <span class='ocrx_word' id='word_1_195' title='bbox 2270 1574 2444 1626; x_wconf 82' lang='lat' dir='ltr'><strong>sancti</strong></span> <span class='ocrx_word' id='word_1_196' title='bbox 2469 1572 2614 1632; x_wconf 77' lang='lat' dir='ltr'><strong>festi,</strong></span> <span class='ocrx_word' id='word_1_197' title='bbox 2649 1571 2793 1641; x_wconf 88' lang='lat' dir='ltr'><strong>quod</strong></span> <span class='ocrx_word' id='word_1_198' title='bbox 2818 1569 3108 1638; x_wconf 83' lang='lat' dir='ltr'><strong>agebatur,</strong></span> <span class='ocrx_word' id='word_1_199' title='bbox 3133 1585 3165 1621; x_wconf 89' lang='lat' dir='ltr'><strong>a</strong></span> <span class='ocrx_word' id='word_1_200' title='bbox 3191 1568 3306 1621; x_wconf 91' lang='lat' dir='ltr'><strong>Deo</strong></span> <span class='ocrx_word' id='word_1_201' title='bbox 3336 1572 3522 1631; x_wconf 88' lang='lat' dir='ltr'><strong>atten-</strong></span> 
     </span>
    </p>
   </div>
   <div class='ocr_carea' id='block_1_32' title="bbox 1925 1658 3525 1733">
    <p class='ocr_par' dir='ltr' id='par_1_32' title="bbox 1925 1658 3525 1733">
     <span class='ocr_line' id='line_1_32' title="bbox 1925 1658 3525 1733; baseline -0.004 -19"><span class='ocrx_word' id='word_1_202' title='bbox 1925 1663 2037 1716; x_wconf 90' lang='lat' dir='ltr'><strong>tius</strong></span> <span class='ocrx_word' id='word_1_203' title='bbox 2058 1664 2425 1733; x_wconf 88' lang='lat' dir='ltr'><strong>postularent.</strong></span> <span class='ocrx_word' id='word_1_204' title='bbox 2452 1662 2609 1725; x_wconf 85' lang='lat' dir='ltr'><strong>Quod</strong></span> <span class='ocrx_word' id='word_1_205' title='bbox 2640 1659 2985 1713; x_wconf 83' lang='lat' dir='ltr'><strong>unanimiter</strong></span> <span class='ocrx_word' id='word_1_206' title='bbox 3009 1666 3063 1711; x_wconf 84' lang='lat' dir='ltr'><strong>et</strong></span> <span class='ocrx_word' id='word_1_207' title='bbox 3092 1674 3218 1710; x_wconf 84' lang='lat' dir='ltr'><strong>cum</strong></span> <span class='ocrx_word' id='word_1_208' title='bbox 3252 1658 3525 1727; x_wconf 80' lang='lat' dir='ltr'><strong>lacrymo-</strong></span> 
     </span>
    </p>
   </div>
   <div class='ocr_carea' id='block_1_33' title="bbox 239 1734 3525 1823">
    <p class='ocr_par' dir='ltr' id='par_1_33' title="bbox 239 1734 3525 1823">
     <span class='ocr_line' id='line_1_33' title="bbox 239 1734 3525 1823; baseline 0.001 -27"><span class='ocrx_word' id='word_1_209' title='bbox 239 1749 306 1796; x_wconf 85' lang='lat' dir='ltr'><strong>ut</strong></span> <span class='ocrx_word' id='word_1_210' title='bbox 334 1743 537 1797; x_wconf 79' lang='lat' dir='ltr'><strong>vilibus</strong></span> <span class='ocrx_word' id='word_1_211' title='bbox 566 1750 623 1797; x_wconf 89' lang='lat' dir='ltr'><strong>et</strong></span> <span class='ocrx_word' id='word_1_212' title='bbox 666 1747 852 1798; x_wconf 88' lang='lat' dir='ltr'><strong>minus</strong></span> <span class='ocrx_word' id='word_1_213' title='bbox 883 1747 1345 1801; x_wconf 80' lang='lat' dir='ltr'><strong>esculentioribus</strong></span> <span class='ocrx_word' id='word_1_214' title='bbox 1396 1756 1566 1819; x_wconf 89' lang='lat' dir='ltr'><strong>atque</strong></span> <span class='ocrx_word' id='word_1_215' title='bbox 1608 1734 1898 1805; x_wconf 84' lang='lat' dir='ltr'><strong>insulsisB</strong></span> <span class='ocrx_word' id='word_1_216' title='bbox 1924 1752 2000 1805; x_wconf 91' lang='lat' dir='ltr'><strong>sis</strong></span> <span class='ocrx_word' id='word_1_217' title='bbox 2030 1752 2288 1822; x_wconf 78' lang='lat' dir='ltr'><strong>suspiriis</strong></span> <span class='ocrx_word' id='word_1_218' title='bbox 2316 1752 2422 1805; x_wconf 80' lang='lat' dir='ltr'><strong>illis</strong></span> <span class='ocrx_word' id='word_1_219' title='bbox 2454 1750 2911 1823; x_wconf 89' lang='lat' dir='ltr'><strong>adimplentibus,</strong></span> <span class='ocrx_word' id='word_1_220' title='bbox 2941 1747 3157 1818; x_wconf 88' lang='lat' dir='ltr'><strong>primus</strong></span> <span class='ocrx_word' id='word_1_221' title='bbox 3192 1746 3310 1816; x_wconf 90' lang='lat' dir='ltr'><strong>ipse</strong></span> <span class='ocrx_word' id='word_1_222' title='bbox 3331 1761 3525 1815; x_wconf 79' lang='lat' dir='ltr'><strong>surge-</strong></span> 
     </span>
    </p>
   </div>
   <div class='ocr_carea' id='block_1_34' title="bbox 236 1830 1839 1907">
    <p class='ocr_par' dir='ltr' id='par_1_34' title="bbox 236 1830 1839 1907">
     <span class='ocr_line' id='line_1_34' title="bbox 236 1830 1839 1907; baseline 0.006 -24"><span class='ocrx_word' id='word_1_223' title='bbox 236 1830 380 1884; x_wconf 88' lang='lat' dir='ltr'><strong>cibis</strong></span> <span class='ocrx_word' id='word_1_224' title='bbox 407 1831 645 1886; x_wconf 68' lang='lat' dir='ltr'><strong>refectus</strong></span> <span class='ocrx_word' id='word_1_225' title='bbox 674 1834 989 1887; x_wconf 82' lang='lat' dir='ltr'><strong>satietatem</strong></span> <span class='ocrx_word' id='word_1_226' title='bbox 1040 1852 1442 1907; x_wconf 85' lang='lat' dir='ltr'><strong>usquequaque</strong></span> <span class='ocrx_word' id='word_1_227' title='bbox 1487 1845 1725 1904; x_wconf 84' lang='lat' dir='ltr'><strong>caveret,</strong></span> <span class='ocrx_word' id='word_1_228' title='bbox 1760 1841 1839 1893; x_wconf 86' lang='lat' dir='ltr'><strong>vi-</strong></span> 
     </span>
    </p>
   </div>
   <div class='ocr_carea' id='block_1_35' title="bbox 234 1920 1841 1996">
    <p class='ocr_par' dir='ltr' id='par_1_35' title="bbox 234 1920 1841 1996">
     <span class='ocr_line' id='line_1_35' title="bbox 234 1920 1841 1996; baseline 0.006 -23"><span class='ocrx_word' id='word_1_229' title='bbox 234 1936 378 1974; x_wconf 87' lang='lat' dir='ltr'><strong>num</strong></span> <span class='ocrx_word' id='word_1_230' title='bbox 398 1920 543 1974; x_wconf 84' lang='lat' dir='ltr'><strong>forte</strong></span> <span class='ocrx_word' id='word_1_231' title='bbox 568 1927 625 1974; x_wconf 83' lang='lat' dir='ltr'><strong>et</strong></span> <span class='ocrx_word' id='word_1_232' title='bbox 648 1933 937 1976; x_wconf 84' lang='lat' dir='ltr'><strong>austerum</strong></span> <span class='ocrx_word' id='word_1_233' title='bbox 968 1926 1128 1993; x_wconf 88' lang='lat' dir='ltr'><strong>quasi</strong></span> <span class='ocrx_word' id='word_1_234' title='bbox 1157 1942 1430 1979; x_wconf 83' lang='lat' dir='ltr'><strong>venenum</strong></span> <span class='ocrx_word' id='word_1_235' title='bbox 1463 1926 1698 1996; x_wconf 84' lang='lat' dir='ltr'><strong>fugeret.</strong></span> <span class='ocrx_word' id='word_1_236' title='bbox 1734 1930 1841 1983; x_wconf 87' lang='lat' dir='ltr'><strong>Be-</strong></span> 
     </span>
    </p>
   </div>
   <div class='ocr_carea' id='block_1_36' title="bbox 235 2010 1837 2081">
    <p class='ocr_par' dir='ltr' id='par_1_36' title="bbox 235 2010 1837 2081">
     <span class='ocr_line' id='line_1_36' title="bbox 235 2010 1837 2081; baseline 0.006 -19"><span class='ocrx_word' id='word_1_237' title='bbox 235 2010 449 2079; x_wconf 86' lang='lat' dir='ltr'><strong>nignus</strong></span> <span class='ocrx_word' id='word_1_238' title='bbox 470 2016 526 2063; x_wconf 89' lang='lat' dir='ltr'><strong>et</strong></span> <span class='ocrx_word' id='word_1_239' title='bbox 556 2011 905 2066; x_wconf 81' lang='lat' dir='ltr'><strong>humillimus</strong></span> <span class='ocrx_word' id='word_1_240' title='bbox 932 2020 1053 2066; x_wconf 82' lang='lat' dir='ltr'><strong>erat</strong></span> <span class='ocrx_word' id='word_1_241' title='bbox 1081 2014 1317 2068; x_wconf 86' lang='lat' dir='ltr'><strong>subditis</strong></span> <span class='ocrx_word' id='word_1_242' title='bbox 1347 2022 1403 2069; x_wconf 90' lang='lat' dir='ltr'><strong>et</strong></span> <span class='ocrx_word' id='word_1_243' title='bbox 1432 2016 1837 2081; x_wconf 87' lang='lat' dir='ltr'><strong>obedientibus,</strong></span> 
     </span>
    </p>
   </div>
   <div class='ocr_carea' id='block_1_37' title="bbox 232 2100 1838 2175">
    <p class='ocr_par' dir='ltr' id='par_1_37' title="bbox 232 2100 1838 2175">
     <span class='ocr_line' id='line_1_37' title="bbox 232 2100 1838 2175; baseline 0.006 -23"><span class='ocrx_word' id='word_1_244' title='bbox 232 2100 511 2153; x_wconf 84' lang='lat' dir='ltr'><strong>terribilis</strong></span> <span class='ocrx_word' id='word_1_245' title='bbox 531 2116 594 2154; x_wconf 89' lang='lat' dir='ltr'><strong>ac</strong></span> <span class='ocrx_word' id='word_1_246' title='bbox 624 2102 776 2154; x_wconf 83' lang='lat' dir='ltr'><strong>velut</strong></span> <span class='ocrx_word' id='word_1_247' title='bbox 801 2101 991 2172; x_wconf 80' lang='lat' dir='ltr'><strong>fulgur</strong></span> <span class='ocrx_word' id='word_1_248' title='bbox 1009 2103 1316 2173; x_wconf 82' lang='lat' dir='ltr'><strong>apparebat</strong></span> <span class='ocrx_word' id='word_1_249' title='bbox 1336 2105 1593 2175; x_wconf 82' lang='lat' dir='ltr'><strong>superbis</strong></span> <span class='ocrx_word' id='word_1_250' title='bbox 1614 2112 1671 2159; x_wconf 91' lang='lat' dir='ltr'><strong>et</strong></span> <span class='ocrx_word' id='word_1_251' title='bbox 1699 2107 1838 2161; x_wconf 87' lang='lat' dir='ltr'><strong>resi-</strong></span> 
     </span>
    </p>
   </div>
   <div class='ocr_carea' id='block_1_38' title="bbox 234 2188 541 2242">
    <p class='ocr_par' dir='ltr' id='par_1_38' title="bbox 234 2188 541 2242">
     <span class='ocr_line' id='line_1_38' title="bbox 234 2188 541 2242; baseline -0.003 0"><span class='ocrx_word' id='word_1_252' title='bbox 234 2188 541 2242; x_wconf 75' lang='lat' dir='ltr'><strong>stantibus.</strong></span> 
     </span>
    </p>
   </div>
   <div class='ocr_carea' id='block_1_39' title="bbox 305 2275 1833 2350">
    <p class='ocr_par' dir='ltr' id='par_1_39' title="bbox 305 2275 1833 2350">
     <span class='ocr_line' id='line_1_39' title="bbox 305 2275 1833 2350; baseline 0.007 -21"><span class='ocrx_word' id='word_1_253' title='bbox 305 2275 395 2331; x_wconf 78' lang='grc'><strong>13.</strong></span> <span class='ocrx_word' id='word_1_254' title='bbox 428 2280 633 2331; x_wconf 77' lang='lat' dir='ltr'><strong>Auctor</strong></span> <span class='ocrx_word' id='word_1_255' title='bbox 654 2282 724 2333; x_wconf 85' lang='lat' dir='ltr'><strong>ab</strong></span> <span class='ocrx_word' id='word_1_256' title='bbox 753 2296 810 2333; x_wconf 87' lang='lat' dir='ltr'><strong>eo</strong></span> <span class='ocrx_word' id='word_1_257' title='bbox 841 2283 1067 2347; x_wconf 77' lang='lat' dir='ltr'><strong>benigne</strong></span> <span class='ocrx_word' id='word_1_258' title='bbox 1096 2288 1362 2350; x_wconf 71' lang='lat' dir='ltr'><strong>acceptus.</strong></span> <span class='ocrx_word' id='word_1_259' title='bbox 1396 2284 1625 2337; x_wconf 90' lang='lat' dir='ltr'><strong>Memini</strong></span> <span class='ocrx_word' id='word_1_260' title='bbox 1665 2291 1833 2350; x_wconf 89' lang='lat' dir='ltr'><strong>certe,</strong></span> 
     </span>
    </p>
   </div>
   <div class='ocr_carea' id='block_1_40' title="bbox 233 2368 1841 2439">
    <p class='ocr_par' dir='ltr' id='par_1_40' title="bbox 233 2368 1841 2439">
     <span class='ocr_line' id='line_1_40' title="bbox 233 2368 1841 2439; baseline 0.007 -23"><span class='ocrx_word' id='word_1_261' title='bbox 233 2379 339 2418; x_wconf 85' lang='lat' dir='ltr'><strong>nec</strong></span> <span class='ocrx_word' id='word_1_262' title='bbox 367 2382 616 2437; x_wconf 86' lang='lat' dir='ltr'><strong>unquam</strong></span> <span class='ocrx_word' id='word_1_263' title='bbox 632 2368 821 2439; x_wconf 87' lang='lat' dir='ltr'><strong>aliqua</strong></span> <span class='ocrx_word' id='word_1_264' title='bbox 842 2370 961 2422; x_wconf 83' lang='lat' dir='ltr'><strong>dies</strong></span> <span class='ocrx_word' id='word_1_265' title='bbox 981 2371 1123 2423; x_wconf 88' lang='lat' dir='ltr'><strong>hanc</strong></span> <span class='ocrx_word' id='word_1_266' title='bbox 1144 2372 1474 2425; x_wconf 84' lang='lat' dir='ltr'><strong>memoriam</strong></span> <span class='ocrx_word' id='word_1_267' title='bbox 1497 2390 1619 2426; x_wconf 90' lang='lat' dir='ltr'><strong>meo</strong></span> <span class='ocrx_word' id='word_1_268' title='bbox 1634 2374 1841 2428; x_wconf 85' lang='lat' dir='ltr'><strong>eximet</strong></span> 
     </span>
    </p>
   </div>
   <div class='ocr_carea' id='block_1_41' title="bbox 231 2454 1839 2531">
    <p class='ocr_par' dir='ltr' id='par_1_41' title="bbox 231 2454 1839 2531">
     <span class='ocr_line' id='line_1_41' title="bbox 231 2454 1839 2531; baseline 0.006 -24"><span class='ocrx_word' id='word_1_269' title='bbox 231 2454 447 2519; x_wconf 85' lang='lat' dir='ltr'><strong>animo,</strong></span> <span class='ocrx_word' id='word_1_270' title='bbox 488 2472 657 2526; x_wconf 89' lang='lat' dir='ltr'><strong>quam</strong></span> <span class='ocrx_word' id='word_1_271' title='bbox 707 2457 983 2527; x_wconf 89' lang='lat' dir='ltr'><strong>benignus</strong></span> <span class='ocrx_word' id='word_1_272' title='bbox 1036 2460 1294 2513; x_wconf 86' lang='lat' dir='ltr'><strong>mihimet</strong></span> <span class='ocrx_word' id='word_1_273' title='bbox 1351 2477 1506 2514; x_wconf 87' lang='lat' dir='ltr'><strong>more</strong></span> <span class='ocrx_word' id='word_1_274' title='bbox 1550 2462 1625 2531; x_wconf 89' lang='lat' dir='ltr'><strong>pii</strong></span> <span class='ocrx_word' id='word_1_275' title='bbox 1658 2463 1839 2517; x_wconf 89' lang='lat' dir='ltr'><strong>Patris</strong></span> 
     </span>
    </p>
   </div>
   <div class='ocr_carea' id='block_1_42' title="bbox 234 2544 1840 2620">
    <p class='ocr_par' dir='ltr' id='par_1_42' title="bbox 234 2544 1840 2620">
     <span class='ocr_line' id='line_1_42' title="bbox 234 2544 1840 2620; baseline 0.006 -25"><span class='ocrx_word' id='word_1_276' title='bbox 234 2544 485 2597; x_wconf 86' lang='lat' dir='ltr'><strong>occurrit</strong></span> <span class='ocrx_word' id='word_1_277' title='bbox 514 2548 813 2600; x_wconf 86' lang='lat' dir='ltr'><strong>revertenti</strong></span> <span class='ocrx_word' id='word_1_278' title='bbox 843 2564 907 2600; x_wconf 89' lang='lat' dir='ltr'><strong>ac</strong></span> <span class='ocrx_word' id='word_1_279' title='bbox 940 2548 1256 2601; x_wconf 88' lang='lat' dir='ltr'><strong>miserrimo</strong></span> <span class='ocrx_word' id='word_1_280' title='bbox 1289 2550 1424 2612; x_wconf 89' lang='lat' dir='ltr'><strong>ﬁlio,</strong></span> <span class='ocrx_word' id='word_1_281' title='bbox 1449 2557 1506 2603; x_wconf 92' lang='lat' dir='ltr'><strong>et</strong></span> <span class='ocrx_word' id='word_1_282' title='bbox 1537 2567 1624 2604; x_wconf 91' lang='lat' dir='ltr'><strong>me</strong></span> <span class='ocrx_word' id='word_1_283' title='bbox 1654 2551 1840 2620; x_wconf 86' lang='lat' dir='ltr'><strong>fugiti-</strong></span> 
     </span>
    </p>
   </div>
   <div class='ocr_carea' id='block_1_43' title="bbox 232 2635 1839 2708">
    <p class='ocr_par' dir='ltr' id='par_1_43' title="bbox 232 2635 1839 2708">
     <span class='ocr_line' id='line_1_43' title="bbox 232 2635 1839 2708; baseline 0.006 -24"><span class='ocrx_word' id='word_1_284' title='bbox 232 2647 365 2684; x_wconf 79' lang='lat' dir='ltr'><strong>vum</strong></span> <span class='ocrx_word' id='word_1_285' title='bbox 414 2640 474 2686; x_wconf 90' lang='lat' dir='ltr'><strong>et</strong></span> <span class='ocrx_word' id='word_1_286' title='bbox 512 2635 766 2688; x_wconf 84' lang='lat' dir='ltr'><strong>inutilem</strong></span> <span class='ocrx_word' id='word_1_287' title='bbox 808 2652 1053 2696; x_wconf 83' lang='lat' dir='ltr'><strong>servum,</strong></span> <span class='ocrx_word' id='word_1_288' title='bbox 1106 2638 1515 2708; x_wconf 82' lang='lat' dir='ltr'><strong>prodigumque</strong></span> <span class='ocrx_word' id='word_1_289' title='bbox 1562 2639 1736 2693; x_wconf 84' lang='lat' dir='ltr'><strong>ﬁlium</strong></span> <span class='ocrx_word' id='word_1_290' title='bbox 1782 2647 1839 2693; x_wconf 92' lang='lat' dir='ltr'><strong>et</strong></span> 
     </span>
    </p>
   </div>
   <div class='ocr_carea' id='block_1_44' title="bbox 232 2720 1838 2798">
    <p class='ocr_par' dir='ltr' id='par_1_44' title="bbox 232 2720 1838 2798">
     <span class='ocr_line' id='line_1_44' title="bbox 232 2720 1838 2798; baseline 0.006 -26"><span class='ocrx_word' id='word_1_291' title='bbox 232 2720 555 2775; x_wconf 86' lang='lat' dir='ltr'><strong>famelicum</strong></span> <span class='ocrx_word' id='word_1_292' title='bbox 586 2725 731 2776; x_wconf 84' lang='lat' dir='ltr'><strong>stola</strong></span> <span class='ocrx_word' id='word_1_293' title='bbox 777 2726 988 2787; x_wconf 85' lang='lat' dir='ltr'><strong>vestiri.</strong></span> <span class='ocrx_word' id='word_1_294' title='bbox 1029 2732 1199 2796; x_wconf 87' lang='lat' dir='ltr'><strong>atque</strong></span> <span class='ocrx_word' id='word_1_295' title='bbox 1246 2728 1638 2781; x_wconf 85' lang='lat' dir='ltr'><strong>calceamentis</strong></span> <span class='ocrx_word' id='word_1_296' title='bbox 1672 2729 1838 2798; x_wconf 88' lang='lat' dir='ltr'><strong>pedes</strong></span> 
     </span>
    </p>
   </div>
   <div class='ocr_carea' id='block_1_45' title="bbox 234 2810 1838 2886">
    <p class='ocr_par' dir='ltr' id='par_1_45' title="bbox 234 2810 1838 2886">
     <span class='ocr_line' id='line_1_45' title="bbox 234 2810 1838 2886; baseline 0.006 -25"><span class='ocrx_word' id='word_1_297' title='bbox 234 2810 447 2863; x_wconf 83' lang='lat' dir='ltr'><strong>muniri</strong></span> <span class='ocrx_word' id='word_1_298' title='bbox 467 2812 657 2879; x_wconf 82' lang='lat' dir='ltr'><strong>jussit.</strong></span> <span class='ocrx_word' id='word_1_299' title='bbox 689 2812 802 2866; x_wconf 80' lang='lat' dir='ltr'><strong>Nec</strong></span> <span class='ocrx_word' id='word_1_300' title='bbox 834 2831 920 2866; x_wconf 89' lang='lat' dir='ltr'><strong>me</strong></span> <span class='ocrx_word' id='word_1_301' title='bbox 950 2815 1099 2867; x_wconf 84' lang='lat' dir='ltr'><strong>inter</strong></span> <span class='ocrx_word' id='word_1_302' title='bbox 1128 2816 1503 2869; x_wconf 85' lang='lat' dir='ltr'><strong>mercenaries</strong></span> <span class='ocrx_word' id='word_1_303' title='bbox 1527 2834 1721 2886; x_wconf 81' lang='lat' dir='ltr'><strong>passus</strong></span> <span class='ocrx_word' id='word_1_304' title='bbox 1744 2818 1838 2870; x_wconf 78' lang='lat' dir='ltr'><strong>lia-</strong></span> 
     </span>
    </p>
   </div>
   <div class='ocr_carea' id='block_1_46' title="bbox 231 2896 1834 2975">
    <p class='ocr_par' dir='ltr' id='par_1_46' title="bbox 231 2896 1834 2975">
     <span class='ocr_line' id='line_1_46' title="bbox 231 2896 1834 2975; baseline 0.005 -24"><span class='ocrx_word' id='word_1_305' title='bbox 231 2896 376 2963; x_wconf 87' lang='lat' dir='ltr'><strong>beri,</strong></span> <span class='ocrx_word' id='word_1_306' title='bbox 419 2899 477 2953; x_wconf 90' lang='lat' dir='ltr'><strong>in</strong></span> <span class='ocrx_word' id='word_1_307' title='bbox 509 2916 803 2955; x_wconf 81' lang='lat' dir='ltr'><strong>numerum</strong></span> <span class='ocrx_word' id='word_1_308' title='bbox 829 2903 1068 2956; x_wconf 83' lang='lat' dir='ltr'><strong>ﬁliorum</strong></span> <span class='ocrx_word' id='word_1_309' title='bbox 1114 2904 1209 2974; x_wconf 87' lang='lat' dir='ltr'><strong>qui</strong></span> <span class='ocrx_word' id='word_1_310' title='bbox 1240 2920 1426 2958; x_wconf 87' lang='lat' dir='ltr'><strong>secum</strong></span> <span class='ocrx_word' id='word_1_311' title='bbox 1470 2922 1693 2975; x_wconf 86' lang='lat' dir='ltr'><strong>semper</strong></span> <span class='ocrx_word' id='word_1_312' title='bbox 1714 2906 1834 2959; x_wconf 80' lang='lat' dir='ltr'><strong>fue-</strong></span> 
     </span>
    </p>
   </div>
   <div class='ocr_carea' id='block_1_47' title="bbox 228 2991 1836 3063">
    <p class='ocr_par' dir='ltr' id='par_1_47' title="bbox 228 2991 1836 3063">
     <span class='ocr_line' id='line_1_47' title="bbox 228 2991 1836 3063; baseline 0.005 -23"><span class='ocrx_word' id='word_1_313' title='bbox 228 2996 370 3041; x_wconf 69' lang='lat' dir='ltr'><strong>rant</strong></span> <span class='ocrx_word' id='word_1_314' title='bbox 399 2991 652 3058; x_wconf 86' lang='lat' dir='ltr'><strong>quamvis</strong></span> <span class='ocrx_word' id='word_1_315' title='bbox 680 2991 1047 3057; x_wconf 86' lang='lat' dir='ltr'><strong>immeritum,</strong></span> <span class='ocrx_word' id='word_1_316' title='bbox 1089 3009 1313 3063; x_wconf 90' lang='lat' dir='ltr'><strong>semper</strong></span> <span class='ocrx_word' id='word_1_317' title='bbox 1340 2994 1557 3059; x_wconf 87' lang='lat' dir='ltr'><strong>ascivit,</strong></span> <span class='ocrx_word' id='word_1_318' title='bbox 1589 3000 1648 3048; x_wconf 91' lang='lat' dir='ltr'><strong>et</strong></span> <span class='ocrx_word' id='word_1_319' title='bbox 1678 2995 1836 3048; x_wconf 85' lang='lat' dir='ltr'><strong>vituli</strong></span> 
     </span>
    </p>
   </div>
   <div class='ocr_carea' id='block_1_48' title="bbox 227 3078 1833 3151">
    <p class='ocr_par' dir='ltr' id='par_1_48' title="bbox 227 3078 1833 3151">
     <span class='ocr_line' id='line_1_48' title="bbox 227 3078 1833 3151; baseline 0.006 -22"><span class='ocrx_word' id='word_1_320' title='bbox 227 3078 483 3146; x_wconf 78' lang='lat' dir='ltr'><strong>saginati</strong></span> <span class='ocrx_word' id='word_1_321' title='bbox 504 3080 685 3148; x_wconf 86' lang='lat' dir='ltr'><strong>epulis</strong></span> <span class='ocrx_word' id='word_1_322' title='bbox 739 3087 795 3134; x_wconf 89' lang='lat' dir='ltr'><strong>et</strong></span> <span class='ocrx_word' id='word_1_323' title='bbox 820 3081 1043 3151; x_wconf 83' lang='lat' dir='ltr'><strong>gaudiis</strong></span> <span class='ocrx_word' id='word_1_324' title='bbox 1071 3098 1180 3135; x_wconf 86' lang='lat' dir='ltr'><strong>non</strong></span> <span class='ocrx_word' id='word_1_325' title='bbox 1212 3082 1491 3136; x_wconf 82' lang='lat' dir='ltr'><strong>discrevit.</strong></span> <span class='ocrx_word' id='word_1_326' title='bbox 1530 3084 1687 3137; x_wconf 86' lang='lat' dir='ltr'><strong>Unde</strong></span> <span class='ocrx_word' id='word_1_327' title='bbox 1724 3101 1833 3138; x_wconf 88' lang='lat' dir='ltr'><strong>non</strong></span> 
     </span>
    </p>
   </div>
   <div class='ocr_carea' id='block_1_49' title="bbox 225 3166 1837 3243">
    <p class='ocr_par' dir='ltr' id='par_1_49' title="bbox 225 3166 1837 3243">
     <span class='ocr_line' id='line_1_49' title="bbox 225 3166 1837 3243; baseline 0.005 -25"><span class='ocrx_word' id='word_1_328' title='bbox 225 3166 523 3220; x_wconf 87' lang='lat' dir='ltr'><strong>immerito</strong></span> <span class='ocrx_word' id='word_1_329' title='bbox 553 3167 630 3221; x_wconf 89' lang='lat' dir='ltr'><strong>illi</strong></span> <span class='ocrx_word' id='word_1_330' title='bbox 657 3169 856 3239; x_wconf 85' lang='lat' dir='ltr'><strong>ingens</strong></span> <span class='ocrx_word' id='word_1_331' title='bbox 876 3187 910 3223; x_wconf 89' lang='lat' dir='ltr'><strong>a</strong></span> <span class='ocrx_word' id='word_1_332' title='bbox 930 3187 1019 3223; x_wconf 90' lang='lat' dir='ltr'><strong>me</strong></span> <span class='ocrx_word' id='word_1_333' title='bbox 1040 3170 1277 3224; x_wconf 84' lang='lat' dir='ltr'><strong>debetur</strong></span> <span class='ocrx_word' id='word_1_334' title='bbox 1303 3172 1515 3241; x_wconf 86' lang='lat' dir='ltr'><strong>gratia;</strong></span> <span class='ocrx_word' id='word_1_335' title='bbox 1551 3178 1608 3225; x_wconf 89' lang='lat' dir='ltr'><strong>et</strong></span> <span class='ocrx_word' id='word_1_336' title='bbox 1627 3173 1837 3243; x_wconf 83' lang='lat' dir='ltr'><strong>Optavi,</strong></span> 
     </span>
    </p>
   </div>
   <div class='ocr_carea' id='block_1_50' title="bbox 223 3258 1839 3328">
    <p class='ocr_par' dir='ltr' id='par_1_50' title="bbox 223 3258 1839 3328">
     <span class='ocr_line' id='line_1_50' title="bbox 223 3258 1839 3328; baseline 0.006 -21"><span class='ocrx_word' id='word_1_337' title='bbox 223 3270 571 3326; x_wconf 78' lang='lat' dir='ltr'><strong>semperque</strong></span> <span class='ocrx_word' id='word_1_338' title='bbox 602 3258 805 3327; x_wconf 85' lang='lat' dir='ltr'><strong>optabo</strong></span> <span class='ocrx_word' id='word_1_339' title='bbox 828 3264 895 3312; x_wconf 90' lang='lat' dir='ltr'><strong>ut</strong></span> <span class='ocrx_word' id='word_1_340' title='bbox 915 3260 1037 3328; x_wconf 85' lang='lat' dir='ltr'><strong>ejus</strong></span> <span class='ocrx_word' id='word_1_341' title='bbox 1067 3260 1256 3312; x_wconf 87' lang='lat' dir='ltr'><strong>anima</strong></span> <span class='ocrx_word' id='word_1_342' title='bbox 1281 3260 1507 3313; x_wconf 89' lang='lat' dir='ltr'><strong>sedibus</strong></span> <span class='ocrx_word' id='word_1_343' title='bbox 1537 3261 1839 3316; x_wconf 87' lang='lat' dir='ltr'><strong>sublimata</strong></span> 
     </span>
    </p>
   </div>
   <div class='ocr_carea' id='block_1_51' title="bbox 221 3344 1839 3419">
    <p class='ocr_par' dir='ltr' id='par_1_51' title="bbox 221 3344 1839 3419">
     <span class='ocr_line' id='line_1_51' title="bbox 221 3344 1839 3419; baseline 0.003 -21"><span class='ocrx_word' id='word_1_344' title='bbox 221 3344 494 3398; x_wconf 62' lang='lat' dir='ltr'><strong>mthereis</strong></span> <span class='ocrx_word' id='word_1_345' title='bbox 518 3354 779 3400; x_wconf 88' lang='lat' dir='ltr'><strong>nectarea</strong></span> <span class='ocrx_word' id='word_1_346' title='bbox 809 3349 1082 3402; x_wconf 82' lang='lat' dir='ltr'><strong>suavitate</strong></span> <span class='ocrx_word' id='word_1_347' title='bbox 1114 3354 1170 3401; x_wconf 92' lang='lat' dir='ltr'><strong>et</strong></span> <span class='ocrx_word' id='word_1_348' title='bbox 1199 3349 1356 3417; x_wconf 85' lang='lat' dir='ltr'><strong>regni</strong></span> <span class='ocrx_word' id='word_1_349' title='bbox 1382 3351 1628 3419; x_wconf 89' lang='lat' dir='ltr'><strong>potiatur</strong></span> <span class='ocrx_word' id='word_1_350' title='bbox 1652 3356 1839 3405; x_wconf 84' lang='lat' dir='ltr'><strong>aucto-</strong></span> 
     </span>
    </p>
   </div>
   <div class='ocr_carea' id='block_1_52' title="bbox 222 3432 1838 3508">
    <p class='ocr_par' dir='ltr' id='par_1_52' title="bbox 222 3432 1838 3508">
     <span class='ocr_line' id='line_1_52' title="bbox 222 3432 1838 3508; baseline 0.004 -23"><span class='ocrx_word' id='word_1_351' title='bbox 222 3432 422 3492; x_wconf 83' lang='lat' dir='ltr'><strong>ritate,</strong></span> <span class='ocrx_word' id='word_1_352' title='bbox 447 3433 543 3487; x_wconf 85' lang='lat' dir='ltr'><strong>ubi</strong></span> <span class='ocrx_word' id='word_1_353' title='bbox 575 3452 662 3489; x_wconf 90' lang='lat' dir='ltr'><strong>me</strong></span> <span class='ocrx_word' id='word_1_354' title='bbox 686 3436 803 3489; x_wconf 88' lang='lat' dir='ltr'><strong>suis</strong></span> <span class='ocrx_word' id='word_1_355' title='bbox 831 3437 1038 3491; x_wconf 84' lang='lat' dir='ltr'><strong>sanctis</strong></span> <span class='ocrx_word' id='word_1_356' title='bbox 1066 3437 1284 3490; x_wconf 86' lang='lat' dir='ltr'><strong>meritis</strong></span> <span class='ocrx_word' id='word_1_357' title='bbox 1314 3438 1579 3508; x_wconf 89' lang='lat' dir='ltr'><strong>impetret</strong></span> <span class='ocrx_word' id='word_1_358' title='bbox 1606 3439 1712 3492; x_wconf 83' lang='lat' dir='ltr'><strong>sibi</strong></span> <span class='ocrx_word' id='word_1_359' title='bbox 1752 3456 1838 3493; x_wconf 87' lang='lat' dir='ltr'><strong>so-</strong></span> 
     </span>
    </p>
   </div>
   <div class='ocr_carea' id='block_1_53' title="bbox 224 3522 939 3595">
    <p class='ocr_par' dir='ltr' id='par_1_53' title="bbox 224 3522 939 3595">
     <span class='ocr_line' id='line_1_53' title="bbox 224 3522 939 3595; baseline 0.006 -20"><span class='ocrx_word' id='word_1_360' title='bbox 224 3522 371 3575; x_wconf 87' lang='lat' dir='ltr'><strong>ciari</strong></span> <span class='ocrx_word' id='word_1_361' title='bbox 407 3524 641 3592; x_wconf 86' lang='lat' dir='ltr'><strong>perenni</strong></span> <span class='ocrx_word' id='word_1_362' title='bbox 667 3530 939 3595; x_wconf 87' lang='lat' dir='ltr'><strong>tempore.</strong></span> 
     </span>
    </p>
   </div>
   <div class='ocr_carea' id='block_1_54' title="bbox 305 3609 1833 3683">
    <p class='ocr_par' dir='ltr' id='par_1_54' title="bbox 305 3609 1833 3683">
     <span class='ocr_line' id='line_1_54' title="bbox 305 3609 1833 3683; baseline 0.005 -20"><span class='ocrx_word' id='word_1_363' title='bbox 305 3609 394 3664; x_wconf 73' lang='grc'><strong>14.</strong></span> <span class='ocrx_word' id='word_1_364' title='bbox 430 3612 583 3664; x_wconf 73' lang='lat' dir='ltr'><strong>Festa</strong></span> <span class='ocrx_word' id='word_1_365' title='bbox 612 3618 674 3664; x_wconf 78' lang='lat' dir='ltr'><strong>ut</strong></span> <span class='ocrx_word' id='word_1_366' title='bbox 703 3616 1241 3670; x_wconf 49' lang='lat' dir='ltr'><strong>celebratﬂomnum</strong></span> <span class='ocrx_word' id='word_1_367' title='bbox 1256 3622 1372 3683; x_wconf 72' lang='lat' dir='ltr'><strong>post</strong></span> <span class='ocrx_word' id='word_1_368' title='bbox 1396 3620 1699 3670; x_wconf 77' lang='lat' dir='ltr'><strong>matutinos</strong></span> <span class='ocrx_word' id='word_1_369' title='bbox 1722 3634 1833 3671; x_wconf 80' lang='lat' dir='ltr'><strong>non</strong></span> 
     </span>
    </p>
   </div>
   <div class='ocr_carea' id='block_1_55' title="bbox 215 3698 1830 3776">
    <p class='ocr_par' dir='ltr' id='par_1_55' title="bbox 215 3698 1830 3776">
     <span class='ocr_line' id='line_1_55' title="bbox 215 3698 1830 3776; baseline 0.005 -25"><span class='ocrx_word' id='word_1_370' title='bbox 215 3701 446 3765; x_wconf 76' lang='lat' dir='ltr'><strong>probat.</strong></span> <span class='ocrx_word' id='word_1_371' title='bbox 482 3698 551 3753; x_wconf 91' lang='lat' dir='ltr'><strong>In</strong></span> <span class='ocrx_word' id='word_1_372' title='bbox 598 3701 948 3756; x_wconf 86' lang='lat' dir='ltr'><strong>celebrandis</strong></span> <span class='ocrx_word' id='word_1_373' title='bbox 995 3720 1123 3757; x_wconf 89' lang='lat' dir='ltr'><strong>vero</strong></span> <span class='ocrx_word' id='word_1_374' title='bbox 1156 3705 1626 3763; x_wconf 88' lang='lat' dir='ltr'><strong>solemnitatibus.</strong></span> <span class='ocrx_word' id='word_1_375' title='bbox 1662 3722 1830 3776; x_wconf 89' lang='lat' dir='ltr'><strong>quam</strong></span> 
     </span>
    </p>
   </div>
   <div class='ocr_carea' id='block_1_56' title="bbox 216 3786 1837 3863">
    <p class='ocr_par' dir='ltr' id='par_1_56' title="bbox 216 3786 1837 3863">
     <span class='ocr_line' id='line_1_56' title="bbox 216 3786 1837 3863; baseline 0.006 -24"><span class='ocrx_word' id='word_1_376' title='bbox 216 3786 502 3841; x_wconf 78' lang='lat' dir='ltr'><strong>festiuum</strong></span> <span class='ocrx_word' id='word_1_377' title='bbox 527 3806 590 3842; x_wconf 89' lang='lat' dir='ltr'><strong>se</strong></span> <span class='ocrx_word' id='word_1_378' title='bbox 620 3805 684 3843; x_wconf 87' lang='lat' dir='ltr'><strong>ac</strong></span> <span class='ocrx_word' id='word_1_379' title='bbox 713 3796 1027 3853; x_wconf 84' lang='lat' dir='ltr'><strong>strenuum,</strong></span> <span class='ocrx_word' id='word_1_380' title='bbox 1072 3809 1137 3846; x_wconf 90' lang='lat' dir='ltr'><strong>ac</strong></span> <span class='ocrx_word' id='word_1_381' title='bbox 1165 3794 1444 3863; x_wconf 89' lang='lat' dir='ltr'><strong>spirituali</strong></span> <span class='ocrx_word' id='word_1_382' title='bbox 1473 3794 1682 3863; x_wconf 83' lang='lat' dir='ltr'><strong>gaudio</strong></span> <span class='ocrx_word' id='word_1_383' title='bbox 1725 3795 1837 3848; x_wconf 87' lang='lat' dir='ltr'><strong>ala-</strong></span> 
     </span>
    </p>
   </div>
   <div class='ocr_carea' id='block_1_57' title="bbox 213 3878 1837 3952">
    <p class='ocr_par' dir='ltr' id='par_1_57' title="bbox 213 3878 1837 3952">
     <span class='ocr_line' id='line_1_57' title="bbox 213 3878 1837 3952; baseline 0.004 -22"><span class='ocrx_word' id='word_1_384' title='bbox 213 3892 381 3930; x_wconf 84' lang='lat' dir='ltr'><strong>crem</strong></span> <span class='ocrx_word' id='word_1_385' title='bbox 414 3878 502 3931; x_wconf 83' lang='lat' dir='ltr'><strong>vel</strong></span> <span class='ocrx_word' id='word_1_386' title='bbox 532 3878 768 3933; x_wconf 85' lang='lat' dir='ltr'><strong>hilarem</strong></span> <span class='ocrx_word' id='word_1_387' title='bbox 823 3881 1173 3947; x_wconf 87' lang='lat' dir='ltr'><strong>ostendebat,</strong></span> <span class='ocrx_word' id='word_1_388' title='bbox 1226 3883 1353 3952; x_wconf 88' lang='lat' dir='ltr'><strong>quis</strong></span> <span class='ocrx_word' id='word_1_389' title='bbox 1404 3882 1569 3952; x_wconf 87' lang='lat' dir='ltr'><strong>digne</strong></span> <span class='ocrx_word' id='word_1_390' title='bbox 1628 3883 1837 3937; x_wconf 84' lang='lat' dir='ltr'><strong>referre</strong></span> 
     </span>
    </p>
   </div>
   <div class='ocr_carea' id='block_1_58' title="bbox 213 3965 1836 4040">
    <p class='ocr_par' dir='ltr' id='par_1_58' title="bbox 213 3965 1836 4040">
     <span class='ocr_line' id='line_1_58' title="bbox 213 3965 1836 4040; baseline 0.005 -23"><span class='ocrx_word' id='word_1_391' title='bbox 213 3965 515 4019; x_wconf 72' lang='lat' dir='ltr'><strong>suﬁiciat?</strong></span> <span class='ocrx_word' id='word_1_392' title='bbox 538 3968 724 4021; x_wconf 87' lang='lat' dir='ltr'><strong>Pridie</strong></span> <span class='ocrx_word' id='word_1_393' title='bbox 747 3969 971 4039; x_wconf 87' lang='lat' dir='ltr'><strong>quidem</strong></span> <span class='ocrx_word' id='word_1_394' title='bbox 993 3971 1050 4023; x_wconf 90' lang='lat' dir='ltr'><strong>in</strong></span> <span class='ocrx_word' id='word_1_395' title='bbox 1074 3971 1274 4040; x_wconf 79' lang='lat' dir='ltr'><strong>vigiliis</strong></span> <span class='ocrx_word' id='word_1_396' title='bbox 1292 3971 1513 4025; x_wconf 91' lang='lat' dir='ltr'><strong>illorum</strong></span> <span class='ocrx_word' id='word_1_397' title='bbox 1534 3972 1836 4026; x_wconf 88' lang='lat' dir='ltr'><strong>admodum</strong></span> 
     </span>
    </p>
   </div>
   <div class='ocr_carea' id='block_1_59' title="bbox 211 4055 1840 4131">
    <p class='ocr_par' dir='ltr' id='par_1_59' title="bbox 211 4055 1840 4131">
     <span class='ocr_line' id='line_1_59' title="bbox 211 4055 1840 4131; baseline 0.004 -23"><span class='ocrx_word' id='word_1_398' title='bbox 211 4055 331 4108; x_wconf 86' lang='lat' dir='ltr'><strong>sibi</strong></span> <span class='ocrx_word' id='word_1_399' title='bbox 352 4056 417 4108; x_wconf 90' lang='lat' dir='ltr'><strong>in</strong></span> <span class='ocrx_word' id='word_1_400' title='bbox 435 4055 562 4109; x_wconf 85' lang='lat' dir='ltr'><strong>cibo</strong></span> <span class='ocrx_word' id='word_1_401' title='bbox 577 4062 635 4109; x_wconf 89' lang='lat' dir='ltr'><strong>et</strong></span> <span class='ocrx_word' id='word_1_402' title='bbox 659 4064 793 4127; x_wconf 90' lang='lat' dir='ltr'><strong>potu</strong></span> <span class='ocrx_word' id='word_1_403' title='bbox 818 4075 1020 4128; x_wconf 86' lang='lat' dir='ltr'><strong>parcus</strong></span> <span class='ocrx_word' id='word_1_404' title='bbox 1046 4066 1185 4121; x_wconf 87' lang='lat' dir='ltr'><strong>erat,</strong></span> <span class='ocrx_word' id='word_1_405' title='bbox 1216 4060 1405 4113; x_wconf 89' lang='lat' dir='ltr'><strong>dicens</strong></span> <span class='ocrx_word' id='word_1_406' title='bbox 1441 4060 1687 4131; x_wconf 90' lang='lat' dir='ltr'><strong>primum</strong></span> <span class='ocrx_word' id='word_1_407' title='bbox 1713 4078 1840 4114; x_wconf 90' lang='lat' dir='ltr'><strong>san-</strong></span> 
     </span>
    </p>
   </div>
   <div class='ocr_carea' id='block_1_60' title="bbox 208 4145 1840 4220">
    <p class='ocr_par' dir='ltr' id='par_1_60' title="bbox 208 4145 1840 4220">
     <span class='ocr_line' id='line_1_60' title="bbox 208 4145 1840 4220; baseline 0.004 -24"><span class='ocrx_word' id='word_1_408' title='bbox 208 4145 332 4198; x_wconf 85' lang='lat' dir='ltr'><strong>ctis</strong></span> <span class='ocrx_word' id='word_1_409' title='bbox 378 4145 733 4215; x_wconf 82' lang='lat' dir='ltr'><strong>martyribus</strong></span> <span class='ocrx_word' id='word_1_410' title='bbox 778 4163 900 4200; x_wconf 87' lang='lat' dir='ltr'><strong>esse</strong></span> <span class='ocrx_word' id='word_1_411' title='bbox 954 4148 1428 4219; x_wconf 89' lang='lat' dir='ltr'><strong>compatiendum,</strong></span> <span class='ocrx_word' id='word_1_412' title='bbox 1456 4166 1583 4203; x_wconf 91' lang='lat' dir='ltr'><strong>cum</strong></span> <span class='ocrx_word' id='word_1_413' title='bbox 1637 4149 1840 4220; x_wconf 90' lang='lat' dir='ltr'><strong>quibus</strong></span> 
     </span>
    </p>
   </div>
   <div class='ocr_carea' id='block_1_61' title="bbox 206 4234 1838 4306">
    <p class='ocr_par' dir='ltr' id='par_1_61' title="bbox 206 4234 1838 4306">
     <span class='ocr_line' id='line_1_61' title="bbox 206 4234 1838 4306; baseline 0.004 -20"><span class='ocrx_word' id='word_1_414' title='bbox 206 4234 597 4305; x_wconf 83' lang='lat' dir='ltr'><strong>postmodum</strong></span> <span class='ocrx_word' id='word_1_415' title='bbox 654 4251 877 4306; x_wconf 85' lang='lat' dir='ltr'><strong>semper</strong></span> <span class='ocrx_word' id='word_1_416' title='bbox 925 4236 1000 4289; x_wconf 90' lang='lat' dir='ltr'><strong>sit</strong></span> <span class='ocrx_word' id='word_1_417' title='bbox 1048 4237 1373 4291; x_wconf 75' lang='lat' dir='ltr'><strong>laetandum.</strong></span> <span class='ocrx_word' id='word_1_418' title='bbox 1428 4238 1565 4291; x_wconf 82' lang='lat' dir='ltr'><strong>Exin</strong></span> <span class='ocrx_word' id='word_1_419' title='bbox 1620 4239 1838 4293; x_wconf 90' lang='lat' dir='ltr'><strong>modico</strong></span> 
     </span>
    </p>
   </div>
   <div class='ocr_carea' id='block_1_62' title="bbox 204 4322 1837 4393">
    <p class='ocr_par' dir='ltr' id='par_1_62' title="bbox 204 4322 1837 4393">
     <span class='ocr_line' id='line_1_62' title="bbox 204 4322 1837 4393; baseline 0.004 -18"><span class='ocrx_word' id='word_1_420' title='bbox 204 4339 430 4376; x_wconf 86' lang='lat' dir='ltr'><strong>somno</strong></span> <span class='ocrx_word' id='word_1_421' title='bbox 482 4322 831 4393; x_wconf 87' lang='lat' dir='ltr'><strong>indulgebat,</strong></span> <span class='ocrx_word' id='word_1_422' title='bbox 887 4330 944 4378; x_wconf 90' lang='lat' dir='ltr'><strong>et</strong></span> <span class='ocrx_word' id='word_1_423' title='bbox 981 4326 1258 4379; x_wconf 87' lang='lat' dir='ltr'><strong>maturius</strong></span> <span class='ocrx_word' id='word_1_424' title='bbox 1302 4326 1517 4381; x_wconf 66' lang='lat' dir='ltr'><strong>caeteris</strong></span> <span class='ocrx_word' id='word_1_425' title='bbox 1562 4343 1594 4380; x_wconf 88' lang='lat' dir='ltr'><strong>a</strong></span> <span class='ocrx_word' id='word_1_426' title='bbox 1633 4328 1837 4381; x_wconf 80' lang='lat' dir='ltr'><strong>lectulo</strong></span> 
     </span>
    </p>
   </div>
   <div class='ocr_carea' id='block_1_63' title="bbox 1926 1834 3527 1909">
    <p class='ocr_par' dir='ltr' id='par_1_63' title="bbox 1926 1834 3527 1909">
     <span class='ocr_line' id='line_1_63' title="bbox 1926 1834 3527 1909; baseline -0.005 -14"><span class='ocrx_word' id='word_1_427' title='bbox 1926 1840 2037 1904; x_wconf 85' lang='lat' dir='ltr'><strong>bat,</strong></span> <span class='ocrx_word' id='word_1_428' title='bbox 2065 1850 2116 1894; x_wconf 85' lang='lat' dir='ltr'><strong>et</strong></span> <span class='ocrx_word' id='word_1_429' title='bbox 2146 1841 2479 1895; x_wconf 87' lang='lat' dir='ltr'><strong>absolvendo</strong></span> <span class='ocrx_word' id='word_1_430' title='bbox 2509 1857 2621 1903; x_wconf 89' lang='lat' dir='ltr'><strong>eos,</strong></span> <span class='ocrx_word' id='word_1_431' title='bbox 2657 1845 2929 1909; x_wconf 89' lang='lat' dir='ltr'><strong>quantum</strong></span> <span class='ocrx_word' id='word_1_432' title='bbox 2952 1841 3189 1907; x_wconf 80' lang='lat' dir='ltr'><strong>poterat,</strong></span> <span class='ocrx_word' id='word_1_433' title='bbox 3210 1841 3276 1888; x_wconf 91' lang='lat' dir='ltr'><strong>ut</strong></span> <span class='ocrx_word' id='word_1_434' title='bbox 3294 1835 3365 1887; x_wconf 90' lang='lat' dir='ltr'><strong>ad</strong></span> <span class='ocrx_word' id='word_1_435' title='bbox 3398 1834 3527 1899; x_wconf 83' lang='lat' dir='ltr'><strong>mis-</strong></span> 
     </span>
    </p>
   </div>
   <div class='ocr_carea' id='block_1_64' title="bbox 1924 1927 3525 1999">
    <p class='ocr_par' dir='ltr' id='par_1_64' title="bbox 1924 1927 3525 1999">
     <span class='ocr_line' id='line_1_64' title="bbox 1924 1927 3525 1999; baseline -0.004 -16"><span class='ocrx_word' id='word_1_436' title='bbox 1924 1947 2013 1983; x_wconf 87' lang='lat' dir='ltr'><strong>sas</strong></span> <span class='ocrx_word' id='word_1_437' title='bbox 2060 1930 2304 1999; x_wconf 84' lang='lat' dir='ltr'><strong>agendas</strong></span> <span class='ocrx_word' id='word_1_438' title='bbox 2333 1931 2527 1983; x_wconf 86' lang='lat' dir='ltr'><strong>devote</strong></span> <span class='ocrx_word' id='word_1_439' title='bbox 2557 1935 2615 1981; x_wconf 92' lang='lat' dir='ltr'><strong>et</strong></span> <span class='ocrx_word' id='word_1_440' title='bbox 2657 1927 2946 1980; x_wconf 84' lang='lat' dir='ltr'><strong>humiliter</strong></span> <span class='ocrx_word' id='word_1_441' title='bbox 2968 1931 3434 1995; x_wconf 63' lang='lat' dir='ltr'><strong>praepararentur,</strong></span> <span class='ocrx_word' id='word_1_442' title='bbox 3468 1928 3525 1977; x_wconf 90' lang='lat' dir='ltr'><strong>et</strong></span> 
     </span>
    </p>
   </div>
   <div class='ocr_carea' id='block_1_65' title="bbox 1925 2012 3519 2085">
    <p class='ocr_par' dir='ltr' id='par_1_65' title="bbox 1925 2012 3519 2085">
     <span class='ocr_line' id='line_1_65' title="bbox 1925 2012 3519 2085; baseline -0.004 -13"><span class='ocrx_word' id='word_1_443' title='bbox 1925 2026 2292 2073; x_wconf 82' lang='lat' dir='ltr'><strong>sacrosanctae</strong></span> <span class='ocrx_word' id='word_1_444' title='bbox 2349 2024 2669 2072; x_wconf 84' lang='lat' dir='ltr'><strong>reverenter</strong></span> <span class='ocrx_word' id='word_1_445' title='bbox 2717 2015 3068 2069; x_wconf 69' lang='lat' dir='ltr'><strong>eucharistiae</strong></span> <span class='ocrx_word' id='word_1_446' title='bbox 3100 2012 3519 2085; x_wconf 89' lang='lat' dir='ltr'><strong>participarent,</strong></span> 
     </span>
    </p>
   </div>
   <div class='ocr_carea' id='block_1_66' title="bbox 1924 2104 3522 2174">
    <p class='ocr_par' dir='ltr' id='par_1_66' title="bbox 1924 2104 3522 2174">
     <span class='ocr_line' id='line_1_66' title="bbox 1924 2104 3522 2174; baseline -0.005 -13"><span class='ocrx_word' id='word_1_447' title='bbox 1924 2108 2281 2174; x_wconf 84' lang='lat' dir='ltr'><strong>hortabatur;</strong></span> <span class='ocrx_word' id='word_1_448' title='bbox 2316 2107 2667 2161; x_wconf 87' lang='lat' dir='ltr'><strong>sacerdotum</strong></span> <span class='ocrx_word' id='word_1_449' title='bbox 2701 2111 2887 2158; x_wconf 84' lang='lat' dir='ltr'><strong>autem</strong></span> <span class='ocrx_word' id='word_1_450' title='bbox 2920 2104 3109 2157; x_wconf 87' lang='lat' dir='ltr'><strong>nullus</strong></span> <span class='ocrx_word' id='word_1_451' title='bbox 3126 2109 3257 2156; x_wconf 89' lang='lat' dir='ltr'><strong>ante</strong></span> <span class='ocrx_word' id='word_1_452' title='bbox 3275 2118 3522 2169; x_wconf 75' lang='lat' dir='ltr'><strong>commu-</strong></span> 
     </span>
    </p>
   </div>
   <div class='ocr_carea' id='block_1_67' title="bbox 1922 2192 3523 2265">
    <p class='ocr_par' dir='ltr' id='par_1_67' title="bbox 1922 2192 3523 2265">
     <span class='ocr_line' id='line_1_67' title="bbox 1922 2192 3523 2265; baseline -0.005 -14"><span class='ocrx_word' id='word_1_453' title='bbox 1922 2214 2049 2251; x_wconf 82' lang='lat' dir='ltr'><strong>nem</strong></span> <span class='ocrx_word' id='word_1_454' title='bbox 2090 2197 2450 2251; x_wconf 84' lang='lat' dir='ltr'><strong>oblationem.</strong></span> <span class='ocrx_word' id='word_1_455' title='bbox 2509 2202 2572 2249; x_wconf 91' lang='lat' dir='ltr'><strong>ut</strong></span> <span class='ocrx_word' id='word_1_456' title='bbox 2619 2195 2892 2265; x_wconf 85' lang='lat' dir='ltr'><strong>privatam</strong></span> <span class='ocrx_word' id='word_1_457' title='bbox 2938 2192 3165 2246; x_wconf 88' lang='lat' dir='ltr'><strong>missam</strong></span> <span class='ocrx_word' id='word_1_458' title='bbox 3212 2197 3426 2260; x_wconf 88' lang='lat' dir='ltr'><strong>ageret,</strong></span> <span class='ocrx_word' id='word_1_459' title='bbox 3489 2206 3523 2243; x_wconf 88' lang='lat' dir='ltr'><strong>a</strong></span> 
     </span>
    </p>
   </div>
   <div class='ocr_carea' id='block_1_68' title="bbox 1921 2278 3521 2351">
    <p class='ocr_par' dir='ltr' id='par_1_68' title="bbox 1921 2278 3521 2351">
     <span class='ocr_line' id='line_1_68' title="bbox 1921 2278 3521 2351; baseline -0.004 -14"><span class='ocrx_word' id='word_1_460' title='bbox 1921 2287 2090 2339; x_wconf 81' lang='lat' dir='ltr'><strong>choro</strong></span> <span class='ocrx_word' id='word_1_461' title='bbox 2150 2286 2462 2349; x_wconf 83' lang='lat' dir='ltr'><strong>secederet;</strong></span> <span class='ocrx_word' id='word_1_462' title='bbox 2513 2285 2609 2337; x_wconf 85' lang='lat' dir='ltr'><strong>sed</strong></span> <span class='ocrx_word' id='word_1_463' title='bbox 2663 2300 2775 2337; x_wconf 93' lang='lat' dir='ltr'><strong>uno</strong></span> <span class='ocrx_word' id='word_1_464' title='bbox 2833 2282 3140 2351; x_wconf 90' lang='lat' dir='ltr'><strong>eodemque</strong></span> <span class='ocrx_word' id='word_1_465' title='bbox 3178 2286 3433 2350; x_wconf 83' lang='lat' dir='ltr'><strong>tempore</strong></span> <span class='ocrx_word' id='word_1_466' title='bbox 3462 2278 3521 2331; x_wconf 91' lang='lat' dir='ltr'><strong>in</strong></span> 
     </span>
    </p>
   </div>
   <div class='ocr_carea' id='block_1_69' title="bbox 1922 2368 3520 2453">
    <p class='ocr_par' dir='ltr' id='par_1_69' title="bbox 1922 2368 3520 2453">
     <span class='ocr_line' id='line_1_69' title="bbox 1922 2368 3520 2453; baseline -0.005 -25"><span class='ocrx_word' id='word_1_467' title='bbox 1922 2382 2279 2445; x_wconf 88' lang='lat' dir='ltr'><strong>conspectum</strong></span> <span class='ocrx_word' id='word_1_468' title='bbox 2304 2374 2509 2427; x_wconf 90' lang='lat' dir='ltr'><strong>summi</strong></span> <span class='ocrx_word' id='word_1_469' title='bbox 2535 2374 2631 2427; x_wconf 88' lang='lat' dir='ltr'><strong>Dei</strong></span> <span class='ocrx_word' id='word_1_470' title='bbox 2655 2372 2897 2426; x_wconf 89' lang='lat' dir='ltr'><strong>oblaturi</strong></span> <span class='ocrx_word' id='word_1_471' title='bbox 2930 2372 2989 2424; x_wconf 91' lang='lat' dir='ltr'><strong>in</strong></span> <span class='ocrx_word' id='word_1_472' title='bbox 3020 2371 3248 2424; x_wconf 90' lang='lat' dir='ltr'><strong>odorem</strong></span> <span class='ocrx_word' id='word_1_473' title='bbox 3272 2368 3520 2453; x_wconf 63' lang='lat' dir='ltr'><strong>suavita-</strong></span> 
     </span>
    </p>
   </div>
   <div class='ocr_carea' id='block_1_70' title="bbox 1922 2462 3525 2533">
    <p class='ocr_par' dir='ltr' id='par_1_70' title="bbox 1922 2462 3525 2533">
     <span class='ocr_line' id='line_1_70' title="bbox 1922 2462 3525 2533; baseline -0.005 -16"><span class='ocrx_word' id='word_1_474' title='bbox 1922 2465 1993 2517; x_wconf 85' lang='lat' dir='ltr'><strong>tis</strong></span> <span class='ocrx_word' id='word_1_475' title='bbox 2022 2464 2351 2517; x_wconf 81' lang='lat' dir='ltr'><strong>accederent</strong></span> <span class='ocrx_word' id='word_1_476' title='bbox 2389 2462 2841 2533; x_wconf 75' lang='lat' dir='ltr'><strong>Eleemosynario</strong></span> <span class='ocrx_word' id='word_1_477' title='bbox 2866 2477 3088 2531; x_wconf 89' lang='lat' dir='ltr'><strong>quoque</strong></span> <span class='ocrx_word' id='word_1_478' title='bbox 3106 2475 3378 2529; x_wconf 89' lang='lat' dir='ltr'><strong>pauperes</strong></span> <span class='ocrx_word' id='word_1_479' title='bbox 3402 2473 3525 2510; x_wconf 91' lang='lat' dir='ltr'><strong>om-</strong></span> 
     </span>
    </p>
   </div>
   <div class='ocr_carea' id='block_1_71' title="bbox 1923 2548 3522 2623">
    <p class='ocr_par' dir='ltr' id='par_1_71' title="bbox 1923 2548 3522 2623">
     <span class='ocr_line' id='line_1_71' title="bbox 1923 2548 3522 2623; baseline -0.005 -16"><span class='ocrx_word' id='word_1_480' title='bbox 1923 2571 2022 2607; x_wconf 91' lang='lat' dir='ltr'><strong>nes</strong></span> <span class='ocrx_word' id='word_1_481' title='bbox 2054 2561 2110 2607; x_wconf 87' lang='lat' dir='ltr'><strong>et</strong></span> <span class='ocrx_word' id='word_1_482' title='bbox 2130 2554 2379 2623; x_wconf 84' lang='lat' dir='ltr'><strong>hospites</strong></span> <span class='ocrx_word' id='word_1_483' title='bbox 2407 2553 2617 2622; x_wconf 86' lang='lat' dir='ltr'><strong>largius</strong></span> <span class='ocrx_word' id='word_1_484' title='bbox 2647 2553 2809 2605; x_wconf 71' lang='lat' dir='ltr'><strong>solito</strong></span> <span class='ocrx_word' id='word_1_485' title='bbox 2851 2567 2917 2603; x_wconf 88' lang='lat' dir='ltr'><strong>ea</strong></span> <span class='ocrx_word' id='word_1_486' title='bbox 2947 2550 3037 2603; x_wconf 92' lang='lat' dir='ltr'><strong>die</strong></span> <span class='ocrx_word' id='word_1_487' title='bbox 3069 2565 3321 2602; x_wconf 90' lang='lat' dir='ltr'><strong>recreare</strong></span> <span class='ocrx_word' id='word_1_488' title='bbox 3343 2548 3522 2617; x_wconf 89' lang='lat' dir='ltr'><strong>impe-</strong></span> 
     </span>
    </p>
   </div>
   <div class='ocr_carea' id='block_1_72' title="bbox 1922 2636 3524 2711">
    <p class='ocr_par' dir='ltr' id='par_1_72' title="bbox 1922 2636 3524 2711">
     <span class='ocr_line' id='line_1_72' title="bbox 1922 2636 3524 2711; baseline -0.004 -17"><span class='ocrx_word' id='word_1_489' title='bbox 1922 2643 2097 2705; x_wconf 86' lang='lat' dir='ltr'><strong>rabat,</strong></span> <span class='ocrx_word' id='word_1_490' title='bbox 2133 2660 2258 2696; x_wconf 90' lang='lat' dir='ltr'><strong>cum</strong></span> <span class='ocrx_word' id='word_1_491' title='bbox 2291 2644 2530 2711; x_wconf 81' lang='lat' dir='ltr'><strong>ipsemet</strong></span> <span class='ocrx_word' id='word_1_492' title='bbox 2574 2641 2939 2693; x_wconf 79' lang='lat' dir='ltr'><strong>nihilominus</strong></span> <span class='ocrx_word' id='word_1_493' title='bbox 2970 2640 3119 2692; x_wconf 87' lang='lat' dir='ltr'><strong>inter</strong></span> <span class='ocrx_word' id='word_1_494' title='bbox 3155 2638 3278 2707; x_wconf 89' lang='lat' dir='ltr'><strong>ipsa</strong></span> <span class='ocrx_word' id='word_1_495' title='bbox 3327 2636 3524 2701; x_wconf 81' lang='lat' dir='ltr'><strong>missa-</strong></span> 
     </span>
    </p>
   </div>
   <div class='ocr_carea' id='block_1_73' title="bbox 1920 2726 3522 2800">
    <p class='ocr_par' dir='ltr' id='par_1_73' title="bbox 1920 2726 3522 2800">
     <span class='ocr_line' id='line_1_73' title="bbox 1920 2726 3522 2800; baseline -0.004 -16"><span class='ocrx_word' id='word_1_496' title='bbox 1920 2749 2044 2785; x_wconf 89' lang='lat' dir='ltr'><strong>rum</strong></span> <span class='ocrx_word' id='word_1_497' title='bbox 2079 2732 2350 2784; x_wconf 84' lang='lat' dir='ltr'><strong>solemnia</strong></span> <span class='ocrx_word' id='word_1_498' title='bbox 2379 2732 2535 2799; x_wconf 83' lang='lat' dir='ltr'><strong>gregi</strong></span> <span class='ocrx_word' id='word_1_499' title='bbox 2570 2747 2873 2800; x_wconf 81' lang='lat' dir='ltr'><strong>pauperum</strong></span> <span class='ocrx_word' id='word_1_500' title='bbox 2905 2730 2972 2782; x_wconf 90' lang='lat' dir='ltr'><strong>ad</strong></span> <span class='ocrx_word' id='word_1_501' title='bbox 3006 2746 3064 2781; x_wconf 87' lang='lat' dir='ltr'><strong>se</strong></span> <span class='ocrx_word' id='word_1_502' title='bbox 3095 2726 3399 2780; x_wconf 86' lang='lat' dir='ltr'><strong>conﬁuenti</strong></span> <span class='ocrx_word' id='word_1_503' title='bbox 3431 2743 3522 2796; x_wconf 83' lang='lat' dir='ltr'><strong>pe-</strong></span> 
     </span>
    </p>
   </div>
   <div class='ocr_carea' id='block_1_74' title="bbox 1920 2815 3517 2890">
    <p class='ocr_par' dir='ltr' id='par_1_74' title="bbox 1920 2815 3517 2890">
     <span class='ocr_line' id='line_1_74' title="bbox 1920 2815 3517 2890; baseline -0.004 -16"><span class='ocrx_word' id='word_1_504' title='bbox 1920 2821 2097 2874; x_wconf 65' lang='lat' dir='ltr'><strong>cunis:</strong></span> <span class='ocrx_word' id='word_1_505' title='bbox 2128 2821 2430 2890; x_wconf 88' lang='lat' dir='ltr'><strong>largiretur</strong></span> <span class='ocrx_word' id='word_1_506' title='bbox 2459 2818 2919 2887; x_wconf 88' lang='lat' dir='ltr'><strong>munera.Itaque</strong></span> <span class='ocrx_word' id='word_1_507' title='bbox 2938 2817 3199 2871; x_wconf 90' lang='lat' dir='ltr'><strong>omnibus</strong></span> <span class='ocrx_word' id='word_1_508' title='bbox 3220 2815 3517 2869; x_wconf 87' lang='lat' dir='ltr'><strong>exstructis</strong></span> 
     </span>
    </p>
   </div>
   <div class='ocr_carea' id='block_1_75' title="bbox 1921 2907 3540 2977">
    <p class='ocr_par' dir='ltr' id='par_1_75' title="bbox 1921 2907 3540 2977">
     <span class='ocr_line' id='line_1_75' title="bbox 1921 2907 3540 2977; baseline -0.004 -14"><span class='ocrx_word' id='word_1_509' title='bbox 1921 2915 1977 2963; x_wconf 92' lang='lat' dir='ltr'><strong>et</strong></span> <span class='ocrx_word' id='word_1_510' title='bbox 2003 2909 2273 2962; x_wconf 86' lang='lat' dir='ltr'><strong>ordinatis</strong></span> <span class='ocrx_word' id='word_1_511' title='bbox 2303 2925 2367 2961; x_wconf 87' lang='lat' dir='ltr'><strong>ex</strong></span> <span class='ocrx_word' id='word_1_512' title='bbox 2396 2907 2944 2977; x_wconf 84' lang='lat' dir='ltr'><strong>sententia,qualiter</strong></span> <span class='ocrx_word' id='word_1_513' title='bbox 2972 2915 3026 2959; x_wconf 91' lang='lat' dir='ltr'><strong>et</strong></span> <span class='ocrx_word' id='word_1_514' title='bbox 3066 2922 3235 2976; x_wconf 88' lang='lat' dir='ltr'><strong>quam</strong></span> <span class='ocrx_word' id='word_1_515' title='bbox 3262 2920 3540 2969; x_wconf 44' lang='lat' dir='ltr'><strong>revereng</strong></span> 
     </span>
    </p>
   </div>
   <div class='ocr_carea' id='block_1_76' title="bbox 1920 2991 3514 3065">
    <p class='ocr_par' dir='ltr' id='par_1_76' title="bbox 1920 2991 3514 3065">
     <span class='ocr_line' id='line_1_76' title="bbox 1920 2991 3514 3065; baseline -0.004 -14"><span class='ocrx_word' id='word_1_516' title='bbox 1920 2998 2147 3051; x_wconf 87' lang='lat' dir='ltr'><strong>dissime</strong></span> <span class='ocrx_word' id='word_1_517' title='bbox 2176 2998 2244 3049; x_wconf 87' lang='lat' dir='ltr'><strong>ad</strong></span> <span class='ocrx_word' id='word_1_518' title='bbox 2276 2998 2453 3051; x_wconf 88' lang='lat' dir='ltr'><strong>sancti</strong></span> <span class='ocrx_word' id='word_1_519' title='bbox 2485 2995 2807 3065; x_wconf 88' lang='lat' dir='ltr'><strong>archangeli</strong></span> <span class='ocrx_word' id='word_1_520' title='bbox 2829 2994 3115 3049; x_wconf 89' lang='lat' dir='ltr'><strong>Michaelis</strong></span> <span class='ocrx_word' id='word_1_521' title='bbox 3137 2991 3514 3046; x_wconf 86' lang='lat' dir='ltr'><strong>venerandum</strong></span> 
     </span>
    </p>
   </div>
   <div class='ocr_carea' id='block_1_77' title="bbox 1920 3083 3514 3156">
    <p class='ocr_par' dir='ltr' id='par_1_77' title="bbox 1920 3083 3514 3156">
     <span class='ocr_line' id='line_1_77' title="bbox 1920 3083 3514 3156; baseline -0.004 -16"><span class='ocrx_word' id='word_1_522' title='bbox 1920 3088 2117 3152; x_wconf 88' lang='lat' dir='ltr'><strong>altare,</strong></span> <span class='ocrx_word' id='word_1_523' title='bbox 2148 3086 2237 3140; x_wconf 91' lang='lat' dir='ltr'><strong>cui</strong></span> <span class='ocrx_word' id='word_1_524' title='bbox 2259 3103 2369 3139; x_wconf 92' lang='lat' dir='ltr'><strong>non</strong></span> <span class='ocrx_word' id='word_1_525' title='bbox 2402 3091 2535 3156; x_wconf 91' lang='lat' dir='ltr'><strong>puto</strong></span> <span class='ocrx_word' id='word_1_526' title='bbox 2560 3085 2618 3138; x_wconf 90' lang='lat' dir='ltr'><strong>in</strong></span> <span class='ocrx_word' id='word_1_527' title='bbox 2647 3085 2779 3137; x_wconf 89' lang='lat' dir='ltr'><strong>orbe</strong></span> <span class='ocrx_word' id='word_1_528' title='bbox 2822 3083 3055 3153; x_wconf 88' lang='lat' dir='ltr'><strong>reperiri</strong></span> <span class='ocrx_word' id='word_1_529' title='bbox 3088 3083 3289 3139; x_wconf 87' lang='lat' dir='ltr'><strong>simile.</strong></span> <span class='ocrx_word' id='word_1_530' title='bbox 3324 3098 3514 3153; x_wconf 90' lang='lat' dir='ltr'><strong>proce-</strong></span> 
     </span>
    </p>
   </div>
   <div class='ocr_carea' id='block_1_78' title="bbox 1920 3168 3521 3235">
    <p class='ocr_par' dir='ltr' id='par_1_78' title="bbox 1920 3168 3521 3235">
     <span class='ocr_line' id='line_1_78' title="bbox 1920 3168 3521 3235; baseline -0.003 -9"><span class='ocrx_word' id='word_1_531' title='bbox 1920 3174 2086 3227; x_wconf 86' lang='lat' dir='ltr'><strong>debat</strong></span> <span class='ocrx_word' id='word_1_532' title='bbox 2115 3179 2171 3226; x_wconf 89' lang='lat' dir='ltr'><strong>et</strong></span> <span class='ocrx_word' id='word_1_533' title='bbox 2216 3172 2437 3225; x_wconf 88' lang='lat' dir='ltr'><strong>astabat</strong></span> <span class='ocrx_word' id='word_1_534' title='bbox 2480 3189 2604 3226; x_wconf 90' lang='lat' dir='ltr'><strong>cum</strong></span> <span class='ocrx_word' id='word_1_535' title='bbox 2648 3172 2822 3225; x_wconf 90' lang='lat' dir='ltr'><strong>electo</strong></span> <span class='ocrx_word' id='word_1_536' title='bbox 2863 3171 3248 3224; x_wconf 80' lang='lat' dir='ltr'><strong>ministrorum</strong></span> <span class='ocrx_word' id='word_1_537' title='bbox 3300 3168 3521 3235; x_wconf 76' lang='lat' dir='ltr'><strong>ordinel</strong></span> 
     </span>
    </p>
   </div>
   <div class='ocr_carea' id='block_1_79' title="bbox 1920 3257 3518 3332">
    <p class='ocr_par' dir='ltr' id='par_1_79' title="bbox 1920 3257 3518 3332">
     <span class='ocr_line' id='line_1_79' title="bbox 1920 3257 3518 3332; baseline -0.004 -17"><span class='ocrx_word' id='word_1_538' title='bbox 1920 3264 2080 3331; x_wconf 81' lang='lat' dir='ltr'><strong>cujus</strong></span> <span class='ocrx_word' id='word_1_539' title='bbox 2112 3261 2526 3332; x_wconf 89' lang='lat' dir='ltr'><strong>quantumlibet</strong></span> <span class='ocrx_word' id='word_1_540' title='bbox 2558 3261 2750 3314; x_wconf 84' lang='lat' dir='ltr'><strong>diserti</strong></span> <span class='ocrx_word' id='word_1_541' title='bbox 2782 3259 3103 3329; x_wconf 87' lang='lat' dir='ltr'><strong>eloquentia</strong></span> <span class='ocrx_word' id='word_1_542' title='bbox 3135 3258 3315 3311; x_wconf 88' lang='lat' dir='ltr'><strong>valeat</strong></span> <span class='ocrx_word' id='word_1_543' title='bbox 3334 3257 3518 3327; x_wconf 83' lang='lat' dir='ltr'><strong>expri-</strong></span> 
     </span>
    </p>
   </div>
   <div class='ocr_carea' id='block_1_80' title="bbox 1920 3346 3521 3420">
    <p class='ocr_par' dir='ltr' id='par_1_80' title="bbox 1920 3346 3521 3420">
     <span class='ocr_line' id='line_1_80' title="bbox 1920 3346 3521 3420; baseline -0.004 -16"><span class='ocrx_word' id='word_1_544' title='bbox 1920 3352 2107 3404; x_wconf 79' lang='lat' dir='ltr'><strong>mere?</strong></span> <span class='ocrx_word' id='word_1_545' title='bbox 2143 3349 2259 3420; x_wconf 89' lang='lat' dir='ltr'><strong>Ego</strong></span> <span class='ocrx_word' id='word_1_546' title='bbox 2294 3350 2556 3403; x_wconf 90' lang='lat' dir='ltr'><strong>nimirum</strong></span> <span class='ocrx_word' id='word_1_547' title='bbox 2591 3350 2774 3414; x_wconf 64' lang='lat' dir='ltr'><strong>lliceat</strong></span> <span class='ocrx_word' id='word_1_548' title='bbox 2804 3348 3108 3401; x_wconf 89' lang='lat' dir='ltr'><strong>concedere</strong></span> <span class='ocrx_word' id='word_1_549' title='bbox 3137 3347 3305 3411; x_wconf 84' lang='lat' dir='ltr'><strong>veris)</strong></span> <span class='ocrx_word' id='word_1_550' title='bbox 3333 3346 3521 3399; x_wconf 89' lang='lat' dir='ltr'><strong>obstu-</strong></span> 
     </span>
    </p>
   </div>
   <div class='ocr_carea' id='block_1_81' title="bbox 1920 3434 3522 3511">
    <p class='ocr_par' dir='ltr' id='par_1_81' title="bbox 1920 3434 3522 3511">
     <span class='ocr_line' id='line_1_81' title="bbox 1920 3434 3522 3511; baseline -0.003 -18"><span class='ocrx_word' id='word_1_551' title='bbox 1920 3442 2171 3511; x_wconf 81' lang='lat' dir='ltr'><strong>pefactus</strong></span> <span class='ocrx_word' id='word_1_552' title='bbox 2201 3440 2257 3492; x_wconf 92' lang='lat' dir='ltr'><strong>in</strong></span> <span class='ocrx_word' id='word_1_553' title='bbox 2286 3440 2389 3492; x_wconf 87' lang='lat' dir='ltr'><strong>hac</strong></span> <span class='ocrx_word' id='word_1_554' title='bbox 2414 3446 2573 3509; x_wconf 88' lang='lat' dir='ltr'><strong>parte</strong></span> <span class='ocrx_word' id='word_1_555' title='bbox 2600 3438 2815 3491; x_wconf 87' lang='lat' dir='ltr'><strong>deﬁcio.</strong></span> <span class='ocrx_word' id='word_1_556' title='bbox 2852 3437 2958 3491; x_wconf 86' lang='lat' dir='ltr'><strong>Sed</strong></span> <span class='ocrx_word' id='word_1_557' title='bbox 2990 3453 3059 3490; x_wconf 89' lang='lat' dir='ltr'><strong>ne</strong></span> <span class='ocrx_word' id='word_1_558' title='bbox 3089 3442 3307 3489; x_wconf 87' lang='lat' dir='ltr'><strong>reatum</strong></span> <span class='ocrx_word' id='word_1_559' title='bbox 3340 3434 3522 3489; x_wconf 90' lang='lat' dir='ltr'><strong>incur-</strong></span> 
     </span>
    </p>
   </div>
   <div class='ocr_carea' id='block_1_82' title="bbox 1918 3526 3522 3597">
    <p class='ocr_par' dir='ltr' id='par_1_82' title="bbox 1918 3526 3522 3597">
     <span class='ocr_line' id='line_1_82' title="bbox 1918 3526 3522 3597; baseline -0.004 -16"><span class='ocrx_word' id='word_1_560' title='bbox 1918 3544 2063 3589; x_wconf 84' lang='lat' dir='ltr'><strong>ram,</strong></span> <span class='ocrx_word' id='word_1_561' title='bbox 2086 3529 2134 3581; x_wconf 91' lang='lat' dir='ltr'><strong>si</strong></span> <span class='ocrx_word' id='word_1_562' title='bbox 2164 3528 2234 3581; x_wconf 91' lang='lat' dir='ltr'><strong>de</strong></span> <span class='ocrx_word' id='word_1_563' title='bbox 2254 3533 2413 3580; x_wconf 87' lang='lat' dir='ltr'><strong>tanta</strong></span> <span class='ocrx_word' id='word_1_564' title='bbox 2436 3544 2496 3580; x_wconf 90' lang='lat' dir='ltr'><strong>re</strong></span> <span class='ocrx_word' id='word_1_565' title='bbox 2520 3527 2742 3597; x_wconf 86' lang='lat' dir='ltr'><strong>penitus</strong></span> <span class='ocrx_word' id='word_1_566' title='bbox 2766 3526 2992 3587; x_wconf 73' lang='lat' dir='ltr'><strong>siluere,</strong></span> <span class='ocrx_word' id='word_1_567' title='bbox 3013 3541 3124 3578; x_wconf 92' lang='lat' dir='ltr'><strong>non</strong></span> <span class='ocrx_word' id='word_1_568' title='bbox 3144 3528 3522 3594; x_wconf 87' lang='lat' dir='ltr'><strong>totum,prout</strong></span> 
     </span>
    </p>
   </div>
   <div class='ocr_carea' id='block_1_83' title="bbox 1915 3613 3514 3685">
    <p class='ocr_par' dir='ltr' id='par_1_83' title="bbox 1915 3613 3514 3685">
     <span class='ocr_line' id='line_1_83' title="bbox 1915 3613 3514 3685; baseline -0.002 -17"><span class='ocrx_word' id='word_1_569' title='bbox 1915 3617 2024 3669; x_wconf 89' lang='lat' dir='ltr'><strong>vidi</strong></span> <span class='ocrx_word' id='word_1_570' title='bbox 2045 3623 2101 3670; x_wconf 92' lang='lat' dir='ltr'><strong>et</strong></span> <span class='ocrx_word' id='word_1_571' title='bbox 2129 3618 2329 3676; x_wconf 89' lang='lat' dir='ltr'><strong>sentio,</strong></span> <span class='ocrx_word' id='word_1_572' title='bbox 2363 3616 2459 3669; x_wconf 88' lang='lat' dir='ltr'><strong>sed</strong></span> <span class='ocrx_word' id='word_1_573' title='bbox 2493 3623 2775 3685; x_wconf 81' lang='lat' dir='ltr'><strong>utcunque</strong></span> <span class='ocrx_word' id='word_1_574' title='bbox 2806 3615 2949 3685; x_wconf 89' lang='lat' dir='ltr'><strong>quod</strong></span> <span class='ocrx_word' id='word_1_575' title='bbox 2976 3630 3222 3684; x_wconf 89' lang='lat' dir='ltr'><strong>possum,</strong></span> <span class='ocrx_word' id='word_1_576' title='bbox 3260 3613 3514 3682; x_wconf 90' lang='lat' dir='ltr'><strong>eloquor.</strong></span> 
     </span>
    </p>
   </div>
   <div class='ocr_carea' id='block_1_84' title="bbox 1918 3702 3519 3773">
    <p class='ocr_par' dir='ltr' id='par_1_84' title="bbox 1918 3702 3519 3773">
     <span class='ocr_line' id='line_1_84' title="bbox 1918 3702 3519 3773; baseline -0.002 -14"><span class='ocrx_word' id='word_1_577' title='bbox 1918 3707 2057 3760; x_wconf 86' lang='lat' dir='ltr'><strong>Cum</strong></span> <span class='ocrx_word' id='word_1_578' title='bbox 2088 3706 2238 3758; x_wconf 87' lang='lat' dir='ltr'><strong>enim</strong></span> <span class='ocrx_word' id='word_1_579' title='bbox 2264 3705 2451 3757; x_wconf 80' lang='lat' dir='ltr'><strong>divina</strong></span> <span class='ocrx_word' id='word_1_580' title='bbox 2479 3704 2883 3758; x_wconf 86' lang='lat' dir='ltr'><strong>tremebundus</strong></span> <span class='ocrx_word' id='word_1_581' title='bbox 2909 3708 3104 3773; x_wconf 86' lang='lat' dir='ltr'><strong>ageret</strong></span> <span class='ocrx_word' id='word_1_582' title='bbox 3133 3702 3425 3772; x_wconf 87' lang='lat' dir='ltr'><strong>mysteria,</strong></span> <span class='ocrx_word' id='word_1_583' title='bbox 3461 3707 3519 3756; x_wconf 90' lang='lat' dir='ltr'><strong>et</strong></span> 
     </span>
    </p>
   </div>
   <div class='ocr_carea' id='block_1_85' title="bbox 1918 3790 3521 3857">
    <p class='ocr_par' dir='ltr' id='par_1_85' title="bbox 1918 3790 3521 3857">
     <span class='ocr_line' id='line_1_85' title="bbox 1918 3790 3521 3857; baseline -0.002 -10"><span class='ocrx_word' id='word_1_584' title='bbox 1918 3794 1976 3848; x_wconf 89' lang='lat' dir='ltr'><strong>in</strong></span> <span class='ocrx_word' id='word_1_585' title='bbox 2021 3795 2248 3847; x_wconf 88' lang='lat' dir='ltr'><strong>modum</strong></span> <span class='ocrx_word' id='word_1_586' title='bbox 2289 3794 2471 3847; x_wconf 89' lang='lat' dir='ltr'><strong>crucis</strong></span> <span class='ocrx_word' id='word_1_587' title='bbox 2521 3809 2585 3846; x_wconf 80' lang='lat' dir='ltr'><strong>ex</strong></span> <span class='ocrx_word' id='word_1_588' title='bbox 2632 3808 2785 3846; x_wconf 90' lang='lat' dir='ltr'><strong>more</strong></span> <span class='ocrx_word' id='word_1_589' title='bbox 2834 3791 3009 3845; x_wconf 88' lang='lat' dir='ltr'><strong>tentis</strong></span> <span class='ocrx_word' id='word_1_590' title='bbox 3050 3790 3293 3844; x_wconf 85' lang='lat' dir='ltr'><strong>brachiis</strong></span> <span class='ocrx_word' id='word_1_591' title='bbox 3350 3797 3409 3845; x_wconf 91' lang='lat' dir='ltr'><strong>et</strong></span> <span class='ocrx_word' id='word_1_592' title='bbox 3461 3791 3521 3857; x_wconf 84' lang='lat' dir='ltr'><strong>in</strong></span> 
     </span>
    </p>
   </div>
   <div class='ocr_carea' id='block_1_86' title="bbox 1919 3881 3522 3951">
    <p class='ocr_par' dir='ltr' id='par_1_86' title="bbox 1919 3881 3522 3951">
     <span class='ocr_line' id='line_1_86' title="bbox 1919 3881 3522 3951; baseline -0.002 -14"><span class='ocrx_word' id='word_1_593' title='bbox 1919 3884 2122 3937; x_wconf 67' lang='lat' dir='ltr'><strong>cmlum</strong></span> <span class='ocrx_word' id='word_1_594' title='bbox 2157 3882 2350 3935; x_wconf 88' lang='lat' dir='ltr'><strong>deﬁxis</strong></span> <span class='ocrx_word' id='word_1_595' title='bbox 2403 3887 2579 3935; x_wconf 89' lang='lat' dir='ltr'><strong>staret</strong></span> <span class='ocrx_word' id='word_1_596' title='bbox 2626 3881 2933 3949; x_wconf 67' lang='lat' dir='ltr'><strong>obtutibus,</strong></span> <span class='ocrx_word' id='word_1_597' title='bbox 2967 3881 3227 3951; x_wconf 89' lang='lat' dir='ltr'><strong>perfusus</strong></span> <span class='ocrx_word' id='word_1_598' title='bbox 3262 3881 3522 3950; x_wconf 85' lang='lat' dir='ltr'><strong>Iacrymis</strong></span> 
     </span>
    </p>
   </div>
   <div class='ocr_carea' id='block_1_87' title="bbox 1920 3956 3517 4043">
    <p class='ocr_par' dir='ltr' id='par_1_87' title="bbox 1920 3956 3517 4043">
     <span class='ocr_line' id='line_1_87' title="bbox 1920 3956 3517 4043; baseline -0.001 -18"><span class='ocrx_word' id='word_1_599' title='bbox 1920 3973 2099 4043; x_wconf 90' lang='lat' dir='ltr'><strong>ipsam</strong></span> <span class='ocrx_word' id='word_1_600' title='bbox 2130 3971 2480 4025; x_wconf 90' lang='lat' dir='ltr'><strong>divinitatem</strong></span> <span class='ocrx_word' id='word_1_601' title='bbox 2510 3969 2803 4023; x_wconf 85' lang='lat' dir='ltr'><strong>videbatur</strong></span> <span class='ocrx_word' id='word_1_602' title='bbox 2830 3969 3196 4039; x_wconf 90' lang='lat' dir='ltr'><strong>contemplari</strong></span> <span class='ocrx_word' id='word_1_603' title='bbox 3240 3956 3476 4023; x_wconf 82' lang='lat' dir='ltr'><strong>vicinius</strong></span> <span class='ocrx_word' id='word_1_604' title='bbox 3506 3987 3517 4023; x_wconf 90' lang='lat'><strong>:</strong></span> 
     </span>
    </p>
   </div>
   <div class='ocr_carea' id='block_1_88' title="bbox 1923 4055 3523 4120">
    <p class='ocr_par' dir='ltr' id='par_1_88' title="bbox 1923 4055 3523 4120">
     <span class='ocr_line' id='line_1_88' title="bbox 1923 4055 3523 4120; baseline -0.003 -8"><span class='ocrx_word' id='word_1_605' title='bbox 1923 4066 1980 4113; x_wconf 89' lang='lat' dir='ltr'><strong>et</strong></span> <span class='ocrx_word' id='word_1_606' title='bbox 2028 4064 2182 4112; x_wconf 87' lang='lat' dir='ltr'><strong>totus</strong></span> <span class='ocrx_word' id='word_1_607' title='bbox 2231 4058 2434 4111; x_wconf 88' lang='lat' dir='ltr'><strong>ardens</strong></span> <span class='ocrx_word' id='word_1_608' title='bbox 2492 4073 2702 4120; x_wconf 88' lang='lat' dir='ltr'><strong>amore,</strong></span> <span class='ocrx_word' id='word_1_609' title='bbox 2759 4056 2889 4109; x_wconf 91' lang='lat' dir='ltr'><strong>imis</strong></span> <span class='ocrx_word' id='word_1_610' title='bbox 2946 4057 3197 4109; x_wconf 78' lang='lat' dir='ltr'><strong>funditus</strong></span> <span class='ocrx_word' id='word_1_611' title='bbox 3237 4055 3523 4119; x_wconf 89' lang='lat' dir='ltr'><strong>concussis</strong></span> 
     </span>
    </p>
   </div>
   <div class='ocr_carea' id='block_1_89' title="bbox 1921 4144 3523 4216">
    <p class='ocr_par' dir='ltr' id='par_1_89' title="bbox 1921 4144 3523 4216">
     <span class='ocr_line' id='line_1_89' title="bbox 1921 4144 3523 4216; baseline -0.002 -14"><span class='ocrx_word' id='word_1_612' title='bbox 1921 4147 2247 4212; x_wconf 89' lang='lat' dir='ltr'><strong>visceribus,</strong></span> <span class='ocrx_word' id='word_1_613' title='bbox 2273 4147 2422 4200; x_wconf 90' lang='lat' dir='ltr'><strong>inter</strong></span> <span class='ocrx_word' id='word_1_614' title='bbox 2452 4147 2681 4216; x_wconf 89' lang='lat' dir='ltr'><strong>angelos</strong></span> <span class='ocrx_word' id='word_1_615' title='bbox 2708 4152 2894 4198; x_wconf 89' lang='lat' dir='ltr'><strong>mente</strong></span> <span class='ocrx_word' id='word_1_616' title='bbox 2922 4145 3306 4206; x_wconf 87' lang='lat' dir='ltr'><strong>translatus,si</strong></span> <span class='ocrx_word' id='word_1_617' title='bbox 3336 4144 3418 4197; x_wconf 86' lang='lat' dir='ltr'><strong>fas</strong></span> <span class='ocrx_word' id='word_1_618' title='bbox 3437 4151 3523 4207; x_wconf 86' lang='lat' dir='ltr'><strong>est</strong></span> 
     </span>
    </p>
   </div>
   <div class='ocr_carea' id='block_1_90' title="bbox 1922 4232 3523 4305">
    <p class='ocr_par' dir='ltr' id='par_1_90' title="bbox 1922 4232 3523 4305">
     <span class='ocr_line' id='line_1_90' title="bbox 1922 4232 3523 4305; baseline 0 -18"><span class='ocrx_word' id='word_1_619' title='bbox 1922 4234 2053 4302; x_wconf 83' lang='lat' dir='ltr'><strong>dici,</strong></span> <span class='ocrx_word' id='word_1_620' title='bbox 2076 4252 2186 4289; x_wconf 90' lang='lat' dir='ltr'><strong>non</strong></span> <span class='ocrx_word' id='word_1_621' title='bbox 2212 4237 2330 4305; x_wconf 89' lang='lat' dir='ltr'><strong>jam</strong></span> <span class='ocrx_word' id='word_1_622' title='bbox 2353 4236 2521 4288; x_wconf 90' lang='lat' dir='ltr'><strong>homo</strong></span> <span class='ocrx_word' id='word_1_623' title='bbox 2548 4234 2697 4287; x_wconf 87' lang='lat' dir='ltr'><strong>credi</strong></span> <span class='ocrx_word' id='word_1_624' title='bbox 2730 4238 2965 4304; x_wconf 89' lang='lat' dir='ltr'><strong>poterat,</strong></span> <span class='ocrx_word' id='word_1_625' title='bbox 2991 4233 3089 4287; x_wconf 89' lang='lat' dir='ltr'><strong>sed</strong></span> <span class='ocrx_word' id='word_1_626' title='bbox 3115 4232 3345 4302; x_wconf 86' lang='lat' dir='ltr'><strong>spiritus</strong></span> <span class='ocrx_word' id='word_1_627' title='bbox 3364 4238 3422 4285; x_wconf 85' lang='lat' dir='ltr'><strong>et</strong></span> <span class='ocrx_word' id='word_1_628' title='bbox 3441 4238 3523 4297; x_wconf 73' lang='lat' dir='ltr'><strong>(ut</strong></span> 
     </span>
    </p>
   </div>
   <div class='ocr_carea' id='block_1_91' title="bbox 1923 4321 3518 4393">
    <p class='ocr_par' dir='ltr' id='par_1_91' title="bbox 1923 4321 3518 4393">
     <span class='ocr_line' id='line_1_91' title="bbox 1923 4321 3518 4393; baseline -0.002 -16"><span class='ocrx_word' id='word_1_629' title='bbox 1923 4340 2057 4393; x_wconf 88' lang='lat' dir='ltr'><strong>pace</strong></span> <span class='ocrx_word' id='word_1_630' title='bbox 2081 4330 2401 4377; x_wconf 85' lang='lat' dir='ltr'><strong>sanctorum</strong></span> <span class='ocrx_word' id='word_1_631' title='bbox 2431 4323 2631 4385; x_wconf 85' lang='lat' dir='ltr'><strong>dicam)</strong></span> <span class='ocrx_word' id='word_1_632' title='bbox 2654 4322 3066 4393; x_wconf 79' lang='lat' dir='ltr'><strong>quodammodo</strong></span> <span class='ocrx_word' id='word_1_633' title='bbox 3094 4321 3240 4374; x_wconf 87' lang='lat' dir='ltr'><strong>alter</strong></span> <span class='ocrx_word' id='word_1_634' title='bbox 3264 4321 3518 4392; x_wconf 55' lang='lat' dir='ltr'><strong>augebis.</strong></span> 
     </span>
    </p>
   </div>
   <div class='ocr_carea' id='block_1_92' title="bbox 201 4407 3523 4493">
    <p class='ocr_par' dir='ltr' id='par_1_92' title="bbox 201 4407 3523 4493">
     <span class='ocr_line' id='line_1_92' title="bbox 201 4407 3523 4493; baseline -0 -29"><span class='ocrx_word' id='word_1_635' title='bbox 201 4425 493 4480; x_wconf 83' lang='lat' dir='ltr'><strong>surgens,</strong></span> <span class='ocrx_word' id='word_1_636' title='bbox 544 4410 603 4463; x_wconf 89' lang='lat' dir='ltr'><strong>in</strong></span> <span class='ocrx_word' id='word_1_637' title='bbox 658 4412 912 4465; x_wconf 89' lang='lat' dir='ltr'><strong>oratione</strong></span> <span class='ocrx_word' id='word_1_638' title='bbox 966 4413 1376 4484; x_wconf 85' lang='lat' dir='ltr'><strong>aliquantisper</strong></span> <span class='ocrx_word' id='word_1_639' title='bbox 1447 4414 1830 4485; x_wconf 88' lang='lat' dir='ltr'><strong>pernoctabat.</strong></span> <span class='ocrx_word' id='word_1_640' title='bbox 1852 4407 1900 4465; x_wconf 89' lang='lat' dir='ltr'>D</span> <span class='ocrx_word' id='word_1_641' title='bbox 1920 4411 2011 4465; x_wconf 84' lang='lat' dir='ltr'><strong>Ita</strong></span> <span class='ocrx_word' id='word_1_642' title='bbox 2040 4429 2203 4466; x_wconf 87' lang='lat' dir='ltr'><strong>verus</strong></span> <span class='ocrx_word' id='word_1_643' title='bbox 2225 4413 2326 4466; x_wconf 91' lang='lat' dir='ltr'><strong>Dei</strong></span> <span class='ocrx_word' id='word_1_644' title='bbox 2349 4412 2606 4465; x_wconf 89' lang='lat' dir='ltr'><strong>minister</strong></span> <span class='ocrx_word' id='word_1_645' title='bbox 2619 4411 2983 4481; x_wconf 90' lang='lat' dir='ltr'><strong>semetipsum</strong></span> <span class='ocrx_word' id='word_1_646' title='bbox 3010 4416 3191 4463; x_wconf 84' lang='lat' dir='ltr'><strong>totum</strong></span> <span class='ocrx_word' id='word_1_647' title='bbox 3223 4427 3324 4493; x_wconf 86' lang='lat' dir='ltr'><strong>per</strong></span> <span class='ocrx_word' id='word_1_648' title='bbox 3341 4409 3523 4464; x_wconf 89' lang='lat' dir='ltr'><strong>cordis</strong></span> 
     </span>
    </p>
   </div>
   <div class='ocr_carea' id='block_1_93' title="bbox 200 4496 1838 4557">
    <p class='ocr_par' dir='ltr' id='par_1_93' title="bbox 200 4496 1838 4557">
     <span class='ocr_line' id='line_1_93' title="bbox 200 4496 1838 4557; baseline 0.002 -3"><span class='ocrx_word' id='word_1_649' title='bbox 200 4500 386 4554; x_wconf 85' lang='lat' dir='ltr'><strong>Tunc</strong></span> <span class='ocrx_word' id='word_1_650' title='bbox 417 4496 606 4553; x_wconf 85' lang='lat' dir='ltr'><strong>denuo</strong></span> <span class='ocrx_word' id='word_1_651' title='bbox 617 4515 742 4553; x_wconf 85' lang='lat' dir='ltr'><strong>cum</strong></span> <span class='ocrx_word' id='word_1_652' title='bbox 769 4500 1036 4554; x_wconf 85' lang='lat' dir='ltr'><strong>fratribus</strong></span> <span class='ocrx_word' id='word_1_653' title='bbox 1056 4502 1286 4555; x_wconf 88' lang='lat' dir='ltr'><strong>laudum</strong></span> <span class='ocrx_word' id='word_1_654' title='bbox 1306 4503 1489 4556; x_wconf 86' lang='lat' dir='ltr'><strong>ofﬁcia</strong></span> <span class='ocrx_word' id='word_1_655' title='bbox 1511 4504 1591 4556; x_wconf 90' lang='lat' dir='ltr'><strong>ita</strong></span> <span class='ocrx_word' id='word_1_656' title='bbox 1610 4509 1838 4557; x_wconf 88' lang='lat' dir='ltr'><strong>strenue</strong></span> 
     </span>
    </p>
   </div>
   <div class='ocr_carea' id='block_1_94' title="bbox 195 4586 1840 4661">
    <p class='ocr_par' dir='ltr' id='par_1_94' title="bbox 195 4586 1840 4661">
     <span class='ocr_line' id='line_1_94' title="bbox 195 4586 1840 4661; baseline 0.004 -22"><span class='ocrx_word' id='word_1_657' title='bbox 195 4586 608 4658; x_wconf 80' lang='lat' dir='ltr'><strong>persolvebat,</strong></span> <span class='ocrx_word' id='word_1_658' title='bbox 632 4595 696 4642; x_wconf 88' lang='lat' dir='ltr'><strong>ut</strong></span> <span class='ocrx_word' id='word_1_659' title='bbox 731 4589 881 4643; x_wconf 88' lang='lat' dir='ltr'><strong>inter</strong></span> <span class='ocrx_word' id='word_1_660' title='bbox 911 4591 1141 4659; x_wconf 88' lang='lat' dir='ltr'><strong>angelos</strong></span> <span class='ocrx_word' id='word_1_661' title='bbox 1179 4592 1393 4661; x_wconf 90' lang='lat' dir='ltr'><strong>positus</strong></span> <span class='ocrx_word' id='word_1_662' title='bbox 1441 4592 1642 4646; x_wconf 72' lang='lat' dir='ltr'><strong>divinas</strong></span> <span class='ocrx_word' id='word_1_663' title='bbox 1668 4593 1840 4661; x_wconf 55' lang='lat' dir='ltr'><strong>maje.</strong></span> 
     </span>
    </p>
   </div>
   <div class='ocr_carea' id='block_1_95' title="bbox 193 4676 1837 4751">
    <p class='ocr_par' dir='ltr' id='par_1_95' title="bbox 193 4676 1837 4751">
     <span class='ocr_line' id='line_1_95' title="bbox 193 4676 1837 4751; baseline 0.001 -20"><span class='ocrx_word' id='word_1_664' title='bbox 193 4676 355 4731; x_wconf 76' lang='lat' dir='ltr'><strong>stati</strong></span> <span class='ocrx_word' id='word_1_665' title='bbox 394 4676 725 4731; x_wconf 71' lang='lat' dir='ltr'><strong>crederetur</strong></span> <span class='ocrx_word' id='word_1_666' title='bbox 739 4679 1183 4733; x_wconf 86' lang='lat' dir='ltr'><strong>astare.Videres</strong></span> <span class='ocrx_word' id='word_1_667' title='bbox 1206 4680 1362 4733; x_wconf 91' lang='lat' dir='ltr'><strong>illum</strong></span> <span class='ocrx_word' id='word_1_668' title='bbox 1384 4681 1454 4734; x_wconf 91' lang='lat' dir='ltr'><strong>ad</strong></span> <span class='ocrx_word' id='word_1_669' title='bbox 1485 4681 1837 4751; x_wconf 89' lang='lat' dir='ltr'><strong>psallendum</strong></span> 
     </span>
    </p>
   </div>
   <div class='ocr_carea' id='block_1_96' title="bbox 192 4764 1836 4839">
    <p class='ocr_par' dir='ltr' id='par_1_96' title="bbox 192 4764 1836 4839">
     <span class='ocr_line' id='line_1_96' title="bbox 192 4764 1836 4839; baseline 0.001 -20"><span class='ocrx_word' id='word_1_670' title='bbox 192 4771 261 4819; x_wconf 80' lang='lat' dir='ltr'><strong>et</strong></span> <span class='ocrx_word' id='word_1_671' title='bbox 284 4764 630 4818; x_wconf 82' lang='lat' dir='ltr'><strong>canendum</strong></span> <span class='ocrx_word' id='word_1_672' title='bbox 668 4781 772 4819; x_wconf 89' lang='lat' dir='ltr'><strong>sua</strong></span> <span class='ocrx_word' id='word_1_673' title='bbox 800 4766 1014 4836; x_wconf 89' lang='lat' dir='ltr'><strong>liquida</strong></span> <span class='ocrx_word' id='word_1_674' title='bbox 1052 4773 1110 4821; x_wconf 91' lang='lat' dir='ltr'><strong>et</strong></span> <span class='ocrx_word' id='word_1_675' title='bbox 1147 4768 1297 4822; x_wconf 87' lang='lat' dir='ltr'><strong>clara</strong></span> <span class='ocrx_word' id='word_1_676' title='bbox 1330 4786 1457 4823; x_wconf 88' lang='lat' dir='ltr'><strong>voce</strong></span> <span class='ocrx_word' id='word_1_677' title='bbox 1482 4770 1726 4839; x_wconf 90' lang='lat' dir='ltr'><strong>reliquos</strong></span> <span class='ocrx_word' id='word_1_678' title='bbox 1752 4786 1836 4823; x_wconf 85' lang='lat' dir='ltr'><strong>ex-</strong></span> 
     </span>
    </p>
   </div>
   <div class='ocr_carea' id='block_1_97' title="bbox 188 4854 1839 4925">
    <p class='ocr_par' dir='ltr' id='par_1_97' title="bbox 188 4854 1839 4925">
     <span class='ocr_line' id='line_1_97' title="bbox 188 4854 1839 4925; baseline 0.001 -15"><span class='ocrx_word' id='word_1_679' title='bbox 188 4855 426 4911; x_wconf 78' lang='lat' dir='ltr'><strong>citare,</strong></span> <span class='ocrx_word' id='word_1_680' title='bbox 464 4869 538 4905; x_wconf 89' lang='lat' dir='ltr'><strong>ne</strong></span> <span class='ocrx_word' id='word_1_681' title='bbox 566 4854 692 4922; x_wconf 87' lang='lat' dir='ltr'><strong>quis</strong></span> <span class='ocrx_word' id='word_1_682' title='bbox 716 4870 911 4909; x_wconf 92' lang='lat' dir='ltr'><strong>eorum</strong></span> <span class='ocrx_word' id='word_1_683' title='bbox 934 4872 1129 4909; x_wconf 89' lang='lat' dir='ltr'><strong>somno</strong></span> <span class='ocrx_word' id='word_1_684' title='bbox 1160 4865 1453 4925; x_wconf 87' lang='lat' dir='ltr'><strong>marceret,</strong></span> <span class='ocrx_word' id='word_1_685' title='bbox 1483 4858 1678 4911; x_wconf 89' lang='lat' dir='ltr'><strong>sedilia</strong></span> <span class='ocrx_word' id='word_1_686' title='bbox 1712 4874 1839 4912; x_wconf 90' lang='lat' dir='ltr'><strong>cum</strong></span> 
     </span>
    </p>
   </div>
   <div class='ocr_carea' id='block_1_98' title="bbox 189 4940 1839 5016">
    <p class='ocr_par' dir='ltr' id='par_1_98' title="bbox 189 4940 1839 5016">
     <span class='ocr_line' id='line_1_98' title="bbox 189 4940 1839 5016; baseline 0.001 -20"><span class='ocrx_word' id='word_1_687' title='bbox 189 4944 464 4997; x_wconf 86' lang='lat' dir='ltr'><strong>lucerna</strong></span> <span class='ocrx_word' id='word_1_688' title='bbox 489 4940 753 5007; x_wconf 84' lang='lat' dir='ltr'><strong>circuire;</strong></span> <span class='ocrx_word' id='word_1_689' title='bbox 786 4942 1028 4998; x_wconf 88' lang='lat' dir='ltr'><strong>delectos</strong></span> <span class='ocrx_word' id='word_1_690' title='bbox 1050 4951 1106 4997; x_wconf 92' lang='lat' dir='ltr'><strong>et</strong></span> <span class='ocrx_word' id='word_1_691' title='bbox 1128 4946 1369 4998; x_wconf 83' lang='lat' dir='ltr'><strong>humiles</strong></span> <span class='ocrx_word' id='word_1_692' title='bbox 1409 4952 1684 5011; x_wconf 77' lang='lat' dir='ltr'><strong>cantores,</strong></span> <span class='ocrx_word' id='word_1_693' title='bbox 1720 4946 1839 5016; x_wconf 89' lang='lat' dir='ltr'><strong>qui-</strong></span> 
     </span>
    </p>
   </div>
   <div class='ocr_carea' id='block_1_99' title="bbox 186 5032 1838 5105">
    <p class='ocr_par' dir='ltr' id='par_1_99' title="bbox 186 5032 1838 5105">
     <span class='ocr_line' id='line_1_99' title="bbox 186 5032 1838 5105; baseline 0.002 -19"><span class='ocrx_word' id='word_1_694' title='bbox 186 5034 312 5087; x_wconf 83' lang='lat' dir='ltr'><strong>bus</strong></span> <span class='ocrx_word' id='word_1_695' title='bbox 355 5047 469 5083; x_wconf 81' lang='lat' dir='ltr'><strong>vox</strong></span> <span class='ocrx_word' id='word_1_696' title='bbox 493 5037 643 5083; x_wconf 89' lang='lat' dir='ltr'><strong>esset</strong></span> <span class='ocrx_word' id='word_1_697' title='bbox 663 5032 1001 5086; x_wconf 87' lang='lat' dir='ltr'><strong>modulatior</strong></span> <span class='ocrx_word' id='word_1_698' title='bbox 1028 5034 1099 5087; x_wconf 89' lang='lat' dir='ltr'><strong>ad</strong></span> <span class='ocrx_word' id='word_1_699' title='bbox 1129 5035 1462 5095; x_wconf 85' lang='lat' dir='ltr'><strong>canendum,</strong></span> <span class='ocrx_word' id='word_1_700' title='bbox 1488 5042 1545 5088; x_wconf 89' lang='lat' dir='ltr'><strong>et</strong></span> <span class='ocrx_word' id='word_1_701' title='bbox 1564 5037 1631 5088; x_wconf 86' lang='lat' dir='ltr'><strong>ad</strong></span> <span class='ocrx_word' id='word_1_702' title='bbox 1655 5036 1838 5105; x_wconf 88' lang='lat' dir='ltr'><strong>legen-</strong></span> 
     </span>
    </p>
   </div>
   <div class='ocr_carea' id='block_1_100' title="bbox 181 5121 1839 5194">
    <p class='ocr_par' dir='ltr' id='par_1_100' title="bbox 181 5121 1839 5194">
     <span class='ocr_line' id='line_1_100' title="bbox 181 5121 1839 5194; baseline 0 -17"><span class='ocrx_word' id='word_1_703' title='bbox 181 5124 351 5177; x_wconf 84' lang='lat' dir='ltr'><strong>dum</strong></span> <span class='ocrx_word' id='word_1_704' title='bbox 394 5121 682 5174; x_wconf 85' lang='lat' dir='ltr'><strong>doctiores</strong></span> <span class='ocrx_word' id='word_1_705' title='bbox 722 5138 1062 5192; x_wconf 69' lang='lat' dir='ltr'><strong>przeponere,</strong></span> <span class='ocrx_word' id='word_1_706' title='bbox 1102 5124 1242 5177; x_wconf 90' lang='lat' dir='ltr'><strong>adeo</strong></span> <span class='ocrx_word' id='word_1_707' title='bbox 1288 5131 1350 5177; x_wconf 91' lang='lat' dir='ltr'><strong>ut</strong></span> <span class='ocrx_word' id='word_1_708' title='bbox 1378 5125 1581 5178; x_wconf 89' lang='lat' dir='ltr'><strong>chorus</strong></span> <span class='ocrx_word' id='word_1_709' title='bbox 1611 5142 1675 5177; x_wconf 86' lang='lat' dir='ltr'><strong>eo</strong></span> <span class='ocrx_word' id='word_1_710' title='bbox 1703 5141 1839 5194; x_wconf 65' lang='lat' dir='ltr'><strong>prae-</strong></span> 
     </span>
    </p>
   </div>
   <div class='ocr_carea' id='block_1_101' title="bbox 180 5211 1839 5283">
    <p class='ocr_par' dir='ltr' id='par_1_101' title="bbox 180 5211 1839 5283">
     <span class='ocr_line' id='line_1_101' title="bbox 180 5211 1839 5283; baseline -0.002 -15"><span class='ocrx_word' id='word_1_711' title='bbox 180 5220 386 5269; x_wconf 74' lang='lat' dir='ltr'><strong>sente</strong></span> <span class='ocrx_word' id='word_1_712' title='bbox 426 5226 546 5263; x_wconf 89' lang='lat' dir='ltr'><strong>non</strong></span> <span class='ocrx_word' id='word_1_713' title='bbox 584 5217 775 5278; x_wconf 85' lang='lat' dir='ltr'><strong>egeret</strong></span> <span class='ocrx_word' id='word_1_714' title='bbox 801 5211 910 5264; x_wconf 92' lang='lat' dir='ltr'><strong>alio</strong></span> <span class='ocrx_word' id='word_1_715' title='bbox 942 5212 1081 5265; x_wconf 88' lang='lat' dir='ltr'><strong>duce</strong></span> <span class='ocrx_word' id='word_1_716' title='bbox 1102 5230 1198 5265; x_wconf 88' lang='lat' dir='ltr'><strong>seu</strong></span> <span class='ocrx_word' id='word_1_717' title='bbox 1234 5213 1839 5283; x_wconf 64' lang='lat' dir='ltr'><strong>praecentoreEgomet</strong></span> 
     </span>
    </p>
   </div>
   <div class='ocr_carea' id='block_1_102' title="bbox 1921 4499 3522 4568">
    <p class='ocr_par' dir='ltr' id='par_1_102' title="bbox 1921 4499 3522 4568">
     <span class='ocr_line' id='line_1_102' title="bbox 1921 4499 3522 4568; baseline -0.001 -15"><span class='ocrx_word' id='word_1_718' title='bbox 1921 4502 2314 4555; x_wconf 87' lang='lat' dir='ltr'><strong>contritionem</strong></span> <span class='ocrx_word' id='word_1_719' title='bbox 2349 4502 2459 4555; x_wconf 91' lang='lat' dir='ltr'><strong>Deo</strong></span> <span class='ocrx_word' id='word_1_720' title='bbox 2502 4500 2836 4554; x_wconf 89' lang='lat' dir='ltr'><strong>incendebat</strong></span> <span class='ocrx_word' id='word_1_721' title='bbox 2878 4501 2936 4553; x_wconf 89' lang='lat' dir='ltr'><strong>in</strong></span> <span class='ocrx_word' id='word_1_722' title='bbox 2958 4499 3370 4561; x_wconf 88' lang='lat' dir='ltr'><strong>holocaustum,</strong></span> <span class='ocrx_word' id='word_1_723' title='bbox 3402 4499 3522 4568; x_wconf 89' lang='lat' dir='ltr'><strong>ipse</strong></span> 
     </span>
    </p>
   </div>
   <div class='ocr_carea' id='block_1_103' title="bbox 1922 4584 3521 4660">
    <p class='ocr_par' dir='ltr' id='par_1_103' title="bbox 1922 4584 3521 4660">
     <span class='ocr_line' id='line_1_103' title="bbox 1922 4584 3521 4660; baseline -0.001 -17"><span class='ocrx_word' id='word_1_724' title='bbox 1922 4606 2042 4653; x_wconf 86' lang='lat' dir='ltr'><strong>ara,</strong></span> <span class='ocrx_word' id='word_1_725' title='bbox 2101 4590 2220 4660; x_wconf 89' lang='lat' dir='ltr'><strong>ipse</strong></span> <span class='ocrx_word' id='word_1_726' title='bbox 2274 4590 2533 4643; x_wconf 89' lang='lat' dir='ltr'><strong>sacerdos</strong></span> <span class='ocrx_word' id='word_1_727' title='bbox 2563 4596 2686 4643; x_wconf 87' lang='lat' dir='ltr'><strong>erat</strong></span> <span class='ocrx_word' id='word_1_728' title='bbox 2730 4596 2787 4642; x_wconf 92' lang='lat' dir='ltr'><strong>et</strong></span> <span class='ocrx_word' id='word_1_729' title='bbox 2812 4588 3170 4642; x_wconf 85' lang='lat' dir='ltr'><strong>sacriﬁcium.</strong></span> <span class='ocrx_word' id='word_1_730' title='bbox 3222 4584 3521 4642; x_wconf 85' lang='lat' dir='ltr'><strong>Recolebat</strong></span> 
     </span>
    </p>
   </div>
   <div class='ocr_carea' id='block_1_104' title="bbox 1924 4677 3525 4749">
    <p class='ocr_par' dir='ltr' id='par_1_104' title="bbox 1924 4677 3525 4749">
     <span class='ocr_line' id='line_1_104' title="bbox 1924 4677 3525 4749; baseline -0.001 -17"><span class='ocrx_word' id='word_1_731' title='bbox 1924 4678 2199 4749; x_wconf 89' lang='lat' dir='ltr'><strong>siquidem</strong></span> <span class='ocrx_word' id='word_1_732' title='bbox 2228 4694 2609 4749; x_wconf 64' lang='lat' dir='ltr'><strong>saepenumero</strong></span> <span class='ocrx_word' id='word_1_733' title='bbox 2624 4678 2771 4749; x_wconf 86' lang='lat' dir='ltr'><strong>quod</strong></span> <span class='ocrx_word' id='word_1_734' title='bbox 2800 4677 2880 4731; x_wconf 88' lang='lat' dir='ltr'><strong>ait</strong></span> <span class='ocrx_word' id='word_1_735' title='bbox 2912 4678 3106 4731; x_wconf 86' lang='lat' dir='ltr'><strong>beatus</strong></span> <span class='ocrx_word' id='word_1_736' title='bbox 3139 4677 3525 4749; x_wconf 87' lang='lat' dir='ltr'><strong>Gregoriusde</strong></span> 
     </span>
    </p>
   </div>
   <div class='ocr_carea' id='block_1_105' title="bbox 1925 4765 3521 4837">
    <p class='ocr_par' dir='ltr' id='par_1_105' title="bbox 1925 4765 3521 4837">
     <span class='ocr_line' id='line_1_105' title="bbox 1925 4765 3521 4837; baseline -0.001 -17"><span class='ocrx_word' id='word_1_737' title='bbox 1925 4770 2028 4821; x_wconf 88' lang='lat' dir='ltr'><strong>hoc</strong></span> <span class='ocrx_word' id='word_1_738' title='bbox 2066 4774 2224 4821; x_wconf 87' lang='lat' dir='ltr'><strong>tanto</strong></span> <span class='ocrx_word' id='word_1_739' title='bbox 2276 4768 2540 4837; x_wconf 86' lang='lat' dir='ltr'><strong>mysterio</strong></span> <span class='ocrx_word' id='word_1_740' title='bbox 2591 4769 2822 4834; x_wconf 76' lang='lat' dir='ltr'><strong>(Ih&#39;alog.</strong></span> <span class='ocrx_word' id='word_1_741' title='bbox 2883 4769 2976 4819; x_wconf 75' lang='lat' dir='ltr'><strong>lib.</strong></span> <span class='ocrx_word' id='word_1_742' title='bbox 3023 4780 3096 4831; x_wconf 82' lang='lat' dir='ltr'><strong>Iv,</strong></span> <span class='ocrx_word' id='word_1_743' title='bbox 3156 4783 3199 4820; x_wconf 78' lang='lat' dir='ltr'><strong>c.</strong></span> <span class='ocrx_word' id='word_1_744' title='bbox 3249 4767 3335 4831; x_wconf 83' lang='lat'><strong>58,</strong></span> <span class='ocrx_word' id='word_1_745' title='bbox 3384 4765 3521 4835; x_wconf 85' lang='lat'><strong>59):</strong></span> 
     </span>
    </p>
   </div>
   <div class='ocr_carea' id='block_1_106' title="bbox 1931 4856 3520 4927">
    <p class='ocr_par' dir='ltr' id='par_1_106' title="bbox 1931 4856 3520 4927">
     <span class='ocr_line' id='line_1_106' title="bbox 1931 4856 3520 4927; baseline 0.003 -22"><span class='ocrx_word' id='word_1_746' title='bbox 1931 4875 1956 4905; x_wconf 68' lang='grc' dir='ltr'><strong>τι</strong></span> <span class='ocrx_word' id='word_1_747' title='bbox 1984 4858 2292 4910; x_wconf 85' lang='lat' dir='ltr'><strong>Pensemus</strong></span> <span class='ocrx_word' id='word_1_748' title='bbox 2339 4857 2505 4926; x_wconf 87' lang='lat' dir='ltr'><strong>quale</strong></span> <span class='ocrx_word' id='word_1_749' title='bbox 2551 4857 2625 4909; x_wconf 91' lang='lat' dir='ltr'><strong>sit</strong></span> <span class='ocrx_word' id='word_1_750' title='bbox 2662 4874 2762 4927; x_wconf 92' lang='lat' dir='ltr'><strong>pro</strong></span> <span class='ocrx_word' id='word_1_751' title='bbox 2803 4856 2962 4910; x_wconf 89' lang='lat' dir='ltr'><strong>nobis</strong></span> <span class='ocrx_word' id='word_1_752' title='bbox 3012 4856 3117 4909; x_wconf 90' lang='lat' dir='ltr'><strong>hoc</strong></span> <span class='ocrx_word' id='word_1_753' title='bbox 3160 4856 3520 4923; x_wconf 79' lang='lat' dir='ltr'><strong>sacriﬁcium,</strong></span> 
     </span>
    </p>
   </div>
   <div class='ocr_carea' id='block_1_107' title="bbox 1924 4945 3521 5016">
    <p class='ocr_par' dir='ltr' id='par_1_107' title="bbox 1924 4945 3521 5016">
     <span class='ocr_line' id='line_1_107' title="bbox 1924 4945 3521 5016; baseline -0.001 -17"><span class='ocrx_word' id='word_1_754' title='bbox 1924 4946 2073 5015; x_wconf 85' lang='lat' dir='ltr'><strong>quod</strong></span> <span class='ocrx_word' id='word_1_755' title='bbox 2106 4962 2204 5013; x_wconf 81' lang='lat' dir='ltr'><strong>pro</strong></span> <span class='ocrx_word' id='word_1_756' title='bbox 2251 4945 2605 4999; x_wconf 88' lang='lat' dir='ltr'><strong>absolutione</strong></span> <span class='ocrx_word' id='word_1_757' title='bbox 2664 4957 2856 4999; x_wconf 88' lang='lat' dir='ltr'><strong>nostra</strong></span> <span class='ocrx_word' id='word_1_758' title='bbox 2903 4947 3222 5016; x_wconf 76' lang='lat' dir='ltr'><strong>passionem</strong></span> <span class='ocrx_word' id='word_1_759' title='bbox 3246 4945 3521 5015; x_wconf 87' lang='lat' dir='ltr'><strong>unigeniti</strong></span> 
     </span>
    </p>
   </div>
   <div class='ocr_carea' id='block_1_108' title="bbox 1920 5033 3522 5103">
    <p class='ocr_par' dir='ltr' id='par_1_108' title="bbox 1920 5033 3522 5103">
     <span class='ocr_line' id='line_1_108' title="bbox 1920 5033 3522 5103; baseline -0.001 -16"><span class='ocrx_word' id='word_1_760' title='bbox 1920 5034 2044 5088; x_wconf 89' lang='lat' dir='ltr'><strong>Filii</strong></span> <span class='ocrx_word' id='word_1_761' title='bbox 2070 5033 2164 5086; x_wconf 87' lang='lat' dir='ltr'><strong>Dei</strong></span> <span class='ocrx_word' id='word_1_762' title='bbox 2187 5049 2407 5103; x_wconf 89' lang='lat' dir='ltr'><strong>semper</strong></span> <span class='ocrx_word' id='word_1_763' title='bbox 2427 5034 2700 5087; x_wconf 89' lang='lat' dir='ltr'><strong>imitatur.</strong></span> <span class='ocrx_word' id='word_1_764' title='bbox 2721 5034 2857 5097; x_wconf 85' lang='lat' dir='ltr'><strong>Quis</strong></span> <span class='ocrx_word' id='word_1_765' title='bbox 2877 5035 3027 5087; x_wconf 90' lang='lat' dir='ltr'><strong>enim</strong></span> <span class='ocrx_word' id='word_1_766' title='bbox 3052 5034 3298 5088; x_wconf 88' lang='lat' dir='ltr'><strong>ﬁdelium</strong></span> <span class='ocrx_word' id='word_1_767' title='bbox 3314 5034 3522 5086; x_wconf 83' lang='lat' dir='ltr'><strong>habere</strong></span> 
     </span>
    </p>
   </div>
   <div class='ocr_carea' id='block_1_109' title="bbox 1921 5120 3517 5193">
    <p class='ocr_par' dir='ltr' id='par_1_109' title="bbox 1921 5120 3517 5193">
     <span class='ocr_line' id='line_1_109' title="bbox 1921 5120 3517 5193; baseline -0.002 -17"><span class='ocrx_word' id='word_1_768' title='bbox 1921 5123 2151 5177; x_wconf 91' lang='lat' dir='ltr'><strong>dubium</strong></span> <span class='ocrx_word' id='word_1_769' title='bbox 2172 5122 2348 5192; x_wconf 85' lang='lat' dir='ltr'><strong>possit</strong></span> <span class='ocrx_word' id='word_1_770' title='bbox 2368 5124 2423 5176; x_wconf 91' lang='lat' dir='ltr'><strong>in</strong></span> <span class='ocrx_word' id='word_1_771' title='bbox 2445 5124 2566 5193; x_wconf 87' lang='lat' dir='ltr'><strong>ipsa</strong></span> <span class='ocrx_word' id='word_1_772' title='bbox 2588 5124 2991 5177; x_wconf 82' lang='lat' dir='ltr'><strong>immolationis</strong></span> <span class='ocrx_word' id='word_1_773' title='bbox 3013 5125 3150 5178; x_wconf 90' lang='lat' dir='ltr'><strong>hora</strong></span> <span class='ocrx_word' id='word_1_774' title='bbox 3166 5123 3234 5176; x_wconf 89' lang='lat' dir='ltr'><strong>ad</strong></span> <span class='ocrx_word' id='word_1_775' title='bbox 3265 5120 3517 5175; x_wconf 85' lang='lat' dir='ltr'><strong>sacerdo-</strong></span> 
     </span>
    </p>
   </div>
   <div class='ocr_carea' id='block_1_110' title="bbox 1924 5209 3512 5282">
    <p class='ocr_par' dir='ltr' id='par_1_110' title="bbox 1924 5209 3512 5282">
     <span class='ocr_line' id='line_1_110' title="bbox 1924 5209 3512 5282; baseline -0.002 -17"><span class='ocrx_word' id='word_1_776' title='bbox 1924 5213 1993 5265; x_wconf 85' lang='lat' dir='ltr'><strong>tis</strong></span> <span class='ocrx_word' id='word_1_777' title='bbox 2007 5228 2192 5264; x_wconf 85' lang='lat' dir='ltr'><strong>vocem</strong></span> <span class='ocrx_word' id='word_1_778' title='bbox 2225 5212 2392 5265; x_wconf 72' lang='lat' dir='ltr'><strong>caelos</strong></span> <span class='ocrx_word' id='word_1_779' title='bbox 2414 5213 2639 5282; x_wconf 82' lang='lat' dir='ltr'><strong>aperiri,</strong></span> <span class='ocrx_word' id='word_1_780' title='bbox 2658 5213 2711 5265; x_wconf 85' lang='lat' dir='ltr'><strong>in</strong></span> <span class='ocrx_word' id='word_1_781' title='bbox 2739 5213 2832 5265; x_wconf 91' lang='lat' dir='ltr'><strong>illo</strong></span> <span class='ocrx_word' id='word_1_782' title='bbox 2853 5213 2986 5265; x_wconf 66' lang='lat' dir='ltr'><strong>Ji-su</strong></span> <span class='ocrx_word' id='word_1_783' title='bbox 3016 5211 3222 5265; x_wconf 90' lang='lat' dir='ltr'><strong>Christi</strong></span> <span class='ocrx_word' id='word_1_784' title='bbox 3249 5209 3512 5280; x_wconf 79' lang='lat' dir='ltr'><strong>mysterio</strong></span> 
     </span>
    </p>
   </div>
   <div class='ocr_carea' id='block_1_111' title="bbox 1924 5298 3520 5371">
    <p class='ocr_par' dir='ltr' id='par_1_111' title="bbox 1924 5298 3520 5371">
     <span class='ocr_line' id='line_1_111' title="bbox 1924 5298 3520 5371; baseline -0.003 -16"><span class='ocrx_word' id='word_1_785' title='bbox 1924 5301 2450 5371; x_wconf 58' lang='lat' dir='ltr'><strong>angelorumehoris</strong></span> <span class='ocrx_word' id='word_1_786' title='bbox 2487 5302 2700 5354; x_wconf 85' lang='lat' dir='ltr'><strong>adesse.</strong></span> <span class='ocrx_word' id='word_1_787' title='bbox 2727 5300 2961 5359; x_wconf 79' lang='lat' dir='ltr'><strong>summis</strong></span> <span class='ocrx_word' id='word_1_788' title='bbox 2981 5301 3094 5352; x_wconf 89' lang='lat' dir='ltr'><strong>ima</strong></span> <span class='ocrx_word' id='word_1_789' title='bbox 3107 5298 3326 5361; x_wconf 85' lang='lat' dir='ltr'><strong>sociari,</strong></span> <span class='ocrx_word' id='word_1_790' title='bbox 3348 5305 3520 5351; x_wconf 88' lang='lat' dir='ltr'><strong>terre—</strong></span> 
     </span>
    </p>
   </div>
   <div class='ocr_carea' id='block_1_112' title="bbox 1922 5386 3523 5459">
    <p class='ocr_par' dir='ltr' id='par_1_112' title="bbox 1922 5386 3523 5459">
     <span class='ocr_line' id='line_1_112' title="bbox 1922 5386 3523 5459; baseline -0.002 -16"><span class='ocrx_word' id='word_1_791' title='bbox 1922 5407 1995 5443; x_wconf 89' lang='lat' dir='ltr'><strong>na</strong></span> <span class='ocrx_word' id='word_1_792' title='bbox 2023 5389 2338 5442; x_wconf 66' lang='lat' dir='ltr'><strong>caelestibus</strong></span> <span class='ocrx_word' id='word_1_793' title='bbox 2364 5390 2547 5459; x_wconf 87' lang='lat' dir='ltr'><strong>jungi.</strong></span> <span class='ocrx_word' id='word_1_794' title='bbox 2581 5405 2753 5443; x_wconf 90' lang='lat' dir='ltr'><strong>unum</strong></span> <span class='ocrx_word' id='word_1_795' title='bbox 2788 5388 2919 5457; x_wconf 86' lang='lat' dir='ltr'><strong>quid</strong></span> <span class='ocrx_word' id='word_1_796' title='bbox 2943 5404 3005 5440; x_wconf 85' lang='lat' dir='ltr'><strong>ex</strong></span> <span class='ocrx_word' id='word_1_797' title='bbox 3022 5386 3324 5440; x_wconf 79' lang='lat' dir='ltr'><strong>visibilibus</strong></span> <span class='ocrx_word' id='word_1_798' title='bbox 3351 5392 3523 5457; x_wconf 88' lang='lat' dir='ltr'><strong>atque</strong></span> 
     </span>
    </p>
   </div>
   <div class='ocr_carea' id='block_1_113' title="bbox 1922 5475 3526 5545">
    <p class='ocr_par' dir='ltr' id='par_1_113' title="bbox 1922 5475 3526 5545">
     <span class='ocr_line' id='line_1_113' title="bbox 1922 5475 3526 5545; baseline -0.002 -14"><span class='ocrx_word' id='word_1_799' title='bbox 1922 5478 2293 5532; x_wconf 89' lang='lat' dir='ltr'><strong>invisibilibus</strong></span> <span class='ocrx_word' id='word_1_800' title='bbox 2316 5478 2472 5533; x_wconf 80' lang='lat' dir='ltr'><strong>ﬁeri?</strong></span> <span class='ocrx_word' id='word_1_801' title='bbox 2496 5478 2601 5532; x_wconf 86' lang='lat' dir='ltr'><strong>Sed</strong></span> <span class='ocrx_word' id='word_1_802' title='bbox 2635 5492 2858 5530; x_wconf 86' lang='lat' dir='ltr'><strong>necesse</strong></span> <span class='ocrx_word' id='word_1_803' title='bbox 2890 5482 2976 5529; x_wconf 88' lang='lat' dir='ltr'><strong>est</strong></span> <span class='ocrx_word' id='word_1_804' title='bbox 2998 5482 3077 5535; x_wconf 75' lang='lat' dir='ltr'><strong>ut.</strong></span> <span class='ocrx_word' id='word_1_805' title='bbox 3099 5491 3226 5529; x_wconf 90' lang='lat' dir='ltr'><strong>cum</strong></span> <span class='ocrx_word' id='word_1_806' title='bbox 3256 5475 3374 5529; x_wconf 58' lang='lat' dir='ltr'><strong>haec</strong></span> <span class='ocrx_word' id='word_1_807' title='bbox 3403 5475 3526 5545; x_wconf 86' lang='lat' dir='ltr'><strong>agi-</strong></span> 
     </span>
    </p>
   </div>
   <div class='ocr_carea' id='block_1_114' title="bbox 1924 5554 3539 5637">
    <p class='ocr_par' dir='ltr' id='par_1_114' title="bbox 1924 5554 3539 5637">
     <span class='ocr_line' id='line_1_114' title="bbox 1924 5554 3539 5637; baseline -0.001 -15"><span class='ocrx_word' id='word_1_808' title='bbox 1924 5584 2070 5634; x_wconf 89' lang='lat' dir='ltr'><strong>mus,</strong></span> <span class='ocrx_word' id='word_1_809' title='bbox 2104 5567 2478 5637; x_wconf 87' lang='lat' dir='ltr'><strong>nosmetipsos</strong></span> <span class='ocrx_word' id='word_1_810' title='bbox 2508 5567 2622 5620; x_wconf 85' lang='lat' dir='ltr'><strong>Dee</strong></span> <span class='ocrx_word' id='word_1_811' title='bbox 2658 5565 2718 5617; x_wconf 89' lang='lat' dir='ltr'><strong>in</strong></span> <span class='ocrx_word' id='word_1_812' title='bbox 2749 5554 2933 5617; x_wconf 80' lang='lat' dir='ltr'><strong>cordis</strong></span> <span class='ocrx_word' id='word_1_813' title='bbox 2965 5563 3275 5618; x_wconf 89' lang='lat' dir='ltr'><strong>contrition</strong></span> <span class='ocrx_word' id='word_1_814' title='bbox 3294 5580 3325 5617; x_wconf 90' lang='lat' dir='ltr'><strong>e</strong></span> <span class='ocrx_word' id='word_1_815' title='bbox 3354 5569 3539 5620; x_wconf 83' lang='lat' dir='ltr'><strong>macte</strong></span> 
     </span>
    </p>
   </div>
   <div class='ocr_carea' id='block_1_115' title="bbox 176 5299 1839 5371">
    <p class='ocr_par' dir='ltr' id='par_1_115' title="bbox 176 5299 1839 5371">
     <span class='ocr_line' id='line_1_115' title="bbox 176 5299 1839 5371; baseline -0.002 -13"><span class='ocrx_word' id='word_1_816' title='bbox 176 5304 373 5358; x_wconf 84' lang='lat' dir='ltr'><strong>hisce</strong></span> <span class='ocrx_word' id='word_1_817' title='bbox 419 5299 605 5352; x_wconf 85' lang='lat' dir='ltr'><strong>oculis</strong></span> <span class='ocrx_word' id='word_1_818' title='bbox 648 5301 854 5358; x_wconf 87' lang='lat' dir='ltr'><strong>notavi,</strong></span> <span class='ocrx_word' id='word_1_819' title='bbox 890 5316 1014 5353; x_wconf 91' lang='lat' dir='ltr'><strong>cum</strong></span> <span class='ocrx_word' id='word_1_820' title='bbox 1048 5310 1313 5371; x_wconf 88' lang='lat' dir='ltr'><strong>peracuta</strong></span> <span class='ocrx_word' id='word_1_821' title='bbox 1344 5309 1400 5355; x_wconf 90' lang='lat' dir='ltr'><strong>et</strong></span> <span class='ocrx_word' id='word_1_822' title='bbox 1438 5302 1679 5356; x_wconf 83' lang='lat' dir='ltr'><strong>altisona</strong></span> <span class='ocrx_word' id='word_1_823' title='bbox 1709 5318 1839 5355; x_wconf 87' lang='lat' dir='ltr'><strong>voce</strong></span> 
     </span>
    </p>
   </div>
   <div class='ocr_carea' id='block_1_116' title="bbox 173 5388 1840 5462">
    <p class='ocr_par' dir='ltr' id='par_1_116' title="bbox 173 5388 1840 5462">
     <span class='ocr_line' id='line_1_116' title="bbox 173 5388 1840 5462; baseline -0.002 -16"><span class='ocrx_word' id='word_1_824' title='bbox 173 5393 241 5446; x_wconf 88' lang='lat' dir='ltr'><strong>in</strong></span> <span class='ocrx_word' id='word_1_825' title='bbox 272 5388 766 5462; x_wconf 79' lang='lat' dir='ltr'><strong>processionibus</strong></span> <span class='ocrx_word' id='word_1_826' title='bbox 794 5390 1071 5443; x_wconf 86' lang='lat' dir='ltr'><strong>cantando</strong></span> <span class='ocrx_word' id='word_1_827' title='bbox 1116 5391 1406 5460; x_wconf 80' lang='lat' dir='ltr'><strong>jubilaret,</strong></span> <span class='ocrx_word' id='word_1_828' title='bbox 1440 5391 1718 5460; x_wconf 78' lang='lat' dir='ltr'><strong>lacrymas</strong></span> <span class='ocrx_word' id='word_1_829' title='bbox 1743 5406 1840 5461; x_wconf 91' lang='lat' dir='ltr'><strong>per</strong></span> 
     </span>
    </p>
   </div>
   <div class='ocr_carea' id='block_1_117' title="bbox 173 5478 1840 5553">
    <p class='ocr_par' dir='ltr' id='par_1_117' title="bbox 173 5478 1840 5553">
     <span class='ocr_line' id='line_1_117' title="bbox 173 5478 1840 5553; baseline 0 -20"><span class='ocrx_word' id='word_1_830' title='bbox 173 5483 331 5553; x_wconf 82' lang='lat' dir='ltr'><strong>ejus</strong></span> <span class='ocrx_word' id='word_1_831' title='bbox 390 5492 503 5531; x_wconf 84' lang='lat' dir='ltr'><strong>ora</strong></span> <span class='ocrx_word' id='word_1_832' title='bbox 558 5478 925 5548; x_wconf 79' lang='lat' dir='ltr'><strong>fluere,quod</strong></span> <span class='ocrx_word' id='word_1_833' title='bbox 958 5479 1167 5549; x_wconf 85' lang='lat' dir='ltr'><strong>paucis,</strong></span> <span class='ocrx_word' id='word_1_834' title='bbox 1219 5484 1275 5533; x_wconf 93' lang='lat' dir='ltr'><strong>et</strong></span> <span class='ocrx_word' id='word_1_835' title='bbox 1316 5480 1419 5533; x_wconf 86' lang='lat' dir='ltr'><strong>nisi</strong></span> <span class='ocrx_word' id='word_1_836' title='bbox 1452 5480 1840 5551; x_wconf 86' lang='lat' dir='ltr'><strong>spiritualibus</strong></span> 
     </span>
    </p>
   </div>
   <div class='ocr_carea' id='block_1_118' title="bbox 172 5566 1841 5638">
    <p class='ocr_par' dir='ltr' id='par_1_118' title="bbox 172 5566 1841 5638">
     <span class='ocr_line' id='line_1_118' title="bbox 172 5566 1841 5638; baseline -0.002 -13"><span class='ocrx_word' id='word_1_837' title='bbox 172 5586 334 5625; x_wconf 72' lang='lat' dir='ltr'><strong>reor</strong></span> <span class='ocrx_word' id='word_1_838' title='bbox 374 5581 557 5638; x_wconf 84' lang='lat' dir='ltr'><strong>posse</strong></span> <span class='ocrx_word' id='word_1_839' title='bbox 585 5566 929 5635; x_wconf 79' lang='lat' dir='ltr'><strong>contingere.</strong></span> <span class='ocrx_word' id='word_1_840' title='bbox 963 5568 1308 5623; x_wconf 85' lang='lat' dir='ltr'><strong>Observabat</strong></span> <span class='ocrx_word' id='word_1_841' title='bbox 1345 5574 1534 5623; x_wconf 86' lang='lat' dir='ltr'><strong>autem</strong></span> <span class='ocrx_word' id='word_1_842' title='bbox 1574 5568 1841 5623; x_wconf 89' lang='lat' dir='ltr'><strong>lectiones</strong></span> 
     </span>
    </p>
   </div>
  </div>
