3972 6172
384 307 516 364 1471

1433 314 1796 370 WILLELMI
1837 315 2206 372 CLUSIENS.
2249 317 2576 374 MONACH.

3514 305 3658 363 H72

384 451 545 502 mus;
577 435 712 506 quia
739 437 834 507 qui
875 438 1150 508 passionis
1181 439 1482 495 Dominicai
1527 441 1797 512 mysteria
1827 441 2123 502 cele-Aac
2165 441 2480 497 circuiendo
2531 439 2788 512 providet
2830 437 3040 502 omnia,
3091 435 3320 507 cupiens
3361 433 3540 496 varia,
3588 439 3662 486 ut

383 523 632 588 bramus,
664 524 933 580 debemus
954 527 1162 582 imitari
1205 530 1350 600 quod
1381 531 1620 601 agimus.
1653 531 1809 585 Tunc
1841 547 1974 600 ergo

382 629 514 666 vero
544 631 644 684 pro
672 615 831 668 nobis
865 616 976 669 Deo
1010 617 1191 672 hostia
1223 620 1348 684 erit,
1400 637 1524 672 cum
1559 637 1659 673 nos
1690 621 1841 690 ipsos
1873 620 1973 672 ho-

383 701 548 755 stiam
580 703 895 774 fecerit..Et
923 706 1160 760 fidenter
1186 707 1328 770 dico,
1365 709 1492 779 quia
1523 710 1756 762 salutari
1789 710 1974 762 hostia

380 797 510 861 post
539 803 776 846 mortem
807 810 916 846 non
949 795 1342 865 indigebimus,
1371 797 1415 851 si
1465 805 1596 852 ante
1633 800 1746 852 Deo
1792 800 1977 855 hostia

385 878 493 950 ipsi
541 879 834 935 fuerimus.
895 885 1226 938 Benedictus
1274 903 1406 956 ergo
1449 887 1652 956 quibus
1701 890 1975 944 Dominici

385 970 634 1039 corporis
665 971 976 1040 portionem
1001 974 1276 1036 tradebat,
1310 977 1496 1030 vultus
1525 994 1717 1030 eorum
1741 985 1798 1032 et
1819 997 1976 1033 men-

384 1062 490 1122 tes,
539 1069 706 1126 prout
751 1067 871 1114 erat
915 1063 1194 1132 possibile,
1241 1065 1577 1135 inspiciebat
1609 1086 1618 1117 :
1650 1073 1707 1120 et
1739 1067 1784 1120 si
1838 1087 1977 1138 quos

385 1147 617 1200 minime
646 1159 1009 1220 compunctos
1039 1160 1137 1206 aut
1182 1153 1442 1224 indignos
1471 1156 1972 1224 animadvertebat,

386 1253 421 1290 a
449 1239 785 1292 sacramenti
817 1241 1106 1311 participio
1144 1244 1408 1296 continuo
1451 1248 1690 1298 arcebat.
1717 1247 1851 1310 Quis
1879 1249 1978 1302 de-

387 1327 556 1396 nique
587 1337 803 1398 potens,
835 1338 929 1384 aut
961 1333 1242 1386 szecularis
1271 1334 1531 1404 quaelibet
1561 1353 1816 1405 persona,
1838 1338 1978 1394 festo

387 1415 478 1469 die
507 1417 685 1470 virum
721 1419 833 1472 Deo
863 1420 1114 1474 deditum
1162 1429 1219 1476 et
1265 1423 1487 1477 lectioni
1529 1433 1834 1488 vacantem,
1871 1428 1979 1482 nisi

386 1505 600 1573 grande
642 1513 698 1560 et
727 1507 1044 1563 inevitabile
1088 1518 1317 1581 urgeret
1345 1513 1652 1582 negotium,
1685 1518 1979 1572 extrahere

388 1610 421 1648 a
451 1597 708 1652 claustris
737 1600 994 1669 poterat?
1020 1620 1048 1652 ν

466 1683 548 1741 16.
579 1687 642 1740 In
671 1687 818 1742 hunc
847 1688 1020 1758 igitur
1049 1691 1273 1746 modum
1309 1693 1587 1748 solemnes
1613 1695 1753 1756 dies,
1785 1713 1849 1750 ac
1878 1714 1976 1767 po-

388 1773 667 1828 tissimum
701 1777 876 1846 ipsius
909 1779 1126 1832 Domini
1179 1787 1237 1834 et
1282 1782 1630 1838 intemeratae
1679 1785 1979 1840 Genitricis

391 1863 512 1932 ejus
529 1864 670 1918 festa
689 1866 1188 1938 colebat,quamvis
1210 1872 1264 1922 iu
1284 1872 1541 1940 profestis
1563 1890 1625 1926 ac
1639 1874 1977 1944 quotidianis

387 1951 583 2007 diebus
613 1971 645 2006 a
667 1957 964 2009 missarum
991 1958 1362 2014 celebratione
1379 1977 1596 2016 cessare
1625 1963 1854 2016 minime
1875 1981 1978 2018 no-

384 2047 559 2095 verat.
585 2043 887 2098 Dominiraa
909 2063 1128 2117 quoque
1147 2049 1974 2120 Annuntiationis,Nativitatis,

388 2129 862 2201 Circumcisionis,
877 2135 1278 2206 Apparitionis,
1301 2139 1358 2192 in
1385 2141 1655 2210 templum
1675 2141 1982 2196 Praesenta-

389 2219 579 2285 tionis,
612 2223 941 2292 parentibus
979 2225 1233 2281 exhibita;
1280 2228 1661 2298 subjectionis,
1693 2230 1975 2302 baptismi,

383 2308 608 2378 jejunii,
645 2319 850 2366 sancta;
873 2315 1219 2374 tentationis,
1254 2323 1310 2370 et
1329 2319 1592 2387 angelicae
1619 2320 1981 2376 ministratio-

387 2397 493 2458 nis,
554 2416 654 2453 nec
701 2418 814 2455 non
871 2409 928 2456 et
981 2406 1390 2474 praedicationis
1441 2425 1506 2460 ac
1557 2408 1975 2476 miraculorum,

387 2487 920 2559 Transﬁgurationis
938 2492 1154 2559 itidem,
1174 2495 1455 2550 Passionis
1475 2503 1532 2550 et
1557 2498 1979 2560 mortis,Resur-

392 2577 673 2639 rectionis,
723 2581 1094 2639 Ascensionis.
1149 2584 1648 2656 Advocationisque
1677 2594 1731 2642 et
1779 2605 1980 2643 secun-

389 2664 523 2718 dum
547 2673 892 2738 assumptam
926 2671 1098 2724 totius
1125 2678 1326 2726 nostrae
1358 2675 1660 2729 salutifera:
1694 2676 1982 2746 dispensa-

387 2753 561 2808 tionis
585 2758 910 2811 memoriam
935 2760 1184 2829 quotidie
1204 2779 1344 2832 pura
1364 2763 1656 2817 devotione
1681 2765 1976 2832 recolebat,

389 2848 448 2896 et
474 2844 883 2916 quinquaginta
914 2849 1158 2918 psalmos
1190 2850 1338 2904 inter
1385 2852 1493 2906 ista
1539 2859 1668 2924 apte
1715 2855 1978 2924 patiendo

373 2933 514 2985 'cum
544 2933 868 3004 antiphonis
897 2937 1160 3006 congruis
1191 2944 1249 2992 et
1295 2939 1540 2994 collectis
1582 2941 1973 2996 intercinebat.

465 3021 546 3074 t7.
581 3024 818 3090 Hospites
837 3028 1035 3093 excipit
1056 3031 1115 3079 ut
1147 3028 1456 3084 Christum.
1487 3029 1567 3084 De
1595 3030 1978 3101 hospitalitate

389 3114 578 3162 autem
627 3110 777 3164 illius
827 3113 1069 3183 plurima
1099 3114 1284 3169 dicere
1314 3133 1785 3187 supervacaneum
1825 3119 1980 3173 duxi-

391 3213 535 3263 mus,
564 3201 722 3269 cujus
748 3217 808 3254 re
837 3207 1006 3272 atque
1036 3203 1378 3274 experientia
1402 3205 1480 3260 ita
1509 3207 1686 3260 factus
1703 3209 1981 3279 estincly-

390 3286 504 3352 tus,
553 3295 617 3342 ut
655 3289 998 3359 singularem
1050 3293 1294 3362 palmam
1347 3295 1500 3348 illius
1551 3297 1667 3350 suis
1704 3297 1981 3352 obtineret

387 3377 754 3447 temporibus,
788 3380 1057 3450 ﬁeretque
1087 3399 1187 3452 per
1225 3400 1348 3436 eam
1381 3385 1594 3438 cunctis
1624 3385 1682 3438 in
1731 3386 1981 3440 Romano

387 3465 503 3519 fere
532 3467 664 3521 orbe
694 3469 1028 3538 degentibus
1059 3471 1292 3524 celebris
1333 3489 1398 3526 ac
1435 3474 1774 3528 notissimus.
1809 3477 1972 3538 Nam,

390 3555 652 3625 quoniam
678 3557 914 3610 hilarem
936 3560 1185 3612 (latorem
1207 3562 1394 3627 diligit
1413 3563 1554 3615 Deus
1570 3564 1650 3632 (ΙΙ
1663 3565 1782 3617 Cor.
1807 3579 1881 3628 1x,
1903 3564 1974 3631 7),

390 3644 623 3697 multam
643 3645 814 3698 animi
835 3663 898 3698 ac
916 3649 1100 3700 vultus
1117 3648 1172 3701 in
1204 3649 1443 3704 adventu
1469 3652 1748 3720 hospitum
1773 3653 1978 3708 alacri-

389 3735 562 3785 tatem
593 3734 922 3802 praaferebat
945 3753 957 3802 ;
979 3742 1035 3788 et
1053 3742 1183 3789 tunc
1210 3738 1548 3807 permaxime
1571 3739 1835 3794 divinitus
1855 3759 1978 3796 sese

392 3817 603 3873 visitari
625 3827 680 3874 et
705 3823 1114 3892 quodammodo
1138 3824 1442 3879 beatificari
1471 3828 1742 3894 crederet,
1759 3831 1980 3900 quoties

387 3923 500 3961 non
530 3925 675 3963 unus
704 3915 924 3964 tantum
958 3911 1178 3982 hospes,
1198 3914 1295 3967 sed
1327 3915 1488 3968 multi
1519 3916 1685 3970 simul
1721 3935 1980 3988 superve-

387 3996 617 4051 nissent.
657 3999 814 4054 Hanc
860 4001 1049 4072 itaque
1099 4007 1216 4055 tam
1273 4003 1556 4058 liberalem
1609 4006 1978 4062 humanitatis

386 4087 627 4156 gratiam
675 4105 800 4142 cum
849 4091 1020 4144 nullis
1075 4093 1377 4160 cujuslibet
1404 4089 1976 4163 generis'hominibus

393 4175 698 4246 denegaret
735 4179 1057 4232 domesticis
1079 4181 1203 4234 ﬁdei
1236 4183 1545 4252 praesertim
1563 4201 1627 4237 ac
1642 4186 1974 4254 peregrinis,

385 4264 531 4319 sicut
561 4267 898 4337 praecipitur.
922 4269 1146 4338 speciali
1179 4278 1236 4322 et
1257 4272 1568 4325 humillimo
1589 4274 1810 4336 affectu,
1835 4275 1980 4328 sicut

2056 533 2279 586 dicitur.
2316 531 2541 586 fastidia
2589 530 2808 583 vincere
2837 543 3012 582 coena.
3047 525 3320 580 Procurat
3366 522 3538 578 etiam
3579 537 3658 576 ne

2055 628 2220 692 turpe
2275 621 2439 685 toral,
2494 637 2565 674 ne
2615 618 2838 672 sordida
2893 633 3098 686 mappa
3147 618 3408 682 corruget
3461 627 3654 665 nares.

2057 711 2358 781 Splendeat
2389 718 2453 762 ut
2482 711 2653 768 focus,
2689 707 3050 778 scyphorum,
3083 703 3263 756 lancis
3300 708 3356 756 et
3393 698 3658 754 canthari

2058 800 2269 853 munda
2315 799 2583 868 supellex.
2617 797 2910 850 Postremo
2940 793 3033 864 qui
3085 792 3302 862 pridem
3348 789 3452 843 sibi
3484 803 3658 858 asper

2059 897 2181 942 erat
2209 895 2267 941 et
2293 905 2514 958 parcus,
2543 885 2930 957 participando
2976 897 3182 935 mensae
3226 879 3509 950 hospitum
3552 877 3655 930 be-

2035 978 2228 1048 -nigne
2249 977 2494 1031 solvebat
2516 975 2750 1046 hospitis
2773 973 3044 1034 animum,
3059 978 3117 1024 et
3128 975 3400 1041 przesentc
3422 982 3660 1035 sponso,

2059 1068 2308 1138 ineptum
2327 1065 2558 1132 putabat
2571 1071 2628 1118 et
2639 1065 2691 1117 in
2693 1065 2714 1134 j
2723 1071 2910 1117 ustum
2925 1076 3148 1115 servare
3159 1059 3385 1113 solitum
3409 1056 3656 1156 rigorem

2055 1157 2396 1227 jejuniorum
2414 1173 2427 1222 ;
2449 1161 2576 1227 post
2591 1169 2785 1207 eorum
2808 1152 3115 1205 discessum
3141 1161 3578 1218 recompensans
3593 1152 3656 1198 in

2060 1246 2408 1301 districtione
2463 1243 2841 1305 continentiae,
2889 1239 3157 1311 quidquid
3233 1237 3420 1290 minus
3483 1234 3658 1288 solito

2059 1337 2308 1407 ipsorum
2347 1350 2515 1388 causa
2565 1333 2750 1388 fuerat
2797 1329 3110 1389 actitatum,
3151 1326 3456 1380 secundum
3501 1321 3657 1393 quod

2059 1418 2330 1496 scripturn
2379 1430 2514 1477 est:
2559 1423 2682 1476 Non
2732 1423 2958 1489 possunt
2996 1421 3260 1486 jejunare
3309 1416 3419 1482 ﬁlii
3466 1414 3658 1480 sponsi

2061 1516 2315 1585 quandiu
2347 1529 2472 1566 cum
2505 1514 2620 1566 illis
2648 1515 2724 1563 est
2753 1524 3016 1578 sponsus;
3059 1509 3276 1560 venient
3307 1508 3494 1556 autem
3514 1502 3650 1556 dies.

2062 1605 2282 1673 quando
2311 1603 2602 1668 auferetur
2629 1601 2698 1652 ab
2735 1601 2810 1652 eis
2837 1613 3064 1664 sponsus
3095 1601 3144 1648 et
3166 1598 3298 1646 tunc
3309 1590 3657 1660 jejunabunt

2067 1697 2254 1754 (Marc.
2281 1707 2344 1754 ιῐ,
2375 1690 2480 1754 l9).
2515 1693 2670 1745 Inter
2699 1689 2892 1760 epulas
2918 1687 3088 1757 ipsas,
3113 1689 3302 1737 amoto
3322 1680 3519 1752 procul
3539 1695 3660 1731 om-

2000 1757 2046 1816 Β
2064 1785 2119 1839 ni
2150 1783 2410 1854 strepitu,
2439 1787 2538 1836 aut
2569 1757 2872 1834 lectiovsola
2900 1791 3188 1838 resonare,
3217 1777 3334 1834 aut,
3370 1776 3437 1824 ut
3462 1769 3658 1821 lzetum

2059 1881 2252 1944 ageret
2297 1872 2605 1932 convivam,
2637 1867 2944 1936 iucundum
2975 1865 3044 1918 de
3073 1863 3238 1916 rebus
3267 1856 3660 1954 spiritualibus

2059 1963 2397 2034 colloquium
2431 1961 2570 2016 ﬁeri.
2598 1958 2745 2024 Quid
2777 1955 2979 2027 plura?
3003 1955 3180 2022 Large
3209 1950 3323 2044 illis
3342 1965 3446 2020 per
3465 1950 3664 2044 omnia.

2061 2053 2474 2125 suppeditando
2515 2047 2848 2118 indigentia,
2881 2045 3108 2134 credere
3141 2058 3200 2095 se
3230 2040 3460 2134 reticere
3489 2034 3660 2134 Chri-

2062 2150 2231 2200 stum.
2261 2140 2568 2195 secundum
2623 2136 2762 2190 illud
2812 2132 3200 2204 propheticum
3233 2147 3245 2181 :
3295 2129 3414 2182 Hac
3443 2129 3659 2193 requies

2061 2249 2200 2291 mea,
2227 2232 2430 2296 reﬁcite
2469 2231 2678 2280 lassum
2707 2227 2858 2279 (Isai.
2882 2236 3078 2283 xxvut,
3115 2217 3216 2284 1:2).

2129 2319 2200 2375 '18
2251 2317 2543 2372 Enimvero
2568 2314 2824 2368 videntur
2843 2311 3070 2382 quidam
3092 2308 3330 2378 implere
3357 2303 3655 2359 charitatis

2061 2409 2304 2465 ofﬁcium
2336 2405 2627 2460 serviendo
2675 2402 2988 2474 hospitibus
3017 2415 3118 2470 per
3153 2397 3383 2450 biduum
3416 2400 3518 2447 aut
3543 2392 3650 2446 tri-

2061 2500 2254 2553 duum.
2317 2494 2651 2549 Benedictus
2696 2508 2825 2546 cum
2882 2506 2978 2544 eos
3034 2503 3221 2541 secum
3262 2484 3500 2538 haberet
3555 2497 3660 2552 per

2061 2588 2278 2658 aliquot
2305 2600 2525 2638 menses
2553 2599 2652 2638 seu
2674 2588 2896 2644 tempus
2925 2595 3156 2641 annum,
3189 2575 3345 2648 quin,
3364 2580 3432 2628 ut
3458 2587 3656 2626 verum

2061 2677 2260 2734 fatear,
2284 2673 2575 2728 biennium
2606 2671 2688 2724 vel
2717 2668 3046 2731 triennium,
3078 2663 3391 2720 exhibendo
3413 2668 3530 2716 tam
3561 2661 3662 2731 ip-

2062 2765 2141 2820 sis
2171 2780 2338 2834 quam
2367 2761 2525 2833 equis
2554 2776 2747 2815 eorum
2782 2776 2844 2812 ac
2865 2756 3092 2810 famulis
3121 2755 3192 2808 ad
3224 2769 3388 2808 usum
3420 2765 3661 2822 quaeque

2061 2860 2224 2909 erant
2253 2850 2587 2913 necessaria,
2622 2865 2733 2903 non
2765 2846 3093 2901 mutabatur
3133 2861 3236 2898 nec
3285 2839 3660 2896 minuebatur

2061 2959 2195 3014 erga
2224 2959 2319 2996 eos
2349 2941 2502 3012 prior
2536 2936 2960 3002 benevolentia;
3013 2933 3110 2988 sed
3149 2933 3548 2986 inconcussum
3599 2932 3663 2981 et

2063 3031 2327 3087 eumdem
2354 3045 2558 3099 gerens
2607 3027 2880 3084 animum,
2928 3023 3151 3094 qualem
3193 3019 3489 3074 charitatis
3518 3017 3659 3071 aﬂ'e-

2063 3129 2213 3176 ctum
2239 3122 2648 3174 monstraverat
2665 3116 2719 3169 in
2745 3113 3070 3186 primordio,
3088 3111 3258 3165 talem
3284 3115 3342 3162 et
3359 3106 3660 3162 ferventio-

2063 3228 2180 3264 rem
2211 3208 2444 3280 gerebat
2475 3208 2530 3260 in
2573 3212 2843 3260 extremo.
2901 3203 2969 3258 Et
3012 3218 3084 3255 ne
3119 3205 3341 3253 tantum
3373 3197 3664 3250 videretur

2063 3300 2172 3353 illis
2203 3299 2466 3370 prodesse
2497 3297 2554 3350 in
2581 3293 2884 3355 alimentis,
2919 3290 3190 3362 quosdam
3221 3285 3472 3382 vestibus
3501 3283 3663 3382 valde

2063 3385 2243 3444 bonis.
2275 3383 2433 3455 quasi
2453 3383 2568 3437 suis
2593 3381 2786 3435 usibus
2807 3377 3156 3451 praeparatis,
3181 3373 3385 3428 vestire
3423 3371 3662 3442 quibus-

2059 3475 2188 3528 dam
2210 3490 2383 3544 equos
2403 3473 2633 3537 donare,
2649 3470 2884 3523 aliorum
2903 3466 3118 3521 loculos
3137 3461 3384 3518 nummis
3400 3461 3658 3558 implere;

2062 3563 2346 3618 nonnullis
2370 3577 2518 3626 vero,
2551 3560 2648 3630 qui
2679 3556 2937 3612 omnibus
2971 3555 3058 3608 his
3087 3551 3373 3607 carebant.
3411 3555 3512 3604 aut
3543 3551 3660 3602 suis

2061 3653 2229 3706 rebus
2261 3649 2477 3712 nudati,
2509 3646 2928 3718 depraedatique
2957 3644 3013 3696 in
3038 3640 3514 3696 itinere-fuerant,
3545 3638 3662 3691 haec

2061 3741 2249 3796 omnia
2269 3739 2434 3793 simul
2455 3735 2816 3808 largiebatur;
2844 3740 2900 3788 et
2927 3733 3004 3787 ita
3031 3731 3216 3785 denuo
3246 3731 3358 3784 laeti
3383 3744 3452 3782 ac
3475 3727 3660 3782 Deum

2059 3829 2450 3884 benedicentes
2480 3833 2650 3896 atque
2681 3826 2804 3895 ejus
2833 3822 3043 3876 famulo
3069 3825 3260 3890 grates
3289 3823 3526 3888 agentes
3557 3817 3660 3869 do-

2061 3935 2214 3972 mum
2246 3915 2726 3987 regrediebantur.
2774 3911 2996 3966 Debiles
3048 3925 3270 3981 quoque
3308 3915 3366 3961 et
3425 3905 3660 3960 diutinis

2061 4025 2160 4078 per
2185 4008 2328 4060 viam
2360 4003 2725 4076 languoribus
2753 4001 2938 4055 affecti
2969 3998 3345 4058 enitebantur,
3377 4004 3656 4067 quantum

2060 4101 2337 4166 poterant,
2361 4101 2426 4147 ut
2457 4093 2527 4145 ad
2565 4089 2965 4144 monasterium
2998 4085 3383 4158 pertingerent
3413 4093 3658 4153 quanto-

2057 4186 2195 4244 cius,
2213 4183 2355 4255 quod
2380 4182 2518 4235 certi
2537 4186 2834 4234 erantesse
2851 4177 3009 4249 quasi
3029 4177 3247 4247 asylum
3271 4191 3335 4228 ac
3356 4189 3658 4227 commune

2057 4273 2470 4344 receptaculum
2498 4269 2747 4324 omnium
2783 4267 3132 4320 miserorum.
3152 4265 3302 4328 Quos
3333 4263 3504 4316 Pater
3533 4279 3660 4316 san-

384 4354 491 4425 ipsi
525 4355 764 4412 Christo,
817 4374 941 4410 cum
998 4359 1152 4411 omni
1203 4361 1513 4414 reverentia
1573 4363 1922 4416 deserviebat
1959 4383 1970 4417 :
1999 4369 2182 4447 nctus
2213 4361 2506 4432 benignius
2541 4356 2902 4417 refocillabat,
2937 4353 3659 4447 corpusque-eorum,-plu-

386 4460 624 4513 quorum
675 4445 1000 4516 frequenter
1041 4448 1356 4513 multitudo,
1391 4451 1655 4520 quoniam
1709 4451 1862 4505 locus
1917 4452 1974 4506 in

386 4532 640 4586 Romano
669 4534 868 4588 itinere
897 4543 983 4589 est
1021 4537 1252 4606 positus,
1287 4539 1490 4608 oppido
1529 4539 1677 4593 fessa
1715 4547 1772 4592 et
1807 4541 1979 4594 lassa-

386 4618 576 4674 bunda
626 4623 692 4674 ad
743 4640 868 4676 eum
901 4626 1232 4681 conﬂuebat.
1273 4627 1368 4680 His
1408 4628 1671 4682 nimirum
1705 4635 1977 4699 quotquot

390 4717 552 4762 erant
591 4711 834 4782 episcopi
877 4730 974 4766 seu
1033 4715 1344 4769 cardinales
1391 4717 1664 4780 Romani,
1723 4719 1976 4773 canonici

388 4813 630 4868 quoque,
657 4800 956 4856 abbateset
981 4805 1256 4864 monachi,
1285 4815 1578 4875 postquam
1596 4807 1664 4860 de
1684 4824 1835 4861 more
1851 4825 1976 4861 cum

388 4887 656 4942 fratribus
678 4890 828 4942 omni
855 4892 1037 4944 officio
1068 4891 1357 4947 charitatis
1375 4896 1726 4958 occurrisset,
1762 4912 1978 4966 praepa-

383 4983 510 5030 rata
529 4977 848 5032 habitacula
865 4988 922 5033 et
936 4981 1216 5050 tapetibus
1237 4983 1580 5037 sufficienter
1599 4992 1774 5037 strata
1792 4985 1980 5055 singu-

387 5067 1000 5138 lisaptedistribuebat,
1027 5077 1082 5122 et
1109 5070 1394 5124 ministros
1416 5073 1585 5126 lectos
1607 5089 1670 5126 ac
1695 5081 1974 5138 strenuos,

387 5159 483 5228 qui
513 5159 581 5212 ad
615 5166 812 5212 nutum
841 5175 1065 5228 semper
1098 5161 1332 5214 astando
1355 5163 1646 5226 servirent,
1669 5163 1780 5218 illis
1808 5164 1978 5234 depu-

385 5247 542 5301 tabat
591 5249 714 5318 lpse
746 5265 874 5302 vero
907 5249 1054 5302 wlut
1087 5250 1398 5304 succinctus
1430 5252 1647 5321 hospes,
1675 5253 1781 5306 huc
1821 5253 1979 5306 illuc-

385 5353 494 5407 que
521 5337 866 5402 cursitando,
897 5345 1150 5408 tctupme
1188 5339 1406 5407 prandii
1437 5340 1684 5393 omnium
1721 5343 1976 5394 manibus

384 5443 586 5496 aquam
647 5427 940 5480 infundere
988 5427 1235 5480 festinat.
1305 5428 1514 5482 Dehinc
1579 5429 1972 5499 pulmentaeia,

383 5521 548 5584 prout
565 5517 835 5586 cujusque
854 5516 1198 5586 propositum
1226 5524 1328 5572 est.
1351 5519 1571 5588 cepiose
1593 5518 1977 5572 administrari

378 5603 555 5672 jubet.
587 5603 734 5674 Ipse,
762 5621 832 5658 ne
852 5605 940 5657 cui
962 5605 1176 5675 aliquid
1205 5607 1370 5673 desit,
1390 5607 1676 5662 ministros
1697 5607 1973 5674 hortatur,

2059 4451 2204 4504 rima
2231 4449 2546 4503 valetudine
2567 4453 2943 4507 attenuatum,
2963 4441 3382 4496 delicatioribus
3411 4440 3556 4493 cibis
3575 4446 3658 4493 at-

2060 4556 2168 4609 que
2199 4555 2302 4594 usu
2326 4538 2654 4592 balneorum
2685 4551 2862 4604 usque
2893 4531 3200 4588 recreabat.
3218 4530 3394 4583 donec
3410 4529 3483 4582 ad
3514 4531 3657 4599 pris-

2063 4629 2242 4682 tinum
2266 4624 2666 4680 incolumitatis
2687 4630 2897 4677 statum
2920 4638 3014 4674 eos
3039 4620 3358 4684 reduceret;
3382 4625 3439 4672 et
3458 4618 3538 4672 sic
3561 4636 3658 4672 eos

2061 4735 2160 4771 suo
2187 4717 2387 4770 viatico
2407 4720 2464 4768 et
2489 4712 2874 4768 benedictione
2896 4711 3154 4764 suifultos
3173 4707 3662 4778 dimitteret,prie-

2061 4807 2220 4877 cipue
2252 4807 2434 4868 illos,a
2461 4803 2667 4874 quibus
2698 4799 2988 4872 praesentis
3013 4797 3202 4852 saeculi
3222 4795 3658 4850 retributionem

2061 4895 2272 4949 nullam
2301 4897 2569 4964 Speraret.

2138 4983 2215 5038 19.
2255 4984 2504 5036 Praesens
2533 4979 2762 5032 aderam
2809 4993 2933 5030 cum
2965 4975 3140 5029 frater
3194 4974 3447 5045 quidam.
3497 4977 3663 5044 cujus

2059 5089 2263 5128 nomen
2297 5071 2538 5142 prudens
2557 5075 2850 5138 praetereo,
2873 5073 3002 5120 ante
3034 5066 3258 5118 Patrem
3291 5064 3659 5118 Benedictum

2059 5163 2226 5219 venit.
2259 5168 2317 5215 et
2348 5159 2590 5228 maligno
2621 5156 2826 5210 mentis
2855 5173 2968 5210 suae
2985 5153 3188 5225 spiritu
3220 5153 3455 5207 inﬂatus
3486 5171 3661 5222 super

2059 5252 2342 5322 hospitum
2375 5245 2706 5317 frequentia,
2740 5261 2806 5298 eo
2859 5244 3004 5314 quod
3053 5243 3376 5296 viderentur
3401 5242 3508 5295 sibi
3541 5260 3661 5296 mo-

2059 5338 2286 5394 nasterii
2313 5337 2455 5390 bona
2486 5353 2719 5406 quaeque
2745 5335 3059 5396 absumere,
3097 5333 3176 5386 ita
3204 5331 3478 5384 audacter
3503 5331 3657 5400 apud

2061 5445 2189 5482 eum
2221 5432 2558 5496 conquestus
2588 5432 2735 5478 estza
2770 5425 2913 5486 Quid
2945 5430 3030 5476 est
3051 5423 3152 5474 hoc
3175 5421 3318 5491 quod
3345 5437 3441 5472 vos
3455 5419 3656 5489 agitis?

2061 5535 2230 5586 quam
2264 5515 2333 5569 ob
2385 5531 2501 5568 rem
2548 5513 2799 5566 omnium
2858 5528 3044 5566 rerum
3079 5520 3399 5564 nostrarum
3432 5510 3657 5579 cupiam

2059 5607 2268 5676 ignotis
2289 5612 2346 5660 et
2373 5603 2602 5658 advenis
2627 5611 2744 5656 tam
2763 5602 3061 5656 afﬂuenter
3079 5617 3144 5654 ac
3173 5615 3272 5670 per
3295 5599 3480 5652 multa
3507 5604 3656 5652 tem-
