3972 6172
266 303 404 360 H73

1373 293 1542 348 VlTA
1581 288 1963 346 BENEDICTI
2003 290 2162 343 ABB.
2211 289 2412 344 CLUS.

3395 295 3532 352 1474

258 445 398 498 pora
425 427 782 497 dilapidando
815 421 1504 494 dispergitisUEquumne
1524 415 1678 467 vobis
1711 415 2211 475 vide-Aseveritas
2253 415 2423 468 animi
2472 415 2527 467 in
2572 416 2694 484 ejus
2751 421 2983 469 venusto
3032 422 3089 470 et
3139 418 3320 489 gratia
3367 424 3532 491 pleno

255 526 354 572 tur
379 525 434 571 et
465 518 742 583 integrum
770 523 830 568 ut
861 515 994 584 ipsis
1013 512 1221 580 optime
1239 527 1300 561 ac.
1324 507 1607 577 splendide
1632 505 1863 574 epulan-

259 608 431 663 tibus.
459 624 558 659 nos
581 622 877 675 perrerum
906 602 1238 655 utendarum
1272 598 1514 667 inopiam
1541 595 1861 647 deficientes

256 715 360 750 ceu
421 696 656 748 famelici
708 692 1067 746 esuriamus?
1124 690 1280 743 Sicut
1334 705 1363 739 a
1412 684 1665 738 veridicis
1712 691 1861 736 certe

253 785 594 855 accqiimus.
628 792 681 836 et
727 783 828 852 ipsi
879 781 1258 850 experimento
1318 775 1692 846 probavimus,
1749 790 1859 825 non

255 874 470 926 habent
490 873 724 925 aliorum
742 871 1206 923 monasteriorum
1223 866 1452 919 abbates
1477 862 1859 931 hujuscemodi

259 980 427 1027 usus;
455 963 548 1014 sed
581 961 627 1013 si
656 961 780 1030 quis
805 960 870 1011 ad
902 976 995 1011 eos
1029 957 1374 1026 vespertinus
1411 956 1608 1022 hospes
1628 952 1861 1004 advene-

257 1052 352 1111 rit,
384 1059 483 1104 aut
512 1050 745 1103 discedit
780 1049 837 1101 in
866 1047 1194 1104 crastinum,
1222 1051 1320 1096 aut
1362 1051 1423 1095 ut
1445 1043 1861 1106 mulium,f0rte

259 1149 518 1193 moratur
549 1157 646 1210 per
677 1139 927 1191 biduum.
960 1137 1070 1188 Vos
1100 1143 1285 1187 autem
1329 1134 1403 1186 nil
1439 1132 1714 1185 credendo
1768 1131 1863 1182 lio-

257 1230 501 1299 spitihus
537 1237 743 1290 actum,
769 1243 894 1279 cum
927 1226 1056 1295 quid
1086 1224 1330 1294 supersit
1360 1223 1661 1291 agendum,
1697 1220 1860 1289 quid-

254 1319 392 1387 quid
425 1319 793 1386 undecunque
823 1315 1117 1367 corradere
1151 1313 1401 1382 potestis.
1434 1311 1640 1363 eisdem
1695 1309 1860 1361 nimis

255 1425 436 1476 prono
455 1408 638 1459 favore
676 1403 1106 1474 semperlargiri
1138 1419 1246 1455 non
1269 1401 1516 1454 cessatis.
1551 1419 1575 1450 i>
1608 1401 1859 1467 Cumque

256 1498 395 1548 talia
427 1495 591 1548 verba
638 1495 888 1548 nesciens
927 1510 990 1545 ac
1024 1491 1394 1562 pusillanimis
1417 1488 1858 1541 murmuratione

257 1585 522 1654 turgidus
561 1585 880 1637 diffidenter
905 1589 1205 1642 evomeret,
1253 1581 1333 1631 vir
1381 1580 1574 1638 bonus,
1629 1584 1691 1630 ut
1741 1582 1860 1628 erat

256 1676 415 1728 mitis
447 1683 613 1744 atque
633 1673 901 1743 placidus,
927 1671 995 1723 ad
1028 1670 1246 1738 singula
1270 1670 1387 1736 ejus
1421 1667 1860 1720 n'iordaciadicta

255 1764 400 1816 nihil
441 1764 590 1815 aliud
611 1779 776 1832 quam
803 1762 952 1813 illam
976 1759 1210 1830 apostoli
1233 1758 1620 1811 auctoritatem
1646 1755 1862 1808 studuit

255 1869 577 1921 opponere:
627 1853 926 1917 Hospita/cs
970 1853 1199 1901 inriccm
1252 1851 1368 1899 sine
1415 1847 1859 1897 murmuratione

258 1946 305 2004 (Ι
347 1946 484 1994 I’ctr.
525 1958 591 1994 iv.
619 1942 690 2000 fl).
715 1940 873 1993 Unde
904 1939 1138 2006 contigit
1167 1943 1229 1990 ut
1263 1943 1377 1989 tam
1410 1935 1587 1988 sancti
1621 1933 1858 2003 apostoli

255 2030 615 2088 auctoritate.
651 2046 819 2098 quam
851 2027 1134 2097 patientia:
1168 2027 1342 2096 ipsius
1400 2025 1631 2076 lenitate
1689 2023 1863 2074 frater

255 2120 530 2182 devictus,
563 2134 848 2187 nunquam
898 2117 1159 2186 deinceps
1205 2115 1515 2186 proriperet
1570 2113 1626 2165 in
1675 2118 1860 2165 tantos

255 2210 583 2262 diffidentia:
617 2209 696 2260 vel
729 2207 1094 2277 impatientia)
1126 2222 1313 2257 ausus.

333 2301 420 2353 ‘20.
460 2297 800 2367 Praescriptis
849 2296 1036 2365 itaque
1083 2294 1305 2364 pietatis
1355 2298 1409 2346 et
1463 2290 1858 2344 misericordiae

258 2388 546 2458 Operibus.
575 2402 812 2456 quorum
871 2385 1040 2437 odore
1096 2383 1301 2452 ubique
1370 2381 1661 2450 flagrabat,
1716 2379 1861 2432 sicut

258 2495 398 2547 ager
425 2478 620 2547 plenus
646 2475 731 2528 cui
764 2473 1045 2527 benedixit
1087 2471 1630 2531 D0minus,dilectus
1681 2470 1859 2521 factus

259 2576 349 2620 est
378 2567 494 2619 Deo
526 2573 581 2618 et
629 2563 982 2620 hominibus:
1041 2563 1178 2614 adeo
1229 2569 1291 2614 ut
1340 2561 1517 2613 beata:
1575 2558 1859 2611 memoria-3

262 2672 408 2726 papa
440 2654 765 2722 Gregorius,
816 2658 1135 2705 sanctorum
1167 2667 1443 2704 canonum
1473 2649 1776 2701 suscitator
1804 2655 1857 2699 et

260 2753 451 2797 custos
477 2737 891 2811 integerrii'nus,
925 2741 1020 2811 qui
1051 2758 1149 2810 pro
1177 2740 1315 2808 legis
1346 2739 1444 2791 Dei
1504 2738 1741 2790 veritate
1791 2736 1860 2788 ab

260 2833 506 2886 Henrico
562 2832 771 2902 perfido
825 2848 955 2900 rege
1012 2835 1068 2882 et
1117 2827 1454 2883 Simoniaco.
1490 2834 1546 2879 et
1589 2825 1862 2879 Guiberto

260 2922 638 2975 l‘iteresiarcha
677 2920 992 2991 apostolicae
1029 2918 1176 2971 sedis
1217 2918 1470 2970 invasore
1535 2915 1860 2968 innui'ueros

259 3028 561 3081 perpessus
591 3017 675 3063 est
704 3009 1152 3080 persecutionum
1186 3007 1448 3076 impetus,
1480 3006 1594 3059 suis
1623 3022 1746 3057 eum
1781 3005 1861 3056 sic

260 3102 557 3154 attolleret
585 3117 648 3152 ac
673 3100 885 3152 foveret
913 3099 1226 3150 litterarum
1265 3093 1862 3149 consolationibus.“-

259 3207 423 3244 scera
456 3195 775 3242 sanctorum
833 3187 1228 3256 requieverunt
1257 3202 1356 3255 per
1402 3189 1476 3244 te,
1513 3185 1703 3236 frater.
1737 3183 1864 3235 I-lzec

259 3281 332 3332 de
362 3281 487 3348 ejus
515 3278 893 3347 hospitalitate
925 3277 1068 3329 dicta
1101 3275 1398 3328 sufficiant.
1434 3275 1594 3326 Nunc
1624 3273 1692 3325 de
1724 3289 1864 3342 pau-

259 3386 462 3440 perum
487 3384 618 3421 cura
641 3375 697 3419 et
722 3365 1086 3435 eleemosynis
1117 3365 1234 3433 ejus
1263 3362 1449 3432 paucis
1483 3378 1733 3431 agamus,
1773 3377 1865 3413 cu-

254 3460 352 3527 jus
385 3463 500 3509 tam
535 3457 830 3509 vehemens
861 3455 940 3506 illi
972 3458 1092 3506 erat
1121 3453 1390 3507 studium.
1425 3458 1488 3504 ut
1531 3467 1657 3502 cum
1710 3452 1863 3502 nefas

261 3553 512 3618 putaret,
548 3546 592 3598 si
623 3563 790 3615 penes
814 3561 871 3597 se
902 3543 1132 3596 alterius
1165 3542 1412 3613 pecuniae
1450 3541 1658 3609 aliquid
1695 3540 1746 3592 in
1783 3540 1863 3591 lo-

262 3638 405 3690 culis
435 3635 670 3688 haberet
700 3633 1067 3687 reconditum.
1103 3633 1318 3685 ferebat
1349 3638 1539 3682 tamen
1578 3647 1748 3699 super
1803 3645 1862 3681 se

263 3744 493 3796 semper
519 3726 886 3794 eleemosynze
916 3739 1165 3780 censum,
1202 3739 1269 3774 ne
1301 3721 1523 3790 quando
1557 3736 1760 3774 vacuus
1795 3717 1864 3770 ab

264 3833 331 3868 eo
362 3814 551 3867 redire
582 3822 766 3883 posset
796 3813 998 3882 aliquis
1048 3828 1378 3881 pauperum.
1427 3811 1491 3862 Et
1537 3808 1788 3878 quamvis
1835 3824 1869 3859 a

262 3920 367 3957 suo
394 3903 756 3966 monasterio,
792 3909 855 3954 ut
884 3902 1028 3953 alter
1066 3899 1357 3961 Martinus,
1390 3898 1551 3953 facile
1581 3897 1700 3950 erui
1757 3913 1867 3948 non

267 4001 490 4065 posset;
526 3992 569 4044 si
587 4000 776 4044 tamen
808 3989 1171 4043 existentibus
1201 3987 1382 4041 causis
1409 3988 1477 4040 de
1525 3993 1712 4039 monte
1771 3986 1868 4038 de-

264 4082 579 4142 scenderet,
605 4081 978 4149 eleemosyna,
1015 4079 1155 4131 sicut
1182 4077 1450 4146 scriptum
1483 4083 1585 4140 est,
1624 4091 1866 4145 quocun-

265 4189 374 4242 que
404 4170 522 4222 ibat
547 4170 602 4222 in
628 4185 796 4221 manu
819 4168 968 4221 illius
989 4167 1261 4230 sudabat;
1298 4172 1573 4235 quatenus
1590 4166 1710 4234 ejus
1732 4164 1867 4217 assi-

264 4263 375 4314 dua
415 4259 711 4327 largitione
735 4256 1090 4327 quotidianos
1125 4255 1421 4308 mundaret
1448 4272 1736 4319 excessus;
1773 4253 1865 4322 qui

261 4352 592 4420 frequenter
612 4348 793 4400 solent
821 4346 1064 4415 irrepere
1086 4345 1234 4398 curis
1264 4344 1550 4396 familiaris
1575 4343 1651 4396 rei
1683 4360 1746 4396 ac
1776 4360 1869 4395 ne-

260 4439 438 4509 gotiis
481 4435 855 4489 saecularibus.
895 4436 1018 4488 Jam
1071 4450 1196 4485 vero
1255 4440 1409 4486 extra
1467 4431 1865 4485 monasterium

265 4529 506 4599 positus,
543 4525 777 4578 tutelam
812 4530 868 4577 et
908 4540 1100 4576 curam
1148 4522 1462 4585 viduarum,
1498 4522 1868 4591 pupillorum-

265 4634 377 4687 que
403 4624 461 4668 et
482 4615 880 4683 orphanorum.
916 4613 1012 4682 qui
1043 4628 1156 4664 sua:
1187 4611 1434 4670 ecclesia:
1487 4611 1630 4679 juris
1687 4615 1867 4675 erant,

264 4707 338 4760 ad
360 4723 422 4758 se
453 4704 804 4774 potissimum
841 4702 1121 4771 pertinere
1151 4700 1371 4765 aiebat;
1407 4706 1461 4753 et
1517 4717 1586 4753 ne
1629 4701 1866 4768 alicujus

263 4794 535 4848 violentia
589 4792 1066 4863 Opprimerentur,
1128 4790 1289 4843 anxie
1339 4789 1677 4859 providebat.
1711 4789 1868 4842 Vidi-

265 4901 398 4938 mus
455 4899 600 4952 saepe
648 4897 774 4934 cum
825 4881 970 4933 inter
1014 4879 1231 4948 judices
1295 4879 1723 4948 compelleretur
1787 4896 1870 4932 se-

265 4974 423 5034 dere,
492 4971 707 5041 ipsique
765 4969 1027 5022 causidici
1071 4969 1290 5038 linguas
1349 4975 1614 5020 acuerent
1654 4967 1863 5030 litibus,

265 5061 503 5115 tacitum
566 5061 733 5111 finem
796 5057 872 5110 rei
925 5063 1365 5127 exspectantem,
1400 5062 1456 5108 et
1503 5055 1725 5113 librum.
1760 5073 1868 5125 quo

265 5165 462 5203 carere
490 5165 599 5201 non
631 5152 868 5217 poterat,
897 5164 1006 5216 prie
1027 5146 1281 5201 inanibus
1309 5145 1625 5214 habentem,
1645 5147 1868 5198 lectioni

266 5239 452 5307 magis
483 5252 709 5306 Operam
733 5235 886 5297 dare,
913 5234 1086 5286 donec
1107 5234 1161 5286 in
1180 5233 1363 5302 placiti
1384 5233 1531 5285 exitu
1557 5234 1868 5286 necessario

266 5326 483 5396 aliquid
526 5326 852 5377 decerneret
891 5329 990 5375 aut
1018 5322 1437 5374 determinaret.
1475 5322 1610 5385 Quis
1659 5331 1867 5375 morta-

267 5418 408 5470 lium
435 5415 489 5467 in
523 5415 646 5483 ejus
678 5412 971 5482 praesentia
1016 5411 1236 5480 nugari.
1285 5420 1383 5464 aut
1437 5412 1623 5482 inepte
1680 5413 1872 5465 ludere

270 5507 578 5560 discinctus
608 5511 671 5555 ut
703 5518 874 5572 nepos
905 5507 1288 5570 prmsumeret,
1316 5517 1541 5553 excusso
1565 5502 1678 5553 risu
1700 5501 1848 5554 disso

273 5597 430 5650 lutus
475 5597 576 5647 aut
612 5591 766 5662 turpi
819 5589 1196 5644 scurrilitate?
1247 5589 1401 5643 Adeo
1443 5589 1756 5672 Iintegritas
1817 5594 1874 5643 et

1948 505 2119 566 vultu,
2154 505 2325 572 signis
2349 505 2671 557 docentibus
2723 508 3064 575 erumpendo
3123 510 3444 578 apparebat,
3480 520 3535 566 et

1945 595 2573 663 formosaeegregizeque
2622 612 2868 663 personae
2927 599 3174 665 speciosa
3235 606 3534 667 proceritas

1945 687 2239 756 imperiose
2271 705 2492 755 semper
2522 694 2576 739 et
2608 688 2812 756 ubique.
2838 689 3134 746 eminebat.
3173 700 3232 745 ut
3260 695 3536 764 aspicien-

1943 776 2084 827 tium
2117 777 2304 828 oculos
2335 777 2400 827 ad
2431 777 2735 828 honestatis
2768 780 3128 831 reverentiam
3146 789 3196 833 et
3216 783 3534 838 Deicultum

1944 881 2053 917 non
2082 866 2259 917 solum
2295 865 2572 924 invitaret,
2606 866 2698 918 sed
2733 865 2899 917 etiam
2930 869 3194 922 traheret.

2015 953 2098 1008 ζ21.
2133 958 2498 1008 Priorulusut
2557 958 2761 1006 rr'xi’lczl.
2811 955 3031 1008 Fratres
3087 967 3271 1013 autem
3333 965 3426 1034 qui
3478 965 3535 1018 in

1943 1045 2096 1097 cellis
2132 1045 2452 1097 i'nonasterii
2486 1044 2705 1113 longius
2747 1044 3042 1112 degebant,
3078 1056 3131 1100 et
3174 1069 3410 1119 quorum
3457 1055 3536 1107 illi

1945 1151 2078 1185 cura
2095 1142 2216 1186 erat
2239 1135 2498 1195 maxima,
2525 1137 2868 1198 visitaturus,
2891 1139 3157 1207 inprimis
3179 1159 3534 1213 summopere

1946 1223 2269 1292 providebat
2299 1231 2509 1277 tantam
2545 1227 2812 1282 libroruin
2843 1233 3055 1300 cepiam
3087 1250 3270 1284 secum
3296 1234 3534 1295 deferre,

1943 1329 2064 1380 qua-3
2097 1313 2361 1382 usquead
2403 1315 2641 1368 reditum
2676 1320 2929 1373 sufficere
2972 1331 3156 1390 posset
3196 1321 3297 1374 sibi
3329 1325 3541 1377 comiti-

1944 1402 2157 1470 bUsque
2178 1403 2244 1454 ad
2272 1410 2488 1472 pastum
2521 1406 2739 1460 anima).
2773 1410 2995 1462 Positus
3025 1428 3152 1463 vero
3203 1412 3257 1464 in
3315 1413 3534 1479 itinere,

1945 1509 2044 1560 per
2071 1492 2284 1561 aliquot
2334 1494 2515 1547 horas.
2552 1496 2875 1566 priusquam
2934 1500 3002 1552 ab
3059 1501 3300 1569 hospitio
3341 1503 3533 1564 exiret,

1944 1598 2066 1633 cum
2091 1581 2207 1633 suis
2236 1583 2455 1635 lectioni
2479 1588 2776 1638 vacareAd
2799 1589 3000 1657 quodsi
3026 1589 3164 1642 forte
3187 1592 3537 1645 saecularium

1883 1671 2218 1754 Btumultus
2267 1673 2532 1730 officeret,
2584 1674 2638 1727 in
2687 1677 2949 1744 pomeriis
2981 1678 3178 1731 domus
3219 1697 3317 1732 seu
3367 1681 3540 1734 vineis

1945 1760 2121 1811 locum
2137 1760 2377 1813 amicum
2395 1779 2462 1830 qu
2475 1763 2564 1814 icti
2581 1765 2746 1833 selige
2759 1769 3290 1835 re,praestolantibus
3305 1773 3537 1839 cz-eteris,

1943 1849 2155 1900 consilii
2181 1850 2380 1916 agendi
2416 1852 2493 1903 vel
2521 1853 2811 1919 cujuslibet
2858 1857 2934 1907 rei
2972 1857 3277 1909 occasione.
3327 1860 3399 1910 At
3448 1858 3538 1911 ubi

1944 1953 2069 1989 cum
2103 1945 2326 1990 ventum
2354 1947 2475 1991 erat
2498 1941 2564 1992 ad
2605 1941 2722 1994 loca
2773 1961 3008 2012 quorum
3069 1947 3247 2015 gratia
3306 1948 3534 2013 exierat,

1942 2025 2174 2077 fratrum
2209 2027 2375 2078 vitam
2431 2035 2486 2080 et
2533 2029 2796 2093 actiones,
2831 2034 3134 2086 secundum
3185 2036 3532 2105 prephetam,

1941 2113 2200 2167 fodiendo
2234 2116 2499 2184 parietem
2528 2117 2811 2187 inquirere
2834 2129 2888 2173 et
2918 2122 3278 2176 subtilissime
3331 2126 3539 2178 exami-

1941 2219 2077 2256 nare
2107 2205 2415 2273 satagebat,
2464 2213 2519 2259 et
2557 2208 2984 2262 instructionem
3024 2214 3538 2284 correctionemun

1943 2294 2315 2346 necessariam
2365 2294 2812 2358 subministrare,
2853 2301 3110 2353 Claustra
3159 2319 3257 2355 seu
3312 2311 3539 2357 cmteras

1943 2383 2227 2451 regulares
2257 2384 2506 2437 officinas
2538 2385 2717 2440 facere
2743 2406 2836 2440 eos
2881 2391 3266 2459 compellebat,
3313 2393 3539 2462 quibus-

1941 2471 2068 2523 dam
2103 2473 2524 2541 pauperioribus
2550 2476 2617 2527 ad
2652 2477 2750 2529 hoc
2781 2489 3186 2549 opussumptus
3217 2482 3533 2550 praebendo,

1941 2560 2184 2629 scipsum
2219 2578 2526 2630 pauperare
2555 2565 2745 2624 voluit,
2795 2574 2895 2620 aut
2950 2585 3049 2636 per
3101 2587 3158 2621 se
3213 2571 3537 2624 zedificando

1944 2660 2193 2706 moratus
2215 2656 2504 2724 est,quoad
2529 2657 2661 2709 illud
2685 2675 2850 2726 opere
2872 2661 3540 2730 complevit.Ilortabatur

1945 2759 2281 2812 magnopere
2312 2761 2380 2795 ne
2415 2744 2524 2796 bini
2560 2753 2777 2799 tantum
2811 2755 2909 2800 aut
2936 2750 3097 2810 terni,
3132 2757 3230 2802 aut
3258 2759 3405 2804 certe
3428 2753 3540 2804 sin-

1942 2831 2059 2899 guli
2084 2839 2371 2884 manentes
2394 2850 2544 2886 more
2565 2835 2980 2889 Sarabaitarum
3006 2839 3208 2891 vellent
3226 2839 3424 2906 vivere;
3442 2841 3538 2893 sed

1943 2936 2164 2989 semper
2183 2921 2274 2989 huj
2289 2922 2582 2976 usmodi.si
2597 2924 2716 2975 fieri
2735 2931 2936 2993 posset,
2963 2942 3258 2978 numerum
3275 2930 3540 2982 exceden-

1942 3014 2043 3072 tes,
2071 3018 2125 3061 et
2141 3011 2210 3062 ad
2237 3013 2636 3064 monasterium
2661 3031 2756 3066 seu
2781 3014 2850 3065 ad
2865 3014 3033 3068 cellas
3050 3015 3102 3067 in
3125 3015 3324 3084 quibus
3341 3017 3538 3086 majori

1946 3099 2082 3152 ordo
2111 3099 2437 3153 servabatur
2467 3101 2772 3170 diligentia,
2808 3103 3002 3156 crebro
3035 3112 3383 3158 recurrentes
3415 3106 3540 3159 ani-

1947 3204 2165 3240 marum
2199 3205 2425 3241 suarum
2452 3190 2617 3242 saluti
2638 3191 2869 3244 sollicite
2890 3193 3244 3247 consulerent
3289 3195 3543 3249 Obtesta—

1949 3275 2113 3329 batur
2142 3294 2240 3347 per
2270 3279 2573 3341 Christum,
2602 3297 2670 3333 ne
2705 3281 3018 3334 Simoniaca
3045 3283 3399 3353 aliquatenus
3429 3286 3541 3338 lite-

1949 3366 2057 3418 resi
2144 3368 2547 3436 polluerentur,
2618 3387 2948 3441 summaque
3002 3373 3371 3427 detestatione
3447 3392 3541 3428 eos

1946 3453 2302 3518 abhorrebat,
2340 3455 2430 3524 qui
2464 3473 2562 3525 pro
2592 3457 2840 3519 decimis,
2867 3459 2949 3511 vel
2977 3461 3222 3514 ecclesiis
3237 3461 3543 3531 adipiscen-

1946 3539 2051 3600 dis,
2077 3542 2222 3594 sicut
2245 3543 2413 3595 moris
2445 3561 2563 3596 esse
2588 3545 2801 3598 solebat
2831 3547 3164 3615 quibusdam
3228 3551 3536 3616 monachis,

1946 3630 2032 3681 vel
2055 3631 2219 3684 unius
2250 3631 2392 3683 oboli
2417 3632 2655 3701 pretium
2685 3633 3005 3703 largiretur.

2020 3718 2108 3777 “2'3.
2141 3724 2340 3774 .-lbscns
2362 3739 2394 3773 (ι
2425 3725 2539 3773 suis
2571 3725 2934 3775 (lautiora/ur.
2971 3726 3110 3778 Cum
3142 3732 3329 3779 autem
3362 3727 3542 3782 causis

1951 3811 2251 3880 aliquando
2283 3811 2719 3878 emergentibus,
2780 3813 2928 3865 ultra
2990 3814 3324 3883 promissum
3372 3823 3547 3871 statu-

1949 3907 2181 3968 tumque
2207 3901 2475 3970 temporis
2503 3901 2804 3954 terminum
2829 3909 3162 3962 moraretur,
3189 3905 3268 3957 sic
3297 3923 3421 3958 eum
3441 3906 3549 3960 fra-

1951 3994 2100 4042 trum
2136 3988 2391 4041 fidelibus
2438 3989 2581 4041 citus
2627 3990 2918 4042 desideriis
2967 4009 3031 4044 ac
3075 3993 3214 4045 votis
3254 3994 3548 4048 revocabat

1951 4083 2256 4130 conventus
2282 4095 2292 4128 :
2334 4097 2356 4127 α
2383 4077 2426 4130 Ο
2458 4077 2546 4147 pie
2577 4085 2769 4146 pastor
2789 4085 2844 4130 et
2875 4080 3102 4132 Patrum
3135 4082 3394 4144 maxime,
3421 4083 3539 4151 jam

1948 4166 2185 4219 nimium
2217 4165 2366 4229 abes,
2405 4173 2686 4218 maturum
2719 4167 2960 4219 reditum
2994 4169 3286 4237 pollicitus,
3317 4171 3434 4239 jam
3467 4171 3545 4224 ni-

1952 4256 2056 4308 mis
2073 4257 2290 4324 ingrata
2308 4261 2413 4308 tute
2435 4256 2748 4308 sanctitatis
2768 4256 3018 4310 absentia
3039 4265 3228 4311 nostra
3251 4260 3412 4328 plena
3434 4265 3542 4314 tute

1950 4345 2262 4398 dilectionis
2284 4344 2545 4397 sollicitat
2577 4349 2816 4414 pectora.
2848 4366 2870 4396 ›)
2910 4347 3059 4408 Quos
3121 4347 3235 4417 ipse
3291 4349 3543 4417 Apostoli

1951 4435 2096 4487 dicto
2129 4435 2412 4500 εΡΙιι’[ι’ρ.ιι)
2443 4451 2520 4486 SlC
2553 4439 2781 4486 noverat
2805 4434 3111 4488 refovereza
3135 4437 3191 4489 Si
3222 4453 3333 4506 qua
3353 4454 3545 4490 conso-

1954 4523 2088 4575 latio
2113 4522 2165 4574 in
2190 4523 2482 4576 Christo.si
2500 4523 2645 4592 quod
2665 4523 2926 4575 solatium
2943 4525 3304 4578 charitatis.si
3328 4543 3436 4596 qua
3459 4544 3544 4580 so-

1953 4613 2125 4664 cietas
2157 4611 2403 4681 spiritus,
2438 4612 2483 4664 si
2513 4628 2622 4681 qua
2652 4611 2859 4664 viscera
2890 4613 3280 4672 ii‘iiseratiouis,
3317 4615 3545 4686 implete

1948 4700 2210 4769 gaudium
2227 4706 2500 4763 i‘neum,ut
2515 4699 2656 4751 idem
2680 4700 3190 4769 sapiatis.eamdem
3211 4703 3546 4758 charitatem

1954 4787 2811 4858 habentes,unanimes,idipsum
2831 4790 3154 4843 sentientes.
3182 4793 3395 4862 Itaque.
3414 4794 3546 4847 cha-

1949 4877 2156 4930 rissimi
2191 4879 2317 4932 mei,
2354 4876 2498 4929 sicut
2529 4894 2749 4946 semper
2781 4878 3036 4932 obeditis.
3068 4897 3175 4933 non
3209 4889 3271 4934 ut
3298 4882 3355 4934 in
3407 4899 3547 4952 prae-

1950 4967 2131 5020 sentia
2155 4966 2619 5022 meitantuni.serl
2645 4968 2820 5020 multo
2847 4969 3024 5038 magis
3048 4986 3193 5023 nunc
3216 4971 3270 5023 in
3293 4971 3547 5024 absentia

1952 5074 2095 5117 mea,
2117 5073 2181 5107 cu
2193 5072 2241 5107 rn
2269 5062 2416 5107 metu
2439 5062 2494 5108 et
2511 5062 2752 5108 tremore
2775 5065 3012 5110 vestram
3039 5059 3282 5129 ipsorum
3307 5061 3543 5112 salutem

1951 5144 2277 5215 Operamini.
2310 5164 2330 5193 ii
2358 5145 2479 5198 Jam
2506 5162 2634 5198 vero
2659 5145 2710 5198 in
2734 5147 2936 5212 reditu,
2961 5165 3086 5200 cum
3111 5148 3379 5199 adventus
3403 5147 3550 5200 illius

1951 5235 2098 5286 fama
2128 5233 2360 5286 fratrum
2393 5250 2557 5287 aures
2589 5236 2930 5304 percelleret,
2961 5243 3169 5303 quanto
3197 5235 3403 5302 gaudio
3433 5252 3548 5289 om-

1952 5322 2106 5374 nium
2135 5321 2300 5374 corda
2319 5321 3104 5387 hilarescr—zbant,testabantur
3134 5322 3393 5392 lacryma:
3414 5323 3548 5378 fusa)

1957 5427 2068 5480 prze
2101 5411 2274 5462 nimia
2306 5411 2694 5462 exsultatione.

2026 5499 2093 5554 ‘23
2151 5503 2280 5553 Item
2314 5517 2346 5551 α
2376 5502 2726 5566 pauperibus.
2749 5500 2925 5552 Taceo
2949 5499 3017 5551 de
3036 5499 3389 5568 pauperibus,
3417 5519 3549 5572 quo-

1953 5605 2081 5644 rum
2111 5589 2476 5642 multitudine
2497 5588 2636 5642 adeo
2661 5593 2796 5641 tunc
2823 5587 3208 5643 densabantur
3229 5591 3434 5645 montis
3456 5609 3551 5647 an-
