3972 6172
423 343 442 399 1
451 333 558 399 47⁸5

1468 328 1836 392 WlLLELMI
1878 331 2246 399 cLUSIENs.
2289 345 2618 403 MONACH.

3560 361 3573 415 l
3597 360 3702 416 -i7ti

417 468 645 526 fractus,
678 473 741 520 ut
771 467 853 518 vix
910 483 1010 536 per
1063 483 1156 517 eos
1212 467 1372 516 tieret
1418 463 1708 516 transitus.
1744 463 1811 514 Hi
1862 481 1988 533 ergo

2076 513 2080 525 λ
2106 485 2228 521 rum
2250 473 2444 533 (Marc.
2466 487 2537 535 Π,
2564 475 2615 532 5,
2640 475 2714 538 ti).
2739 477 2802 528 Et
2819 477 3010 531 beatus
3032 497 3176 550 papa
3197 484 3500 553 Gregorius
3525 487 3580 538 in
3595 503 3700 539 suo

417 558 607 610 audito
639 556 864 609 nomine
891 557 1032 624 ejus,
1066 554 1277 622 ingenti
1299 553 1543 622 tripudio
1577 553 1893 620 hujusmodi
1924 554 2016 605 da-

416 645 552 698 bant
581 662 741 697 voces
771 644 839 696 ad
872 643 1074 695 cznlum
1109 659 1233 692 cum
1269 641 1529 709 lacryn‘iis
1588 645 1642 691 et
1690 640 2010 708 plausibus:

416 754 440 783 «
476 733 718 786 Advenis
759 733 988 785 tandem
1016 772 1028 791 ,
1083 730 1249 783 Pater
1278 728 1698 792 desiderabilis,
1751 730 2003 784 advenis.

409 823 532 876 Jam
566 824 750 876 reddis
771 823 950 874 lucem
988 820 1198 889 patriae,
1217 819 1444 871 unicum
1471 818 1719 870 solamen
1743 817 2013 887 dulceque

409 911 754 982 prmsidium,
797 916 853 962 et
883 927 1010 978 spes
1040 908 1150 960 tuis
1182 906 1470 975 orphanis,
1495 907 1799 958 contractis
1843 917 2012 974 atque

412 1001 658 1054 viduis.»
711 1000 818 1052 Alii
873 1015 1092 1068 quoque
1149 995 1552 1065 applaudentes
1610 995 2003 1047 succinebant:

412 1109 434 1139 ι
455 1090 498 1144 Ο
517 1089 754 1141 utinam!
783 1089 946 1139 Pater
962 1085 1449 1145 optiine,etrerum
1472 1084 1646 1135 tutela
1663 1092 2001 1148 nostrarum,

408 1177 507 1230 tibi
539 1179 787 1246 longzeva
814 1177 923 1228 vita
945 1175 1185 1226 donetur
1215 1173 1617 1241 «:livinitus,quo
1649 1173 1760 1224 tuis
1790 1173 2009 1224 alamur

410 1266 777 1330 eleemosynis
811 1264 1000 1316 multis
1047 1261 1439 1330 temporibus!
1478 1280 1502 1312 υ
1552 1261 1705 1312 Tunc
1761 1261 1856 1312 illo
1910 1277 2008 1329 per

412 1359 618 1409 montis
648 1355 814 1406 clivos
845 1352 1198 1413 ascendente,
1250 1350 1344 1402 alii
1397 1350 1731 1418 prodeuntes
1769 1349 1835 1400 de
1889 1349 2004 1400 suis

408 1445 650 1514 tnguriis
673 1460 736 1495 ac
769 1441 1098 1510 mapalibus,
1127 1440 1218 1491 alii
1252 1439 1454 1490 inﬁrmi
1497 1439 1609 1490 suis
1661 1439 1900 1490 latentes
1947 1438 2004 1489 in

409 1533 586 1586 antris
618 1549 715 1585 seu
738 1529 1029 1593 cubilibus,
1065 1528 1316 1580 nonnulli
1347 1528 1580 1596 orphani
1639 1527 1752 1578 sive
1812 1526 2004 1596 popilli

407 1629 719 1692 praeeuntes
754 1636 814 1671 ac
842 1618 1262 1686 subsequentes,
1295 1617 1443 1668 velut
1466 1617 1608 1667 alter
1637 1616 2006 1668 Christiexer-

406 1711 550 1763 citus
581 1727 680 1762 suo
703 1707 846 1769 duci,
883 1723 1077 1758 omnes
1105 1705 1432 1774 triumphali
1458 1723 1586 1756 voce
1617 1704 1999 1756 concinebant:

2102 559 2362 627 Dialogo:
2400 581 2421 612 α
2454 562 3114 633 Plerique,inquit.hodie
3143 572 3301 639 signa
3333 591 3440 626 non
3460 576 3694 632 faciunt.

2098 660 2154 698 et
2180 655 2366 700 tamen
2387 649 2545 718 signa
2565 652 2896 707 facientibus
2918 657 3169 725 dispares
3193 677 3300 712 non
3334 671 3480 714 sunt.
3504 684 3526 711 ρ
3549 662 3696 715 Item

2099 735 2216 804 ipse
2262 737 2313 789 in
2351 741 2589 807 quadam
2625 743 2849 794 liomilia
2889 763 2899 796 :
2949 767 2968 790 (ι
3010 747 3178 815 Signa
3214 749 3327 801 haec
3364 751 3420 802 in
3464 752 3695 804 exordio

2098 824 2354 879 Ecclesia:
2387 831 2701 882 necessaria
2733 832 2975 886 faerunt.
3015 835 3086 888 Ut
3119 837 3264 888 enim
3299 839 3433 890 fides
3463 841 3698 892 creden-

2096 913 2236 966 tium
2261 926 2552 980 cresceret,
2581 919 2756 987 signis
2785 933 2841 974 et
2867 923 3160 976 virtutibus
3199 926 3305 978 fuit
3351 928 3688 982 nutrienda:

2095 1004 2222 1074 quia
2253 1021 2351 1056 nos
2383 1023 2507 1059 cum
2540 1008 2767 1061 arbusta
2803 1011 3138 1079 plantamus,
3159 1015 3352 1068 tandiu
3371 1018 3452 1068 eis
3481 1034 3690 1086 aquam

2092 1094 2400 1156 fundimus,
2425 1113 2714 1166 quousque
2745 1115 2809 1150 ea
2840 1100 2895 1151 in
2927 1107 3078 1153 terra
3120 1105 3467 1158 convaluisse
3503 1107 3693 1159 videa-

2094 1199 2245 1235 mus:
2279 1193 2337 1235 at
2376 1185 2420 1236 si
2458 1187 2629 1238 semel
2663 1189 2902 1240 radicem
2937 1191 3176 1252 fixerint,
3207 1192 3462 1262 irrigatio
3501 1213 3692 1248 cessa-

2091 1270 2191 1324 bit.
2225 1290 2249 1321 »
2284 1273 2396 1325 Nos
2429 1291 2561 1343 ergo
2593 1283 2903 1330 metuentes
2930 1279 3065 1331 illud
3080 1281 3421 1351 undepraeco
3439 1285 3692 1338 veritatis

2089 1360 2314 1425 Paulus,
2351 1363 2403 1414 in
2434 1381 2542 1432 quo
2573 1365 2828 1418 Christus
2858 1367 3122 1436 loquitur,
3143 1370 3463 1424 Judaeorum
3517 1375 3689 1442 perti-

2087 1448 2238 1501 diam
2269 1460 2556 1504 causatur:
2594 1455 2868 1516 Quoniam
2904 1457 3077 1510 Judaei
3110 1458 3265 1522 signa
3294 1468 3508 1528 petunt.
3531 1469 3586 1514 et
3616 1464 3686 1515 εἰς

2086 1555 2197 1605 gna
2220 1555 2326 1591 non
2343 1547 2472 1593 sunt
2493 1543 2621 1594 data
2641 1545 3015 1606 tidelibus,sed
3040 1547 3422 1612 infidelibusU
3443 1554 3685 1610 (.'or.xiv,

2088 1626 2175 1690 ‘21)
2205 1629 2307 1693 ;ad
2331 1631 2727 1698 perfectionem
2759 1634 3024 1690 feramur.
3043 1637 3298 1690 etinisto
3339 1639 3436 1691 Dei
3473 1642 3687 1693 famulo

2091 1731 2201 1768 non
2231 1717 2514 1784 signorum
2548 1722 2851 1774 efﬁcaciam
2884 1741 3218 1794 quaeramus,
3243 1727 3337 1779 sed
3361 1728 3535 1781 robur
3564 1730 3690 1783 ani-

409 1818 432 1848 «
466 1798 802 1851 Benedictus
836 1796 930 1865 qui
964 1796 1113 1847 venit
1145 1796 1310 1847 Pater
1346 1793 1696 1846 Benedictus.
1740 1812 1762 1842 ι)
1812 1796 1882 1846 At
1912 1794 2004 1846 ille
2026 1781 2070 1837 Β
2093 1805 2188 1864 ιηίν
2215 1822 2465 1876 vel-mque
2486 1809 2798 1863 dilectionis
2821 1811 2916 1865 Dei
2945 1829 3008 1865 ac
3031 1815 3286 1883 proximi,
3322 1834 3432 1886 qua
3463 1820 3689 1888 egregie

401 1887 646 1957 psallens
667 1893 722 1938 et
745 1885 1004 1936 incedens
1029 1899 1430 1952 nonnunquan'i
1461 1882 1690 1952 pedibus
1711 1882 2006 1934 discalcea-
2087 1892 2392 1960 insignitus
2413 1904 2579 1956 estet
2604 1917 2702 1968 per
2723 1917 2889 1969 quam
2909 1909 3022 1954 ποις.
3043 1903 3126 1955 ιρχ
3149 1904 3688 1974 ad.imp[etm-,decus

401 1976 490 2036 tis,
527 1991 627 2027 ceu
649 1974 827 2026 bonus
860 1972 1028 2042 opilio
1093 1973 1398 2042 prudenter
1427 1971 1750 2023 discernens
1791 1972 2001 2023 vultum
2087 1988 2141 2034 et
2164 1987 2534 2039 constantiam
2560 1989 2934 2042 admiremur:
2972 1992 3223 2061 quamvis
3265 2000 3321 2046 et
3368 2012 3469 2048 nos
3517 2014 3686 2066 para-

402 2064 612 2135 proprii
642 2065 848 2132 gregis,
893 2078 991 2132 per
1041 2063 1283 2131 seipsum
1337 2061 1560 2129 largiori
1615 2077 1782 2112 manu
1836 2059 2005 2112 dabat
2087 2089 2211 2123 mus
2245 2075 2507 2144 pleraque
2540 2077 2607 2129 de
2641 2096 2704 2130 eo
2729 2079 2990 2144 scribere,
3013 2098 3135 2151 quae
3155 2099 3266 2135 non
3281 2101 3684 2157 usquequaque

399 2154 614 2206 cunctis
643 2152 854 2222 egenis,
873 2152 1112 2203 maxime
1143 2167 1332 2202 curam
1373 2165 1574 2217 gerens
1606 2166 1775 2218 super
1815 2149 1992 2210 caacis,

397 2242 698 2307 debilibus,
720 2249 888 2311 atque
909 2240 1380 2298 contractisllzec,
1404 2239 1619 2308 quoties
1641 2239 1993 2304 ascendebat,

397 2329 620 2400 Operal‘l
651 2343 761 2382 non
794 2328 1131 2397 negligebat,
1160 2335 1223 2381 ut
1263 2328 1506 2379 maculas
1528 2343 1674 2379 curae
1706 2327 1997 2379 familiaris

397 2420 639 2473 dilueret
665 2418 884 2471 Domini
911 2424 1184 2487 praecepto
1231 2416 1494 2469 dicentis:
1538 2418 1672 2468 [late
1714 2420 1996 2483 (’[ij‘i’mtn‘y-

400 2525 552 2574 nam,
587 2515 632 2561 ct
655 2525 764 2561 ecce
786 2511 971 2561 omnia
1009 2509 1214 2559 munda
1242 2510 1369 2557 sunt
1401 2507 1540 2557 rubis
1588 2507 1734 2569 (Luc.
1768 2522 1838 2563 x1,
1872 2506 1986 2566 fil}.

465 2591 555 2655 ⁸24.
587 2598 749 2652 Forte
781 2597 983 2666 aliquis
1012 2595 1144 2648 mihi
1190 2601 1531 2655 succenseat,
1589 2602 1643 2646 et
1697 2594 1801 2646 hoc
1850 2595 1994 2663 quod

395 2694 521 2742 texo
549 2703 707 2758 opus,
738 2686 894 2756 quasi
919 2686 1021 2737 vile
1052 2702 1114 2736 ac
1137 2683 1325 2736 sterile
1350 2683 1671 2751 nulliusque
1703 2683 1991 2742 momenti,

395 2794 461 2831 eo
495 2778 638 2847 quod
666 2776 827 2846 signa
858 2783 1025 2844 atque
1073 2773 1346 2825 miracula
1375 2773 1528 2824 nulla
1568 2774 1990 2840 complectatur,

395 2866 756 2938 pronuntiet:
794 2881 903 2917 non
935 2863 1250 2930 intelligens
1311 2860 1616 2930 quemlibet
1674 2868 1995 2913 sanctorum

394 2957 576 3026 magis
603 2971 734 3008 vera
764 2955 965 3006 virtute
997 2953 1190 3013 animi,
1226 2956 1282 3002 et
1312 2950 1536 3019 optimis
1578 2949 1826 3000 moribus
1871 2967 1994 3003 me-

395 3046 667 3102 tie‘ndum,
705 3060 870 3113 quam
905 3041 1205 3094 miraculis.
1240 3056 1361 3109 quae
1422 3039 1578 3091 bonis
1616 3044 1784 3107 atque
1834 3039 1993 3091 malis

394 3134 714 3188 communia
739 3151 858 3185 esse
891 3138 1140 3202 possunt.
1176 3127 1608 3198 praedicandum.
1645 3128 1753 3180 Sed
1792 3127 1992 3180 imme-

391 3224 518 3278 rito.
553 3224 682 3276 Haec
712 3223 858 3275 enim
891 3236 1014 3290 quae
1047 3220 1114 3271 de
1148 3218 1240 3271 Dei
1274 3218 1480 3270 famulo
1516 3217 1828 3273 retulimus,
1864 3233 1992 3268 san-

390 3313 642 3366 ctitatem
667 3311 932 3371 efﬁciunt,
967 3309 1061 3360 illa
1092 3313 1310 3360 tantum
1371 3307 1702 3374 loqum‘itur:
1763 3305 1868 3358 ista
1918 3307 1991 3358 le-

395 3403 661 3472 gentibus
684 3399 1128 3459 aedificationem,
1165 3397 1258 3448 illa
1285 3397 1612 3465 plerumque
1627 3395 1800 3446 solam
1816 3396 1990 3447 admi-

387 3492 667 3544 rationem
689 3486 1057 3541 reddunLEst
1083 3502 1304 3555 quoque
1335 3484 1510 3536 satius
1537 3500 1863 3552 magmeque
1888 3484 1986 3535 vir-

387 3580 526 3632 tutis
558 3580 953 3632 documentum
991 3574 1365 3644 priestantius.
1387 3573 1518 3625 vitia
1549 3581 1604 3624 et
1631 3589 1810 3641 pravze
1840 3573 1986 3626 dele-

385 3667 648 3720 ctationis
677 3668 924 3719 fomenta
956 3681 1234 3732 quemque
1265 3663 1332 3714 ab
1359 3662 1544 3713 animo
1566 3661 1798 3729 pellere;
1838 3670 1893 3714 et
1908 3661 1985 3713 sic

387 3754 688 3823 bajulando
728 3751 975 3821 quotidie
1007 3767 1246 3810 crucem,
1302 3749 1711 3818 quodz'u‘umoi'lo
1763 3766 1986 3818 semper

387 3849 691 3908 martyrem
712 3854 850 3903 esse,
872 3855 1037 3908 quam
1062 3837 1477 3890 immundorum
1495 3836 1791 3903 spirituum
1810 3845 1984 3890 cater-

388 3945 481 3985 vas
515 3902 583 3985 ab
615 3929 933 3983 hominibus
949 3927 1329 3997 ejicere,quod
1355 3926 1523 3978 etiam
1549 3926 1751 3978 multos
1773 3927 1982 3996 pseudo

383 4035 495 4075 non
528 4021 851 4090 ignoramus
883 4035 1042 4086 posse
1069 4025 1328 4086 patrare:
1389 4020 1444 4066 et
1493 4014 1548 4067 in
1588 4015 1770 4067 aliena
1817 4032 1981 4068 carne

384 4109 609 4164 morbos
635 4106 948 4174 diversique
979 4104 1200 4173 generis
1231 4103 1466 4155 febrium
1495 4104 1749 4155 cohortes
1781 4105 1980 4156 exstin-

381 4213 578 4268 guere,
607 4195 751 4267 quod
787 4210 884 4264 per
909 4193 1206 4246 herbarum
1241 4191 1408 4242 etiam
1449 4193 1591 4243 vires
1613 4197 1668 4243 et
1691 4192 1978 4246 medicina)

383 4290 630 4344 antidota
658 4287 776 4341 fieri
818 4286 991 4354 liquet
1041 4299 1159 4335 esse
1207 4280 1485 4350 possibile.
1518 4281 1738 4333 Timeat
1789 4289 1976 4335 autem

2082 2159 2312 2229 indigna
2346 2163 2598 2216 ferantur
2624 2167 3014 2222 admiratione.

2149 2249 2237 2304 25.
2273 2254 2764 2322 Chmtibcrticpisc.
2791 2261 2898 2310 vim.
2909 2262 3131 2325 patitur
3147 2264 3684 2333 Benaliclusﬂperm

2085 2339 2323 2406 pretium
2353 2348 2435 2393 est
2455 2343 2573 2409 jam
2607 2361 2754 2397 nunc
2784 2347 3148 2402 adversitates
3173 2351 3297 2405 illas
3347 2354 3682 2423 multiplices

2084 2443 2222 2494 quas
2251 2445 2284 2478 a
2327 2429 2660 2484 Simoniacis
2704 2440 2760 2486 et
2808 2435 3196 2498 schismaticis,
3241 2441 3597 2511 maximeque
3647 2459 3681 2493 a

2083 2515 2422 2570 Chuniberto
2451 2520 2806 2578 'l‘aurinensi.
2855 2542 3152 2594 perpessus
3181 2537 3283 2591 est,
3316 2530 3588 2584 inserere.
3618 2539 3682 2584 ut

2084 2605 2346 2672 quoniam
2378 2609 2642 2678 scriptum
2677 2620 2787 2664 est:
2820 2615 3119 2680 l’asa/iguli
3139 2620 3331 2683 probat
3356 2622 3588 2686 fornae
3631 2628 3681 2674 ct

2081 2694 2326 2747 homines
2346 2701 2526 2762 justus
2549 2704 2775 2754 imitatio
2799 2705 3178 2757 trilmlatimn's
3196 2707 3379 2764 (Eccli.
3407 2706 3641 2770 xxvn,6)
3665 2729 3678 2776 ;

2077 2782 2181 2834 istc
2226 2800 2448 2852 quoque
2495 2787 2726 2841 diversis
2779 2791 3052 2844 malorum
3103 2795 3376 2861 angustiis
3428 2812 3678 2865 pressus.

2079 2870 2259 2924 instar
2289 2874 2410 2925 auri
2447 2875 2662 2943 probati
2687 2895 2750 2929 ac
2778 2877 2982 2948 lapidis
3026 2882 3275 2950 pretiosi,
3310 2884 3377 2935 ad
3409 2901 3680 2937 coronam

2079 2962 2271 3014 aeterni
2307 2963 2473 3032 Regis
2495 2972 2658 3034 aptus
2677 2975 2976 3037 appareat;
3001 2977 3058 3023 et
3076 2988 3269 3039 passus
3298 2975 3364 3024 ad
3391 2975 3678 3028 modicum

2079 3064 2203 3101 cum
2235 3053 2460 3115 sanctis,
2498 3056 2726 3124 perenni
2759 3074 2886 3110 cum
2909 3059 2991 3112 eis
3023 3060 3142 3113 luce
3178 3062 3554 3131 splendescat.
3589 3065 3675 3117 Ab

2076 3154 2140 3188 eo
2171 3155 2412 3210 namque
2445 3147 2691 3213 tempore
2726 3147 3010 3214 quo,sicut
3042 3149 3201 3202 initio
3231 3151 3497 3220 prmfatus
3528 3170 3676 3214 sum,

2075 3226 2222 3279 idem
2255 3228 2629 3285 Chunibertus
2661 3233 2730 3284 ab
2756 3236 3070 3290 Alexandro
3104 3256 3242 3309 papa
3291 3240 3346 3292 in
3391 3243 3680 3297 mandatis

2075 3318 2288 3385 accepit
2321 3326 2614 3387 quatenus,
2637 3323 2680 3374 si
2707 3323 2971 3377 Romana!
2992 3327 3138 3380 sedis
3173 3330 3480 3383 amicitiam
3502 3333 3673 3386 vellet

2073 3406 2272 3459 colere.
2307 3408 2534 3461 Clusino
2567 3415 2904 3465 monasterio
2928 3415 3101 3468 solius
3131 3416 3277 3470 beati
3301 3420 3451 3471 Petri
3486 3430 3680 3490 patro-

2073 3494 2216 3546 cinio
2247 3496 2376 3548 olim
2401 3500 2718 3563 commisso,
2755 3509 2924 3572 atque
2942 3504 3121 3556 eidem
3152 3506 3338 3559 abbati
3371 3509 3676 3565 Benedicto

2069 3583 2297 3637 minime
2331 3586 2563 3640 infestus
2595 3597 2777 3654 esset;
2812 3592 3017 3661 iniquae
3048 3596 3248 3647 mentis
3279 3597 3482 3650 lividus
3511 3599 3676 3652 dissi-

2070 3673 2310 3726 mulator
2336 3676 2492 3728 curia
2521 3677 2822 3746 digressus,
2857 3681 3012 3734 dolos
3044 3700 3181 3751 quos
3203 3687 3546 3740 ruminabat.
3575 3707 3675 3758 per

2067 3778 2252 3814 rerum
2291 3767 2621 3818 monstravit
2652 3771 2848 3821 exitus.
2880 3772 3061 3840 («epit
3091 3773 3294 3842 quippe
3313 3776 3505 3828 multis
3520 3777 3674 3831 oblo-

2067 3851 2402 3910 cutionibus,
2439 3862 2494 3906 et
2521 3855 2763 3908 abusivis
2794 3858 3125 3930 injUstisque
3156 3863 3543 3917 exactionibus
3570 3867 3671 3919 ab-

2066 3937 2250 3992 batem
2285 3944 2532 3996 vexando
2567 3945 2868 4000 lacessere:
2899 3947 3182 4003 interdum
3217 3957 3428 4011 tamen,
3455 3971 3527 4007 ne
3559 3956 3669 4009 Ro-

2067 4029 2217 4080 mani
2248 4033 2526 4098 pontificis
2566 4033 2864 4103 imperium
2930 4038 3253 4104 oli'enderet,
3308 4041 3377 4093 ab
3439 4043 3665 4112 injuriis

2063 4122 2395 4187 tei'nperare.
2422 4124 2492 4173 At
2515 4139 2642 4174 vero
2673 4124 2934 4193 przedicto
2969 4145 3108 4196 papa
3140 4130 3457 4184 Alexandro
3482 4151 3544 4186 ex
3565 4135 3668 4186 hac

2061 4207 2183 4258 luce
2211 4207 2514 4271 subtracto,
2541 4219 2593 4263 et
2609 4212 2880 4282 Gregorio
2902 4218 3289 4270 archidiacono
3312 4222 3664 4289 apostolatus

2062 4295 2279 4349 culmen
2313 4297 2534 4368 adepto,
2568 4318 2692 4354 cum
2719 4303 2862 4356 inter
2896 4322 3022 4357 eum
3045 4313 3101 4358 et
3121 4324 3307 4376 regem
3329 4309 3661 4374 I‘lenricum,

382 4379 782 4433 miraculorum
805 4373 1084 4444 appetito"
1105 4379 1160 4423 Οἱ
1180 4369 1568 4438 ammoriquo‘j
1604 4369 1655 4422 in
1682 4371 2290 4473 Evnngent-lnpropter
2342 4387 2711 4442 Simoniacam
2769 4393 3023 4446 haeresim
3091 4399 3658 4463 exconmiunicatum,

380 4468 497 4522 suis
519 4462 1018 4521 calumniatoribus
1045 4458 1341 4529 exprobrat
1371 4460 1624 4511 Salvator
1650 4476 1660 4510 :
1693 4460 1976 4513 Gmeralio

381 4562 531 4611 mala
555 4562 600 4610 et
623 4557 876 4609 (u‘lultcra
895 4554 1120 4617 signum
1143 4551 1338 4615 qua'rit
1354 4548 1975 4610 (.ilallh.xn,59).lden1-

380 4663 488 4716 que
517 4643 803 4713 discipulis
832 4656 1000 4707 super
1033 4636 1429 4690 miraculorum
1463 4637 1659 4688 ell‘ectu
1687 4637 1976 4705 glorianti-

377 4736 482 4789 bus
494 4751 558 4786 ac
573 4729 912 4786 dicentibus:
933 4728 1350 4782 1)ommc,ciiam
1372 4726 1641 4776 (lannonia
1662 4728 1971 4793 subjirimt-

381 4830 476 4876 ιω·
502 4823 654 4875 nobis
685 4823 745 4871 in
779 4819 1000 4870 nomine
1035 4821 1125 4866 tuo
1159 4816 1298 4875 (Luc.
1348 4829 1398 4868 Χ,
1452 4811 1547 4875 17),
1602 4814 1680 4867 ait
1710 4834 1720 4867 :
1783 4815 1970 4870 Nolite

372 4904 606 4983 gloriari
639 4908 768 4979 quia
799 4905 1070 4958 daanonia
1099 4901 1248 4953 vobis
1279 4901 1684 4970 subjiciuntur;
1711 4907 1802 4957 sed
1827 4923 1970 4975 gau-

375 5004 504 5056 dcte
533 4999 717 5071 potius
747 5002 803 5049 et
832 4993 1123 5048 exsultate.
1149 4990 1279 5059 quia
1302 4991 1530 5044 nomina
1552 4998 1734 5044 vestra
1765 4995 1972 5064 scripta

375 5096 501 5145 sunt
532 5091 589 5143 in
619 5087 772 5141 cmlis
805 5085 983 5148 (lbirl.,
1021 5081 1130 5140 ς20).
1166 5079 1323 5142 Quod
1355 5086 1542 5133 autem
1573 5081 1761 5135 divina.
1800 5085 1966 5138 mira-

373 5181 498 5234 cula
554 5191 773 5231 cessare
829 5169 1198 5241 quorumdam
1257 5167 1557 5236 aliquando
1619 5177 1968 5238 peccatorum

374 5268 678 5324 enormitas
706 5263 888 5320 faciat,
916 5258 1111 5312 exinde
1169 5256 1567 5325 perpendimus
1597 5259 1740 5326 quod
1774 5263 1968 5316 eadem

374 5357 612 5413 Domino
644 5359 853 5413 nostro,
891 5361 1015 5402 cum
1047 5346 1119 5398 sit
1147 5361 1205 5396 re
1237 5359 1366 5396 vera
1396 5345 1768 5414 omnipotens.
1798 5350 1971 5421 impo-

373 5447 554 5501 tentia
574 5443 825 5514 quzedam
850 5436 1315 5491 ascribatur.cum
1349 5433 1416 5485 de
1439 5448 1502 5485 eo
1529 5433 1598 5486 ab
1630 5441 1971 5507 evangelista

374 5536 580 5590 dicitur
616 5550 625 5584 ε
661 5531 729 5583 Et
754 5543 862 5581 non
895 5528 1114 5596 poterat
1161 5521 1257 5584 ibi,
1293 5521 1347 5573 id
1407 5529 1491 5574 est
1548 5523 1963 5594 Capharnaum,

375 5623 564 5692 aliqua
583 5622 764 5673 facere
785 5613 1305 5681 miracula‘propter
1337 5609 1791 5668 incredulitatem
1850 5618 1968 5673 illo-

2063 4489 2327 4541 magnum
2359 4477 2519 4529 ﬁeret
2547 4479 2841 4533 discidium
2869 4501 2880 4540 ;
2902 4490 3035 4535 tunc
3060 4489 3115 4536 et
3135 4484 3517 4540 Chunibertus
3534 4506 3661 4541 cum

2060 4561 2182 4614 aliis
2225 4563 2504 4634 plerisque
2536 4569 2706 4622 Italia)
2748 4570 3120 4638 pontificibus,
3173 4575 3465 4629 occasione
3518 4579 3661 4629 schi-

2059 4651 2255 4703 smatis
2322 4661 2561 4723 reperta,
2622 4674 2809 4727 regem
2841 4675 3006 4713 suum
3033 4669 3274 4716 secutus.
3308 4671 3364 4716 et
3402 4682 3530 4718 cum
3594 4685 3658 4720 eo

2058 4739 2270 4808 pariter
2299 4744 2674 4798 anathematis
2706 4747 2921 4800 vinculo
2962 4750 3281 4809 innodatus.
3313 4769 3346 4803 a
3387 4754 3658 4810 Romana:

2058 4828 2312 4883 Ecclesiae
2361 4835 2755 4888 communione
2812 4838 3048 4891 stolidus
3113 4839 3416 4895 dissilivit;
3481 4856 3539 4897 et
3581 4846 3659 4898 sic

2055 4917 2281 4971 demum
2296 4921 2692 4986 effrenatus,ad
2715 4927 3155 4996 persequendam
3173 4929 3462 4983 Clusinam
3487 4935 3659 4987 eccle-

2054 5007 2194 5060 siam
2228 5018 2282 5062 et
2311 5010 2587 5070 abbatem,
2623 5032 2721 5084 pro
2763 5016 2972 5070 viribus
3005 5018 3252 5071 animum
3277 5019 3544 5075 intendit.

2125 5096 2211 5150 ς26.
2250 5099 2313 5149 Et
2344 5100 2495 5168 prius
2518 5103 2741 5172 quidem
2757 5107 2993 5158 fratrum
3024 5107 3241 5160 animos
3272 5108 3510 5162 diversis
3533 5113 3656 5182 pol-

2056 5185 2455 5241 licitationibus
2484 5207 2546 5242 ac
2574 5188 2968 5246 blandimentis
3004 5195 3270 5248 suasoriis
3301 5204 3489 5252 tentat
3535 5218 3655 5253 cor-

2055 5287 2332 5340 rumpere,
2368 5276 2412 5328 si
2442 5278 2584 5329 forte
2615 5296 2708 5332 eos
2741 5280 2808 5332 ab
2839 5281 3058 5334 abbatis
3080 5282 3166 5335 sui
3191 5283 3511 5339 obedientia
3535 5289 3653 5342 sive

2053 5360 2398 5430 subjectione
2427 5367 2910 5422 circumveniemlo
2932 5371 3288 5438 aliquatenus
3310 5385 3500 5442 posset
3522 5377 3653 5430 sub-

2052 5459 2287 5505 vertere.
2324 5455 2482 5517 Quod
2511 5474 2636 5510 cum
2670 5459 2898 5512 minime
2923 5460 3066 5512 dolis
3098 5463 3363 5531 procedit,
3399 5465 3513 5517 alia
3566 5467 3649 5519 via

2050 5541 2377 5608 aggreditur
2397 5561 2490 5598 eos
2521 5563 2860 5618 expugnare,
2904 5556 2959 5603 et
2989 5550 3137 5603 mala
3170 5567 3290 5620 qua:
3313 5559 3536 5622 poterat
3569 5555 3648 5608 in-

2048 5625 2298 5698 ferendo,
2330 5648 2394 5685 ac
2419 5650 2628 5690 messes
2652 5653 2846 5691 eorum
2867 5656 2926 5692 se
2954 5638 3272 5693 ablaturum
3303 5643 3642 5704 minitando,
