  <div class='ocr_page' id='page_1' title='image "/cluster/home/n/w/nwhite01/storage/ocr_20150623/150/hvd.32044054760087/744.png"; bbox 0 0 3972 6172; ppageno 0'>
   <div class='ocr_carea' id='block_1_1' title="bbox 247 260 382 326">
    <p class='ocr_par' dir='ltr' id='par_1_1' title="bbox 247 260 382 326">
     <span class='ocr_line' id='line_1_1' title="bbox 247 260 382 326; baseline -0.015 0"><span class='ocrx_word' id='word_1_1' title='bbox 247 260 382 326; x_wconf 68' lang='grc'><strong>14⁵17</strong></span> 
     </span>
    </p>
   </div>
   <div class='ocr_carea' id='block_1_2' title="bbox 1361 258 2396 325">
    <p class='ocr_par' dir='ltr' id='par_1_2' title="bbox 1361 258 2396 325">
     <span class='ocr_line' id='line_1_2' title="bbox 1361 258 2396 325; baseline -0.004 0"><span class='ocrx_word' id='word_1_2' title='bbox 1361 270 1530 325; x_wconf 78' lang='lat' dir='ltr'><strong>vrrA</strong></span> <span class='ocrx_word' id='word_1_3' title='bbox 1568 258 1955 324; x_wconf 74' lang='lat' dir='ltr'><strong>BENEDIC’I‘I</strong></span> <span class='ocrx_word' id='word_1_4' title='bbox 1992 265 2152 323; x_wconf 72' lang='grc' dir='ltr'><strong>ΑΒΕ.</strong></span> <span class='ocrx_word' id='word_1_5' title='bbox 2197 269 2396 324; x_wconf 85' lang='lat' dir='ltr'><strong>CLUS.</strong></span> 
     </span>
    </p>
   </div>
   <div class='ocr_carea' id='block_1_3' title="bbox 3373 254 3513 323">
    <p class='ocr_par' dir='ltr' id='par_1_3' title="bbox 3373 254 3513 323">
     <span class='ocr_line' id='line_1_3' title="bbox 3373 254 3513 323; baseline 0.007 -1"><span class='ocrx_word' id='word_1_6' title='bbox 3373 254 3513 323; x_wconf 76' lang='grc'><strong>1478</strong></span> 
     </span>
    </p>
   </div>
   <div class='ocr_carea' id='block_1_4' title="bbox 236 382 3517 463">
    <p class='ocr_par' dir='ltr' id='par_1_4' title="bbox 236 382 3517 463">
     <span class='ocr_line' id='line_1_4' title="bbox 236 382 3517 463; baseline -0 -16"><span class='ocrx_word' id='word_1_7' title='bbox 236 394 418 448; x_wconf 65' lang='lat' dir='ltr'><strong>eae-ett</strong></span> <span class='ocrx_word' id='word_1_8' title='bbox 447 399 511 447; x_wconf 87' lang='lat' dir='ltr'><strong>ut</strong></span> <span class='ocrx_word' id='word_1_9' title='bbox 538 395 764 463; x_wconf 84' lang='lat' dir='ltr'><strong>quidam</strong></span> <span class='ocrx_word' id='word_1_10' title='bbox 796 412 826 448; x_wconf 90' lang='lat' dir='ltr'><strong>e</strong></span> <span class='ocrx_word' id='word_1_11' title='bbox 854 394 1140 456; x_wconf 75' lang='lat' dir='ltr'><strong>fratribus,</strong></span> <span class='ocrx_word' id='word_1_12' title='bbox 1182 396 1348 448; x_wconf 83' lang='lat' dir='ltr'><strong>Patre</strong></span> <span class='ocrx_word' id='word_1_13' title='bbox 1381 390 1681 449; x_wconf 87' lang='lat' dir='ltr'><strong>Benedicto</strong></span> <span class='ocrx_word' id='word_1_14' title='bbox 1725 403 1834 448; x_wconf 90' lang='lat' dir='ltr'><strong>non</strong></span> <span class='ocrx_word' id='word_1_15' title='bbox 1853 397 1898 454; x_wconf 84' lang='lat' dir='ltr'><strong>A</strong></span> <span class='ocrx_word' id='word_1_16' title='bbox 1922 393 2106 448; x_wconf 80' lang='lat' dir='ltr'><strong>Iecum</strong></span> <span class='ocrx_word' id='word_1_17' title='bbox 2138 411 2302 447; x_wconf 90' lang='lat' dir='ltr'><strong>suum</strong></span> <span class='ocrx_word' id='word_1_18' title='bbox 2325 394 2592 454; x_wconf 83' lang='lat' dir='ltr'><strong>deseruit,</strong></span> <span class='ocrx_word' id='word_1_19' title='bbox 2623 395 2995 446; x_wconf 76' lang='lat' dir='ltr'><strong>circumactus</strong></span> <span class='ocrx_word' id='word_1_20' title='bbox 3021 393 3280 446; x_wconf 80' lang='lat' dir='ltr'><strong>similiter</strong></span> <span class='ocrx_word' id='word_1_21' title='bbox 3299 382 3517 446; x_wconf 78' lang='lat' dir='ltr'><strong>insidiis</strong></span> 
     </span>
    </p>
   </div>
   <div class='ocr_carea' id='block_1_5' title="bbox 237 483 1836 554">
    <p class='ocr_par' dir='ltr' id='par_1_5' title="bbox 237 483 1836 554">
     <span class='ocr_line' id='line_1_5' title="bbox 237 483 1836 554; baseline 0 -17"><span class='ocrx_word' id='word_1_22' title='bbox 237 483 607 554; x_wconf 81' lang='lat' dir='ltr'><strong>approbante,</strong></span> <span class='ocrx_word' id='word_1_23' title='bbox 641 485 712 537; x_wconf 87' lang='lat' dir='ltr'><strong>ad</strong></span> <span class='ocrx_word' id='word_1_24' title='bbox 760 500 885 537; x_wconf 90' lang='lat' dir='ltr'><strong>eum</strong></span> <span class='ocrx_word' id='word_1_25' title='bbox 927 485 1198 542; x_wconf 85' lang='lat' dir='ltr'><strong>venirent,</strong></span> <span class='ocrx_word' id='word_1_26' title='bbox 1251 486 1292 537; x_wconf 92' lang='lat' dir='ltr'><strong>si</strong></span> <span class='ocrx_word' id='word_1_27' title='bbox 1345 486 1485 538; x_wconf 88' lang='lat' dir='ltr'><strong>forte</strong></span> <span class='ocrx_word' id='word_1_28' title='bbox 1532 486 1836 537; x_wconf 88' lang='lat' dir='ltr'><strong>hornarum</strong></span> 
     </span>
    </p>
   </div>
   <div class='ocr_carea' id='block_1_6' title="bbox 237 573 1841 644">
    <p class='ocr_par' dir='ltr' id='par_1_6' title="bbox 237 573 1841 644">
     <span class='ocr_line' id='line_1_6' title="bbox 237 573 1841 644; baseline -0.001 -18"><span class='ocrx_word' id='word_1_29' title='bbox 237 573 467 643; x_wconf 88' lang='lat' dir='ltr'><strong>frugum</strong></span> <span class='ocrx_word' id='word_1_30' title='bbox 505 573 573 626; x_wconf 86' lang='lat' dir='ltr'><strong>ab</strong></span> <span class='ocrx_word' id='word_1_31' title='bbox 600 590 664 626; x_wconf 90' lang='lat' dir='ltr'><strong>eo</strong></span> <span class='ocrx_word' id='word_1_32' title='bbox 693 591 853 626; x_wconf 88' lang='lat' dir='ltr'><strong>usum</strong></span> <span class='ocrx_word' id='word_1_33' title='bbox 886 574 1271 644; x_wconf 84' lang='lat' dir='ltr'><strong>impetrarent.</strong></span> <span class='ocrx_word' id='word_1_34' title='bbox 1299 575 1448 637; x_wconf 76' lang='lat' dir='ltr'><strong>QUos</strong></span> <span class='ocrx_word' id='word_1_35' title='bbox 1472 574 1564 626; x_wconf 91' lang='lat' dir='ltr'><strong>ubi</strong></span> <span class='ocrx_word' id='word_1_36' title='bbox 1595 574 1730 625; x_wconf 81' lang='lat' dir='ltr'><strong>vidit</strong></span> <span class='ocrx_word' id='word_1_37' title='bbox 1760 574 1841 625; x_wconf 91' lang='lat' dir='ltr'><strong>vir</strong></span> 
     </span>
    </p>
   </div>
   <div class='ocr_carea' id='block_1_7' title="bbox 238 662 1840 723">
    <p class='ocr_par' dir='ltr' id='par_1_7' title="bbox 238 662 1840 723">
     <span class='ocr_line' id='line_1_7' title="bbox 238 662 1840 723; baseline 0.001 -11"><span class='ocrx_word' id='word_1_38' title='bbox 238 670 524 723; x_wconf 81' lang='lat' dir='ltr'><strong>ventosus,</strong></span> <span class='ocrx_word' id='word_1_39' title='bbox 551 669 612 714; x_wconf 89' lang='lat' dir='ltr'><strong>ut</strong></span> <span class='ocrx_word' id='word_1_40' title='bbox 644 669 761 716; x_wconf 87' lang='lat' dir='ltr'><strong>erat</strong></span> <span class='ocrx_word' id='word_1_41' title='bbox 795 663 999 715; x_wconf 88' lang='lat' dir='ltr'><strong>mirum</strong></span> <span class='ocrx_word' id='word_1_42' title='bbox 1035 663 1088 715; x_wconf 92' lang='lat' dir='ltr'><strong>in</strong></span> <span class='ocrx_word' id='word_1_43' title='bbox 1119 664 1342 715; x_wconf 87' lang='lat' dir='ltr'><strong>modum</strong></span> <span class='ocrx_word' id='word_1_44' title='bbox 1378 663 1633 715; x_wconf 69' lang='lat' dir='ltr'><strong>humana:</strong></span> <span class='ocrx_word' id='word_1_45' title='bbox 1661 662 1840 714; x_wconf 88' lang='lat' dir='ltr'><strong>laudis</strong></span> 
     </span>
    </p>
   </div>
   <div class='ocr_carea' id='block_1_8' title="bbox 239 751 1842 821">
    <p class='ocr_par' dir='ltr' id='par_1_8' title="bbox 239 751 1842 821">
     <span class='ocr_line' id='line_1_8' title="bbox 239 751 1842 821; baseline -0.001 -17"><span class='ocrx_word' id='word_1_46' title='bbox 239 765 463 813; x_wconf 83' lang='lat' dir='ltr'><strong>avarus,</strong></span> <span class='ocrx_word' id='word_1_47' title='bbox 493 751 780 819; x_wconf 85' lang='lat' dir='ltr'><strong>signorum</strong></span> <span class='ocrx_word' id='word_1_48' title='bbox 813 753 990 804; x_wconf 77' lang='lat' dir='ltr'><strong>classe</strong></span> <span class='ocrx_word' id='word_1_49' title='bbox 1021 752 1138 821; x_wconf 87' lang='lat' dir='ltr'><strong>ipse</strong></span> <span class='ocrx_word' id='word_1_50' title='bbox 1166 751 1453 804; x_wconf 85' lang='lat' dir='ltr'><strong>charitatis</strong></span> <span class='ocrx_word' id='word_1_51' title='bbox 1476 768 1669 821; x_wconf 79' lang='lat' dir='ltr'><strong>expers</strong></span> <span class='ocrx_word' id='word_1_52' title='bbox 1693 768 1842 820; x_wconf 76' lang='lat' dir='ltr'><strong>cym-</strong></span> 
     </span>
    </p>
   </div>
   <div class='ocr_carea' id='block_1_9' title="bbox 238 840 1843 896">
    <p class='ocr_par' dir='ltr' id='par_1_9' title="bbox 238 840 1843 896">
     <span class='ocr_line' id='line_1_9' title="bbox 238 840 1843 896; baseline -0.001 -4"><span class='ocrx_word' id='word_1_53' title='bbox 238 840 430 893; x_wconf 77' lang='lat' dir='ltr'><strong>balum</strong></span> <span class='ocrx_word' id='word_1_54' title='bbox 459 840 721 894; x_wconf 88' lang='lat' dir='ltr'><strong>tinniens.</strong></span> <span class='ocrx_word' id='word_1_55' title='bbox 754 858 877 893; x_wconf 78' lang='lat' dir='ltr'><strong>mox</strong></span> <span class='ocrx_word' id='word_1_56' title='bbox 909 840 1101 893; x_wconf 87' lang='lat' dir='ltr'><strong>urbem</strong></span> <span class='ocrx_word' id='word_1_57' title='bbox 1133 847 1307 892; x_wconf 88' lang='lat' dir='ltr'><strong>totam</strong></span> <span class='ocrx_word' id='word_1_58' title='bbox 1343 845 1671 896; x_wconf 78' lang='lat' dir='ltr'><strong>commovet.</strong></span> <span class='ocrx_word' id='word_1_59' title='bbox 1706 857 1843 892; x_wconf 90' lang='lat' dir='ltr'><strong>cun-</strong></span> 
     </span>
    </p>
   </div>
   <div class='ocr_carea' id='block_1_10' title="bbox 241 928 1842 998">
    <p class='ocr_par' dir='ltr' id='par_1_10' title="bbox 241 928 1842 998">
     <span class='ocr_line' id='line_1_10' title="bbox 241 928 1842 998; baseline -0.002 -16"><span class='ocrx_word' id='word_1_60' title='bbox 241 935 361 982; x_wconf 82' lang='lat' dir='ltr'><strong>ctos</strong></span> <span class='ocrx_word' id='word_1_61' title='bbox 394 929 540 982; x_wconf 89' lang='lat' dir='ltr'><strong>cives</strong></span> <span class='ocrx_word' id='word_1_62' title='bbox 568 932 624 980; x_wconf 85' lang='lat' dir='ltr'><strong>et</strong></span> <span class='ocrx_word' id='word_1_63' title='bbox 656 929 952 998; x_wconf 78' lang='lat' dir='ltr'><strong>populares</strong></span> <span class='ocrx_word' id='word_1_64' title='bbox 979 944 1110 981; x_wconf 88' lang='lat' dir='ltr'><strong>suos</strong></span> <span class='ocrx_word' id='word_1_65' title='bbox 1131 937 1398 981; x_wconf 84' lang='lat' dir='ltr'><strong>convocat</strong></span> <span class='ocrx_word' id='word_1_66' title='bbox 1419 945 1586 997; x_wconf 86' lang='lat' dir='ltr'><strong>super</strong></span> <span class='ocrx_word' id='word_1_67' title='bbox 1607 928 1842 980; x_wconf 80' lang='lat' dir='ltr'>fratrum</span> 
     </span>
    </p>
   </div>
   <div class='ocr_carea' id='block_1_11' title="bbox 241 1017 1847 1088">
    <p class='ocr_par' dir='ltr' id='par_1_11' title="bbox 241 1017 1847 1088">
     <span class='ocr_line' id='line_1_11' title="bbox 241 1017 1847 1088; baseline -0.001 -18"><span class='ocrx_word' id='word_1_68' title='bbox 241 1019 466 1070; x_wconf 82' lang='lat' dir='ltr'><strong>illorum</strong></span> <span class='ocrx_word' id='word_1_69' title='bbox 501 1018 851 1088; x_wconf 75' lang='lat' dir='ltr'><strong>pcrnitentia,</strong></span> <span class='ocrx_word' id='word_1_70' title='bbox 889 1034 952 1070; x_wconf 91' lang='lat' dir='ltr'><strong>eo</strong></span> <span class='ocrx_word' id='word_1_71' title='bbox 984 1018 1130 1087; x_wconf 90' lang='lat' dir='ltr'><strong>quod</strong></span> <span class='ocrx_word' id='word_1_72' title='bbox 1165 1018 1460 1070; x_wconf 82' lang='lat' dir='ltr'><strong>Benedicto</strong></span> <span class='ocrx_word' id='word_1_73' title='bbox 1507 1017 1662 1086; x_wconf 86' lang='lat' dir='ltr'><strong>quasi</strong></span> <span class='ocrx_word' id='word_1_74' title='bbox 1711 1034 1745 1069; x_wconf 86' lang='lat' dir='ltr'><strong>a</strong></span> <span class='ocrx_word' id='word_1_75' title='bbox 1789 1033 1847 1069; x_wconf 82' lang='lat' dir='ltr'><strong>se.</strong></span> 
     </span>
    </p>
   </div>
   <div class='ocr_carea' id='block_1_12' title="bbox 241 1105 1848 1162">
    <p class='ocr_par' dir='ltr' id='par_1_12' title="bbox 241 1105 1848 1162">
     <span class='ocr_line' id='line_1_12' title="bbox 241 1105 1848 1162; baseline -0.002 -2"><span class='ocrx_word' id='word_1_76' title='bbox 241 1108 723 1160; x_wconf 78' lang='lat' dir='ltr'><strong>excommunicato</strong></span> <span class='ocrx_word' id='word_1_77' title='bbox 769 1107 1324 1162; x_wconf 77' lang='lat' dir='ltr'><strong>c&#39;ommunicaverint.</strong></span> <span class='ocrx_word' id='word_1_78' title='bbox 1373 1106 1481 1158; x_wconf 87' lang='lat' dir='ltr'><strong>illis</strong></span> <span class='ocrx_word' id='word_1_79' title='bbox 1531 1105 1848 1158; x_wconf 83' lang='lat' dir='ltr'><strong>nolentibus</strong></span> 
     </span>
    </p>
   </div>
   <div class='ocr_carea' id='block_1_13' title="bbox 241 1194 1848 1266">
    <p class='ocr_par' dir='ltr' id='par_1_13' title="bbox 241 1194 1848 1266">
     <span class='ocr_line' id='line_1_13' title="bbox 241 1194 1848 1266; baseline -0.002 -18"><span class='ocrx_word' id='word_1_80' title='bbox 241 1197 313 1248; x_wconf 85' lang='lat' dir='ltr'><strong>ad</strong></span> <span class='ocrx_word' id='word_1_81' title='bbox 349 1195 616 1266; x_wconf 86' lang='lat' dir='ltr'><strong>populum</strong></span> <span class='ocrx_word' id='word_1_82' title='bbox 639 1195 1020 1248; x_wconf 86' lang='lat' dir='ltr'><strong>concionatur.</strong></span> <span class='ocrx_word' id='word_1_83' title='bbox 1053 1194 1302 1264; x_wconf 74' lang='lat' dir='ltr'><strong>Denique</strong></span> <span class='ocrx_word' id='word_1_84' title='bbox 1333 1195 1463 1247; x_wconf 80' lang='lat' dir='ltr'>facit</span> <span class='ocrx_word' id='word_1_85' title='bbox 1490 1194 1655 1247; x_wconf 86' lang='lat' dir='ltr'><strong>verba</strong></span> <span class='ocrx_word' id='word_1_86' title='bbox 1687 1195 1848 1264; x_wconf 88' lang='lat' dir='ltr'><strong>plena</strong></span> 
     </span>
    </p>
   </div>
   <div class='ocr_carea' id='block_1_14' title="bbox 240 1283 1847 1352">
    <p class='ocr_par' dir='ltr' id='par_1_14' title="bbox 240 1283 1847 1352">
     <span class='ocr_line' id='line_1_14' title="bbox 240 1283 1847 1352; baseline -0.002 -13"><span class='ocrx_word' id='word_1_87' title='bbox 240 1286 333 1340; x_wconf 92' lang='lat' dir='ltr'><strong>sui</strong></span> <span class='ocrx_word' id='word_1_88' title='bbox 381 1286 546 1338; x_wconf 86' lang='lat' dir='ltr'><strong>laude</strong></span> <span class='ocrx_word' id='word_1_89' title='bbox 592 1292 649 1338; x_wconf 86' lang='lat' dir='ltr'><strong>et</strong></span> <span class='ocrx_word' id='word_1_90' title='bbox 696 1283 981 1337; x_wconf 76' lang='lat' dir='ltr'><strong>Benedicti</strong></span> <span class='ocrx_word' id='word_1_91' title='bbox 1030 1285 1363 1352; x_wconf 84' lang='lat' dir='ltr'><strong>abjectione,</strong></span> <span class='ocrx_word' id='word_1_92' title='bbox 1397 1284 1696 1352; x_wconf 84' lang='lat' dir='ltr'><strong>subjiciens</strong></span> <span class='ocrx_word' id='word_1_93' title='bbox 1748 1301 1847 1336; x_wconf 88' lang='lat' dir='ltr'><strong>ca—</strong></span> 
     </span>
    </p>
   </div>
   <div class='ocr_carea' id='block_1_15' title="bbox 247 1373 1850 1438">
    <p class='ocr_par' dir='ltr' id='par_1_15' title="bbox 247 1373 1850 1438">
     <span class='ocr_line' id='line_1_15' title="bbox 247 1373 1850 1438; baseline -0.003 -10"><span class='ocrx_word' id='word_1_94' title='bbox 247 1376 438 1428; x_wconf 80' lang='lat' dir='ltr'><strong>nendo</strong></span> <span class='ocrx_word' id='word_1_95' title='bbox 472 1392 484 1426; x_wconf 83' lang='lat'><strong>:</strong></span> <span class='ocrx_word' id='word_1_96' title='bbox 526 1393 548 1421; x_wconf 71' lang='grc' dir='ltr'><strong>(ι</strong></span> <span class='ocrx_word' id='word_1_97' title='bbox 584 1373 798 1436; x_wconf 74' lang='lat' dir='ltr'><strong>Venite,</strong></span> <span class='ocrx_word' id='word_1_98' title='bbox 837 1374 953 1436; x_wconf 87' lang='lat' dir='ltr'><strong>filii,</strong></span> <span class='ocrx_word' id='word_1_99' title='bbox 992 1373 1181 1426; x_wconf 81' lang='lat' dir='ltr'><strong>audite</strong></span> <span class='ocrx_word' id='word_1_100' title='bbox 1229 1389 1336 1425; x_wconf 87' lang='lat' dir='ltr'><strong>me.</strong></span> <span class='ocrx_word' id='word_1_101' title='bbox 1371 1395 1398 1422; x_wconf 73' lang='lat' dir='ltr'><strong>n</strong></span> <span class='ocrx_word' id='word_1_102' title='bbox 1432 1381 1501 1438; x_wconf 68' lang='lat' dir='ltr'><strong>At</strong></span> <span class='ocrx_word' id='word_1_103' title='bbox 1532 1373 1610 1425; x_wconf 88' lang='lat' dir='ltr'><strong>illi</strong></span> <span class='ocrx_word' id='word_1_104' title='bbox 1652 1373 1850 1424; x_wconf 81' lang='lat' dir='ltr'>fratres</span> 
     </span>
    </p>
   </div>
   <div class='ocr_carea' id='block_1_16' title="bbox 246 1461 1853 1530">
    <p class='ocr_par' dir='ltr' id='par_1_16' title="bbox 246 1461 1853 1530">
     <span class='ocr_line' id='line_1_16' title="bbox 246 1461 1853 1530; baseline -0.002 -13"><span class='ocrx_word' id='word_1_105' title='bbox 246 1464 446 1517; x_wconf 80' lang='lat' dir='ltr'>taliter</span> <span class='ocrx_word' id='word_1_106' title='bbox 464 1463 630 1526; x_wconf 81' lang='lat' dir='ltr'><strong>illusi,</strong></span> <span class='ocrx_word' id='word_1_107' title='bbox 649 1463 717 1515; x_wconf 84' lang='lat' dir='ltr'><strong>ad</strong></span> <span class='ocrx_word' id='word_1_108' title='bbox 748 1463 1150 1515; x_wconf 87' lang='lat' dir='ltr'><strong>monasterium</strong></span> <span class='ocrx_word' id='word_1_109' title='bbox 1173 1469 1306 1514; x_wconf 88' lang='lat' dir='ltr'><strong>sunt</strong></span> <span class='ocrx_word' id='word_1_110' title='bbox 1328 1462 1584 1530; x_wconf 77' lang='lat' dir='ltr'>regressi,</span> <span class='ocrx_word' id='word_1_111' title='bbox 1607 1479 1716 1513; x_wconf 91' lang='lat' dir='ltr'><strong>non</strong></span> <span class='ocrx_word' id='word_1_112' title='bbox 1733 1461 1853 1514; x_wconf 86' lang='lat' dir='ltr'><strong>sine</strong></span> 
     </span>
    </p>
   </div>
   <div class='ocr_carea' id='block_1_17' title="bbox 245 1550 1854 1623">
    <p class='ocr_par' dir='ltr' id='par_1_17' title="bbox 245 1550 1854 1623">
     <span class='ocr_line' id='line_1_17' title="bbox 245 1550 1854 1623; baseline -0.002 -18"><span class='ocrx_word' id='word_1_113' title='bbox 245 1553 620 1623; x_wconf 73' lang='lat' dir='ltr'><strong>ptenitudine,</strong></span> <span class='ocrx_word' id='word_1_114' title='bbox 663 1552 807 1620; x_wconf 86' lang='lat' dir='ltr'><strong>quod</strong></span> <span class='ocrx_word' id='word_1_115' title='bbox 849 1553 968 1616; x_wconf 84' lang='lat' dir='ltr'><strong>ejus</strong></span> <span class='ocrx_word' id='word_1_116' title='bbox 999 1551 1290 1621; x_wconf 88' lang='lat' dir='ltr'><strong>participio</strong></span> <span class='ocrx_word' id='word_1_117' title='bbox 1322 1551 1399 1603; x_wconf 85' lang='lat' dir='ltr'><strong>sic</strong></span> <span class='ocrx_word' id='word_1_118' title='bbox 1436 1551 1655 1604; x_wconf 87' lang='lat' dir='ltr'><strong>fuerant</strong></span> <span class='ocrx_word' id='word_1_119' title='bbox 1685 1550 1854 1603; x_wconf 88' lang='lat' dir='ltr'><strong>tami-</strong></span> 
     </span>
    </p>
   </div>
   <div class='ocr_carea' id='block_1_18' title="bbox 247 1637 1852 1708">
    <p class='ocr_par' dir='ltr' id='par_1_18' title="bbox 247 1637 1852 1708">
     <span class='ocr_line' id='line_1_18' title="bbox 247 1637 1852 1708; baseline -0.003 -14"><span class='ocrx_word' id='word_1_120' title='bbox 247 1643 388 1694; x_wconf 81' lang='lat' dir='ltr'><strong>nati.</strong></span> <span class='ocrx_word' id='word_1_121' title='bbox 414 1642 570 1695; x_wconf 82' lang='lat' dir='ltr'><strong>Tunc</strong></span> <span class='ocrx_word' id='word_1_122' title='bbox 599 1639 999 1700; x_wconf 81' lang='lat' dir='ltr'><strong>Chunibertus,</strong></span> <span class='ocrx_word' id='word_1_123' title='bbox 1024 1639 1166 1692; x_wconf 86' lang='lat' dir='ltr'><strong>alter</strong></span> <span class='ocrx_word' id='word_1_124' title='bbox 1186 1637 1457 1703; x_wconf 83' lang='lat' dir='ltr'><strong>Herodes,</strong></span> <span class='ocrx_word' id='word_1_125' title='bbox 1490 1640 1682 1691; x_wconf 88' lang='lat' dir='ltr'><strong>videns</strong></span> <span class='ocrx_word' id='word_1_126' title='bbox 1705 1638 1852 1708; x_wconf 88' lang='lat' dir='ltr'><strong>quod</strong></span> 
     </span>
    </p>
   </div>
   <div class='ocr_carea' id='block_1_19' title="bbox 1922 473 3519 552">
    <p class='ocr_par' dir='ltr' id='par_1_19' title="bbox 1922 473 3519 552">
     <span class='ocr_line' id='line_1_19' title="bbox 1922 473 3519 552; baseline 0 -18"><span class='ocrx_word' id='word_1_127' title='bbox 1922 483 2210 552; x_wconf 88' lang='lat' dir='ltr'><strong>cujusdam</strong></span> <span class='ocrx_word' id='word_1_128' title='bbox 2245 483 2549 536; x_wconf 82' lang='lat' dir='ltr'><strong>sacerdotis</strong></span> <span class='ocrx_word' id='word_1_129' title='bbox 2593 483 2766 552; x_wconf 83' lang='lat' dir='ltr'><strong>impii.</strong></span> <span class='ocrx_word' id='word_1_130' title='bbox 2802 473 3006 536; x_wconf 78' lang='lat' dir='ltr'><strong>Mansit</strong></span> <span class='ocrx_word' id='word_1_131' title='bbox 3039 499 3170 550; x_wconf 87' lang='lat' dir='ltr'><strong>ergo</strong></span> <span class='ocrx_word' id='word_1_132' title='bbox 3212 499 3422 552; x_wconf 88' lang='lat' dir='ltr'><strong>pauper</strong></span> <span class='ocrx_word' id='word_1_133' title='bbox 3461 489 3519 534; x_wconf 88' lang='lat' dir='ltr'><strong>et</strong></span> 
     </span>
    </p>
   </div>
   <div class='ocr_carea' id='block_1_20' title="bbox 1923 572 3516 641">
    <p class='ocr_par' dir='ltr' id='par_1_20' title="bbox 1923 572 3516 641">
     <span class='ocr_line' id='line_1_20' title="bbox 1923 572 3516 641; baseline -0.001 -17"><span class='ocrx_word' id='word_1_134' title='bbox 1923 573 2075 624; x_wconf 65' lang='lat' dir='ltr'><strong>eitsul</strong></span> <span class='ocrx_word' id='word_1_135' title='bbox 2101 575 2447 641; x_wconf 81' lang='lat' dir='ltr'><strong>aliquantum</strong></span> <span class='ocrx_word' id='word_1_136' title='bbox 2477 572 2746 641; x_wconf 88' lang='lat' dir='ltr'><strong>temporis</strong></span> <span class='ocrx_word' id='word_1_137' title='bbox 2768 581 2921 624; x_wconf 81' lang='lat' dir='ltr'>extra</span> <span class='ocrx_word' id='word_1_138' title='bbox 2953 572 3360 640; x_wconf 72' lang='lat' dir='ltr'><strong>possessionem</strong></span> <span class='ocrx_word' id='word_1_139' title='bbox 3393 588 3516 623; x_wconf 81' lang='lat' dir='ltr'><strong>nio-</strong></span> 
     </span>
    </p>
   </div>
   <div class='ocr_carea' id='block_1_21' title="bbox 1924 660 3518 731">
    <p class='ocr_par' dir='ltr' id='par_1_21' title="bbox 1924 660 3518 731">
     <span class='ocr_line' id='line_1_21' title="bbox 1924 660 3518 731; baseline 0 -18"><span class='ocrx_word' id='word_1_140' title='bbox 1924 662 2173 722; x_wconf 86' lang='lat' dir='ltr'><strong>nasterii,</strong></span> <span class='ocrx_word' id='word_1_141' title='bbox 2221 661 2275 713; x_wconf 92' lang='lat' dir='ltr'><strong>in</strong></span> <span class='ocrx_word' id='word_1_142' title='bbox 2327 661 2440 712; x_wconf 87' lang='lat' dir='ltr'>vico</span> <span class='ocrx_word' id='word_1_143' title='bbox 2489 661 2582 731; x_wconf 90' lang='lat' dir='ltr'><strong>qui</strong></span> <span class='ocrx_word' id='word_1_144' title='bbox 2632 660 2834 713; x_wconf 88' lang='lat' dir='ltr'><strong>dicitur</strong></span> <span class='ocrx_word' id='word_1_145' title='bbox 2877 662 3064 713; x_wconf 86' lang='lat' dir='ltr'><strong>Sancti</strong></span> <span class='ocrx_word' id='word_1_146' title='bbox 3109 661 3413 713; x_wconf 78' lang='lat' dir='ltr'><strong>Antonini:</strong></span> <span class='ocrx_word' id='word_1_147' title='bbox 3449 660 3518 713; x_wconf 85' lang='lat' dir='ltr'><strong>ad</strong></span> 
     </span>
    </p>
   </div>
   <div class='ocr_carea' id='block_1_22' title="bbox 1925 749 3517 818">
    <p class='ocr_par' dir='ltr' id='par_1_22' title="bbox 1925 749 3517 818">
     <span class='ocr_line' id='line_1_22' title="bbox 1925 749 3517 818; baseline -0.002 -15"><span class='ocrx_word' id='word_1_148' title='bbox 1925 767 2090 818; x_wconf 85' lang='lat' dir='ltr'><strong>quem</strong></span> <span class='ocrx_word' id='word_1_149' title='bbox 2111 755 2298 801; x_wconf 88' lang='lat' dir='ltr'><strong>tamen</strong></span> <span class='ocrx_word' id='word_1_150' title='bbox 2320 750 2491 802; x_wconf 81' lang='lat' dir='ltr'>totius</span> <span class='ocrx_word' id='word_1_151' title='bbox 2507 749 2953 818; x_wconf 80' lang='lat' dir='ltr'><strong>congregationis</strong></span> <span class='ocrx_word' id='word_1_152' title='bbox 2969 749 3333 802; x_wconf 78' lang='lat' dir='ltr'><strong>intendebant</strong></span> <span class='ocrx_word' id='word_1_153' title='bbox 3352 749 3517 812; x_wconf 82' lang='lat' dir='ltr'><strong>oculi,</strong></span> 
     </span>
    </p>
   </div>
   <div class='ocr_carea' id='block_1_23' title="bbox 1928 839 3524 909">
    <p class='ocr_par' dir='ltr' id='par_1_23' title="bbox 1928 839 3524 909">
     <span class='ocr_line' id='line_1_23' title="bbox 1928 839 3524 909; baseline 0 -17"><span class='ocrx_word' id='word_1_154' title='bbox 1928 849 1984 892; x_wconf 90' lang='lat' dir='ltr'><strong>et</strong></span> <span class='ocrx_word' id='word_1_155' title='bbox 2013 839 2080 891; x_wconf 90' lang='lat' dir='ltr'><strong>de</strong></span> <span class='ocrx_word' id='word_1_156' title='bbox 2114 839 2260 891; x_wconf 86' lang='lat' dir='ltr'><strong>illius</strong></span> <span class='ocrx_word' id='word_1_157' title='bbox 2291 846 2427 891; x_wconf 90' lang='lat' dir='ltr'><strong>nutu</strong></span> <span class='ocrx_word' id='word_1_158' title='bbox 2463 856 2558 891; x_wconf 87' lang='lat' dir='ltr'><strong>seu</strong></span> <span class='ocrx_word' id='word_1_159' title='bbox 2583 839 2943 908; x_wconf 68' lang='lat' dir='ltr'><strong>dispositione</strong></span> <span class='ocrx_word' id='word_1_160' title='bbox 2972 839 3305 908; x_wconf 84' lang='lat' dir='ltr'><strong>pendebant,</strong></span> <span class='ocrx_word' id='word_1_161' title='bbox 3331 855 3524 909; x_wconf 86' lang='lat' dir='ltr'><strong>quam-</strong></span> 
     </span>
    </p>
   </div>
   <div class='ocr_carea' id='block_1_24' title="bbox 1931 927 3522 996">
    <p class='ocr_par' dir='ltr' id='par_1_24' title="bbox 1931 927 3522 996">
     <span class='ocr_line' id='line_1_24' title="bbox 1931 927 3522 996; baseline 0.003 -19"><span class='ocrx_word' id='word_1_162' title='bbox 1931 927 2007 979; x_wconf 89' lang='lat' dir='ltr'><strong>vis</strong></span> <span class='ocrx_word' id='word_1_163' title='bbox 2037 927 2185 979; x_wconf 87' lang='lat' dir='ltr'><strong>illius</strong></span> <span class='ocrx_word' id='word_1_164' title='bbox 2231 928 2447 980; x_wconf 79' lang='lat' dir='ltr'><strong>scelesti</strong></span> <span class='ocrx_word' id='word_1_165' title='bbox 2481 935 2535 979; x_wconf 90' lang='lat' dir='ltr'><strong>et</strong></span> <span class='ocrx_word' id='word_1_166' title='bbox 2566 928 2819 996; x_wconf 77' lang='lat' dir='ltr'><strong>sacrilegi</strong></span> <span class='ocrx_word' id='word_1_167' title='bbox 2849 930 3104 980; x_wconf 86' lang='lat' dir='ltr'><strong>custodes</strong></span> <span class='ocrx_word' id='word_1_168' title='bbox 3133 947 3196 981; x_wconf 88' lang='lat' dir='ltr'><strong>ac</strong></span> <span class='ocrx_word' id='word_1_169' title='bbox 3233 930 3423 982; x_wconf 85' lang='lat' dir='ltr'><strong>famuli</strong></span> <span class='ocrx_word' id='word_1_170' title='bbox 3466 931 3522 982; x_wconf 91' lang='lat' dir='ltr'><strong>in</strong></span> 
     </span>
    </p>
   </div>
   <div class='ocr_carea' id='block_1_25' title="bbox 1931 1017 3523 1089">
    <p class='ocr_par' dir='ltr' id='par_1_25' title="bbox 1931 1017 3523 1089">
     <span class='ocr_line' id='line_1_25' title="bbox 1931 1017 3523 1089; baseline 0.003 -22"><span class='ocrx_word' id='word_1_171' title='bbox 1931 1021 2118 1068; x_wconf 75' lang='lat' dir='ltr'><strong>monte</strong></span> <span class='ocrx_word' id='word_1_172' title='bbox 2140 1017 2465 1076; x_wconf 79' lang='lat' dir='ltr'><strong>residentes,</strong></span> <span class='ocrx_word' id='word_1_173' title='bbox 2489 1017 2631 1069; x_wconf 86' lang='lat' dir='ltr'>sacri</span> <span class='ocrx_word' id='word_1_174' title='bbox 2652 1017 2846 1070; x_wconf 84' lang='lat' dir='ltr'><strong>altaris</strong></span> <span class='ocrx_word' id='word_1_175' title='bbox 2869 1017 3239 1070; x_wconf 82' lang='lat' dir='ltr'><strong>oblationibus</strong></span> <span class='ocrx_word' id='word_1_176' title='bbox 3260 1018 3523 1089; x_wconf 82' lang='lat' dir='ltr'><strong>diripien-</strong></span> 
     </span>
    </p>
   </div>
   <div class='ocr_carea' id='block_1_26' title="bbox 1931 1103 2690 1156">
    <p class='ocr_par' dir='ltr' id='par_1_26' title="bbox 1931 1103 2690 1156">
     <span class='ocr_line' id='line_1_26' title="bbox 1931 1103 2690 1156; baseline -0.001 0"><span class='ocrx_word' id='word_1_177' title='bbox 1931 1103 2015 1156; x_wconf 88' lang='lat' dir='ltr'>dis</span> <span class='ocrx_word' id='word_1_178' title='bbox 2043 1104 2322 1156; x_wconf 87' lang='lat' dir='ltr'><strong>inhianter</strong></span> <span class='ocrx_word' id='word_1_179' title='bbox 2352 1104 2690 1156; x_wconf 79' lang='lat' dir='ltr'><strong>insisterent.</strong></span> 
     </span>
    </p>
   </div>
   <div class='ocr_carea' id='block_1_27' title="bbox 2005 1192 3528 1260">
    <p class='ocr_par' dir='ltr' id='par_1_27' title="bbox 2005 1192 3528 1260">
     <span class='ocr_line' id='line_1_27' title="bbox 2005 1192 3528 1260; baseline 0.001 -14"><span class='ocrx_word' id='word_1_180' title='bbox 2005 1192 2091 1246; x_wconf 63' lang='lat'><strong>1’9.</strong></span> <span class='ocrx_word' id='word_1_181' title='bbox 2120 1197 2442 1245; x_wconf 71' lang='lat' dir='ltr'><strong>Cassianum</strong></span> <span class='ocrx_word' id='word_1_182' title='bbox 2468 1196 2540 1245; x_wconf 79' lang='lat' dir='ltr'><strong>ad</strong></span> <span class='ocrx_word' id='word_1_183' title='bbox 2557 1195 2765 1258; x_wconf 53' lang='lat' dir='ltr'><strong>Reg-uix</strong></span> <span class='ocrx_word' id='word_1_184' title='bbox 2790 1198 3208 1260; x_wconf 68' lang='lat' dir='ltr'><strong>ins‘rllz&#39;gmliam</strong></span> <span class='ocrx_word' id='word_1_185' title='bbox 3235 1214 3337 1248; x_wconf 70' lang='lat' dir='ltr'><strong>esse</strong></span> <span class='ocrx_word' id='word_1_186' title='bbox 3359 1214 3528 1251; x_wconf 71' lang='lat' dir='ltr'><strong>neces.</strong></span> 
     </span>
    </p>
   </div>
   <div class='ocr_carea' id='block_1_28' title="bbox 1933 1281 3529 1353">
    <p class='ocr_par' dir='ltr' id='par_1_28' title="bbox 1933 1281 3529 1353">
     <span class='ocr_line' id='line_1_28' title="bbox 1933 1281 3529 1353; baseline 0.005 -22"><span class='ocrx_word' id='word_1_187' title='bbox 1933 1283 2149 1332; x_wconf 72' lang='lat' dir='ltr'><strong>sarium</strong></span> <span class='ocrx_word' id='word_1_188' title='bbox 2183 1281 2358 1332; x_wconf 60' lang='lat' dir='ltr'><strong>dist-it.</strong></span> <span class='ocrx_word' id='word_1_189' title='bbox 2401 1281 2519 1334; x_wconf 71' lang='lat' dir='ltr'><strong>Sub</strong></span> <span class='ocrx_word' id='word_1_190' title='bbox 2551 1283 2744 1335; x_wconf 87' lang='lat' dir='ltr'><strong>eodem</strong></span> <span class='ocrx_word' id='word_1_191' title='bbox 2775 1290 3045 1353; x_wconf 87' lang='lat' dir='ltr'><strong>tempore,</strong></span> <span class='ocrx_word' id='word_1_192' title='bbox 3082 1301 3207 1336; x_wconf 89' lang='lat' dir='ltr'><strong>cum</strong></span> <span class='ocrx_word' id='word_1_193' title='bbox 3258 1287 3529 1339; x_wconf 88' lang='lat' dir='ltr'><strong>mundani</strong></span> 
     </span>
    </p>
   </div>
   <div class='ocr_carea' id='block_1_29' title="bbox 1935 1369 3530 1442">
    <p class='ocr_par' dir='ltr' id='par_1_29' title="bbox 1935 1369 3530 1442">
     <span class='ocr_line' id='line_1_29' title="bbox 1935 1369 3530 1442; baseline 0.005 -22"><span class='ocrx_word' id='word_1_194' title='bbox 1935 1369 2204 1437; x_wconf 86' lang='lat' dir='ltr'>strepitus</span> <span class='ocrx_word' id='word_1_195' title='bbox 2243 1385 2410 1438; x_wconf 89' lang='lat' dir='ltr'><strong>quam</strong></span> <span class='ocrx_word' id='word_1_196' title='bbox 2455 1371 2695 1423; x_wconf 81' lang='lat' dir='ltr'><strong>maxime</strong></span> <span class='ocrx_word' id='word_1_197' title='bbox 2743 1387 2974 1425; x_wconf 88' lang='lat' dir='ltr'><strong>securus</strong></span> <span class='ocrx_word' id='word_1_198' title='bbox 3017 1373 3208 1426; x_wconf 80' lang='lat' dir='ltr'><strong>amicae</strong></span> <span class='ocrx_word' id='word_1_199' title='bbox 3257 1375 3429 1442; x_wconf 86' lang='lat' dir='ltr'><strong>quieti</strong></span> <span class='ocrx_word' id='word_1_200' title='bbox 3473 1382 3530 1428; x_wconf 93' lang='lat' dir='ltr'><strong>et</strong></span> 
     </span>
    </p>
   </div>
   <div class='ocr_carea' id='block_1_30' title="bbox 1935 1458 3533 1532">
    <p class='ocr_par' dir='ltr' id='par_1_30' title="bbox 1935 1458 3533 1532">
     <span class='ocr_line' id='line_1_30' title="bbox 1935 1458 3533 1532; baseline 0.004 -23"><span class='ocrx_word' id='word_1_201' title='bbox 1935 1458 2190 1510; x_wconf 87' lang='lat' dir='ltr'><strong>lectionis</strong></span> <span class='ocrx_word' id='word_1_202' title='bbox 2237 1458 2422 1510; x_wconf 88' lang='lat' dir='ltr'>studio</span> <span class='ocrx_word' id='word_1_203' title='bbox 2468 1477 2694 1528; x_wconf 84' lang='lat' dir='ltr'><strong>operam</strong></span> <span class='ocrx_word' id='word_1_204' title='bbox 2726 1461 2900 1522; x_wconf 81' lang='lat' dir='ltr'><strong>daret,</strong></span> <span class='ocrx_word' id='word_1_205' title='bbox 2934 1467 2991 1513; x_wconf 89' lang='lat' dir='ltr'><strong>et</strong></span> <span class='ocrx_word' id='word_1_206' title='bbox 3024 1463 3092 1514; x_wconf 90' lang='lat' dir='ltr'><strong>ad</strong></span> <span class='ocrx_word' id='word_1_207' title='bbox 3140 1463 3533 1532; x_wconf 86' lang='lat' dir='ltr'><strong>intelligendas</strong></span> 
     </span>
    </p>
   </div>
   <div class='ocr_carea' id='block_1_31' title="bbox 1939 1546 3532 1622">
    <p class='ocr_par' dir='ltr' id='par_1_31' title="bbox 1939 1546 3532 1622">
     <span class='ocr_line' id='line_1_31' title="bbox 1939 1546 3532 1622; baseline 0.005 -24"><span class='ocrx_word' id='word_1_208' title='bbox 1939 1546 2161 1615; x_wconf 65' lang='lat' dir='ltr'><strong>Regulae</strong></span> <span class='ocrx_word' id='word_1_209' title='bbox 2203 1548 2472 1616; x_wconf 88' lang='lat' dir='ltr'><strong>quasdam</strong></span> <span class='ocrx_word' id='word_1_210' title='bbox 2500 1549 2826 1612; x_wconf 83' lang='lat' dir='ltr'><strong>sententias,</strong></span> <span class='ocrx_word' id='word_1_211' title='bbox 2862 1567 3094 1619; x_wconf 87' lang='lat' dir='ltr'><strong>quarum</strong></span> <span class='ocrx_word' id='word_1_212' title='bbox 3129 1553 3389 1622; x_wconf 86' lang='lat' dir='ltr'>scrupulo</span> <span class='ocrx_word' id='word_1_213' title='bbox 3420 1569 3532 1606; x_wconf 88' lang='lat' dir='ltr'><strong>non</strong></span> 
     </span>
    </p>
   </div>
   <div class='ocr_carea' id='block_1_32' title="bbox 1938 1636 3533 1709">
    <p class='ocr_par' dir='ltr' id='par_1_32' title="bbox 1938 1636 3533 1709">
     <span class='ocr_line' id='line_1_32' title="bbox 1938 1636 3533 1709; baseline 0.005 -22"><span class='ocrx_word' id='word_1_214' title='bbox 1938 1652 2134 1705; x_wconf 89' lang='lat' dir='ltr'><strong>parum</strong></span> <span class='ocrx_word' id='word_1_215' title='bbox 2170 1636 2512 1700; x_wconf 76' lang='lat' dir='ltr'><strong>movel&#39;mtur,</strong></span> <span class='ocrx_word' id='word_1_216' title='bbox 2555 1639 2622 1690; x_wconf 88' lang='lat' dir='ltr'><strong>ad</strong></span> <span class='ocrx_word' id='word_1_217' title='bbox 2672 1639 2874 1690; x_wconf 88' lang='lat' dir='ltr'><strong>ostium</strong></span> <span class='ocrx_word' id='word_1_218' title='bbox 2909 1641 3070 1692; x_wconf 82' lang='lat' dir='ltr'><strong>amici</strong></span> <span class='ocrx_word' id='word_1_219' title='bbox 3111 1641 3375 1709; x_wconf 88' lang='lat' dir='ltr'><strong>pulsaret,</strong></span> <span class='ocrx_word' id='word_1_220' title='bbox 3409 1659 3533 1695; x_wconf 90' lang='lat' dir='ltr'><strong>san-</strong></span> 
     </span>
    </p>
   </div>
   <div class='ocr_carea' id='block_1_33' title="bbox 249 1725 3534 1803">
    <p class='ocr_par' dir='ltr' id='par_1_33' title="bbox 249 1725 3534 1803">
     <span class='ocr_line' id='line_1_33' title="bbox 249 1725 3534 1803; baseline 0 -21"><span class='ocrx_word' id='word_1_221' title='bbox 249 1729 323 1783; x_wconf 82' lang='lat' dir='ltr'><strong>ab</strong></span> <span class='ocrx_word' id='word_1_222' title='bbox 355 1730 466 1782; x_wconf 87' lang='lat' dir='ltr'><strong>illis</strong></span> <span class='ocrx_word' id='word_1_223' title='bbox 495 1728 738 1782; x_wconf 87' lang='lat' dir='ltr'><strong>ludibrio</strong></span> <span class='ocrx_word' id='word_1_224' title='bbox 767 1728 839 1781; x_wconf 88' lang='lat' dir='ltr'><strong>sit</strong></span> <span class='ocrx_word' id='word_1_225' title='bbox 868 1727 1109 1790; x_wconf 86' lang='lat' dir='ltr'><strong>habitus,</strong></span> <span class='ocrx_word' id='word_1_226' title='bbox 1144 1728 1340 1797; x_wconf 86' lang='lat' dir='ltr'><strong>majori</strong></span> <span class='ocrx_word' id='word_1_227' title='bbox 1375 1728 1778 1796; x_wconf 76' lang='lat' dir='ltr'><strong>indignationis</strong></span> <span class='ocrx_word' id='word_1_228' title='bbox 1800 1736 1856 1780; x_wconf 92' lang='lat' dir='ltr'><strong>et</strong></span> <span class='ocrx_word' id='word_1_229' title='bbox 1877 1747 1916 1803; x_wconf 72' lang='grc' dir='ltr'>Β</span> <span class='ocrx_word' id='word_1_230' title='bbox 1937 1731 2058 1778; x_wconf 87' lang='lat' dir='ltr'><strong>ctus</strong></span> <span class='ocrx_word' id='word_1_231' title='bbox 2101 1725 2429 1778; x_wconf 87' lang='lat' dir='ltr'><strong>Benedictus</strong></span> <span class='ocrx_word' id='word_1_232' title='bbox 2461 1727 2858 1779; x_wconf 83' lang='lat' dir='ltr'><strong>monachorum</strong></span> <span class='ocrx_word' id='word_1_233' title='bbox 2893 1729 3180 1796; x_wconf 87' lang='lat' dir='ltr'><strong>legislator</strong></span> <span class='ocrx_word' id='word_1_234' title='bbox 3219 1736 3275 1783; x_wconf 91' lang='lat' dir='ltr'><strong>et</strong></span> <span class='ocrx_word' id='word_1_235' title='bbox 3303 1731 3534 1800; x_wconf 81' lang='lat' dir='ltr'><strong>signifer</strong></span> 
     </span>
    </p>
   </div>
   <div class='ocr_carea' id='block_1_34' title="bbox 245 1817 1853 1878">
    <p class='ocr_par' dir='ltr' id='par_1_34' title="bbox 245 1817 1853 1878">
     <span class='ocr_line' id='line_1_34' title="bbox 245 1817 1853 1878; baseline -0.001 -6"><span class='ocrx_word' id='word_1_236' title='bbox 245 1820 348 1872; x_wconf 70' lang='lat' dir='ltr'><strong>iraa</strong></span> <span class='ocrx_word' id='word_1_237' title='bbox 375 1819 496 1871; x_wconf 83' lang='lat' dir='ltr'><strong>face</strong></span> <span class='ocrx_word' id='word_1_238' title='bbox 525 1833 843 1878; x_wconf 80' lang='lat' dir='ltr'><strong>succensus,</strong></span> <span class='ocrx_word' id='word_1_239' title='bbox 879 1834 1008 1870; x_wconf 89' lang='lat' dir='ltr'><strong>suas</strong></span> <span class='ocrx_word' id='word_1_240' title='bbox 1042 1817 1183 1870; x_wconf 84' lang='lat' dir='ltr'><strong>vires</strong></span> <span class='ocrx_word' id='word_1_241' title='bbox 1209 1817 1428 1874; x_wconf 77' lang='lat' dir='ltr'><strong>exserit,</strong></span> <span class='ocrx_word' id='word_1_242' title='bbox 1465 1817 1648 1870; x_wconf 89' lang='lat' dir='ltr'><strong>hostili</strong></span> <span class='ocrx_word' id='word_1_243' title='bbox 1685 1834 1853 1870; x_wconf 87' lang='lat' dir='ltr'><strong>manu</strong></span> 
     </span>
    </p>
   </div>
   <div class='ocr_carea' id='block_1_35' title="bbox 249 1905 1853 1976">
    <p class='ocr_par' dir='ltr' id='par_1_35' title="bbox 249 1905 1853 1976">
     <span class='ocr_line' id='line_1_35' title="bbox 249 1905 1853 1976; baseline -0.002 -15"><span class='ocrx_word' id='word_1_244' title='bbox 249 1907 583 1961; x_wconf 75' lang='lat' dir='ltr'><strong>monasterii</strong></span> <span class='ocrx_word' id='word_1_245' title='bbox 615 1919 780 1974; x_wconf 82' lang='lat' dir='ltr'><strong>agros</strong></span> <span class='ocrx_word' id='word_1_246' title='bbox 812 1907 1129 1976; x_wconf 83' lang='lat' dir='ltr'><strong>populatur,</strong></span> <span class='ocrx_word' id='word_1_247' title='bbox 1169 1906 1324 1958; x_wconf 88' lang='lat' dir='ltr'><strong>villas</strong></span> <span class='ocrx_word' id='word_1_248' title='bbox 1354 1911 1411 1958; x_wconf 90' lang='lat' dir='ltr'><strong>et</strong></span> <span class='ocrx_word' id='word_1_249' title='bbox 1450 1906 1709 1959; x_wconf 85' lang='lat' dir='ltr'><strong>ecclesias</strong></span> <span class='ocrx_word' id='word_1_250' title='bbox 1741 1905 1853 1974; x_wconf 85' lang='lat' dir='ltr'><strong>igni</strong></span> 
     </span>
    </p>
   </div>
   <div class='ocr_carea' id='block_1_36' title="bbox 249 1995 1855 2065">
    <p class='ocr_par' dir='ltr' id='par_1_36' title="bbox 249 1995 1855 2065">
     <span class='ocr_line' id='line_1_36' title="bbox 249 1995 1855 2065; baseline -0.002 -15"><span class='ocrx_word' id='word_1_251' title='bbox 249 1999 598 2056; x_wconf 80' lang='lat' dir='ltr'><strong>concremat,</strong></span> <span class='ocrx_word' id='word_1_252' title='bbox 630 1997 885 2065; x_wconf 83' lang='lat' dir='ltr'><strong>factaque</strong></span> <span class='ocrx_word' id='word_1_253' title='bbox 918 1995 1096 2048; x_wconf 88' lang='lat' dir='ltr'><strong>multa</strong></span> <span class='ocrx_word' id='word_1_254' title='bbox 1135 1995 1342 2064; x_wconf 56' lang='lat' dir='ltr'><strong>prasda,</strong></span> <span class='ocrx_word' id='word_1_255' title='bbox 1375 1996 1471 2047; x_wconf 86' lang='lat' dir='ltr'><strong>sed</strong></span> <span class='ocrx_word' id='word_1_256' title='bbox 1505 2011 1614 2047; x_wconf 89' lang='lat' dir='ltr'><strong>non</strong></span> <span class='ocrx_word' id='word_1_257' title='bbox 1647 1995 1855 2064; x_wconf 87' lang='lat' dir='ltr'><strong>absque</strong></span> 
     </span>
    </p>
   </div>
   <div class='ocr_carea' id='block_1_37' title="bbox 249 2083 1857 2154">
    <p class='ocr_par' dir='ltr' id='par_1_37' title="bbox 249 2083 1857 2154">
     <span class='ocr_line' id='line_1_37' title="bbox 249 2083 1857 2154; baseline -0.002 -16"><span class='ocrx_word' id='word_1_258' title='bbox 249 2099 485 2138; x_wconf 82' lang='lat' dir='ltr'><strong>suorum</strong></span> <span class='ocrx_word' id='word_1_259' title='bbox 512 2084 711 2154; x_wconf 86' lang='lat' dir='ltr'><strong>grandi</strong></span> <span class='ocrx_word' id='word_1_260' title='bbox 737 2086 977 2153; x_wconf 78' lang='lat' dir='ltr'><strong>jactura,</strong></span> <span class='ocrx_word' id='word_1_261' title='bbox 1002 2083 1163 2146; x_wconf 87' lang='lat' dir='ltr'><strong>redit,</strong></span> <span class='ocrx_word' id='word_1_262' title='bbox 1194 2083 1436 2136; x_wconf 89' lang='lat' dir='ltr'><strong>militum</strong></span> <span class='ocrx_word' id='word_1_263' title='bbox 1466 2084 1689 2153; x_wconf 80' lang='lat' dir='ltr'><strong>agmine</strong></span> <span class='ocrx_word' id='word_1_264' title='bbox 1717 2085 1857 2136; x_wconf 86' lang='lat' dir='ltr'><strong>lace-</strong></span> 
     </span>
    </p>
   </div>
   <div class='ocr_carea' id='block_1_38' title="bbox 252 2173 780 2243">
    <p class='ocr_par' dir='ltr' id='par_1_38' title="bbox 252 2173 780 2243">
     <span class='ocr_line' id='line_1_38' title="bbox 252 2173 780 2243; baseline -0.008 -15"><span class='ocrx_word' id='word_1_265' title='bbox 252 2180 398 2238; x_wconf 83' lang='lat' dir='ltr'><strong>rato,</strong></span> <span class='ocrx_word' id='word_1_266' title='bbox 433 2174 503 2226; x_wconf 87' lang='lat' dir='ltr'><strong>ad</strong></span> <span class='ocrx_word' id='word_1_267' title='bbox 537 2173 780 2243; x_wconf 87' lang='lat' dir='ltr'><strong>propria.</strong></span> 
     </span>
    </p>
   </div>
   <div class='ocr_carea' id='block_1_39' title="bbox 326 2261 1861 2331">
    <p class='ocr_par' dir='ltr' id='par_1_39' title="bbox 326 2261 1861 2331">
     <span class='ocr_line' id='line_1_39' title="bbox 326 2261 1861 2331; baseline -0.002 -14"><span class='ocrx_word' id='word_1_268' title='bbox 326 2261 416 2318; x_wconf 70' lang='lat'><strong>‘27.</strong></span> <span class='ocrx_word' id='word_1_269' title='bbox 469 2263 575 2315; x_wconf 88' lang='lat' dir='ltr'><strong>Sed</strong></span> <span class='ocrx_word' id='word_1_270' title='bbox 625 2261 927 2315; x_wconf 85' lang='lat' dir='ltr'><strong>Benedicto</strong></span> <span class='ocrx_word' id='word_1_271' title='bbox 970 2261 1086 2314; x_wconf 65' lang='lat' dir='ltr'><strong>haec</strong></span> <span class='ocrx_word' id='word_1_272' title='bbox 1125 2261 1400 2331; x_wconf 86' lang='lat' dir='ltr'><strong>intrepide</strong></span> <span class='ocrx_word' id='word_1_273' title='bbox 1443 2261 1762 2330; x_wconf 80' lang='lat' dir='ltr'><strong>aspiciente,</strong></span> <span class='ocrx_word' id='word_1_274' title='bbox 1806 2265 1861 2314; x_wconf 92' lang='lat' dir='ltr'><strong>et</strong></span> 
     </span>
    </p>
   </div>
   <div class='ocr_carea' id='block_1_40' title="bbox 253 2349 1863 2422">
    <p class='ocr_par' dir='ltr' id='par_1_40' title="bbox 253 2349 1863 2422">
     <span class='ocr_line' id='line_1_40' title="bbox 253 2349 1863 2422; baseline -0.002 -17"><span class='ocrx_word' id='word_1_275' title='bbox 253 2365 428 2422; x_wconf 63' lang='lat' dir='ltr'><strong>seper</strong></span> <span class='ocrx_word' id='word_1_276' title='bbox 466 2353 586 2420; x_wconf 85' lang='lat' dir='ltr'><strong>ejus</strong></span> <span class='ocrx_word' id='word_1_277' title='bbox 610 2351 865 2403; x_wconf 86' lang='lat' dir='ltr'><strong>vecordia</strong></span> <span class='ocrx_word' id='word_1_278' title='bbox 894 2351 1071 2419; x_wconf 85' lang='lat' dir='ltr'><strong>magis</strong></span> <span class='ocrx_word' id='word_1_279' title='bbox 1099 2351 1268 2403; x_wconf 86' lang='lat' dir='ltr'><strong>flente</strong></span> <span class='ocrx_word' id='word_1_280' title='bbox 1304 2358 1359 2403; x_wconf 91' lang='lat' dir='ltr'><strong>et</strong></span> <span class='ocrx_word' id='word_1_281' title='bbox 1399 2357 1613 2410; x_wconf 85' lang='lat' dir='ltr'><strong>orante,</strong></span> <span class='ocrx_word' id='word_1_282' title='bbox 1659 2349 1863 2402; x_wconf 77' lang='lat' dir='ltr'><strong>Chuni-</strong></span> 
     </span>
    </p>
   </div>
   <div class='ocr_carea' id='block_1_41' title="bbox 258 2439 1867 2507">
    <p class='ocr_par' dir='ltr' id='par_1_41' title="bbox 258 2439 1867 2507">
     <span class='ocr_line' id='line_1_41' title="bbox 258 2439 1867 2507; baseline -0.002 -13"><span class='ocrx_word' id='word_1_283' title='bbox 258 2441 456 2494; x_wconf 84' lang='lat' dir='ltr'><strong>bertus</strong></span> <span class='ocrx_word' id='word_1_284' title='bbox 509 2440 873 2493; x_wconf 87' lang='lat' dir='ltr'><strong>nihilominus</strong></span> <span class='ocrx_word' id='word_1_285' title='bbox 906 2455 1029 2492; x_wconf 89' lang='lat' dir='ltr'><strong>cum</strong></span> <span class='ocrx_word' id='word_1_286' title='bbox 1062 2440 1228 2492; x_wconf 82' lang='lat' dir='ltr'><strong>Petro</strong></span> <span class='ocrx_word' id='word_1_287' title='bbox 1259 2439 1580 2491; x_wconf 75' lang='lat' dir='ltr'><strong>mai-Chione</strong></span> <span class='ocrx_word' id='word_1_288' title='bbox 1610 2440 1867 2507; x_wconf 88' lang='lat' dir='ltr'><strong>conjurat</strong></span> 
     </span>
    </p>
   </div>
   <div class='ocr_carea' id='block_1_42' title="bbox 260 2527 1862 2598">
    <p class='ocr_par' dir='ltr' id='par_1_42' title="bbox 260 2527 1862 2598">
     <span class='ocr_line' id='line_1_42' title="bbox 260 2527 1862 2598; baseline -0.001 -16"><span class='ocrx_word' id='word_1_289' title='bbox 260 2536 345 2591; x_wconf 86' lang='lat' dir='ltr'><strong>ut,</strong></span> <span class='ocrx_word' id='word_1_290' title='bbox 368 2542 516 2598; x_wconf 74' lang='lat' dir='ltr'><strong>saepe</strong></span> <span class='ocrx_word' id='word_1_291' title='bbox 537 2529 684 2581; x_wconf 89' lang='lat' dir='ltr'><strong>dicto</strong></span> <span class='ocrx_word' id='word_1_292' title='bbox 705 2527 950 2581; x_wconf 82' lang='lat' dir='ltr'><strong>abbatea</strong></span> <span class='ocrx_word' id='word_1_293' title='bbox 968 2529 1305 2580; x_wconf 87' lang='lat' dir='ltr'><strong>monasterio</strong></span> <span class='ocrx_word' id='word_1_294' title='bbox 1329 2530 1526 2597; x_wconf 87' lang='lat' dir='ltr'><strong>ejecto,</strong></span> <span class='ocrx_word' id='word_1_295' title='bbox 1548 2529 1716 2580; x_wconf 87' lang='lat' dir='ltr'><strong>alium</strong></span> <span class='ocrx_word' id='word_1_296' title='bbox 1740 2527 1862 2589; x_wconf 87' lang='lat' dir='ltr'><strong>sibi,</strong></span> 
     </span>
    </p>
   </div>
   <div class='ocr_carea' id='block_1_43' title="bbox 266 2617 1866 2688">
    <p class='ocr_par' dir='ltr' id='par_1_43' title="bbox 266 2617 1866 2688">
     <span class='ocr_line' id='line_1_43' title="bbox 266 2617 1866 2688; baseline -0.001 -18"><span class='ocrx_word' id='word_1_297' title='bbox 266 2619 409 2688; x_wconf 83' lang='lat' dir='ltr'><strong>proh</strong></span> <span class='ocrx_word' id='word_1_298' title='bbox 437 2619 628 2670; x_wconf 83' lang='lat' dir='ltr'><strong>nefas!</strong></span> <span class='ocrx_word' id='word_1_299' title='bbox 661 2617 864 2669; x_wconf 83' lang='lat' dir='ltr'><strong>ibidem</strong></span> <span class='ocrx_word' id='word_1_300' title='bbox 899 2633 1221 2687; x_wconf 65' lang='lat' dir='ltr'><strong>praeponere</strong></span> <span class='ocrx_word' id='word_1_301' title='bbox 1252 2617 1433 2669; x_wconf 89' lang='lat' dir='ltr'><strong>liceat.</strong></span> <span class='ocrx_word' id='word_1_302' title='bbox 1468 2618 1580 2669; x_wconf 79' lang='lat' dir='ltr'><strong>Nec</strong></span> <span class='ocrx_word' id='word_1_303' title='bbox 1613 2632 1786 2672; x_wconf 78' lang='lat' dir='ltr'><strong>mora.</strong></span> <span class='ocrx_word' id='word_1_304' title='bbox 1814 2622 1866 2669; x_wconf 85' lang='lat' dir='ltr'><strong>et</strong></span> 
     </span>
    </p>
   </div>
   <div class='ocr_carea' id='block_1_44' title="bbox 268 2706 1865 2776">
    <p class='ocr_par' dir='ltr' id='par_1_44' title="bbox 268 2706 1865 2776">
     <span class='ocr_line' id='line_1_44' title="bbox 268 2706 1865 2776; baseline -0.003 -16"><span class='ocrx_word' id='word_1_305' title='bbox 268 2724 397 2760; x_wconf 84' lang='lat' dir='ltr'><strong>ecce</strong></span> <span class='ocrx_word' id='word_1_306' title='bbox 421 2713 660 2776; x_wconf 88' lang='lat' dir='ltr'><strong>uterque</strong></span> <span class='ocrx_word' id='word_1_307' title='bbox 678 2708 854 2759; x_wconf 90' lang='lat' dir='ltr'><strong>multo</strong></span> <span class='ocrx_word' id='word_1_308' title='bbox 880 2706 1054 2759; x_wconf 89' lang='lat' dir='ltr'><strong>milite</strong></span> <span class='ocrx_word' id='word_1_309' title='bbox 1076 2707 1664 2775; x_wconf 87' lang='lat' dir='ltr'><strong>stipatusadsanctum</strong></span> <span class='ocrx_word' id='word_1_310' title='bbox 1685 2706 1865 2757; x_wconf 88' lang='lat' dir='ltr'><strong>locum</strong></span> 
     </span>
    </p>
   </div>
   <div class='ocr_carea' id='block_1_45' title="bbox 266 2794 1864 2867">
    <p class='ocr_par' dir='ltr' id='par_1_45' title="bbox 266 2794 1864 2867">
     <span class='ocr_line' id='line_1_45' title="bbox 266 2794 1864 2867; baseline -0.002 -18"><span class='ocrx_word' id='word_1_311' title='bbox 266 2803 557 2867; x_wconf 83' lang='lat' dir='ltr'><strong>properat,</strong></span> <span class='ocrx_word' id='word_1_312' title='bbox 588 2801 760 2865; x_wconf 67' lang='lat' dir='ltr'><strong>porta:</strong></span> <span class='ocrx_word' id='word_1_313' title='bbox 783 2796 1173 2864; x_wconf 71' lang='lat' dir='ltr'><strong>effringuntur,</strong></span> <span class='ocrx_word' id='word_1_314' title='bbox 1199 2795 1404 2848; x_wconf 89' lang='lat' dir='ltr'><strong>famulo</strong></span> <span class='ocrx_word' id='word_1_315' title='bbox 1425 2794 1522 2847; x_wconf 89' lang='lat' dir='ltr'><strong>Dei</strong></span> <span class='ocrx_word' id='word_1_316' title='bbox 1546 2794 1864 2854; x_wconf 84' lang='lat' dir='ltr'><strong>Benedicto,</strong></span> 
     </span>
    </p>
   </div>
   <div class='ocr_carea' id='block_1_46' title="bbox 265 2883 1864 2955">
    <p class='ocr_par' dir='ltr' id='par_1_46' title="bbox 265 2883 1864 2955">
     <span class='ocr_line' id='line_1_46' title="bbox 265 2883 1864 2955; baseline -0.001 -17"><span class='ocrx_word' id='word_1_317' title='bbox 265 2893 332 2938; x_wconf 89' lang='lat' dir='ltr'><strong>ut</strong></span> <span class='ocrx_word' id='word_1_318' title='bbox 361 2901 530 2955; x_wconf 78' lang='lat' dir='ltr'><strong>quam</strong></span> <span class='ocrx_word' id='word_1_319' title='bbox 563 2885 673 2937; x_wconf 91' lang='lat' dir='ltr'><strong>cito</strong></span> <span class='ocrx_word' id='word_1_320' title='bbox 722 2888 899 2947; x_wconf 83' lang='lat' dir='ltr'><strong>exeat,</strong></span> <span class='ocrx_word' id='word_1_321' title='bbox 952 2884 1282 2953; x_wconf 85' lang='lat' dir='ltr'><strong>imperatur.</strong></span> <span class='ocrx_word' id='word_1_322' title='bbox 1320 2885 1427 2937; x_wconf 88' lang='lat' dir='ltr'><strong>Sed</strong></span> <span class='ocrx_word' id='word_1_323' title='bbox 1474 2883 1652 2936; x_wconf 81' lang='lat' dir='ltr'><strong>adfuit</strong></span> <span class='ocrx_word' id='word_1_324' title='bbox 1701 2884 1864 2953; x_wconf 83' lang='lat' dir='ltr'><strong>plane</strong></span> 
     </span>
    </p>
   </div>
   <div class='ocr_carea' id='block_1_47' title="bbox 266 2972 1875 3041">
    <p class='ocr_par' dir='ltr' id='par_1_47' title="bbox 266 2972 1875 3041">
     <span class='ocr_line' id='line_1_47' title="bbox 266 2972 1875 3041; baseline -0.001 -15"><span class='ocrx_word' id='word_1_325' title='bbox 266 2975 447 3027; x_wconf 84' lang='lat' dir='ltr'><strong>virtus</strong></span> <span class='ocrx_word' id='word_1_326' title='bbox 475 2973 679 3026; x_wconf 83' lang='lat' dir='ltr'><strong>divina.</strong></span> <span class='ocrx_word' id='word_1_327' title='bbox 719 2974 892 3026; x_wconf 84' lang='lat' dir='ltr'><strong>Nocte</strong></span> <span class='ocrx_word' id='word_1_328' title='bbox 919 2974 1065 3026; x_wconf 89' lang='lat' dir='ltr'><strong>enim</strong></span> <span class='ocrx_word' id='word_1_329' title='bbox 1097 2975 1214 3041; x_wconf 84' lang='lat' dir='ltr'><strong>jam</strong></span> <span class='ocrx_word' id='word_1_330' title='bbox 1244 2974 1595 3034; x_wconf 84' lang='lat' dir='ltr'><strong>imminente,</strong></span> <span class='ocrx_word' id='word_1_331' title='bbox 1629 2973 1761 3025; x_wconf 90' lang='lat' dir='ltr'><strong>dum</strong></span> <span class='ocrx_word' id='word_1_332' title='bbox 1795 2972 1875 3024; x_wconf 86' lang='lat' dir='ltr'><strong>vir</strong></span> 
     </span>
    </p>
   </div>
   <div class='ocr_carea' id='block_1_48' title="bbox 1940 1815 3533 1890">
    <p class='ocr_par' dir='ltr' id='par_1_48' title="bbox 1940 1815 3533 1890">
     <span class='ocr_line' id='line_1_48' title="bbox 1940 1815 3533 1890; baseline 0.005 -24"><span class='ocrx_word' id='word_1_333' title='bbox 1940 1815 1995 1866; x_wconf 89' lang='lat' dir='ltr'><strong>in</strong></span> <span class='ocrx_word' id='word_1_334' title='bbox 2026 1815 2235 1867; x_wconf 89' lang='lat' dir='ltr'><strong>somnis</strong></span> <span class='ocrx_word' id='word_1_335' title='bbox 2265 1816 2344 1868; x_wconf 93' lang='lat' dir='ltr'><strong>illi</strong></span> <span class='ocrx_word' id='word_1_336' title='bbox 2394 1817 2674 1884; x_wconf 87' lang='lat' dir='ltr'><strong>apparuit.</strong></span> <span class='ocrx_word' id='word_1_337' title='bbox 2714 1817 3016 1871; x_wconf 68' lang='lat' dir='ltr'><strong>Videbatur</strong></span> <span class='ocrx_word' id='word_1_338' title='bbox 3044 1825 3231 1871; x_wconf 86' lang='lat' dir='ltr'><strong>autem</strong></span> <span class='ocrx_word' id='word_1_339' title='bbox 3265 1819 3342 1872; x_wconf 92' lang='lat' dir='ltr'>illi</span> <span class='ocrx_word' id='word_1_340' title='bbox 3384 1821 3533 1890; x_wconf 86' lang='lat' dir='ltr'><strong>quod</strong></span> 
     </span>
    </p>
   </div>
   <div class='ocr_carea' id='block_1_49' title="bbox 1939 1903 3535 1977">
    <p class='ocr_par' dir='ltr' id='par_1_49' title="bbox 1939 1903 3535 1977">
     <span class='ocr_line' id='line_1_49' title="bbox 1939 1903 3535 1977; baseline 0.005 -22"><span class='ocrx_word' id='word_1_341' title='bbox 1939 1904 2008 1956; x_wconf 86' lang='lat' dir='ltr'><strong>ad</strong></span> <span class='ocrx_word' id='word_1_342' title='bbox 2036 1921 2283 1957; x_wconf 80' lang='lat' dir='ltr'><strong>mensam</strong></span> <span class='ocrx_word' id='word_1_343' title='bbox 2325 1911 2516 1957; x_wconf 86' lang='lat' dir='ltr'><strong>tantus</strong></span> <span class='ocrx_word' id='word_1_344' title='bbox 2557 1903 2724 1958; x_wconf 77' lang='lat' dir='ltr'><strong>Pater</strong></span> <span class='ocrx_word' id='word_1_345' title='bbox 2745 1907 2982 1962; x_wconf 87' lang='lat' dir='ltr'><strong>sederet.</strong></span> <span class='ocrx_word' id='word_1_346' title='bbox 3013 1907 3228 1977; x_wconf 82' lang='lat' dir='ltr'><strong>sibique</strong></span> <span class='ocrx_word' id='word_1_347' title='bbox 3250 1909 3535 1962; x_wconf 89' lang='lat' dir='ltr'><strong>assistenti</strong></span> 
     </span>
    </p>
   </div>
   <div class='ocr_carea' id='block_1_50' title="bbox 1939 1992 3533 2066">
    <p class='ocr_par' dir='ltr' id='par_1_50' title="bbox 1939 1992 3533 2066">
     <span class='ocr_line' id='line_1_50' title="bbox 1939 1992 3533 2066; baseline 0.003 -22"><span class='ocrx_word' id='word_1_348' title='bbox 1939 2009 2003 2044; x_wconf 86' lang='lat' dir='ltr'><strong>ac</strong></span> <span class='ocrx_word' id='word_1_349' title='bbox 2037 1992 2378 2045; x_wconf 84' lang='lat' dir='ltr'><strong>ministranti</strong></span> <span class='ocrx_word' id='word_1_350' title='bbox 2406 1993 2516 2045; x_wconf 82' lang='lat' dir='ltr'><strong>vini</strong></span> <span class='ocrx_word' id='word_1_351' title='bbox 2548 1995 2745 2062; x_wconf 85' lang='lat' dir='ltr'><strong>pocula</strong></span> <span class='ocrx_word' id='word_1_352' title='bbox 2765 1995 2834 2047; x_wconf 90' lang='lat' dir='ltr'><strong>ad</strong></span> <span class='ocrx_word' id='word_1_353' title='bbox 2868 1995 3168 2049; x_wconf 88' lang='lat' dir='ltr'><strong>bibendum</strong></span> <span class='ocrx_word' id='word_1_354' title='bbox 3204 1998 3533 2066; x_wconf 81' lang='lat' dir='ltr'><strong>porrigeret.</strong></span> 
     </span>
    </p>
   </div>
   <div class='ocr_carea' id='block_1_51' title="bbox 1941 2081 3538 2152">
    <p class='ocr_par' dir='ltr' id='par_1_51' title="bbox 1941 2081 3538 2152">
     <span class='ocr_line' id='line_1_51' title="bbox 1941 2081 3538 2152; baseline 0.003 -18"><span class='ocrx_word' id='word_1_355' title='bbox 1941 2081 2152 2134; x_wconf 88' lang='lat' dir='ltr'><strong>Deinde</strong></span> <span class='ocrx_word' id='word_1_356' title='bbox 2192 2081 2261 2134; x_wconf 87' lang='lat' dir='ltr'><strong>ab</strong></span> <span class='ocrx_word' id='word_1_357' title='bbox 2300 2082 2394 2134; x_wconf 84' lang='lat' dir='ltr'><strong>illa</strong></span> <span class='ocrx_word' id='word_1_358' title='bbox 2435 2099 2628 2135; x_wconf 85' lang='lat' dir='ltr'><strong>mensa</strong></span> <span class='ocrx_word' id='word_1_359' title='bbox 2665 2101 2898 2152; x_wconf 82' lang='lat' dir='ltr'><strong>surgens</strong></span> <span class='ocrx_word' id='word_1_360' title='bbox 2937 2085 3156 2138; x_wconf 86' lang='lat' dir='ltr'><strong>dicebat</strong></span> <span class='ocrx_word' id='word_1_361' title='bbox 3192 2086 3274 2138; x_wconf 91' lang='lat' dir='ltr'>illi</span> <span class='ocrx_word' id='word_1_362' title='bbox 3317 2104 3327 2138; x_wconf 92' lang='lat'>:</span> <span class='ocrx_word' id='word_1_363' title='bbox 3377 2107 3400 2137; x_wconf 82' lang='lat'>«</span> <span class='ocrx_word' id='word_1_364' title='bbox 3434 2086 3538 2139; x_wconf 89' lang='lat' dir='ltr'>Fili</span> 
     </span>
    </p>
   </div>
   <div class='ocr_carea' id='block_1_52' title="bbox 1944 2170 3542 2244">
    <p class='ocr_par' dir='ltr' id='par_1_52' title="bbox 1944 2170 3542 2244">
     <span class='ocr_line' id='line_1_52' title="bbox 1944 2170 3542 2244; baseline 0.004 -22"><span class='ocrx_word' id='word_1_365' title='bbox 1944 2170 2037 2227; x_wconf 89' lang='lat' dir='ltr'><strong>mi,</strong></span> <span class='ocrx_word' id='word_1_366' title='bbox 2072 2187 2306 2239; x_wconf 84' lang='lat' dir='ltr'><strong>sequere</strong></span> <span class='ocrx_word' id='word_1_367' title='bbox 2340 2187 2446 2223; x_wconf 91' lang='lat' dir='ltr'><strong>me.</strong></span> <span class='ocrx_word' id='word_1_368' title='bbox 2478 2191 2500 2218; x_wconf 81' lang='lat'><strong>»</strong></span> <span class='ocrx_word' id='word_1_369' title='bbox 2533 2171 2784 2240; x_wconf 88' lang='lat' dir='ltr'><strong>Cumque</strong></span> <span class='ocrx_word' id='word_1_370' title='bbox 2810 2173 3002 2240; x_wconf 78' lang='lat' dir='ltr'><strong>jussus</strong></span> <span class='ocrx_word' id='word_1_371' title='bbox 3034 2174 3373 2242; x_wconf 88' lang='lat' dir='ltr'><strong>pedetentim</strong></span> <span class='ocrx_word' id='word_1_372' title='bbox 3406 2192 3542 2244; x_wconf 70' lang='lat' dir='ltr'><strong>prae-</strong></span> 
     </span>
    </p>
   </div>
   <div class='ocr_carea' id='block_1_53' title="bbox 1945 2259 3544 2332">
    <p class='ocr_par' dir='ltr' id='par_1_53' title="bbox 1945 2259 3544 2332">
     <span class='ocr_line' id='line_1_53' title="bbox 1945 2259 3544 2332; baseline 0.003 -20"><span class='ocrx_word' id='word_1_373' title='bbox 1945 2259 2131 2312; x_wconf 89' lang='lat' dir='ltr'><strong>euntis</strong></span> <span class='ocrx_word' id='word_1_374' title='bbox 2162 2259 2395 2329; x_wconf 87' lang='lat' dir='ltr'><strong>vestigia</strong></span> <span class='ocrx_word' id='word_1_375' title='bbox 2425 2267 2757 2329; x_wconf 84' lang='lat' dir='ltr'><strong>sequeretur</strong></span> <span class='ocrx_word' id='word_1_376' title='bbox 2787 2279 2796 2312; x_wconf 89' lang='lat'>:</span> <span class='ocrx_word' id='word_1_377' title='bbox 2834 2280 2858 2310; x_wconf 87' lang='lat'>«</span> <span class='ocrx_word' id='word_1_378' title='bbox 2892 2259 2967 2314; x_wconf 82' lang='lat' dir='ltr'><strong>Mi</strong></span> <span class='ocrx_word' id='word_1_379' title='bbox 2999 2270 3175 2332; x_wconf 89' lang='lat' dir='ltr'><strong>pater,</strong></span> <span class='ocrx_word' id='word_1_380' title='bbox 3201 2263 3408 2330; x_wconf 80' lang='lat' dir='ltr'><strong>aiebat,</strong></span> <span class='ocrx_word' id='word_1_381' title='bbox 3439 2264 3544 2318; x_wconf 90' lang='lat' dir='ltr'><strong>uti-</strong></span> 
     </span>
    </p>
   </div>
   <div class='ocr_carea' id='block_1_54' title="bbox 1946 2348 3543 2424">
    <p class='ocr_par' dir='ltr' id='par_1_54' title="bbox 1946 2348 3543 2424">
     <span class='ocr_line' id='line_1_54' title="bbox 1946 2348 3543 2424; baseline 0.004 -24"><span class='ocrx_word' id='word_1_382' title='bbox 1946 2364 2073 2400; x_wconf 90' lang='lat' dir='ltr'><strong>nam</strong></span> <span class='ocrx_word' id='word_1_383' title='bbox 2107 2365 2275 2417; x_wconf 86' lang='lat' dir='ltr'><strong>super</strong></span> <span class='ocrx_word' id='word_1_384' title='bbox 2299 2349 2591 2402; x_wconf 82' lang='lat' dir='ltr'><strong>sente&#39;ntiis</strong></span> <span class='ocrx_word' id='word_1_385' title='bbox 2617 2348 2948 2418; x_wconf 86' lang='lat' dir='ltr'><strong>quibusdam</strong></span> <span class='ocrx_word' id='word_1_386' title='bbox 2980 2351 3032 2403; x_wconf 91' lang='lat' dir='ltr'><strong>in</strong></span> <span class='ocrx_word' id='word_1_387' title='bbox 3058 2354 3251 2422; x_wconf 88' lang='lat' dir='ltr'><strong>regula</strong></span> <span class='ocrx_word' id='word_1_388' title='bbox 3275 2360 3372 2406; x_wconf 85' lang='lat' dir='ltr'><strong>tua</strong></span> <span class='ocrx_word' id='word_1_389' title='bbox 3402 2355 3543 2424; x_wconf 86' lang='lat' dir='ltr'><strong>posi-</strong></span> 
     </span>
    </p>
   </div>
   <div class='ocr_carea' id='block_1_55' title="bbox 1948 2437 3545 2509">
    <p class='ocr_par' dir='ltr' id='par_1_55' title="bbox 1948 2437 3545 2509">
     <span class='ocr_line' id='line_1_55' title="bbox 1948 2437 3545 2509; baseline 0.006 -20"><span class='ocrx_word' id='word_1_390' title='bbox 1948 2437 2038 2498; x_wconf 89' lang='lat' dir='ltr'><strong>tis,</strong></span> <span class='ocrx_word' id='word_1_391' title='bbox 2075 2453 2211 2506; x_wconf 83' lang='lat' dir='ltr'><strong>quas</strong></span> <span class='ocrx_word' id='word_1_392' title='bbox 2256 2438 2440 2490; x_wconf 84' lang='lat' dir='ltr'><strong>minus</strong></span> <span class='ocrx_word' id='word_1_393' title='bbox 2471 2438 2755 2490; x_wconf 85' lang='lat' dir='ltr'><strong>evidenter</strong></span> <span class='ocrx_word' id='word_1_394' title='bbox 2793 2439 3064 2509; x_wconf 72' lang='lat' dir='ltr'><strong>intelligo,</strong></span> <span class='ocrx_word' id='word_1_395' title='bbox 3109 2458 3196 2494; x_wconf 89' lang='lat' dir='ltr'><strong>me</strong></span> <span class='ocrx_word' id='word_1_396' title='bbox 3235 2444 3545 2498; x_wconf 85' lang='lat' dir='ltr'><strong>certificare</strong></span> 
     </span>
    </p>
   </div>
   <div class='ocr_carea' id='block_1_56' title="bbox 1949 2526 3541 2600">
    <p class='ocr_par' dir='ltr' id='par_1_56' title="bbox 1949 2526 3541 2600">
     <span class='ocr_line' id='line_1_56' title="bbox 1949 2526 3541 2600; baseline 0.006 -23"><span class='ocrx_word' id='word_1_397' title='bbox 1949 2526 2212 2595; x_wconf 76' lang='lat' dir='ltr'><strong>digneris.</strong></span> <span class='ocrx_word' id='word_1_398' title='bbox 2253 2547 2276 2576; x_wconf 73' lang='grc' dir='ltr'><strong>υ</strong></span> <span class='ocrx_word' id='word_1_399' title='bbox 2317 2527 2395 2579; x_wconf 80' lang='lat' dir='ltr'><strong>Ad</strong></span> <span class='ocrx_word' id='word_1_400' title='bbox 2427 2543 2592 2595; x_wconf 88' lang='lat' dir='ltr'><strong>quem</strong></span> <span class='ocrx_word' id='word_1_401' title='bbox 2644 2529 2823 2594; x_wconf 83' lang='lat' dir='ltr'><strong>major</strong></span> <span class='ocrx_word' id='word_1_402' title='bbox 2865 2528 3195 2583; x_wconf 86' lang='lat' dir='ltr'><strong>Benedictus</strong></span> <span class='ocrx_word' id='word_1_403' title='bbox 3231 2550 3240 2582; x_wconf 94' lang='lat'>:</span> <span class='ocrx_word' id='word_1_404' title='bbox 3277 2551 3301 2581; x_wconf 87' lang='grc'><strong>‹(</strong></span> <span class='ocrx_word' id='word_1_405' title='bbox 3345 2533 3401 2585; x_wconf 92' lang='lat' dir='ltr'><strong>Si</strong></span> <span class='ocrx_word' id='word_1_406' title='bbox 3440 2533 3541 2600; x_wconf 88' lang='lat' dir='ltr'><strong>vis,</strong></span> 
     </span>
    </p>
   </div>
   <div class='ocr_carea' id='block_1_57' title="bbox 1952 2616 3548 2688">
    <p class='ocr_par' dir='ltr' id='par_1_57' title="bbox 1952 2616 3548 2688">
     <span class='ocr_line' id='line_1_57' title="bbox 1952 2616 3548 2688; baseline 0.003 -20"><span class='ocrx_word' id='word_1_407' title='bbox 1952 2616 2149 2685; x_wconf 85' lang='lat' dir='ltr'><strong>inquit.</strong></span> <span class='ocrx_word' id='word_1_408' title='bbox 2182 2616 2526 2676; x_wconf 84' lang='lat' dir='ltr'><strong>charissime,</strong></span> <span class='ocrx_word' id='word_1_409' title='bbox 2552 2617 2618 2668; x_wconf 89' lang='lat' dir='ltr'><strong>de</strong></span> <span class='ocrx_word' id='word_1_410' title='bbox 2651 2617 2852 2686; x_wconf 85' lang='lat' dir='ltr'><strong>quibus</strong></span> <span class='ocrx_word' id='word_1_411' title='bbox 2875 2618 3114 2687; x_wconf 79' lang='lat' dir='ltr'><strong>ambigis</strong></span> <span class='ocrx_word' id='word_1_412' title='bbox 3136 2621 3356 2688; x_wconf 89' lang='lat' dir='ltr'><strong>plenius</strong></span> <span class='ocrx_word' id='word_1_413' title='bbox 3378 2622 3548 2674; x_wconf 86' lang='lat' dir='ltr'><strong>infor-</strong></span> 
     </span>
    </p>
   </div>
   <div class='ocr_carea' id='block_1_58' title="bbox 1953 2703 3546 2775">
    <p class='ocr_par' dir='ltr' id='par_1_58' title="bbox 1953 2703 3546 2775">
     <span class='ocr_line' id='line_1_58' title="bbox 1953 2703 3546 2775; baseline 0.003 -18"><span class='ocrx_word' id='word_1_414' title='bbox 1953 2705 2113 2760; x_wconf 89' lang='lat' dir='ltr'><strong>mari.</strong></span> <span class='ocrx_word' id='word_1_415' title='bbox 2145 2710 2201 2758; x_wconf 88' lang='lat' dir='ltr'><strong>et</strong></span> <span class='ocrx_word' id='word_1_416' title='bbox 2244 2705 2536 2757; x_wconf 84' lang='lat' dir='ltr'><strong>monastici</strong></span> <span class='ocrx_word' id='word_1_417' title='bbox 2585 2703 2797 2758; x_wconf 82' lang='lat' dir='ltr'><strong>ordinis</strong></span> <span class='ocrx_word' id='word_1_418' title='bbox 2831 2706 3225 2775; x_wconf 82' lang='lat' dir='ltr'><strong>perfectionem</strong></span> <span class='ocrx_word' id='word_1_419' title='bbox 3262 2710 3546 2762; x_wconf 86' lang='lat' dir='ltr'><strong>desideras</strong></span> 
     </span>
    </p>
   </div>
   <div class='ocr_carea' id='block_1_59' title="bbox 1951 2793 3547 2869">
    <p class='ocr_par' dir='ltr' id='par_1_59' title="bbox 1951 2793 3547 2869">
     <span class='ocr_line' id='line_1_59' title="bbox 1951 2793 3547 2869; baseline 0.004 -23"><span class='ocrx_word' id='word_1_420' title='bbox 1951 2793 2201 2862; x_wconf 82' lang='lat' dir='ltr'><strong>adipisci,</strong></span> <span class='ocrx_word' id='word_1_421' title='bbox 2251 2809 2435 2863; x_wconf 67' lang='lat' dir='ltr'><strong>qumrc</strong></span> <span class='ocrx_word' id='word_1_422' title='bbox 2490 2793 2589 2845; x_wconf 75' lang='lat' dir='ltr'><strong>tibi</strong></span> <span class='ocrx_word' id='word_1_423' title='bbox 2629 2793 2832 2846; x_wconf 91' lang='lat' dir='ltr'><strong>librum</strong></span> <span class='ocrx_word' id='word_1_424' title='bbox 2872 2795 3098 2848; x_wconf 85' lang='lat' dir='ltr'><strong>Joannis</strong></span> <span class='ocrx_word' id='word_1_425' title='bbox 3139 2798 3407 2862; x_wconf 83' lang='lat' dir='ltr'><strong>Cassiani,</strong></span> <span class='ocrx_word' id='word_1_426' title='bbox 3451 2799 3547 2869; x_wconf 89' lang='lat' dir='ltr'><strong>qui</strong></span> 
     </span>
    </p>
   </div>
   <div class='ocr_carea' id='block_1_60' title="bbox 1955 2883 3550 2958">
    <p class='ocr_par' dir='ltr' id='par_1_60' title="bbox 1955 2883 3550 2958">
     <span class='ocr_line' id='line_1_60' title="bbox 1955 2883 3550 2958; baseline 0.003 -22"><span class='ocrx_word' id='word_1_427' title='bbox 1955 2885 2184 2936; x_wconf 87' lang='lat' dir='ltr'><strong>Patrum</strong></span> <span class='ocrx_word' id='word_1_428' title='bbox 2219 2883 2481 2936; x_wconf 90' lang='lat' dir='ltr'><strong>Instituta</strong></span> <span class='ocrx_word' id='word_1_429' title='bbox 2526 2899 2589 2935; x_wconf 88' lang='lat' dir='ltr'><strong>ac</strong></span> <span class='ocrx_word' id='word_1_430' title='bbox 2636 2883 2959 2936; x_wconf 80' lang='lat' dir='ltr'><strong>Collationes</strong></span> <span class='ocrx_word' id='word_1_431' title='bbox 3005 2886 3149 2954; x_wconf 80' lang='lat' dir='ltr'><strong>stylo</strong></span> <span class='ocrx_word' id='word_1_432' title='bbox 3191 2889 3550 2958; x_wconf 87' lang='lat' dir='ltr'><strong>prosequitur</strong></span> 
     </span>
    </p>
   </div>
   <div class='ocr_carea' id='block_1_61' title="bbox 1957 2971 3550 3048">
    <p class='ocr_par' dir='ltr' id='par_1_61' title="bbox 1957 2971 3550 3048">
     <span class='ocr_line' id='line_1_61' title="bbox 1957 2971 3550 3048; baseline 0.005 -24"><span class='ocrx_word' id='word_1_433' title='bbox 1957 2972 2159 3024; x_wconf 84' lang='lat' dir='ltr'><strong>latiori.</strong></span> <span class='ocrx_word' id='word_1_434' title='bbox 2181 2992 2200 3021; x_wconf 76' lang='grc' dir='ltr'><strong><em>ι</em></strong></span> <span class='ocrx_word' id='word_1_435' title='bbox 2231 2971 2342 3024; x_wconf 88' lang='lat' dir='ltr'><strong>llac</strong></span> <span class='ocrx_word' id='word_1_436' title='bbox 2367 2972 2542 3040; x_wconf 81' lang='lat' dir='ltr'><strong>igitur</strong></span> <span class='ocrx_word' id='word_1_437' title='bbox 2565 2971 2773 3024; x_wconf 80' lang='lat' dir='ltr'><strong>visione</strong></span> <span class='ocrx_word' id='word_1_438' title='bbox 2795 2974 3022 3042; x_wconf 89' lang='lat' dir='ltr'><strong>potitus,</strong></span> <span class='ocrx_word' id='word_1_439' title='bbox 3041 2981 3097 3027; x_wconf 90' lang='lat' dir='ltr'><strong>et</strong></span> <span class='ocrx_word' id='word_1_440' title='bbox 3116 2977 3252 3028; x_wconf 89' lang='lat' dir='ltr'><strong>satis</strong></span> <span class='ocrx_word' id='word_1_441' title='bbox 3271 2995 3550 3048; x_wconf 88' lang='lat' dir='ltr'><strong>superque</strong></span> 
     </span>
    </p>
   </div>
   <div class='ocr_carea' id='block_1_62' title="bbox 267 3056 3550 3132">
    <p class='ocr_par' dir='ltr' id='par_1_62' title="bbox 267 3056 3550 3132">
     <span class='ocr_line' id='line_1_62' title="bbox 267 3056 3550 3132; baseline 0.001 -15"><span class='ocrx_word' id='word_1_442' title='bbox 267 3063 503 3117; x_wconf 85' lang='lat' dir='ltr'><strong>Domini</strong></span> <span class='ocrx_word' id='word_1_443' title='bbox 534 3062 844 3132; x_wconf 85' lang='lat' dir='ltr'><strong>impavidus</strong></span> <span class='ocrx_word' id='word_1_444' title='bbox 872 3062 928 3114; x_wconf 90' lang='lat' dir='ltr'><strong>in</strong></span> <span class='ocrx_word' id='word_1_445' title='bbox 962 3063 1212 3115; x_wconf 85' lang='lat' dir='ltr'><strong>oratione</strong></span> <span class='ocrx_word' id='word_1_446' title='bbox 1246 3067 1302 3114; x_wconf 89' lang='lat' dir='ltr'><strong>et</strong></span> <span class='ocrx_word' id='word_1_447' title='bbox 1339 3061 1437 3114; x_wconf 90' lang='lat' dir='ltr'><strong>Dei</strong></span> <span class='ocrx_word' id='word_1_448' title='bbox 1467 3062 1726 3114; x_wconf 79' lang='lat' dir='ltr'><strong>laudibus</strong></span> <span class='ocrx_word' id='word_1_449' title='bbox 1757 3056 2386 3130; x_wconf 84' lang='lat' dir='ltr'><strong>per-Cgavisus,quam</strong></span> <span class='ocrx_word' id='word_1_450' title='bbox 2406 3060 2701 3124; x_wconf 79' lang='lat' dir='ltr'><strong>vehemens</strong></span> <span class='ocrx_word' id='word_1_451' title='bbox 2716 3061 3550 3132; x_wconf 88' lang='lat' dir='ltr'><strong>studiumposteahabuitillum</strong></span> 
     </span>
    </p>
   </div>
   <div class='ocr_carea' id='block_1_63' title="bbox 269 3150 1874 3221">
    <p class='ocr_par' dir='ltr' id='par_1_63' title="bbox 269 3150 1874 3221">
     <span class='ocr_line' id='line_1_63' title="bbox 269 3150 1874 3221; baseline -0.002 -15"><span class='ocrx_word' id='word_1_452' title='bbox 269 3156 486 3215; x_wconf 77' lang='lat' dir='ltr'><strong>nectat,</strong></span> <span class='ocrx_word' id='word_1_453' title='bbox 520 3151 626 3221; x_wconf 82' lang='lat' dir='ltr'><strong>ipsi</strong></span> <span class='ocrx_word' id='word_1_454' title='bbox 671 3152 792 3220; x_wconf 84' lang='lat' dir='ltr'><strong>ejus</strong></span> <span class='ocrx_word' id='word_1_455' title='bbox 837 3152 1025 3204; x_wconf 77' lang='lat' dir='ltr'><strong>hostes</strong></span> <span class='ocrx_word' id='word_1_456' title='bbox 1076 3167 1174 3220; x_wconf 87' lang='lat' dir='ltr'><strong>per</strong></span> <span class='ocrx_word' id='word_1_457' title='bbox 1211 3158 1391 3204; x_wconf 90' lang='lat' dir='ltr'><strong>totum</strong></span> <span class='ocrx_word' id='word_1_458' title='bbox 1423 3151 1602 3204; x_wconf 89' lang='lat' dir='ltr'><strong>noctis</strong></span> <span class='ocrx_word' id='word_1_459' title='bbox 1632 3150 1874 3220; x_wconf 88' lang='lat' dir='ltr'><strong>spatium</strong></span> 
     </span>
    </p>
   </div>
   <div class='ocr_carea' id='block_1_64' title="bbox 267 3237 1874 3310">
    <p class='ocr_par' dir='ltr' id='par_1_64' title="bbox 267 3237 1874 3310">
     <span class='ocr_line' id='line_1_64' title="bbox 267 3237 1874 3310; baseline -0.001 -16"><span class='ocrx_word' id='word_1_460' title='bbox 267 3241 568 3310; x_wconf 84' lang='lat' dir='ltr'><strong>epulantes</strong></span> <span class='ocrx_word' id='word_1_461' title='bbox 599 3241 723 3310; x_wconf 85' lang='lat' dir='ltr'><strong>plus</strong></span> <span class='ocrx_word' id='word_1_462' title='bbox 755 3240 930 3292; x_wconf 86' lang='lat' dir='ltr'><strong>nimio</strong></span> <span class='ocrx_word' id='word_1_463' title='bbox 957 3257 1079 3293; x_wconf 89' lang='lat' dir='ltr'><strong>sese</strong></span> <span class='ocrx_word' id='word_1_464' title='bbox 1114 3257 1268 3293; x_wconf 90' lang='lat' dir='ltr'><strong>mero</strong></span> <span class='ocrx_word' id='word_1_465' title='bbox 1301 3240 1672 3309; x_wconf 84' lang='lat' dir='ltr'><strong>ingurgitant.</strong></span> <span class='ocrx_word' id='word_1_466' title='bbox 1707 3237 1874 3292; x_wconf 77' lang='lat' dir='ltr'><strong>Mane</strong></span> 
     </span>
    </p>
   </div>
   <div class='ocr_carea' id='block_1_65' title="bbox 269 3319 1876 3398">
    <p class='ocr_par' dir='ltr' id='par_1_65' title="bbox 269 3319 1876 3398">
     <span class='ocr_line' id='line_1_65' title="bbox 269 3319 1876 3398; baseline -0.002 -15"><span class='ocrx_word' id='word_1_467' title='bbox 269 3335 466 3383; x_wconf 82' lang='lat' dir='ltr'><strong>autem</strong></span> <span class='ocrx_word' id='word_1_468' title='bbox 511 3319 675 3391; x_wconf 79' lang='lat' dir='ltr'><strong>facto,</strong></span> <span class='ocrx_word' id='word_1_469' title='bbox 724 3328 969 3398; x_wconf 85' lang='lat' dir='ltr'><strong>impulsi,</strong></span> <span class='ocrx_word' id='word_1_470' title='bbox 1021 3329 1205 3392; x_wconf 85' lang='lat' dir='ltr'><strong>credo,</strong></span> <span class='ocrx_word' id='word_1_471' title='bbox 1252 3329 1457 3382; x_wconf 89' lang='lat' dir='ltr'><strong>virtute</strong></span> <span class='ocrx_word' id='word_1_472' title='bbox 1501 3329 1772 3398; x_wconf 86' lang='lat' dir='ltr'><strong>angelica.</strong></span> <span class='ocrx_word' id='word_1_473' title='bbox 1807 3329 1876 3381; x_wconf 92' lang='lat' dir='ltr'><strong>ob</strong></span> 
     </span>
    </p>
   </div>
   <div class='ocr_carea' id='block_1_66' title="bbox 271 3417 1878 3490">
    <p class='ocr_par' dir='ltr' id='par_1_66' title="bbox 271 3417 1878 3490">
     <span class='ocr_line' id='line_1_66' title="bbox 271 3417 1878 3490; baseline -0.001 -19"><span class='ocrx_word' id='word_1_474' title='bbox 271 3430 444 3490; x_wconf 80' lang='lat' dir='ltr'><strong>quam</strong></span> <span class='ocrx_word' id='word_1_475' title='bbox 480 3429 596 3471; x_wconf 76' lang='lat' dir='ltr'><strong>rem</strong></span> <span class='ocrx_word' id='word_1_476' title='bbox 630 3422 898 3470; x_wconf 87' lang='lat' dir='ltr'><strong>venerant</strong></span> <span class='ocrx_word' id='word_1_477' title='bbox 929 3417 1105 3478; x_wconf 83' lang='lat' dir='ltr'><strong>obliti,</strong></span> <span class='ocrx_word' id='word_1_478' title='bbox 1141 3419 1309 3471; x_wconf 87' lang='lat' dir='ltr'><strong>citato</strong></span> <span class='ocrx_word' id='word_1_479' title='bbox 1338 3433 1536 3487; x_wconf 85' lang='lat' dir='ltr'><strong>gressu</strong></span> <span class='ocrx_word' id='word_1_480' title='bbox 1567 3424 1789 3480; x_wconf 81' lang='lat' dir='ltr'><strong>exeunt,</strong></span> <span class='ocrx_word' id='word_1_481' title='bbox 1823 3422 1878 3470; x_wconf 89' lang='lat' dir='ltr'><strong>et</strong></span> 
     </span>
    </p>
   </div>
   <div class='ocr_carea' id='block_1_67' title="bbox 271 3505 1880 3575">
    <p class='ocr_par' dir='ltr' id='par_1_67' title="bbox 271 3505 1880 3575">
     <span class='ocr_line' id='line_1_67' title="bbox 271 3505 1880 3575; baseline -0.001 -16"><span class='ocrx_word' id='word_1_482' title='bbox 271 3507 484 3559; x_wconf 80' lang='lat' dir='ltr'><strong>infecto</strong></span> <span class='ocrx_word' id='word_1_483' title='bbox 531 3506 755 3574; x_wconf 79' lang='lat' dir='ltr'><strong>negotio</strong></span> <span class='ocrx_word' id='word_1_484' title='bbox 804 3506 1014 3558; x_wconf 86' lang='lat' dir='ltr'><strong>nemini</strong></span> <span class='ocrx_word' id='word_1_485' title='bbox 1054 3505 1360 3575; x_wconf 80' lang='lat' dir='ltr'><strong>quidquam</strong></span> <span class='ocrx_word' id='word_1_486' title='bbox 1401 3506 1691 3575; x_wconf 83' lang='lat' dir='ltr'><strong>loquentes</strong></span> <span class='ocrx_word' id='word_1_487' title='bbox 1735 3505 1880 3557; x_wconf 88' lang='lat' dir='ltr'><strong>dila-</strong></span> 
     </span>
    </p>
   </div>
   <div class='ocr_carea' id='block_1_68' title="bbox 271 3595 508 3648">
    <p class='ocr_par' dir='ltr' id='par_1_68' title="bbox 271 3595 508 3648">
     <span class='ocr_line' id='line_1_68' title="bbox 271 3595 508 3648; baseline -0.013 1"><span class='ocrx_word' id='word_1_488' title='bbox 271 3595 508 3648; x_wconf 81' lang='lat' dir='ltr'><strong>buntur.</strong></span> 
     </span>
    </p>
   </div>
   <div class='ocr_carea' id='block_1_69' title="bbox 346 3683 1883 3753">
    <p class='ocr_par' dir='ltr' id='par_1_69' title="bbox 346 3683 1883 3753">
     <span class='ocr_line' id='line_1_69' title="bbox 346 3683 1883 3753; baseline -0.004 -13"><span class='ocrx_word' id='word_1_489' title='bbox 346 3683 438 3740; x_wconf 73' lang='lat'><strong>&#39;23.</strong></span> <span class='ocrx_word' id='word_1_490' title='bbox 467 3685 709 3751; x_wconf 69' lang='lat' dir='ltr'><strong>Ejv&#39;ritz/r</strong></span> <span class='ocrx_word' id='word_1_491' title='bbox 731 3685 1062 3736; x_wconf 59' lang='lat' dir='ltr'><strong>Benedictus.</strong></span> <span class='ocrx_word' id='word_1_492' title='bbox 1095 3685 1208 3737; x_wconf 74' lang='lat' dir='ltr'><strong>Nec</strong></span> <span class='ocrx_word' id='word_1_493' title='bbox 1231 3685 1404 3735; x_wconf 89' lang='lat' dir='ltr'><strong>multo</strong></span> <span class='ocrx_word' id='word_1_494' title='bbox 1431 3688 1556 3753; x_wconf 88' lang='lat' dir='ltr'><strong>pOst</strong></span> <span class='ocrx_word' id='word_1_495' title='bbox 1579 3683 1883 3736; x_wconf 81' lang='lat' dir='ltr'><strong>Chuniber-</strong></span> 
     </span>
    </p>
   </div>
   <div class='ocr_carea' id='block_1_70' title="bbox 275 3766 1882 3836">
    <p class='ocr_par' dir='ltr' id='par_1_70' title="bbox 275 3766 1882 3836">
     <span class='ocr_line' id='line_1_70' title="bbox 275 3766 1882 3836; baseline -0.002 -9"><span class='ocrx_word' id='word_1_496' title='bbox 275 3781 371 3828; x_wconf 85' lang='lat' dir='ltr'><strong>tus</strong></span> <span class='ocrx_word' id='word_1_497' title='bbox 395 3766 492 3826; x_wconf 80' lang='lat' dir='ltr'><strong>ille</strong></span> <span class='ocrx_word' id='word_1_498' title='bbox 523 3770 594 3826; x_wconf 81' lang='lat' dir='ltr'><strong>ad</strong></span> <span class='ocrx_word' id='word_1_499' title='bbox 623 3790 682 3826; x_wconf 88' lang='lat' dir='ltr'><strong>se</strong></span> <span class='ocrx_word' id='word_1_500' title='bbox 714 3788 986 3836; x_wconf 80' lang='lat' dir='ltr'><strong>reversus,</strong></span> <span class='ocrx_word' id='word_1_501' title='bbox 1020 3775 1113 3826; x_wconf 87' lang='lat' dir='ltr'><strong>sed</strong></span> <span class='ocrx_word' id='word_1_502' title='bbox 1142 3773 1328 3825; x_wconf 88' lang='lat' dir='ltr'><strong>divino</strong></span> <span class='ocrx_word' id='word_1_503' title='bbox 1362 3773 1629 3824; x_wconf 85' lang='lat' dir='ltr'><strong>miraculo</strong></span> <span class='ocrx_word' id='word_1_504' title='bbox 1654 3772 1882 3824; x_wconf 86' lang='lat' dir='ltr'><strong>minime</strong></span> 
     </span>
    </p>
   </div>
   <div class='ocr_carea' id='block_1_71' title="bbox 275 3861 1883 3931">
    <p class='ocr_par' dir='ltr' id='par_1_71' title="bbox 275 3861 1883 3931">
     <span class='ocr_line' id='line_1_71' title="bbox 275 3861 1883 3931; baseline -0.002 -14"><span class='ocrx_word' id='word_1_505' title='bbox 275 3872 603 3926; x_wconf 75' lang='lat' dir='ltr'><strong>conversas,</strong></span> <span class='ocrx_word' id='word_1_506' title='bbox 630 3862 1004 3914; x_wconf 77' lang='lat' dir='ltr'><strong>rrrarchionem</strong></span> <span class='ocrx_word' id='word_1_507' title='bbox 1029 3862 1163 3924; x_wconf 87' lang='lat' dir='ltr'><strong>adit,</strong></span> <span class='ocrx_word' id='word_1_508' title='bbox 1193 3876 1432 3931; x_wconf 85' lang='lat' dir='ltr'><strong>eumque</strong></span> <span class='ocrx_word' id='word_1_509' title='bbox 1453 3861 1628 3931; x_wconf 83' lang='lat' dir='ltr'><strong>pactis</strong></span> <span class='ocrx_word' id='word_1_510' title='bbox 1652 3862 1883 3914; x_wconf 69' lang='lat' dir='ltr'><strong>funestis</strong></span> 
     </span>
    </p>
   </div>
   <div class='ocr_carea' id='block_1_72' title="bbox 277 3951 1882 4023">
    <p class='ocr_par' dir='ltr' id='par_1_72' title="bbox 277 3951 1882 4023">
     <span class='ocr_line' id='line_1_72' title="bbox 277 3951 1882 4023; baseline -0.002 -17"><span class='ocrx_word' id='word_1_511' title='bbox 277 3951 628 4023; x_wconf 83' lang='lat' dir='ltr'><strong>impetendo,</strong></span> <span class='ocrx_word' id='word_1_512' title='bbox 664 3951 809 4020; x_wconf 90' lang='lat' dir='ltr'><strong>quod</strong></span> <span class='ocrx_word' id='word_1_513' title='bbox 841 3951 1199 4004; x_wconf 85' lang='lat' dir='ltr'><strong>Benedictum</strong></span> <span class='ocrx_word' id='word_1_514' title='bbox 1232 3968 1262 4004; x_wconf 90' lang='lat' dir='ltr'><strong>a</strong></span> <span class='ocrx_word' id='word_1_515' title='bbox 1294 3951 1411 4003; x_wconf 83' lang='lat' dir='ltr'><strong>loco</strong></span> <span class='ocrx_word' id='word_1_516' title='bbox 1443 3961 1553 4003; x_wconf 89' lang='lat' dir='ltr'><strong>non</strong></span> <span class='ocrx_word' id='word_1_517' title='bbox 1586 3951 1882 4020; x_wconf 86' lang='lat' dir='ltr'><strong>pepulerit,</strong></span> 
     </span>
    </p>
   </div>
   <div class='ocr_carea' id='block_1_73' title="bbox 280 4035 1881 4113">
    <p class='ocr_par' dir='ltr' id='par_1_73' title="bbox 280 4035 1881 4113">
     <span class='ocr_line' id='line_1_73' title="bbox 280 4035 1881 4113; baseline -0.002 -18"><span class='ocrx_word' id='word_1_518' title='bbox 280 4040 525 4113; x_wconf 78' lang='lat' dir='ltr'><strong>perjurii</strong></span> <span class='ocrx_word' id='word_1_519' title='bbox 547 4040 751 4109; x_wconf 71' lang='lat' dir='ltr'><strong>arguit.</strong></span> <span class='ocrx_word' id='word_1_520' title='bbox 771 4041 850 4092; x_wconf 88' lang='lat' dir='ltr'><strong>Ad</strong></span> <span class='ocrx_word' id='word_1_521' title='bbox 881 4055 1044 4109; x_wconf 87' lang='lat' dir='ltr'><strong>quem</strong></span> <span class='ocrx_word' id='word_1_522' title='bbox 1077 4035 1169 4094; x_wconf 81' lang='lat' dir='ltr'><strong>ille</strong></span> <span class='ocrx_word' id='word_1_523' title='bbox 1195 4059 1204 4092; x_wconf 96' lang='lat'><strong>:</strong></span> <span class='ocrx_word' id='word_1_524' title='bbox 1228 4057 1252 4091; x_wconf 75' lang='grc' dir='ltr'><em>α</em></span> <span class='ocrx_word' id='word_1_525' title='bbox 1278 4041 1420 4103; x_wconf 84' lang='lat' dir='ltr'><strong>Quid</strong></span> <span class='ocrx_word' id='word_1_526' title='bbox 1446 4045 1546 4094; x_wconf 83' lang='lat' dir='ltr'><strong>est.</strong></span> <span class='ocrx_word' id='word_1_527' title='bbox 1574 4040 1881 4103; x_wconf 82' lang='lat' dir='ltr'><strong>cerebrose,</strong></span> 
     </span>
    </p>
   </div>
   <div class='ocr_carea' id='block_1_74' title="bbox 278 4129 1884 4200">
    <p class='ocr_par' dir='ltr' id='par_1_74' title="bbox 278 4129 1884 4200">
     <span class='ocr_line' id='line_1_74' title="bbox 278 4129 1884 4200; baseline -0.001 -16"><span class='ocrx_word' id='word_1_528' title='bbox 278 4131 438 4200; x_wconf 85' lang='lat' dir='ltr'><strong>quod</strong></span> <span class='ocrx_word' id='word_1_529' title='bbox 472 4129 748 4199; x_wconf 71' lang='lat' dir='ltr'><strong>loqueris?</strong></span> <span class='ocrx_word' id='word_1_530' title='bbox 799 4129 1019 4183; x_wconf 82' lang='lat' dir='ltr'><strong>Satisne</strong></span> <span class='ocrx_word' id='word_1_531' title='bbox 1065 4143 1213 4182; x_wconf 80' lang='lat' dir='ltr'><strong>same</strong></span> <span class='ocrx_word' id='word_1_532' title='bbox 1245 4130 1448 4182; x_wconf 86' lang='lat' dir='ltr'><strong>mentis</strong></span> <span class='ocrx_word' id='word_1_533' title='bbox 1492 4130 1593 4182; x_wconf 82' lang='lat' dir='ltr'><strong>es?</strong></span> <span class='ocrx_word' id='word_1_534' title='bbox 1623 4131 1884 4199; x_wconf 75' lang='lat' dir='ltr'><strong>Nunquid</strong></span> 
     </span>
    </p>
   </div>
   <div class='ocr_carea' id='block_1_75' title="bbox 276 4217 1893 4292">
    <p class='ocr_par' dir='ltr' id='par_1_75' title="bbox 276 4217 1893 4292">
     <span class='ocr_line' id='line_1_75' title="bbox 276 4217 1893 4292; baseline -0.001 -18"><span class='ocrx_word' id='word_1_535' title='bbox 276 4223 477 4274; x_wconf 85' lang='lat' dir='ltr'><strong>locum</strong></span> <span class='ocrx_word' id='word_1_536' title='bbox 513 4225 569 4271; x_wconf 83' lang='lat' dir='ltr'><strong>et</strong></span> <span class='ocrx_word' id='word_1_537' title='bbox 597 4217 854 4271; x_wconf 81' lang='lat' dir='ltr'><strong>abbatem</strong></span> <span class='ocrx_word' id='word_1_538' title='bbox 885 4221 995 4272; x_wconf 71' lang='lat' dir='ltr'><strong>tuae</strong></span> <span class='ocrx_word' id='word_1_539' title='bbox 1034 4221 1314 4288; x_wconf 82' lang='lat' dir='ltr'><strong>potestati,</strong></span> <span class='ocrx_word' id='word_1_540' title='bbox 1353 4225 1516 4288; x_wconf 88' lang='lat' dir='ltr'>prout</span> <span class='ocrx_word' id='word_1_541' title='bbox 1540 4219 1746 4288; x_wconf 86' lang='lat' dir='ltr'><strong>pepigi,</strong></span> <span class='ocrx_word' id='word_1_542' title='bbox 1781 4235 1893 4292; x_wconf 3' lang='lat' dir='ltr'><strong>non,</strong></span> 
     </span>
    </p>
   </div>
   <div class='ocr_carea' id='block_1_76' title="bbox 278 4311 1886 4380">
    <p class='ocr_par' dir='ltr' id='par_1_76' title="bbox 278 4311 1886 4380">
     <span class='ocr_line' id='line_1_76' title="bbox 278 4311 1886 4380; baseline -0.002 -13"><span class='ocrx_word' id='word_1_543' title='bbox 278 4311 634 4367; x_wconf 65' lang='lat' dir='ltr'><strong>deliberavi?</strong></span> <span class='ocrx_word' id='word_1_544' title='bbox 661 4312 750 4364; x_wconf 82' lang='lat' dir='ltr'><strong>Nil</strong></span> <span class='ocrx_word' id='word_1_545' title='bbox 778 4313 892 4380; x_wconf 86' lang='lat' dir='ltr'><strong>jam</strong></span> <span class='ocrx_word' id='word_1_546' title='bbox 927 4325 1050 4364; x_wconf 85' lang='lat' dir='ltr'><strong>mea</strong></span> <span class='ocrx_word' id='word_1_547' title='bbox 1074 4313 1328 4365; x_wconf 79' lang='lat' dir='ltr'><strong>interest.</strong></span> <span class='ocrx_word' id='word_1_548' title='bbox 1354 4314 1575 4372; x_wconf 83' lang='lat' dir='ltr'><strong>Actum,</strong></span> <span class='ocrx_word' id='word_1_549' title='bbox 1608 4311 1886 4380; x_wconf 88' lang='lat' dir='ltr'><strong>inquiunt,</strong></span> 
     </span>
    </p>
   </div>
   <div class='ocr_carea' id='block_1_77' title="bbox 1959 3148 3552 3225">
    <p class='ocr_par' dir='ltr' id='par_1_77' title="bbox 1959 3148 3552 3225">
     <span class='ocr_line' id='line_1_77' title="bbox 1959 3148 3552 3225; baseline 0.004 -23"><span class='ocrx_word' id='word_1_550' title='bbox 1959 3149 2160 3202; x_wconf 87' lang='lat' dir='ltr'><strong>librum</strong></span> <span class='ocrx_word' id='word_1_551' title='bbox 2195 3148 2430 3217; x_wconf 85' lang='lat' dir='ltr'><strong>legendi,</strong></span> <span class='ocrx_word' id='word_1_552' title='bbox 2467 3149 2639 3201; x_wconf 88' lang='lat' dir='ltr'><strong>nostri</strong></span> <span class='ocrx_word' id='word_1_553' title='bbox 2670 3150 3043 3203; x_wconf 87' lang='lat' dir='ltr'><strong>testificantur</strong></span> <span class='ocrx_word' id='word_1_554' title='bbox 3073 3153 3238 3206; x_wconf 87' lang='lat' dir='ltr'><strong>oculi.</strong></span> <span class='ocrx_word' id='word_1_555' title='bbox 3280 3155 3552 3225; x_wconf 89' lang='lat' dir='ltr'><strong>Aliquan-</strong></span> 
     </span>
    </p>
   </div>
   <div class='ocr_carea' id='block_1_78' title="bbox 1958 3239 3552 3308">
    <p class='ocr_par' dir='ltr' id='par_1_78' title="bbox 1958 3239 3552 3308">
     <span class='ocr_line' id='line_1_78' title="bbox 1958 3239 3552 3308; baseline 0.006 -18"><span class='ocrx_word' id='word_1_556' title='bbox 1958 3243 2076 3290; x_wconf 90' lang='lat' dir='ltr'><strong>tum</strong></span> <span class='ocrx_word' id='word_1_557' title='bbox 2101 3239 2336 3289; x_wconf 81' lang='lat' dir='ltr'><strong>fluxerat</strong></span> <span class='ocrx_word' id='word_1_558' title='bbox 2363 3239 2652 3307; x_wconf 88' lang='lat' dir='ltr'><strong>temporis,</strong></span> <span class='ocrx_word' id='word_1_559' title='bbox 2678 3242 2735 3290; x_wconf 82' lang='lat' dir='ltr'><strong>et</strong></span> <span class='ocrx_word' id='word_1_560' title='bbox 2759 3255 2882 3291; x_wconf 90' lang='lat' dir='ltr'><strong>cum</strong></span> <span class='ocrx_word' id='word_1_561' title='bbox 2908 3240 3072 3308; x_wconf 86' lang='lat' dir='ltr'><strong>hujus</strong></span> <span class='ocrx_word' id='word_1_562' title='bbox 3101 3243 3328 3297; x_wconf 90' lang='lat' dir='ltr'><strong>visionis</strong></span> <span class='ocrx_word' id='word_1_563' title='bbox 3348 3246 3552 3298; x_wconf 85' lang='lat' dir='ltr'><strong>seriem</strong></span> 
     </span>
    </p>
   </div>
   <div class='ocr_carea' id='block_1_79' title="bbox 1961 3325 3554 3397">
    <p class='ocr_par' dir='ltr' id='par_1_79' title="bbox 1961 3325 3554 3397">
     <span class='ocr_line' id='line_1_79' title="bbox 1961 3325 3554 3397; baseline 0.007 -19"><span class='ocrx_word' id='word_1_564' title='bbox 1961 3327 2181 3394; x_wconf 79' lang='lat' dir='ltr'><strong>litigoni</strong></span> <span class='ocrx_word' id='word_1_565' title='bbox 2207 3325 2508 3379; x_wconf 85' lang='lat' dir='ltr'><strong>venerabili</strong></span> <span class='ocrx_word' id='word_1_566' title='bbox 2528 3325 2717 3379; x_wconf 87' lang='lat' dir='ltr'><strong>abbati</strong></span> <span class='ocrx_word' id='word_1_567' title='bbox 2742 3327 3095 3382; x_wconf 87' lang='lat' dir='ltr'><strong>Cluniacensi</strong></span> <span class='ocrx_word' id='word_1_568' title='bbox 3117 3334 3416 3397; x_wconf 88' lang='lat' dir='ltr'><strong>retulisset,</strong></span> <span class='ocrx_word' id='word_1_569' title='bbox 3438 3336 3554 3388; x_wconf 77' lang='lat' dir='ltr'><strong>haec</strong></span> 
     </span>
    </p>
   </div>
   <div class='ocr_carea' id='block_1_80' title="bbox 1960 3414 3556 3481">
    <p class='ocr_par' dir='ltr' id='par_1_80' title="bbox 1960 3414 3556 3481">
     <span class='ocr_line' id='line_1_80' title="bbox 1960 3414 3556 3481; baseline 0.007 -14"><span class='ocrx_word' id='word_1_570' title='bbox 1960 3415 2028 3467; x_wconf 87' lang='lat' dir='ltr'><strong>ab</strong></span> <span class='ocrx_word' id='word_1_571' title='bbox 2060 3431 2123 3466; x_wconf 87' lang='lat' dir='ltr'><strong>eo</strong></span> <span class='ocrx_word' id='word_1_572' title='bbox 2153 3414 2365 3468; x_wconf 81' lang='lat' dir='ltr'><strong>audivit</strong></span> <span class='ocrx_word' id='word_1_573' title='bbox 2391 3435 2400 3467; x_wconf 94' lang='lat'><strong>:</strong></span> <span class='ocrx_word' id='word_1_574' title='bbox 2437 3433 2461 3464; x_wconf 75' lang='grc' dir='ltr'><strong>(ι</strong></span> <span class='ocrx_word' id='word_1_575' title='bbox 2493 3415 2761 3468; x_wconf 90' lang='lat' dir='ltr'><strong>Poculum</strong></span> <span class='ocrx_word' id='word_1_576' title='bbox 2784 3432 2816 3468; x_wconf 89' lang='lat' dir='ltr'><strong>a</strong></span> <span class='ocrx_word' id='word_1_577' title='bbox 2839 3418 3002 3471; x_wconf 87' lang='lat' dir='ltr'><strong>Patre</strong></span> <span class='ocrx_word' id='word_1_578' title='bbox 3033 3428 3242 3481; x_wconf 88' lang='lat' dir='ltr'><strong>nostro,</strong></span> <span class='ocrx_word' id='word_1_579' title='bbox 3273 3424 3366 3476; x_wconf 78' lang='lat' dir='ltr'><strong>cui</strong></span> <span class='ocrx_word' id='word_1_580' title='bbox 3396 3424 3556 3478; x_wconf 89' lang='lat' dir='ltr'><strong>mini-</strong></span> 
     </span>
    </p>
   </div>
   <div class='ocr_carea' id='block_1_81' title="bbox 1963 3503 3558 3582">
    <p class='ocr_par' dir='ltr' id='par_1_81' title="bbox 1963 3503 3558 3582">
     <span class='ocr_line' id='line_1_81' title="bbox 1963 3503 3558 3582; baseline 0.006 -24"><span class='ocrx_word' id='word_1_581' title='bbox 1963 3503 2179 3558; x_wconf 86' lang='lat' dir='ltr'><strong>strabas</strong></span> <span class='ocrx_word' id='word_1_582' title='bbox 2211 3504 2389 3567; x_wconf 91' lang='lat' dir='ltr'><strong>illum,</strong></span> <span class='ocrx_word' id='word_1_583' title='bbox 2419 3504 2608 3557; x_wconf 89' lang='lat' dir='ltr'><strong>statim</strong></span> <span class='ocrx_word' id='word_1_584' title='bbox 2641 3512 2935 3560; x_wconf 87' lang='lat' dir='ltr'><strong>secuturus</strong></span> <span class='ocrx_word' id='word_1_585' title='bbox 2963 3510 3223 3579; x_wconf 85' lang='lat' dir='ltr'><strong>accepisti</strong></span> <span class='ocrx_word' id='word_1_586' title='bbox 3257 3530 3267 3564; x_wconf 92' lang='lat'>:</span> <span class='ocrx_word' id='word_1_587' title='bbox 3303 3513 3434 3582; x_wconf 83' lang='lat' dir='ltr'><strong>quia</strong></span> <span class='ocrx_word' id='word_1_588' title='bbox 3464 3531 3558 3567; x_wconf 84' lang='lat' dir='ltr'><strong>ne-</strong></span> 
     </span>
    </p>
   </div>
   <div class='ocr_carea' id='block_1_82' title="bbox 1963 3593 3556 3666">
    <p class='ocr_par' dir='ltr' id='par_1_82' title="bbox 1963 3593 3556 3666">
     <span class='ocr_line' id='line_1_82' title="bbox 1963 3593 3556 3666; baseline 0.008 -21"><span class='ocrx_word' id='word_1_589' title='bbox 1963 3610 2115 3645; x_wconf 76' lang='lat' dir='ltr'><strong>cesse</strong></span> <span class='ocrx_word' id='word_1_590' title='bbox 2145 3598 2230 3646; x_wconf 86' lang='lat' dir='ltr'><strong>est</strong></span> <span class='ocrx_word' id='word_1_591' title='bbox 2271 3600 2343 3651; x_wconf 88' lang='lat' dir='ltr'><strong>te,</strong></span> <span class='ocrx_word' id='word_1_592' title='bbox 2385 3593 2577 3646; x_wconf 88' lang='lat' dir='ltr'><strong>frater.</strong></span> <span class='ocrx_word' id='word_1_593' title='bbox 2611 3593 2796 3647; x_wconf 84' lang='lat' dir='ltr'><strong>calicis</strong></span> <span class='ocrx_word' id='word_1_594' title='bbox 2829 3602 2884 3648; x_wconf 91' lang='lat' dir='ltr'><strong>et</strong></span> <span class='ocrx_word' id='word_1_595' title='bbox 2933 3598 3204 3666; x_wconf 88' lang='lat' dir='ltr'><strong>passionis</strong></span> <span class='ocrx_word' id='word_1_596' title='bbox 3234 3609 3556 3656; x_wconf 85' lang='lat' dir='ltr'><strong>sanctorum</strong></span> 
     </span>
    </p>
   </div>
   <div class='ocr_carea' id='block_1_83' title="bbox 1965 3682 3559 3760">
    <p class='ocr_par' dir='ltr' id='par_1_83' title="bbox 1965 3682 3559 3760">
     <span class='ocr_line' id='line_1_83' title="bbox 1965 3682 3559 3760; baseline 0.007 -26"><span class='ocrx_word' id='word_1_597' title='bbox 1965 3682 2355 3751; x_wconf 76' lang='lat' dir='ltr'><strong>compatiendo</strong></span> <span class='ocrx_word' id='word_1_598' title='bbox 2385 3683 2713 3751; x_wconf 86' lang='lat' dir='ltr'><strong>participem</strong></span> <span class='ocrx_word' id='word_1_599' title='bbox 2748 3684 2887 3736; x_wconf 85' lang='lat' dir='ltr'><strong>fieri.</strong></span> <span class='ocrx_word' id='word_1_600' title='bbox 2925 3705 2945 3733; x_wconf 82' lang='grc'><strong>»</strong></span> <span class='ocrx_word' id='word_1_601' title='bbox 2981 3688 3139 3750; x_wconf 84' lang='lat' dir='ltr'><strong>Quod</strong></span> <span class='ocrx_word' id='word_1_602' title='bbox 3171 3689 3249 3742; x_wconf 89' lang='lat' dir='ltr'><strong>ita</strong></span> <span class='ocrx_word' id='word_1_603' title='bbox 3278 3690 3559 3760; x_wconf 84' lang='lat' dir='ltr'><strong>significa-</strong></span> 
     </span>
    </p>
   </div>
   <div class='ocr_carea' id='block_1_84' title="bbox 1966 3771 3577 3849">
    <p class='ocr_par' dir='ltr' id='par_1_84' title="bbox 1966 3771 3577 3849">
     <span class='ocr_line' id='line_1_84' title="bbox 1966 3771 3577 3849; baseline 0.007 -27"><span class='ocrx_word' id='word_1_604' title='bbox 1966 3777 2106 3832; x_wconf 84' lang='lat' dir='ltr'><strong>tum,</strong></span> <span class='ocrx_word' id='word_1_605' title='bbox 2143 3771 2287 3823; x_wconf 84' lang='lat' dir='ltr'>sicut</span> <span class='ocrx_word' id='word_1_606' title='bbox 2336 3776 2526 3823; x_wconf 86' lang='lat' dir='ltr'><strong>tantus</strong></span> <span class='ocrx_word' id='word_1_607' title='bbox 2565 3773 2843 3841; x_wconf 87' lang='lat' dir='ltr'><strong>interpres</strong></span> <span class='ocrx_word' id='word_1_608' title='bbox 2887 3775 3044 3837; x_wconf 75' lang='lat' dir='ltr'><strong>dixit,</strong></span> <span class='ocrx_word' id='word_1_609' title='bbox 3087 3793 3275 3830; x_wconf 88' lang='lat' dir='ltr'><strong>rerum</strong></span> <span class='ocrx_word' id='word_1_610' title='bbox 3309 3781 3577 3849; x_wconf 84' lang='lat' dir='ltr'><strong>probavit</strong></span> 
     </span>
    </p>
   </div>
   <div class='ocr_carea' id='block_1_85' title="bbox 1968 3859 3562 3937">
    <p class='ocr_par' dir='ltr' id='par_1_85' title="bbox 1968 3859 3562 3937">
     <span class='ocr_line' id='line_1_85' title="bbox 1968 3859 3562 3937; baseline 0.006 -25"><span class='ocrx_word' id='word_1_611' title='bbox 1968 3861 2166 3912; x_wconf 79' lang='lat' dir='ltr'><strong>exitus.</strong></span> <span class='ocrx_word' id='word_1_612' title='bbox 2194 3859 2297 3912; x_wconf 87' lang='lat' dir='ltr'><strong>Sed</strong></span> <span class='ocrx_word' id='word_1_613' title='bbox 2332 3859 2486 3926; x_wconf 83' lang='lat' dir='ltr'><strong>prius</strong></span> <span class='ocrx_word' id='word_1_614' title='bbox 2522 3859 2818 3912; x_wconf 88' lang='lat' dir='ltr'><strong>dicendum</strong></span> <span class='ocrx_word' id='word_1_615' title='bbox 2848 3867 2932 3914; x_wconf 89' lang='lat' dir='ltr'><strong>est</strong></span> <span class='ocrx_word' id='word_1_616' title='bbox 2963 3864 3203 3932; x_wconf 87' lang='lat' dir='ltr'><strong>qualiter</strong></span> <span class='ocrx_word' id='word_1_617' title='bbox 3227 3865 3437 3937; x_wconf 85' lang='lat' dir='ltr'><strong>absque</strong></span> <span class='ocrx_word' id='word_1_618' title='bbox 3464 3870 3562 3922; x_wconf 89' lang='lat' dir='ltr'><strong>hu-</strong></span> 
     </span>
    </p>
   </div>
   <div class='ocr_carea' id='block_1_86' title="bbox 1970 3947 3563 4028">
    <p class='ocr_par' dir='ltr' id='par_1_86' title="bbox 1970 3947 3563 4028">
     <span class='ocr_line' id='line_1_86' title="bbox 1970 3947 3563 4028; baseline 0.008 -29"><span class='ocrx_word' id='word_1_619' title='bbox 1970 3961 2135 4000; x_wconf 77' lang='lat' dir='ltr'><strong>mano</strong></span> <span class='ocrx_word' id='word_1_620' title='bbox 2157 3947 2496 3999; x_wconf 83' lang='lat' dir='ltr'><strong>adminiculo</strong></span> <span class='ocrx_word' id='word_1_621' title='bbox 2519 3948 2666 4000; x_wconf 86' lang='lat' dir='ltr'><strong>idem</strong></span> <span class='ocrx_word' id='word_1_622' title='bbox 2693 3956 2882 4018; x_wconf 87' lang='lat' dir='ltr'><strong>pastor</strong></span> <span class='ocrx_word' id='word_1_623' title='bbox 2897 3957 3089 4005; x_wconf 88' lang='lat' dir='ltr'><strong>noster</strong></span> <span class='ocrx_word' id='word_1_624' title='bbox 3101 3956 3440 4010; x_wconf 86' lang='lat' dir='ltr'><strong>monasterio</strong></span> <span class='ocrx_word' id='word_1_625' title='bbox 3463 3975 3563 4028; x_wconf 90' lang='lat' dir='ltr'><strong>per</strong></span> 
     </span>
    </p>
   </div>
   <div class='ocr_carea' id='block_1_87' title="bbox 1971 4035 2880 4091">
    <p class='ocr_par' dir='ltr' id='par_1_87' title="bbox 1971 4035 2880 4091">
     <span class='ocr_line' id='line_1_87' title="bbox 1971 4035 2880 4091; baseline 0 -1"><span class='ocrx_word' id='word_1_626' title='bbox 1971 4036 2070 4090; x_wconf 85' lang='lat' dir='ltr'><strong>Dei</strong></span> <span class='ocrx_word' id='word_1_627' title='bbox 2099 4037 2436 4089; x_wconf 78' lang='lat' dir='ltr'><strong>Voluntatem</strong></span> <span class='ocrx_word' id='word_1_628' title='bbox 2470 4035 2542 4088; x_wconf 91' lang='lat' dir='ltr'><strong>sit</strong></span> <span class='ocrx_word' id='word_1_629' title='bbox 2570 4037 2880 4091; x_wconf 87' lang='lat' dir='ltr'><strong>restitutus.</strong></span> 
     </span>
    </p>
   </div>
   <div class='ocr_carea' id='block_1_88' title="bbox 2044 4124 3566 4206">
    <p class='ocr_par' dir='ltr' id='par_1_88' title="bbox 2044 4124 3566 4206">
     <span class='ocr_line' id='line_1_88' title="bbox 2044 4124 3566 4206; baseline 0.008 -28"><span class='ocrx_word' id='word_1_630' title='bbox 2044 4124 2126 4179; x_wconf 81' lang='grc'><strong>30.</strong></span> <span class='ocrx_word' id='word_1_631' title='bbox 2159 4127 2479 4178; x_wconf 70' lang='lat' dir='ltr'><strong>Adversarii</strong></span> <span class='ocrx_word' id='word_1_632' title='bbox 2506 4129 2621 4191; x_wconf 73' lang='lat' dir='ltr'><strong>eius</strong></span> <span class='ocrx_word' id='word_1_633' title='bbox 2650 4128 2783 4178; x_wconf 72' lang='lat' dir='ltr'><strong>dant.</strong></span> <span class='ocrx_word' id='word_1_634' title='bbox 2813 4144 3013 4191; x_wconf 67' lang='lat' dir='ltr'><strong>parmis.</strong></span> <span class='ocrx_word' id='word_1_635' title='bbox 3039 4129 3292 4193; x_wconf 85' lang='lat' dir='ltr'><strong>Quadam</strong></span> <span class='ocrx_word' id='word_1_636' title='bbox 3324 4151 3566 4206; x_wconf 77' lang='lat' dir='ltr'><strong>namque</strong></span> 
     </span>
    </p>
   </div>
   <div class='ocr_carea' id='block_1_89' title="bbox 1974 4213 3565 4294">
    <p class='ocr_par' dir='ltr' id='par_1_89' title="bbox 1974 4213 3565 4294">
     <span class='ocr_line' id='line_1_89' title="bbox 1974 4213 3565 4294; baseline 0.009 -30"><span class='ocrx_word' id='word_1_637' title='bbox 1974 4214 2062 4266; x_wconf 84' lang='lat' dir='ltr'><strong>die</strong></span> <span class='ocrx_word' id='word_1_638' title='bbox 2102 4214 2336 4266; x_wconf 82' lang='lat' dir='ltr'><strong>fratrum</strong></span> <span class='ocrx_word' id='word_1_639' title='bbox 2370 4213 2600 4266; x_wconf 89' lang='lat' dir='ltr'><strong>diutinis</strong></span> <span class='ocrx_word' id='word_1_640' title='bbox 2629 4213 2893 4284; x_wconf 83' lang='lat' dir='ltr'><strong>lacrymis</strong></span> <span class='ocrx_word' id='word_1_641' title='bbox 2920 4217 3260 4285; x_wconf 88' lang='lat' dir='ltr'><strong>admonitus,</strong></span> <span class='ocrx_word' id='word_1_642' title='bbox 3294 4224 3428 4277; x_wconf 87' lang='lat' dir='ltr'><strong>solis</strong></span> <span class='ocrx_word' id='word_1_643' title='bbox 3446 4225 3565 4294; x_wconf 86' lang='lat' dir='ltr'><strong>jam</strong></span> 
     </span>
    </p>
   </div>
   <div class='ocr_carea' id='block_1_90' title="bbox 1975 4302 3567 4377">
    <p class='ocr_par' dir='ltr' id='par_1_90' title="bbox 1975 4302 3567 4377">
     <span class='ocr_line' id='line_1_90' title="bbox 1975 4302 3567 4377; baseline 0.008 -22"><span class='ocrx_word' id='word_1_644' title='bbox 1975 4303 2216 4356; x_wconf 75' lang='lat' dir='ltr'><strong>abeunte</strong></span> <span class='ocrx_word' id='word_1_645' title='bbox 2254 4315 2442 4365; x_wconf 84' lang='lat' dir='ltr'><strong>curru,</strong></span> <span class='ocrx_word' id='word_1_646' title='bbox 2486 4302 2693 4355; x_wconf 85' lang='lat' dir='ltr'><strong>montis</strong></span> <span class='ocrx_word' id='word_1_647' title='bbox 2729 4305 2988 4358; x_wconf 82' lang='lat' dir='ltr'><strong>verticem</strong></span> <span class='ocrx_word' id='word_1_648' title='bbox 3029 4309 3219 4377; x_wconf 87' lang='lat' dir='ltr'><strong>paucis</strong></span> <span class='ocrx_word' id='word_1_649' title='bbox 3267 4313 3567 4368; x_wconf 88' lang='lat' dir='ltr'><strong>comitatus</strong></span> 
     </span>
    </p>
   </div>
   <div class='ocr_carea' id='block_1_91' title="bbox 278 4376 3570 4469">
    <p class='ocr_par' dir='ltr' id='par_1_91' title="bbox 278 4376 3570 4469">
     <span class='ocr_line' id='line_1_91' title="bbox 278 4376 3570 4469; baseline 0.002 -19"><span class='ocrx_word' id='word_1_650' title='bbox 278 4418 360 4455; x_wconf 79' lang='lat' dir='ltr'><strong>ne</strong></span> <span class='ocrx_word' id='word_1_651' title='bbox 393 4413 551 4468; x_wconf 83' lang='lat' dir='ltr'><strong>agas.</strong></span> <span class='ocrx_word' id='word_1_652' title='bbox 587 4417 614 4450; x_wconf 74' lang='grc' dir='ltr'><strong>ι)</strong></span> <span class='ocrx_word' id='word_1_653' title='bbox 645 4399 788 4462; x_wconf 84' lang='lat' dir='ltr'><strong>Quid</strong></span> <span class='ocrx_word' id='word_1_654' title='bbox 824 4399 1026 4469; x_wconf 85' lang='lat' dir='ltr'><strong>plura?</strong></span> <span class='ocrx_word' id='word_1_655' title='bbox 1071 4399 1248 4453; x_wconf 82' lang='lat' dir='ltr'><strong>Senex</strong></span> <span class='ocrx_word' id='word_1_656' title='bbox 1286 4399 1625 4452; x_wconf 87' lang='lat' dir='ltr'><strong>inveteratus</strong></span> <span class='ocrx_word' id='word_1_657' title='bbox 1657 4397 1889 4468; x_wconf 83' lang='lat' dir='ltr'><strong>impellit</strong></span> <span class='ocrx_word' id='word_1_658' title='bbox 1915 4376 2166 4444; x_wconf 78' lang='lat' dir='ltr'><strong>Dsubiit.</strong></span> <span class='ocrx_word' id='word_1_659' title='bbox 2203 4392 2375 4459; x_wconf 87' lang='lat' dir='ltr'><strong>Cujus</strong></span> <span class='ocrx_word' id='word_1_660' title='bbox 2429 4406 2554 4443; x_wconf 76' lang='lat' dir='ltr'><strong>mox</strong></span> <span class='ocrx_word' id='word_1_661' title='bbox 2603 4391 2793 4444; x_wconf 88' lang='lat' dir='ltr'><strong>audito</strong></span> <span class='ocrx_word' id='word_1_662' title='bbox 2845 4393 3060 4448; x_wconf 88' lang='lat' dir='ltr'><strong>famoso</strong></span> <span class='ocrx_word' id='word_1_663' title='bbox 3099 4400 3344 4466; x_wconf 85' lang='lat' dir='ltr'><strong>nomine,</strong></span> <span class='ocrx_word' id='word_1_664' title='bbox 3386 4404 3570 4457; x_wconf 84' lang='lat' dir='ltr'><strong>omnis</strong></span> 
     </span>
    </p>
   </div>
   <div class='ocr_carea' id='block_1_92' title="bbox 269 4487 1896 4561">
    <p class='ocr_par' dir='ltr' id='par_1_92' title="bbox 269 4487 1896 4561">
     <span class='ocr_line' id='line_1_92' title="bbox 269 4487 1896 4561; baseline -0.002 -17"><span class='ocrx_word' id='word_1_665' title='bbox 269 4494 554 4561; x_wconf 78' lang='lat' dir='ltr'><strong>juvenem</strong></span> <span class='ocrx_word' id='word_1_666' title='bbox 584 4488 943 4541; x_wconf 82' lang='lat' dir='ltr'><strong>c—ircumflecti</strong></span> <span class='ocrx_word' id='word_1_667' title='bbox 985 4489 1176 4542; x_wconf 88' lang='lat' dir='ltr'><strong>multis</strong></span> <span class='ocrx_word' id='word_1_668' title='bbox 1209 4487 1794 4543; x_wconf 80' lang='lat' dir='ltr'><strong>circumventionibus.</strong></span> <span class='ocrx_word' id='word_1_669' title='bbox 1839 4491 1896 4540; x_wconf 88' lang='lat' dir='ltr'><strong>et</strong></span> 
     </span>
    </p>
   </div>
   <div class='ocr_carea' id='block_1_93' title="bbox 276 4576 1896 4648">
    <p class='ocr_par' dir='ltr' id='par_1_93' title="bbox 276 4576 1896 4648">
     <span class='ocr_line' id='line_1_93' title="bbox 276 4576 1896 4648; baseline -0.001 -17"><span class='ocrx_word' id='word_1_670' title='bbox 276 4590 442 4648; x_wconf 67' lang='lat' dir='ltr'><strong>saepe</strong></span> <span class='ocrx_word' id='word_1_671' title='bbox 459 4576 798 4629; x_wconf 84' lang='lat' dir='ltr'><strong>insibilando</strong></span> <span class='ocrx_word' id='word_1_672' title='bbox 820 4591 1092 4631; x_wconf 82' lang='lat' dir='ltr'><strong>venenata</strong></span> <span class='ocrx_word' id='word_1_673' title='bbox 1112 4577 1360 4641; x_wconf 87' lang='lat' dir='ltr'><strong>consilia,</strong></span> <span class='ocrx_word' id='word_1_674' title='bbox 1377 4579 1498 4646; x_wconf 85' lang='lat' dir='ltr'><strong>ejus</strong></span> <span class='ocrx_word' id='word_1_675' title='bbox 1523 4578 1727 4646; x_wconf 87' lang='lat' dir='ltr'><strong>patulis</strong></span> <span class='ocrx_word' id='word_1_676' title='bbox 1749 4579 1896 4630; x_wconf 89' lang='lat' dir='ltr'><strong>auri-</strong></span> 
     </span>
    </p>
   </div>
   <div class='ocr_carea' id='block_1_94' title="bbox 279 4665 1897 4737">
    <p class='ocr_par' dir='ltr' id='par_1_94' title="bbox 279 4665 1897 4737">
     <span class='ocr_line' id='line_1_94' title="bbox 279 4665 1897 4737; baseline -0.001 -19"><span class='ocrx_word' id='word_1_677' title='bbox 279 4669 401 4721; x_wconf 87' lang='lat' dir='ltr'><strong>bus</strong></span> <span class='ocrx_word' id='word_1_678' title='bbox 422 4673 593 4736; x_wconf 86' lang='lat' dir='ltr'><strong>urget</strong></span> <span class='ocrx_word' id='word_1_679' title='bbox 619 4668 687 4720; x_wconf 86' lang='lat' dir='ltr'><strong>ad</strong></span> <span class='ocrx_word' id='word_1_680' title='bbox 712 4667 945 4727; x_wconf 86' lang='lat' dir='ltr'><strong>facinus,</strong></span> <span class='ocrx_word' id='word_1_681' title='bbox 972 4685 1073 4736; x_wconf 82' lang='lat' dir='ltr'><strong>per</strong></span> <span class='ocrx_word' id='word_1_682' title='bbox 1098 4669 1242 4737; x_wconf 91' lang='lat' dir='ltr'><strong>quod</strong></span> <span class='ocrx_word' id='word_1_683' title='bbox 1270 4683 1379 4719; x_wconf 91' lang='lat' dir='ltr'><strong>non</strong></span> <span class='ocrx_word' id='word_1_684' title='bbox 1405 4665 1751 4720; x_wconf 89' lang='lat' dir='ltr'><strong>dimidiando</strong></span> <span class='ocrx_word' id='word_1_685' title='bbox 1779 4665 1897 4718; x_wconf 86' lang='lat' dir='ltr'><strong>dies</strong></span> 
     </span>
    </p>
   </div>
   <div class='ocr_carea' id='block_1_95' title="bbox 276 4749 1900 4826">
    <p class='ocr_par' dir='ltr' id='par_1_95' title="bbox 276 4749 1900 4826">
     <span class='ocr_line' id='line_1_95' title="bbox 276 4749 1900 4826; baseline -0.005 -13"><span class='ocrx_word' id='word_1_686' title='bbox 276 4773 432 4813; x_wconf 84' lang='lat' dir='ltr'><strong>suos</strong></span> <span class='ocrx_word' id='word_1_687' title='bbox 484 4756 768 4826; x_wconf 81' lang='lat' dir='ltr'><strong>periturus</strong></span> <span class='ocrx_word' id='word_1_688' title='bbox 807 4749 948 4809; x_wconf 48' lang='lat' dir='ltr'><strong>‘erat</strong></span> <span class='ocrx_word' id='word_1_689' title='bbox 998 4757 1115 4826; x_wconf 92' lang='lat' dir='ltr'><strong>ipse</strong></span> <span class='ocrx_word' id='word_1_690' title='bbox 1164 4757 1458 4809; x_wconf 81' lang='lat' dir='ltr'><strong>maturius.</strong></span> <span class='ocrx_word' id='word_1_691' title='bbox 1497 4755 1729 4809; x_wconf 83' lang='lat' dir='ltr'><strong>Venitur</strong></span> <span class='ocrx_word' id='word_1_692' title='bbox 1768 4771 1900 4824; x_wconf 84' lang='lat' dir='ltr'><strong>ergo</strong></span> 
     </span>
    </p>
   </div>
   <div class='ocr_carea' id='block_1_96' title="bbox 276 4840 1904 4916">
    <p class='ocr_par' dir='ltr' id='par_1_96' title="bbox 276 4840 1904 4916">
     <span class='ocr_line' id='line_1_96' title="bbox 276 4840 1904 4916; baseline -0.004 -18"><span class='ocrx_word' id='word_1_693' title='bbox 276 4843 640 4916; x_wconf 77' lang='lat' dir='ltr'><strong>quantocius</strong></span> <span class='ocrx_word' id='word_1_694' title='bbox 657 4843 729 4895; x_wconf 86' lang='lat' dir='ltr'><strong>ad</strong></span> <span class='ocrx_word' id='word_1_695' title='bbox 752 4844 1157 4896; x_wconf 72' lang='lat' dir='ltr'><strong>monasterium</strong></span> <span class='ocrx_word' id='word_1_696' title='bbox 1189 4863 1199 4896; x_wconf 91' lang='lat'>:</span> <span class='ocrx_word' id='word_1_697' title='bbox 1227 4843 1453 4913; x_wconf 88' lang='lat' dir='ltr'><strong>pellitur</strong></span> <span class='ocrx_word' id='word_1_698' title='bbox 1478 4841 1643 4896; x_wconf 85' lang='lat' dir='ltr'><strong>Pater</strong></span> <span class='ocrx_word' id='word_1_699' title='bbox 1674 4840 1904 4895; x_wconf 80' lang='lat' dir='ltr'><strong>Benedi-</strong></span> 
     </span>
    </p>
   </div>
   <div class='ocr_carea' id='block_1_97' title="bbox 1976 4480 3568 4554">
    <p class='ocr_par' dir='ltr' id='par_1_97' title="bbox 1976 4480 3568 4554">
     <span class='ocr_line' id='line_1_97' title="bbox 1976 4480 3568 4554; baseline 0.009 -22"><span class='ocrx_word' id='word_1_700' title='bbox 1976 4480 2072 4533; x_wconf 84' lang='lat' dir='ltr'><strong>il&#39;la</strong></span> <span class='ocrx_word' id='word_1_701' title='bbox 2094 4481 2365 4549; x_wconf 83' lang='lat' dir='ltr'><strong>sacrilega</strong></span> <span class='ocrx_word' id='word_1_702' title='bbox 2392 4495 2613 4544; x_wconf 79' lang='lat' dir='ltr'><strong>mantis,</strong></span> <span class='ocrx_word' id='word_1_703' title='bbox 2634 4495 2755 4550; x_wconf 76' lang='lat' dir='ltr'><strong>qua)</strong></span> <span class='ocrx_word' id='word_1_704' title='bbox 2776 4498 2875 4534; x_wconf 88' lang='lat' dir='ltr'><strong>sua</strong></span> <span class='ocrx_word' id='word_1_705' title='bbox 2896 4482 3127 4554; x_wconf 83' lang='lat' dir='ltr'><strong>indigna</strong></span> <span class='ocrx_word' id='word_1_706' title='bbox 3148 4488 3386 4544; x_wconf 84' lang='lat' dir='ltr'><strong>statione</strong></span> <span class='ocrx_word' id='word_1_707' title='bbox 3411 4498 3468 4546; x_wconf 91' lang='lat' dir='ltr'><strong>et</strong></span> <span class='ocrx_word' id='word_1_708' title='bbox 3488 4510 3568 4546; x_wconf 88' lang='lat' dir='ltr'><strong>ra-</strong></span> 
     </span>
    </p>
   </div>
   <div class='ocr_carea' id='block_1_98' title="bbox 1977 4569 3573 4645">
    <p class='ocr_par' dir='ltr' id='par_1_98' title="bbox 1977 4569 3573 4645">
     <span class='ocr_line' id='line_1_98' title="bbox 1977 4569 3573 4645; baseline 0.009 -22"><span class='ocrx_word' id='word_1_709' title='bbox 1977 4571 2109 4640; x_wconf 85' lang='lat' dir='ltr'><strong>pina</strong></span> <span class='ocrx_word' id='word_1_710' title='bbox 2131 4571 2312 4622; x_wconf 90' lang='lat' dir='ltr'><strong>locum</strong></span> <span class='ocrx_word' id='word_1_711' title='bbox 2333 4569 2635 4638; x_wconf 83' lang='lat' dir='ltr'><strong>polluebat,</strong></span> <span class='ocrx_word' id='word_1_712' title='bbox 2654 4570 2864 4639; x_wconf 78' lang='lat' dir='ltr'><strong>ingenti</strong></span> <span class='ocrx_word' id='word_1_713' title='bbox 2888 4572 3117 4628; x_wconf 86' lang='lat' dir='ltr'><strong>horrore</strong></span> <span class='ocrx_word' id='word_1_714' title='bbox 3141 4593 3405 4645; x_wconf 88' lang='lat' dir='ltr'><strong>percussa</strong></span> <span class='ocrx_word' id='word_1_715' title='bbox 3426 4581 3573 4638; x_wconf 87' lang='lat' dir='ltr'><strong>illico</strong></span> 
     </span>
    </p>
   </div>
   <div class='ocr_carea' id='block_1_99' title="bbox 1981 4659 3576 4742">
    <p class='ocr_par' dir='ltr' id='par_1_99' title="bbox 1981 4659 3576 4742">
     <span class='ocr_line' id='line_1_99' title="bbox 1981 4659 3576 4742; baseline 0.009 -29"><span class='ocrx_word' id='word_1_716' title='bbox 1981 4660 2246 4730; x_wconf 83' lang='lat' dir='ltr'><strong>fugiendo</strong></span> <span class='ocrx_word' id='word_1_717' title='bbox 2263 4659 2512 4711; x_wconf 79' lang='lat' dir='ltr'><strong>deﬂuxit.</strong></span> <span class='ocrx_word' id='word_1_718' title='bbox 2529 4659 2728 4712; x_wconf 88' lang='lat' dir='ltr'><strong>Petrus</strong></span> <span class='ocrx_word' id='word_1_719' title='bbox 2744 4665 2932 4713; x_wconf 85' lang='lat' dir='ltr'><strong>autem</strong></span> <span class='ocrx_word' id='word_1_720' title='bbox 2948 4664 3214 4730; x_wconf 89' lang='lat' dir='ltr'><strong>marchio,</strong></span> <span class='ocrx_word' id='word_1_721' title='bbox 3229 4685 3330 4737; x_wconf 90' lang='lat' dir='ltr'><strong>pro</strong></span> <span class='ocrx_word' id='word_1_722' title='bbox 3346 4686 3410 4723; x_wconf 88' lang='lat' dir='ltr'><strong>eo</strong></span> <span class='ocrx_word' id='word_1_723' title='bbox 3427 4674 3576 4742; x_wconf 90' lang='lat' dir='ltr'><strong>quod</strong></span> 
     </span>
    </p>
   </div>
   <div class='ocr_carea' id='block_1_100' title="bbox 1985 4748 3579 4832">
    <p class='ocr_par' dir='ltr' id='par_1_100' title="bbox 1985 4748 3579 4832">
     <span class='ocr_line' id='line_1_100' title="bbox 1985 4748 3579 4832; baseline 0.008 -29"><span class='ocrx_word' id='word_1_724' title='bbox 1985 4754 2240 4803; x_wconf 79' lang='lat' dir='ltr'><strong>sanctum</strong></span> <span class='ocrx_word' id='word_1_725' title='bbox 2275 4749 2456 4800; x_wconf 87' lang='lat' dir='ltr'><strong>locum</strong></span> <span class='ocrx_word' id='word_1_726' title='bbox 2490 4748 2729 4808; x_wconf 78' lang='lat' dir='ltr'><strong>violavit,</strong></span> <span class='ocrx_word' id='word_1_727' title='bbox 2767 4765 2983 4804; x_wconf 89' lang='lat' dir='ltr'><strong>necnon</strong></span> <span class='ocrx_word' id='word_1_728' title='bbox 3013 4759 3069 4806; x_wconf 87' lang='lat' dir='ltr'><strong>et</strong></span> <span class='ocrx_word' id='word_1_729' title='bbox 3107 4755 3287 4810; x_wconf 89' lang='lat' dir='ltr'><strong>virum</strong></span> <span class='ocrx_word' id='word_1_730' title='bbox 3321 4759 3436 4814; x_wconf 89' lang='lat' dir='ltr'><strong>Deo</strong></span> <span class='ocrx_word' id='word_1_731' title='bbox 3467 4763 3579 4832; x_wconf 90' lang='lat' dir='ltr'><strong>ple-</strong></span> 
     </span>
    </p>
   </div>
   <div class='ocr_carea' id='block_1_101' title="bbox 1989 4837 3578 4911">
    <p class='ocr_par' dir='ltr' id='par_1_101' title="bbox 1989 4837 3578 4911">
     <span class='ocr_line' id='line_1_101' title="bbox 1989 4837 3578 4911; baseline 0.009 -20"><span class='ocrx_word' id='word_1_732' title='bbox 1989 4856 2120 4892; x_wconf 90' lang='lat' dir='ltr'><strong>num</strong></span> <span class='ocrx_word' id='word_1_733' title='bbox 2135 4853 2237 4891; x_wconf 86' lang='lat' dir='ltr'><strong>sua</strong></span> <span class='ocrx_word' id='word_1_734' title='bbox 2251 4837 2570 4890; x_wconf 81' lang='lat' dir='ltr'><strong>temeritate</strong></span> <span class='ocrx_word' id='word_1_735' title='bbox 2588 4838 2957 4898; x_wconf 84' lang='lat' dir='ltr'><strong>contristavi‘t.</strong></span> <span class='ocrx_word' id='word_1_736' title='bbox 2976 4849 3101 4911; x_wconf 88' lang='lat' dir='ltr'><strong>post.</strong></span> <span class='ocrx_word' id='word_1_737' title='bbox 3115 4845 3283 4899; x_wconf 91' lang='lat' dir='ltr'><strong>trium</strong></span> <span class='ocrx_word' id='word_1_738' title='bbox 3303 4851 3578 4905; x_wconf 89' lang='lat' dir='ltr'><strong>mensium</strong></span> 
     </span>
    </p>
   </div>
   <div class='ocr_carea' id='block_1_102' title="bbox 276 4926 3575 5006">
    <p class='ocr_par' dir='ltr' id='par_1_102' title="bbox 276 4926 3575 5006">
     <span class='ocr_line' id='line_1_102' title="bbox 276 4926 3575 5006; baseline 0.001 -18"><span class='ocrx_word' id='word_1_739' title='bbox 276 4940 445 4996; x_wconf 76' lang='lat' dir='ltr'><strong>ctus,</strong></span> <span class='ocrx_word' id='word_1_740' title='bbox 472 4932 858 5002; x_wconf 82' lang='lat' dir='ltr'><strong>complurimis</strong></span> <span class='ocrx_word' id='word_1_741' title='bbox 886 4949 1114 4986; x_wconf 91' lang='lat' dir='ltr'><strong>suorum</strong></span> <span class='ocrx_word' id='word_1_742' title='bbox 1147 4933 1456 5003; x_wconf 73' lang='lat' dir='ltr'><strong>lacryrnoso</strong></span> <span class='ocrx_word' id='word_1_743' title='bbox 1480 4932 1719 5001; x_wconf 88' lang='lat' dir='ltr'><strong>suspirio</strong></span> <span class='ocrx_word' id='word_1_744' title='bbox 1741 4930 1907 4984; x_wconf 82' lang='lat' dir='ltr'><strong>comi-</strong></span> <span class='ocrx_word' id='word_1_745' title='bbox 1987 4928 2251 4998; x_wconf 77' lang='lat' dir='ltr'><strong>spatium,</strong></span> <span class='ocrx_word' id='word_1_746' title='bbox 2281 4926 2550 4995; x_wconf 84' lang='lat' dir='ltr'><strong>angelica,</strong></span> <span class='ocrx_word' id='word_1_747' title='bbox 2583 4931 2648 4980; x_wconf 88' lang='lat' dir='ltr'><strong>ut</strong></span> <span class='ocrx_word' id='word_1_748' title='bbox 2678 4929 2980 4995; x_wconf 88' lang='lat' dir='ltr'><strong>credimus,</strong></span> <span class='ocrx_word' id='word_1_749' title='bbox 3023 4933 3234 4988; x_wconf 86' lang='lat' dir='ltr'><strong>ultione</strong></span> <span class='ocrx_word' id='word_1_750' title='bbox 3263 4954 3575 5006; x_wconf 88' lang='lat' dir='ltr'><strong>percussus,</strong></span> 
     </span>
    </p>
   </div>
   <div class='ocr_carea' id='block_1_103' title="bbox 273 5015 3580 5095">
    <p class='ocr_par' dir='ltr' id='par_1_103' title="bbox 273 5015 3580 5095">
     <span class='ocr_line' id='line_1_103' title="bbox 273 5015 3580 5095; baseline 0.002 -20"><span class='ocrx_word' id='word_1_751' title='bbox 273 5022 410 5078; x_wconf 74' lang='lat' dir='ltr'><strong>tari</strong></span> <span class='ocrx_word' id='word_1_752' title='bbox 447 5021 606 5072; x_wconf 89' lang='lat' dir='ltr'><strong>illum</strong></span> <span class='ocrx_word' id='word_1_753' title='bbox 641 5021 1011 5089; x_wconf 81' lang='lat' dir='ltr'><strong>cupientibus.</strong></span> <span class='ocrx_word' id='word_1_754' title='bbox 1048 5021 1114 5073; x_wconf 81' lang='lat' dir='ltr'><strong>Et</strong></span> <span class='ocrx_word' id='word_1_755' title='bbox 1149 5021 1404 5090; x_wconf 83' lang='lat' dir='ltr'><strong>quamvis</strong></span> <span class='ocrx_word' id='word_1_756' title='bbox 1436 5027 1616 5090; x_wconf 83' lang='lat' dir='ltr'><strong>posset</strong></span> <span class='ocrx_word' id='word_1_757' title='bbox 1655 5018 1907 5072; x_wconf 90' lang='lat' dir='ltr'><strong>hostibus</strong></span> <span class='ocrx_word' id='word_1_758' title='bbox 1992 5017 2158 5070; x_wconf 85' lang='lat' dir='ltr'><strong>vitam</strong></span> <span class='ocrx_word' id='word_1_759' title='bbox 2201 5016 2343 5068; x_wconf 63' lang='lat' dir='ltr'><strong>[nale</strong></span> <span class='ocrx_word' id='word_1_760' title='bbox 2376 5015 2556 5068; x_wconf 82' lang='lat' dir='ltr'><strong>finivit</strong></span> <span class='ocrx_word' id='word_1_761' title='bbox 2620 5017 2998 5072; x_wconf 85' lang='lat' dir='ltr'><strong>Chunibertus</strong></span> <span class='ocrx_word' id='word_1_762' title='bbox 3028 5038 3249 5091; x_wconf 86' lang='lat' dir='ltr'><strong>quoque</strong></span> <span class='ocrx_word' id='word_1_763' title='bbox 3278 5042 3444 5095; x_wconf 90' lang='lat' dir='ltr'><strong>super</strong></span> <span class='ocrx_word' id='word_1_764' title='bbox 3481 5044 3580 5080; x_wconf 87' lang='lat' dir='ltr'><strong>ne-</strong></span> 
     </span>
    </p>
   </div>
   <div class='ocr_carea' id='block_1_104' title="bbox 273 5104 3584 5183">
    <p class='ocr_par' dir='ltr' id='par_1_104' title="bbox 273 5104 3584 5183">
     <span class='ocr_line' id='line_1_104' title="bbox 273 5104 3584 5183; baseline 0 -16"><span class='ocrx_word' id='word_1_765' title='bbox 273 5111 468 5167; x_wconf 70' lang='lat' dir='ltr'><strong>facile</strong></span> <span class='ocrx_word' id='word_1_766' title='bbox 502 5109 790 5167; x_wconf 83' lang='lat' dir='ltr'><strong>resistere,</strong></span> <span class='ocrx_word' id='word_1_767' title='bbox 825 5109 1173 5179; x_wconf 78' lang='lat' dir='ltr'><strong>Pyrchiriani</strong></span> <span class='ocrx_word' id='word_1_768' title='bbox 1206 5110 1412 5162; x_wconf 89' lang='lat' dir='ltr'><strong>montis</strong></span> <span class='ocrx_word' id='word_1_769' title='bbox 1442 5109 1621 5162; x_wconf 88' lang='lat' dir='ltr'><strong>tutela</strong></span> <span class='ocrx_word' id='word_1_770' title='bbox 1650 5109 1784 5161; x_wconf 88' lang='lat' dir='ltr'><strong>satis</strong></span> <span class='ocrx_word' id='word_1_771' title='bbox 1818 5125 1910 5160; x_wconf 88' lang='lat' dir='ltr'><strong>na-</strong></span> <span class='ocrx_word' id='word_1_772' title='bbox 1993 5105 2182 5173; x_wconf 68' lang='lat' dir='ltr'><strong>quitia:</strong></span> <span class='ocrx_word' id='word_1_773' title='bbox 2212 5121 2324 5156; x_wconf 70' lang='lat' dir='ltr'><strong>sua:</strong></span> <span class='ocrx_word' id='word_1_774' title='bbox 2355 5104 2582 5158; x_wconf 86' lang='lat' dir='ltr'><strong>ausibus</strong></span> <span class='ocrx_word' id='word_1_775' title='bbox 2613 5121 2722 5157; x_wconf 82' lang='lat' dir='ltr'><strong>non</strong></span> <span class='ocrx_word' id='word_1_776' title='bbox 2754 5106 2848 5159; x_wconf 91' lang='lat' dir='ltr'><strong>diu</strong></span> <span class='ocrx_word' id='word_1_777' title='bbox 2877 5108 3150 5175; x_wconf 83' lang='lat' dir='ltr'><strong>gloriatus</strong></span> <span class='ocrx_word' id='word_1_778' title='bbox 3180 5117 3280 5164; x_wconf 85' lang='lat' dir='ltr'><strong>est.</strong></span> <span class='ocrx_word' id='word_1_779' title='bbox 3314 5113 3456 5165; x_wconf 84' lang='lat' dir='ltr'><strong>Nam</strong></span> <span class='ocrx_word' id='word_1_780' title='bbox 3486 5115 3584 5183; x_wconf 87' lang='lat' dir='ltr'><strong>qui</strong></span> 
     </span>
    </p>
   </div>
   <div class='ocr_carea' id='block_1_105' title="bbox 269 5191 3586 5268">
    <p class='ocr_par' dir='ltr' id='par_1_105' title="bbox 269 5191 3586 5268">
     <span class='ocr_line' id='line_1_105' title="bbox 269 5191 3586 5268; baseline -0.001 -13"><span class='ocrx_word' id='word_1_781' title='bbox 269 5211 436 5257; x_wconf 79' lang='lat' dir='ltr'><strong>tura</strong></span> <span class='ocrx_word' id='word_1_782' title='bbox 469 5198 675 5250; x_wconf 83' lang='lat' dir='ltr'><strong>muniti</strong></span> <span class='ocrx_word' id='word_1_783' title='bbox 697 5207 752 5251; x_wconf 87' lang='lat' dir='ltr'><strong>et</strong></span> <span class='ocrx_word' id='word_1_784' title='bbox 785 5206 933 5260; x_wconf 85' lang='lat' dir='ltr'><strong>arte;</strong></span> <span class='ocrx_word' id='word_1_785' title='bbox 969 5199 1167 5251; x_wconf 87' lang='lat' dir='ltr'><strong>maluit</strong></span> <span class='ocrx_word' id='word_1_786' title='bbox 1189 5203 1379 5251; x_wconf 89' lang='lat' dir='ltr'><strong>tamen</strong></span> <span class='ocrx_word' id='word_1_787' title='bbox 1412 5198 1699 5251; x_wconf 84' lang='lat' dir='ltr'><strong>humiliter</strong></span> <span class='ocrx_word' id='word_1_788' title='bbox 1722 5197 1912 5250; x_wconf 82' lang='lat' dir='ltr'><strong>adver-</strong></span> <span class='ocrx_word' id='word_1_789' title='bbox 1993 5193 2148 5263; x_wconf 90' lang='lat' dir='ltr'><strong>prius</strong></span> <span class='ocrx_word' id='word_1_790' title='bbox 2170 5192 2377 5261; x_wconf 82' lang='lat' dir='ltr'><strong>pollere</strong></span> <span class='ocrx_word' id='word_1_791' title='bbox 2399 5191 2692 5245; x_wconf 86' lang='lat' dir='ltr'><strong>videbatur</strong></span> <span class='ocrx_word' id='word_1_792' title='bbox 2712 5193 2987 5264; x_wconf 82' lang='lat' dir='ltr'><strong>sapientia</strong></span> <span class='ocrx_word' id='word_1_793' title='bbox 3008 5203 3063 5248; x_wconf 89' lang='lat' dir='ltr'><strong>et</strong></span> <span class='ocrx_word' id='word_1_794' title='bbox 3087 5197 3381 5266; x_wconf 71' lang='lat' dir='ltr'><strong>episcopali</strong></span> <span class='ocrx_word' id='word_1_795' title='bbox 3407 5200 3586 5268; x_wconf 85' lang='lat' dir='ltr'><strong>digni-</strong></span> 
     </span>
    </p>
   </div>
   <div class='ocr_carea' id='block_1_106' title="bbox 272 5282 3583 5357">
    <p class='ocr_par' dir='ltr' id='par_1_106' title="bbox 272 5282 3583 5357">
     <span class='ocr_line' id='line_1_106' title="bbox 272 5282 3583 5357; baseline 0.001 -16"><span class='ocrx_word' id='word_1_796' title='bbox 272 5289 458 5345; x_wconf 76' lang='lat' dir='ltr'><strong>sario</strong></span> <span class='ocrx_word' id='word_1_797' title='bbox 480 5288 700 5346; x_wconf 84' lang='lat' dir='ltr'><strong>cedere,</strong></span> <span class='ocrx_word' id='word_1_798' title='bbox 737 5293 1011 5357; x_wconf 78' lang='lat' dir='ltr'><strong>przecepto</strong></span> <span class='ocrx_word' id='word_1_799' title='bbox 1035 5285 1252 5341; x_wconf 87' lang='lat' dir='ltr'><strong>Domini</strong></span> <span class='ocrx_word' id='word_1_800' title='bbox 1285 5287 1519 5339; x_wconf 82' lang='lat' dir='ltr'><strong>dicentis</strong></span> <span class='ocrx_word' id='word_1_801' title='bbox 1548 5306 1557 5338; x_wconf 91' lang='lat'>:</span> <span class='ocrx_word' id='word_1_802' title='bbox 1588 5287 1642 5339; x_wconf 83' lang='lat' dir='ltr'><strong>Si</strong></span> <span class='ocrx_word' id='word_1_803' title='bbox 1677 5304 1768 5339; x_wconf 89' lang='lat' dir='ltr'><strong>vos</strong></span> <span class='ocrx_word' id='word_1_804' title='bbox 1792 5303 1912 5356; x_wconf 87' lang='lat' dir='ltr'><strong>per-</strong></span> <span class='ocrx_word' id='word_1_805' title='bbox 1993 5289 2128 5341; x_wconf 85' lang='lat' dir='ltr'><strong>tate,</strong></span> <span class='ocrx_word' id='word_1_806' title='bbox 2153 5282 2432 5334; x_wconf 81' lang='lat' dir='ltr'><strong>involutus</strong></span> <span class='ocrx_word' id='word_1_807' title='bbox 2461 5283 2689 5335; x_wconf 89' lang='lat' dir='ltr'><strong>tandem</strong></span> <span class='ocrx_word' id='word_1_808' title='bbox 2716 5283 2934 5336; x_wconf 89' lang='lat' dir='ltr'><strong>Henrici</strong></span> <span class='ocrx_word' id='word_1_809' title='bbox 2957 5285 3180 5352; x_wconf 86' lang='lat' dir='ltr'><strong>superbi</strong></span> <span class='ocrx_word' id='word_1_810' title='bbox 3207 5288 3352 5356; x_wconf 78' lang='lat' dir='ltr'><strong>regis</strong></span> <span class='ocrx_word' id='word_1_811' title='bbox 3373 5299 3583 5355; x_wconf 81' lang='lat' dir='ltr'><strong>errore,</strong></span> 
     </span>
    </p>
   </div>
   <div class='ocr_carea' id='block_1_107' title="bbox 271 5370 3590 5447">
    <p class='ocr_par' dir='ltr' id='par_1_107' title="bbox 271 5370 3590 5447">
     <span class='ocr_line' id='line_1_107' title="bbox 271 5370 3590 5447; baseline 0.001 -14"><span class='ocrx_word' id='word_1_812' title='bbox 271 5377 489 5436; x_wconf 74' lang='lat' dir='ltr'><strong>secuti</strong></span> <span class='ocrx_word' id='word_1_813' title='bbox 513 5376 724 5429; x_wconf 84' lang='lat' dir='ltr'><strong>fuerint</strong></span> <span class='ocrx_word' id='word_1_814' title='bbox 743 5377 798 5428; x_wconf 78' lang='lat' dir='ltr'><strong>in</strong></span> <span class='ocrx_word' id='word_1_815' title='bbox 821 5393 936 5430; x_wconf 87' lang='lat' dir='ltr'><strong>una</strong></span> <span class='ocrx_word' id='word_1_816' title='bbox 964 5376 1204 5438; x_wconf 81' lang='lat' dir='ltr'><strong>civitate,</strong></span> <span class='ocrx_word' id='word_1_817' title='bbox 1228 5377 1399 5446; x_wconf 84' lang='lat' dir='ltr'><strong>fugite</strong></span> <span class='ocrx_word' id='word_1_818' title='bbox 1425 5377 1479 5428; x_wconf 90' lang='lat' dir='ltr'><strong>in</strong></span> <span class='ocrx_word' id='word_1_819' title='bbox 1506 5377 1672 5428; x_wconf 81' lang='lat' dir='ltr'><strong>aliam</strong></span> <span class='ocrx_word' id='word_1_820' title='bbox 1694 5394 1704 5441; x_wconf 88' lang='lat'><strong>;</strong></span> <span class='ocrx_word' id='word_1_821' title='bbox 1728 5376 1917 5428; x_wconf 89' lang='lat' dir='ltr'><strong>simul-</strong></span> <span class='ocrx_word' id='word_1_822' title='bbox 1999 5389 2063 5424; x_wconf 90' lang='lat' dir='ltr'><strong>ac</strong></span> <span class='ocrx_word' id='word_1_823' title='bbox 2091 5389 2188 5441; x_wconf 89' lang='lat' dir='ltr'><strong>per</strong></span> <span class='ocrx_word' id='word_1_824' title='bbox 2217 5371 2320 5424; x_wconf 88' lang='lat' dir='ltr'><strong>hoc</strong></span> <span class='ocrx_word' id='word_1_825' title='bbox 2343 5370 2413 5423; x_wconf 90' lang='lat' dir='ltr'><strong>ab</strong></span> <span class='ocrx_word' id='word_1_826' title='bbox 2441 5371 2741 5440; x_wconf 84' lang='lat' dir='ltr'><strong>apostolica</strong></span> <span class='ocrx_word' id='word_1_827' title='bbox 2767 5371 3065 5424; x_wconf 87' lang='lat' dir='ltr'><strong>damnatus</strong></span> <span class='ocrx_word' id='word_1_828' title='bbox 3092 5375 3241 5435; x_wconf 87' lang='lat' dir='ltr'><strong>sede,</strong></span> <span class='ocrx_word' id='word_1_829' title='bbox 3278 5379 3500 5447; x_wconf 87' lang='lat' dir='ltr'><strong>quando</strong></span> <span class='ocrx_word' id='word_1_830' title='bbox 3520 5381 3590 5435; x_wconf 88' lang='lat' dir='ltr'><strong>de</strong></span> 
     </span>
    </p>
   </div>
   <div class='ocr_carea' id='block_1_108' title="bbox 273 5460 3587 5541">
    <p class='ocr_par' dir='ltr' id='par_1_108' title="bbox 273 5460 3587 5541">
     <span class='ocr_line' id='line_1_108' title="bbox 273 5460 3587 5541; baseline 0.001 -19"><span class='ocrx_word' id='word_1_831' title='bbox 273 5485 422 5541; x_wconf 80' lang='lat' dir='ltr'><strong>que</strong></span> <span class='ocrx_word' id='word_1_832' title='bbox 439 5466 597 5519; x_wconf 89' lang='lat' dir='ltr'><strong>dedit</strong></span> <span class='ocrx_word' id='word_1_833' title='bbox 628 5466 809 5518; x_wconf 89' lang='lat' dir='ltr'><strong>locum</strong></span> <span class='ocrx_word' id='word_1_834' title='bbox 834 5466 951 5530; x_wconf 71' lang='lat' dir='ltr'><strong>irai,</strong></span> <span class='ocrx_word' id='word_1_835' title='bbox 975 5465 1230 5520; x_wconf 85' lang='lat' dir='ltr'><strong>imitatus</strong></span> <span class='ocrx_word' id='word_1_836' title='bbox 1252 5465 1482 5534; x_wconf 83' lang='lat' dir='ltr'><strong>vestigia</strong></span> <span class='ocrx_word' id='word_1_837' title='bbox 1501 5465 1707 5518; x_wconf 86' lang='lat' dir='ltr'><strong>summi</strong></span> <span class='ocrx_word' id='word_1_838' title='bbox 1738 5463 1918 5516; x_wconf 81' lang='lat' dir='ltr'><strong>Patris</strong></span> <span class='ocrx_word' id='word_1_839' title='bbox 2000 5461 2215 5513; x_wconf 84' lang='lat' dir='ltr'><strong>celsiori</strong></span> <span class='ocrx_word' id='word_1_840' title='bbox 2245 5460 2423 5529; x_wconf 88' lang='lat' dir='ltr'><strong>gradu</strong></span> <span class='ocrx_word' id='word_1_841' title='bbox 2461 5460 2698 5528; x_wconf 78' lang='lat' dir='ltr'><strong>proruit,</strong></span> <span class='ocrx_word' id='word_1_842' title='bbox 2731 5465 2888 5512; x_wconf 83' lang='lat' dir='ltr'><strong>tanto</strong></span> <span class='ocrx_word' id='word_1_843' title='bbox 2924 5461 3080 5530; x_wconf 87' lang='lat' dir='ltr'><strong>gravi</strong></span> <span class='ocrx_word' id='word_1_844' title='bbox 3126 5481 3256 5519; x_wconf 86' lang='lat' dir='ltr'><strong>casu</strong></span> <span class='ocrx_word' id='word_1_845' title='bbox 3287 5466 3456 5522; x_wconf 81' lang='lat' dir='ltr'><strong>elisus</strong></span> <span class='ocrx_word' id='word_1_846' title='bbox 3484 5477 3587 5525; x_wconf 85' lang='lat' dir='ltr'><strong>est.</strong></span> 
     </span>
    </p>
   </div>
   <div class='ocr_carea' id='block_1_109' title="bbox 274 5547 3597 5630">
    <p class='ocr_par' dir='ltr' id='par_1_109' title="bbox 274 5547 3597 5630">
     <span class='ocr_line' id='line_1_109' title="bbox 274 5547 3597 5630; baseline 0.002 -20"><span class='ocrx_word' id='word_1_847' title='bbox 274 5553 630 5619; x_wconf 78' lang='lat' dir='ltr'><strong>Benedicti,</strong></span> <span class='ocrx_word' id='word_1_848' title='bbox 668 5556 1064 5610; x_wconf 88' lang='lat' dir='ltr'><strong>monachorum</strong></span> <span class='ocrx_word' id='word_1_849' title='bbox 1100 5555 1349 5608; x_wconf 90' lang='lat' dir='ltr'><strong>omnium</strong></span> <span class='ocrx_word' id='word_1_850' title='bbox 1377 5554 1533 5608; x_wconf 90' lang='lat' dir='ltr'><strong>ducis</strong></span> <span class='ocrx_word' id='word_1_851' title='bbox 1575 5552 1786 5622; x_wconf 82' lang='lat' dir='ltr'><strong>eximii,</strong></span> <span class='ocrx_word' id='word_1_852' title='bbox 1823 5552 1918 5622; x_wconf 89' lang='lat' dir='ltr'><strong>qui</strong></span> <span class='ocrx_word' id='word_1_853' title='bbox 2001 5551 2175 5604; x_wconf 90' lang='lat' dir='ltr'><strong>Porro</strong></span> <span class='ocrx_word' id='word_1_854' title='bbox 2198 5548 2461 5620; x_wconf 85' lang='lat' dir='ltr'><strong>quoniam</strong></span> <span class='ocrx_word' id='word_1_855' title='bbox 2490 5548 2548 5600; x_wconf 91' lang='lat' dir='ltr'><strong>in</strong></span> <span class='ocrx_word' id='word_1_856' title='bbox 2566 5547 2867 5617; x_wconf 84' lang='lat' dir='ltr'><strong>reprobum</strong></span> <span class='ocrx_word' id='word_1_857' title='bbox 2890 5565 3114 5604; x_wconf 90' lang='lat' dir='ltr'><strong>sensum</strong></span> <span class='ocrx_word' id='word_1_858' title='bbox 3137 5555 3352 5610; x_wconf 87' lang='lat' dir='ltr'><strong>meritis</strong></span> <span class='ocrx_word' id='word_1_859' title='bbox 3375 5559 3597 5630; x_wconf 84' lang='lat' dir='ltr'><strong>exigen-</strong></span> 
     </span>
    </p>
   </div>
  </div>
