  <div class='ocr_page' id='page_1' title='image "/cluster/home/n/w/nwhite01/storage/ocr_20150623/150/hvd.32044054760087/745.png"; bbox 0 0 3972 6172; ppageno 0'>
   <div class='ocr_carea' id='block_1_1' title="bbox 418 286 560 344">
    <p class='ocr_par' dir='ltr' id='par_1_1' title="bbox 418 286 560 344">
     <span class='ocr_line' id='line_1_1' title="bbox 418 286 560 344; baseline -0.007 -1"><span class='ocrx_word' id='word_1_1' title='bbox 418 286 560 344; x_wconf 75' lang='grc'><strong>1479</strong></span> 
     </span>
    </p>
   </div>
   <div class='ocr_carea' id='block_1_2' title="bbox 1451 274 2606 340">
    <p class='ocr_par' dir='ltr' id='par_1_2' title="bbox 1451 274 2606 340">
     <span class='ocr_line' id='line_1_2' title="bbox 1451 274 2606 340; baseline -0.01 -2"><span class='ocrx_word' id='word_1_2' title='bbox 1451 285 1816 340; x_wconf 73' lang='lat' dir='ltr'><strong>\VILLELMI</strong></span> <span class='ocrx_word' id='word_1_3' title='bbox 1859 277 2230 337; x_wconf 76' lang='lat' dir='ltr'><strong>CLUSIENS.</strong></span> <span class='ocrx_word' id='word_1_4' title='bbox 2275 274 2606 330; x_wconf 75' lang='lat' dir='ltr'><strong>MONACH.</strong></span> 
     </span>
    </p>
   </div>
   <div class='ocr_carea' id='block_1_3' title="bbox 3565 270 3700 327">
    <p class='ocr_par' dir='ltr' id='par_1_3' title="bbox 3565 270 3700 327">
     <span class='ocr_line' id='line_1_3' title="bbox 3565 270 3700 327; baseline 0.007 -1"><span class='ocrx_word' id='word_1_5' title='bbox 3565 270 3700 327; x_wconf 72' lang='grc'><strong>1480</strong></span> 
     </span>
    </p>
   </div>
   <div class='ocr_carea' id='block_1_4' title="bbox 419 394 3704 480">
    <p class='ocr_par' dir='ltr' id='par_1_4' title="bbox 419 394 3704 480">
     <span class='ocr_line' id='line_1_4' title="bbox 419 394 3704 480; baseline -0.002 -9"><span class='ocrx_word' id='word_1_6' title='bbox 419 417 571 471; x_wconf 87' lang='lat' dir='ltr'><strong>tibus</strong></span> <span class='ocrx_word' id='word_1_7' title='bbox 597 413 858 476; x_wconf 84' lang='lat' dir='ltr'><strong>traditus,</strong></span> <span class='ocrx_word' id='word_1_8' title='bbox 887 412 1067 465; x_wconf 89' lang='lat' dir='ltr'><strong>locum</strong></span> <span class='ocrx_word' id='word_1_9' title='bbox 1091 427 1255 479; x_wconf 83' lang='lat' dir='ltr'><strong>quem</strong></span> <span class='ocrx_word' id='word_1_10' title='bbox 1289 410 1544 480; x_wconf 79' lang='lat' dir='ltr'><strong>princeps</strong></span> <span class='ocrx_word' id='word_1_11' title='bbox 1571 412 1897 480; x_wconf 77' lang='lat' dir='ltr'><strong>angelorum</strong></span> <span class='ocrx_word' id='word_1_12' title='bbox 1921 401 2300 463; x_wconf 75' lang='lat' dir='ltr'><strong>Mi-AViSllm</strong></span> <span class='ocrx_word' id='word_1_13' title='bbox 2351 409 2436 452; x_wconf 68' lang='lat' dir='ltr'><strong>est</strong></span> <span class='ocrx_word' id='word_1_14' title='bbox 2486 414 2618 468; x_wconf 70' lang='lat' dir='ltr'><strong>ergo</strong></span> <span class='ocrx_word' id='word_1_15' title='bbox 2657 397 2772 468; x_wconf 75' lang='lat' dir='ltr'><strong>regi</strong></span> <span class='ocrx_word' id='word_1_16' title='bbox 2825 398 2971 467; x_wconf 71' lang='grc' dir='ltr'><strong>(Ιιιοίί</strong></span> <span class='ocrx_word' id='word_1_17' title='bbox 3007 395 3232 466; x_wconf 70' lang='lat' dir='ltr'><strong>Petebat</strong></span> <span class='ocrx_word' id='word_1_18' title='bbox 3277 396 3520 460; x_wconf 63' lang='lat' dir='ltr'><strong>durum;</strong></span> <span class='ocrx_word' id='word_1_19' title='bbox 3563 394 3704 448; x_wconf 64' lang='lat' dir='ltr'><strong>ham</strong></span> 
     </span>
    </p>
   </div>
   <div class='ocr_carea' id='block_1_5' title="bbox 421 499 2019 571">
    <p class='ocr_par' dir='ltr' id='par_1_5' title="bbox 421 499 2019 571">
     <span class='ocr_line' id='line_1_5' title="bbox 421 499 2019 571; baseline -0.006 -12"><span class='ocrx_word' id='word_1_20' title='bbox 421 505 574 560; x_wconf 80' lang='lat' dir='ltr'><strong>chael</strong></span> <span class='ocrx_word' id='word_1_21' title='bbox 599 501 870 571; x_wconf 69' lang='lat' dir='ltr'><strong>superbia}</strong></span> <span class='ocrx_word' id='word_1_22' title='bbox 898 500 1044 552; x_wconf 90' lang='lat' dir='ltr'><strong>ultor</strong></span> <span class='ocrx_word' id='word_1_23' title='bbox 1069 499 1518 568; x_wconf 76' lang='lat' dir='ltr'><strong>promptissimus</strong></span> <span class='ocrx_word' id='word_1_24' title='bbox 1540 501 1725 568; x_wconf 82' lang='lat' dir='ltr'><strong>elegit,</strong></span> <span class='ocrx_word' id='word_1_25' title='bbox 1749 500 1864 568; x_wconf 88' lang='lat' dir='ltr'><strong>ipse</strong></span> <span class='ocrx_word' id='word_1_26' title='bbox 1887 499 2019 550; x_wconf 84' lang='lat' dir='ltr'><strong>irre-</strong></span> 
     </span>
    </p>
   </div>
   <div class='ocr_carea' id='block_1_6' title="bbox 422 589 2018 659">
    <p class='ocr_par' dir='ltr' id='par_1_6' title="bbox 422 589 2018 659">
     <span class='ocr_line' id='line_1_6' title="bbox 422 589 2018 659; baseline -0.003 -15"><span class='ocrx_word' id='word_1_27' title='bbox 422 601 678 646; x_wconf 82' lang='lat' dir='ltr'><strong>verenter</strong></span> <span class='ocrx_word' id='word_1_28' title='bbox 708 590 1019 650; x_wconf 61' lang='lat' dir='ltr'><strong>temeravit,</strong></span> <span class='ocrx_word' id='word_1_29' title='bbox 1065 591 1341 658; x_wconf 67' lang='lat' dir='ltr'><strong>exteu‘iplo</strong></span> <span class='ocrx_word' id='word_1_30' title='bbox 1384 589 1489 641; x_wconf 87' lang='lat' dir='ltr'><strong>vita</strong></span> <span class='ocrx_word' id='word_1_31' title='bbox 1533 591 1797 659; x_wconf 86' lang='lat' dir='ltr'><strong>privatus,</strong></span> <span class='ocrx_word' id='word_1_32' title='bbox 1836 607 1933 640; x_wconf 81' lang='lat' dir='ltr'><strong>nec</strong></span> <span class='ocrx_word' id='word_1_33' title='bbox 1964 589 2018 640; x_wconf 90' lang='lat' dir='ltr'><strong>in</strong></span> 
     </span>
    </p>
   </div>
   <div class='ocr_carea' id='block_1_7' title="bbox 422 679 2016 750">
    <p class='ocr_par' dir='ltr' id='par_1_7' title="bbox 422 679 2016 750">
     <span class='ocr_line' id='line_1_7' title="bbox 422 679 2016 750; baseline -0.004 -16"><span class='ocrx_word' id='word_1_34' title='bbox 422 679 688 750; x_wconf 62' lang='lat' dir='ltr'><strong>St‘plﬂu‘lS</strong></span> <span class='ocrx_word' id='word_1_35' title='bbox 724 686 942 747; x_wconf 80' lang='lat' dir='ltr'><strong>patrum</strong></span> <span class='ocrx_word' id='word_1_36' title='bbox 995 694 1244 734; x_wconf 73' lang='lat' dir='ltr'><strong>suorum,</strong></span> <span class='ocrx_word' id='word_1_37' title='bbox 1293 680 1391 729; x_wconf 84' lang='lat' dir='ltr'><strong>hoc</strong></span> <span class='ocrx_word' id='word_1_38' title='bbox 1435 687 1517 730; x_wconf 84' lang='lat' dir='ltr'><strong>est</strong></span> <span class='ocrx_word' id='word_1_39' title='bbox 1548 679 1600 730; x_wconf 87' lang='lat' dir='ltr'><strong>in</strong></span> <span class='ocrx_word' id='word_1_40' title='bbox 1635 679 1763 729; x_wconf 72' lang='lat' dir='ltr'><strong>sede</strong></span> <span class='ocrx_word' id='word_1_41' title='bbox 1796 695 1895 728; x_wconf 82' lang='lat' dir='ltr'><strong>sua</strong></span> <span class='ocrx_word' id='word_1_42' title='bbox 1927 685 2016 728; x_wconf 85' lang='lat' dir='ltr'><strong>ut-</strong></span> 
     </span>
    </p>
   </div>
   <div class='ocr_carea' id='block_1_8' title="bbox 419 767 1848 840">
    <p class='ocr_par' dir='ltr' id='par_1_8' title="bbox 419 767 1848 840">
     <span class='ocr_line' id='line_1_8' title="bbox 419 767 1848 840; baseline -0.001 -21"><span class='ocrx_word' id='word_1_43' title='bbox 419 776 546 840; x_wconf 84' lang='lat' dir='ltr'><strong>pote</strong></span> <span class='ocrx_word' id='word_1_44' title='bbox 574 767 1106 820; x_wconf 70' lang='lat' dir='ltr'><strong>exeammunicatUs.</strong></span> <span class='ocrx_word' id='word_1_45' title='bbox 1141 768 1488 835; x_wconf 85' lang='lat' dir='ltr'><strong>sepulturam</strong></span> <span class='ocrx_word' id='word_1_46' title='bbox 1523 767 1848 836; x_wconf 78' lang='lat' dir='ltr'><strong>promeruit.</strong></span> 
     </span>
    </p>
   </div>
   <div class='ocr_carea' id='block_1_9' title="bbox 491 857 2018 921">
    <p class='ocr_par' dir='ltr' id='par_1_9' title="bbox 491 857 2018 921">
     <span class='ocr_line' id='line_1_9' title="bbox 491 857 2018 921; baseline -0.005 -9"><span class='ocrx_word' id='word_1_47' title='bbox 606 859 839 910; x_wconf 46' lang='lat' dir='ltr'><strong>f/l&#39;ltl&#39;l&#39;c’v</strong></span> <span class='ocrx_word' id='word_1_48' title='bbox 869 860 996 921; x_wconf 62' lang='grc' dir='ltr'><strong>(ηιμ.</strong></span> <span class='ocrx_word' id='word_1_49' title='bbox 1025 873 1214 906; x_wconf 65' lang='lat' dir='ltr'><strong>(‘.1.u..‘I(.;</strong></span> <span class='ocrx_word' id='word_1_50' title='bbox 1244 859 1554 906; x_wconf 49' lang='lat' dir='ltr'><strong>[furcifr/“itit;</strong></span> <span class='ocrx_word' id='word_1_51' title='bbox 1601 857 1678 910; x_wconf 55' lang='lat' dir='ltr'><strong>.lr&#39;l</strong></span> <span class='ocrx_word' id='word_1_52' title='bbox 1701 879 1752 905; x_wconf 73' lang='grc' dir='ltr'><strong>ι’·ι)</strong></span> <span class='ocrx_word' id='word_1_53' title='bbox 1784 872 2018 920; x_wconf 54' lang='lat' dir='ltr'><strong>(xuii/HV?-</strong></span> 
     </span>
    </p>
   </div>
   <div class='ocr_carea' id='block_1_10' title="bbox 422 945 2018 1014">
    <p class='ocr_par' dir='ltr' id='par_1_10' title="bbox 422 945 2018 1014">
     <span class='ocr_line' id='line_1_10' title="bbox 422 945 2018 1014; baseline -0.001 -16"><span class='ocrx_word' id='word_1_54' title='bbox 422 946 962 1010; x_wconf 66' lang='lat' dir='ltr'><strong>hemlitur.Longum</strong></span> <span class='ocrx_word' id='word_1_55' title='bbox 985 952 1062 996; x_wconf 86' lang='lat' dir='ltr'><strong>est</strong></span> <span class='ocrx_word' id='word_1_56' title='bbox 1078 961 1361 1007; x_wconf 82' lang='lat' dir='ltr'><strong>enarrare,</strong></span> <span class='ocrx_word' id='word_1_57' title='bbox 1380 951 1434 996; x_wconf 87' lang='lat' dir='ltr'><strong>et</strong></span> <span class='ocrx_word' id='word_1_58' title='bbox 1457 945 1705 997; x_wconf 87' lang='lat' dir='ltr'><strong>lectionis</strong></span> <span class='ocrx_word' id='word_1_59' title='bbox 1732 945 2018 1014; x_wconf 76' lang='lat' dir='ltr'><strong>prolixitas</strong></span> 
     </span>
    </p>
   </div>
   <div class='ocr_carea' id='block_1_11' title="bbox 420 1034 2016 1102">
    <p class='ocr_par' dir='ltr' id='par_1_11' title="bbox 420 1034 2016 1102">
     <span class='ocr_line' id='line_1_11' title="bbox 420 1034 2016 1102; baseline -0.003 -14"><span class='ocrx_word' id='word_1_60' title='bbox 420 1036 652 1088; x_wconf 75' lang='lat' dir='ltr'><strong>forsitan</strong></span> <span class='ocrx_word' id='word_1_61' title='bbox 697 1051 861 1086; x_wconf 76' lang='lat' dir='ltr'><strong>aures</strong></span> <span class='ocrx_word' id='word_1_62' title='bbox 899 1034 1080 1085; x_wconf 77' lang='lat' dir='ltr'><strong>mimis</strong></span> <span class='ocrx_word' id='word_1_63' title='bbox 1115 1041 1377 1102; x_wconf 86' lang='lat' dir='ltr'><strong>purgatas</strong></span> <span class='ocrx_word' id='word_1_64' title='bbox 1409 1042 1618 1091; x_wconf 87' lang='lat' dir='ltr'><strong>oneret,</strong></span> <span class='ocrx_word' id='word_1_65' title='bbox 1656 1035 1700 1085; x_wconf 84' lang='lat' dir='ltr'><strong>si</strong></span> <span class='ocrx_word' id='word_1_66' title='bbox 1733 1035 1890 1084; x_wconf 78' lang='lat' dir='ltr'><strong>velim</strong></span> <span class='ocrx_word' id='word_1_67' title='bbox 1925 1051 2016 1085; x_wconf 78' lang='lat' dir='ltr'><strong>ex-</strong></span> 
     </span>
    </p>
   </div>
   <div class='ocr_carea' id='block_1_12' title="bbox 420 1121 2019 1196">
    <p class='ocr_par' dir='ltr' id='par_1_12' title="bbox 420 1121 2019 1196">
     <span class='ocr_line' id='line_1_12' title="bbox 420 1121 2019 1196; baseline -0.002 -19"><span class='ocrx_word' id='word_1_68' title='bbox 420 1126 624 1196; x_wconf 88' lang='lat' dir='ltr'><strong>plicare</strong></span> <span class='ocrx_word' id='word_1_69' title='bbox 656 1140 752 1193; x_wconf 90' lang='lat' dir='ltr'><strong>per</strong></span> <span class='ocrx_word' id='word_1_70' title='bbox 781 1123 1021 1191; x_wconf 84' lang='lat' dir='ltr'><strong>singula,</strong></span> <span class='ocrx_word' id='word_1_71' title='bbox 1072 1134 1205 1192; x_wconf 89' lang='lat' dir='ltr'><strong>quot</strong></span> <span class='ocrx_word' id='word_1_72' title='bbox 1237 1132 1290 1175; x_wconf 88' lang='lat' dir='ltr'><strong>et</strong></span> <span class='ocrx_word' id='word_1_73' title='bbox 1321 1131 1531 1192; x_wconf 80' lang='lat' dir='ltr'><strong>quanta</strong></span> <span class='ocrx_word' id='word_1_74' title='bbox 1563 1124 1789 1192; x_wconf 89' lang='lat' dir='ltr'><strong>pertulit</strong></span> <span class='ocrx_word' id='word_1_75' title='bbox 1821 1121 2019 1174; x_wconf 80' lang='lat' dir='ltr'><strong>acerba</strong></span> 
     </span>
    </p>
   </div>
   <div class='ocr_carea' id='block_1_13' title="bbox 421 1213 2016 1281">
    <p class='ocr_par' dir='ltr' id='par_1_13' title="bbox 421 1213 2016 1281">
     <span class='ocr_line' id='line_1_13' title="bbox 421 1213 2016 1281; baseline -0.003 -15"><span class='ocrx_word' id='word_1_76' title='bbox 421 1215 599 1267; x_wconf 85' lang='lat' dir='ltr'><strong>bonus</strong></span> <span class='ocrx_word' id='word_1_77' title='bbox 629 1214 822 1264; x_wconf 89' lang='lat' dir='ltr'><strong>doctor</strong></span> <span class='ocrx_word' id='word_1_78' title='bbox 851 1218 1040 1263; x_wconf 80' lang='lat' dir='ltr'><strong>noster</strong></span> <span class='ocrx_word' id='word_1_79' title='bbox 1070 1213 1138 1262; x_wconf 86' lang='lat' dir='ltr'><strong>ab</strong></span> <span class='ocrx_word' id='word_1_80' title='bbox 1175 1213 1409 1263; x_wconf 82' lang='lat' dir='ltr'><strong>lIenrico</strong></span> <span class='ocrx_word' id='word_1_81' title='bbox 1441 1229 1567 1279; x_wconf 82' lang='lat' dir='ltr'><strong>rege</strong></span> <span class='ocrx_word' id='word_1_82' title='bbox 1601 1214 1832 1281; x_wconf 85' lang='lat' dir='ltr'><strong>ejusque</strong></span> <span class='ocrx_word' id='word_1_83' title='bbox 1863 1229 2016 1263; x_wconf 84' lang='lat' dir='ltr'><strong>com-</strong></span> 
     </span>
    </p>
   </div>
   <div class='ocr_carea' id='block_1_14' title="bbox 421 1301 2016 1373">
    <p class='ocr_par' dir='ltr' id='par_1_14' title="bbox 421 1301 2016 1373">
     <span class='ocr_line' id='line_1_14' title="bbox 421 1301 2016 1373; baseline -0.001 -19"><span class='ocrx_word' id='word_1_84' title='bbox 421 1303 657 1373; x_wconf 87' lang='lat' dir='ltr'><strong>plicibus</strong></span> <span class='ocrx_word' id='word_1_85' title='bbox 699 1301 1044 1354; x_wconf 72' lang='lat' dir='ltr'><strong>Sinmniacis.</strong></span> <span class='ocrx_word' id='word_1_86' title='bbox 1081 1318 1176 1370; x_wconf 84' lang='lat' dir='ltr'><strong>pro</strong></span> <span class='ocrx_word' id='word_1_87' title='bbox 1206 1301 1451 1352; x_wconf 69' lang='lat' dir='ltr'><strong>\‘CI&#39;itatlS</strong></span> <span class='ocrx_word' id='word_1_88' title='bbox 1482 1318 1545 1352; x_wconf 80' lang='lat' dir='ltr'><strong>ae</strong></span> <span class='ocrx_word' id='word_1_89' title='bbox 1573 1302 1854 1369; x_wconf 74' lang='lat' dir='ltr'><strong>religionis</strong></span> <span class='ocrx_word' id='word_1_90' title='bbox 1884 1319 2016 1354; x_wconf 81' lang='lat' dir='ltr'><strong>con-</strong></span> 
     </span>
    </p>
   </div>
   <div class='ocr_carea' id='block_1_15' title="bbox 424 1389 2017 1460">
    <p class='ocr_par' dir='ltr' id='par_1_15' title="bbox 424 1389 2017 1460">
     <span class='ocr_line' id='line_1_15' title="bbox 424 1389 2017 1460; baseline -0.002 -15"><span class='ocrx_word' id='word_1_91' title='bbox 424 1393 650 1445; x_wconf 81' lang='lat' dir='ltr'><strong>stantia.</strong></span> <span class='ocrx_word' id='word_1_92' title='bbox 689 1391 815 1450; x_wconf 88' lang='lat' dir='ltr'><strong>Sed,</strong></span> <span class='ocrx_word' id='word_1_93' title='bbox 853 1399 912 1442; x_wconf 92' lang='lat' dir='ltr'><strong>ut</strong></span> <span class='ocrx_word' id='word_1_94' title='bbox 945 1406 1131 1441; x_wconf 88' lang='lat' dir='ltr'><strong>verum</strong></span> <span class='ocrx_word' id='word_1_95' title='bbox 1167 1389 1355 1458; x_wconf 88' lang='lat' dir='ltr'><strong>paucis</strong></span> <span class='ocrx_word' id='word_1_96' title='bbox 1386 1390 1688 1450; x_wconf 86' lang='lat' dir='ltr'><strong>absolvam,</strong></span> <span class='ocrx_word' id='word_1_97' title='bbox 1723 1391 1854 1460; x_wconf 87' lang='lat' dir='ltr'><strong>quia</strong></span> <span class='ocrx_word' id='word_1_98' title='bbox 1901 1392 2017 1460; x_wconf 84' lang='lat' dir='ltr'><strong>ipse</strong></span> 
     </span>
    </p>
   </div>
   <div class='ocr_carea' id='block_1_16' title="bbox 424 1479 2016 1550">
    <p class='ocr_par' dir='ltr' id='par_1_16' title="bbox 424 1479 2016 1550">
     <span class='ocr_line' id='line_1_16' title="bbox 424 1479 2016 1550; baseline -0.001 -16"><span class='ocrx_word' id='word_1_99' title='bbox 424 1481 754 1534; x_wconf 88' lang='lat' dir='ltr'><strong>catholicam</strong></span> <span class='ocrx_word' id='word_1_100' title='bbox 777 1479 1066 1530; x_wconf 67' lang='lat' dir='ltr'><strong>veritatei‘n</strong></span> <span class='ocrx_word' id='word_1_101' title='bbox 1091 1479 1341 1547; x_wconf 87' lang='lat' dir='ltr'><strong>apprime</strong></span> <span class='ocrx_word' id='word_1_102' title='bbox 1367 1479 1573 1531; x_wconf 75' lang='lat' dir='ltr'><strong>colebat</strong></span> <span class='ocrx_word' id='word_1_103' title='bbox 1601 1488 1655 1532; x_wconf 92' lang='lat' dir='ltr'><strong>et</strong></span> <span class='ocrx_word' id='word_1_104' title='bbox 1677 1480 1837 1532; x_wconf 87' lang='lat' dir='ltr'><strong>beato</strong></span> <span class='ocrx_word' id='word_1_105' title='bbox 1862 1497 2016 1550; x_wconf 67' lang='lat' dir='ltr'><strong>papae</strong></span> 
     </span>
    </p>
   </div>
   <div class='ocr_carea' id='block_1_17' title="bbox 426 1566 2016 1638">
    <p class='ocr_par' dir='ltr' id='par_1_17' title="bbox 426 1566 2016 1638">
     <span class='ocr_line' id='line_1_17' title="bbox 426 1566 2016 1638; baseline 0 -16"><span class='ocrx_word' id='word_1_106' title='bbox 426 1569 696 1638; x_wconf 82' lang='lat' dir='ltr'><strong>Gregorio</strong></span> <span class='ocrx_word' id='word_1_107' title='bbox 732 1569 959 1636; x_wconf 87' lang='lat' dir='ltr'><strong>ejusque</strong></span> <span class='ocrx_word' id='word_1_108' title='bbox 1000 1566 1329 1635; x_wconf 70' lang='lat' dir='ltr'><strong>sequacibus</strong></span> <span class='ocrx_word' id='word_1_109' title='bbox 1364 1567 1598 1630; x_wconf 82' lang='lat' dir='ltr'><strong>favebat,</strong></span> <span class='ocrx_word' id='word_1_110' title='bbox 1633 1577 1687 1620; x_wconf 90' lang='lat' dir='ltr'><strong>et</strong></span> <span class='ocrx_word' id='word_1_111' title='bbox 1729 1571 2016 1622; x_wconf 69' lang='lat' dir='ltr'><strong>cl&#39;iaritatis</strong></span> 
     </span>
    </p>
   </div>
   <div class='ocr_carea' id='block_1_18' title="bbox 429 1655 2020 1727">
    <p class='ocr_par' dir='ltr' id='par_1_18' title="bbox 429 1655 2020 1727">
     <span class='ocr_line' id='line_1_18' title="bbox 429 1655 2020 1727; baseline 0 -16"><span class='ocrx_word' id='word_1_112' title='bbox 429 1660 898 1727; x_wconf 81' lang='lat' dir='ltr'><strong>largitionumque</strong></span> <span class='ocrx_word' id='word_1_113' title='bbox 929 1655 1103 1724; x_wconf 84' lang='lat' dir='ltr'><strong>copia,</strong></span> <span class='ocrx_word' id='word_1_114' title='bbox 1138 1663 1192 1707; x_wconf 90' lang='lat' dir='ltr'><strong>ut</strong></span> <span class='ocrx_word' id='word_1_115' title='bbox 1221 1656 1555 1724; x_wconf 72' lang='lat' dir='ltr'><strong>jai&#39;uprldem</strong></span> <span class='ocrx_word' id='word_1_116' title='bbox 1590 1658 1848 1719; x_wconf 78' lang='lat' dir='ltr'><strong>diximus,</strong></span> <span class='ocrx_word' id='word_1_117' title='bbox 1874 1677 2020 1711; x_wconf 85' lang='lat' dir='ltr'><strong>corn-</strong></span> 
     </span>
    </p>
   </div>
   <div class='ocr_carea' id='block_1_19' title="bbox 2102 484 3704 552">
    <p class='ocr_par' dir='ltr' id='par_1_19' title="bbox 2102 484 3704 552">
     <span class='ocr_line' id='line_1_19' title="bbox 2102 484 3704 552; baseline -0.004 -10"><span class='ocrx_word' id='word_1_118' title='bbox 2102 497 2288 542; x_wconf 88' lang='lat' dir='ltr'><strong>tamen</strong></span> <span class='ocrx_word' id='word_1_119' title='bbox 2324 490 2603 541; x_wconf 50' lang='lat' dir='ltr'><strong>ofll’emlere</strong></span> <span class='ocrx_word' id='word_1_120' title='bbox 2646 495 2802 539; x_wconf 89' lang='lat' dir='ltr'><strong>ratus</strong></span> <span class='ocrx_word' id='word_1_121' title='bbox 2845 504 2952 538; x_wconf 87' lang='lat' dir='ltr'><strong>non</strong></span> <span class='ocrx_word' id='word_1_122' title='bbox 2992 503 3114 538; x_wconf 84' lang='lat' dir='ltr'><strong>esse</strong></span> <span class='ocrx_word' id='word_1_123' title='bbox 3152 484 3252 538; x_wconf 87' lang='lat' dir='ltr'><strong>sibi</strong></span> <span class='ocrx_word' id='word_1_124' title='bbox 3297 485 3597 552; x_wconf 77' lang='lat' dir='ltr'><strong>integrum.</strong></span> <span class='ocrx_word' id='word_1_125' title='bbox 3641 501 3704 536; x_wconf 88' lang='lat' dir='ltr'><strong>eo</strong></span> 
     </span>
    </p>
   </div>
   <div class='ocr_carea' id='block_1_20' title="bbox 2103 574 3708 648">
    <p class='ocr_par' dir='ltr' id='par_1_20' title="bbox 2103 574 3708 648">
     <span class='ocr_line' id='line_1_20' title="bbox 2103 574 3708 648; baseline -0.004 -17"><span class='ocrx_word' id='word_1_126' title='bbox 2103 581 2247 648; x_wconf 82' lang='lat' dir='ltr'><strong>quod</strong></span> <span class='ocrx_word' id='word_1_127' title='bbox 2295 579 2446 644; x_wconf 75' lang='lat' dir='ltr'><strong>regni</strong></span> <span class='ocrx_word' id='word_1_128' title='bbox 2509 577 2922 646; x_wconf 72' lang='lat' dir='ltr'><strong>qmaluumodo</strong></span> <span class='ocrx_word' id='word_1_129' title='bbox 2961 577 3140 627; x_wconf 82' lang='lat' dir='ltr'><strong>claves</strong></span> <span class='ocrx_word' id='word_1_130' title='bbox 3200 583 3251 627; x_wconf 89' lang='lat' dir='ltr'><strong>et</strong></span> <span class='ocrx_word' id='word_1_131' title='bbox 3308 574 3708 642; x_wconf 71' lang='lat' dir='ltr'><strong>Longobardia)</strong></span> 
     </span>
    </p>
   </div>
   <div class='ocr_carea' id='block_1_21' title="bbox 2105 663 3708 734">
    <p class='ocr_par' dir='ltr' id='par_1_21' title="bbox 2105 663 3708 734">
     <span class='ocr_line' id='line_1_21' title="bbox 2105 663 3708 734; baseline -0.004 -14"><span class='ocrx_word' id='word_1_132' title='bbox 2105 676 2322 720; x_wconf 85' lang='lat' dir='ltr'><strong>teneret</strong></span> <span class='ocrx_word' id='word_1_133' title='bbox 2354 669 2589 722; x_wconf 84' lang='lat' dir='ltr'><strong>aditum,</strong></span> <span class='ocrx_word' id='word_1_134' title='bbox 2625 665 2876 734; x_wconf 73' lang='lat' dir='ltr'><strong>quamvis</strong></span> <span class='ocrx_word' id='word_1_135' title='bbox 2912 665 3140 716; x_wconf 83' lang='lat' dir='ltr'><strong>invitum</strong></span> <span class='ocrx_word' id='word_1_136' title='bbox 3172 665 3523 731; x_wconf 86' lang='lat' dir='ltr'><strong>multumque</strong></span> <span class='ocrx_word' id='word_1_137' title='bbox 3558 663 3708 715; x_wconf 81' lang='lat' dir='ltr'><strong>reni-</strong></span> 
     </span>
    </p>
   </div>
   <div class='ocr_carea' id='block_1_22' title="bbox 2101 752 3712 820">
    <p class='ocr_par' dir='ltr' id='par_1_22' title="bbox 2101 752 3712 820">
     <span class='ocr_line' id='line_1_22' title="bbox 2101 752 3712 820; baseline -0.003 -11"><span class='ocrx_word' id='word_1_138' title='bbox 2101 766 2244 816; x_wconf 83' lang='lat' dir='ltr'><strong>tens,</strong></span> <span class='ocrx_word' id='word_1_139' title='bbox 2269 759 2485 808; x_wconf 81' lang='lat' dir='ltr'><strong>l’atrem</strong></span> <span class='ocrx_word' id='word_1_140' title='bbox 2508 756 2689 806; x_wconf 80' lang='lat' dir='ltr'><strong>reddit</strong></span> <span class='ocrx_word' id='word_1_141' title='bbox 2710 754 3090 806; x_wconf 62' lang='lat' dir='ltr'><strong>Dimei‘lirtum.</strong></span> <span class='ocrx_word' id='word_1_142' title='bbox 3112 754 3343 820; x_wconf 65' lang='lat' dir='ltr'><strong>Ereptus</strong></span> <span class='ocrx_word' id='word_1_143' title='bbox 3367 752 3556 818; x_wconf 80' lang='lat' dir='ltr'><strong>itaque</strong></span> <span class='ocrx_word' id='word_1_144' title='bbox 3570 752 3712 804; x_wconf 86' lang='lat' dir='ltr'><strong>sicut</strong></span> 
     </span>
    </p>
   </div>
   <div class='ocr_carea' id='block_1_23' title="bbox 2102 842 3704 914">
    <p class='ocr_par' dir='ltr' id='par_1_23' title="bbox 2102 842 3704 914">
     <span class='ocr_line' id='line_1_23' title="bbox 2102 842 3704 914; baseline -0.004 -16"><span class='ocrx_word' id='word_1_145' title='bbox 2102 847 2216 898; x_wconf 79' lang='lat' dir='ltr'><strong>ovis</strong></span> <span class='ocrx_word' id='word_1_146' title='bbox 2249 864 2279 898; x_wconf 88' lang='lat' dir='ltr'><strong>a</strong></span> <span class='ocrx_word' id='word_1_147' title='bbox 2311 847 2566 914; x_wconf 77' lang='lat' dir='ltr'><strong>luporum</strong></span> <span class='ocrx_word' id='word_1_148' title='bbox 2601 844 2756 895; x_wconf 76' lang='lat' dir='ltr'><strong>szevis</strong></span> <span class='ocrx_word' id='word_1_149' title='bbox 2805 843 3078 898; x_wconf 82' lang='lat' dir='ltr'><strong>taucibus.</strong></span> <span class='ocrx_word' id='word_1_150' title='bbox 3114 852 3170 893; x_wconf 89' lang='lat' dir='ltr'><strong>et</strong></span> <span class='ocrx_word' id='word_1_151' title='bbox 3201 842 3267 893; x_wconf 89' lang='lat' dir='ltr'><strong>ad</strong></span> <span class='ocrx_word' id='word_1_152' title='bbox 3301 842 3704 892; x_wconf 83' lang='lat' dir='ltr'><strong>monasterium</strong></span> 
     </span>
    </p>
   </div>
   <div class='ocr_carea' id='block_1_24' title="bbox 2104 929 3708 1002">
    <p class='ocr_par' dir='ltr' id='par_1_24' title="bbox 2104 929 3708 1002">
     <span class='ocr_line' id='line_1_24' title="bbox 2104 929 3708 1002; baseline -0.004 -14"><span class='ocrx_word' id='word_1_153' title='bbox 2104 953 2410 1002; x_wconf 78' lang='lat' dir='ltr'><strong>regressus,</strong></span> <span class='ocrx_word' id='word_1_154' title='bbox 2437 940 2592 985; x_wconf 72' lang='lat' dir='ltr'><strong>tzmto</strong></span> <span class='ocrx_word' id='word_1_155' title='bbox 2619 931 2672 983; x_wconf 89' lang='lat' dir='ltr'><strong>in</strong></span> <span class='ocrx_word' id='word_1_156' title='bbox 2712 932 2944 999; x_wconf 85' lang='lat' dir='ltr'><strong>jejuuiis</strong></span> <span class='ocrx_word' id='word_1_157' title='bbox 2971 937 3024 982; x_wconf 82' lang='lat' dir='ltr'><strong>et</strong></span> <span class='ocrx_word' id='word_1_158' title='bbox 3056 930 3425 998; x_wconf 70' lang='lat' dir='ltr'><strong>eleeumsyuis</strong></span> <span class='ocrx_word' id='word_1_159' title='bbox 3450 947 3508 981; x_wconf 82' lang='lat' dir='ltr'><strong>se</strong></span> <span class='ocrx_word' id='word_1_160' title='bbox 3531 931 3585 981; x_wconf 89' lang='lat' dir='ltr'><strong>iu</strong></span> <span class='ocrx_word' id='word_1_161' title='bbox 3610 929 3708 981; x_wconf 83' lang='lat' dir='ltr'><strong>Dei</strong></span> 
     </span>
    </p>
   </div>
   <div class='ocr_carea' id='block_1_25' title="bbox 2104 1018 3704 1088">
    <p class='ocr_par' dir='ltr' id='par_1_25' title="bbox 2104 1018 3704 1088">
     <span class='ocr_line' id='line_1_25' title="bbox 2104 1018 3704 1088; baseline -0.004 -13"><span class='ocrx_word' id='word_1_162' title='bbox 2104 1023 2267 1075; x_wconf 84' lang='lat' dir='ltr'><strong>rebus</strong></span> <span class='ocrx_word' id='word_1_163' title='bbox 2291 1022 2567 1076; x_wconf 76' lang='lat' dir='ltr'><strong>astrinxit,</strong></span> <span class='ocrx_word' id='word_1_164' title='bbox 2602 1027 2810 1088; x_wconf 82' lang='lat' dir='ltr'><strong>quanto</strong></span> <span class='ocrx_word' id='word_1_165' title='bbox 2832 1028 2985 1070; x_wconf 78' lang='lat' dir='ltr'><strong>extra</strong></span> <span class='ocrx_word' id='word_1_166' title='bbox 3009 1020 3205 1069; x_wconf 85' lang='lat' dir='ltr'><strong>cellam</strong></span> <span class='ocrx_word' id='word_1_167' title='bbox 3233 1029 3497 1086; x_wconf 83' lang='lat' dir='ltr'><strong>evagatus</strong></span> <span class='ocrx_word' id='word_1_168' title='bbox 3522 1018 3704 1069; x_wconf 69' lang='lat' dir='ltr'><strong>szeculi</strong></span> 
     </span>
    </p>
   </div>
   <div class='ocr_carea' id='block_1_26' title="bbox 2103 1107 3702 1179">
    <p class='ocr_par' dir='ltr' id='par_1_26' title="bbox 2103 1107 3702 1179">
     <span class='ocr_line' id='line_1_26' title="bbox 2103 1107 3702 1179; baseline -0.004 -16"><span class='ocrx_word' id='word_1_169' title='bbox 2103 1113 2270 1164; x_wconf 88' lang='lat' dir='ltr'><strong>rebus</strong></span> <span class='ocrx_word' id='word_1_170' title='bbox 2288 1120 2455 1179; x_wconf 87' lang='lat' dir='ltr'><strong>atque</strong></span> <span class='ocrx_word' id='word_1_171' title='bbox 2478 1109 2762 1161; x_wconf 73' lang='lat' dir='ltr'><strong>sceleratis</strong></span> <span class='ocrx_word' id='word_1_172' title='bbox 2781 1108 3054 1159; x_wconf 86' lang='lat' dir='ltr'><strong>admistus</strong></span> <span class='ocrx_word' id='word_1_173' title='bbox 3073 1107 3286 1160; x_wconf 75' lang='lat' dir='ltr'><strong>eXstitit</strong></span> <span class='ocrx_word' id='word_1_174' title='bbox 3323 1111 3429 1172; x_wconf 70' lang='grc' dir='ltr'><strong>(λιι-ι’</strong></span> <span class='ocrx_word' id='word_1_175' title='bbox 3447 1110 3702 1171; x_wconf 64' lang='grc' dir='ltr'><strong>ίσίίίιίνίέ,</strong></span> 
     </span>
    </p>
   </div>
   <div class='ocr_carea' id='block_1_27' title="bbox 2100 1198 3705 1269">
    <p class='ocr_par' dir='ltr' id='par_1_27' title="bbox 2100 1198 3705 1269">
     <span class='ocr_line' id='line_1_27' title="bbox 2100 1198 3705 1269; baseline -0.004 -17"><span class='ocrx_word' id='word_1_176' title='bbox 2100 1201 2376 1269; x_wconf 84' lang='lat' dir='ltr'><strong>inquiens,</strong></span> <span class='ocrx_word' id='word_1_177' title='bbox 2405 1202 2578 1266; x_wconf 70' lang='lat' dir='ltr'><strong>picem.</strong></span> <span class='ocrx_word' id='word_1_178' title='bbox 2611 1198 3070 1262; x_wconf 72' lang='lat' dir='ltr'><strong>coz&#39;mpu&#39;naln&#39;lur</strong></span> <span class='ocrx_word' id='word_1_179' title='bbox 3090 1211 3156 1247; x_wconf 77' lang='lat' dir='ltr'><strong>al)</strong></span> <span class='ocrx_word' id='word_1_180' title='bbox 3178 1213 3236 1248; x_wconf 75' lang='lat' dir='ltr'><strong>ea</strong></span> <span class='ocrx_word' id='word_1_181' title='bbox 3264 1215 3276 1256; x_wconf 81' lang='lat'><strong>,&#39;</strong></span> <span class='ocrx_word' id='word_1_182' title='bbox 3311 1205 3384 1250; x_wconf 84' lang='lat' dir='ltr'><strong>et,</strong></span> <span class='ocrx_word' id='word_1_183' title='bbox 3414 1198 3584 1248; x_wconf 64' lang='lat' dir='ltr'><strong>Nemo</strong></span> <span class='ocrx_word' id='word_1_184' title='bbox 3609 1199 3705 1246; x_wconf 78' lang='lat' dir='ltr'><strong>mi-</strong></span> 
     </span>
    </p>
   </div>
   <div class='ocr_carea' id='block_1_28' title="bbox 2101 1287 3416 1353">
    <p class='ocr_par' dir='ltr' id='par_1_28' title="bbox 2101 1287 3416 1353">
     <span class='ocr_line' id='line_1_28' title="bbox 2101 1287 3416 1353; baseline -0.005 -12"><span class='ocrx_word' id='word_1_185' title='bbox 2101 1293 2270 1342; x_wconf 64' lang='lat' dir='ltr'><strong>litans</strong></span> <span class='ocrx_word' id='word_1_186' title='bbox 2303 1291 2401 1340; x_wconf 74' lang='lat' dir='ltr'><strong>[Iro</strong></span> <span class='ocrx_word' id='word_1_187' title='bbox 2431 1290 2678 1353; x_wconf 69' lang='lat' dir='ltr'><strong>implicat</strong></span> <span class='ocrx_word' id='word_1_188' title='bbox 2711 1304 2761 1336; x_wconf 62' lang='lat' dir='ltr'><strong>se</strong></span> <span class='ocrx_word' id='word_1_189' title='bbox 2795 1289 3022 1349; x_wconf 62' lang='grc' dir='ltr'><strong>ιη’[μιίίίς</strong></span> <span class='ocrx_word' id='word_1_190' title='bbox 3044 1287 3416 1337; x_wconf 65' lang='lat' dir='ltr'><strong>Siren/aribus.</strong></span> 
     </span>
    </p>
   </div>
   <div class='ocr_carea' id='block_1_29' title="bbox 2174 1375 3705 1442">
    <p class='ocr_par' dir='ltr' id='par_1_29' title="bbox 2174 1375 3705 1442">
     <span class='ocr_line' id='line_1_29' title="bbox 2174 1375 3705 1442; baseline -0.003 -12"><span class='ocrx_word' id='word_1_191' title='bbox 2174 1380 2258 1431; x_wconf 73' lang='lat'><strong>3.5.</strong></span> <span class='ocrx_word' id='word_1_192' title='bbox 2309 1380 2544 1428; x_wconf 65' lang='lat' dir='ltr'><strong>ll&#39;ztr/mi</strong></span> <span class='ocrx_word' id='word_1_193' title='bbox 2566 1380 2723 1442; x_wconf 70' lang='lat' dir='ltr'><strong>rpisc.</strong></span> <span class='ocrx_word' id='word_1_194' title='bbox 2750 1378 2912 1442; x_wconf 63' lang='grc' dir='ltr'><strong>μηδι-ι’</strong></span> <span class='ocrx_word' id='word_1_195' title='bbox 2945 1391 3134 1425; x_wconf 68' lang='lat' dir='ltr'><strong>viores.</strong></span> <span class='ocrx_word' id='word_1_196' title='bbox 3163 1375 3381 1426; x_wconf 79' lang='lat' dir='ltr'><strong>Mortuo</strong></span> <span class='ocrx_word' id='word_1_197' title='bbox 3408 1380 3620 1435; x_wconf 82' lang='lat' dir='ltr'><strong>autem,</strong></span> <span class='ocrx_word' id='word_1_198' title='bbox 3646 1381 3705 1426; x_wconf 92' lang='lat' dir='ltr'><strong>ut</strong></span> 
     </span>
    </p>
   </div>
   <div class='ocr_carea' id='block_1_30' title="bbox 2102 1462 3705 1535">
    <p class='ocr_par' dir='ltr' id='par_1_30' title="bbox 2102 1462 3705 1535">
     <span class='ocr_line' id='line_1_30' title="bbox 2102 1462 3705 1535; baseline -0.003 -17"><span class='ocrx_word' id='word_1_199' title='bbox 2102 1467 2359 1535; x_wconf 87' lang='lat' dir='ltr'><strong>superius</strong></span> <span class='ocrx_word' id='word_1_200' title='bbox 2391 1465 2602 1517; x_wconf 79' lang='lat' dir='ltr'><strong>dictum</strong></span> <span class='ocrx_word' id='word_1_201' title='bbox 2653 1471 2755 1526; x_wconf 84' lang='lat' dir='ltr'><strong>est,</strong></span> <span class='ocrx_word' id='word_1_202' title='bbox 2801 1463 3133 1515; x_wconf 82' lang='lat' dir='ltr'><strong>&#39;l‘auriuensi</strong></span> <span class='ocrx_word' id='word_1_203' title='bbox 3177 1462 3541 1523; x_wconf 78' lang='lat' dir='ltr'><strong>Chuniberto,</strong></span> <span class='ocrx_word' id='word_1_204' title='bbox 3581 1479 3705 1514; x_wconf 85' lang='lat' dir='ltr'><strong>suc-</strong></span> 
     </span>
    </p>
   </div>
   <div class='ocr_carea' id='block_1_31' title="bbox 2103 1551 3704 1622">
    <p class='ocr_par' dir='ltr' id='par_1_31' title="bbox 2103 1551 3704 1622">
     <span class='ocr_line' id='line_1_31' title="bbox 2103 1551 3704 1622; baseline -0.003 -17"><span class='ocrx_word' id='word_1_205' title='bbox 2103 1555 2267 1607; x_wconf 87' lang='lat' dir='ltr'><strong>cessit</strong></span> <span class='ocrx_word' id='word_1_206' title='bbox 2287 1555 2332 1605; x_wconf 89' lang='lat' dir='ltr'><strong>ei</strong></span> <span class='ocrx_word' id='word_1_207' title='bbox 2361 1554 2585 1622; x_wconf 83' lang='lat' dir='ltr'><strong>quidam</strong></span> <span class='ocrx_word' id='word_1_208' title='bbox 2611 1555 2682 1621; x_wconf 71' lang='grc' dir='ltr'><strong>(ὓ)</strong></span> <span class='ocrx_word' id='word_1_209' title='bbox 2711 1553 3026 1610; x_wconf 77' lang='lat' dir='ltr'><strong>Witelmus,</strong></span> <span class='ocrx_word' id='word_1_210' title='bbox 3047 1551 3161 1620; x_wconf 89' lang='lat' dir='ltr'><strong>qui,</strong></span> <span class='ocrx_word' id='word_1_211' title='bbox 3184 1552 3430 1620; x_wconf 61' lang='lat' dir='ltr'><strong>quamvis</strong></span> <span class='ocrx_word' id='word_1_212' title='bbox 3456 1551 3704 1602; x_wconf 87' lang='lat' dir='ltr'><strong>omnium</strong></span> 
     </span>
    </p>
   </div>
   <div class='ocr_carea' id='block_1_32' title="bbox 2106 1640 3708 1713">
    <p class='ocr_par' dir='ltr' id='par_1_32' title="bbox 2106 1640 3708 1713">
     <span class='ocr_line' id='line_1_32' title="bbox 2106 1640 3708 1713; baseline -0.004 -17"><span class='ocrx_word' id='word_1_213' title='bbox 2106 1662 2244 1713; x_wconf 88' lang='lat' dir='ltr'><strong>quos</strong></span> <span class='ocrx_word' id='word_1_214' title='bbox 2272 1650 2420 1695; x_wconf 87' lang='lat' dir='ltr'><strong>terra</strong></span> <span class='ocrx_word' id='word_1_215' title='bbox 2461 1642 2700 1694; x_wconf 78' lang='lat' dir='ltr'><strong>sustinet</strong></span> <span class='ocrx_word' id='word_1_216' title='bbox 2736 1641 2982 1692; x_wconf 85' lang='lat' dir='ltr'><strong>moribus</strong></span> <span class='ocrx_word' id='word_1_217' title='bbox 3014 1648 3162 1692; x_wconf 87' lang='lat' dir='ltr'><strong>esset</strong></span> <span class='ocrx_word' id='word_1_218' title='bbox 3191 1640 3575 1708; x_wconf 86' lang='lat' dir='ltr'><strong>turpissimus,</strong></span> <span class='ocrx_word' id='word_1_219' title='bbox 3612 1656 3708 1708; x_wconf 85' lang='lat' dir='ltr'><strong>po-</strong></span> 
     </span>
    </p>
   </div>
   <div class='ocr_carea' id='block_1_33' title="bbox 425 1728 2024 1820">
    <p class='ocr_par' dir='ltr' id='par_1_33' title="bbox 425 1744 2020 1818">
     <span class='ocr_line' id='line_1_33' title="bbox 425 1744 2020 1818; baseline 0.001 -20"><span class='ocrx_word' id='word_1_220' title='bbox 425 1746 681 1818; x_wconf 85' lang='lat' dir='ltr'><strong>placebat</strong></span> <span class='ocrx_word' id='word_1_221' title='bbox 707 1763 715 1795; x_wconf 93' lang='lat'>:</span> <span class='ocrx_word' id='word_1_222' title='bbox 752 1753 1047 1813; x_wconf 85' lang='lat' dir='ltr'><strong>propterea</strong></span> <span class='ocrx_word' id='word_1_223' title='bbox 1074 1744 1279 1810; x_wconf 83' lang='lat' dir='ltr'><strong>regiam</strong></span> <span class='ocrx_word' id='word_1_224' title='bbox 1315 1745 1498 1797; x_wconf 86' lang='lat' dir='ltr'><strong>aulam</strong></span> <span class='ocrx_word' id='word_1_225' title='bbox 1534 1746 1833 1798; x_wconf 71' lang='lat' dir='ltr'><strong>Simoniaci</strong></span> <span class='ocrx_word' id='word_1_226' title='bbox 1857 1766 2020 1800; x_wconf 86' lang='lat' dir='ltr'><strong>canes</strong></span> 
     </span>
    </p>
   </div>
   <div class='ocr_carea' id='block_1_34' title="bbox 2113 1728 3713 1820">
    <p class='ocr_par' dir='ltr' id='par_1_34' title="bbox 2113 1728 3713 1796">
     <span class='ocr_line' id='line_1_34' title="bbox 2113 1728 3713 1796; baseline -0.003 -12"><span class='ocrx_word' id='word_1_227' title='bbox 2113 1734 2217 1784; x_wconf 87' lang='lat' dir='ltr'><strong>tuit</strong></span> <span class='ocrx_word' id='word_1_228' title='bbox 2245 1742 2433 1784; x_wconf 87' lang='lat' dir='ltr'><strong>tamen</strong></span> <span class='ocrx_word' id='word_1_229' title='bbox 2459 1731 2710 1782; x_wconf 87' lang='lat' dir='ltr'><strong>obtinere</strong></span> <span class='ocrx_word' id='word_1_230' title='bbox 2733 1731 2800 1781; x_wconf 89' lang='lat' dir='ltr'><strong>ab</strong></span> <span class='ocrx_word' id='word_1_231' title='bbox 2833 1729 3069 1780; x_wconf 78' lang='lat' dir='ltr'><strong>Henrico</strong></span> <span class='ocrx_word' id='word_1_232' title='bbox 3095 1746 3222 1796; x_wconf 84' lang='lat' dir='ltr'><strong>rege</strong></span> <span class='ocrx_word' id='word_1_233' title='bbox 3250 1734 3509 1796; x_wconf 83' lang='lat' dir='ltr'><strong>protervo</strong></span> <span class='ocrx_word' id='word_1_234' title='bbox 3554 1728 3713 1796; x_wconf 83' lang='lat' dir='ltr'><strong>copia</strong></span> 
     </span>
    </p>
   </div>
   <div class='ocr_carea' id='block_1_35' title="bbox 425 1838 2024 1908">
    <p class='ocr_par' dir='ltr' id='par_1_35' title="bbox 425 1838 2024 1908">
     <span class='ocr_line' id='line_1_35' title="bbox 425 1838 2024 1908; baseline 0.001 -20"><span class='ocrx_word' id='word_1_235' title='bbox 425 1839 685 1891; x_wconf 84' lang='lat' dir='ltr'><strong>videlicet</strong></span> <span class='ocrx_word' id='word_1_236' title='bbox 718 1838 984 1908; x_wconf 88' lang='lat' dir='ltr'><strong>paulatim</strong></span> <span class='ocrx_word' id='word_1_237' title='bbox 1023 1839 1120 1889; x_wconf 79' lang='lat' dir='ltr'><strong>hac</strong></span> <span class='ocrx_word' id='word_1_238' title='bbox 1154 1839 1294 1889; x_wconf 77' lang='lat' dir='ltr'><strong>fama</strong></span> <span class='ocrx_word' id='word_1_239' title='bbox 1329 1845 1497 1907; x_wconf 88' lang='lat' dir='ltr'><strong>atque</strong></span> <span class='ocrx_word' id='word_1_240' title='bbox 1531 1839 1824 1891; x_wconf 68' lang='lat' dir='ltr'><strong>lz&#39;itratibus</strong></span> <span class='ocrx_word' id='word_1_241' title='bbox 1871 1855 2024 1890; x_wconf 81' lang='lat' dir='ltr'><strong>eom-</strong></span> 
     </span>
    </p>
   </div>
   <div class='ocr_carea' id='block_1_36' title="bbox 427 1929 2025 1998">
    <p class='ocr_par' dir='ltr' id='par_1_36' title="bbox 427 1929 2025 1998">
     <span class='ocr_line' id='line_1_36' title="bbox 427 1929 2025 1998; baseline 0.001 -18"><span class='ocrx_word' id='word_1_242' title='bbox 427 1929 730 1998; x_wconf 84' lang='lat' dir='ltr'><strong>pleverant,</strong></span> <span class='ocrx_word' id='word_1_243' title='bbox 777 1929 954 1980; x_wconf 88' lang='lat' dir='ltr'><strong>solum</strong></span> <span class='ocrx_word' id='word_1_244' title='bbox 1006 1944 1126 1979; x_wconf 82' lang='lat' dir='ltr'><strong>esse</strong></span> <span class='ocrx_word' id='word_1_245' title='bbox 1177 1929 1552 1988; x_wconf 69' lang='lat' dir='ltr'><strong>lleiiedictum,</strong></span> <span class='ocrx_word' id='word_1_246' title='bbox 1589 1929 1682 1997; x_wconf 89' lang='lat' dir='ltr'><strong>qui</strong></span> <span class='ocrx_word' id='word_1_247' title='bbox 1729 1930 1932 1982; x_wconf 81' lang='lat' dir='ltr'><strong>faceret</strong></span> <span class='ocrx_word' id='word_1_248' title='bbox 1965 1935 2025 1982; x_wconf 89' lang='lat' dir='ltr'><strong>ut</strong></span> 
     </span>
    </p>
   </div>
   <div class='ocr_carea' id='block_1_37' title="bbox 428 2017 2023 2084">
    <p class='ocr_par' dir='ltr' id='par_1_37' title="bbox 428 2017 2023 2084">
     <span class='ocr_line' id='line_1_37' title="bbox 428 2017 2023 2084; baseline -0.001 -13"><span class='ocrx_word' id='word_1_249' title='bbox 428 2033 592 2071; x_wconf 90' lang='lat' dir='ltr'><strong>suum</strong></span> <span class='ocrx_word' id='word_1_250' title='bbox 624 2017 741 2084; x_wconf 80' lang='lat' dir='ltr'><strong>regi</strong></span> <span class='ocrx_word' id='word_1_251' title='bbox 771 2017 1164 2068; x_wconf 66' lang='lat' dir='ltr'><strong>detraheretur</strong></span> <span class='ocrx_word' id='word_1_252' title='bbox 1192 2017 1468 2080; x_wconf 75' lang='lat' dir='ltr'><strong>diadema,</strong></span> <span class='ocrx_word' id='word_1_253' title='bbox 1511 2025 1566 2069; x_wconf 84' lang='lat' dir='ltr'><strong>et</strong></span> <span class='ocrx_word' id='word_1_254' title='bbox 1598 2018 1650 2069; x_wconf 90' lang='lat' dir='ltr'><strong>iu</strong></span> <span class='ocrx_word' id='word_1_255' title='bbox 1687 2019 2023 2070; x_wconf 80' lang='lat' dir='ltr'><strong>monasterio</strong></span> 
     </span>
    </p>
   </div>
   <div class='ocr_carea' id='block_1_38' title="bbox 431 2105 2026 2176">
    <p class='ocr_par' dir='ltr' id='par_1_38' title="bbox 431 2105 2026 2176">
     <span class='ocr_line' id='line_1_38' title="bbox 431 2105 2026 2176; baseline 0.001 -18"><span class='ocrx_word' id='word_1_256' title='bbox 431 2106 618 2158; x_wconf 85' lang='lat' dir='ltr'><strong>Sancti</strong></span> <span class='ocrx_word' id='word_1_257' title='bbox 663 2105 960 2162; x_wconf 78' lang='lat' dir='ltr'><strong>Michaelis,</strong></span> <span class='ocrx_word' id='word_1_258' title='bbox 1000 2121 1108 2173; x_wconf 90' lang='lat' dir='ltr'><strong>quo</strong></span> <span class='ocrx_word' id='word_1_259' title='bbox 1153 2112 1311 2174; x_wconf 75' lang='lat' dir='ltr'><strong>parte</strong></span> <span class='ocrx_word' id='word_1_260' title='bbox 1360 2107 1470 2157; x_wconf 86' lang='lat' dir='ltr'><strong>vita</strong></span> <span class='ocrx_word' id='word_1_261' title='bbox 1512 2114 1567 2158; x_wconf 89' lang='lat' dir='ltr'><strong>et</strong></span> <span class='ocrx_word' id='word_1_262' title='bbox 1614 2124 1785 2173; x_wconf 82' lang='lat' dir='ltr'><strong>regno</strong></span> <span class='ocrx_word' id='word_1_263' title='bbox 1819 2108 2026 2176; x_wconf 87' lang='lat' dir='ltr'><strong>pariter</strong></span> 
     </span>
    </p>
   </div>
   <div class='ocr_carea' id='block_1_39' title="bbox 428 2193 2022 2264">
    <p class='ocr_par' dir='ltr' id='par_1_39' title="bbox 428 2193 2022 2264">
     <span class='ocr_line' id='line_1_39' title="bbox 428 2193 2022 2264; baseline 0.001 -18"><span class='ocrx_word' id='word_1_264' title='bbox 428 2195 761 2264; x_wconf 79' lang='lat' dir='ltr'><strong>privaretur,</strong></span> <span class='ocrx_word' id='word_1_265' title='bbox 808 2193 1003 2245; x_wconf 86' lang='lat' dir='ltr'><strong>crebra</strong></span> <span class='ocrx_word' id='word_1_266' title='bbox 1047 2194 1168 2245; x_wconf 81' lang='lat' dir='ltr'><strong>fieri</strong></span> <span class='ocrx_word' id='word_1_267' title='bbox 1207 2194 1595 2246; x_wconf 69' lang='lat' dir='ltr'><strong>conciliabula.</strong></span> <span class='ocrx_word' id='word_1_268' title='bbox 1646 2196 1801 2248; x_wconf 77' lang='lat' dir='ltr'><strong>Umle</strong></span> <span class='ocrx_word' id='word_1_269' title='bbox 1853 2197 2022 2263; x_wconf 83' lang='lat' dir='ltr'><strong>regali</strong></span> 
     </span>
    </p>
   </div>
   <div class='ocr_carea' id='block_1_40' title="bbox 429 2283 2026 2354">
    <p class='ocr_par' dir='ltr' id='par_1_40' title="bbox 429 2283 2026 2354">
     <span class='ocr_line' id='line_1_40' title="bbox 429 2283 2026 2354; baseline 0 -16"><span class='ocrx_word' id='word_1_270' title='bbox 429 2302 540 2338; x_wconf 90' lang='lat' dir='ltr'><strong>non</strong></span> <span class='ocrx_word' id='word_1_271' title='bbox 591 2301 786 2354; x_wconf 91' lang='lat' dir='ltr'><strong>parum</strong></span> <span class='ocrx_word' id='word_1_272' title='bbox 839 2283 1088 2335; x_wconf 85' lang='lat' dir='ltr'><strong>infensus</strong></span> <span class='ocrx_word' id='word_1_273' title='bbox 1142 2283 1329 2347; x_wconf 84' lang='lat' dir='ltr'><strong>curi:e,</strong></span> <span class='ocrx_word' id='word_1_274' title='bbox 1384 2301 1507 2335; x_wconf 87' lang='lat' dir='ltr'><strong>eum</strong></span> <span class='ocrx_word' id='word_1_275' title='bbox 1567 2302 1598 2336; x_wconf 86' lang='lat' dir='ltr'><strong>a</strong></span> <span class='ocrx_word' id='word_1_276' title='bbox 1637 2285 1842 2337; x_wconf 89' lang='lat' dir='ltr'><strong>domno</strong></span> <span class='ocrx_word' id='word_1_277' title='bbox 1885 2303 2026 2354; x_wconf 86' lang='lat' dir='ltr'><strong>papa</strong></span> 
     </span>
    </p>
   </div>
   <div class='ocr_carea' id='block_1_41' title="bbox 432 2371 2025 2443">
    <p class='ocr_par' dir='ltr' id='par_1_41' title="bbox 432 2371 2025 2443">
     <span class='ocr_line' id='line_1_41' title="bbox 432 2371 2025 2443; baseline 0.001 -18"><span class='ocrx_word' id='word_1_278' title='bbox 432 2373 722 2443; x_wconf 79' lang='lat' dir='ltr'><strong>Gregorio,</strong></span> <span class='ocrx_word' id='word_1_279' title='bbox 758 2372 846 2424; x_wconf 89' lang='lat' dir='ltr'><strong>cui</strong></span> <span class='ocrx_word' id='word_1_280' title='bbox 884 2371 952 2424; x_wconf 92' lang='lat' dir='ltr'><strong>ob</strong></span> <span class='ocrx_word' id='word_1_281' title='bbox 985 2372 1179 2423; x_wconf 84' lang='lat' dir='ltr'><strong>merita</strong></span> <span class='ocrx_word' id='word_1_282' title='bbox 1212 2389 1310 2423; x_wconf 87' lang='lat' dir='ltr'><strong>sua</strong></span> <span class='ocrx_word' id='word_1_283' title='bbox 1343 2378 1459 2424; x_wconf 88' lang='lat' dir='ltr'><strong>erat</strong></span> <span class='ocrx_word' id='word_1_284' title='bbox 1493 2373 1876 2434; x_wconf 55' lang='lat' dir='ltr'><strong>charissimus,</strong></span> <span class='ocrx_word' id='word_1_285' title='bbox 1916 2375 2025 2427; x_wconf 68' lang='lat' dir='ltr'><strong>Ito-</strong></span> 
     </span>
    </p>
   </div>
   <div class='ocr_carea' id='block_1_42' title="bbox 432 2462 2024 2533">
    <p class='ocr_par' dir='ltr' id='par_1_42' title="bbox 432 2462 2024 2533">
     <span class='ocr_line' id='line_1_42' title="bbox 432 2462 2024 2533; baseline 0.002 -19"><span class='ocrx_word' id='word_1_286' title='bbox 432 2480 581 2515; x_wconf 90' lang='lat' dir='ltr'><strong>mam</strong></span> <span class='ocrx_word' id='word_1_287' title='bbox 627 2462 866 2531; x_wconf 87' lang='lat' dir='ltr'><strong>quodam</strong></span> <span class='ocrx_word' id='word_1_288' title='bbox 917 2468 1166 2530; x_wconf 87' lang='lat' dir='ltr'><strong>tempore</strong></span> <span class='ocrx_word' id='word_1_289' title='bbox 1213 2463 1408 2513; x_wconf 73' lang='lat' dir='ltr'><strong>fuisset</strong></span> <span class='ocrx_word' id='word_1_290' title='bbox 1455 2462 1740 2525; x_wconf 71' lang='lat' dir='ltr'><strong>invitatus,</strong></span> <span class='ocrx_word' id='word_1_291' title='bbox 1793 2465 2024 2533; x_wconf 92' lang='lat' dir='ltr'><strong>ejusque</strong></span> 
     </span>
    </p>
   </div>
   <div class='ocr_carea' id='block_1_43' title="bbox 432 2552 2020 2623">
    <p class='ocr_par' dir='ltr' id='par_1_43' title="bbox 432 2552 2020 2623">
     <span class='ocr_line' id='line_1_43' title="bbox 432 2552 2020 2623; baseline 0.001 -18"><span class='ocrx_word' id='word_1_292' title='bbox 432 2553 706 2621; x_wconf 86' lang='lat' dir='ltr'><strong>colloquio</strong></span> <span class='ocrx_word' id='word_1_293' title='bbox 737 2553 940 2605; x_wconf 89' lang='lat' dir='ltr'><strong>fruitus</strong></span> <span class='ocrx_word' id='word_1_294' title='bbox 971 2552 1038 2603; x_wconf 89' lang='lat' dir='ltr'><strong>ad</strong></span> <span class='ocrx_word' id='word_1_295' title='bbox 1080 2552 1342 2604; x_wconf 83' lang='lat' dir='ltr'><strong>Casinum</strong></span> <span class='ocrx_word' id='word_1_296' title='bbox 1389 2560 1632 2604; x_wconf 81' lang='lat' dir='ltr'><strong>mouten&#39;i</strong></span> <span class='ocrx_word' id='word_1_297' title='bbox 1677 2560 2020 2623; x_wconf 77' lang='lat' dir='ltr'><strong>properaret,</strong></span> 
     </span>
    </p>
   </div>
   <div class='ocr_carea' id='block_1_44' title="bbox 432 2641 2025 2712">
    <p class='ocr_par' dir='ltr' id='par_1_44' title="bbox 432 2641 2025 2712">
     <span class='ocr_line' id='line_1_44' title="bbox 432 2641 2025 2712; baseline 0.001 -18"><span class='ocrx_word' id='word_1_298' title='bbox 432 2642 598 2712; x_wconf 83' lang='lat' dir='ltr'><strong>idque</strong></span> <span class='ocrx_word' id='word_1_299' title='bbox 623 2643 737 2710; x_wconf 84' lang='lat' dir='ltr'><strong>regi</strong></span> <span class='ocrx_word' id='word_1_300' title='bbox 767 2648 889 2711; x_wconf 90' lang='lat' dir='ltr'><strong>post</strong></span> <span class='ocrx_word' id='word_1_301' title='bbox 917 2641 1144 2693; x_wconf 89' lang='lat' dir='ltr'><strong>biduum</strong></span> <span class='ocrx_word' id='word_1_302' title='bbox 1165 2647 1511 2710; x_wconf 89' lang='lat' dir='ltr'><strong>compertum</strong></span> <span class='ocrx_word' id='word_1_303' title='bbox 1539 2643 1702 2696; x_wconf 73' lang='lat' dir='ltr'><strong>foret:</strong></span> <span class='ocrx_word' id='word_1_304' title='bbox 1732 2649 1890 2695; x_wconf 88' lang='lat' dir='ltr'><strong>tanto</strong></span> <span class='ocrx_word' id='word_1_305' title='bbox 1913 2651 2025 2696; x_wconf 87' lang='lat' dir='ltr'><strong>stu-</strong></span> 
     </span>
    </p>
   </div>
   <div class='ocr_carea' id='block_1_45' title="bbox 432 2722 2026 2800">
    <p class='ocr_par' dir='ltr' id='par_1_45' title="bbox 432 2722 2026 2800">
     <span class='ocr_line' id='line_1_45' title="bbox 432 2722 2026 2800; baseline 0 -16"><span class='ocrx_word' id='word_1_306' title='bbox 432 2731 524 2784; x_wconf 90' lang='lat' dir='ltr'><strong>dio</strong></span> <span class='ocrx_word' id='word_1_307' title='bbox 550 2732 718 2798; x_wconf 91' lang='lat' dir='ltr'><strong>jussit</strong></span> <span class='ocrx_word' id='word_1_308' title='bbox 746 2722 900 2782; x_wconf 89' lang='lat' dir='ltr'><strong>illum</strong></span> <span class='ocrx_word' id='word_1_309' title='bbox 924 2729 1202 2800; x_wconf 86' lang='lat' dir='ltr'><strong>persequi,</strong></span> <span class='ocrx_word' id='word_1_310' title='bbox 1232 2741 1293 2782; x_wconf 89' lang='lat' dir='ltr'><strong>ut</strong></span> <span class='ocrx_word' id='word_1_311' title='bbox 1316 2731 1436 2797; x_wconf 82' lang='lat' dir='ltr'><strong>ejus</strong></span> <span class='ocrx_word' id='word_1_312' title='bbox 1465 2730 1663 2800; x_wconf 89' lang='lat' dir='ltr'><strong>impias</strong></span> <span class='ocrx_word' id='word_1_313' title='bbox 1689 2749 1886 2784; x_wconf 85' lang='lat' dir='ltr'><strong>manus</strong></span> <span class='ocrx_word' id='word_1_314' title='bbox 1909 2734 2026 2785; x_wconf 89' lang='lat' dir='ltr'><strong>uul-</strong></span> 
     </span>
    </p>
   </div>
   <div class='ocr_carea' id='block_1_46' title="bbox 431 2820 2027 2891">
    <p class='ocr_par' dir='ltr' id='par_1_46' title="bbox 431 2820 2027 2891">
     <span class='ocr_line' id='line_1_46' title="bbox 431 2820 2027 2891; baseline 0.001 -19"><span class='ocrx_word' id='word_1_315' title='bbox 431 2821 648 2873; x_wconf 88' lang='lat' dir='ltr'><strong>latenus</strong></span> <span class='ocrx_word' id='word_1_316' title='bbox 675 2826 858 2890; x_wconf 85' lang='lat' dir='ltr'><strong>posset</strong></span> <span class='ocrx_word' id='word_1_317' title='bbox 885 2821 1146 2886; x_wconf 83' lang='lat' dir='ltr'><strong>effugere.</strong></span> <span class='ocrx_word' id='word_1_318' title='bbox 1172 2820 1343 2871; x_wconf 87' lang='lat' dir='ltr'><strong>Multo</strong></span> <span class='ocrx_word' id='word_1_319' title='bbox 1369 2820 1572 2889; x_wconf 75' lang='lat' dir='ltr'><strong>quippe</strong></span> <span class='ocrx_word' id='word_1_320' title='bbox 1597 2821 1836 2873; x_wconf 87' lang='lat' dir='ltr'><strong>militum</strong></span> <span class='ocrx_word' id='word_1_321' title='bbox 1862 2839 2027 2891; x_wconf 88' lang='lat' dir='ltr'><strong>equo-</strong></span> 
     </span>
    </p>
   </div>
   <div class='ocr_carea' id='block_1_47' title="bbox 434 2909 2022 2981">
    <p class='ocr_par' dir='ltr' id='par_1_47' title="bbox 434 2909 2022 2981">
     <span class='ocr_line' id='line_1_47' title="bbox 434 2909 2022 2981; baseline 0.001 -19"><span class='ocrx_word' id='word_1_322' title='bbox 434 2925 628 2962; x_wconf 81' lang='lat' dir='ltr'><strong>rumve</strong></span> <span class='ocrx_word' id='word_1_323' title='bbox 674 2910 897 2964; x_wconf 87' lang='lat' dir='ltr'><strong>sudore.</strong></span> <span class='ocrx_word' id='word_1_324' title='bbox 951 2917 1252 2974; x_wconf 82' lang='lat' dir='ltr'><strong>antequam</strong></span> <span class='ocrx_word' id='word_1_325' title='bbox 1298 2909 1394 2960; x_wconf 90' lang='lat' dir='ltr'><strong>illo</strong></span> <span class='ocrx_word' id='word_1_326' title='bbox 1434 2911 1748 2978; x_wconf 87' lang='lat' dir='ltr'><strong>perveniret</strong></span> <span class='ocrx_word' id='word_1_327' title='bbox 1786 2913 2022 2981; x_wconf 85' lang='lat' dir='ltr'><strong>capitur,</strong></span> 
     </span>
    </p>
   </div>
   <div class='ocr_carea' id='block_1_48' title="bbox 431 2997 2023 3067">
    <p class='ocr_par' dir='ltr' id='par_1_48' title="bbox 431 2997 2023 3067">
     <span class='ocr_line' id='line_1_48' title="bbox 431 2997 2023 3067; baseline 0.002 -16"><span class='ocrx_word' id='word_1_328' title='bbox 431 2999 693 3062; x_wconf 84' lang='lat' dir='ltr'><strong>trahitur,</strong></span> <span class='ocrx_word' id='word_1_329' title='bbox 730 3015 828 3050; x_wconf 87' lang='lat' dir='ltr'><strong>nec</strong></span> <span class='ocrx_word' id='word_1_330' title='bbox 859 2997 978 3050; x_wconf 89' lang='lat' dir='ltr'><strong>sine</strong></span> <span class='ocrx_word' id='word_1_331' title='bbox 1009 2998 1288 3050; x_wconf 86' lang='lat' dir='ltr'><strong>calumnia</strong></span> <span class='ocrx_word' id='word_1_332' title='bbox 1319 2997 1385 3050; x_wconf 86' lang='lat' dir='ltr'><strong>ad</strong></span> <span class='ocrx_word' id='word_1_333' title='bbox 1421 3015 1606 3067; x_wconf 87' lang='lat' dir='ltr'><strong>regem</strong></span> <span class='ocrx_word' id='word_1_334' title='bbox 1641 3001 1925 3053; x_wconf 87' lang='lat' dir='ltr'><strong>reducitur</strong></span> <span class='ocrx_word' id='word_1_335' title='bbox 1979 3002 2023 3055; x_wconf 93' lang='grc' dir='ltr'><strong>Ο</strong></span> 
     </span>
    </p>
   </div>
   <div class='ocr_carea' id='block_1_49' title="bbox 434 3087 2026 3159">
    <p class='ocr_par' dir='ltr' id='par_1_49' title="bbox 434 3087 2026 3159">
     <span class='ocr_line' id='line_1_49' title="bbox 434 3087 2026 3159; baseline 0.002 -19"><span class='ocrx_word' id='word_1_336' title='bbox 434 3088 527 3157; x_wconf 91' lang='lat' dir='ltr'><strong>qui</strong></span> <span class='ocrx_word' id='word_1_337' title='bbox 568 3095 701 3140; x_wconf 91' lang='lat' dir='ltr'><strong>tunc</strong></span> <span class='ocrx_word' id='word_1_338' title='bbox 734 3088 981 3157; x_wconf 89' lang='lat' dir='ltr'><strong>plausus,</strong></span> <span class='ocrx_word' id='word_1_339' title='bbox 1012 3092 1065 3138; x_wconf 89' lang='lat' dir='ltr'><strong>et</strong></span> <span class='ocrx_word' id='word_1_340' title='bbox 1093 3087 1294 3156; x_wconf 84' lang='lat' dir='ltr'><strong>gaudia</strong></span> <span class='ocrx_word' id='word_1_341' title='bbox 1327 3097 1537 3156; x_wconf 82' lang='lat' dir='ltr'><strong>quanta</strong></span> <span class='ocrx_word' id='word_1_342' title='bbox 1570 3089 1759 3142; x_wconf 80' lang='lat' dir='ltr'><strong>fuere!</strong></span> <span class='ocrx_word' id='word_1_343' title='bbox 1807 3089 2026 3159; x_wconf 85' lang='lat' dir='ltr'><strong>Iniquo-</strong></span> 
     </span>
    </p>
   </div>
   <div class='ocr_carea' id='block_1_50' title="bbox 431 3177 2026 3246">
    <p class='ocr_par' dir='ltr' id='par_1_50' title="bbox 431 3177 2026 3246">
     <span class='ocr_line' id='line_1_50' title="bbox 431 3177 2026 3246; baseline 0.002 -17"><span class='ocrx_word' id='word_1_344' title='bbox 431 3194 556 3230; x_wconf 88' lang='lat' dir='ltr'><strong>rum</strong></span> <span class='ocrx_word' id='word_1_345' title='bbox 597 3194 797 3246; x_wconf 86' lang='lat' dir='ltr'><strong>nempe</strong></span> <span class='ocrx_word' id='word_1_346' title='bbox 836 3177 1188 3229; x_wconf 89' lang='lat' dir='ltr'><strong>sacerdotum</strong></span> <span class='ocrx_word' id='word_1_347' title='bbox 1224 3193 1332 3228; x_wconf 88' lang='lat' dir='ltr'><strong>non</strong></span> <span class='ocrx_word' id='word_1_348' title='bbox 1383 3177 1640 3238; x_wconf 59' lang='lat' dir='ltr'><strong>cmlestis,</strong></span> <span class='ocrx_word' id='word_1_349' title='bbox 1690 3179 1782 3230; x_wconf 82' lang='lat' dir='ltr'><strong>sed</strong></span> <span class='ocrx_word' id='word_1_350' title='bbox 1819 3181 2026 3232; x_wconf 85' lang='lat' dir='ltr'><strong>terreni</strong></span> 
     </span>
    </p>
   </div>
   <div class='ocr_carea' id='block_1_51' title="bbox 434 3264 2026 3336">
    <p class='ocr_par' dir='ltr' id='par_1_51' title="bbox 434 3264 2026 3336">
     <span class='ocr_line' id='line_1_51' title="bbox 434 3264 2026 3336; baseline 0.003 -18"><span class='ocrx_word' id='word_1_351' title='bbox 434 3267 580 3334; x_wconf 87' lang='lat' dir='ltr'><strong>regis</strong></span> <span class='ocrx_word' id='word_1_352' title='bbox 629 3266 834 3336; x_wconf 88' lang='lat' dir='ltr'><strong>palatio</strong></span> <span class='ocrx_word' id='word_1_353' title='bbox 878 3264 1290 3324; x_wconf 78' lang='lat' dir='ltr'><strong>cxcubantium,</strong></span> <span class='ocrx_word' id='word_1_354' title='bbox 1325 3265 1418 3318; x_wconf 86' lang='lat' dir='ltr'><strong>alii</strong></span> <span class='ocrx_word' id='word_1_355' title='bbox 1450 3283 1612 3319; x_wconf 89' lang='lat' dir='ltr'><strong>cruce</strong></span> <span class='ocrx_word' id='word_1_356' title='bbox 1643 3268 1895 3335; x_wconf 90' lang='lat' dir='ltr'><strong>dignum,</strong></span> <span class='ocrx_word' id='word_1_357' title='bbox 1932 3269 2026 3322; x_wconf 90' lang='lat' dir='ltr'><strong>alii</strong></span> 
     </span>
    </p>
   </div>
   <div class='ocr_carea' id='block_1_52' title="bbox 435 3354 2031 3419">
    <p class='ocr_par' dir='ltr' id='par_1_52' title="bbox 435 3354 2031 3419">
     <span class='ocr_line' id='line_1_52' title="bbox 435 3354 2031 3419; baseline 0.003 -12"><span class='ocrx_word' id='word_1_358' title='bbox 435 3355 724 3408; x_wconf 85' lang='lat' dir='ltr'><strong>ultricibus</strong></span> <span class='ocrx_word' id='word_1_359' title='bbox 750 3354 992 3406; x_wconf 88' lang='lat' dir='ltr'><strong>flammis</strong></span> <span class='ocrx_word' id='word_1_360' title='bbox 1019 3356 1508 3419; x_wconf 76' lang='lat' dir='ltr'><strong>conm&#39;emamlum,</strong></span> <span class='ocrx_word' id='word_1_361' title='bbox 1538 3359 1791 3410; x_wconf 90' lang='lat' dir='ltr'><strong>nonnulli</strong></span> <span class='ocrx_word' id='word_1_362' title='bbox 1824 3359 2031 3412; x_wconf 86' lang='lat' dir='ltr'><strong>ferven-</strong></span> 
     </span>
    </p>
   </div>
   <div class='ocr_carea' id='block_1_53' title="bbox 434 3444 2033 3515">
    <p class='ocr_par' dir='ltr' id='par_1_53' title="bbox 434 3444 2033 3515">
     <span class='ocr_line' id='line_1_53' title="bbox 434 3444 2033 3515; baseline 0.002 -18"><span class='ocrx_word' id='word_1_363' title='bbox 434 3444 713 3498; x_wconf 87' lang='lat' dir='ltr'><strong>tissimum</strong></span> <span class='ocrx_word' id='word_1_364' title='bbox 748 3445 953 3496; x_wconf 88' lang='lat' dir='ltr'><strong>ferrum</strong></span> <span class='ocrx_word' id='word_1_365' title='bbox 989 3460 1087 3512; x_wconf 87' lang='lat' dir='ltr'><strong>per</strong></span> <span class='ocrx_word' id='word_1_366' title='bbox 1117 3444 1235 3511; x_wconf 86' lang='lat' dir='ltr'><strong>ejus</strong></span> <span class='ocrx_word' id='word_1_367' title='bbox 1264 3451 1515 3514; x_wconf 89' lang='lat' dir='ltr'><strong>tempora</strong></span> <span class='ocrx_word' id='word_1_368' title='bbox 1551 3448 1893 3515; x_wconf 84' lang='lat' dir='ltr'><strong>penetrando</strong></span> <span class='ocrx_word' id='word_1_369' title='bbox 1919 3449 2033 3500; x_wconf 88' lang='lat' dir='ltr'><strong>adi-</strong></span> 
     </span>
    </p>
   </div>
   <div class='ocr_carea' id='block_1_54' title="bbox 432 3532 2030 3604">
    <p class='ocr_par' dir='ltr' id='par_1_54' title="bbox 432 3532 2030 3604">
     <span class='ocr_line' id='line_1_54' title="bbox 432 3532 2030 3604; baseline 0.003 -19"><span class='ocrx_word' id='word_1_370' title='bbox 432 3534 698 3602; x_wconf 81' lang='lat' dir='ltr'><strong>gendum,</strong></span> <span class='ocrx_word' id='word_1_371' title='bbox 734 3533 984 3602; x_wconf 87' lang='lat' dir='ltr'><strong>plerique.</strong></span> <span class='ocrx_word' id='word_1_372' title='bbox 1015 3532 1187 3584; x_wconf 84' lang='lat' dir='ltr'><strong>oculis</strong></span> <span class='ocrx_word' id='word_1_373' title='bbox 1218 3539 1481 3586; x_wconf 74' lang='lat' dir='ltr'><strong>czeeatum</strong></span> <span class='ocrx_word' id='word_1_374' title='bbox 1529 3534 1584 3586; x_wconf 93' lang='lat' dir='ltr'><strong>in</strong></span> <span class='ocrx_word' id='word_1_375' title='bbox 1626 3535 1854 3604; x_wconf 87' lang='lat' dir='ltr'><strong>longum</strong></span> <span class='ocrx_word' id='word_1_376' title='bbox 1887 3537 2030 3589; x_wconf 80' lang='lat' dir='ltr'><strong>exsi-</strong></span> 
     </span>
    </p>
   </div>
   <div class='ocr_carea' id='block_1_55' title="bbox 435 3621 2027 3695">
    <p class='ocr_par' dir='ltr' id='par_1_55' title="bbox 435 3621 2027 3695">
     <span class='ocr_line' id='line_1_55' title="bbox 435 3621 2027 3695; baseline 0.005 -23"><span class='ocrx_word' id='word_1_377' title='bbox 435 3621 569 3674; x_wconf 91' lang='lat' dir='ltr'><strong>lium</strong></span> <span class='ocrx_word' id='word_1_378' title='bbox 595 3622 1097 3673; x_wconf 89' lang='lat' dir='ltr'><strong>detrudendum.ut</strong></span> <span class='ocrx_word' id='word_1_379' title='bbox 1122 3638 1353 3687; x_wconf 84' lang='lat' dir='ltr'><strong>regnum</strong></span> <span class='ocrx_word' id='word_1_380' title='bbox 1379 3628 1532 3674; x_wconf 89' lang='lat' dir='ltr'><strong>tanta</strong></span> <span class='ocrx_word' id='word_1_381' title='bbox 1555 3625 1716 3676; x_wconf 86' lang='lat' dir='ltr'><strong>sorde</strong></span> <span class='ocrx_word' id='word_1_382' title='bbox 1740 3633 2027 3695; x_wconf 74' lang='lat' dir='ltr'><strong>purgetur,</strong></span> 
     </span>
    </p>
   </div>
   <div class='ocr_carea' id='block_1_56' title="bbox 435 3711 2029 3785">
    <p class='ocr_par' dir='ltr' id='par_1_56' title="bbox 435 3711 2029 3785">
     <span class='ocr_line' id='line_1_56' title="bbox 435 3711 2029 3785; baseline 0.004 -23"><span class='ocrx_word' id='word_1_383' title='bbox 435 3711 777 3779; x_wconf 82' lang='lat' dir='ltr'><strong>adjudieant.</strong></span> <span class='ocrx_word' id='word_1_384' title='bbox 822 3711 910 3763; x_wconf 88' lang='lat' dir='ltr'><strong>Fit</strong></span> <span class='ocrx_word' id='word_1_385' title='bbox 966 3727 1193 3779; x_wconf 77' lang='lat' dir='ltr'><strong>prorSUs</strong></span> <span class='ocrx_word' id='word_1_386' title='bbox 1245 3712 1404 3779; x_wconf 86' lang='lat' dir='ltr'><strong>quasi</strong></span> <span class='ocrx_word' id='word_1_387' title='bbox 1461 3712 1680 3782; x_wconf 80' lang='lat' dir='ltr'><strong>insigne</strong></span> <span class='ocrx_word' id='word_1_388' title='bbox 1736 3721 2029 3785; x_wconf 70' lang='lat' dir='ltr'><strong>tropaeum,</strong></span> 
     </span>
    </p>
   </div>
   <div class='ocr_carea' id='block_1_57' title="bbox 433 3801 2029 3869">
    <p class='ocr_par' dir='ltr' id='par_1_57' title="bbox 433 3801 2029 3869">
     <span class='ocr_line' id='line_1_57' title="bbox 433 3801 2029 3869; baseline 0.003 -16"><span class='ocrx_word' id='word_1_389' title='bbox 433 3816 786 3853; x_wconf 87' lang='lat' dir='ltr'><strong>communem</strong></span> <span class='ocrx_word' id='word_1_390' title='bbox 838 3801 1054 3852; x_wconf 84' lang='lat' dir='ltr'><strong>hostem</strong></span> <span class='ocrx_word' id='word_1_391' title='bbox 1107 3816 1226 3851; x_wconf 89' lang='lat' dir='ltr'><strong>esse</strong></span> <span class='ocrx_word' id='word_1_392' title='bbox 1263 3807 1506 3869; x_wconf 86' lang='lat' dir='ltr'><strong>captum,</strong></span> <span class='ocrx_word' id='word_1_393' title='bbox 1545 3809 1853 3856; x_wconf 86' lang='lat' dir='ltr'><strong>monstrum</strong></span> <span class='ocrx_word' id='word_1_394' title='bbox 1909 3823 2029 3858; x_wconf 87' lang='lat' dir='ltr'><strong>ma-</strong></span> 
     </span>
    </p>
   </div>
   <div class='ocr_carea' id='block_1_58' title="bbox 432 3888 2025 3958">
    <p class='ocr_par' dir='ltr' id='par_1_58' title="bbox 432 3888 2025 3958">
     <span class='ocr_line' id='line_1_58' title="bbox 432 3888 2025 3958; baseline 0.005 -18"><span class='ocrx_word' id='word_1_395' title='bbox 432 3905 717 3958; x_wconf 87' lang='lat' dir='ltr'><strong>gnumque</strong></span> <span class='ocrx_word' id='word_1_396' title='bbox 743 3905 957 3940; x_wconf 75' lang='lat' dir='ltr'><strong>osorem</strong></span> <span class='ocrx_word' id='word_1_397' title='bbox 992 3888 1161 3957; x_wconf 64' lang='lat' dir='ltr'><strong>regiae</strong></span> <span class='ocrx_word' id='word_1_398' title='bbox 1191 3889 1386 3941; x_wconf 88' lang='lat' dir='ltr'><strong>salutis</strong></span> <span class='ocrx_word' id='word_1_399' title='bbox 1417 3896 1472 3941; x_wconf 90' lang='lat' dir='ltr'><strong>et</strong></span> <span class='ocrx_word' id='word_1_400' title='bbox 1501 3907 1728 3944; x_wconf 85' lang='lat' dir='ltr'><strong>suorum</strong></span> <span class='ocrx_word' id='word_1_401' title='bbox 1755 3895 2025 3948; x_wconf 86' lang='lat' dir='ltr'><strong>omnium.</strong></span> 
     </span>
    </p>
   </div>
   <div class='ocr_carea' id='block_1_59' title="bbox 505 3977 2030 4049">
    <p class='ocr_par' dir='ltr' id='par_1_59' title="bbox 505 3977 2030 4049">
     <span class='ocr_line' id='line_1_59' title="bbox 505 3977 2030 4049; baseline 0.005 -19"><span class='ocrx_word' id='word_1_402' title='bbox 505 3977 591 4030; x_wconf 73' lang='lat'><strong>3‘2.</strong></span> <span class='ocrx_word' id='word_1_403' title='bbox 618 3978 889 4030; x_wconf 59' lang='lat' dir='ltr'><strong>Adelaftfd’</strong></span> <span class='ocrx_word' id='word_1_404' title='bbox 911 3979 1095 4042; x_wconf 73' lang='lat' dir='ltr'><strong>fatere</strong></span> <span class='ocrx_word' id='word_1_405' title='bbox 1120 3981 1376 4044; x_wconf 69' lang='lat' dir='ltr'><strong>eripitur.</strong></span> <span class='ocrx_word' id='word_1_406' title='bbox 1405 3979 1517 4032; x_wconf 84' lang='lat' dir='ltr'><strong>Has</strong></span> <span class='ocrx_word' id='word_1_407' title='bbox 1547 3980 1718 4049; x_wconf 87' lang='lat' dir='ltr'><strong>igitur</strong></span> <span class='ocrx_word' id='word_1_408' title='bbox 1739 3983 2030 4038; x_wconf 86' lang='lat' dir='ltr'><strong>verborum</strong></span> 
     </span>
    </p>
   </div>
   <div class='ocr_carea' id='block_1_60' title="bbox 432 4066 2033 4136">
    <p class='ocr_par' dir='ltr' id='par_1_60' title="bbox 432 4066 2033 4136">
     <span class='ocr_line' id='line_1_60' title="bbox 432 4066 2033 4136; baseline 0.005 -16"><span class='ocrx_word' id='word_1_409' title='bbox 432 4083 646 4128; x_wconf 84' lang='lat' dir='ltr'><strong>cruces,</strong></span> <span class='ocrx_word' id='word_1_410' title='bbox 673 4071 728 4118; x_wconf 92' lang='lat' dir='ltr'><strong>et</strong></span> <span class='ocrx_word' id='word_1_411' title='bbox 756 4067 1026 4136; x_wconf 90' lang='lat' dir='ltr'><strong>plurimas</strong></span> <span class='ocrx_word' id='word_1_412' title='bbox 1059 4066 1110 4118; x_wconf 91' lang='lat' dir='ltr'><strong>id</strong></span> <span class='ocrx_word' id='word_1_413' title='bbox 1141 4067 1363 4134; x_wconf 76' lang='lat' dir='ltr'><strong>generis</strong></span> <span class='ocrx_word' id='word_1_414' title='bbox 1384 4071 1751 4124; x_wconf 87' lang='lat' dir='ltr'><strong>contumelias</strong></span> <span class='ocrx_word' id='word_1_415' title='bbox 1775 4073 1908 4126; x_wconf 72' lang='lat' dir='ltr'><strong>dirze</strong></span> <span class='ocrx_word' id='word_1_416' title='bbox 1941 4092 2033 4128; x_wconf 87' lang='lat' dir='ltr'><strong>cu-</strong></span> 
     </span>
    </p>
   </div>
   <div class='ocr_carea' id='block_1_61' title="bbox 432 4156 2028 4231">
    <p class='ocr_par' dir='ltr' id='par_1_61' title="bbox 432 4156 2028 4231">
     <span class='ocr_line' id='line_1_61' title="bbox 432 4156 2028 4231; baseline 0.004 -21"><span class='ocrx_word' id='word_1_417' title='bbox 432 4157 626 4210; x_wconf 74' lang='lat' dir='ltr'><strong>stodiae</strong></span> <span class='ocrx_word' id='word_1_418' title='bbox 657 4156 1026 4225; x_wconf 88' lang='lat' dir='ltr'><strong>mancipatus,</strong></span> <span class='ocrx_word' id='word_1_419' title='bbox 1069 4156 1296 4224; x_wconf 84' lang='lat' dir='ltr'><strong>suisque</strong></span> <span class='ocrx_word' id='word_1_420' title='bbox 1337 4157 1502 4210; x_wconf 80' lang='lat' dir='ltr'><strong>rebus</strong></span> <span class='ocrx_word' id='word_1_421' title='bbox 1547 4161 1885 4229; x_wconf 77' lang='lat' dir='ltr'><strong>exspoliatus</strong></span> <span class='ocrx_word' id='word_1_422' title='bbox 1911 4164 2028 4231; x_wconf 89' lang='lat' dir='ltr'><strong>jam</strong></span> 
     </span>
    </p>
   </div>
   <div class='ocr_carea' id='block_1_62' title="bbox 433 4244 2026 4321">
    <p class='ocr_par' dir='ltr' id='par_1_62' title="bbox 433 4244 2026 4321">
     <span class='ocr_line' id='line_1_62' title="bbox 433 4244 2026 4321; baseline 0.005 -23"><span class='ocrx_word' id='word_1_423' title='bbox 433 4246 643 4299; x_wconf 85' lang='lat' dir='ltr'><strong>dudum</strong></span> <span class='ocrx_word' id='word_1_424' title='bbox 696 4251 986 4297; x_wconf 83' lang='lat' dir='ltr'><strong>mansuete</strong></span> <span class='ocrx_word' id='word_1_425' title='bbox 1036 4244 1328 4306; x_wconf 88' lang='lat' dir='ltr'><strong>tolerabat,</strong></span> <span class='ocrx_word' id='word_1_426' title='bbox 1377 4247 1626 4317; x_wconf 87' lang='lat' dir='ltr'><strong>nihilque</strong></span> <span class='ocrx_word' id='word_1_427' title='bbox 1669 4250 1818 4303; x_wconf 88' lang='lat' dir='ltr'><strong>aliud</strong></span> <span class='ocrx_word' id='word_1_428' title='bbox 1862 4269 2026 4321; x_wconf 90' lang='lat' dir='ltr'><strong>quam</strong></span> 
     </span>
    </p>
   </div>
   <div class='ocr_carea' id='block_1_63' title="bbox 432 4334 2030 4406">
    <p class='ocr_par' dir='ltr' id='par_1_63' title="bbox 432 4334 2030 4406">
     <span class='ocr_line' id='line_1_63' title="bbox 432 4334 2030 4406; baseline 0.004 -19"><span class='ocrx_word' id='word_1_429' title='bbox 432 4352 696 4404; x_wconf 89' lang='lat' dir='ltr'><strong>suprema</strong></span> <span class='ocrx_word' id='word_1_430' title='bbox 731 4334 924 4386; x_wconf 88' lang='lat' dir='ltr'><strong>mortis</strong></span> <span class='ocrx_word' id='word_1_431' title='bbox 976 4334 1220 4403; x_wconf 88' lang='lat' dir='ltr'><strong>pericula</strong></span> <span class='ocrx_word' id='word_1_432' title='bbox 1267 4352 1330 4387; x_wconf 88' lang='lat' dir='ltr'><strong>ac</strong></span> <span class='ocrx_word' id='word_1_433' title='bbox 1369 4338 1616 4406; x_wconf 85' lang='lat' dir='ltr'><strong>corporis</strong></span> <span class='ocrx_word' id='word_1_434' title='bbox 1665 4340 1751 4392; x_wconf 89' lang='lat' dir='ltr'><strong>sui</strong></span> <span class='ocrx_word' id='word_1_435' title='bbox 1789 4341 2030 4395; x_wconf 88' lang='lat' dir='ltr'><strong>ludibria</strong></span> 
     </span>
    </p>
   </div>
   <div class='ocr_carea' id='block_1_64' title="bbox 433 4423 2025 4498">
    <p class='ocr_par' dir='ltr' id='par_1_64' title="bbox 433 4423 2025 4498">
     <span class='ocr_line' id='line_1_64' title="bbox 433 4423 2025 4498; baseline 0.005 -22"><span class='ocrx_word' id='word_1_436' title='bbox 433 4424 696 4477; x_wconf 89' lang='lat' dir='ltr'><strong>manebat</strong></span> <span class='ocrx_word' id='word_1_437' title='bbox 727 4435 738 4468; x_wconf 76' lang='grc' dir='ltr'>ε</span> <span class='ocrx_word' id='word_1_438' title='bbox 783 4424 878 4476; x_wconf 88' lang='lat' dir='ltr'><strong>sed</strong></span> <span class='ocrx_word' id='word_1_439' title='bbox 921 4423 1014 4475; x_wconf 87' lang='lat' dir='ltr'><strong>Dei</strong></span> <span class='ocrx_word' id='word_1_440' title='bbox 1050 4430 1188 4475; x_wconf 91' lang='lat' dir='ltr'><strong>nutu</strong></span> <span class='ocrx_word' id='word_1_441' title='bbox 1223 4431 1279 4476; x_wconf 88' lang='lat' dir='ltr'><strong>et</strong></span> <span class='ocrx_word' id='word_1_442' title='bbox 1308 4427 1625 4495; x_wconf 78' lang='lat' dir='ltr'><strong>archangeli</strong></span> <span class='ocrx_word' id='word_1_443' title='bbox 1659 4431 2025 4498; x_wconf 75' lang='lat' dir='ltr'><strong>providentia,</strong></span> 
     </span>
    </p>
   </div>
   <div class='ocr_carea' id='block_1_65' title="bbox 433 4510 2029 4581">
    <p class='ocr_par' dir='ltr' id='par_1_65' title="bbox 433 4510 2029 4581">
     <span class='ocr_line' id='line_1_65' title="bbox 433 4510 2029 4581; baseline 0.006 -17"><span class='ocrx_word' id='word_1_444' title='bbox 433 4513 610 4565; x_wconf 82' lang='lat' dir='ltr'><strong>adfuit</strong></span> <span class='ocrx_word' id='word_1_445' title='bbox 649 4513 724 4564; x_wconf 93' lang='lat' dir='ltr'><strong>illi</strong></span> <span class='ocrx_word' id='word_1_446' title='bbox 765 4510 1021 4581; x_wconf 66' lang='lat' dir='ltr'><strong>praesidio</strong></span> <span class='ocrx_word' id='word_1_447' title='bbox 1059 4511 1341 4564; x_wconf 85' lang='lat' dir='ltr'><strong>Adaleidis</strong></span> <span class='ocrx_word' id='word_1_448' title='bbox 1384 4516 1698 4578; x_wconf 89' lang='lat' dir='ltr'><strong>marchisia,</strong></span> <span class='ocrx_word' id='word_1_449' title='bbox 1733 4519 1936 4571; x_wconf 89' lang='lat' dir='ltr'><strong>mulier</strong></span> <span class='ocrx_word' id='word_1_450' title='bbox 1974 4522 2029 4573; x_wconf 88' lang='lat' dir='ltr'><strong>in</strong></span> 
     </span>
    </p>
   </div>
   <div class='ocr_carea' id='block_1_66' title="bbox 434 4599 2032 4665">
    <p class='ocr_par' dir='ltr' id='par_1_66' title="bbox 434 4599 2032 4665">
     <span class='ocr_line' id='line_1_66' title="bbox 434 4599 2032 4665; baseline 0.006 -11"><span class='ocrx_word' id='word_1_451' title='bbox 434 4602 534 4654; x_wconf 89' lang='lat' dir='ltr'><strong>Dei</strong></span> <span class='ocrx_word' id='word_1_452' title='bbox 577 4601 742 4653; x_wconf 89' lang='lat' dir='ltr'><strong>rebus</strong></span> <span class='ocrx_word' id='word_1_453' title='bbox 781 4608 912 4652; x_wconf 93' lang='lat' dir='ltr'><strong>tunc</strong></span> <span class='ocrx_word' id='word_1_454' title='bbox 953 4599 1090 4652; x_wconf 90' lang='lat' dir='ltr'><strong>bene</strong></span> <span class='ocrx_word' id='word_1_455' title='bbox 1131 4601 1346 4665; x_wconf 86' lang='lat' dir='ltr'><strong>devota,</strong></span> <span class='ocrx_word' id='word_1_456' title='bbox 1391 4610 1447 4654; x_wconf 93' lang='lat' dir='ltr'><strong>et</strong></span> <span class='ocrx_word' id='word_1_457' title='bbox 1487 4605 1540 4656; x_wconf 93' lang='lat' dir='ltr'><strong>in</strong></span> <span class='ocrx_word' id='word_1_458' title='bbox 1576 4622 1760 4658; x_wconf 90' lang='lat' dir='ltr'><strong>rerum</strong></span> <span class='ocrx_word' id='word_1_459' title='bbox 1795 4609 2032 4663; x_wconf 87' lang='lat' dir='ltr'><strong>admini-</strong></span> 
     </span>
    </p>
   </div>
   <div class='ocr_carea' id='block_1_67' title="bbox 433 4689 2028 4761">
    <p class='ocr_par' dir='ltr' id='par_1_67' title="bbox 433 4689 2028 4761">
     <span class='ocr_line' id='line_1_67' title="bbox 433 4689 2028 4761; baseline 0.007 -19"><span class='ocrx_word' id='word_1_460' title='bbox 433 4690 703 4742; x_wconf 86' lang='lat' dir='ltr'><strong>stratione</strong></span> <span class='ocrx_word' id='word_1_461' title='bbox 745 4689 1215 4753; x_wconf 84' lang='lat' dir='ltr'><strong>constantissima,</strong></span> <span class='ocrx_word' id='word_1_462' title='bbox 1269 4691 1337 4743; x_wconf 90' lang='lat' dir='ltr'><strong>de</strong></span> <span class='ocrx_word' id='word_1_463' title='bbox 1389 4694 1548 4761; x_wconf 91' lang='lat' dir='ltr'><strong>cujus</strong></span> <span class='ocrx_word' id='word_1_464' title='bbox 1609 4703 1784 4749; x_wconf 87' lang='lat' dir='ltr'><strong>morte</strong></span> <span class='ocrx_word' id='word_1_465' title='bbox 1838 4701 2028 4754; x_wconf 89' lang='lat' dir='ltr'><strong>multis</strong></span> 
     </span>
    </p>
   </div>
   <div class='ocr_carea' id='block_1_68' title="bbox 437 4777 2028 4854">
    <p class='ocr_par' dir='ltr' id='par_1_68' title="bbox 437 4777 2028 4854">
     <span class='ocr_line' id='line_1_68' title="bbox 437 4777 2028 4854; baseline 0.009 -27"><span class='ocrx_word' id='word_1_466' title='bbox 437 4777 582 4828; x_wconf 86' lang='lat' dir='ltr'><strong>facta</strong></span> <span class='ocrx_word' id='word_1_467' title='bbox 612 4777 798 4846; x_wconf 76' lang='lat' dir='ltr'><strong>przcda</strong></span> <span class='ocrx_word' id='word_1_468' title='bbox 821 4784 1007 4828; x_wconf 87' lang='lat' dir='ltr'><strong>nostra</strong></span> <span class='ocrx_word' id='word_1_469' title='bbox 1037 4795 1212 4847; x_wconf 85' lang='lat' dir='ltr'><strong>usque</strong></span> <span class='ocrx_word' id='word_1_470' title='bbox 1235 4779 1395 4832; x_wconf 86' lang='lat' dir='ltr'><strong>hodie</strong></span> <span class='ocrx_word' id='word_1_471' title='bbox 1419 4784 1635 4849; x_wconf 78' lang='lat' dir='ltr'><strong>gemuit</strong></span> <span class='ocrx_word' id='word_1_472' title='bbox 1661 4787 1860 4854; x_wconf 89' lang='lat' dir='ltr'><strong>patria.</strong></span> <span class='ocrx_word' id='word_1_473' title='bbox 1897 4788 2028 4842; x_wconf 65' lang='lat' dir='ltr'><strong>llaec</strong></span> 
     </span>
    </p>
   </div>
   <div class='ocr_carea' id='block_1_69' title="bbox 436 4873 2024 4952">
    <p class='ocr_par' dir='ltr' id='par_1_69' title="bbox 436 4873 2024 4952">
     <span class='ocr_line' id='line_1_69' title="bbox 436 4873 2024 4952; baseline 0.009 -26"><span class='ocrx_word' id='word_1_474' title='bbox 436 4873 644 4944; x_wconf 85' lang='lat' dir='ltr'><strong>itaque,</strong></span> <span class='ocrx_word' id='word_1_475' title='bbox 671 4873 932 4942; x_wconf 89' lang='lat' dir='ltr'><strong>quoniam</strong></span> <span class='ocrx_word' id='word_1_476' title='bbox 958 4875 1105 4943; x_wconf 90' lang='lat' dir='ltr'><strong>apud</strong></span> <span class='ocrx_word' id='word_1_477' title='bbox 1128 4893 1314 4943; x_wconf 85' lang='lat' dir='ltr'><strong>regem</strong></span> <span class='ocrx_word' id='word_1_478' title='bbox 1340 4886 1470 4932; x_wconf 92' lang='lat' dir='ltr'><strong>tunc</strong></span> <span class='ocrx_word' id='word_1_479' title='bbox 1500 4885 1766 4952; x_wconf 88' lang='lat' dir='ltr'><strong>temporis</strong></span> <span class='ocrx_word' id='word_1_480' title='bbox 1789 4887 2024 4940; x_wconf 85' lang='lat' dir='ltr'><strong>multum</strong></span> 
     </span>
    </p>
   </div>
   <div class='ocr_carea' id='block_1_70' title="bbox 433 4973 2026 5042">
    <p class='ocr_par' dir='ltr' id='par_1_70' title="bbox 433 4973 2026 5042">
     <span class='ocr_line' id='line_1_70' title="bbox 433 4973 2026 5042; baseline 0.01 -20"><span class='ocrx_word' id='word_1_481' title='bbox 433 4977 672 5042; x_wconf 84' lang='lat' dir='ltr'><strong>poterat,</strong></span> <span class='ocrx_word' id='word_1_482' title='bbox 710 4977 1030 5023; x_wconf 81' lang='lat' dir='ltr'><strong>constanter</strong></span> <span class='ocrx_word' id='word_1_483' title='bbox 1058 4973 1124 5025; x_wconf 87' lang='lat' dir='ltr'><strong>ad</strong></span> <span class='ocrx_word' id='word_1_484' title='bbox 1159 4990 1285 5026; x_wconf 88' lang='lat' dir='ltr'><strong>eum</strong></span> <span class='ocrx_word' id='word_1_485' title='bbox 1317 4975 1508 5034; x_wconf 87' lang='lat' dir='ltr'><strong>intrat.</strong></span> <span class='ocrx_word' id='word_1_486' title='bbox 1544 4986 1598 5032; x_wconf 88' lang='lat' dir='ltr'><strong>et</strong></span> <span class='ocrx_word' id='word_1_487' title='bbox 1627 4989 1690 5032; x_wconf 91' lang='lat' dir='ltr'><strong>ut</strong></span> <span class='ocrx_word' id='word_1_488' title='bbox 1718 4983 1894 5036; x_wconf 91' lang='lat' dir='ltr'><strong>ullum</strong></span> <span class='ocrx_word' id='word_1_489' title='bbox 1929 4985 2026 5038; x_wconf 86' lang='lat' dir='ltr'><strong>Dei</strong></span> 
     </span>
    </p>
   </div>
   <div class='ocr_carea' id='block_1_71' title="bbox 433 5067 2027 5150">
    <p class='ocr_par' dir='ltr' id='par_1_71' title="bbox 433 5067 2027 5150">
     <span class='ocr_line' id='line_1_71' title="bbox 433 5067 2027 5150; baseline 0.008 -27"><span class='ocrx_word' id='word_1_490' title='bbox 433 5069 727 5133; x_wconf 87' lang='lat' dir='ltr'><strong>famulum,</strong></span> <span class='ocrx_word' id='word_1_491' title='bbox 763 5067 857 5135; x_wconf 88' lang='lat' dir='ltr'><strong>qui</strong></span> <span class='ocrx_word' id='word_1_492' title='bbox 901 5068 1069 5120; x_wconf 88' lang='lat' dir='ltr'><strong>etiam</strong></span> <span class='ocrx_word' id='word_1_493' title='bbox 1120 5087 1308 5124; x_wconf 86' lang='lat' dir='ltr'><strong>secum</strong></span> <span class='ocrx_word' id='word_1_494' title='bbox 1352 5082 1599 5135; x_wconf 82' lang='lat' dir='ltr'><strong>venerat,</strong></span> <span class='ocrx_word' id='word_1_495' title='bbox 1637 5077 1738 5130; x_wconf 88' lang='lat' dir='ltr'><strong>sibi</strong></span> <span class='ocrx_word' id='word_1_496' title='bbox 1786 5098 1884 5150; x_wconf 90' lang='lat' dir='ltr'><strong>pro</strong></span> <span class='ocrx_word' id='word_1_497' title='bbox 1925 5099 2027 5136; x_wconf 86' lang='lat' dir='ltr'><strong>sua</strong></span> 
     </span>
    </p>
   </div>
   <div class='ocr_carea' id='block_1_72' title="bbox 432 5165 2028 5240">
    <p class='ocr_par' dir='ltr' id='par_1_72' title="bbox 432 5165 2028 5240">
     <span class='ocr_line' id='line_1_72' title="bbox 432 5165 2028 5240; baseline 0.009 -22"><span class='ocrx_word' id='word_1_498' title='bbox 432 5166 629 5220; x_wconf 87' lang='lat' dir='ltr'><strong>reddat</strong></span> <span class='ocrx_word' id='word_1_499' title='bbox 659 5165 956 5218; x_wconf 86' lang='lat' dir='ltr'><strong>clementia</strong></span> <span class='ocrx_word' id='word_1_500' title='bbox 987 5167 1275 5220; x_wconf 89' lang='lat' dir='ltr'><strong>humiliter</strong></span> <span class='ocrx_word' id='word_1_501' title='bbox 1295 5171 1587 5240; x_wconf 84' lang='lat' dir='ltr'><strong>supplicat.</strong></span> <span class='ocrx_word' id='word_1_502' title='bbox 1618 5175 1775 5227; x_wconf 76' lang='lat' dir='ltr'><strong>Hune,</strong></span> <span class='ocrx_word' id='word_1_503' title='bbox 1801 5194 1914 5230; x_wconf 69' lang='lat' dir='ltr'><strong>suae</strong></span> <span class='ocrx_word' id='word_1_504' title='bbox 1937 5179 2028 5232; x_wconf 87' lang='lat' dir='ltr'><strong>de-</strong></span> 
     </span>
    </p>
   </div>
   <div class='ocr_carea' id='block_1_73' title="bbox 433 5263 2025 5335">
    <p class='ocr_par' dir='ltr' id='par_1_73' title="bbox 433 5263 2025 5335">
     <span class='ocr_line' id='line_1_73' title="bbox 433 5263 2025 5335; baseline 0.009 -20"><span class='ocrx_word' id='word_1_505' title='bbox 433 5282 530 5318; x_wconf 87' lang='lat' dir='ltr'><strong>cus</strong></span> <span class='ocrx_word' id='word_1_506' title='bbox 561 5263 774 5334; x_wconf 66' lang='lat' dir='ltr'><strong>patriae,</strong></span> <span class='ocrx_word' id='word_1_507' title='bbox 807 5264 1122 5317; x_wconf 89' lang='lat' dir='ltr'><strong>columnam</strong></span> <span class='ocrx_word' id='word_1_508' title='bbox 1155 5272 1211 5318; x_wconf 89' lang='lat' dir='ltr'><strong>et</strong></span> <span class='ocrx_word' id='word_1_509' title='bbox 1239 5268 1395 5335; x_wconf 89' lang='lat' dir='ltr'><strong>quasi</strong></span> <span class='ocrx_word' id='word_1_510' title='bbox 1427 5271 1598 5324; x_wconf 89' lang='lat' dir='ltr'><strong>solem</strong></span> <span class='ocrx_word' id='word_1_511' title='bbox 1631 5274 1875 5328; x_wconf 83' lang='lat' dir='ltr'><strong>affirmat</strong></span> <span class='ocrx_word' id='word_1_512' title='bbox 1906 5294 2025 5330; x_wconf 88' lang='lat' dir='ltr'><strong>esse</strong></span> 
     </span>
    </p>
   </div>
   <div class='ocr_carea' id='block_1_74' title="bbox 434 5360 2021 5442">
    <p class='ocr_par' dir='ltr' id='par_1_74' title="bbox 434 5360 2021 5442">
     <span class='ocr_line' id='line_1_74' title="bbox 434 5360 2021 5442; baseline 0.009 -29"><span class='ocrx_word' id='word_1_513' title='bbox 434 5360 612 5414; x_wconf 61' lang='lat' dir='ltr'><strong>Italia}</strong></span> <span class='ocrx_word' id='word_1_514' title='bbox 649 5377 819 5430; x_wconf 86' lang='lat' dir='ltr'><strong>seque</strong></span> <span class='ocrx_word' id='word_1_515' title='bbox 870 5363 1088 5426; x_wconf 88' lang='lat' dir='ltr'><strong>reverti,</strong></span> <span class='ocrx_word' id='word_1_516' title='bbox 1135 5364 1240 5416; x_wconf 87' lang='lat' dir='ltr'><strong>nisi</strong></span> <span class='ocrx_word' id='word_1_517' title='bbox 1288 5382 1352 5419; x_wconf 89' lang='lat' dir='ltr'><strong>eo</strong></span> <span class='ocrx_word' id='word_1_518' title='bbox 1383 5377 1624 5438; x_wconf 85' lang='lat' dir='ltr'><strong>recepto,</strong></span> <span class='ocrx_word' id='word_1_519' title='bbox 1657 5371 2021 5442; x_wconf 85' lang='lat' dir='ltr'><strong>impossibile.</strong></span> 
     </span>
    </p>
   </div>
   <div class='ocr_carea' id='block_1_75' title="bbox 505 5483 3044 5570">
    <p class='ocr_par' dir='ltr' id='par_1_75' title="bbox 505 5483 3044 5570">
     <span class='ocr_line' id='line_1_75' title="bbox 505 5483 3044 5570; baseline 0.004 -23"><span class='ocrx_word' id='word_1_520' title='bbox 505 5483 676 5570; x_wconf 48' lang='grc' dir='ltr'><strong>(ξ’)ιΕς</strong></span> <span class='ocrx_word' id='word_1_521' title='bbox 705 5492 891 5570; x_wconf 68' lang='lat' dir='ltr'><strong>tamen</strong></span> <span class='ocrx_word' id='word_1_522' title='bbox 939 5487 1264 5568; x_wconf 59' lang='lat' dir='ltr'><strong>Franciscus</strong></span> <span class='ocrx_word' id='word_1_523' title='bbox 1308 5493 1659 5562; x_wconf 83' lang='lat' dir='ltr'><strong>Augustinus</strong></span> <span class='ocrx_word' id='word_1_524' title='bbox 1699 5497 2041 5556; x_wconf 87' lang='lat' dir='ltr'><strong>Chuuiberto</strong></span> <span class='ocrx_word' id='word_1_525' title='bbox 2088 5501 2378 5557; x_wconf 85' lang='lat' dir='ltr'><strong>substituit</strong></span> <span class='ocrx_word' id='word_1_526' title='bbox 2419 5504 2756 5570; x_wconf 81' lang='lat' dir='ltr'><strong>Wibertum,</strong></span> <span class='ocrx_word' id='word_1_527' title='bbox 2793 5505 3044 5558; x_wconf 78' lang='lat' dir='ltr'><strong>Wiberto</strong></span> 
     </span>
    </p>
   </div>
   <div class='ocr_carea' id='block_1_76' title="bbox 428 5554 1178 5613">
    <p class='ocr_par' dir='ltr' id='par_1_76' title="bbox 428 5554 1178 5613">
     <span class='ocr_line' id='line_1_76' title="bbox 428 5554 1178 5613; baseline 0.009 -8"><span class='ocrx_word' id='word_1_528' title='bbox 428 5554 681 5609; x_wconf 82' lang='lat' dir='ltr'><strong>Witelmi</strong></span> <span class='ocrx_word' id='word_1_529' title='bbox 706 5556 852 5610; x_wconf 84' lang='lat' dir='ltr'><strong>facta</strong></span> <span class='ocrx_word' id='word_1_530' title='bbox 877 5560 1178 5613; x_wconf 82' lang='lat' dir='ltr'><strong>mentione.</strong></span> 
     </span>
    </p>
   </div>
   <div class='ocr_carea' id='block_1_77' title="bbox 2107 1817 3708 1890">
    <p class='ocr_par' dir='ltr' id='par_1_77' title="bbox 2107 1817 3708 1890">
     <span class='ocr_line' id='line_1_77' title="bbox 2107 1817 3708 1890; baseline -0.004 -17"><span class='ocrx_word' id='word_1_531' title='bbox 2107 1823 2248 1880; x_wconf 88' lang='lat' dir='ltr'><strong>auri,</strong></span> <span class='ocrx_word' id='word_1_532' title='bbox 2285 1828 2346 1873; x_wconf 90' lang='lat' dir='ltr'><strong>ut</strong></span> <span class='ocrx_word' id='word_1_533' title='bbox 2378 1821 2706 1890; x_wconf 81' lang='lat' dir='ltr'><strong>possideret,</strong></span> <span class='ocrx_word' id='word_1_534' title='bbox 2741 1819 2852 1870; x_wconf 90' lang='lat' dir='ltr'><strong>imo</strong></span> <span class='ocrx_word' id='word_1_535' title='bbox 2896 1818 3168 1886; x_wconf 88' lang='lat' dir='ltr'><strong>pollueret</strong></span> <span class='ocrx_word' id='word_1_536' title='bbox 3206 1834 3409 1868; x_wconf 90' lang='lat' dir='ltr'><strong>nomen</strong></span> <span class='ocrx_word' id='word_1_537' title='bbox 3443 1817 3708 1886; x_wconf 84' lang='lat' dir='ltr'><strong>episcopi.</strong></span> 
     </span>
    </p>
   </div>
   <div class='ocr_carea' id='block_1_78' title="bbox 2108 1905 3711 1980">
    <p class='ocr_par' dir='ltr' id='par_1_78' title="bbox 2108 1905 3711 1980">
     <span class='ocr_line' id='line_1_78' title="bbox 2108 1905 3711 1980; baseline -0.004 -17"><span class='ocrx_word' id='word_1_538' title='bbox 2108 1912 2386 1980; x_wconf 88' lang='lat' dir='ltr'><strong>Usurpata</strong></span> <span class='ocrx_word' id='word_1_539' title='bbox 2417 1927 2545 1961; x_wconf 87' lang='lat' dir='ltr'><strong>vero</strong></span> <span class='ocrx_word' id='word_1_540' title='bbox 2577 1907 2817 1978; x_wconf 81' lang='lat' dir='ltr'><strong>episcopi</strong></span> <span class='ocrx_word' id='word_1_541' title='bbox 2851 1906 3122 1973; x_wconf 83' lang='lat' dir='ltr'><strong>dignitate</strong></span> <span class='ocrx_word' id='word_1_542' title='bbox 3157 1905 3274 1974; x_wconf 84' lang='lat' dir='ltr'><strong>ipsa</strong></span> <span class='ocrx_word' id='word_1_543' title='bbox 3303 1906 3402 1957; x_wconf 63' lang='lat' dir='ltr'><strong>faex</strong></span> <span class='ocrx_word' id='word_1_544' title='bbox 3434 1912 3624 1964; x_wconf 66' lang='lat' dir='ltr'><strong>terra),</strong></span> <span class='ocrx_word' id='word_1_545' title='bbox 3658 1911 3711 1957; x_wconf 87' lang='lat' dir='ltr'><strong>et</strong></span> 
     </span>
    </p>
   </div>
   <div class='ocr_carea' id='block_1_79' title="bbox 2109 1994 3708 2068">
    <p class='ocr_par' dir='ltr' id='par_1_79' title="bbox 2109 1994 3708 2068">
     <span class='ocr_line' id='line_1_79' title="bbox 2109 1994 3708 2068; baseline -0.003 -17"><span class='ocrx_word' id='word_1_546' title='bbox 2109 2001 2292 2068; x_wconf 78' lang='lat' dir='ltr'><strong>fruges</strong></span> <span class='ocrx_word' id='word_1_547' title='bbox 2336 2014 2664 2050; x_wconf 85' lang='lat' dir='ltr'><strong>consumere</strong></span> <span class='ocrx_word' id='word_1_548' title='bbox 2696 2004 2880 2059; x_wconf 84' lang='lat' dir='ltr'><strong>natus,</strong></span> <span class='ocrx_word' id='word_1_549' title='bbox 2915 1994 3006 2064; x_wconf 88' lang='lat' dir='ltr'><strong>qui</strong></span> <span class='ocrx_word' id='word_1_550' title='bbox 3056 1994 3210 2063; x_wconf 85' lang='lat' dir='ltr'><strong>prius</strong></span> <span class='ocrx_word' id='word_1_551' title='bbox 3248 1995 3433 2046; x_wconf 87' lang='lat' dir='ltr'><strong>fuerat</strong></span> <span class='ocrx_word' id='word_1_552' title='bbox 3465 1995 3708 2054; x_wconf 86' lang='lat' dir='ltr'><strong>Stoicus,</strong></span> 
     </span>
    </p>
   </div>
   <div class='ocr_carea' id='block_1_80' title="bbox 2107 2083 3710 2152">
    <p class='ocr_par' dir='ltr' id='par_1_80' title="bbox 2107 2083 3710 2152">
     <span class='ocr_line' id='line_1_80' title="bbox 2107 2083 3710 2152; baseline -0.004 -12"><span class='ocrx_word' id='word_1_553' title='bbox 2107 2089 2238 2146; x_wconf 82' lang='lat' dir='ltr'><strong>sive,</strong></span> <span class='ocrx_word' id='word_1_554' title='bbox 2275 2096 2337 2140; x_wconf 90' lang='lat' dir='ltr'><strong>ut</strong></span> <span class='ocrx_word' id='word_1_555' title='bbox 2383 2090 2560 2146; x_wconf 89' lang='lat' dir='ltr'><strong>aiunt,</strong></span> <span class='ocrx_word' id='word_1_556' title='bbox 2611 2084 2923 2142; x_wconf 85' lang='lat' dir='ltr'><strong>Paterinus,</strong></span> <span class='ocrx_word' id='word_1_557' title='bbox 2969 2083 3221 2152; x_wconf 81' lang='lat' dir='ltr'><strong>gaudens</strong></span> <span class='ocrx_word' id='word_1_558' title='bbox 3270 2097 3420 2135; x_wconf 81' lang='lat' dir='ltr'><strong>sorte</strong></span> <span class='ocrx_word' id='word_1_559' title='bbox 3470 2088 3710 2148; x_wconf 83' lang='lat' dir='ltr'><strong>mutata,</strong></span> 
     </span>
    </p>
   </div>
   <div class='ocr_carea' id='block_1_81' title="bbox 2109 2172 3714 2246">
    <p class='ocr_par' dir='ltr' id='par_1_81' title="bbox 2109 2172 3714 2246">
     <span class='ocr_line' id='line_1_81' title="bbox 2109 2172 3714 2246; baseline -0.002 -18"><span class='ocrx_word' id='word_1_560' title='bbox 2109 2177 2376 2246; x_wconf 85' lang='lat' dir='ltr'><strong>quidquid</strong></span> <span class='ocrx_word' id='word_1_561' title='bbox 2413 2175 2782 2243; x_wconf 86' lang='lat' dir='ltr'><strong>undecunque</strong></span> <span class='ocrx_word' id='word_1_562' title='bbox 2813 2173 3116 2242; x_wconf 85' lang='lat' dir='ltr'><strong>compilare</strong></span> <span class='ocrx_word' id='word_1_563' title='bbox 3149 2183 3366 2241; x_wconf 87' lang='lat' dir='ltr'><strong>poterat</strong></span> <span class='ocrx_word' id='word_1_564' title='bbox 3399 2173 3578 2225; x_wconf 85' lang='lat' dir='ltr'><strong>ventri</strong></span> <span class='ocrx_word' id='word_1_565' title='bbox 3612 2172 3714 2224; x_wconf 83' lang='lat' dir='ltr'><strong>do-</strong></span> 
     </span>
    </p>
   </div>
   <div class='ocr_carea' id='block_1_82' title="bbox 2109 2261 3713 2332">
    <p class='ocr_par' dir='ltr' id='par_1_82' title="bbox 2109 2261 3713 2332">
     <span class='ocr_line' id='line_1_82' title="bbox 2109 2261 3713 2332; baseline -0.002 -15"><span class='ocrx_word' id='word_1_566' title='bbox 2109 2266 2278 2318; x_wconf 82' lang='lat' dir='ltr'><strong>nabat</strong></span> <span class='ocrx_word' id='word_1_567' title='bbox 2321 2282 2514 2320; x_wconf 86' lang='lat' dir='ltr'><strong>avaro.</strong></span> <span class='ocrx_word' id='word_1_568' title='bbox 2565 2265 2772 2316; x_wconf 73' lang='lat' dir='ltr'><strong>Verum</strong></span> <span class='ocrx_word' id='word_1_569' title='bbox 2823 2263 2900 2314; x_wconf 90' lang='lat' dir='ltr'><strong>nil</strong></span> <span class='ocrx_word' id='word_1_570' title='bbox 2957 2261 3094 2313; x_wconf 85' lang='lat' dir='ltr'><strong>satis</strong></span> <span class='ocrx_word' id='word_1_571' title='bbox 3123 2269 3243 2314; x_wconf 87' lang='lat' dir='ltr'><strong>erat</strong></span> <span class='ocrx_word' id='word_1_572' title='bbox 3285 2275 3295 2308; x_wconf 87' lang='lat'>:</span> <span class='ocrx_word' id='word_1_573' title='bbox 3344 2262 3552 2332; x_wconf 82' lang='lat' dir='ltr'><strong>quippe</strong></span> <span class='ocrx_word' id='word_1_574' title='bbox 3584 2278 3713 2313; x_wconf 89' lang='lat' dir='ltr'><strong>cum</strong></span> 
     </span>
    </p>
   </div>
   <div class='ocr_carea' id='block_1_83' title="bbox 2109 2349 3716 2424">
    <p class='ocr_par' dir='ltr' id='par_1_83' title="bbox 2109 2349 3716 2424">
     <span class='ocr_line' id='line_1_83' title="bbox 2109 2349 3716 2424; baseline -0.002 -18"><span class='ocrx_word' id='word_1_575' title='bbox 2109 2363 2309 2424; x_wconf 84' lang='lat' dir='ltr'><strong>quater</strong></span> <span class='ocrx_word' id='word_1_576' title='bbox 2356 2355 2411 2406; x_wconf 91' lang='lat' dir='ltr'><strong>in</strong></span> <span class='ocrx_word' id='word_1_577' title='bbox 2443 2362 2623 2412; x_wconf 81' lang='lat' dir='ltr'><strong>nocte,</strong></span> <span class='ocrx_word' id='word_1_578' title='bbox 2658 2353 2704 2405; x_wconf 89' lang='lat' dir='ltr'><strong>si</strong></span> <span class='ocrx_word' id='word_1_579' title='bbox 2739 2351 2878 2403; x_wconf 87' lang='lat' dir='ltr'><strong>bene</strong></span> <span class='ocrx_word' id='word_1_580' title='bbox 2928 2349 3180 2407; x_wconf 88' lang='lat' dir='ltr'><strong>memini.</strong></span> <span class='ocrx_word' id='word_1_581' title='bbox 3225 2351 3506 2420; x_wconf 81' lang='lat' dir='ltr'><strong>totiesque</strong></span> <span class='ocrx_word' id='word_1_582' title='bbox 3537 2352 3593 2404; x_wconf 90' lang='lat' dir='ltr'><strong>in</strong></span> <span class='ocrx_word' id='word_1_583' title='bbox 3627 2351 3716 2403; x_wconf 77' lang='lat' dir='ltr'><strong>die</strong></span> 
     </span>
    </p>
   </div>
   <div class='ocr_carea' id='block_1_84' title="bbox 2109 2438 3718 2511">
    <p class='ocr_par' dir='ltr' id='par_1_84' title="bbox 2109 2438 3718 2511">
     <span class='ocr_line' id='line_1_84' title="bbox 2109 2438 3718 2511; baseline -0.002 -17"><span class='ocrx_word' id='word_1_584' title='bbox 2109 2443 2434 2495; x_wconf 83' lang='lat' dir='ltr'><strong>blaterando</strong></span> <span class='ocrx_word' id='word_1_585' title='bbox 2469 2450 2686 2511; x_wconf 84' lang='lat' dir='ltr'><strong>pastum</strong></span> <span class='ocrx_word' id='word_1_586' title='bbox 2721 2447 2932 2510; x_wconf 87' lang='lat' dir='ltr'><strong>peteret</strong></span> <span class='ocrx_word' id='word_1_587' title='bbox 2978 2438 3158 2491; x_wconf 89' lang='lat' dir='ltr'><strong>tribus</strong></span> <span class='ocrx_word' id='word_1_588' title='bbox 3199 2439 3342 2491; x_wconf 87' lang='lat' dir='ltr'><strong>ursis</strong></span> <span class='ocrx_word' id='word_1_589' title='bbox 3375 2440 3523 2509; x_wconf 88' lang='lat' dir='ltr'><strong>quod</strong></span> <span class='ocrx_word' id='word_1_590' title='bbox 3576 2441 3718 2492; x_wconf 72' lang='lat' dir='ltr'><strong>satis</strong></span> 
     </span>
    </p>
   </div>
   <div class='ocr_carea' id='block_1_85' title="bbox 2109 2527 3719 2600">
    <p class='ocr_par' dir='ltr' id='par_1_85' title="bbox 2109 2527 3719 2600">
     <span class='ocr_line' id='line_1_85' title="bbox 2109 2527 3719 2600; baseline -0.002 -16"><span class='ocrx_word' id='word_1_591' title='bbox 2109 2541 2274 2589; x_wconf 82' lang='lat' dir='ltr'><strong>esset.</strong></span> <span class='ocrx_word' id='word_1_592' title='bbox 2297 2534 2346 2585; x_wconf 91' lang='lat' dir='ltr'><strong>ls</strong></span> <span class='ocrx_word' id='word_1_593' title='bbox 2371 2531 2462 2583; x_wconf 91' lang='lat' dir='ltr'><strong>ubi</strong></span> <span class='ocrx_word' id='word_1_594' title='bbox 2494 2531 2637 2582; x_wconf 86' lang='lat' dir='ltr'><strong>bona</strong></span> <span class='ocrx_word' id='word_1_595' title='bbox 2660 2531 3011 2600; x_wconf 80' lang='lat' dir='ltr'><strong>episeopatus</strong></span> <span class='ocrx_word' id='word_1_596' title='bbox 3035 2527 3088 2580; x_wconf 91' lang='lat' dir='ltr'><strong>in</strong></span> <span class='ocrx_word' id='word_1_597' title='bbox 3115 2527 3330 2581; x_wconf 88' lang='lat' dir='ltr'><strong>fumum</strong></span> <span class='ocrx_word' id='word_1_598' title='bbox 3353 2530 3719 2598; x_wconf 81' lang='lat' dir='ltr'><strong>cineremque</strong></span> 
     </span>
    </p>
   </div>
   <div class='ocr_carea' id='block_1_86' title="bbox 2108 2617 3720 2688">
    <p class='ocr_par' dir='ltr' id='par_1_86' title="bbox 2108 2617 3720 2688">
     <span class='ocr_line' id='line_1_86' title="bbox 2108 2617 3720 2688; baseline -0.001 -18"><span class='ocrx_word' id='word_1_599' title='bbox 2108 2628 2368 2680; x_wconf 79' lang='lat' dir='ltr'><strong>verterat,</strong></span> <span class='ocrx_word' id='word_1_600' title='bbox 2405 2636 2709 2688; x_wconf 90' lang='lat' dir='ltr'><strong>pauperum</strong></span> <span class='ocrx_word' id='word_1_601' title='bbox 2744 2625 3063 2670; x_wconf 87' lang='lat' dir='ltr'><strong>nostrorum</strong></span> <span class='ocrx_word' id='word_1_602' title='bbox 3093 2617 3303 2685; x_wconf 89' lang='lat' dir='ltr'><strong>rapinis</strong></span> <span class='ocrx_word' id='word_1_603' title='bbox 3333 2618 3467 2686; x_wconf 83' lang='lat' dir='ltr'><strong>gula</strong></span> <span class='ocrx_word' id='word_1_604' title='bbox 3502 2617 3720 2686; x_wconf 85' lang='lat' dir='ltr'><strong>harpiis</strong></span> 
     </span>
    </p>
   </div>
   <div class='ocr_carea' id='block_1_87' title="bbox 2108 2706 3722 2778">
    <p class='ocr_par' dir='ltr' id='par_1_87' title="bbox 2108 2706 3722 2778">
     <span class='ocr_line' id='line_1_87' title="bbox 2108 2706 3722 2778; baseline -0.002 -17"><span class='ocrx_word' id='word_1_605' title='bbox 2108 2710 2277 2778; x_wconf 86' lang='lat' dir='ltr'><strong>digna</strong></span> <span class='ocrx_word' id='word_1_606' title='bbox 2327 2710 2617 2776; x_wconf 86' lang='lat' dir='ltr'><strong>rapacibus</strong></span> <span class='ocrx_word' id='word_1_607' title='bbox 2665 2706 3024 2760; x_wconf 70' lang='lat' dir='ltr'><strong>exaestuabat.</strong></span> <span class='ocrx_word' id='word_1_608' title='bbox 3059 2706 3207 2758; x_wconf 80' lang='lat' dir='ltr'><strong>Talis</strong></span> <span class='ocrx_word' id='word_1_609' title='bbox 3253 2724 3387 2774; x_wconf 86' lang='lat' dir='ltr'><strong>ergo</strong></span> <span class='ocrx_word' id='word_1_610' title='bbox 3439 2707 3722 2776; x_wconf 81' lang='lat' dir='ltr'><strong>pernicies</strong></span> 
     </span>
    </p>
   </div>
   <div class='ocr_carea' id='block_1_88' title="bbox 2110 2796 3726 2868">
    <p class='ocr_par' dir='ltr' id='par_1_88' title="bbox 2110 2796 3726 2868">
     <span class='ocr_line' id='line_1_88' title="bbox 2110 2796 3726 2868; baseline -0.003 -17"><span class='ocrx_word' id='word_1_611' title='bbox 2110 2809 2161 2851; x_wconf 86' lang='lat' dir='ltr'><strong>et</strong></span> <span class='ocrx_word' id='word_1_612' title='bbox 2202 2805 2505 2868; x_wconf 86' lang='lat' dir='ltr'><strong>tempestas</strong></span> <span class='ocrx_word' id='word_1_613' title='bbox 2545 2797 2943 2866; x_wconf 83' lang='lat' dir='ltr'><strong>baratrumque</strong></span> <span class='ocrx_word' id='word_1_614' title='bbox 2989 2797 3203 2848; x_wconf 87' lang='lat' dir='ltr'><strong>macelli</strong></span> <span class='ocrx_word' id='word_1_615' title='bbox 3252 2796 3415 2848; x_wconf 88' lang='lat' dir='ltr'><strong>annis</strong></span> <span class='ocrx_word' id='word_1_616' title='bbox 3457 2796 3726 2865; x_wconf 85' lang='lat' dir='ltr'><strong>plurimis</strong></span> 
     </span>
    </p>
   </div>
   <div class='ocr_carea' id='block_1_89' title="bbox 2110 2885 3728 2955">
    <p class='ocr_par' dir='ltr' id='par_1_89' title="bbox 2110 2885 3728 2955">
     <span class='ocr_line' id='line_1_89' title="bbox 2110 2885 3728 2955; baseline -0.002 -17"><span class='ocrx_word' id='word_1_617' title='bbox 2110 2894 2362 2938; x_wconf 89' lang='lat' dir='ltr'><strong>sanctum</strong></span> <span class='ocrx_word' id='word_1_618' title='bbox 2398 2887 2492 2939; x_wconf 92' lang='lat' dir='ltr'><strong>Dei</strong></span> <span class='ocrx_word' id='word_1_619' title='bbox 2528 2887 2725 2946; x_wconf 90' lang='lat' dir='ltr'><strong>virum,</strong></span> <span class='ocrx_word' id='word_1_620' title='bbox 2773 2896 3142 2955; x_wconf 84' lang='lat' dir='ltr'><strong>nostrumque</strong></span> <span class='ocrx_word' id='word_1_621' title='bbox 3174 2885 3584 2937; x_wconf 86' lang='lat' dir='ltr'><strong>monasterium</strong></span> <span class='ocrx_word' id='word_1_622' title='bbox 3618 2885 3728 2936; x_wconf 85' lang='lat' dir='ltr'><strong>ad-</strong></span> 
     </span>
    </p>
   </div>
   <div class='ocr_carea' id='block_1_90' title="bbox 2111 2976 3727 3045">
    <p class='ocr_par' dir='ltr' id='par_1_90' title="bbox 2111 2976 3727 3045">
     <span class='ocr_line' id='line_1_90' title="bbox 2111 2976 3727 3045; baseline -0.002 -17"><span class='ocrx_word' id='word_1_623' title='bbox 2111 2977 2337 3028; x_wconf 87' lang='lat' dir='ltr'><strong>modum</strong></span> <span class='ocrx_word' id='word_1_624' title='bbox 2370 2976 2606 3039; x_wconf 77' lang='lat' dir='ltr'><strong>vexavit,</strong></span> <span class='ocrx_word' id='word_1_625' title='bbox 2644 2976 2961 3045; x_wconf 86' lang='lat' dir='ltr'><strong>ventrisque</strong></span> <span class='ocrx_word' id='word_1_626' title='bbox 2991 2991 3244 3026; x_wconf 85' lang='lat' dir='ltr'><strong>omasum</strong></span> <span class='ocrx_word' id='word_1_627' title='bbox 3283 2981 3612 3025; x_wconf 88' lang='lat' dir='ltr'><strong>nostrarum</strong></span> <span class='ocrx_word' id='word_1_628' title='bbox 3643 2990 3727 3025; x_wconf 90' lang='lat' dir='ltr'><strong>rc—</strong></span> 
     </span>
    </p>
   </div>
   <div class='ocr_carea' id='block_1_91' title="bbox 2074 3062 3729 3134">
    <p class='ocr_par' dir='ltr' id='par_1_91' title="bbox 2074 3062 3729 3134">
     <span class='ocr_line' id='line_1_91' title="bbox 2074 3062 3729 3134; baseline -0.001 -17"><span class='ocrx_word' id='word_1_629' title='bbox 2074 3078 2086 3096; x_wconf 69' lang='grc' dir='ltr'><em>λ</em></span> <span class='ocrx_word' id='word_1_630' title='bbox 2113 3083 2234 3117; x_wconf 90' lang='lat' dir='ltr'><strong>rum</strong></span> <span class='ocrx_word' id='word_1_631' title='bbox 2259 3065 2570 3134; x_wconf 84' lang='lat' dir='ltr'><strong>sacrilegio,</strong></span> <span class='ocrx_word' id='word_1_632' title='bbox 2597 3070 2652 3116; x_wconf 88' lang='lat' dir='ltr'><strong>et</strong></span> <span class='ocrx_word' id='word_1_633' title='bbox 2675 3071 2834 3134; x_wconf 90' lang='lat' dir='ltr'><strong>raptu</strong></span> <span class='ocrx_word' id='word_1_634' title='bbox 2859 3064 3158 3124; x_wconf 86' lang='lat' dir='ltr'><strong>farciendo,</strong></span> <span class='ocrx_word' id='word_1_635' title='bbox 3187 3063 3417 3115; x_wconf 87' lang='lat' dir='ltr'><strong>tandem</strong></span> <span class='ocrx_word' id='word_1_636' title='bbox 3442 3062 3512 3114; x_wconf 88' lang='lat' dir='ltr'><strong>ad</strong></span> <span class='ocrx_word' id='word_1_637' title='bbox 3543 3063 3729 3115; x_wconf 85' lang='lat' dir='ltr'><strong>instar</strong></span> 
     </span>
    </p>
   </div>
   <div class='ocr_carea' id='block_1_92' title="bbox 2111 3152 3727 3224">
    <p class='ocr_par' dir='ltr' id='par_1_92' title="bbox 2111 3152 3727 3224">
     <span class='ocr_line' id='line_1_92' title="bbox 2111 3152 3727 3224; baseline -0.001 -18"><span class='ocrx_word' id='word_1_638' title='bbox 2111 3155 2252 3207; x_wconf 88' lang='lat' dir='ltr'><strong>utris</strong></span> <span class='ocrx_word' id='word_1_639' title='bbox 2283 3155 2532 3207; x_wconf 89' lang='lat' dir='ltr'><strong>tumidus</strong></span> <span class='ocrx_word' id='word_1_640' title='bbox 2565 3155 2782 3206; x_wconf 89' lang='lat' dir='ltr'><strong>medius</strong></span> <span class='ocrx_word' id='word_1_641' title='bbox 2807 3154 3041 3224; x_wconf 86' lang='lat' dir='ltr'><strong>crepuit,</strong></span> <span class='ocrx_word' id='word_1_642' title='bbox 3069 3162 3238 3222; x_wconf 87' lang='lat' dir='ltr'><strong>atque</strong></span> <span class='ocrx_word' id='word_1_643' title='bbox 3266 3152 3340 3205; x_wconf 89' lang='lat' dir='ltr'><strong>ita</strong></span> <span class='ocrx_word' id='word_1_644' title='bbox 3373 3152 3428 3204; x_wconf 91' lang='lat' dir='ltr'><strong>in</strong></span> <span class='ocrx_word' id='word_1_645' title='bbox 3462 3169 3566 3204; x_wconf 86' lang='lat' dir='ltr'><strong>sua</strong></span> <span class='ocrx_word' id='word_1_646' title='bbox 3591 3153 3727 3205; x_wconf 67' lang='lat' dir='ltr'><strong>faece</strong></span> 
     </span>
    </p>
   </div>
   <div class='ocr_carea' id='block_1_93' title="bbox 2111 3242 3604 3313">
    <p class='ocr_par' dir='ltr' id='par_1_93' title="bbox 2111 3242 3604 3313">
     <span class='ocr_line' id='line_1_93' title="bbox 2111 3242 3604 3313; baseline 0 -17"><span class='ocrx_word' id='word_1_647' title='bbox 2111 3251 2167 3296; x_wconf 88' lang='lat' dir='ltr'><strong>et</strong></span> <span class='ocrx_word' id='word_1_648' title='bbox 2196 3244 2451 3296; x_wconf 89' lang='lat' dir='ltr'><strong>sordibus</strong></span> <span class='ocrx_word' id='word_1_649' title='bbox 2482 3261 2752 3313; x_wconf 86' lang='lat' dir='ltr'><strong>supernas</strong></span> <span class='ocrx_word' id='word_1_650' title='bbox 2783 3244 3141 3312; x_wconf 80' lang='lat' dir='ltr'><strong>intem-asque</strong></span> <span class='ocrx_word' id='word_1_651' title='bbox 3171 3258 3337 3294; x_wconf 86' lang='lat' dir='ltr'><strong>auras</strong></span> <span class='ocrx_word' id='word_1_652' title='bbox 3369 3242 3604 3310; x_wconf 87' lang='lat' dir='ltr'><strong>polluit.</strong></span> 
     </span>
    </p>
   </div>
   <div class='ocr_carea' id='block_1_94' title="bbox 2186 3331 3728 3399">
    <p class='ocr_par' dir='ltr' id='par_1_94' title="bbox 2186 3331 3728 3399">
     <span class='ocr_line' id='line_1_94' title="bbox 2186 3331 3728 3399; baseline -0.001 -15"><span class='ocrx_word' id='word_1_653' title='bbox 2186 3331 2271 3386; x_wconf 51' lang='lat'><strong>3&#39;1!</strong></span> <span class='ocrx_word' id='word_1_654' title='bbox 2297 3334 2543 3399; x_wconf 73' lang='lat' dir='ltr'><strong>Episcopi</strong></span> <span class='ocrx_word' id='word_1_655' title='bbox 2569 3337 2691 3384; x_wconf 68' lang='lat' dir='ltr'><strong>item</strong></span> <span class='ocrx_word' id='word_1_656' title='bbox 2730 3335 3088 3385; x_wconf 68' lang='lat' dir='ltr'><strong>l&#39;rrcellrnsz&#39;s.</strong></span> <span class='ocrx_word' id='word_1_657' title='bbox 3115 3331 3399 3383; x_wconf 81' lang='lat' dir='ltr'><strong>Veneram</strong></span> <span class='ocrx_word' id='word_1_658' title='bbox 3427 3331 3500 3382; x_wconf 86' lang='lat' dir='ltr'><strong>ad</strong></span> <span class='ocrx_word' id='word_1_659' title='bbox 3532 3347 3728 3383; x_wconf 86' lang='lat' dir='ltr'><strong>mona-</strong></span> 
     </span>
    </p>
   </div>
   <div class='ocr_carea' id='block_1_95' title="bbox 2115 3419 3727 3490">
    <p class='ocr_par' dir='ltr' id='par_1_95' title="bbox 2115 3419 3727 3490">
     <span class='ocr_line' id='line_1_95' title="bbox 2115 3419 3727 3490; baseline -0.001 -18"><span class='ocrx_word' id='word_1_660' title='bbox 2115 3421 2345 3473; x_wconf 89' lang='lat' dir='ltr'><strong>sterium</strong></span> <span class='ocrx_word' id='word_1_661' title='bbox 2377 3427 2431 3472; x_wconf 92' lang='lat' dir='ltr'><strong>et</strong></span> <span class='ocrx_word' id='word_1_662' title='bbox 2461 3421 2832 3474; x_wconf 67' lang='lat' dir='ltr'><strong>Vel-cellensis</strong></span> <span class='ocrx_word' id='word_1_663' title='bbox 2862 3421 3172 3490; x_wconf 87' lang='lat' dir='ltr'><strong>episcopus,</strong></span> <span class='ocrx_word' id='word_1_664' title='bbox 3209 3436 3364 3489; x_wconf 64' lang='lat' dir='ltr'><strong>aeque</strong></span> <span class='ocrx_word' id='word_1_665' title='bbox 3395 3419 3517 3489; x_wconf 83' lang='lat' dir='ltr'><strong>ipse</strong></span> <span class='ocrx_word' id='word_1_666' title='bbox 3551 3420 3727 3489; x_wconf 80' lang='lat' dir='ltr'><strong>pestis</strong></span> 
     </span>
    </p>
   </div>
   <div class='ocr_carea' id='block_1_96' title="bbox 2115 3508 3729 3579">
    <p class='ocr_par' dir='ltr' id='par_1_96' title="bbox 2115 3508 3729 3579">
     <span class='ocr_line' id='line_1_96' title="bbox 2115 3508 3729 3579; baseline -0.001 -17"><span class='ocrx_word' id='word_1_667' title='bbox 2115 3527 2180 3563; x_wconf 88' lang='lat' dir='ltr'><strong>ac</strong></span> <span class='ocrx_word' id='word_1_668' title='bbox 2210 3509 2558 3563; x_wconf 88' lang='lat' dir='ltr'><strong>Simoniaeus</strong></span> <span class='ocrx_word' id='word_1_669' title='bbox 2612 3527 2620 3560; x_wconf 95' lang='lat'>:</span> <span class='ocrx_word' id='word_1_670' title='bbox 2665 3511 2896 3579; x_wconf 83' lang='lat' dir='ltr'><strong>jamque</strong></span> <span class='ocrx_word' id='word_1_671' title='bbox 2928 3508 3218 3578; x_wconf 73' lang='lat' dir='ltr'><strong>presbyter</strong></span> <span class='ocrx_word' id='word_1_672' title='bbox 3247 3509 3398 3561; x_wconf 88' lang='lat' dir='ltr'><strong>illius</strong></span> <span class='ocrx_word' id='word_1_673' title='bbox 3428 3525 3604 3578; x_wconf 84' lang='lat' dir='ltr'><strong>super</strong></span> <span class='ocrx_word' id='word_1_674' title='bbox 3636 3525 3729 3560; x_wconf 84' lang='lat' dir='ltr'><strong>ve-</strong></span> 
     </span>
    </p>
   </div>
   <div class='ocr_carea' id='block_1_97' title="bbox 2116 3599 3730 3652">
    <p class='ocr_par' dir='ltr' id='par_1_97' title="bbox 2116 3599 3730 3652">
     <span class='ocr_line' id='line_1_97' title="bbox 2116 3599 3730 3652; baseline -0.001 0"><span class='ocrx_word' id='word_1_675' title='bbox 2116 3599 2426 3652; x_wconf 87' lang='lat' dir='ltr'><strong>nerandum</strong></span> <span class='ocrx_word' id='word_1_676' title='bbox 2473 3599 2651 3651; x_wconf 87' lang='lat' dir='ltr'><strong>sancti</strong></span> <span class='ocrx_word' id='word_1_677' title='bbox 2701 3599 2988 3651; x_wconf 75' lang='lat' dir='ltr'><strong>Michaelis</strong></span> <span class='ocrx_word' id='word_1_678' title='bbox 3033 3599 3210 3650; x_wconf 86' lang='lat' dir='ltr'><strong>altare</strong></span> <span class='ocrx_word' id='word_1_679' title='bbox 3262 3599 3463 3650; x_wconf 79' lang='lat' dir='ltr'><strong>missas</strong></span> <span class='ocrx_word' id='word_1_680' title='bbox 3496 3605 3730 3650; x_wconf 85' lang='lat' dir='ltr'><strong>acturus</strong></span> 
     </span>
    </p>
   </div>
   <div class='ocr_carea' id='block_1_98' title="bbox 2116 3687 3731 3757">
    <p class='ocr_par' dir='ltr' id='par_1_98' title="bbox 2116 3687 3731 3757">
     <span class='ocr_line' id='line_1_98' title="bbox 2116 3687 3731 3757; baseline 0.001 -19"><span class='ocrx_word' id='word_1_681' title='bbox 2116 3689 2342 3740; x_wconf 88' lang='lat' dir='ltr'><strong>calicem</strong></span> <span class='ocrx_word' id='word_1_682' title='bbox 2374 3695 2654 3757; x_wconf 88' lang='lat' dir='ltr'><strong>posuerat,</strong></span> <span class='ocrx_word' id='word_1_683' title='bbox 2676 3704 2801 3739; x_wconf 91' lang='lat' dir='ltr'><strong>cum</strong></span> <span class='ocrx_word' id='word_1_684' title='bbox 2824 3689 2986 3756; x_wconf 86' lang='lat' dir='ltr'><strong>jussu</strong></span> <span class='ocrx_word' id='word_1_685' title='bbox 3009 3687 3184 3756; x_wconf 85' lang='lat' dir='ltr'><strong>patris</strong></span> <span class='ocrx_word' id='word_1_686' title='bbox 3211 3687 3498 3740; x_wconf 88' lang='lat' dir='ltr'><strong>Benedicti</strong></span> <span class='ocrx_word' id='word_1_687' title='bbox 3522 3693 3731 3739; x_wconf 82' lang='lat' dir='ltr'><strong>tratres</strong></span> 
     </span>
    </p>
   </div>
   <div class='ocr_carea' id='block_1_99' title="bbox 2120 3776 3734 3847">
    <p class='ocr_par' dir='ltr' id='par_1_99' title="bbox 2120 3776 3734 3847">
     <span class='ocr_line' id='line_1_99' title="bbox 2120 3776 3734 3847; baseline 0.001 -18"><span class='ocrx_word' id='word_1_688' title='bbox 2120 3777 2577 3847; x_wconf 82' lang='lat' dir='ltr'><strong>supervenientes</strong></span> <span class='ocrx_word' id='word_1_689' title='bbox 2609 3777 2833 3829; x_wconf 85' lang='lat' dir='ltr'><strong>calicem</strong></span> <span class='ocrx_word' id='word_1_690' title='bbox 2867 3777 2937 3828; x_wconf 87' lang='lat' dir='ltr'><strong>ad</strong></span> <span class='ocrx_word' id='word_1_691' title='bbox 2963 3783 3169 3828; x_wconf 88' lang='lat' dir='ltr'><strong>terram</strong></span> <span class='ocrx_word' id='word_1_692' title='bbox 3199 3776 3482 3844; x_wconf 85' lang='lat' dir='ltr'><strong>rejiciunt,</strong></span> <span class='ocrx_word' id='word_1_693' title='bbox 3509 3777 3734 3845; x_wconf 84' lang='lat' dir='ltr'><strong>episco-</strong></span> 
     </span>
    </p>
   </div>
   <div class='ocr_carea' id='block_1_100' title="bbox 2115 3865 3728 3936">
    <p class='ocr_par' dir='ltr' id='par_1_100' title="bbox 2115 3865 3728 3936">
     <span class='ocr_line' id='line_1_100' title="bbox 2115 3865 3728 3936; baseline 0.001 -19"><span class='ocrx_word' id='word_1_694' title='bbox 2115 3883 2246 3936; x_wconf 90' lang='lat' dir='ltr'><strong>pum</strong></span> <span class='ocrx_word' id='word_1_695' title='bbox 2282 3883 2392 3918; x_wconf 90' lang='lat' dir='ltr'><strong>una</strong></span> <span class='ocrx_word' id='word_1_696' title='bbox 2422 3883 2547 3918; x_wconf 88' lang='lat' dir='ltr'><strong>eum</strong></span> <span class='ocrx_word' id='word_1_697' title='bbox 2584 3865 2908 3936; x_wconf 67' lang='lat' dir='ltr'><strong>presbytero</strong></span> <span class='ocrx_word' id='word_1_698' title='bbox 2939 3883 3040 3918; x_wconf 90' lang='lat' dir='ltr'><strong>suo</strong></span> <span class='ocrx_word' id='word_1_699' title='bbox 3072 3865 3141 3917; x_wconf 89' lang='lat' dir='ltr'><strong>ab</strong></span> <span class='ocrx_word' id='word_1_700' title='bbox 3189 3865 3352 3918; x_wconf 86' lang='lat' dir='ltr'><strong>altari</strong></span> <span class='ocrx_word' id='word_1_701' title='bbox 3399 3866 3728 3929; x_wconf 85' lang='lat' dir='ltr'><strong>retrahunt,</strong></span> 
     </span>
    </p>
   </div>
   <div class='ocr_carea' id='block_1_101' title="bbox 2116 3953 3728 4024">
    <p class='ocr_par' dir='ltr' id='par_1_101' title="bbox 2116 3953 3728 4024">
     <span class='ocr_line' id='line_1_101' title="bbox 2116 3953 3728 4024; baseline 0 -16"><span class='ocrx_word' id='word_1_702' title='bbox 2116 3955 2268 4008; x_wconf 88' lang='lat' dir='ltr'><strong>etab</strong></span> <span class='ocrx_word' id='word_1_703' title='bbox 2300 3955 2531 4007; x_wconf 86' lang='lat' dir='ltr'><strong>ecclesia</strong></span> <span class='ocrx_word' id='word_1_704' title='bbox 2562 3972 2670 4007; x_wconf 91' lang='lat' dir='ltr'><strong>non</strong></span> <span class='ocrx_word' id='word_1_705' title='bbox 2705 3953 2914 4024; x_wconf 88' lang='lat' dir='ltr'><strong>absque</strong></span> <span class='ocrx_word' id='word_1_706' title='bbox 2947 3955 3148 4023; x_wconf 88' lang='lat' dir='ltr'><strong>injuria</strong></span> <span class='ocrx_word' id='word_1_707' title='bbox 3177 3954 3494 4007; x_wconf 87' lang='lat' dir='ltr'><strong>eliminant.</strong></span> <span class='ocrx_word' id='word_1_708' title='bbox 3543 3957 3728 4018; x_wconf 87' lang='lat' dir='ltr'><strong>Quam</strong></span> 
     </span>
    </p>
   </div>
   <div class='ocr_carea' id='block_1_102' title="bbox 2115 4043 3728 4114">
    <p class='ocr_par' dir='ltr' id='par_1_102' title="bbox 2115 4043 3728 4114">
     <span class='ocr_line' id='line_1_102' title="bbox 2115 4043 3728 4114; baseline 0.001 -18"><span class='ocrx_word' id='word_1_709' title='bbox 2115 4044 2324 4097; x_wconf 88' lang='lat' dir='ltr'><strong>rabidis</strong></span> <span class='ocrx_word' id='word_1_710' title='bbox 2351 4051 2482 4097; x_wconf 92' lang='lat' dir='ltr'><strong>tunc</strong></span> <span class='ocrx_word' id='word_1_711' title='bbox 2509 4043 2600 4097; x_wconf 88' lang='lat' dir='ltr'><strong>ille</strong></span> <span class='ocrx_word' id='word_1_712' title='bbox 2632 4051 2830 4113; x_wconf 87' lang='lat' dir='ltr'><strong>potens</strong></span> <span class='ocrx_word' id='word_1_713' title='bbox 2855 4044 3021 4096; x_wconf 89' lang='lat' dir='ltr'><strong>minis</strong></span> <span class='ocrx_word' id='word_1_714' title='bbox 3044 4044 3211 4096; x_wconf 87' lang='lat' dir='ltr'><strong>simul</strong></span> <span class='ocrx_word' id='word_1_715' title='bbox 3238 4061 3362 4096; x_wconf 91' lang='lat' dir='ltr'><strong>cum</strong></span> <span class='ocrx_word' id='word_1_716' title='bbox 3397 4046 3728 4114; x_wconf 82' lang='lat' dir='ltr'><strong>marchisia,</strong></span> 
     </span>
    </p>
   </div>
   <div class='ocr_carea' id='block_1_103' title="bbox 2115 4133 3726 4202">
    <p class='ocr_par' dir='ltr' id='par_1_103' title="bbox 2115 4133 3726 4202">
     <span class='ocr_line' id='line_1_103' title="bbox 2115 4133 3726 4202; baseline 0.001 -16"><span class='ocrx_word' id='word_1_717' title='bbox 2115 4135 2182 4186; x_wconf 90' lang='lat' dir='ltr'><strong>ad</strong></span> <span class='ocrx_word' id='word_1_718' title='bbox 2206 4135 2362 4202; x_wconf 91' lang='lat' dir='ltr'><strong>cujus</strong></span> <span class='ocrx_word' id='word_1_719' title='bbox 2389 4136 2601 4186; x_wconf 89' lang='lat' dir='ltr'><strong>curiam</strong></span> <span class='ocrx_word' id='word_1_720' title='bbox 2625 4145 2872 4194; x_wconf 80' lang='lat' dir='ltr'><strong>venerat,</strong></span> <span class='ocrx_word' id='word_1_721' title='bbox 2900 4133 3174 4198; x_wconf 85' lang='lat' dir='ltr'><strong>intonuit;</strong></span> <span class='ocrx_word' id='word_1_722' title='bbox 3205 4151 3326 4202; x_wconf 65' lang='lat' dir='ltr'><strong>qua)</strong></span> <span class='ocrx_word' id='word_1_723' title='bbox 3350 4151 3540 4187; x_wconf 87' lang='lat' dir='ltr'><strong>rerum</strong></span> <span class='ocrx_word' id='word_1_724' title='bbox 3566 4135 3726 4187; x_wconf 85' lang='lat' dir='ltr'><strong>dam-</strong></span> 
     </span>
    </p>
   </div>
   <div class='ocr_carea' id='block_1_104' title="bbox 2114 4222 3726 4294">
    <p class='ocr_par' dir='ltr' id='par_1_104' title="bbox 2114 4222 3726 4294">
     <span class='ocr_line' id='line_1_104' title="bbox 2114 4222 3726 4294; baseline 0.001 -19"><span class='ocrx_word' id='word_1_725' title='bbox 2114 4240 2204 4286; x_wconf 88' lang='lat' dir='ltr'><strong>na,</strong></span> <span class='ocrx_word' id='word_1_726' title='bbox 2243 4224 2328 4275; x_wconf 89' lang='lat' dir='ltr'><strong>vel</strong></span> <span class='ocrx_word' id='word_1_727' title='bbox 2361 4223 2596 4291; x_wconf 87' lang='lat' dir='ltr'><strong>injurias</strong></span> <span class='ocrx_word' id='word_1_728' title='bbox 2626 4222 2694 4274; x_wconf 90' lang='lat' dir='ltr'><strong>ab</strong></span> <span class='ocrx_word' id='word_1_729' title='bbox 2723 4223 2831 4275; x_wconf 81' lang='lat' dir='ltr'><strong>illis</strong></span> <span class='ocrx_word' id='word_1_730' title='bbox 2863 4222 2930 4274; x_wconf 92' lang='lat' dir='ltr'><strong>ob</strong></span> <span class='ocrx_word' id='word_1_731' title='bbox 2957 4223 3098 4274; x_wconf 90' lang='lat' dir='ltr'><strong>hanc</strong></span> <span class='ocrx_word' id='word_1_732' title='bbox 3129 4239 3352 4275; x_wconf 84' lang='lat' dir='ltr'><strong>causam</strong></span> <span class='ocrx_word' id='word_1_733' title='bbox 3387 4240 3498 4276; x_wconf 89' lang='lat' dir='ltr'><strong>non</strong></span> <span class='ocrx_word' id='word_1_734' title='bbox 3533 4231 3726 4294; x_wconf 84' lang='lat' dir='ltr'><strong>pertu-</strong></span> 
     </span>
    </p>
   </div>
   <div class='ocr_carea' id='block_1_105' title="bbox 2114 4311 3723 4382">
    <p class='ocr_par' dir='ltr' id='par_1_105' title="bbox 2114 4311 3723 4382">
     <span class='ocr_line' id='line_1_105' title="bbox 2114 4311 3723 4382; baseline 0.001 -18"><span class='ocrx_word' id='word_1_735' title='bbox 2114 4311 2324 4365; x_wconf 80' lang='lat' dir='ltr'><strong>limus?</strong></span> <span class='ocrx_word' id='word_1_736' title='bbox 2357 4313 2482 4364; x_wconf 66' lang='lat' dir='ltr'><strong>Haec</strong></span> <span class='ocrx_word' id='word_1_737' title='bbox 2522 4313 2646 4364; x_wconf 91' lang='lat' dir='ltr'><strong>ideo</strong></span> <span class='ocrx_word' id='word_1_738' title='bbox 2677 4312 2807 4374; x_wconf 88' lang='lat' dir='ltr'><strong>dixi,</strong></span> <span class='ocrx_word' id='word_1_739' title='bbox 2841 4319 2904 4364; x_wconf 92' lang='lat' dir='ltr'><strong>ut</strong></span> <span class='ocrx_word' id='word_1_740' title='bbox 2936 4312 3307 4374; x_wconf 86' lang='lat' dir='ltr'><strong>ostenderem,</strong></span> <span class='ocrx_word' id='word_1_741' title='bbox 3341 4322 3558 4382; x_wconf 86' lang='lat' dir='ltr'><strong>quanta</strong></span> <span class='ocrx_word' id='word_1_742' title='bbox 3582 4331 3723 4366; x_wconf 86' lang='lat' dir='ltr'><strong>con-</strong></span> 
     </span>
    </p>
   </div>
   <div class='ocr_carea' id='block_1_106' title="bbox 2047 4400 3720 4471">
    <p class='ocr_par' dir='ltr' id='par_1_106' title="bbox 2047 4400 3720 4471">
     <span class='ocr_line' id='line_1_106' title="bbox 2047 4400 3720 4471; baseline 0.001 -19"><span class='ocrx_word' id='word_1_743' title='bbox 2047 4402 2093 4458; x_wconf 93' lang='lat' dir='ltr'><strong>D</strong></span> <span class='ocrx_word' id='word_1_744' title='bbox 2113 4401 2320 4452; x_wconf 87' lang='lat' dir='ltr'><strong>stantia</strong></span> <span class='ocrx_word' id='word_1_745' title='bbox 2351 4401 2436 4452; x_wconf 89' lang='lat' dir='ltr'><strong>vir</strong></span> <span class='ocrx_word' id='word_1_746' title='bbox 2455 4401 2674 4452; x_wconf 90' lang='lat' dir='ltr'><strong>Domini</strong></span> <span class='ocrx_word' id='word_1_747' title='bbox 2697 4407 2866 4468; x_wconf 87' lang='lat' dir='ltr'><strong>atque</strong></span> <span class='ocrx_word' id='word_1_748' title='bbox 2897 4402 3015 4468; x_wconf 86' lang='lat' dir='ltr'><strong>ejus</strong></span> <span class='ocrx_word' id='word_1_749' title='bbox 3045 4400 3256 4453; x_wconf 87' lang='lat' dir='ltr'><strong>alumni</strong></span> <span class='ocrx_word' id='word_1_750' title='bbox 3280 4418 3505 4471; x_wconf 87' lang='lat' dir='ltr'><strong>semper</strong></span> <span class='ocrx_word' id='word_1_751' title='bbox 3536 4403 3720 4454; x_wconf 84' lang='lat' dir='ltr'><strong>Simo-</strong></span> 
     </span>
    </p>
   </div>
   <div class='ocr_carea' id='block_1_107' title="bbox 2111 4489 3721 4558">
    <p class='ocr_par' dir='ltr' id='par_1_107' title="bbox 2111 4489 3721 4558">
     <span class='ocr_line' id='line_1_107' title="bbox 2111 4489 3721 4558; baseline 0.001 -16"><span class='ocrx_word' id='word_1_752' title='bbox 2111 4489 2397 4542; x_wconf 86' lang='lat' dir='ltr'><strong>niacorum</strong></span> <span class='ocrx_word' id='word_1_753' title='bbox 2445 4489 2692 4558; x_wconf 83' lang='lat' dir='ltr'><strong>fugerint</strong></span> <span class='ocrx_word' id='word_1_754' title='bbox 2740 4489 3038 4553; x_wconf 87' lang='lat' dir='ltr'><strong>consortia,</strong></span> <span class='ocrx_word' id='word_1_755' title='bbox 3087 4495 3142 4542; x_wconf 89' lang='lat' dir='ltr'><strong>et</strong></span> <span class='ocrx_word' id='word_1_756' title='bbox 3169 4489 3467 4542; x_wconf 85' lang='lat' dir='ltr'><strong>vitaverint</strong></span> <span class='ocrx_word' id='word_1_757' title='bbox 3495 4492 3721 4544; x_wconf 86' lang='lat' dir='ltr'><strong>cautius</strong></span> 
     </span>
    </p>
   </div>
   <div class='ocr_carea' id='block_1_108' title="bbox 2113 4578 3718 4646">
    <p class='ocr_par' dir='ltr' id='par_1_108' title="bbox 2113 4578 3718 4646">
     <span class='ocr_line' id='line_1_108' title="bbox 2113 4578 3718 4646; baseline 0.001 -15"><span class='ocrx_word' id='word_1_758' title='bbox 2113 4578 2384 4645; x_wconf 84' lang='lat' dir='ltr'><strong>sanguine</strong></span> <span class='ocrx_word' id='word_1_759' title='bbox 2416 4578 2684 4646; x_wconf 84' lang='lat' dir='ltr'><strong>viperino,</strong></span> <span class='ocrx_word' id='word_1_760' title='bbox 2709 4579 2934 4630; x_wconf 84' lang='lat' dir='ltr'><strong>tametsi</strong></span> <span class='ocrx_word' id='word_1_761' title='bbox 2963 4579 3138 4630; x_wconf 82' lang='lat' dir='ltr'><strong>multa.</strong></span> <span class='ocrx_word' id='word_1_762' title='bbox 3166 4579 3376 4632; x_wconf 90' lang='lat' dir='ltr'><strong>ferrent</strong></span> <span class='ocrx_word' id='word_1_763' title='bbox 3400 4580 3718 4633; x_wconf 84' lang='lat' dir='ltr'><strong>incommo-</strong></span> 
     </span>
    </p>
   </div>
   <div class='ocr_carea' id='block_1_109' title="bbox 2113 4667 3055 4720">
    <p class='ocr_par' dir='ltr' id='par_1_109' title="bbox 2113 4667 3055 4720">
     <span class='ocr_line' id='line_1_109' title="bbox 2113 4667 3055 4720; baseline 0 -1"><span class='ocrx_word' id='word_1_764' title='bbox 2113 4668 2182 4720; x_wconf 87' lang='lat' dir='ltr'><strong>da</strong></span> <span class='ocrx_word' id='word_1_765' title='bbox 2213 4668 2314 4720; x_wconf 91' lang='lat' dir='ltr'><strong>hoc</strong></span> <span class='ocrx_word' id='word_1_766' title='bbox 2343 4684 2531 4720; x_wconf 88' lang='lat' dir='ltr'><strong>amore</strong></span> <span class='ocrx_word' id='word_1_767' title='bbox 2562 4667 2810 4720; x_wconf 88' lang='lat' dir='ltr'><strong>veritatis</strong></span> <span class='ocrx_word' id='word_1_768' title='bbox 2839 4673 2896 4720; x_wconf 86' lang='lat' dir='ltr'><strong>et</strong></span> <span class='ocrx_word' id='word_1_769' title='bbox 2922 4667 3055 4719; x_wconf 89' lang='lat' dir='ltr'><strong>zelo.</strong></span> 
     </span>
    </p>
   </div>
   <div class='ocr_carea' id='block_1_110' title="bbox 2180 4755 3716 4828">
    <p class='ocr_par' dir='ltr' id='par_1_110' title="bbox 2180 4755 3716 4828">
     <span class='ocr_line' id='line_1_110' title="bbox 2180 4755 3716 4828; baseline 0.001 -20"><span class='ocrx_word' id='word_1_770' title='bbox 2180 4755 2266 4809; x_wconf 71' lang='grc'><strong>35.</strong></span> <span class='ocrx_word' id='word_1_771' title='bbox 2326 4757 2619 4808; x_wconf 67' lang='lat' dir='ltr'><strong>Monachus</strong></span> <span class='ocrx_word' id='word_1_772' title='bbox 2659 4760 2799 4808; x_wconf 74' lang='lat' dir='ltr'><strong>mire</strong></span> <span class='ocrx_word' id='word_1_773' title='bbox 2849 4760 3188 4809; x_wconf 67' lang='lat' dir='ltr'><strong>convalescit.</strong></span> <span class='ocrx_word' id='word_1_774' title='bbox 3223 4757 3418 4810; x_wconf 83' lang='lat' dir='ltr'><strong>Frater</strong></span> <span class='ocrx_word' id='word_1_775' title='bbox 3457 4759 3716 4828; x_wconf 75' lang='lat' dir='ltr'><strong>quidam,</strong></span> 
     </span>
    </p>
   </div>
   <div class='ocr_carea' id='block_1_111' title="bbox 2111 4847 3719 4916">
    <p class='ocr_par' dir='ltr' id='par_1_111' title="bbox 2111 4847 3719 4916">
     <span class='ocr_line' id='line_1_111' title="bbox 2111 4847 3719 4916; baseline 0.002 -19"><span class='ocrx_word' id='word_1_776' title='bbox 2111 4863 2274 4915; x_wconf 86' lang='lat' dir='ltr'><strong>quem</strong></span> <span class='ocrx_word' id='word_1_777' title='bbox 2309 4847 2474 4899; x_wconf 89' lang='lat' dir='ltr'><strong>hodie</strong></span> <span class='ocrx_word' id='word_1_778' title='bbox 2513 4863 2638 4898; x_wconf 90' lang='lat' dir='ltr'><strong>reor</strong></span> <span class='ocrx_word' id='word_1_779' title='bbox 2684 4847 3062 4916; x_wconf 87' lang='lat' dir='ltr'><strong>superstitem,</strong></span> <span class='ocrx_word' id='word_1_780' title='bbox 3101 4847 3341 4916; x_wconf 87' lang='lat' dir='ltr'><strong>plurima</strong></span> <span class='ocrx_word' id='word_1_781' title='bbox 3380 4847 3719 4901; x_wconf 74' lang='lat' dir='ltr'><strong>infirmitate</strong></span> 
     </span>
    </p>
   </div>
   <div class='ocr_carea' id='block_1_112' title="bbox 2109 4934 3719 5004">
    <p class='ocr_par' dir='ltr' id='par_1_112' title="bbox 2109 4934 3719 5004">
     <span class='ocr_line' id='line_1_112' title="bbox 2109 4934 3719 5004; baseline 0.001 -18"><span class='ocrx_word' id='word_1_782' title='bbox 2109 4935 2388 4994; x_wconf 89' lang='lat' dir='ltr'><strong>laborans,</strong></span> <span class='ocrx_word' id='word_1_783' title='bbox 2422 4934 2476 4986; x_wconf 92' lang='lat' dir='ltr'><strong>in</strong></span> <span class='ocrx_word' id='word_1_784' title='bbox 2510 4939 2771 4987; x_wconf 81' lang='lat' dir='ltr'><strong>extremis</strong></span> <span class='ocrx_word' id='word_1_785' title='bbox 2804 4934 3016 5004; x_wconf 85' lang='lat' dir='ltr'><strong>positus</strong></span> <span class='ocrx_word' id='word_1_786' title='bbox 3048 4935 3251 5004; x_wconf 67' lang='lat' dir='ltr'><strong>lingua:</strong></span> <span class='ocrx_word' id='word_1_787' title='bbox 3291 4935 3533 4988; x_wconf 80' lang='lat' dir='ltr'><strong>officium</strong></span> <span class='ocrx_word' id='word_1_788' title='bbox 3567 4937 3719 4989; x_wconf 87' lang='lat' dir='ltr'><strong>ami-</strong></span> 
     </span>
    </p>
   </div>
   <div class='ocr_carea' id='block_1_113' title="bbox 2109 5023 3719 5080">
    <p class='ocr_par' dir='ltr' id='par_1_113' title="bbox 2109 5023 3719 5080">
     <span class='ocr_line' id='line_1_113' title="bbox 2109 5023 3719 5080; baseline 0.002 -5"><span class='ocrx_word' id='word_1_789' title='bbox 2109 5031 2298 5075; x_wconf 88' lang='lat' dir='ltr'><strong>serat:</strong></span> <span class='ocrx_word' id='word_1_790' title='bbox 2333 5024 2429 5076; x_wconf 87' lang='lat' dir='ltr'><strong>sed</strong></span> <span class='ocrx_word' id='word_1_791' title='bbox 2471 5024 2585 5075; x_wconf 89' lang='lat' dir='ltr'><strong>viro</strong></span> <span class='ocrx_word' id='word_1_792' title='bbox 2635 5023 2734 5076; x_wconf 91' lang='lat' dir='ltr'><strong>Dei</strong></span> <span class='ocrx_word' id='word_1_793' title='bbox 2770 5024 3065 5076; x_wconf 71' lang='lat' dir='ltr'><strong>Benedicto</strong></span> <span class='ocrx_word' id='word_1_794' title='bbox 3111 5024 3223 5076; x_wconf 90' lang='lat' dir='ltr'><strong>cito</strong></span> <span class='ocrx_word' id='word_1_795' title='bbox 3269 5025 3619 5080; x_wconf 83' lang='lat' dir='ltr'><strong>adveniente.</strong></span> <span class='ocrx_word' id='word_1_796' title='bbox 3659 5035 3719 5079; x_wconf 86' lang='lat' dir='ltr'><strong>ct</strong></span> 
     </span>
    </p>
   </div>
   <div class='ocr_carea' id='block_1_114' title="bbox 2109 5111 3712 5182">
    <p class='ocr_par' dir='ltr' id='par_1_114' title="bbox 2109 5111 3712 5182">
     <span class='ocr_line' id='line_1_114' title="bbox 2109 5111 3712 5182; baseline 0.002 -18"><span class='ocrx_word' id='word_1_797' title='bbox 2109 5111 2266 5164; x_wconf 90' lang='lat' dir='ltr'><strong>illum</strong></span> <span class='ocrx_word' id='word_1_798' title='bbox 2303 5129 2402 5164; x_wconf 87' lang='lat' dir='ltr'><strong>suo</strong></span> <span class='ocrx_word' id='word_1_799' title='bbox 2433 5111 2657 5164; x_wconf 88' lang='lat' dir='ltr'><strong>nomine</strong></span> <span class='ocrx_word' id='word_1_800' title='bbox 2702 5120 2934 5182; x_wconf 90' lang='lat' dir='ltr'><strong>paterno</strong></span> <span class='ocrx_word' id='word_1_801' title='bbox 2988 5114 3187 5165; x_wconf 80' lang='lat' dir='ltr'><strong>affectu</strong></span> <span class='ocrx_word' id='word_1_802' title='bbox 3242 5114 3534 5170; x_wconf 83' lang='lat' dir='ltr'><strong>vocitante.</strong></span> <span class='ocrx_word' id='word_1_803' title='bbox 3579 5132 3712 5168; x_wconf 88' lang='lat' dir='ltr'><strong>cum</strong></span> 
     </span>
    </p>
   </div>
   <div class='ocr_carea' id='block_1_115' title="bbox 2109 5200 3715 5273">
    <p class='ocr_par' dir='ltr' id='par_1_115' title="bbox 2109 5200 3715 5273">
     <span class='ocr_line' id='line_1_115' title="bbox 2109 5200 3715 5273; baseline 0.003 -22"><span class='ocrx_word' id='word_1_804' title='bbox 2109 5200 2340 5252; x_wconf 89' lang='lat' dir='ltr'><strong>minime</strong></span> <span class='ocrx_word' id='word_1_805' title='bbox 2391 5201 2808 5270; x_wconf 74' lang='lat' dir='ltr'><strong>respondisset:</strong></span> <span class='ocrx_word' id='word_1_806' title='bbox 2849 5223 2868 5250; x_wconf 75' lang='grc' dir='ltr'>ι</span> <span class='ocrx_word' id='word_1_807' title='bbox 2911 5202 3194 5270; x_wconf 74' lang='lat' dir='ltr'><strong>Przecipio.</strong></span> <span class='ocrx_word' id='word_1_808' title='bbox 3227 5202 3426 5272; x_wconf 89' lang='lat' dir='ltr'><strong>inquit.</strong></span> <span class='ocrx_word' id='word_1_809' title='bbox 3463 5203 3562 5255; x_wconf 79' lang='lat' dir='ltr'><strong>tibi</strong></span> <span class='ocrx_word' id='word_1_810' title='bbox 3607 5221 3715 5273; x_wconf 86' lang='lat' dir='ltr'><strong>per</strong></span> 
     </span>
    </p>
   </div>
   <div class='ocr_carea' id='block_1_116' title="bbox 2109 5289 3705 5359">
    <p class='ocr_par' dir='ltr' id='par_1_116' title="bbox 2109 5289 3705 5359">
     <span class='ocr_line' id='line_1_116' title="bbox 2109 5289 3705 5359; baseline 0.005 -19"><span class='ocrx_word' id='word_1_811' title='bbox 2109 5289 2503 5350; x_wconf 81' lang='lat' dir='ltr'><strong>obedientiam,</strong></span> <span class='ocrx_word' id='word_1_812' title='bbox 2536 5291 2608 5341; x_wconf 89' lang='lat' dir='ltr'><strong>fili</strong></span> <span class='ocrx_word' id='word_1_813' title='bbox 2646 5290 2804 5342; x_wconf 81' lang='lat' dir='ltr'><strong>l’etre</strong></span> <span class='ocrx_word' id='word_1_814' title='bbox 2836 5291 2964 5359; x_wconf 90' lang='lat' dir='ltr'><strong>(hoc</strong></span> <span class='ocrx_word' id='word_1_815' title='bbox 2985 5291 3130 5342; x_wconf 89' lang='lat' dir='ltr'><strong>enim</strong></span> <span class='ocrx_word' id='word_1_816' title='bbox 3155 5299 3276 5343; x_wconf 87' lang='lat' dir='ltr'><strong>erat</strong></span> <span class='ocrx_word' id='word_1_817' title='bbox 3305 5294 3426 5359; x_wconf 88' lang='lat' dir='ltr'><strong>ejus</strong></span> <span class='ocrx_word' id='word_1_818' title='bbox 3451 5302 3705 5356; x_wconf 52' lang='lat' dir='ltr'><strong>nomen),</strong></span> 
     </span>
    </p>
   </div>
   <div class='ocr_carea' id='block_1_117' title="bbox 2109 5378 3708 5451">
    <p class='ocr_par' dir='ltr' id='par_1_117' title="bbox 2109 5378 3708 5451">
     <span class='ocr_line' id='line_1_117' title="bbox 2109 5378 3708 5451; baseline 0.001 -22"><span class='ocrx_word' id='word_1_819' title='bbox 2109 5383 2170 5430; x_wconf 92' lang='lat' dir='ltr'><strong>ut</strong></span> <span class='ocrx_word' id='word_1_820' title='bbox 2193 5378 2327 5431; x_wconf 88' lang='lat' dir='ltr'><strong>mihi</strong></span> <span class='ocrx_word' id='word_1_821' title='bbox 2361 5378 2608 5447; x_wconf 87' lang='lat' dir='ltr'><strong>loquaris</strong></span> <span class='ocrx_word' id='word_1_822' title='bbox 2658 5396 2682 5428; x_wconf 72' lang='grc' dir='ltr'><strong>ι)</strong></span> <span class='ocrx_word' id='word_1_823' title='bbox 2707 5379 2791 5432; x_wconf 83' lang='lat' dir='ltr'><strong>Ad</strong></span> <span class='ocrx_word' id='word_1_824' title='bbox 2823 5379 2963 5432; x_wconf 84' lang='lat' dir='ltr'><strong>hanc</strong></span> <span class='ocrx_word' id='word_1_825' title='bbox 2991 5396 3178 5432; x_wconf 83' lang='lat' dir='ltr'><strong>vocem</strong></span> <span class='ocrx_word' id='word_1_826' title='bbox 3202 5381 3388 5432; x_wconf 75' lang='lat' dir='ltr'><strong>oculos</strong></span> <span class='ocrx_word' id='word_1_827' title='bbox 3420 5397 3544 5433; x_wconf 74' lang='lat' dir='ltr'><strong>mox</strong></span> <span class='ocrx_word' id='word_1_828' title='bbox 3577 5399 3708 5451; x_wconf 78' lang='lat' dir='ltr'><strong>ape.-</strong></span> 
     </span>
    </p>
   </div>
   <div class='ocr_carea' id='block_1_118' title="bbox 3093 5505 3707 5575">
    <p class='ocr_par' dir='ltr' id='par_1_118' title="bbox 3093 5505 3707 5575">
     <span class='ocr_line' id='line_1_118' title="bbox 3093 5505 3707 5575; baseline -0.002 -16"><span class='ocrx_word' id='word_1_829' title='bbox 3093 5505 3484 5575; x_wconf 80' lang='lat' dir='ltr'><strong>Mayuardum,</strong></span> <span class='ocrx_word' id='word_1_830' title='bbox 3551 5508 3707 5561; x_wconf 77' lang='lat' dir='ltr'><strong>nulla</strong></span> 
     </span>
    </p>
   </div>
  </div>
