4016 6178
271 306 401 365 MM
1376 301 1548 358 VITA
1584 296 1894 357 BENEDIC

2005 297 2166 352 ABB.
2209 296 2414 357 CLUS.
3399 299 3541 359 1482

263 430 418 486 riens
464 428 797 484 delictorum
844 422 1247 480 confessionem
1286 424 1423 495 egit.
1474 422 1857 495 susceptisque
1878 421 1929 482 Α
1949 434 2124 490 puero
2154 435 2257 474 suo
2284 419 2354 475 de
2379 425 2571 476 monte
2596 420 2980 485 descenderet.
3019 421 3186 493 cmpit
3220 419 3371 477 idem
3400 437 3545 495 puer

265 520 468 575 divinis
496 515 885 581 sacramentis,
920 521 1119 569 orante
1146 519 1308 568 tanto
1339 514 1526 577 Patre.
1558 513 1715 569 ocius
1735 528 1864 567 con-
1945 508 2102 580 gravi
2132 508 2321 563 dolore
2348 508 2500 564 illius
2539 527 2759 571 manus.
2794 528 2918 582 quae
2965 510 3100 565 furti
3146 511 3365 566 conscia
3395 516 3539 578 erat,

266 606 461 662 valuit.
1204 644 1211 654 .
1947 605 2196 657 vexatus.
2226 603 2381 652 totus
2408 603 2671 662 tremere.
2727 607 3058 671 panemque
3089 599 3178 653 his
3205 599 3429 655 vocibus
3455 600 3545 655 in-

337 693 426 752 36.
464 695 592 748 Item
624 694 791 746 alius.
817 689 1085 746 Novimus
1115 690 1288 745 alium
1316 689 1424 745 mei
1472 690 1717 745 nominis
1750 690 1868 744 fra-
1946 687 2249 758 terpellare
2299 705 2313 742 :
2345 707 2370 738 ι
2410 689 2675 744 Accurre.
2737 695 2915 759 pater.
2972 705 3201 744 accurre
3255 689 3402 745 citus
3473 705 3546 745 en

266 788 437 842 trem.
463 780 556 852 qui
578 780 712 835 dum
740 779 909 834 nimis
940 780 1199 834 incautus
1220 796 1392 851 super
1416 779 1683 834 solarium
1709 780 1865 834 mirae
1951 776 2178 835 morior.
2213 775 2317 829 nisi
2347 776 2609 831 subvenis
2641 777 2975 848 quantocius
3040 797 3066 830 »
3094 779 3349 850 Cumque
3377 778 3544 833 homo

269 868 587 926 altitudinis
613 868 950 923 temerarius
968 868 1272 925 incederet.
1293 870 1482 940 lapsus
1502 875 1605 923 est.
1626 874 1679 922 et
1709 873 1869 923 tanto
1951 864 2046 918 ille
2061 880 2287 918 manum
2310 864 2432 925 ﬁlii.
2461 874 2762 937 utrumque
2777 868 2893 937 jam
2915 866 3205 921 brachium
3230 867 3548 921 valdeintu—

269 975 405 1015 casu
431 956 695 1012 omnibus
725 973 865 1028 pene
893 956 1104 1011 attritis
1127 955 1366 1013 ossibus.
1391 958 1446 1011 in
1467 958 1693 1012 domum
1717 957 1870 1011 inﬁr—
1954 969 2197 1007 mescere
2225 961 2501 1018 cerni-ret.
2533 954 2707 1009 nimia
2725 956 2933 1010 doloris
2963 957 3244 1011 anxietate
3263 956 3544 1025 turbatus,

273 1063 493 1102 morum
523 1046 766 1106 delatus.
801 1045 993 1100 multis
1021 1046 1276 1116 quamvis
1297 1045 1624 1100 balneorum
1652 1045 1866 1104 usibus.

272 1154 374 1192 seu
406 1134 828 1205 epithimiorum
859 1134 1012 1189 t‘otus
1043 1135 1483 1193 medicamentis.
1518 1133 1743 1203 jacebat
1771 1135 1872 1187 de-

273 1231 553 1295 speratus.
592 1222 733 1277 Huic
765 1222 977 1293 jacenti
1017 1222 1176 1293 quasi
1218 1223 1460 1277 exanimi
1502 1230 1559 1277 et
1601 1223 1872 1278 dissoluto

274 1329 445 1367 senex
476 1311 683 1366 canitie
725 1318 783 1366 et
817 1311 960 1366 albis
993 1311 1238 1367 vestibus
1275 1312 1513 1367 decorus
1556 1312 1613 1366 in
1661 1311 1874 1366 somnis

1952 1042 2054 1096 hos
2085 1042 2153 1097 ad
2188 1043 2387 1097 coelum
2421 1043 2682 1115 displosis
2713 1045 2968 1100 manibus
3004 1045 3221 1100 ferebat
3255 1046 3501 1114 ejulatus
3530 1064 3543 1099 :

1956 1151 1977 1181 α
2024 1132 2111 1187 Me
2142 1132 2409 1186 miserum
2477 1132 2610 1204 quid
2655 1133 2868 1204 agam?
2908 1135 3111 1189 Sancte
3153 1136 3371 1203 angele.
3413 1133 3549 1208 quid

1954 1220 2139 1275 facere
2157 1221 2400 1284 voluisti.
2431 1230 2490 1276 ut
2513 1221 2739 1276 unicum
2765 1239 2972 1280 meum.
2992 1240 3157 1294 quem
3178 1223 3280 1278 tibi
3304 1239 3551 1295 praesen-

1955 1315 2226 1369 taveram.
2266 1309 2346 1364 sic
2374 1309 2601 1365 tolleres
2631 1310 2762 1365 mihi
2783 1311 2809 1364 7
2839 1330 2863 1363 ››
2888 1311 3132 1381 Recepto
3169 1320 3360 1366 tamen
3382 1328 3552 1367 sensu

275 1400 431 1456 visus
456 1408 562 1457 est.
595 1399 786 1456 dicens
807 1399 889 1454 illi
912 1420 958 1453 ει
983 1400 1234 1471 Surgens
1250 1417 1484 1472 sequere
1516 1417 1622 1455 me.
1650 1419 1675 1453 ι
1708 1399 1875 1455 Cum-
1956 1405 2014 1451 et
2040 1398 2250 1453 sedatis
2278 1398 2559 1471 lacrymis.
2590 1399 2910 1456 sciscitatur
2932 1417 3166 1472 puerum
3200 1400 3553 1456 sermonibus

275 1504 388 1561 quo
417 1489 594 1544 trater
621 1497 850 1560 prepter
884 1487 1162 1544 defectum
1193 1505 1380 1552 suum.
1419 1490 1580 1558 cujus
1616 1493 1740 1544 erat
1769 1488 1874 1544 sibi
1958 1485 2177 1540 blandis
2210 1504 2222 1540 :
2261 1506 2283 1537 ι
2328 1488 2509 1541 Charv
2539 1487 2727 1547 filiole.
2764 1488 2895 1559 quid
2928 1488 3140 1544 fecisti?
3162 1488 3309 1544 Num
3336 1489 3391 1544 in
3422 1504 3555 1544 san-

272 1578 551 1638 conscius.
598 1578 905 1634 lmsitando
932 1595 1145 1632 moram
1176 1580 1402 1640 taceret.
1434 1595 1656 1633 rursum
1688 1579 1878 1633 senior
1959 1574 2191 1630 ctuariis
2219 1574 2431 1647 aliquid
2454 1576 2692 1647 tetigisti
2724 1577 2873 1632 unde
2901 1577 3080 1632 sancti
3105 1578 3429 1649 archangeli
3449 1577 3556 1633 cel-

274 1667 635 1739 ingeminans
664 1684 677 1719 :
711 1691 731 1713 -
778 1667 975 1735 Surge.
1007 1666 1211 1723 aiebat.
1245 1683 1449 1737 surge;
1491 1674 1549 1722 et
1589 1668 1737 1723 hunc
1767 1683 1878 1738 quo
1900 1737 1915 1739 _
1961 1663 2262 1719 situdinem
2297 1663 2440 1719 forte
2465 1665 2822 1721 offenderes?
2854 1685 2889 1738 _u
2920 1666 3061 1721 Tum
3095 1666 3188 1721 ille
3218 1685 3231 1720 :
3268 1687 3295 1719 ι
3333 1667 3421 1723 Ita
3448 1672 3553 1734 est,

279 1737 532 1811 membra
560 1754 769 1810 debilia
797 1762 1081 1810 sustentes
1100 1755 1291 1827 accipe
1333 1756 1611 1810 baculum.
1661 1778 1681 1804 ι
1717 1737 2161 1824 maneBinqutt.
2193 1753 2263 1807 de
2303 1761 2497 1809 sancto
2547 1756 2672 1825 ejus
2716 1737 2877 1810 cereo
2932 1755 3239 1827 particulas
3281 1756 3557 1828 quasdam

277 1845 457 1917 igitur
503 1845 669 1907 facto.
702 1862 827 1900 cum
874 1845 1022 1900 idem
1070 1862 1222 1916 aeger
1269 1845 1410 1917 patri
1449 1845 1745 1900 Benedicto
1773 1845 1879 1899 sibi
1964 1843 2099 1897 mihi
2130 1842 2406 1915 subripui.
2456 1864 2478 1892 ι
2521 1844 2604 1898 Ad
2640 1844 2756 1899 hac
2787 1844 2931 1899 hanc
2968 1861 3194 1901 causam
3239 1844 3559 1916 intelligens

277 1934 551 1989 assidenti
583 1933 809 1988 visionis
839 1934 1009 2003 hujus
1037 1934 1290 1988 ordinem
1322 1933 1612 2005 panderet.
1646 1934 1882 2005 contigit
1964 1931 2165 1986 morbi.
2197 1932 2264 1986 ad
2305 1938 2496 1987 sancta
2528 1950 2835 2004 regressus.
2888 1934 3128 2005 petendo
3177 1933 3394 1988 veniam
3441 1933 3561 1989 nati

277 2030 347 2078 ut
390 2022 569 2079 bonus
608 2021 951 2077 'l‘eutonicus
987 2021 1246 2077 baculum
1282 2022 1647 2077 fabrefactum
1690 2022 1881 2078 abbati
1963 2020 2231 2075 restibus.
2288 2021 2614 2093 lacrymosis
2656 2021 2974 2094 complebat
3002 2022 3404 2078 monasterium
3444 2023 3562 2078 cla-

279 2111 526 2167 otTerret.
567 2111 744 2176 Quem
770 2111 919 2165 idem
953 2111 1122 2165 Pater
1146 2111 1369 2166 inﬁrmo
1395 2110 1689 2182 bajulans:
1717 2134 1743 2159 η
1784 2111 1883 2166 llic
1964 2109 2230 2163 moribus.
2273 2108 2489 2174 Quibus
2531 2111 2747 2165 excitus
2776 2111 3081 2166 adveniens
3120 2128 3248 2167 cum
3294 2111 3564 2167 fratribus

282 2208 393 2260 est.
427 2201 631 2272 inquit.
665 2200 894 2255 baculus
922 2200 1044 2260 tibi.
1077 2200 1153 2255 tili
1194 2200 1542 2264 charis-sime.
1574 2200 1632 2254 in
1671 2199 1884 2255 somnis
1963 2202 2050 2252 vir
2074 2197 2318 2258 Domini.
2350 2198 2712 2253 vehementer
2728 2199 3015 2255 condoluit
3057 2200 3262 2255 misero
3299 2199 3517 2254 homini
3548 2218 3562 2254 :

280 2288 548 2354 traditus.
571 2288 780 2359 accipe.
807 2288 948 2343 nihil
974 2288 1291 2352 addubites.
1341 2305 1528 2359 surge.
1579 2309 1604 2340 ν
1639 2288 1742 2353 Qui
1774 2296 1887 2342 sta-
1969 2294 2029 2342 et
2055 2287 2200 2342 facta
2231 2287 2506 2352 oratione.
2523 2305 2687 2359 aqua.
2714 2305 2882 2360 quam
2907 2306 3032 2343 mox
3058 2289 3362 2352 benedixit.
3386 2305 3566 2343 mem-

279 2378 410 2433 tim.
434 2378 687 2432 mirabile
716 2378 870 2433 dictu
898 2378 910 2431 l
939 2377 1014 2432 ita
1047 2387 1268 2432 erectus
1293 2384 1398 2432 est.
1429 2385 1491 2432 ut
1524 2377 1693 2448 pedes
1722 2383 1889 2431 cmte-
1971 2375 2069 2430 bra
2104 2376 2258 2447 pueri
2291 2376 2541 2431 dolentia
2568 2394 2632 2431 ac
2653 2377 2868 2432 tumida
2894 2379 3183 2449 aspergit:
3219 2384 3275 2432 et
3316 2377 3392 2432 ita
3421 2376 3567 2448 patri

282 2467 447 2540 rique
475 2473 635 2522 artus
661 2483 764 2523 sua
784 2466 1048 2537 deinceps
1075 2466 1258 2521 ofﬁcia
1286 2473 1515 2521 strenue
1543 2466 1812 2521 timerent.
1969 2481 2167 2519 sanum
2196 2473 2250 2519 et
2281 2464 2423 2520 bene
2453 2483 2513 2521 se
2547 2465 2751 2520 habere
2791 2466 3128 2521 clamantem
3177 2466 3353 2521 filium
3402 2465 3567 2522 resti-

355 2554 446 2613 37.
472 2556 748 2623 Tempore
775 2556 1019 2626 quodam
1049 2556 1331 2610 communi
1376 2556 1620 2610 utilitate
1646 2555 1883 2610 fratrum
1966 2553 2092 2608 tuit.
2129 2553 2351 2617 Quanto
2381 2555 2473 2608 ille
2504 2554 2681 2609 bonus
2700 2556 2781 2608 vir
2797 2556 3008 2625 gaudio
3032 2555 3570 2626 descendenstripu-

286 2630 611 2700 admonitus
641 2645 698 2700 in
732 2645 1176 2717 Langobardiam
1208 2645 1424 2699 exierat
1454 2645 1584 2699 :sed
1618 2644 1884 2716 quoniam
1968 2642 2142 2697 diavit
2170 2659 2235 2696 ex
2273 2642 2436 2697 laude
2459 2643 2779 2714 archangeli
2818 2652 2991 2715 atque
3010 2644 3133 2712 ejus
3163 2643 3357 2699 famuli
3392 2644 3569 2700 Bene-

286 2732 478 2803 gregis
508 2733 614 2787 sibi
653 2733 939 2787 connuissi
987 2732 1188 2787 absens
1233 2732 1401 2787 etiam
1450 2732 1885 2787 sollicitudinem
1970 2731 2123 2794 dicti,
2154 2739 2211 2786 et
2230 2740 2421 2796 cantu.
2466 2748 2577 2803 quo
2597 2737 2778 2786 totum
2810 2749 3011 2787 nemus
3042 2732 3359 2797 resonabat.
3398 2731 3571 2788 intel-

286 2820 542 2893 gerebat.
566 2837 694 2876 cum
732 2839 886 2876 more
910 2822 1076 2877 solito
1100 2829 1225 2893 post
1240 2822 1395 2891 Con).
1423 2822 1680 2875 letorium
1707 2821 1858 2891 lacry

291 2926 481 2964 musas
522 2926 713 2981 preces
755 2910 914 2981 quasi
968 2910 1237 2981 protiliis
1284 2910 1609 2964 holocaUsta
1654 2908 1892 2963 Dotuino

1974 2820 2068 2876 ligi
2102 2821 2301 2876 notuit.

2056 2839 2068 2874 ι
2139 2838 2301 2876 omit.

2013 2838 2136 2966 839’.)
2165 2914 2308 2966 Puer
2336 2928 2404 2965 ar
2423 2913 2581 2974 lapsu
2604 2913 2827 2966 illatus.
2859 2912 3056 2983 Neque
3077 2912 3211 2968 illud
3236 2911 3571 2969 miraculum

290 2998 607 3054 obtulisset.
650 2998 864 3071 positus
912 2998 967 3052 in
1007 2998 1196 3059 cubili.
1239 3001 1407 3070 ('(Ppit
1439 3005 1674 3052 tratrum
1709 3014 1893 3052 mores
1916 3056 1955 3072 η
1975 2998 2344 3055 reticendum.
2372 2999 2519 3070 quod
2551 2999 2712 3054 multi
2742 3000 2836 3071 qui
2870 2999 3074 3059 videre.
3114 3017 3317 3072 magno
3343 3011 3574 3072 stupore

291 3104 359 3142 ac
385 3088 554 3142 vitam
586 3088 777 3142 animo
803 3103 994 3142 secum
1030 3087 1324 3141 revolvere.
1368 3087 1492 3142 Tali
1542 3087 1714 3159 igitur
1736 3103 1891 3148 cura.
1914 3087 2199 3141 “attoniti
2243 3089 2429 3142 solent
2471 3104 2756 3144 enarrare.
2799 3090 3039 3154 Quidam
3077 3090 3572 3148 Cismontanorum

290 3183 361 3232 ut
401 3178 627 3236 assolet.
676 3176 1004 3231 exaestuanti
1047 3192 1278 3230 somnus
1327 3175 1597 3247 obrepsit.
1649 3175 1895 3246 viditque

291 3267 558 3336 angelum
585 3266 745 3336 quasi
767 3266 1111 3320 succinctum
1134 3273 1194 3319 et
1219 3264 1287 3318 ad
1320 3264 1429 3319 iter
1454 3265 1733 3334 agendum
1761 3280 1894 3334 pra-

290 3364 588 3427 paratum;
623 3372 789 3426 quem
822 3354 1219 3424 interrogans:
1255 3376 1277 3406 σ
1322 3354 1444 3418 Quo
1491 3362 1573 3409 tu.
1625 3354 1829 3425 inquit.
1860 3371 1894 3407 υ

291 3444 476 3505 beute.
521 3446 602 3500 sic
640 3444 883 3499 intendis
915 3443 1191 3515 pergere?
1232 3463 1259 3495 υ
1282 3443 1383 3499 Cui
1422 3444 1703 3511 angelus:
1742 3462 1765 3493 ι
1809 3441 1893 3497 Ad

289 3535 699 3590 monasterium
728 3534 890 3589 vado.
914 3534 1079 3603 jussu
1097 3532 1315 3588 Domini
1334 3542 1891 3605 correpturusquetn-

287 3623 422 3678 dam
452 3625 677 3679 fratrem
710 3622 1252 3695 itnpmnitentem.et
1273 3623 1657 3677 immemorem
1680 3622 1892 3697 factum

288 3713 384 3768 sui
412 3713 620 3767 delicti.
668 3733 690 3763 ο
726 3713 1017 3783 Simulque
1050 3711 1312 3779 designat
1340 3712 1418 3766 illi
1447 3719 1505 3766 et
1542 3727 1745 3766 nomen
1779 3713 1893 3765 fra-

288 3802 401 3857 tris
451 3812 508 3856 et
536 3801 645 3856 acti
684 3801 948 3856 facinoris
998 3803 1114 3857 Nec
1145 3801 1320 3855 multo
1363 3809 1486 3872 post
1527 3808 1782 3872 tempore
1814 3800 1896 3854 vir

293 3890 397 3947 Dei
427 3891 497 3945 ad
523 3897 769 3946 montem
797 3907 1107 3961 regres-us,
1138 3889 1348 3945 invenit
1372 3890 1702 3944 monachum
1737 3889 1893 3943 illum

290 3978 550 4051 angelica
575 3979 784 4034 visione
814 3987 1091 4035 notatum.
1109 3980 1252 4034 lecto
1278 3978 1433 4050 gravi
1450 3978 1782 4049 wgritudine
1796 3978 1896 4032 de-

290 4068 620 4124 cubantem.
643 4068 737 4140 qui
773 4085 897 4123 mox
926 4068 1167 4123 adventu
1199 4069 1341 4138 ejus,
1372 4083 1538 4138 quem
1569 4067 1767 4122 anxius
1796 4085 1896 4139 0p-

292 4157 642 4230 periebatur.
665 4158 972 4222 exsultans.
990 4164 1051 4212 ut
1070 4174 1131 4212 se
1159 4157 1413 4211 vis-itaret
1440 4156 1652 4213 oravit:
1686 4164 1744 4211 et
1761 4173 1896 4212 con-

292 4249 482 4302 fessus
504 4263 581 4318 pe-
602 4255 789 4301 catum
822 4246 982 4307 illud.
1016 4263 1116 4319 pro
1151 4264 1262 4319 quo
1289 4246 1477 4300 divino
1500 4246 1719 4316 ﬂagello
1752 4246 1897 4300 mul-

1978 3175 2272 3240 nobilium.
2338 3177 2470 3231 dum
2537 3176 2708 3231 cellas
2776 3178 2921 3232 ultra
2988 3189 3207 3233 montes
3268 3180 3572 3252 aliquando

1977 3267 2262 3325 reviseret.
2297 3267 2474 3322 tilium
2517 3284 2679 3323 suum
2716 3271 3031 3341 parvulum.
3064 3271 3158 3343 qui
3190 3270 3372 3342 Guigo
3411 3288 3574 3328 voca-

1978 3355 2163 3420 batur.
2195 3363 2351 3411 tanto
2382 3357 2524 3427 patri
2555 3357 2623 3411 ad
2657 3359 3027 3415 monastirum
3058 3360 3312 3416 ordinem
3334 3361 3575 3418 educan-

1976 3446 2110 3500 dum
2154 3445 2485 3501 tradiderat.
2537 3445 2715 3511 Quem
2770 3448 2902 3503 dum
2955 3447 3012 3502 in
3062 3465 3207 3519 equo
3249 3450 3574 3506 ell'renando

1976 3534 2145 3589 nimis
2174 3551 2240 3589 ac
2269 3534 2435 3589 feroci
2477 3552 2507 3589 a
2550 3536 2725 3590 fratre
2762 3537 2866 3591 sibi
2904 3537 3036 3592 dato
3081 3554 3269 3593 secum
3319 3538 3573 3607 duceret,

1976 3638 2122 3677 unus
2175 3640 2240 3677 ex
2290 3623 2563 3695 promptis
2619 3625 2845 3680 famulis
2887 3626 3222 3682 Mnrestinus
3262 3636 3450 3683 motus
3490 3634 3579 3685 est

1976 3711 2142 3766 homo
2167 3751 2181 3774 .
2211 3712 2405 3768 videns
2435 3713 2731 3784 puerulum
2760 3714 2888 3786 equi
2918 3715 3268 3787 impatientis
3298 3717 3579 3773 instabili-

1975 3807 2092 3856 tate
2114 3802 2391 3872 jac-tutum
2436 3803 2712 3865 laborare.
2746 3804 3014 3874 imposuit
3038 3806 3192 3860 illum
3222 3806 3278 3862 in
3311 3809 3481 3869 mula.
3514 3813 3580 3864 ut

1979 3890 2377 3945 mansuetioris
2434 3891 2696 3945 animalis
2751 3892 2916 3947 dorso
2972 3894 3197 3949 suavius
3242 3895 3578 3964 jartaretur.

1978 3978 2220 4032 Ventum
2250 3986 2371 4033 erat
2399 3978 2471 4032 ad
2500 3979 2681 4033 locum
2709 3980 3002 4048 cujusdam
3020 3998 3235 4052 magna;
3262 3984 3419 4039 vallis
3448 4002 3576 4057 quae

1983 4066 2277 4121 Gomnisia
2300 4067 2525 4127 dicitur.
2556 4068 2651 4122 ubi
2687 4068 2821 4121 Beza
2854 4068 3131 4124 violentus
3163 4071 3367 4132 amnis.
3398 4074 3577 4129 exesis

1979 4156 2246 4227 utrinque
2273 4155 2394 4209 suis
2442 4155 2595 4227 ripis.
2645 4155 2787 4210 viam
2836 4157 2943 4210 iter
2980 4158 3275 4228 agentibus
3316 4161 3479 4231 juxta
3517 4179 3579 4218 se

1980 4244 2186 4300 habere
2216 4262 2324 4300 non
2358 4245 2588 4317 patitur.
2616 4246 2734 4300 Hac
2768 4246 2939 4316 igitur
2965 4256 3200 4318 cogente
3223 4250 3575 4318 necessitate,

290 4334 549 4398 tabatur.
581 4334 803 4390 indicta
831 4334 1176 4406 paenitentiae
1190 4342 1245 4389 et
1265 4335 1583 4389 orationum
1605 4336 1729 4404 ejus
1752 4332 2412 4431 salu-nascendentibus
2474 4333 2584 4387 illis
2640 4350 2739 4405 per
2791 4345 3001 4389 arctam
3058 4337 3317 4392 semitam
3370 4341 3579 4396 montis

290 4423 412 4479 tari
442 4423 718 4485 antidoto.
743 4440 854 4479 non
885 4425 1069 4479 solum
1095 4423 1317 4491 animae,
1332 4424 1432 4480 sed
1453 4424 1623 4479 etiam
1650 4423 1898 4496 corporis
1918 4422 1958 4431 ⁷
1979 4440 2139 4477 secus
2164 4422 2352 4495 positi,
2387 4422 2534 4477 unde
2579 4423 2992 4478 transeuntium
3039 4442 3138 4495 per
3181 4428 3358 4482 ardua
3389 4431 3581 4486 oculos

287 4512 413 4568 cito
443 4512 682 4567 salutem
714 4512 1045 4584 promeruit.

370 4598 462 4658 38.
499 4602 774 4656 Paschalis
805 4618 1008 4657 cereus.
1052 4601 1454 4673 Langobardus
1484 4600 1713 4673 quidam
1735 4616 1903 4656 causa

284 4689 575 4746 orationis
612 4689 683 4744 ad
716 4690 986 4745 Sanctum
1020 4690 1107 4746 Μία
1128 4692 1344 4747 haelem
1377 4700 1604 4746 venerat
1630 4707 1754 4745 cum
1783 4707 1908 4761 pro-

282 4778 427 4851 prio
456 4778 592 4833 tilio.
617 4778 722 4843 Qui
742 4779 876 4834 dum
908 4779 1182 4835 attentius
1200 4796 1374 4851 agens
1398 4797 1588 4836 curam
1611 4778 1902 4841 orationis.

279 4874 504 4924 cuncta
540 4866 787 4922 Oratorii
815 4867 1081 4923 circuiret
1107 4869 1328 4932 altaria.
1375 4868 1578 4924 accidit
1608 4868 1783 4923 tilium
1833 4868 1902 4923 li-

278 4956 523 5017 centius
560 4956 748 5028 vagari
792 4956 969 5029 patris
1015 4958 1263 5013 solutum
1307 4958 1580 5014 custodia.
1620 4957 1728 5023 Qui
1776 4957 1907 5013 licet

278 5044 505 5123 puerili
558 5060 749 5100 rerum
798 5044 974 5102 victus
1020 5046 1489 5119 concupiscentia.
1533 5045 1603 5100 de
1657 5045 1905 5117 paschali

275 5150 468 5193 careo
496 5139 631 5189 aute
658 5141 917 5191 sanctum
947 5135 1147 5203 altare.
1182 5144 1244 5191 ut
1288 5136 1458 5191 moris
1495 5141 1599 5200 est.
1631 5142 1761 5197 Stto.
1791 5134 1908 5190 fur-

271 5226 408 5283 tim
442 5224 825 5295 portiunculae
865 5225 1215 5295 compilavit.
1255 5225 1413 5291 Quod
1462 5223 1689 5280 tametsi
1731 5223 1907 5279 videri

272 5318 532 5391 poterat
568 5329 674 5368 non
694 5315 912 5385 grande
932 5315 1236 5385 piaculum.
1261 5314 1437 5370 virtus
1465 5320 1657 5368 tamen
1677 5314 1910 5369 archan-

270 5402 421 5479 geli
450 5402 600 5457 istud
640 5419 753 5458 non
797 5403 1014 5459 dimisit
1062 5403 1308 5459 inultum
1360 5422 1374 5457 :
1415 5410 1480 5458 ut
1524 5403 1903 5475 postmodum.

271 5490 498 5555 credo.
520 5492 806 5548 evidenter
819 5492 1155 5549 claresceret
1182 5493 1313 5565 quid
1336 5493 1546 5548 faceret
1566 5508 1665 5564 per
1684 5492 1906 5547 fidelem

269 5596 479 5643 suum
508 5580 891 5640 Benedictum.
911 5582 1061 5640 Nam
1078 5598 1208 5640 cum
1235 5582 1402 5656 paulo
1420 5588 1551 5655 post
1567 5581 1653 5637 vir
1668 5582 1764 5639 ille
1780 5596 1911 5640 cum

549 5679 814 5747 ΡΑτιιοι.
859 5680 977 5746 GL.

1983 4511 2144 4565 hians
2170 4512 2538 4583 abyssus-sua
2562 4511 2860 4567 altitudine
2889 4521 3073 4584 potest
3101 4515 3402 4575 offendere.
3430 4522 3580 4575 acci-

1983 4601 2069 4655 dit
2097 4610 2159 4656 ut
2188 4602 2371 4656 infans
2401 4602 2495 4655 ille
2516 4601 2718 4656 timore
2731 4602 2858 4674 equi
2882 4606 3182 4673 praeeuntis
3205 4614 3263 4661 et
3289 4608 3394 4663 huc
3409 4618 3581 4681 atque

1986 4688 2121 4744 illuc
2152 4697 2311 4761 terga
2342 4689 2636 4756 versantis,
2686 4691 2908 4746 frenum
2946 4693 3116 4748 nimis
3162 4697 3411 4761 trahens.
3450 4716 3580 4756 cum

1986 4778 2180 4832 eadem
2216 4779 2368 4834 mula
2393 4779 2485 4834 cui
2516 4779 2795 4834 insidebat
2820 4780 2878 4834 in
2908 4798 3152 4853 praeceps
3198 4792 3406 4847 rueret.
3442 4790 3585 4844 mul-
3680 4786 3688 4797 ”

1983 4873 2155 4939 taque
2178 4884 2351 4923 arena
2379 4875 2550 4941 atque
2580 4868 2860 4940 lapidibus
2882 4869 2940 4925 in
2964 4871 3132 4928 dorso
3162 4875 3368 4930 montis
3393 4877 3583 4947 jacen-

1984 4956 2135 5011 tibus
2183 4974 2373 5013 secum
2413 4957 2708 5019 devolutis.
2754 4958 2823 5014 ad
2872 4959 2987 5014 ima
3022 4961 3396 5020 delaberetur.
3428 4966 3585 5021 Tunc

1986 5046 2503 5117 patre'Benedicto.
2537 5047 2634 5119 qui
2672 5063 2784 5102 non
2813 5048 2980 5120 longe
3007 5051 3455 5123 subsequebatur
3504 5056 3585 5111 si-

1984 5150 2159 5205 gnum
2189 5135 2368 5190 crucis
2396 5152 2567 5207 super
2593 5136 2886 5191 cadentem
2913 5138 3238 5210 frequenter
3264 5141 3503 5197 faciente
3526 5150 3585 5200 et

1989 5230 2207 5286 orante.
2264 5223 2399 5278 illuc
2448 5224 2679 5279 aliunde
2735 5226 3020 5293 curritur;
3062 5233 3120 5282 et
3170 5245 3310 5300 puer
3355 5230 3585 5301 quidem

1991 5313 2147 5368 mula
2182 5312 2409 5367 aliunde
2452 5330 2737 5381 excussus,
2788 5315 3041 5385 quamvis
3107 5317 3252 5372 mole
3308 5323 3474 5376 terra:
3520 5338 3587 5378 ac

1987 5418 2246 5458 saxorum
2274 5401 2509 5457 obrutus
2539 5411 2595 5458 et
2622 5403 2898 5474 sepultus.
2931 5404 3088 5460 nulla
3125 5414 3313 5461 tamen
3343 5408 3586 5482 alicujus

1990 5490 2233 5548 laesionis
2260 5491 2423 5561 signa
2448 5491 2663 5547 habens
2690 5492 2994 5555 invenitur.
3015 5511 3143 5551 cum
3175 5495 3234 5551 in
3262 5496 3401 5552 sella
3420 5500 3589 5556 mulae

1990 5586 2111 5638 toto
2137 5595 2372 5654 corpore
2414 5580 2733 5639 dilacerate
2772 5597 2845 5640 ne
2891 5598 3005 5642 una
3046 5585 3324 5658 particula
3364 5587 3590 5664 integra

3268 5683 3346 5749 47
