3972 6172
442 305 582 365 1483

1490 300 1857 361 WILLELMI
1894 300 2265 361 CLUSIENS.
2305 301 2634 365 IONAGH.

3570 305 3717 373 1484

439 434 805 509 reperiretur.
831 429 1023 489 Multis
1048 427 1241 498 itaque
1266 432 1381 497 pra
1407 424 1615 495 gaudio
1640 424 1924 491 ﬂentibus.
1941 442 2035 480 so-
2052 427 2102 489 Α
2121 425 2320 481 fratres
2346 426 2601 483 inﬁrmos
2629 431 2764 483 ante
2792 427 2984 482 omnia
3002 433 3062 482 et
3088 443 3260 499 super
3290 431 3502 495 omnia.
3530 431 3589 486 id
3627 441 3720 491 est

441 542 569 600 spes
597 520 828 578 omnino
866 527 923 573 et
958 514 1253 572 incolumis
1276 512 1485 568 ,abbati
1534 514 1807 570 redditur.
1856 516 2034 580 Quem

440 617 797 683 interrogans
832 627 845 665 :
880 626 906 659 ί(
950 606 1028 673 Si,
1073 604 1275 675 inquit.
1324 603 1420 664 ﬁli.
1464 602 1678 674 aliquid
1718 605 1931 661 doloris
1978 605 2035 661 in

442 706 631 776 aliquo
659 698 1039 754 membrorum
1071 693 1264 753 sentis.
1297 693 1487 751 dicito.
1508 695 1792 758 conﬁtere.
1814 695 1935 749 vide
1965 710 2036 750 ne

440 794 581 851 mihi
608 792 773 847 celes.
826 806 848 839 ι
878 785 982 840 Cui
1004 799 1143 855 puer
1170 797 1180 831 :
1217 802 1242 833 «
1286 782 1400 851 Ego
1431 781 1637 852 quippe
1665 782 1744 837 nil
1777 783 1907 837 mali
1936 801 2035 855 pa-

438 886 553 941 tier
579 901 590 935 :
626 879 779 952 quia,
806 892 931 931 cum
962 872 1243 935 caderem,
1268 869 1561 925 videbatur
1587 870 1722 924 mihi
1746 871 1892 941 quod
1924 882 2033 933 me.

439 974 628 1036 Pater.
658 968 853 1039 tuipse
874 981 974 1037 per
993 977 1237 1034 pannum
1260 968 1409 1030 capas
1442 974 1580 1014 mea:
1616 966 1855 1024 teneres.
1888 966 1946 1014 et
1975 968 2036 1015 ut

438 1063 802 1120 consisterem
834 1055 1186 1109 admoneres.
1233 1069 1256 1099 ι
1290 1047 1519 1105 Talibus
1550 1048 1818 1104 nimirum
1855 1048 2035 1104 verbis

438 1150 657 1226 pueruli
714 1140 1030 1202 innocentis
1087 1138 1223 1193 satis
1275 1143 1621 1206 compertum
1684 1143 1771 1191 est
1818 1138 2034 1191 meritis

438 1241 586 1299 tanti
612 1236 796 1293 Patris
840 1238 900 1287 et
938 1228 1119 1285 cruris
1165 1227 1326 1297 signo
1370 1226 1660 1281 salutifero
1697 1227 1858 1281 illum
1899 1232 2035 1282 tunc

440 1332 615 1387 fuisse
642 1327 940 1382 salvatum.
975 1318 1131 1374 Istud
1164 1317 1354 1387 itaque
1379 1316 1625 1385 ingentis
1663 1315 1835 1370 fuisse
1861 1317 2032 1371 mira-

440 1416 572 1482 culi.
600 1417 650 1471 si
678 1421 1019 1486 praeruptam
1049 1407 1200 1460 illam
1241 1404 1505 1493 abyssum
1550 1420 1827 1469 cerneres,
1863 1406 2032 1461 ﬁdem

435 1508 541 1564 tibi
574 1505 677 1578 ipsi
703 1502 786 1558 tui
816 1502 1064 1554 facerent
1085 1494 1251 1549 oculi.

507 1594 598 1653 40.
634 1591 803 1648 Venit
831 1586 1132 1659 aliquando
1161 1584 1231 1638 ad
1255 1583 1671 1637 conversionem
1712 1582 1875 1637 miles
1914 1583 2035 1653 qui-

437 1687 569 1743 dam
588 1681 873 1745 Allobrox,
892 1675 1210 1731 Willelmus
1223 1673 1469 1732 nomine.
1486 1671 1735 1727 moribus
1755 1680 1813 1725 et
1828 1688 2035 1743 genere

2118 531 2284 570 mane
2313 524 2370 569 et
2396 533 2543 581 sero,
2573 532 2767 571 curam
2796 532 2989 571 eorum
3019 533 3193 587 agens
3216 517 3439 574 visitare
3463 545 3475 575 ;
3500 527 3559 576 et
3575 522 3721 577 allo-

2118 621 2295 675 quens
2337 606 2601 675 juvenem
2638 623 2649 657 :
2690 627 2711 657 ι
2756 605 2859 660 Fili
2891 606 2987 670 mi,
3017 606 3219 676 inquit,
3256 609 3499 664 moriens
3538 627 3718 681 quare

2118 693 2256 746 mihi
2307 694 2447 748 nihil
2487 694 2665 749 dicis?
2716 716 2742 743 ιι
2781 695 2937 749 Tunc
2979 695 3307 751 adolescens
3354 699 3542 752 oculos
3590 701 3715 770 jam

2118 788 2299 836 morte
2325 790 2586 853 gravatos
2626 784 2885 854 aperiens
2921 802 2933 837 :
2966 806 2992 831 α
3035 784 3181 848 Quid
3228 786 3333 850 vis,
3374 786 3473 852 ait.
3520 789 3711 856 Pater,

2116 870 2298 924 dicam
2322 872 2346 924 7
2376 872 2585 927 Morior
2611 872 2897 943 equidem.
2916 873 3011 927 sed
3037 874 3242 928 mirum
3273 876 3433 930 valde
3464 892 3576 933 non
3601 885 3710 943 es.

2119 959 2252 1029 quia
2270 976 2436 1014 senex
2468 961 2562 1014 ille
2587 962 2681 1032 qui
2710 961 2825 1016 illic
2851 963 3027 1023 sedet.
3064 969 3191 1032 post
3217 964 3467 1020 triduum
3498 984 3589 1022 me
3617 985 3712 1023 se-

2116 1057 2338 1119 quetur.
2371 1069 2393 1101 ι
2418 1050 2583 1113 Dixit.
2607 1056 2666 1104 et
2684 1050 2890 1104 clausis
2913 1050 3102 1106 ocellis
3130 1068 3330 1107 somno
3375 1054 3480 1124 pie
3515 1058 3715 1113 mortis

2115 1137 2396 1190 resolutus
2425 1144 2528 1191 est.
2558 1139 2736 1192 Senex
2780 1152 2911 1192 vero
2935 1138 3047 1197 ille,
3075 1139 3240 1208 cujus
3276 1142 3447 1196 ﬁnem
3476 1145 3717 1215 prophe-

2114 1225 2206 1280 tiae
2230 1226 2431 1295 spiritu
2459 1226 2735 1296 praedixit,
2768 1227 3075 1282 secundum
3100 1243 3326 1284 carnem
3346 1237 3508 1302 pater
3536 1234 3716 1305 ipsius

2117 1313 2399 1369 Benedicti
2423 1314 2642 1369 abbatis
2662 1322 2803 1380 erat,
2827 1324 3021 1369 sancta
3045 1320 3467 1376 conversatione
3480 1330 3543 1376 et
3566 1324 3716 1379 mira

2115 1403 2473 1474 simplicitate
2503 1404 2781 1475 egregius,
2798 1405 2892 1475 qui
2914 1405 2972 1460 in
2997 1407 3448 1464 crastinumcum
3476 1412 3711 1483 reliquis

2115 1492 2186 1546 ad
2214 1494 2471 1547 monachi
2502 1493 2653 1548 illius
2681 1494 2975 1563 exsequias
2999 1510 3065 1549 ac
3091 1497 3442 1566 sepulturam
3491 1516 3714 1571 proces-

2116 1582 2186 1636 sit
2211 1582 2506 1637 incolumis
2536 1600 2548 1635 ε
2583 1583 2682 1637 sed
2713 1600 2838 1637 mox
2886 1583 3069 1637 valida
3105 1585 3259 1639 febre
3298 1595 3607 1659 correptus.
3648 1590 3710 1645 in

2116 1670 2208 1725 die
2236 1672 2402 1726 tertio
2422 1672 2686 1741 juvenem
2725 1689 2840 1727 sua;
2882 1672 3268 1729 dissolutionis
3302 1679 3709 1746 preconemad

436 1779 586 1837 haud
621 1771 917 1847 ignobilis;
945 1783 1111 1838 quem
1149 1771 1445 1836 gratanter
1471 1780 1573 1818 suo
1604 1778 1759 1818 more
1789 1764 2096 1845 snscepitB
2118 1760 2335 1814 beatam
2360 1761 2634 1831 requiem,
2666 1767 2731 1815 ut
2753 1761 3020 1823 creditur.
3051 1771 3378 1833 prosecutus
3407 1773 3509 1821 est.
3554 1768 3712 1824 Patri

433 1871 604 1927 Pater
630 1861 892 1932 insignis.
924 1855 1288 1911 reminiscens
1312 1862 1513 1924 nempe
1553 1854 1706 1908 illius
1754 1852 2027 1907 Dominici

434 1960 567 2016 dicti
598 1981 610 2017 ε
642 1955 834 2011 Omnis
858 1952 959 2018 qui
983 1949 1129 2000 venit
1158 1947 1230 1997 ad
1260 1961 1362 2003 me,
1392 1960 1505 2001 nun
1541 1946 1759 2011 cjiciam
1790 1960 1915 1996 eum
1951 1944 2030 2009 fo-

433 2064 527 2103 ras
554 2049 736 2110 (Joan.
773 2052 846 2103 vi,
877 2036 988 2099 37).
1017 2034 1279 2089 omnibus
1305 2035 1566 2087 saeculum
1598 2034 2030 2104 fugerecupien-

430 2137 583 2192 tibus
607 2136 769 2188 laetus
797 2124 1144 2183 occurrebat.
1191 2131 1249 2177 et
1293 2123 1504 2193 absque
1546 2122 1867 2177 divitiarum
1900 2139 2027 2193 per-

433 2236 768 2281 sonarumve
796 2212 1135 2289 priejudicio.
1179 2212 1394 2265 cunctis
1445 2212 1839 2266 misericordiae
1867 2211 2026 2266 sinus

430 2312 729 2388 pandebat.
763 2309 959 2362 Frater
988 2304 1159 2374 igitur
1186 2302 1280 2356 ille
1306 2301 1881 2355 conversusinstituta
1900 2316 2024 2355 san-

427 2410 530 2459 cta!
557 2397 867 2467 disciplinae
912 2390 1195 2448 sitibuudo
1227 2390 1414 2444 hausit
1456 2396 1697 2460 pectore.
1742 2396 1797 2442 et
1836 2389 2023 2443 surculi

426 2506 658 2565 prorsus
685 2487 947 2553 despecta
979 2480 1241 2533 vanitate.
1289 2494 1355 2531 ac
1399 2478 1597 2548 spiritu
1629 2476 1873 2531 Domino
1901 2495 2035 2530 ser-1

426 2583 601 2638 viens.
642 2573 973 2630 infirmitate
1014 2572 1306 2637 correptus
1348 2567 1416 2620 ad
1459 2574 1711 2620 extrema
1748 2566 2022 2620 deductus

427 2674 531 2730 est.
574 2666 671 2738 qui
704 2664 773 2718 ab
811 2661 1007 2715 eodem
1038 2660 1224 2719 Patre.
1265 2672 1479 2710 necnon
1501 2663 1557 2709 et
1580 2655 1924 2709 llerimanno
1954 2652 2019 2722 v6)

424 2756 714 2814 cardinali.
737 2750 913 2806 sancti
933 2746 1189 2820 pneconii
1212 2746 1331 2799 viro
1347 2753 1399 2797 et
1422 2744 1819 2800 eruditissimo.
1840 2744 2023 2799 visita-

423 2856 535 2909 tus.
572 2851 697 2917 post
724 2856 939 2895 sacram
976 2836 1294 2892 unctionem
1318 2842 1634 2904 sanctasque
1658 2834 2018 2889 Eucharistiae

421 2934 856 3009 perceptionem.
873 2944 1000 2981 cum
1021 2932 1171 2980 esset
1190 2925 1364 2978 laicus
1380 2930 1437 2976 et
1455 2923 1768 2977 litterarum
1795 2924 2016 2993 penitus

416 3027 671 3097 ignarus.
718 3020 886 3090 coepit
927 3024 1117 3070 tamen
1158 3031 1283 3068 cum
1334 3014 1445 3067 illis
1493 3012 1574 3066 ita
1617 3028 1785 3082 agere
1834 3012 2015 3066 verbis

418 3114 651 3171 Latinis.
687 3127 752 3165 ac
782 3108 828 3163 si
858 3106 1055 3160 doctus
1074 3104 1274 3157 fuisset
1296 3103 1444 3156 inter
1459 3102 1859 3172 grammaticos
1876 3108 2015 3155 tem-

418 3220 553 3277 pore
583 3199 831 3256 ineuntis
861 3195 1060 3251 aetatis.
1093 3193 1294 3263 Sicque
1328 3192 1531 3245 mirum
1573 3191 1631 3244 in
1667 3191 1895 3245 modum
1944 3191 2013 3243 de

416 3290 805 3364 spiritualibus
834 3283 1195 3355 disputando,
1225 3290 1282 3335 et
1308 3282 1611 3334 multorum
1636 3280 1893 3338 fratrum.
1917 3280 2013 3347 qui

416 3383 613 3439 eodem
644 3394 792 3434 anno
820 3372 1075 3429 morituri
1100 3378 1278 3429 erant.
1303 3371 1472 3423 ﬁnem
1504 3368 1714 3422 instare
1740 3368 2009 3438 praeduxit.

417 3478 477 3527 et
495 3484 753 3524 asserens
777 3480 837 3518 se
862 3474 1114 3517 sanctam
1140 3459 1473 3513 Trinitatem
1502 3473 1532 3511 e
1551 3456 1729 3510 vicino
1758 3464 2012 3511 contem-

416 3557 721 3632 plari.felix
754 3555 847 3607 illa
879 3552 1067 3605 anima
1090 3546 1626 3601 felicitcrhmninem
1648 3562 1810 3599 suum
1837 3548 2005 3600 exuit.

419 3650 544 3712 Qua
569 3647 638 3698 de
668 3658 727 3697 re
757 3644 922 3695 Pater
946 3645 1173 3692 sanctus
1193 3635 1668 3707 quamplurimum
1701 3635 1876 3689 laetus.
1902 3652 2013 3690 non

419 3734 674 3790 cessabat
705 3737 894 3801 grates
924 3729 1037 3782 Deo
1076 3742 1256 3796 agere.
1310 3722 1655 3795 praemittens
1695 3730 1826 3777 ante
1856 3741 1915 3777 se
1942 3726 2010 3779 nd

419 3822 719 3879 Dominum
756 3819 897 3873 tales
939 3815 1254 3871 animarum
1281 3813 1497 3867 fructus
1543 3820 1600 3866 et
1644 3812 1922 3882 primitias
1950 3830 2013 3867 ex

418 3927 521 3968 suo
551 3912 765 3965 labore.

489 4000 579 4057 41.
612 3999 949 4054 Adolescens
971 4009 1194 4066 quoque
1219 3992 1325 4046 fuit
1347 3992 1470 4062 ejus
1491 3991 1773 4055 alumnus,
1788 3991 2014 4045 nomine

418 4086 747 4147 Lantelmus
772 4092 923 4142 mota
942 4100 1032 4138 res
1049 4088 1172 4143 esti.
1197 4082 1291 4152 qui
1309 4081 1375 4134 ad
1398 4081 1727 4135 diaconatus
1758 4080 2011 4134 ordinem

417 4194 600 4248 nuper
636 4182 950 4249 promotus.
982 4170 1359 4243 simplicitatis
1394 4177 1451 4223 et
1487 4170 1783 4223 castitatis.
1810 4170 2014 4224 virtute

418 4268 682 4341 pollebat.
717 4266 769 4319 is
792 4264 962 4318 etiam
1006 4260 1163 4330 gravi
1201 4258 1546 4312 inﬁrmitatis
1587 4258 1845 4311 molestia
1889 4273 2014 4313 cor-

419 4364 615 4429 reptus
644 4353 842 4409 mortis
872 4350 1083 4409 vicinae.
1114 4349 1322 4417 linguis
1365 4347 1547 4400 ofﬁcio
1586 4346 1835 4417 privatus
1863 4348 2014 4417 jam-

419 4447 632 4501 dudum
661 4444 883 4496 fuerat:
915 4446 973 4493 et
1003 4454 1128 4491 ecce
1157 4436 1343 4490 subito
1386 4436 1656 4505 quosdam
1701 4436 1904 4490 fratres
1945 4437 2014 4491 ad

420 4534 732 4590 custodiam
772 4530 877 4584 sibi
908 4529 1207 4598 deputatus
1234 4542 1336 4579 suo
1362 4524 1546 4578 indice
1574 4525 1643 4576 ad
1667 4542 1728 4579 se
1756 4527 2017 4579 accedere

419 4620 769 4694 signiﬁcavit.
811 4618 1024 4681 Quibus
1070 4613 1574 4685 propinquantibus
1616 4614 1699 4668 ait
1744 4633 1755 4668 :
1798 4635 1820 4666 ι
1901 4615 2015 4671 Vox

418 4709 643 4767 Domini
670 4706 1056 4760 intercidentis
1084 4707 1368 4757 flammam
1410 4702 1571 4773 ignis.
1606 4722 1630 4755 »
1665 4702 2015 4759 Instantibus

418 4817 549 4855 vero
588 4797 698 4851 illis
738 4811 911 4865 quare
961 4795 1077 4847 haec
1104 4793 1327 4850 dixerit.
1374 4800 1438 4845 ut
1485 4791 1748 4862 aperiret.
1785 4793 2013 4847 omnino

418 4885 705 4947 conticuit.
740 4883 1060 4938 Transactis
1090 4888 1277 4935 autem
1318 4881 1511 4951 paucis
1540 4882 1710 4939 horis.
1747 4898 1875 4935 cum
1929 4882 2010 4936 illi

418 4978 579 5053 quasi
608 4973 865 5031 dissoluti
888 4973 1071 5026 nescio
1102 4971 1233 5041 quid
1286 4971 1606 5040 garrirent;
1642 4971 1812 5025 simili
1851 4971 2011 5041 signo

416 5070 499 5126 eis
526 5068 788 5122 innucns.
812 5061 954 5116 dixit
980 5080 991 5114 :
1014 5080 1035 5110 ι
1071 5060 1117 5114 0
1142 5075 1235 5113 vos
1278 5059 1597 5113 sacerdotes
1618 5059 2011 5119 Domini.faci-

415 5160 525 5214 lius
540 5152 779 5228 possetis
799 5149 1025 5213 salvari,
1049 5148 1094 5202 si
1119 5163 1342 5218 semper
1371 5148 1675 5201 cerneretis
1695 5165 1822 5203 eum
1841 5166 2007 5218 quem

415 5250 746 5321 praesentem
786 5240 1019 5295 habetis.
1045 5258 1071 5291 »
1097 5238 1196 5292 His
1222 5236 1387 5291 dictis
1417 5238 1611 5317 eodem
1644 5238 1810 5292 modo
1833 5238 2005 5292 siluit.

410 5340 516 5396 Die
539 5342 728 5391 autem
768 5332 884 5401 jam
930 5329 1447 5398 ndvesperascente.
1487 5326 1814 5380 Benedictus
1844 5328 2011 5381 Pater

409 5429 590 5486 visere
615 5438 745 5479 eum
774 5418 1007 5491 cupiens
1035 5415 1295 5472 accurrit.
1328 5414 1504 5470 Moris
1535 5414 1684 5470 enim
1714 5415 1795 5470 illi
1822 5416 2009 5472 fuerat

477 5597 1156 5676 (Gllgnotusfuithufrio
1173 5593 1550 5655 Harimannas
1562 5592 1673 5655 iste
1680 5594 1997 5659 cardinalis.

2113 1849 2378 1904 nimirum
2407 1857 2620 1905 sancto.
2648 1850 2970 1904 intermisso
3000 1852 3162 1922 pauci
3202 1855 3472 1925 temporis
3499 1858 3707 1927 spatio,

2110 1954 2252 2009 puer
2288 1939 2381 1993 ille
2415 1938 2713 1995 defunctus
2737 1939 2975 1995 candida
3009 1941 3251 1996 amictus
3279 1944 3585 2001 dalmatica
3604 1965 3712 2019 ap-

2111 2028 2317 2099 paruit.
2359 2028 2578 2099 sibique
2618 2029 2760 2083 bene
2808 2046 2929 2084 esse
2972 2030 3130 2086 dixit.
3164 2033 3291 2086 llaec
3337 2049 3449 2089 non
3497 2035 3598 2090 abs
3645 2054 3710 2092 re

2110 2118 2450 2189 scriptaesse
2474 2118 2760 2188 intelligit.
2778 2119 3037 2190 quisquis
3053 2120 3452 2192 discipulorum
3477 2124 3708 2181 laudem

2110 2206 2179 2261 ad
2213 2207 2543 2275 magistrum
2577 2206 2926 2261 referendam
2949 2224 3204 2273 oensens,
3218 2210 3444 2266 illorum
3462 2213 3707 2269 fratrum

2109 2295 2312 2349 merita
2346 2296 2487 2361 patri
2515 2312 2709 2350 eorum
2736 2296 2907 2350 etiam
2930 2304 2989 2352 et
3012 2298 3226 2353 doctori
3254 2299 3559 2357 Benedicto
3588 2320 3706 2359 non

2105 2383 2385 2440 immerito
2412 2384 2549 2439 ascri
2559 2388 2686 2455 psit.

2176 2473 2243 2530 4:2
2288 2477 2601 2529 Benedictus
2620 2477 2859 2529 trienni:
2879 2477 3187 2544 baptizatus
3219 2479 3706 2550 Loquebaturali-

2105 2564 2329 2634 quando
2353 2564 2498 2618 idem
2533 2564 2697 2617 Pater
2715 2581 2863 2635 saepe
2882 2566 3207 2621 nominatus
3229 2576 3427 2623 mutuo
3445 2586 3511 2624 ac
3532 2573 3705 2627 fami-

2103 2653 2624 2707 liariterutassolet
2637 2653 2754 2707 ﬁeri
2765 2671 2908 2718 ,cum
2923 2655 3254 2725 quibusdam
3270 2656 3709 2732 fratribus.quo-

2103 2758 2228 2795 rum
2253 2757 2398 2795 unus
2420 2740 2689 2795 alacrior:
2718 2760 2743 2793 α
2771 2742 3005 2796 Domine
3030 2744 3233 2815 inquit,
3252 2747 3372 2815 jam
3405 2748 3708 2806 inalbescit

2100 2835 2270 2900 caput
2290 2836 2533 2884 vestrum
2571 2830 2744 2884 canis.
2793 2852 2815 2881 ρ
2836 2832 2940 2885 Cui
2976 2833 3140 2887 Pater
3172 2836 3504 2892 Benedictus
3534 2857 3548 2890 :
3583 2840 3705 2896 Deo

2096 2920 2327 2989 gratias.
2363 2920 2604 2987 [Equum
2637 2920 2808 2988 igitur
2834 2927 2922 2975 est
2974 2927 3033 2974 ut
3087 2923 3322 2977 Domino
3368 2929 3702 2996 miserante,

2097 3008 2330 3062 ﬂoribus
2357 3008 2780 3079 erumpentibus
2809 3009 2895 3063 sui
2928 3010 3145 3065 fructus
3172 3015 3479 3070 succedant
3510 3026 3702 3073 matu-

2098 3115 2233 3151 rius.
2269 3098 2373 3152 Sed
2417 3097 2612 3168 quidni
2673 3096 2868 3165 frater,
2902 3099 3109 3153 ﬁeret?
3139 3102 3261 3154 λων
3284 3105 3547 3174 equidem
3570 3123 3702 3163 sum

2097 3204 2202 3256 ego
2251 3188 2431 3240 ferme
2475 3187 2903 3255 sexagciiarius.
2948 3188 3150 3243 Verum
3193 3207 3365 3245 unum
3411 3203 3500 3249 est
3546 3199 3703 3266 quod

2098 3277 2300 3333 recolo.
2337 3292 2435 3347 per
2462 3276 2611 3344 quod
2642 3275 2738 3329 Dei
2773 3276 3210 3333 misericordiam
3245 3297 3333 3334 me
3361 3293 3705 3341 consecutu-

2096 3382 2221 3420 rum
2256 3383 2439 3437 spero.
2473 3366 2666 3420 Trium
2692 3382 2934 3437 namque
2963 3384 3117 3422 eram
3149 3385 3449 3435 annorum.
3465 3375 3703 3444 quando

2097 3454 2356 3526 baptismi
2386 3455 2630 3524 gratiam
2664 3455 2884 3526 percepi
2916 3474 2928 3508 :
2958 3462 3015 3510 et
3043 3472 3170 3512 cum
3200 3459 3257 3512 in
3278 3460 3511 3515 salutari
3543 3464 3702 3519 lau-

2095 3561 2189 3598 cro
2221 3560 2524 3615 mergerer.
2556 3544 2730 3599 visum
2762 3552 2849 3598 est
2878 3545 3011 3599 mihi
3050 3562 3160 3600 non
3201 3547 3437 3604 inferius
3460 3550 3561 3611 ire.
3593 3555 3699 3608 sed

2097 3633 2342 3703 quandiu
2375 3633 2428 3687 in
2461 3634 2582 3704 ipso
2611 3650 2770 3688 sacro
2797 3634 2951 3688 fonte
2980 3635 3057 3690 iui
3086 3635 3142 3689 in
3173 3637 3288 3691 alto
3306 3640 3515 3694 mentis
3539 3648 3701 3698 stata

2096 3723 2435 3787 constitisse,
2471 3723 2616 3776 unde
2654 3723 2922 3778 mundum
2956 3733 3137 3779 totum
3170 3726 3315 3780 infra
3345 3728 3517 3783 situm
3547 3738 3701 3786 esset

2097 3812 2350 3883 aspicere
2419 3831 2439 3862 ι
2482 3811 2612 3866 Haec
2659 3812 2825 3866 verba
2865 3813 3062 3868 habuit
3106 3832 3215 3869 non
3267 3818 3445 3872 multo
3491 3825 3617 3890 post
3662 3837 3696 3876 e

2097 3902 2299 3955 saeculo
2350 3901 2716 3972 migraturus.
2758 3903 2962 3973 quibus
3006 3903 3150 3958 forte
3196 3906 3365 3961 ﬁnem
3409 3909 3538 3963 vitae
3584 3910 3695 3965 sibi

2097 3991 2470 4062 propinquum
2496 3992 2619 4061 ejus
2638 3992 2876 4062 quodam
2888 3992 3051 4046 modo
3081 3994 3410 4065 conjiciebat
3435 3999 3690 4067 spiritus.

2096 4080 2254 4149 cujus
2283 4079 2612 4149 qualitatem
2646 4087 2839 4134 noster
2876 4080 2993 4149 jam
3044 4084 3386 4154 perstringat
3415 4087 3685 4142 calamus.

2168 4167 2252 4223 43.
2285 4169 2490 4223 Games
2519 4170 2672 4222 cdere
2716 4172 2981 4236 inﬁrmus
3025 4178 3258 4227 recusat.
3291 4176 3441 4228 Ante
3484 4177 3699 4232 exitum

2096 4255 2221 4309 vitae
2250 4271 2363 4309 suae
2388 4261 2506 4309 toto
2533 4255 2653 4310 fere
2679 4272 2828 4311 anno
2854 4258 3007 4328 gravi
3038 4275 3103 4313 ac
3131 4260 3297 4314 dubia
3332 4263 3589 4332 pulsatus
3610 4272 3701 4321 at

2097 4344 2442 4399 inﬁrmitate.
2470 4344 2572 4399 Cui
2604 4362 2729 4400 cum
2763 4346 3102 4402 medicorum
3125 4350 3221 4403 alii
3241 4350 3411 4405 aliter
3439 4356 3700 4410 consule-

2038 4426 2081 4483 D
2100 4440 2246 4498 rent,
2274 4432 2569 4488 obediebat
2597 4434 2820 4505 quidem
2846 4435 2960 4490 illis
2989 4438 3395 4508 praesentibus:
3424 4449 3485 4495 at
3510 4444 3606 4497 ubi
3635 4461 3701 4500 se

2098 4522 2512 4583 submoverant.
2539 4540 2649 4593 prie
2663 4524 2895 4594 spiritus
2924 4525 3139 4581 fervore
3154 4529 3697 4602 quietisimpatiens,

2098 4620 2157 4665 et
2183 4612 2250 4665 ad
2283 4612 2510 4667 solitum
2542 4612 2846 4684 disviplinie
2865 4620 3037 4686 atque
3065 4616 3419 4675 abstinentia
3451 4621 3697 4692 rigorem

2096 4718 2414 4758 recurrens.
2454 4710 2735 4773 corporeé
2771 4703 3087 4769 necessitati
3123 4706 3354 4762 minime
3399 4709 3699 4783 indulgre

2097 4799 2347 4852 noverat.
2380 4808 2443 4846 ca
2476 4808 2575 4862 per
2606 4793 2707 4845 hoc
2734 4793 3031 4848 recidivam
3067 4795 3380 4851 molestiam
3413 4798 3579 4855 facile
3608 4801 3700 4857 in—

2095 4880 2369 4934 currebat.
2396 4881 2603 4935 Etcum
2634 4882 2800 4952 paulo
2819 4889 2940 4953 post
2969 4884 3298 4940 meliuscule
3326 4886 3544 4943 habens
3571 4890 3704 4944 sub-

2094 4968 2523 5025 levaretur.suae
2546 4970 2681 5024 item
2712 4971 3022 5027 debilitatis
3044 4974 3345 5029 immemor
3369 4992 3438 5032 ac
3464 4995 3699 5035 securus

2092 5058 2164 5111 ad
2192 5066 2493 5112 nocturnas
2531 5068 2837 5115 conventus
2883 5061 3102 5132 vigilias
3146 5064 3459 5120 conabatur
3502 5082 3699 5124 ascen-

2094 5146 2244 5205 dere.
2272 5146 2543 5202 subnixus
2566 5149 2739 5203 trium
2764 5149 3002 5204 fratrum
3025 5152 3255 5212 auxilio.
3278 5170 3315 5208 α
3333 5154 3505 5211 dorso
3542 5158 3698 5213 vide-

2094 5235 2226 5289 licet
2252 5242 2309 5289 et
2338 5244 2579 5307 utroque
2618 5237 2795 5292 latere
2846 5239 3162 5297 Novissime
3195 5258 3327 5296 vvro
3366 5258 3499 5299 cum
3541 5248 3698 5318 regio

2088 5324 2287 5379 inorbo
2314 5324 2542 5395 gravius
2563 5327 2902 5382 afﬁceretur.
2934 5330 3081 5401 quod
3125 5348 3189 5386 es
3232 5332 3501 5387 hictericn
3528 5340 3586 5391 et
3614 5337 3698 5392 ei-

2089 5414 2239 5471 trino
2266 5414 2452 5470 colore
2495 5416 2683 5488 palam
2733 5417 2920 5482 ﬁebat,
2949 5434 2986 5473 ι
3012 5430 3281 5477 consueta
3308 5423 3493 5480 victus
3518 5426 3698 5497 parei-
