  <div class='ocr_page' id='page_1' title='image "/cluster/home/n/w/nwhite01/storage/ocr_20150623/150/hvd.32044054760087/748.png"; bbox 0 0 3972 6172; ppageno 0'>
   <div class='ocr_carea' id='block_1_1' title="bbox 305 258 3575 329">
    <p class='ocr_par' dir='ltr' id='par_1_1' title="bbox 305 258 3575 329">
     <span class='ocr_line' id='line_1_1' title="bbox 305 258 3575 329; baseline 0.002 -6"><span class='ocrx_word' id='word_1_1' title='bbox 305 264 445 323; x_wconf 73' lang='grc'><strong>1485</strong></span> <span class='ocrx_word' id='word_1_2' title='bbox 1416 258 1586 323; x_wconf 82' lang='lat' dir='ltr'><strong>VITA</strong></span> <span class='ocrx_word' id='word_1_3' title='bbox 1623 263 2007 325; x_wconf 71' lang='lat' dir='ltr'><strong>BENEDIC’I‘I</strong></span> <span class='ocrx_word' id='word_1_4' title='bbox 2043 270 2204 325; x_wconf 83' lang='lat' dir='ltr'><strong>ABB.</strong></span> <span class='ocrx_word' id='word_1_5' title='bbox 2250 264 2453 327; x_wconf 82' lang='lat' dir='ltr'><strong>CLUS.</strong></span> <span class='ocrx_word' id='word_1_6' title='bbox 3435 266 3575 329; x_wconf 70' lang='lat' dir='ltr'><strong>H86</strong></span> 
     </span>
    </p>
   </div>
   <div class='ocr_carea' id='block_1_2' title="bbox 299 390 3569 468">
    <p class='ocr_par' dir='ltr' id='par_1_2' title="bbox 299 390 3569 468">
     <span class='ocr_line' id='line_1_2' title="bbox 299 390 3569 468; baseline 0.003 -21"><span class='ocrx_word' id='word_1_7' title='bbox 299 398 417 447; x_wconf 88' lang='lat' dir='ltr'><strong>tate</strong></span> <span class='ocrx_word' id='word_1_8' title='bbox 439 398 498 448; x_wconf 90' lang='lat' dir='ltr'><strong>et</strong></span> <span class='ocrx_word' id='word_1_9' title='bbox 523 394 797 465; x_wconf 85' lang='lat' dir='ltr'><strong>qualitate</strong></span> <span class='ocrx_word' id='word_1_10' title='bbox 835 393 1166 463; x_wconf 83' lang='lat' dir='ltr'><strong>corpusculo</strong></span> <span class='ocrx_word' id='word_1_11' title='bbox 1191 390 1487 464; x_wconf 81' lang='lat' dir='ltr'><strong>ignorabat</strong></span> <span class='ocrx_word' id='word_1_12' title='bbox 1525 410 1770 464; x_wconf 84' lang='lat' dir='ltr'><strong>parcere.</strong></span> <span class='ocrx_word' id='word_1_13' title='bbox 1805 401 1893 449; x_wconf 89' lang='lat' dir='ltr'><strong>ta-</strong></span> <span class='ocrx_word' id='word_1_14' title='bbox 1917 396 1959 455; x_wconf 80' lang='grc' dir='ltr'>Α</span> <span class='ocrx_word' id='word_1_15' title='bbox 1978 392 2223 449; x_wconf 87' lang='lat' dir='ltr'><strong>lebratas</strong></span> <span class='ocrx_word' id='word_1_16' title='bbox 2270 406 2577 449; x_wconf 86' lang='lat' dir='ltr'><strong>convenere</strong></span> <span class='ocrx_word' id='word_1_17' title='bbox 2610 397 2934 467; x_wconf 77' lang='lat' dir='ltr'><strong>frequentes</strong></span> <span class='ocrx_word' id='word_1_18' title='bbox 2959 398 3203 468; x_wconf 76' lang='lat' dir='ltr'><strong>episcopi</strong></span> <span class='ocrx_word' id='word_1_19' title='bbox 3234 402 3293 451; x_wconf 88' lang='lat' dir='ltr'><strong>et</strong></span> <span class='ocrx_word' id='word_1_20' title='bbox 3320 392 3569 466; x_wconf 72' lang='lat' dir='ltr'><strong>lbbates,</strong></span> 
     </span>
    </p>
   </div>
   <div class='ocr_carea' id='block_1_3' title="bbox 298 482 3573 548">
    <p class='ocr_par' dir='ltr' id='par_1_3' title="bbox 298 482 3573 548">
     <span class='ocr_line' id='line_1_3' title="bbox 298 482 3573 548; baseline 0.003 -13"><span class='ocrx_word' id='word_1_21' title='bbox 298 483 465 536; x_wconf 88' lang='lat' dir='ltr'><strong>metsi</strong></span> <span class='ocrx_word' id='word_1_22' title='bbox 501 483 729 537; x_wconf 81' lang='lat' dir='ltr'><strong>morbus</strong></span> <span class='ocrx_word' id='word_1_23' title='bbox 761 483 852 537; x_wconf 91' lang='lat' dir='ltr'><strong>ille</strong></span> <span class='ocrx_word' id='word_1_24' title='bbox 876 484 947 535; x_wconf 88' lang='lat' dir='ltr'><strong>ob</strong></span> <span class='ocrx_word' id='word_1_25' title='bbox 972 483 1091 536; x_wconf 85' lang='lat' dir='ltr'><strong>hoc.</strong></span> <span class='ocrx_word' id='word_1_26' title='bbox 1126 490 1190 536; x_wconf 92' lang='lat' dir='ltr'><strong>ut</strong></span> <span class='ocrx_word' id='word_1_27' title='bbox 1218 483 1444 536; x_wconf 84' lang='lat' dir='ltr'><strong>aiebant</strong></span> <span class='ocrx_word' id='word_1_28' title='bbox 1469 482 1594 542; x_wconf 86' lang='lat' dir='ltr'><strong>sibi,</strong></span> <span class='ocrx_word' id='word_1_29' title='bbox 1620 484 1899 537; x_wconf 84' lang='lat' dir='ltr'><strong>diceretur</strong></span> <span class='ocrx_word' id='word_1_30' title='bbox 1979 485 2144 538; x_wconf 87' lang='lat' dir='ltr'><strong>vicini</strong></span> <span class='ocrx_word' id='word_1_31' title='bbox 2194 486 2311 538; x_wconf 86' lang='lat' dir='ltr'><strong>fere</strong></span> <span class='ocrx_word' id='word_1_32' title='bbox 2358 500 2552 539; x_wconf 86' lang='lat' dir='ltr'><strong>omnes</strong></span> <span class='ocrx_word' id='word_1_33' title='bbox 2604 487 2793 541; x_wconf 77' lang='lat' dir='ltr'><strong>clerici</strong></span> <span class='ocrx_word' id='word_1_34' title='bbox 2824 504 2890 541; x_wconf 86' lang='lat' dir='ltr'><strong>ac</strong></span> <span class='ocrx_word' id='word_1_35' title='bbox 2932 487 3211 548; x_wconf 79' lang='lat' dir='ltr'><strong>monachi.</strong></span> <span class='ocrx_word' id='word_1_36' title='bbox 3246 490 3573 545; x_wconf 71' lang='lat' dir='ltr'><strong>catervatim</strong></span> 
     </span>
    </p>
   </div>
   <div class='ocr_carea' id='block_1_4' title="bbox 296 569 3577 647">
    <p class='ocr_par' dir='ltr' id='par_1_4' title="bbox 296 569 3577 647">
     <span class='ocr_line' id='line_1_4' title="bbox 296 569 3577 647; baseline 0.002 -24"><span class='ocrx_word' id='word_1_37' title='bbox 296 571 508 640; x_wconf 84' lang='lat' dir='ltr'><strong>regius.</strong></span> <span class='ocrx_word' id='word_1_38' title='bbox 544 570 690 641; x_wconf 93' lang='lat' dir='ltr'><strong>quod</strong></span> <span class='ocrx_word' id='word_1_39' title='bbox 720 569 1001 641; x_wconf 84' lang='lat' dir='ltr'><strong>regalibus</strong></span> <span class='ocrx_word' id='word_1_40' title='bbox 1026 570 1163 625; x_wconf 88' lang='lat' dir='ltr'><strong>cibis</strong></span> <span class='ocrx_word' id='word_1_41' title='bbox 1194 578 1250 624; x_wconf 89' lang='lat' dir='ltr'><strong>et</strong></span> <span class='ocrx_word' id='word_1_42' title='bbox 1277 571 1528 624; x_wconf 77' lang='lat' dir='ltr'><strong>delicatis</strong></span> <span class='ocrx_word' id='word_1_43' title='bbox 1558 572 1782 625; x_wconf 84' lang='lat' dir='ltr'><strong>ferculis</strong></span> <span class='ocrx_word' id='word_1_44' title='bbox 1808 589 1898 625; x_wconf 88' lang='lat' dir='ltr'><strong>as-</strong></span> <span class='ocrx_word' id='word_1_45' title='bbox 1982 591 2203 645; x_wconf 89' lang='lat' dir='ltr'><strong>quoque</strong></span> <span class='ocrx_word' id='word_1_46' title='bbox 2231 581 2573 628; x_wconf 87' lang='lat' dir='ltr'><strong>concurrunt</strong></span> <span class='ocrx_word' id='word_1_47' title='bbox 2599 576 2745 635; x_wconf 87' lang='lat' dir='ltr'><strong>laici,</strong></span> <span class='ocrx_word' id='word_1_48' title='bbox 2780 574 3023 630; x_wconf 86' lang='lat' dir='ltr'><strong>militum</strong></span> <span class='ocrx_word' id='word_1_49' title='bbox 3053 582 3222 647; x_wconf 78' lang='lat' dir='ltr'><strong>atque</strong></span> <span class='ocrx_word' id='word_1_50' title='bbox 3246 578 3577 647; x_wconf 75' lang='lat' dir='ltr'><strong>pagensium</strong></span> 
     </span>
    </p>
   </div>
   <div class='ocr_carea' id='block_1_5' title="bbox 299 658 3573 735">
    <p class='ocr_par' dir='ltr' id='par_1_5' title="bbox 299 658 3573 735">
     <span class='ocr_line' id='line_1_5' title="bbox 299 658 3573 735; baseline 0.003 -23"><span class='ocrx_word' id='word_1_51' title='bbox 299 664 527 712; x_wconf 79' lang='lat' dir='ltr'><strong>seratur</strong></span> <span class='ocrx_word' id='word_1_52' title='bbox 564 659 845 713; x_wconf 83' lang='lat' dir='ltr'><strong>curabilis.</strong></span> <span class='ocrx_word' id='word_1_53' title='bbox 902 659 1090 713; x_wconf 86' lang='lat' dir='ltr'><strong>Multis</strong></span> <span class='ocrx_word' id='word_1_54' title='bbox 1120 666 1307 712; x_wconf 90' lang='lat' dir='ltr'><strong>autem</strong></span> <span class='ocrx_word' id='word_1_55' title='bbox 1338 658 1417 712; x_wconf 91' lang='lat' dir='ltr'><strong>illi</strong></span> <span class='ocrx_word' id='word_1_56' title='bbox 1445 660 1900 714; x_wconf 83' lang='lat' dir='ltr'><strong>succensentibus</strong></span> <span class='ocrx_word' id='word_1_57' title='bbox 1981 664 2276 734; x_wconf 85' lang='lat' dir='ltr'><strong>utriusque</strong></span> <span class='ocrx_word' id='word_1_58' title='bbox 2305 679 2468 717; x_wconf 85' lang='lat' dir='ltr'><strong>sexus</strong></span> <span class='ocrx_word' id='word_1_59' title='bbox 2498 665 2661 718; x_wconf 87' lang='lat' dir='ltr'><strong>cunei</strong></span> <span class='ocrx_word' id='word_1_60' title='bbox 2693 683 2704 717; x_wconf 89' lang='lat'><strong>:</strong></span> <span class='ocrx_word' id='word_1_61' title='bbox 2734 665 2829 718; x_wconf 91' lang='lat' dir='ltr'><strong>alii</strong></span> <span class='ocrx_word' id='word_1_62' title='bbox 2872 666 3021 719; x_wconf 81' lang='lat' dir='ltr'><strong>fama</strong></span> <span class='ocrx_word' id='word_1_63' title='bbox 3049 666 3360 720; x_wconf 78' lang='lat' dir='ltr'><strong>sanctitatis</strong></span> <span class='ocrx_word' id='word_1_64' title='bbox 3388 668 3573 735; x_wconf 85' lang='lat' dir='ltr'><strong>acciti,</strong></span> 
     </span>
    </p>
   </div>
   <div class='ocr_carea' id='block_1_6' title="bbox 299 747 3578 823">
    <p class='ocr_par' dir='ltr' id='par_1_6' title="bbox 299 747 3578 823">
     <span class='ocr_line' id='line_1_6' title="bbox 299 747 3578 823; baseline 0.003 -23"><span class='ocrx_word' id='word_1_65' title='bbox 299 753 358 800; x_wconf 88' lang='lat' dir='ltr'><strong>et</strong></span> <span class='ocrx_word' id='word_1_66' title='bbox 386 747 723 812; x_wconf 82' lang='lat' dir='ltr'><strong>dicentibus,</strong></span> <span class='ocrx_word' id='word_1_67' title='bbox 755 748 940 802; x_wconf 87' lang='lat' dir='ltr'><strong>adhuc</strong></span> <span class='ocrx_word' id='word_1_68' title='bbox 963 747 1121 801; x_wconf 91' lang='lat' dir='ltr'><strong>illum</strong></span> <span class='ocrx_word' id='word_1_69' title='bbox 1152 747 1335 801; x_wconf 87' lang='lat' dir='ltr'><strong>carnis</strong></span> <span class='ocrx_word' id='word_1_70' title='bbox 1356 747 1542 802; x_wconf 86' lang='lat' dir='ltr'><strong>edulio</strong></span> <span class='ocrx_word' id='word_1_71' title='bbox 1571 765 1733 819; x_wconf 88' lang='lat' dir='ltr'><strong>posse</strong></span> <span class='ocrx_word' id='word_1_72' title='bbox 1761 749 1902 802; x_wconf 92' lang='lat' dir='ltr'><strong>rela-</strong></span> <span class='ocrx_word' id='word_1_73' title='bbox 1983 752 2236 823; x_wconf 84' lang='lat' dir='ltr'><strong>plerique</strong></span> <span class='ocrx_word' id='word_1_74' title='bbox 2275 752 2567 806; x_wconf 87' lang='lat' dir='ltr'><strong>charitatis</strong></span> <span class='ocrx_word' id='word_1_75' title='bbox 2598 755 2720 823; x_wconf 91' lang='lat' dir='ltr'><strong>ejus</strong></span> <span class='ocrx_word' id='word_1_76' title='bbox 2761 755 2972 809; x_wconf 81' lang='lat' dir='ltr'><strong>viscera</strong></span> <span class='ocrx_word' id='word_1_77' title='bbox 3014 761 3072 808; x_wconf 90' lang='lat' dir='ltr'><strong>et</strong></span> <span class='ocrx_word' id='word_1_78' title='bbox 3095 755 3448 810; x_wconf 89' lang='lat' dir='ltr'><strong>dulcedinem</strong></span> <span class='ocrx_word' id='word_1_79' title='bbox 3489 774 3578 811; x_wconf 85' lang='lat' dir='ltr'><strong>ex-</strong></span> 
     </span>
    </p>
   </div>
   <div class='ocr_carea' id='block_1_7' title="bbox 297 836 3579 914">
    <p class='ocr_par' dir='ltr' id='par_1_7' title="bbox 297 836 3579 914">
     <span class='ocr_line' id='line_1_7' title="bbox 297 836 3579 914; baseline 0.002 -23"><span class='ocrx_word' id='word_1_80' title='bbox 297 838 439 894; x_wconf 82' lang='lat' dir='ltr'><strong>xari.</strong></span> <span class='ocrx_word' id='word_1_81' title='bbox 476 838 557 892; x_wconf 91' lang='lat' dir='ltr'><strong>sic</strong></span> <span class='ocrx_word' id='word_1_82' title='bbox 586 838 912 910; x_wconf 82' lang='lat' dir='ltr'><strong>respondit:</strong></span> <span class='ocrx_word' id='word_1_83' title='bbox 952 858 974 889; x_wconf 77' lang='grc' dir='ltr'>ι</span> <span class='ocrx_word' id='word_1_84' title='bbox 1012 836 1093 893; x_wconf 88' lang='lat' dir='ltr'><strong>En</strong></span> <span class='ocrx_word' id='word_1_85' title='bbox 1132 854 1235 909; x_wconf 86' lang='lat' dir='ltr'><strong>ego</strong></span> <span class='ocrx_word' id='word_1_86' title='bbox 1272 839 1503 905; x_wconf 88' lang='lat' dir='ltr'><strong>morior,</strong></span> <span class='ocrx_word' id='word_1_87' title='bbox 1534 846 1591 893; x_wconf 88' lang='lat' dir='ltr'><strong>et</strong></span> <span class='ocrx_word' id='word_1_88' title='bbox 1609 840 1897 894; x_wconf 87' lang='lat' dir='ltr'><strong>comedam</strong></span> <span class='ocrx_word' id='word_1_89' title='bbox 1981 841 2143 912; x_wconf 84' lang='lat' dir='ltr'><strong>perti.</strong></span> <span class='ocrx_word' id='word_1_90' title='bbox 2177 841 2366 894; x_wconf 87' lang='lat' dir='ltr'><strong>Fletus</strong></span> <span class='ocrx_word' id='word_1_91' title='bbox 2410 841 2468 894; x_wconf 91' lang='lat' dir='ltr'><strong>in</strong></span> <span class='ocrx_word' id='word_1_92' title='bbox 2517 857 2851 909; x_wconf 88' lang='lat' dir='ltr'><strong>commune;</strong></span> <span class='ocrx_word' id='word_1_93' title='bbox 2892 844 3169 914; x_wconf 73' lang='lat' dir='ltr'><strong>praecipue</strong></span> <span class='ocrx_word' id='word_1_94' title='bbox 3216 844 3335 913; x_wconf 88' lang='lat' dir='ltr'><strong>ejus</strong></span> <span class='ocrx_word' id='word_1_95' title='bbox 3364 844 3579 899; x_wconf 84' lang='lat' dir='ltr'><strong>alumni</strong></span> 
     </span>
    </p>
   </div>
   <div class='ocr_carea' id='block_1_8' title="bbox 301 914 3578 1002">
    <p class='ocr_par' dir='ltr' id='par_1_8' title="bbox 301 914 3578 1002">
     <span class='ocr_line' id='line_1_8' title="bbox 301 914 3578 1002; baseline 0.002 -22"><span class='ocrx_word' id='word_1_96' title='bbox 301 927 546 981; x_wconf 83' lang='lat' dir='ltr'><strong>carnes?</strong></span> <span class='ocrx_word' id='word_1_97' title='bbox 580 948 603 978; x_wconf 73' lang='grc' dir='ltr'><strong><em>ι</em></strong></span> <span class='ocrx_word' id='word_1_98' title='bbox 739 914 749 922; x_wconf 72' lang='grc'><strong>’</strong></span> <span class='ocrx_word' id='word_1_99' title='bbox 1983 929 2170 999; x_wconf 86' lang='lat' dir='ltr'><strong>rigant</strong></span> <span class='ocrx_word' id='word_1_100' title='bbox 2198 929 2375 981; x_wconf 92' lang='lat' dir='ltr'><strong>solum</strong></span> <span class='ocrx_word' id='word_1_101' title='bbox 2399 929 2678 999; x_wconf 83' lang='lat' dir='ltr'><strong>lacrymis.</strong></span> <span class='ocrx_word' id='word_1_102' title='bbox 2714 931 2887 1000; x_wconf 87' lang='lat' dir='ltr'><strong>Cujus</strong></span> <span class='ocrx_word' id='word_1_103' title='bbox 2918 932 2998 984; x_wconf 87' lang='lat' dir='ltr'><strong>vel</strong></span> <span class='ocrx_word' id='word_1_104' title='bbox 3022 946 3189 985; x_wconf 83' lang='lat' dir='ltr'><strong>saxea</strong></span> <span class='ocrx_word' id='word_1_105' title='bbox 3218 938 3443 1002; x_wconf 81' lang='lat' dir='ltr'><strong>pectora</strong></span> <span class='ocrx_word' id='word_1_106' title='bbox 3464 950 3578 988; x_wconf 91' lang='lat' dir='ltr'><strong>non</strong></span> 
     </span>
    </p>
   </div>
   <div class='ocr_carea' id='block_1_9' title="bbox 376 1015 3578 1092">
    <p class='ocr_par' dir='ltr' id='par_1_9' title="bbox 376 1015 3578 1092">
     <span class='ocr_line' id='line_1_9' title="bbox 376 1015 3578 1092; baseline 0.002 -22"><span class='ocrx_word' id='word_1_107' title='bbox 376 1015 468 1072; x_wconf 72' lang='grc'><strong>44.</strong></span> <span class='ocrx_word' id='word_1_108' title='bbox 499 1018 690 1071; x_wconf 73' lang='lat' dir='ltr'><strong>Mortis</strong></span> <span class='ocrx_word' id='word_1_109' title='bbox 717 1020 993 1086; x_wconf 55' lang='lat' dir='ltr'><strong>praevius,</strong></span> <span class='ocrx_word' id='word_1_110' title='bbox 1026 1032 1395 1071; x_wconf 73' lang='lat' dir='ltr'><strong>successorum</strong></span> <span class='ocrx_word' id='word_1_111' title='bbox 1422 1032 1597 1071; x_wconf 71' lang='lat' dir='ltr'><strong>more:</strong></span> <span class='ocrx_word' id='word_1_112' title='bbox 1620 1019 1898 1085; x_wconf 67' lang='lat' dir='ltr'><strong>prmidet.</strong></span> <span class='ocrx_word' id='word_1_113' title='bbox 1984 1027 2274 1073; x_wconf 78' lang='lat' dir='ltr'><strong>moverent</strong></span> <span class='ocrx_word' id='word_1_114' title='bbox 2299 1019 2367 1072; x_wconf 90' lang='lat' dir='ltr'><strong>ad</strong></span> <span class='ocrx_word' id='word_1_115' title='bbox 2408 1019 2692 1089; x_wconf 84' lang='lat' dir='ltr'><strong>pietatem.</strong></span> <span class='ocrx_word' id='word_1_116' title='bbox 2739 1020 3033 1075; x_wconf 85' lang='lat' dir='ltr'><strong>viduarum</strong></span> <span class='ocrx_word' id='word_1_117' title='bbox 3060 1028 3117 1075; x_wconf 85' lang='lat' dir='ltr'><strong>et</strong></span> <span class='ocrx_word' id='word_1_118' title='bbox 3144 1036 3450 1092; x_wconf 85' lang='lat' dir='ltr'><strong>pauperum</strong></span> <span class='ocrx_word' id='word_1_119' title='bbox 3493 1022 3578 1076; x_wconf 80' lang='lat' dir='ltr'><strong>la-</strong></span> 
     </span>
    </p>
   </div>
   <div class='ocr_carea' id='block_1_10' title="bbox 301 1105 3579 1179">
    <p class='ocr_par' dir='ltr' id='par_1_10' title="bbox 301 1105 3579 1179">
     <span class='ocr_line' id='line_1_10' title="bbox 301 1105 3579 1179; baseline 0.003 -22"><span class='ocrx_word' id='word_1_120' title='bbox 301 1105 502 1160; x_wconf 80' lang='lat' dir='ltr'><strong>Voluit</strong></span> <span class='ocrx_word' id='word_1_121' title='bbox 541 1115 729 1161; x_wconf 86' lang='lat' dir='ltr'><strong>autem</strong></span> <span class='ocrx_word' id='word_1_122' title='bbox 781 1108 1047 1161; x_wconf 89' lang='lat' dir='ltr'><strong>Dominus</strong></span> <span class='ocrx_word' id='word_1_123' title='bbox 1086 1123 1304 1161; x_wconf 89' lang='lat' dir='ltr'><strong>servum</strong></span> <span class='ocrx_word' id='word_1_124' title='bbox 1354 1122 1516 1161; x_wconf 89' lang='lat' dir='ltr'><strong>suum</strong></span> <span class='ocrx_word' id='word_1_125' title='bbox 1562 1105 1707 1159; x_wconf 73' lang='lat' dir='ltr'><strong>circa</strong></span> <span class='ocrx_word' id='word_1_126' title='bbox 1734 1107 1901 1159; x_wconf 79' lang='lat' dir='ltr'><strong>finem</strong></span> <span class='ocrx_word' id='word_1_127' title='bbox 1985 1125 2209 1179; x_wconf 72' lang='lat' dir='ltr'><strong>crymze.</strong></span> <span class='ocrx_word' id='word_1_128' title='bbox 2243 1124 2382 1176; x_wconf 84' lang='lat' dir='ltr'><strong>quos</strong></span> <span class='ocrx_word' id='word_1_129' title='bbox 2433 1107 2551 1178; x_wconf 90' lang='lat' dir='ltr'><strong>ipse</strong></span> <span class='ocrx_word' id='word_1_130' title='bbox 2599 1107 2836 1179; x_wconf 84' lang='lat' dir='ltr'><strong>benigne</strong></span> <span class='ocrx_word' id='word_1_131' title='bbox 2880 1106 3095 1163; x_wconf 87' lang='lat' dir='ltr'><strong>solebat</strong></span> <span class='ocrx_word' id='word_1_132' title='bbox 3137 1111 3332 1164; x_wconf 80' lang='lat' dir='ltr'><strong>alere?</strong></span> <span class='ocrx_word' id='word_1_133' title='bbox 3364 1111 3579 1166; x_wconf 89' lang='lat' dir='ltr'><strong>Tantus</strong></span> 
     </span>
    </p>
   </div>
   <div class='ocr_carea' id='block_1_11' title="bbox 300 1195 3580 1267">
    <p class='ocr_par' dir='ltr' id='par_1_11' title="bbox 300 1195 3580 1267">
     <span class='ocr_line' id='line_1_11' title="bbox 300 1195 3580 1267; baseline 0.002 -20"><span class='ocrx_word' id='word_1_134' title='bbox 300 1195 436 1249; x_wconf 73' lang='lat' dir='ltr'><strong>vitae</strong></span> <span class='ocrx_word' id='word_1_135' title='bbox 459 1196 583 1266; x_wconf 88' lang='lat' dir='ltr'><strong>jugi</strong></span> <span class='ocrx_word' id='word_1_136' title='bbox 622 1204 679 1251; x_wconf 87' lang='lat' dir='ltr'><strong>et</strong></span> <span class='ocrx_word' id='word_1_137' title='bbox 712 1196 934 1250; x_wconf 88' lang='lat' dir='ltr'><strong>diutina</strong></span> <span class='ocrx_word' id='word_1_138' title='bbox 959 1196 1246 1250; x_wconf 86' lang='lat' dir='ltr'><strong>debilitate</strong></span> <span class='ocrx_word' id='word_1_139' title='bbox 1275 1195 1557 1249; x_wconf 88' lang='lat' dir='ltr'><strong>tabescere</strong></span> <span class='ocrx_word' id='word_1_140' title='bbox 1583 1214 1596 1261; x_wconf 89' lang='lat'><strong>;</strong></span> <span class='ocrx_word' id='word_1_141' title='bbox 1630 1202 1694 1249; x_wconf 91' lang='lat' dir='ltr'><strong>ut</strong></span> <span class='ocrx_word' id='word_1_142' title='bbox 1715 1195 1762 1248; x_wconf 88' lang='lat' dir='ltr'><strong>si</strong></span> <span class='ocrx_word' id='word_1_143' title='bbox 1794 1211 1906 1265; x_wconf 88' lang='lat' dir='ltr'><strong>qua</strong></span> <span class='ocrx_word' id='word_1_144' title='bbox 1987 1197 2194 1267; x_wconf 91' lang='lat' dir='ltr'><strong>quippe</strong></span> <span class='ocrx_word' id='word_1_145' title='bbox 2219 1203 2447 1266; x_wconf 77' lang='lat' dir='ltr'><strong>tamque</strong></span> <span class='ocrx_word' id='word_1_146' title='bbox 2477 1195 2793 1250; x_wconf 89' lang='lat' dir='ltr'><strong>uberrimus</strong></span> <span class='ocrx_word' id='word_1_147' title='bbox 2819 1197 2923 1250; x_wconf 87' lang='lat' dir='ltr'><strong>fuit</strong></span> <span class='ocrx_word' id='word_1_148' title='bbox 2951 1198 3202 1252; x_wconf 89' lang='lat' dir='ltr'><strong>omnium</strong></span> <span class='ocrx_word' id='word_1_149' title='bbox 3233 1199 3437 1257; x_wconf 89' lang='lat' dir='ltr'><strong>luctus.</strong></span> <span class='ocrx_word' id='word_1_150' title='bbox 3465 1216 3580 1253; x_wconf 85' lang='lat' dir='ltr'><strong>ma-</strong></span> 
     </span>
    </p>
   </div>
   <div class='ocr_carea' id='block_1_12' title="bbox 300 1283 3582 1357">
    <p class='ocr_par' dir='ltr' id='par_1_12' title="bbox 300 1283 3582 1357">
     <span class='ocr_line' id='line_1_12' title="bbox 300 1283 3582 1357; baseline 0.001 -20"><span class='ocrx_word' id='word_1_151' title='bbox 300 1284 454 1338; x_wconf 88' lang='lat' dir='ltr'><strong>forte</strong></span> <span class='ocrx_word' id='word_1_152' title='bbox 481 1285 565 1338; x_wconf 92' lang='lat' dir='ltr'><strong>vel</strong></span> <span class='ocrx_word' id='word_1_153' title='bbox 596 1285 820 1339; x_wconf 84' lang='lat' dir='ltr'><strong>levioris</strong></span> <span class='ocrx_word' id='word_1_154' title='bbox 864 1284 1039 1356; x_wconf 71' lang='lat' dir='ltr'><strong>crlpaa</strong></span> <span class='ocrx_word' id='word_1_155' title='bbox 1087 1286 1317 1339; x_wconf 83' lang='lat' dir='ltr'><strong>vulnera</strong></span> <span class='ocrx_word' id='word_1_156' title='bbox 1365 1285 1420 1338; x_wconf 92' lang='lat' dir='ltr'><strong>in</strong></span> <span class='ocrx_word' id='word_1_157' title='bbox 1469 1283 1561 1337; x_wconf 87' lang='lat' dir='ltr'><strong>illo</strong></span> <span class='ocrx_word' id='word_1_158' title='bbox 1601 1283 1905 1337; x_wconf 87' lang='lat' dir='ltr'><strong>manebant</strong></span> <span class='ocrx_word' id='word_1_159' title='bbox 1983 1286 2242 1355; x_wconf 87' lang='lat' dir='ltr'><strong>ximeque</strong></span> <span class='ocrx_word' id='word_1_160' title='bbox 2269 1285 2803 1350; x_wconf 82' lang='lat' dir='ltr'><strong>sanctimonialium,</strong></span> <span class='ocrx_word' id='word_1_161' title='bbox 2834 1284 2905 1338; x_wconf 91' lang='lat' dir='ltr'><strong>de</strong></span> <span class='ocrx_word' id='word_1_162' title='bbox 2936 1295 3117 1340; x_wconf 86' lang='lat' dir='ltr'><strong>morte</strong></span> <span class='ocrx_word' id='word_1_163' title='bbox 3143 1288 3231 1341; x_wconf 87' lang='lat' dir='ltr'><strong>sui</strong></span> <span class='ocrx_word' id='word_1_164' title='bbox 3266 1287 3582 1357; x_wconf 88' lang='lat' dir='ltr'><strong>patroniin-</strong></span> 
     </span>
    </p>
   </div>
   <div class='ocr_carea' id='block_1_13' title="bbox 300 1371 3579 1444">
    <p class='ocr_par' dir='ltr' id='par_1_13' title="bbox 300 1371 3579 1444">
     <span class='ocr_line' id='line_1_13' title="bbox 300 1371 3579 1444; baseline 0.002 -20"><span class='ocrx_word' id='word_1_165' title='bbox 300 1371 587 1435; x_wconf 80' lang='lat' dir='ltr'><strong>incurata,</strong></span> <span class='ocrx_word' id='word_1_166' title='bbox 612 1375 752 1427; x_wconf 84' lang='lat' dir='ltr'><strong>duro</strong></span> <span class='ocrx_word' id='word_1_167' title='bbox 794 1380 963 1444; x_wconf 87' lang='lat' dir='ltr'><strong>atque</strong></span> <span class='ocrx_word' id='word_1_168' title='bbox 999 1389 1192 1428; x_wconf 87' lang='lat' dir='ltr'><strong>amaro</strong></span> <span class='ocrx_word' id='word_1_169' title='bbox 1222 1374 1462 1427; x_wconf 83' lang='lat' dir='ltr'><strong>transitu</strong></span> <span class='ocrx_word' id='word_1_170' title='bbox 1495 1373 1693 1427; x_wconf 81' lang='lat' dir='ltr'><strong>fierent</strong></span> <span class='ocrx_word' id='word_1_171' title='bbox 1725 1372 1902 1425; x_wconf 86' lang='lat' dir='ltr'><strong>medi-</strong></span> <span class='ocrx_word' id='word_1_172' title='bbox 1985 1373 2296 1428; x_wconf 80' lang='lat' dir='ltr'><strong>solabiliter</strong></span> <span class='ocrx_word' id='word_1_173' title='bbox 2325 1374 2698 1427; x_wconf 58' lang='lat' dir='ltr'><strong>merentium.</strong></span> <span class='ocrx_word' id='word_1_174' title='bbox 2718 1388 2858 1442; x_wconf 82' lang='lat' dir='ltr'><strong>quas</strong></span> <span class='ocrx_word' id='word_1_175' title='bbox 2892 1372 3039 1428; x_wconf 88' lang='lat' dir='ltr'><strong>idem</strong></span> <span class='ocrx_word' id='word_1_176' title='bbox 3070 1376 3233 1429; x_wconf 87' lang='lat' dir='ltr'><strong>Pater</strong></span> <span class='ocrx_word' id='word_1_177' title='bbox 3253 1392 3351 1444; x_wconf 89' lang='lat' dir='ltr'><strong>pro</strong></span> <span class='ocrx_word' id='word_1_178' title='bbox 3369 1376 3579 1430; x_wconf 87' lang='lat' dir='ltr'><strong>Christi</strong></span> 
     </span>
    </p>
   </div>
   <div class='ocr_carea' id='block_1_14' title="bbox 296 1460 3574 1535">
    <p class='ocr_par' dir='ltr' id='par_1_14' title="bbox 296 1460 3574 1535">
     <span class='ocr_line' id='line_1_14' title="bbox 296 1460 3574 1535; baseline 0.001 -20"><span class='ocrx_word' id='word_1_179' title='bbox 296 1471 431 1515; x_wconf 88' lang='lat' dir='ltr'><strong>cata</strong></span> <span class='ocrx_word' id='word_1_180' title='bbox 458 1471 627 1532; x_wconf 90' lang='lat' dir='ltr'><strong>atque</strong></span> <span class='ocrx_word' id='word_1_181' title='bbox 659 1470 883 1518; x_wconf 84' lang='lat' dir='ltr'><strong>sanata.</strong></span> <span class='ocrx_word' id='word_1_182' title='bbox 927 1463 1040 1516; x_wconf 86' lang='lat' dir='ltr'><strong>Hoc</strong></span> <span class='ocrx_word' id='word_1_183' title='bbox 1082 1478 1327 1533; x_wconf 87' lang='lat' dir='ltr'><strong>namque</strong></span> <span class='ocrx_word' id='word_1_184' title='bbox 1365 1462 1561 1516; x_wconf 84' lang='lat' dir='ltr'><strong>beatus</strong></span> <span class='ocrx_word' id='word_1_185' title='bbox 1597 1460 1902 1530; x_wconf 84' lang='lat' dir='ltr'><strong>Gregorius</strong></span> <span class='ocrx_word' id='word_1_186' title='bbox 1987 1479 2177 1515; x_wconf 89' lang='lat' dir='ltr'><strong>amore</strong></span> <span class='ocrx_word' id='word_1_187' title='bbox 2206 1466 2660 1531; x_wconf 81' lang='lat' dir='ltr'><strong>congregaverat,</strong></span> <span class='ocrx_word' id='word_1_188' title='bbox 2701 1470 2764 1515; x_wconf 89' lang='lat' dir='ltr'><strong>ut</strong></span> <span class='ocrx_word' id='word_1_189' title='bbox 2789 1477 2874 1515; x_wconf 73' lang='lat' dir='ltr'><strong>vux</strong></span> <span class='ocrx_word' id='word_1_190' title='bbox 2915 1463 2972 1516; x_wconf 90' lang='lat' dir='ltr'><strong>in</strong></span> <span class='ocrx_word' id='word_1_191' title='bbox 3016 1463 3108 1517; x_wconf 83' lang='lat' dir='ltr'><strong>illa</strong></span> <span class='ocrx_word' id='word_1_192' title='bbox 3147 1464 3237 1516; x_wconf 88' lang='lat' dir='ltr'><strong>die</strong></span> <span class='ocrx_word' id='word_1_193' title='bbox 3268 1463 3433 1517; x_wconf 76' lang='lat' dir='ltr'><strong>funus</strong></span> <span class='ocrx_word' id='word_1_194' title='bbox 3476 1480 3574 1535; x_wconf 90' lang='lat' dir='ltr'><strong>pro</strong></span> 
     </span>
    </p>
   </div>
   <div class='ocr_carea' id='block_1_15' title="bbox 298 1550 3581 1622">
    <p class='ocr_par' dir='ltr' id='par_1_15' title="bbox 298 1550 3581 1622">
     <span class='ocr_line' id='line_1_15' title="bbox 298 1550 3581 1622; baseline 0.001 -17"><span class='ocrx_word' id='word_1_195' title='bbox 298 1552 635 1622; x_wconf 86' lang='lat' dir='ltr'><strong>comprobat</strong></span> <span class='ocrx_word' id='word_1_196' title='bbox 684 1552 806 1605; x_wconf 82' lang='lat' dir='ltr'><strong>ﬁeri</strong></span> <span class='ocrx_word' id='word_1_197' title='bbox 850 1551 1097 1605; x_wconf 70' lang='lat' dir='ltr'><strong>historiae</strong></span> <span class='ocrx_word' id='word_1_198' title='bbox 1142 1550 1354 1622; x_wconf 82' lang='lat' dir='ltr'><strong>Regum</strong></span> <span class='ocrx_word' id='word_1_199' title='bbox 1401 1551 1756 1612; x_wconf 76' lang='lat' dir='ltr'><strong>auctoritate,</strong></span> <span class='ocrx_word' id='word_1_200' title='bbox 1808 1550 1901 1603; x_wconf 92' lang='lat' dir='ltr'><strong>ubi</strong></span> <span class='ocrx_word' id='word_1_201' title='bbox 1983 1551 2258 1604; x_wconf 81' lang='lat' dir='ltr'><strong>densitate</strong></span> <span class='ocrx_word' id='word_1_202' title='bbox 2288 1551 2432 1620; x_wconf 82' lang='lat' dir='ltr'><strong>vulgi</strong></span> <span class='ocrx_word' id='word_1_203' title='bbox 2465 1552 2669 1612; x_wconf 84' lang='lat' dir='ltr'><strong>ﬂentis,</strong></span> <span class='ocrx_word' id='word_1_204' title='bbox 2698 1560 2755 1604; x_wconf 88' lang='lat' dir='ltr'><strong>et</strong></span> <span class='ocrx_word' id='word_1_205' title='bbox 2782 1568 2902 1604; x_wconf 85' lang='lat' dir='ltr'><strong>sese</strong></span> <span class='ocrx_word' id='word_1_206' title='bbox 2930 1553 3409 1622; x_wconf 88' lang='lat' dir='ltr'><strong>superingerentis</strong></span> <span class='ocrx_word' id='word_1_207' title='bbox 3432 1570 3581 1608; x_wconf 90' lang='lat' dir='ltr'><strong>com-</strong></span> 
     </span>
    </p>
   </div>
   <div class='ocr_carea' id='block_1_16' title="bbox 297 1639 3577 1713">
    <p class='ocr_par' dir='ltr' id='par_1_16' title="bbox 297 1639 3577 1713">
     <span class='ocr_line' id='line_1_16' title="bbox 297 1639 3577 1713; baseline 0.001 -19"><span class='ocrx_word' id='word_1_208' title='bbox 297 1642 392 1694; x_wconf 88' lang='lat' dir='ltr'><strong>leo</strong></span> <span class='ocrx_word' id='word_1_209' title='bbox 436 1642 764 1712; x_wconf 81' lang='lat' dir='ltr'><strong>prophetam</strong></span> <span class='ocrx_word' id='word_1_210' title='bbox 814 1640 1159 1695; x_wconf 83' lang='lat' dir='ltr'><strong>interfecisse</strong></span> <span class='ocrx_word' id='word_1_211' title='bbox 1210 1641 1417 1695; x_wconf 91' lang='lat' dir='ltr'><strong>dicitur</strong></span> <span class='ocrx_word' id='word_1_212' title='bbox 1460 1649 1687 1711; x_wconf 88' lang='lat' dir='ltr'><strong>peccato</strong></span> <span class='ocrx_word' id='word_1_213' title='bbox 1717 1640 1904 1694; x_wconf 76' lang='lat' dir='ltr'><strong>inobe-</strong></span> <span class='ocrx_word' id='word_1_214' title='bbox 1986 1639 2122 1709; x_wconf 87' lang='lat' dir='ltr'><strong>pleri</strong></span> <span class='ocrx_word' id='word_1_215' title='bbox 2154 1640 2417 1709; x_wconf 89' lang='lat' dir='ltr'><strong>potuerit.</strong></span> <span class='ocrx_word' id='word_1_216' title='bbox 2450 1640 2601 1693; x_wconf 80' lang='lat' dir='ltr'><strong>Obiit</strong></span> <span class='ocrx_word' id='word_1_217' title='bbox 2623 1655 2771 1693; x_wconf 85' lang='lat' dir='ltr'><strong>anno</strong></span> <span class='ocrx_word' id='word_1_218' title='bbox 2811 1640 2936 1694; x_wconf 60' lang='lat' dir='ltr'><strong>vitae</strong></span> <span class='ocrx_word' id='word_1_219' title='bbox 2966 1656 3079 1694; x_wconf 67' lang='lat' dir='ltr'><strong>suae</strong></span> <span class='ocrx_word' id='word_1_220' title='bbox 3109 1642 3577 1713; x_wconf 83' lang='lat' dir='ltr'><strong>quinquagesimo</strong></span> 
     </span>
    </p>
   </div>
   <div class='ocr_carea' id='block_1_17' title="bbox 297 1728 3576 1812">
    <p class='ocr_par' dir='ltr' id='par_1_17' title="bbox 297 1728 3576 1812">
     <span class='ocr_line' id='line_1_17' title="bbox 297 1728 3576 1812; baseline 0.001 -30"><span class='ocrx_word' id='word_1_221' title='bbox 297 1728 552 1786; x_wconf 68' lang='lat' dir='ltr'><strong>dientiaa.</strong></span> <span class='ocrx_word' id='word_1_222' title='bbox 585 1730 681 1783; x_wconf 91' lang='lat' dir='ltr'><strong>sed</strong></span> <span class='ocrx_word' id='word_1_223' title='bbox 726 1731 956 1791; x_wconf 89' lang='lat' dir='ltr'><strong>minime</strong></span> <span class='ocrx_word' id='word_1_224' title='bbox 996 1740 1253 1800; x_wconf 77' lang='lat' dir='ltr'><strong>gustasse</strong></span> <span class='ocrx_word' id='word_1_225' title='bbox 1291 1729 1360 1783; x_wconf 89' lang='lat' dir='ltr'><strong>de</strong></span> <span class='ocrx_word' id='word_1_226' title='bbox 1390 1739 1581 1783; x_wconf 89' lang='lat' dir='ltr'><strong>sancto</strong></span> <span class='ocrx_word' id='word_1_227' title='bbox 1611 1729 1898 1783; x_wconf 79' lang='lat' dir='ltr'><strong>cadavere.</strong></span> <span class='ocrx_word' id='word_1_228' title='bbox 1928 1736 2194 1812; x_wconf 80' lang='lat' dir='ltr'><strong>Boctavo,</strong></span> <span class='ocrx_word' id='word_1_229' title='bbox 2229 1728 2525 1799; x_wconf 83' lang='lat' dir='ltr'><strong>pastoralis</strong></span> <span class='ocrx_word' id='word_1_230' title='bbox 2557 1744 2705 1783; x_wconf 64' lang='lat' dir='ltr'><strong>cura;</strong></span> <span class='ocrx_word' id='word_1_231' title='bbox 2733 1729 2995 1782; x_wconf 84' lang='lat' dir='ltr'><strong>vicesimo</strong></span> <span class='ocrx_word' id='word_1_232' title='bbox 3023 1730 3239 1799; x_wconf 82' lang='lat' dir='ltr'><strong>quinto,</strong></span> <span class='ocrx_word' id='word_1_233' title='bbox 3279 1731 3350 1784; x_wconf 89' lang='lat' dir='ltr'><strong>ab</strong></span> <span class='ocrx_word' id='word_1_234' title='bbox 3388 1730 3576 1786; x_wconf 82' lang='lat' dir='ltr'><strong>Incar-</strong></span> 
     </span>
    </p>
   </div>
   <div class='ocr_carea' id='block_1_18' title="bbox 296 1816 3397 1891">
    <p class='ocr_par' dir='ltr' id='par_1_18' title="bbox 296 1816 3397 1891">
     <span class='ocr_line' id='line_1_18' title="bbox 296 1816 3397 1891; baseline 0.001 -18"><span class='ocrx_word' id='word_1_235' title='bbox 296 1819 385 1873; x_wconf 87' lang='lat' dir='ltr'><strong>De</strong></span> <span class='ocrx_word' id='word_1_236' title='bbox 415 1821 659 1874; x_wconf 78' lang='lat' dir='ltr'><strong>termino</strong></span> <span class='ocrx_word' id='word_1_237' title='bbox 705 1828 894 1875; x_wconf 87' lang='lat' dir='ltr'><strong>autem</strong></span> <span class='ocrx_word' id='word_1_238' title='bbox 945 1822 1068 1875; x_wconf 68' lang='lat' dir='ltr'><strong>vita:</strong></span> <span class='ocrx_word' id='word_1_239' title='bbox 1105 1838 1239 1883; x_wconf 66' lang='lat' dir='ltr'><strong>suae,</strong></span> <span class='ocrx_word' id='word_1_240' title='bbox 1274 1821 1353 1874; x_wconf 92' lang='lat' dir='ltr'><strong>sic</strong></span> <span class='ocrx_word' id='word_1_241' title='bbox 1381 1838 1478 1891; x_wconf 87' lang='lat' dir='ltr'><strong>per</strong></span> <span class='ocrx_word' id='word_1_242' title='bbox 1514 1821 1694 1875; x_wconf 81' lang='lat' dir='ltr'><strong>visum</strong></span> <span class='ocrx_word' id='word_1_243' title='bbox 1737 1821 1901 1889; x_wconf 87' lang='lat' dir='ltr'><strong>longe</strong></span> <span class='ocrx_word' id='word_1_244' title='bbox 1982 1816 2208 1871; x_wconf 91' lang='lat' dir='ltr'><strong>natione</strong></span> <span class='ocrx_word' id='word_1_245' title='bbox 2237 1816 2455 1870; x_wconf 88' lang='lat' dir='ltr'><strong>Domini</strong></span> <span class='ocrx_word' id='word_1_246' title='bbox 2491 1817 2785 1871; x_wconf 71' lang='lat' dir='ltr'><strong>mislesimo</strong></span> <span class='ocrx_word' id='word_1_247' title='bbox 2806 1816 3168 1887; x_wconf 76' lang='lat' dir='ltr'><strong>nonagesimo</strong></span> <span class='ocrx_word' id='word_1_248' title='bbox 3195 1818 3397 1889; x_wconf 91' lang='lat' dir='ltr'><strong>primo.</strong></span> 
     </span>
    </p>
   </div>
   <div class='ocr_carea' id='block_1_19' title="bbox 298 1903 3566 1981">
    <p class='ocr_par' dir='ltr' id='par_1_19' title="bbox 298 1903 3566 1981">
     <span class='ocr_line' id='line_1_19' title="bbox 298 1903 3566 1981; baseline 0.002 -19"><span class='ocrx_word' id='word_1_249' title='bbox 298 1916 437 1963; x_wconf 75' lang='lat' dir='ltr'><strong>ante</strong></span> <span class='ocrx_word' id='word_1_250' title='bbox 483 1910 852 1963; x_wconf 83' lang='lat' dir='ltr'><strong>certiﬁcatum</strong></span> <span class='ocrx_word' id='word_1_251' title='bbox 885 1910 1224 1981; x_wconf 75' lang='lat' dir='ltr'><strong>acc&#39;pimus.</strong></span> <span class='ocrx_word' id='word_1_252' title='bbox 1260 1910 1567 1963; x_wconf 85' lang='lat' dir='ltr'><strong>Videbatur</strong></span> <span class='ocrx_word' id='word_1_253' title='bbox 1594 1911 1777 1963; x_wconf 86' lang='lat' dir='ltr'><strong>videre</strong></span> <span class='ocrx_word' id='word_1_254' title='bbox 1806 1927 1898 1963; x_wconf 87' lang='lat' dir='ltr'><strong>se-</strong></span> <span class='ocrx_word' id='word_1_255' title='bbox 2056 1903 2140 1959; x_wconf 75' lang='grc'><strong>47.</strong></span> <span class='ocrx_word' id='word_1_256' title='bbox 2167 1907 2313 1958; x_wconf 77' lang='lat' dir='ltr'><strong>Mira</strong></span> <span class='ocrx_word' id='word_1_257' title='bbox 2334 1908 2407 1958; x_wconf 84' lang='lat' dir='ltr'><strong>ad</strong></span> <span class='ocrx_word' id='word_1_258' title='bbox 2434 1909 2867 1969; x_wconf 72' lang='lat' dir='ltr'><strong>eiustumulum.</strong></span> <span class='ocrx_word' id='word_1_259' title='bbox 2892 1908 3060 1961; x_wconf 78' lang='lat' dir='ltr'><strong>Beata</strong></span> <span class='ocrx_word' id='word_1_260' title='bbox 3089 1908 3271 1978; x_wconf 82' lang='lat' dir='ltr'><strong>plane,</strong></span> <span class='ocrx_word' id='word_1_261' title='bbox 3309 1908 3467 1964; x_wconf 68' lang='lat' dir='ltr'><strong>beat-1</strong></span> <span class='ocrx_word' id='word_1_262' title='bbox 3488 1928 3566 1975; x_wconf 87' lang='lat' dir='ltr'><strong>es,</strong></span> 
     </span>
    </p>
   </div>
   <div class='ocr_carea' id='block_1_20' title="bbox 296 1994 3577 2070">
    <p class='ocr_par' dir='ltr' id='par_1_20' title="bbox 296 1994 3577 2070">
     <span class='ocr_line' id='line_1_20' title="bbox 296 1994 3577 2070; baseline 0.001 -19"><span class='ocrx_word' id='word_1_263' title='bbox 296 1997 488 2068; x_wconf 88' lang='lat' dir='ltr'><strong>ipsum</strong></span> <span class='ocrx_word' id='word_1_264' title='bbox 512 2000 782 2053; x_wconf 88' lang='lat' dir='ltr'><strong>nudatum</strong></span> <span class='ocrx_word' id='word_1_265' title='bbox 801 2017 898 2070; x_wconf 90' lang='lat' dir='ltr'><strong>per</strong></span> <span class='ocrx_word' id='word_1_266' title='bbox 927 2016 1080 2053; x_wconf 91' lang='lat' dir='ltr'><strong>mare</strong></span> <span class='ocrx_word' id='word_1_267' title='bbox 1105 2000 1288 2053; x_wconf 88' lang='lat' dir='ltr'><strong>nando</strong></span> <span class='ocrx_word' id='word_1_268' title='bbox 1312 2000 1382 2052; x_wconf 89' lang='lat' dir='ltr'><strong>ad</strong></span> <span class='ocrx_word' id='word_1_269' title='bbox 1415 2000 1572 2053; x_wconf 89' lang='lat' dir='ltr'><strong>littus</strong></span> <span class='ocrx_word' id='word_1_270' title='bbox 1596 1999 1899 2069; x_wconf 84' lang='lat' dir='ltr'><strong>pervenire.</strong></span> <span class='ocrx_word' id='word_1_271' title='bbox 1986 1994 2213 2048; x_wconf 88' lang='lat' dir='ltr'><strong>Clusina</strong></span> <span class='ocrx_word' id='word_1_272' title='bbox 2247 1994 2481 2048; x_wconf 83' lang='lat' dir='ltr'><strong>fratrum</strong></span> <span class='ocrx_word' id='word_1_273' title='bbox 2510 1995 2721 2049; x_wconf 89' lang='lat' dir='ltr'><strong>concio.</strong></span> <span class='ocrx_word' id='word_1_274' title='bbox 2737 2013 2860 2065; x_wconf 72' lang='lat' dir='ltr'><strong>qum</strong></span> <span class='ocrx_word' id='word_1_275' title='bbox 2875 2002 3034 2050; x_wconf 77' lang='lat' dir='ltr'><strong>tanto</strong></span> <span class='ocrx_word' id='word_1_276' title='bbox 3056 1998 3308 2052; x_wconf 82' lang='lat' dir='ltr'><strong>meruisti</strong></span> <span class='ocrx_word' id='word_1_277' title='bbox 3323 1999 3577 2056; x_wconf 87' lang='lat' dir='ltr'><strong>decorari</strong></span> 
     </span>
    </p>
   </div>
   <div class='ocr_carea' id='block_1_21' title="bbox 295 2085 3580 2159">
    <p class='ocr_par' dir='ltr' id='par_1_21' title="bbox 295 2085 3580 2159">
     <span class='ocr_line' id='line_1_21' title="bbox 295 2085 3580 2159; baseline 0.001 -19"><span class='ocrx_word' id='word_1_278' title='bbox 295 2086 495 2157; x_wconf 88' lang='lat' dir='ltr'><strong>ibique</strong></span> <span class='ocrx_word' id='word_1_279' title='bbox 526 2089 765 2142; x_wconf 84' lang='lat' dir='ltr'><strong>inventis</strong></span> <span class='ocrx_word' id='word_1_280' title='bbox 791 2089 1123 2159; x_wconf 88' lang='lat' dir='ltr'><strong>quibusdam</strong></span> <span class='ocrx_word' id='word_1_281' title='bbox 1151 2089 1341 2159; x_wconf 87' lang='lat' dir='ltr'><strong>paucis</strong></span> <span class='ocrx_word' id='word_1_282' title='bbox 1370 2088 1629 2141; x_wconf 87' lang='lat' dir='ltr'><strong>arborum</strong></span> <span class='ocrx_word' id='word_1_283' title='bbox 1662 2087 1901 2141; x_wconf 63' lang='lat' dir='ltr'><strong>surculis</strong></span> <span class='ocrx_word' id='word_1_284' title='bbox 1985 2094 2237 2154; x_wconf 85' lang='lat' dir='ltr'><strong>patrono.</strong></span> <span class='ocrx_word' id='word_1_285' title='bbox 2257 2085 2437 2137; x_wconf 81' lang='lat' dir='ltr'><strong>Habes</strong></span> <span class='ocrx_word' id='word_1_286' title='bbox 2468 2085 2675 2154; x_wconf 89' lang='lat' dir='ltr'><strong>quippe</strong></span> <span class='ocrx_word' id='word_1_287' title='bbox 2698 2103 2808 2156; x_wconf 67' lang='lat' dir='ltr'><strong>prae</strong></span> <span class='ocrx_word' id='word_1_288' title='bbox 2829 2087 3025 2147; x_wconf 85' lang='lat' dir='ltr'><strong>oculis.</strong></span> <span class='ocrx_word' id='word_1_289' title='bbox 3058 2089 3220 2156; x_wconf 86' lang='lat' dir='ltr'><strong>cujus</strong></span> <span class='ocrx_word' id='word_1_290' title='bbox 3252 2090 3376 2142; x_wconf 84' lang='lat' dir='ltr'><strong>ﬁdei</strong></span> <span class='ocrx_word' id='word_1_291' title='bbox 3406 2090 3580 2144; x_wconf 88' lang='lat' dir='ltr'><strong>since-</strong></span> 
     </span>
    </p>
   </div>
   <div class='ocr_carea' id='block_1_22' title="bbox 297 2171 3578 2247">
    <p class='ocr_par' dir='ltr' id='par_1_22' title="bbox 297 2171 3578 2247">
     <span class='ocr_line' id='line_1_22' title="bbox 297 2171 3578 2247; baseline 0 -15"><span class='ocrx_word' id='word_1_292' title='bbox 297 2179 442 2232; x_wconf 88' lang='lat' dir='ltr'><strong>satis</strong></span> <span class='ocrx_word' id='word_1_293' title='bbox 470 2177 692 2231; x_wconf 86' lang='lat' dir='ltr'><strong>inﬁrme</strong></span> <span class='ocrx_word' id='word_1_294' title='bbox 722 2177 985 2232; x_wconf 89' lang='lat' dir='ltr'><strong>radicatis</strong></span> <span class='ocrx_word' id='word_1_295' title='bbox 1018 2185 1300 2247; x_wconf 76' lang='lat' dir='ltr'><strong>utcunque</strong></span> <span class='ocrx_word' id='word_1_296' title='bbox 1334 2176 1442 2231; x_wconf 91' lang='lat' dir='ltr'><strong>illis</strong></span> <span class='ocrx_word' id='word_1_297' title='bbox 1465 2174 1900 2240; x_wconf 69' lang='lat' dir='ltr'><strong>haesisseQuam</strong></span> <span class='ocrx_word' id='word_1_298' title='bbox 1986 2173 2209 2225; x_wconf 80' lang='lat' dir='ltr'><strong>ritatem</strong></span> <span class='ocrx_word' id='word_1_299' title='bbox 2238 2180 2295 2225; x_wconf 89' lang='lat' dir='ltr'><strong>et</strong></span> <span class='ocrx_word' id='word_1_300' title='bbox 2326 2171 2525 2243; x_wconf 86' lang='lat' dir='ltr'><strong>probos</strong></span> <span class='ocrx_word' id='word_1_301' title='bbox 2560 2190 2739 2227; x_wconf 84' lang='lat' dir='ltr'><strong>mores</strong></span> <span class='ocrx_word' id='word_1_302' title='bbox 2770 2175 2816 2228; x_wconf 92' lang='lat' dir='ltr'><strong>si</strong></span> <span class='ocrx_word' id='word_1_303' title='bbox 2838 2174 3006 2245; x_wconf 85' lang='lat' dir='ltr'><strong>digne</strong></span> <span class='ocrx_word' id='word_1_304' title='bbox 3027 2175 3353 2237; x_wconf 82' lang='lat' dir='ltr'><strong>excolueris.</strong></span> <span class='ocrx_word' id='word_1_305' title='bbox 3380 2190 3578 2247; x_wconf 86' lang='lat' dir='ltr'><strong>peren-</strong></span> 
     </span>
    </p>
   </div>
   <div class='ocr_carea' id='block_1_23' title="bbox 302 2262 3582 2337">
    <p class='ocr_par' dir='ltr' id='par_1_23' title="bbox 302 2262 3582 2337">
     <span class='ocr_line' id='line_1_23' title="bbox 302 2262 3582 2337; baseline 0.001 -18"><span class='ocrx_word' id='word_1_306' title='bbox 302 2267 577 2321; x_wconf 83' lang='lat' dir='ltr'><strong>visionem</strong></span> <span class='ocrx_word' id='word_1_307' title='bbox 631 2267 764 2320; x_wconf 91' lang='lat' dir='ltr'><strong>mihi</strong></span> <span class='ocrx_word' id='word_1_308' title='bbox 807 2268 1000 2321; x_wconf 90' lang='lat' dir='ltr'><strong>sedulo</strong></span> <span class='ocrx_word' id='word_1_309' title='bbox 1046 2267 1123 2320; x_wconf 91' lang='lat' dir='ltr'><strong>illi</strong></span> <span class='ocrx_word' id='word_1_310' title='bbox 1171 2266 1469 2321; x_wconf 82' lang='lat' dir='ltr'><strong>excubanti</strong></span> <span class='ocrx_word' id='word_1_311' title='bbox 1513 2283 1611 2336; x_wconf 88' lang='lat' dir='ltr'><strong>per</strong></span> <span class='ocrx_word' id='word_1_312' title='bbox 1654 2265 1899 2334; x_wconf 90' lang='lat' dir='ltr'><strong>seipsum</strong></span> <span class='ocrx_word' id='word_1_313' title='bbox 1987 2262 2073 2316; x_wconf 89' lang='lat' dir='ltr'><strong>nis</strong></span> <span class='ocrx_word' id='word_1_314' title='bbox 2104 2263 2228 2329; x_wconf 89' lang='lat' dir='ltr'><strong>ejus</strong></span> <span class='ocrx_word' id='word_1_315' title='bbox 2255 2262 2449 2330; x_wconf 83' lang='lat' dir='ltr'><strong>gaudii</strong></span> <span class='ocrx_word' id='word_1_316' title='bbox 2474 2280 2701 2316; x_wconf 81' lang='lat' dir='ltr'><strong>consors</strong></span> <span class='ocrx_word' id='word_1_317' title='bbox 2730 2281 2855 2318; x_wconf 74' lang='lat' dir='ltr'><strong>eSse</strong></span> <span class='ocrx_word' id='word_1_318' title='bbox 2885 2265 3095 2335; x_wconf 85' lang='lat' dir='ltr'><strong>poteris</strong></span> <span class='ocrx_word' id='word_1_319' title='bbox 3149 2267 3231 2320; x_wconf 87' lang='lat' dir='ltr'><strong>Ad</strong></span> <span class='ocrx_word' id='word_1_320' title='bbox 3259 2268 3582 2337; x_wconf 88' lang='lat' dir='ltr'><strong>sepulcrum</strong></span> 
     </span>
    </p>
   </div>
   <div class='ocr_carea' id='block_1_24' title="bbox 298 2352 3583 2427">
    <p class='ocr_par' dir='ltr' id='par_1_24' title="bbox 298 2352 3583 2427">
     <span class='ocr_line' id='line_1_24' title="bbox 298 2352 3583 2427; baseline 0 -17"><span class='ocrx_word' id='word_1_321' title='bbox 298 2356 688 2427; x_wconf 84' lang='lat' dir='ltr'><strong>interpretans</strong></span> <span class='ocrx_word' id='word_1_322' title='bbox 715 2356 891 2410; x_wconf 81' lang='lat' dir='ltr'><strong>dixit:</strong></span> <span class='ocrx_word' id='word_1_323' title='bbox 932 2383 945 2401; x_wconf 85' lang='lat'><strong>-</strong></span> <span class='ocrx_word' id='word_1_324' title='bbox 987 2357 1095 2411; x_wconf 84' lang='lat' dir='ltr'><strong>Per</strong></span> <span class='ocrx_word' id='word_1_325' title='bbox 1135 2374 1287 2410; x_wconf 90' lang='lat' dir='ltr'><strong>mare</strong></span> <span class='ocrx_word' id='word_1_326' title='bbox 1331 2356 1498 2423; x_wconf 86' lang='lat' dir='ltr'><strong>hujus</strong></span> <span class='ocrx_word' id='word_1_327' title='bbox 1535 2355 1722 2409; x_wconf 65' lang='lat' dir='ltr'><strong>saeculi</strong></span> <span class='ocrx_word' id='word_1_328' title='bbox 1757 2354 1904 2408; x_wconf 87' lang='lat' dir='ltr'><strong>labo—</strong></span> <span class='ocrx_word' id='word_1_329' title='bbox 1984 2368 2115 2404; x_wconf 78' lang='lat' dir='ltr'><strong>vero</strong></span> <span class='ocrx_word' id='word_1_330' title='bbox 2142 2352 2289 2404; x_wconf 91' lang='lat' dir='ltr'><strong>illius</strong></span> <span class='ocrx_word' id='word_1_331' title='bbox 2320 2352 2526 2423; x_wconf 90' lang='lat' dir='ltr'><strong>quique</strong></span> <span class='ocrx_word' id='word_1_332' title='bbox 2559 2353 2889 2423; x_wconf 86' lang='lat' dir='ltr'><strong>languentes</strong></span> <span class='ocrx_word' id='word_1_333' title='bbox 2917 2355 3246 2426; x_wconf 87' lang='lat' dir='ltr'><strong>frequenter</strong></span> <span class='ocrx_word' id='word_1_334' title='bbox 3266 2356 3583 2411; x_wconf 85' lang='lat' dir='ltr'><strong>sanctitatis</strong></span> 
     </span>
    </p>
   </div>
   <div class='ocr_carea' id='block_1_25' title="bbox 300 2427 3583 2513">
    <p class='ocr_par' dir='ltr' id='par_1_25' title="bbox 300 2427 3583 2513">
     <span class='ocr_line' id='line_1_25' title="bbox 300 2427 3583 2513; baseline 0 -15"><span class='ocrx_word' id='word_1_335' title='bbox 300 2444 477 2509; x_wconf 82' lang='lat' dir='ltr'><strong>riosa,</strong></span> <span class='ocrx_word' id='word_1_336' title='bbox 513 2451 575 2499; x_wconf 87' lang='lat' dir='ltr'><strong>ut</strong></span> <span class='ocrx_word' id='word_1_337' title='bbox 613 2445 815 2508; x_wconf 86' lang='lat' dir='ltr'><strong>cernis,</strong></span> <span class='ocrx_word' id='word_1_338' title='bbox 857 2445 1031 2499; x_wconf 86' lang='lat' dir='ltr'><strong>frater</strong></span> <span class='ocrx_word' id='word_1_339' title='bbox 1070 2445 1397 2498; x_wconf 80' lang='lat' dir='ltr'><strong>infirmitate</strong></span> <span class='ocrx_word' id='word_1_340' title='bbox 1446 2443 1689 2496; x_wconf 88' lang='lat' dir='ltr'><strong>natando</strong></span> <span class='ocrx_word' id='word_1_341' title='bbox 1718 2442 1904 2495; x_wconf 91' lang='lat' dir='ltr'><strong>nudus</strong></span> <span class='ocrx_word' id='word_1_342' title='bbox 1986 2439 2106 2505; x_wconf 81' lang='lat' dir='ltr'><strong>eius</strong></span> <span class='ocrx_word' id='word_1_343' title='bbox 2135 2439 2499 2507; x_wconf 72' lang='lat' dir='ltr'><strong>experiuntur</strong></span> <span class='ocrx_word' id='word_1_344' title='bbox 2540 2439 2800 2510; x_wconf 84' lang='lat' dir='ltr'><strong>insignia.</strong></span> <span class='ocrx_word' id='word_1_345' title='bbox 2843 2427 2889 2495; x_wconf 78' lang='lat' dir='ltr'><strong>si</strong></span> <span class='ocrx_word' id='word_1_346' title='bbox 2936 2449 3122 2495; x_wconf 89' lang='lat' dir='ltr'><strong>mente</strong></span> <span class='ocrx_word' id='word_1_347' title='bbox 3153 2444 3301 2496; x_wconf 82' lang='lat' dir='ltr'><strong>fideli</strong></span> <span class='ocrx_word' id='word_1_348' title='bbox 3336 2460 3434 2512; x_wconf 90' lang='lat' dir='ltr'><strong>per</strong></span> <span class='ocrx_word' id='word_1_349' title='bbox 3462 2443 3583 2513; x_wconf 87' lang='lat' dir='ltr'><strong>ejus</strong></span> 
     </span>
    </p>
   </div>
   <div class='ocr_carea' id='block_1_26' title="bbox 302 2528 3583 2604">
    <p class='ocr_par' dir='ltr' id='par_1_26' title="bbox 302 2528 3583 2604">
     <span class='ocr_line' id='line_1_26' title="bbox 302 2528 3583 2604; baseline -0 -17"><span class='ocrx_word' id='word_1_350' title='bbox 302 2540 363 2587; x_wconf 89' lang='lat' dir='ltr'><strong>et</strong></span> <span class='ocrx_word' id='word_1_351' title='bbox 386 2550 601 2604; x_wconf 86' lang='lat' dir='ltr'><strong>pauper</strong></span> <span class='ocrx_word' id='word_1_352' title='bbox 630 2535 697 2587; x_wconf 84' lang='lat' dir='ltr'><strong>ad</strong></span> <span class='ocrx_word' id='word_1_353' title='bbox 733 2535 897 2587; x_wconf 84' lang='lat' dir='ltr'><strong>ﬁnem</strong></span> <span class='ocrx_word' id='word_1_354' title='bbox 930 2534 1054 2587; x_wconf 64' lang='lat' dir='ltr'><strong>vitae</strong></span> <span class='ocrx_word' id='word_1_355' title='bbox 1087 2534 1408 2600; x_wconf 85' lang='lat' dir='ltr'><strong>pertrahor.</strong></span> <span class='ocrx_word' id='word_1_356' title='bbox 1437 2532 1791 2586; x_wconf 89' lang='lat' dir='ltr'><strong>surculorum</strong></span> <span class='ocrx_word' id='word_1_357' title='bbox 1818 2547 1906 2586; x_wconf 84' lang='lat' dir='ltr'><strong>ve-</strong></span> <span class='ocrx_word' id='word_1_358' title='bbox 1990 2528 2244 2580; x_wconf 86' lang='lat' dir='ltr'><strong>meritaa</strong></span> <span class='ocrx_word' id='word_1_359' title='bbox 2268 2528 2489 2581; x_wconf 85' lang='lat' dir='ltr'><strong>Christo</strong></span> <span class='ocrx_word' id='word_1_360' title='bbox 2513 2529 2814 2598; x_wconf 81' lang='lat' dir='ltr'><strong>implorent</strong></span> <span class='ocrx_word' id='word_1_361' title='bbox 2844 2529 2948 2583; x_wconf 91' lang='lat' dir='ltr'><strong>sibi</strong></span> <span class='ocrx_word' id='word_1_362' title='bbox 2980 2530 3245 2601; x_wconf 71' lang='lat' dir='ltr'><strong>suffragia</strong></span> <span class='ocrx_word' id='word_1_363' title='bbox 3298 2532 3470 2601; x_wconf 91' lang='lat' dir='ltr'><strong>Cujus</strong></span> <span class='ocrx_word' id='word_1_364' title='bbox 3501 2532 3583 2587; x_wconf 90' lang='lat' dir='ltr'><strong>rei</strong></span> 
     </span>
    </p>
   </div>
   <div class='ocr_carea' id='block_1_27' title="bbox 302 2620 1907 2690">
    <p class='ocr_par' dir='ltr' id='par_1_27' title="bbox 302 2620 1907 2690">
     <span class='ocr_line' id='line_1_27' title="bbox 302 2620 1907 2690; baseline -0.001 -17"><span class='ocrx_word' id='word_1_365' title='bbox 302 2637 389 2681; x_wconf 84' lang='lat' dir='ltr'><strong>ro,</strong></span> <span class='ocrx_word' id='word_1_366' title='bbox 414 2620 621 2690; x_wconf 89' lang='lat' dir='ltr'><strong>quibus</strong></span> <span class='ocrx_word' id='word_1_367' title='bbox 651 2622 735 2674; x_wconf 84' lang='lat' dir='ltr'><strong>vix</strong></span> <span class='ocrx_word' id='word_1_368' title='bbox 766 2621 1065 2680; x_wconf 70' lang='lat' dir='ltr'><strong>innitebazr.</strong></span> <span class='ocrx_word' id='word_1_369' title='bbox 1091 2621 1247 2673; x_wconf 84' lang='lat' dir='ltr'><strong>radix</strong></span> <span class='ocrx_word' id='word_1_370' title='bbox 1279 2620 1521 2676; x_wconf 81' lang='lat' dir='ltr'><strong>infirma.</strong></span> <span class='ocrx_word' id='word_1_371' title='bbox 1548 2620 1602 2671; x_wconf 91' lang='lat' dir='ltr'><strong>in</strong></span> <span class='ocrx_word' id='word_1_372' title='bbox 1625 2635 1907 2672; x_wconf 86' lang='lat' dir='ltr'><strong>successo-</strong></span> 
     </span>
    </p>
   </div>
   <div class='ocr_carea' id='block_1_28' title="bbox 303 2708 1908 2778">
    <p class='ocr_par' dir='ltr' id='par_1_28' title="bbox 303 2708 1908 2778">
     <span class='ocr_line' id='line_1_28' title="bbox 303 2708 1908 2778; baseline -0.001 -14"><span class='ocrx_word' id='word_1_373' title='bbox 303 2709 464 2764; x_wconf 83' lang='lat' dir='ltr'><strong>ribus</strong></span> <span class='ocrx_word' id='word_1_374' title='bbox 489 2711 629 2764; x_wconf 87' lang='lat' dir='ltr'><strong>meis</strong></span> <span class='ocrx_word' id='word_1_375' title='bbox 657 2711 999 2765; x_wconf 79' lang='lat' dir='ltr'><strong>debilitatem</strong></span> <span class='ocrx_word' id='word_1_376' title='bbox 1034 2718 1089 2765; x_wconf 90' lang='lat' dir='ltr'><strong>et</strong></span> <span class='ocrx_word' id='word_1_377' title='bbox 1121 2710 1557 2764; x_wconf 84' lang='lat' dir='ltr'><strong>inconstantiam</strong></span> <span class='ocrx_word' id='word_1_378' title='bbox 1590 2710 1706 2762; x_wconf 83' lang='lat' dir='ltr'><strong>tore</strong></span> <span class='ocrx_word' id='word_1_379' title='bbox 1724 2708 1908 2778; x_wconf 69' lang='lat' dir='ltr'><strong>praesi-</strong></span> 
     </span>
    </p>
   </div>
   <div class='ocr_carea' id='block_1_29' title="bbox 299 2799 1905 2871">
    <p class='ocr_par' dir='ltr' id='par_1_29' title="bbox 299 2799 1905 2871">
     <span class='ocr_line' id='line_1_29' title="bbox 299 2799 1905 2871; baseline -0.002 -19"><span class='ocrx_word' id='word_1_380' title='bbox 299 2806 447 2871; x_wconf 87' lang='lat' dir='ltr'><strong>gnat</strong></span> <span class='ocrx_word' id='word_1_381' title='bbox 500 2820 527 2852; x_wconf 74' lang='grc' dir='ltr'><strong>ι</strong></span> <span class='ocrx_word' id='word_1_382' title='bbox 561 2799 723 2853; x_wconf 84' lang='lat' dir='ltr'><strong>Hanc</strong></span> <span class='ocrx_word' id='word_1_383' title='bbox 754 2801 950 2869; x_wconf 88' lang='lat' dir='ltr'><strong>utique</strong></span> <span class='ocrx_word' id='word_1_384' title='bbox 980 2800 1375 2853; x_wconf 47' lang='lat' dir='ltr'><strong>revelationem</strong></span> <span class='ocrx_word' id='word_1_385' title='bbox 1412 2815 1574 2852; x_wconf 83' lang='lat' dir='ltr'><strong>suum</strong></span> <span class='ocrx_word' id='word_1_386' title='bbox 1616 2806 1905 2851; x_wconf 71' lang='lat' dir='ltr'><strong>auctorem</strong></span> 
     </span>
    </p>
   </div>
   <div class='ocr_carea' id='block_1_30' title="bbox 302 2888 1904 2960">
    <p class='ocr_par' dir='ltr' id='par_1_30' title="bbox 302 2888 1904 2960">
     <span class='ocr_line' id='line_1_30' title="bbox 302 2888 1904 2960; baseline -0.003 -18"><span class='ocrx_word' id='word_1_387' title='bbox 302 2896 364 2942; x_wconf 88' lang='lat' dir='ltr'><strong>et</strong></span> <span class='ocrx_word' id='word_1_388' title='bbox 389 2891 750 2960; x_wconf 89' lang='lat' dir='ltr'><strong>interpretem</strong></span> <span class='ocrx_word' id='word_1_389' title='bbox 775 2906 1127 2959; x_wconf 86' lang='lat' dir='ltr'><strong>nequaquam</strong></span> <span class='ocrx_word' id='word_1_390' title='bbox 1154 2888 1415 2941; x_wconf 73' lang='lat' dir='ltr'><strong>fefellisse</strong></span> <span class='ocrx_word' id='word_1_391' title='bbox 1429 2904 1527 2941; x_wconf 89' lang='lat' dir='ltr'><strong>nos</strong></span> <span class='ocrx_word' id='word_1_392' title='bbox 1550 2894 1904 2946; x_wconf 84' lang='lat' dir='ltr'><strong>attestamur.</strong></span> 
     </span>
    </p>
   </div>
   <div class='ocr_carea' id='block_1_31' title="bbox 1988 2617 3586 2688">
    <p class='ocr_par' dir='ltr' id='par_1_31' title="bbox 1988 2617 3586 2688">
     <span class='ocr_line' id='line_1_31' title="bbox 1988 2617 3586 2688; baseline 0.004 -19"><span class='ocrx_word' id='word_1_393' title='bbox 1988 2623 2158 2669; x_wconf 86' lang='lat' dir='ltr'><strong>testes</strong></span> <span class='ocrx_word' id='word_1_394' title='bbox 2194 2617 2439 2669; x_wconf 84' lang='lat' dir='ltr'><strong>existunt</strong></span> <span class='ocrx_word' id='word_1_395' title='bbox 2474 2619 2777 2672; x_wconf 84' lang='lat' dir='ltr'><strong>numerosi.</strong></span> <span class='ocrx_word' id='word_1_396' title='bbox 2809 2635 2907 2688; x_wconf 86' lang='lat' dir='ltr'><strong>per</strong></span> <span class='ocrx_word' id='word_1_397' title='bbox 2933 2636 3058 2673; x_wconf 89' lang='lat' dir='ltr'><strong>eum</strong></span> <span class='ocrx_word' id='word_1_398' title='bbox 3095 2636 3147 2673; x_wconf 85' lang='lat' dir='ltr'><strong>Ill</strong></span> <span class='ocrx_word' id='word_1_399' title='bbox 3171 2620 3288 2673; x_wconf 82' lang='lat' dir='ltr'><strong>suis</strong></span> <span class='ocrx_word' id='word_1_400' title='bbox 3318 2621 3586 2675; x_wconf 78' lang='lat' dir='ltr'><strong>vah-tudi-</strong></span> 
     </span>
    </p>
   </div>
   <div class='ocr_carea' id='block_1_32' title="bbox 1989 2692 3583 2777">
    <p class='ocr_par' dir='ltr' id='par_1_32' title="bbox 1989 2692 3583 2777">
     <span class='ocr_line' id='line_1_32' title="bbox 1989 2692 3583 2777; baseline 0.004 -19"><span class='ocrx_word' id='word_1_401' title='bbox 1989 2705 2152 2758; x_wconf 85' lang='lat' dir='ltr'><strong>nibus</strong></span> <span class='ocrx_word' id='word_1_402' title='bbox 2179 2692 2451 2758; x_wconf 72' lang='lat' dir='ltr'><strong>medelam</strong></span> <span class='ocrx_word' id='word_1_403' title='bbox 2479 2707 2763 2772; x_wconf 81' lang='lat' dir='ltr'><strong>consecuti</strong></span> <span class='ocrx_word' id='word_1_404' title='bbox 2792 2724 2801 2757; x_wconf 92' lang='lat'>:</span> <span class='ocrx_word' id='word_1_405' title='bbox 2836 2724 2976 2777; x_wconf 91' lang='lat' dir='ltr'><strong>quos</strong></span> <span class='ocrx_word' id='word_1_406' title='bbox 3000 2714 3150 2761; x_wconf 87' lang='lat' dir='ltr'><strong>certe</strong></span> <span class='ocrx_word' id='word_1_407' title='bbox 3173 2726 3388 2777; x_wconf 87' lang='lat' dir='ltr'><strong>possem</strong></span> <span class='ocrx_word' id='word_1_408' title='bbox 3412 2710 3583 2763; x_wconf 90' lang='lat' dir='ltr'><strong>intro-</strong></span> 
     </span>
    </p>
   </div>
   <div class='ocr_carea' id='block_1_33' title="bbox 1988 2792 3586 2868">
    <p class='ocr_par' dir='ltr' id='par_1_33' title="bbox 1988 2792 3586 2868">
     <span class='ocr_line' id='line_1_33' title="bbox 1988 2792 3586 2868; baseline 0.004 -23"><span class='ocrx_word' id='word_1_409' title='bbox 1988 2792 2213 2848; x_wconf 87' lang='lat' dir='ltr'><strong>ducere.</strong></span> <span class='ocrx_word' id='word_1_410' title='bbox 2259 2792 2366 2845; x_wconf 88' lang='lat' dir='ltr'><strong>nisi</strong></span> <span class='ocrx_word' id='word_1_411' title='bbox 2396 2792 2582 2846; x_wconf 89' lang='lat' dir='ltr'><strong>debito</strong></span> <span class='ocrx_word' id='word_1_412' title='bbox 2628 2794 2736 2847; x_wconf 82' lang='lat' dir='ltr'><strong>line</strong></span> <span class='ocrx_word' id='word_1_413' title='bbox 2766 2812 2905 2864; x_wconf 91' lang='lat' dir='ltr'><strong>opus</strong></span> <span class='ocrx_word' id='word_1_414' title='bbox 2938 2796 3131 2848; x_wconf 89' lang='lat' dir='ltr'><strong>vellem</strong></span> <span class='ocrx_word' id='word_1_415' title='bbox 3162 2796 3442 2850; x_wconf 86' lang='lat' dir='ltr'><strong>claudere.</strong></span> <span class='ocrx_word' id='word_1_416' title='bbox 3474 2796 3586 2868; x_wconf 58' lang='lat' dir='ltr'><strong>Op.</strong></span> 
     </span>
    </p>
   </div>
   <div class='ocr_carea' id='block_1_34' title="bbox 1990 2881 3585 2955">
    <p class='ocr_par' dir='ltr' id='par_1_34' title="bbox 1990 2881 3585 2955">
     <span class='ocr_line' id='line_1_34' title="bbox 1990 2881 3585 2955; baseline 0.004 -22"><span class='ocrx_word' id='word_1_417' title='bbox 1990 2882 2284 2951; x_wconf 87' lang='lat' dir='ltr'><strong>portunius</strong></span> <span class='ocrx_word' id='word_1_418' title='bbox 2315 2881 2521 2952; x_wconf 86' lang='lat' dir='ltr'><strong>quippe</strong></span> <span class='ocrx_word' id='word_1_419' title='bbox 2538 2890 2640 2941; x_wconf 83' lang='lat' dir='ltr'><strong>est.</strong></span> <span class='ocrx_word' id='word_1_420' title='bbox 2675 2891 2738 2936; x_wconf 92' lang='lat' dir='ltr'><strong>ut</strong></span> <span class='ocrx_word' id='word_1_421' title='bbox 2765 2890 2935 2937; x_wconf 65' lang='lat' dir='ltr'><strong>tantae</strong></span> <span class='ocrx_word' id='word_1_422' title='bbox 2966 2885 3211 2939; x_wconf 68' lang='lat' dir='ltr'><strong>materiae</strong></span> <span class='ocrx_word' id='word_1_423' title='bbox 3244 2885 3444 2938; x_wconf 91' lang='lat' dir='ltr'><strong>molem</strong></span> <span class='ocrx_word' id='word_1_424' title='bbox 3466 2886 3585 2955; x_wconf 91' lang='lat' dir='ltr'><strong>ple-</strong></span> 
     </span>
    </p>
   </div>
   <div class='ocr_carea' id='block_1_35' title="bbox 302 2971 3584 3049">
    <p class='ocr_par' dir='ltr' id='par_1_35' title="bbox 302 2971 3584 3049">
     <span class='ocr_line' id='line_1_35' title="bbox 302 2971 3584 3049; baseline -0.001 -17"><span class='ocrx_word' id='word_1_425' title='bbox 302 2979 630 3049; x_wconf 89' lang='lat' dir='ltr'><strong>quicunque</strong></span> <span class='ocrx_word' id='word_1_426' title='bbox 651 2979 774 3047; x_wconf 82' lang='lat' dir='ltr'><strong>ejus</strong></span> <span class='ocrx_word' id='word_1_427' title='bbox 804 2984 1060 3037; x_wconf 70' lang='lat' dir='ltr'><strong>montem.</strong></span> <span class='ocrx_word' id='word_1_428' title='bbox 1090 2978 1195 3031; x_wconf 88' lang='lat' dir='ltr'><strong>heu</strong></span> <span class='ocrx_word' id='word_1_429' title='bbox 1221 2978 1232 3030; x_wconf 92' lang='lat'><strong>!</strong></span> <span class='ocrx_word' id='word_1_430' title='bbox 1268 2994 1376 3029; x_wconf 87' lang='lat' dir='ltr'><strong>non</strong></span> <span class='ocrx_word' id='word_1_431' title='bbox 1410 2976 1547 3029; x_wconf 88' lang='lat' dir='ltr'><strong>bene</strong></span> <span class='ocrx_word' id='word_1_432' title='bbox 1578 2974 1908 3046; x_wconf 86' lang='lat' dir='ltr'><strong>superstites</strong></span> <span class='ocrx_word' id='word_1_433' title='bbox 1970 2971 2117 3023; x_wconf 90' lang='lat' dir='ltr'><strong>-nius</strong></span> <span class='ocrx_word' id='word_1_434' title='bbox 2157 2971 2406 3024; x_wconf 84' lang='lat' dir='ltr'><strong>insinuet</strong></span> <span class='ocrx_word' id='word_1_435' title='bbox 2456 2981 2553 3024; x_wconf 80' lang='lat' dir='ltr'><strong>uta</strong></span> <span class='ocrx_word' id='word_1_436' title='bbox 2573 2972 2949 3033; x_wconf 78' lang='lat' dir='ltr'><strong>taciturnitas.</strong></span> <span class='ocrx_word' id='word_1_437' title='bbox 2981 2990 3148 3043; x_wconf 86' lang='lat' dir='ltr'><strong>quam</strong></span> <span class='ocrx_word' id='word_1_438' title='bbox 3183 2973 3402 3043; x_wconf 89' lang='lat' dir='ltr'><strong>pinguis</strong></span> <span class='ocrx_word' id='word_1_439' title='bbox 3424 2974 3584 3046; x_wconf 87' lang='lat' dir='ltr'><strong>inge-</strong></span> 
     </span>
    </p>
   </div>
   <div class='ocr_carea' id='block_1_36' title="bbox 303 3059 3404 3164">
    <p class='ocr_par' dir='ltr' id='par_1_36' title="bbox 303 3059 3404 3164">
     <span class='ocr_line' id='line_1_36' title="bbox 303 3059 3404 3164; baseline -0.001 -45"><span class='ocrx_word' id='word_1_440' title='bbox 303 3066 648 3136; x_wconf 76' lang='lat' dir='ltr'><strong>aspeximus.</strong></span> <span class='ocrx_word' id='word_1_441' title='bbox 682 3074 741 3120; x_wconf 89' lang='lat' dir='ltr'><strong>et</strong></span> <span class='ocrx_word' id='word_1_442' title='bbox 769 3083 963 3119; x_wconf 89' lang='lat' dir='ltr'><strong>navem</strong></span> <span class='ocrx_word' id='word_1_443' title='bbox 991 3066 1237 3119; x_wconf 56' lang='lat' dir='ltr'><strong>cci-lesiie</strong></span> <span class='ocrx_word' id='word_1_444' title='bbox 1269 3071 1471 3119; x_wconf 65' lang='lat' dir='ltr'><strong>nostra;</strong></span> <span class='ocrx_word' id='word_1_445' title='bbox 1495 3080 1632 3134; x_wconf 88' lang='lat' dir='ltr'><strong>pene</strong></span> <span class='ocrx_word' id='word_1_446' title='bbox 1661 3062 1905 3115; x_wconf 61' lang='lat' dir='ltr'><strong>dissolua</strong></span> <span class='ocrx_word' id='word_1_447' title='bbox 1925 3104 1969 3164; x_wconf 65' lang='grc' dir='ltr'>Ο</span> <span class='ocrx_word' id='word_1_448' title='bbox 1990 3059 2069 3113; x_wconf 90' lang='lat' dir='ltr'><strong>nii</strong></span> <span class='ocrx_word' id='word_1_449' title='bbox 2098 3068 2327 3113; x_wconf 83' lang='lat' dir='ltr'><strong>enervet</strong></span> <span class='ocrx_word' id='word_1_450' title='bbox 2356 3068 2527 3130; x_wconf 84' lang='lat' dir='ltr'><strong>atque</strong></span> <span class='ocrx_word' id='word_1_451' title='bbox 2547 3068 2809 3116; x_wconf 81' lang='lat' dir='ltr'><strong>extenuet</strong></span> <span class='ocrx_word' id='word_1_452' title='bbox 2839 3076 3039 3131; x_wconf 86' lang='lat' dir='ltr'><strong>procax</strong></span> <span class='ocrx_word' id='word_1_453' title='bbox 3072 3061 3404 3133; x_wconf 82' lang='lat' dir='ltr'><strong>loquacitas.</strong></span> 
     </span>
    </p>
   </div>
   <div class='ocr_carea' id='block_1_37' title="bbox 301 3146 3228 3225">
    <p class='ocr_par' dir='ltr' id='par_1_37' title="bbox 301 3146 3228 3225">
     <span class='ocr_line' id='line_1_37' title="bbox 301 3146 3228 3225; baseline -0.001 -17"><span class='ocrx_word' id='word_1_454' title='bbox 301 3160 425 3208; x_wconf 86' lang='lat' dir='ltr'><strong>tam</strong></span> <span class='ocrx_word' id='word_1_455' title='bbox 458 3154 823 3208; x_wconf 88' lang='lat' dir='ltr'><strong>instabilitate</strong></span> <span class='ocrx_word' id='word_1_456' title='bbox 863 3170 929 3207; x_wconf 88' lang='lat' dir='ltr'><strong>ac</strong></span> <span class='ocrx_word' id='word_1_457' title='bbox 962 3153 1421 3225; x_wconf 86' lang='lat' dir='ltr'><strong>pusillanimitate</strong></span> <span class='ocrx_word' id='word_1_458' title='bbox 1458 3150 1899 3213; x_wconf 85' lang='lat' dir='ltr'><strong>succedentium,</strong></span> <span class='ocrx_word' id='word_1_459' title='bbox 1926 3146 1969 3164; x_wconf 72' lang='lat'><strong>“&#39;</strong></span> <span class='ocrx_word' id='word_1_460' title='bbox 2357 3146 2545 3202; x_wconf 76' lang='lat' dir='ltr'><strong>Versus</strong></span> <span class='ocrx_word' id='word_1_461' title='bbox 2585 3166 2750 3217; x_wconf 73' lang='lat' dir='ltr'><strong>super</strong></span> <span class='ocrx_word' id='word_1_462' title='bbox 2780 3154 3063 3205; x_wconf 82' lang='lat' dir='ltr'><strong>tumulum</strong></span> <span class='ocrx_word' id='word_1_463' title='bbox 3092 3156 3228 3219; x_wconf 81' lang='lat' dir='ltr'><strong>ejus.</strong></span> 
     </span>
    </p>
   </div>
   <div class='ocr_carea' id='block_1_38' title="bbox 301 3236 3585 3313">
    <p class='ocr_par' dir='ltr' id='par_1_38' title="bbox 301 3236 3585 3313">
     <span class='ocr_line' id='line_1_38' title="bbox 301 3236 3585 3313; baseline 0 -15"><span class='ocrx_word' id='word_1_464' title='bbox 301 3262 409 3298; x_wconf 89' lang='lat' dir='ltr'><strong>ceu</strong></span> <span class='ocrx_word' id='word_1_465' title='bbox 439 3250 730 3297; x_wconf 87' lang='lat' dir='ltr'><strong>ventorum</strong></span> <span class='ocrx_word' id='word_1_466' title='bbox 753 3244 997 3307; x_wconf 85' lang='lat' dir='ltr'><strong>turbine,</strong></span> <span class='ocrx_word' id='word_1_467' title='bbox 1026 3260 1135 3297; x_wconf 91' lang='lat' dir='ltr'><strong>non</strong></span> <span class='ocrx_word' id='word_1_468' title='bbox 1168 3244 1510 3313; x_wconf 89' lang='lat' dir='ltr'><strong>ignoramus.</strong></span> <span class='ocrx_word' id='word_1_469' title='bbox 1984 3236 2251 3308; x_wconf 85' lang='lat' dir='ltr'><strong>Quisquis</strong></span> <span class='ocrx_word' id='word_1_470' title='bbox 2286 3237 2358 3291; x_wconf 89' lang='lat' dir='ltr'><strong>ad</strong></span> <span class='ocrx_word' id='word_1_471' title='bbox 2391 3239 2493 3291; x_wconf 90' lang='lat' dir='ltr'><strong>hoc</strong></span> <span class='ocrx_word' id='word_1_472' title='bbox 2528 3246 2783 3292; x_wconf 89' lang='lat' dir='ltr'><strong>nostrum</strong></span> <span class='ocrx_word' id='word_1_473' title='bbox 2815 3247 2867 3293; x_wconf 92' lang='lat' dir='ltr'><strong>te</strong></span> <span class='ocrx_word' id='word_1_474' title='bbox 2897 3242 3065 3293; x_wconf 89' lang='lat' dir='ltr'><strong>vertis</strong></span> <span class='ocrx_word' id='word_1_475' title='bbox 3092 3241 3234 3295; x_wconf 85' lang='lat' dir='ltr'><strong>forte</strong></span> <span class='ocrx_word' id='word_1_476' title='bbox 3260 3243 3585 3313; x_wconf 88' lang='lat' dir='ltr'><strong>sepulcrum</strong></span> 
     </span>
    </p>
   </div>
   <div class='ocr_carea' id='block_1_39' title="bbox 376 3326 3435 3401">
    <p class='ocr_par' dir='ltr' id='par_1_39' title="bbox 376 3326 3435 3401">
     <span class='ocr_line' id='line_1_39' title="bbox 376 3326 3435 3401; baseline -0.001 -14"><span class='ocrx_word' id='word_1_477' title='bbox 376 3332 468 3388; x_wconf 80' lang='grc'><strong>45.</strong></span> <span class='ocrx_word' id='word_1_478' title='bbox 511 3335 569 3387; x_wconf 80' lang='lat' dir='ltr'><strong>Ut</strong></span> <span class='ocrx_word' id='word_1_479' title='bbox 612 3335 687 3385; x_wconf 84' lang='lat' dir='ltr'><strong>ad</strong></span> <span class='ocrx_word' id='word_1_480' title='bbox 713 3349 833 3385; x_wconf 78' lang='lat' dir='ltr'><strong>eam</strong></span> <span class='ocrx_word' id='word_1_481' title='bbox 876 3349 927 3385; x_wconf 81' lang='lat' dir='ltr'><strong>se</strong></span> <span class='ocrx_word' id='word_1_482' title='bbox 954 3334 1223 3399; x_wconf 59' lang='lat' dir='ltr'><strong>diepom‘t.</strong></span> <span class='ocrx_word' id='word_1_483' title='bbox 1278 3332 1477 3386; x_wconf 78' lang='lat' dir='ltr'><strong>Unctus</strong></span> <span class='ocrx_word' id='word_1_484' title='bbox 1505 3334 1553 3384; x_wconf 76' lang='lat' dir='ltr'><strong>et</strong></span> <span class='ocrx_word' id='word_1_485' title='bbox 1582 3332 1778 3383; x_wconf 76' lang='lat' dir='ltr'><strong>viatico</strong></span> <span class='ocrx_word' id='word_1_486' title='bbox 1815 3344 1904 3382; x_wconf 67' lang='grc' dir='ltr'><strong>τε·</strong></span> <span class='ocrx_word' id='word_1_487' title='bbox 2055 3326 2193 3390; x_wconf 83' lang='lat' dir='ltr'><strong>Quis</strong></span> <span class='ocrx_word' id='word_1_488' title='bbox 2218 3327 2381 3380; x_wconf 89' lang='lat' dir='ltr'><strong>modo</strong></span> <span class='ocrx_word' id='word_1_489' title='bbox 2410 3326 2518 3379; x_wconf 82' lang='lat' dir='ltr'><strong>sim</strong></span> <span class='ocrx_word' id='word_1_490' title='bbox 2543 3335 2742 3381; x_wconf 82' lang='lat' dir='ltr'><strong>tracta.</strong></span> <span class='ocrx_word' id='word_1_491' title='bbox 2773 3329 2900 3398; x_wconf 91' lang='lat' dir='ltr'><strong>quis</strong></span> <span class='ocrx_word' id='word_1_492' title='bbox 2936 3329 3251 3401; x_wconf 86' lang='lat' dir='ltr'><strong>fuerimque</strong></span> <span class='ocrx_word' id='word_1_493' title='bbox 3276 3338 3435 3390; x_wconf 88' lang='lat' dir='ltr'><strong>nota.</strong></span> 
     </span>
    </p>
   </div>
   <div class='ocr_carea' id='block_1_40' title="bbox 303 3412 3475 3491">
    <p class='ocr_par' dir='ltr' id='par_1_40' title="bbox 303 3412 3475 3491">
     <span class='ocr_line' id='line_1_40' title="bbox 303 3412 3475 3491; baseline 0 -16"><span class='ocrx_word' id='word_1_494' title='bbox 303 3424 499 3489; x_wconf 75' lang='lat' dir='ltr'><strong>ﬁcitur</strong></span> <span class='ocrx_word' id='word_1_495' title='bbox 564 3422 660 3475; x_wconf 89' lang='lat' dir='ltr'><strong>His</strong></span> <span class='ocrx_word' id='word_1_496' title='bbox 691 3421 863 3491; x_wconf 88' lang='lat' dir='ltr'><strong>igitur</strong></span> <span class='ocrx_word' id='word_1_497' title='bbox 895 3427 950 3474; x_wconf 89' lang='lat' dir='ltr'><strong>et</strong></span> <span class='ocrx_word' id='word_1_498' title='bbox 980 3420 1105 3473; x_wconf 91' lang='lat' dir='ltr'><strong>aliis</strong></span> <span class='ocrx_word' id='word_1_499' title='bbox 1136 3416 1520 3489; x_wconf 89' lang='lat' dir='ltr'><strong>hujuscemodi</strong></span> <span class='ocrx_word' id='word_1_500' title='bbox 1548 3415 1906 3471; x_wconf 85' lang='lat' dir='ltr'><strong>revelationi-</strong></span> <span class='ocrx_word' id='word_1_501' title='bbox 1989 3415 2123 3469; x_wconf 90' lang='lat' dir='ltr'><strong>Sum</strong></span> <span class='ocrx_word' id='word_1_502' title='bbox 2158 3414 2355 3484; x_wconf 83' lang='lat' dir='ltr'><strong>pulvis.</strong></span> <span class='ocrx_word' id='word_1_503' title='bbox 2390 3412 2567 3468; x_wconf 86' lang='lat' dir='ltr'><strong>factus</strong></span> <span class='ocrx_word' id='word_1_504' title='bbox 2597 3414 2810 3469; x_wconf 88' lang='lat' dir='ltr'><strong>fueram</strong></span> <span class='ocrx_word' id='word_1_505' title='bbox 2841 3417 2936 3487; x_wconf 92' lang='lat' dir='ltr'><strong>qui</strong></span> <span class='ocrx_word' id='word_1_506' title='bbox 2972 3419 3196 3473; x_wconf 90' lang='lat' dir='ltr'><strong>nomine</strong></span> <span class='ocrx_word' id='word_1_507' title='bbox 3220 3435 3475 3491; x_wconf 84' lang='lat' dir='ltr'><strong>magnus,</strong></span> 
     </span>
    </p>
   </div>
   <div class='ocr_carea' id='block_1_41' title="bbox 302 3503 3120 3579">
    <p class='ocr_par' dir='ltr' id='par_1_41' title="bbox 302 3503 3120 3579">
     <span class='ocr_line' id='line_1_41' title="bbox 302 3503 3120 3579; baseline -0.001 -16"><span class='ocrx_word' id='word_1_508' title='bbox 302 3508 985 3579; x_wconf 85' lang='lat' dir='ltr'><strong>busedoctus.posttrium</strong></span> <span class='ocrx_word' id='word_1_509' title='bbox 1001 3507 1478 3562; x_wconf 85' lang='lat' dir='ltr'><strong>hebdomadarum</strong></span> <span class='ocrx_word' id='word_1_510' title='bbox 1495 3506 1909 3576; x_wconf 84' lang='lat' dir='ltr'><strong>Spatium,hora</strong></span> <span class='ocrx_word' id='word_1_511' title='bbox 2057 3504 2141 3557; x_wconf 92' lang='lat' dir='ltr'><strong>Tu</strong></span> <span class='ocrx_word' id='word_1_512' title='bbox 2175 3504 2271 3557; x_wconf 86' lang='lat' dir='ltr'><strong>ﬁes</strong></span> <span class='ocrx_word' id='word_1_513' title='bbox 2298 3503 2516 3567; x_wconf 88' lang='lat' dir='ltr'><strong>similis,</strong></span> <span class='ocrx_word' id='word_1_514' title='bbox 2549 3504 2627 3557; x_wconf 89' lang='lat' dir='ltr'><strong>sis</strong></span> <span class='ocrx_word' id='word_1_515' title='bbox 2655 3505 2782 3557; x_wconf 90' lang='lat' dir='ltr'><strong>licet</strong></span> <span class='ocrx_word' id='word_1_516' title='bbox 2811 3522 2879 3559; x_wconf 93' lang='lat' dir='ltr'><strong>en</strong></span> <span class='ocrx_word' id='word_1_517' title='bbox 2911 3506 3120 3560; x_wconf 67' lang='lat' dir='ltr'><strong>viridis.</strong></span> 
     </span>
    </p>
   </div>
   <div class='ocr_carea' id='block_1_42' title="bbox 302 3590 3265 3666">
    <p class='ocr_par' dir='ltr' id='par_1_42' title="bbox 302 3590 3265 3666">
     <span class='ocr_line' id='line_1_42' title="bbox 302 3590 3265 3666; baseline -0.001 -14"><span class='ocrx_word' id='word_1_518' title='bbox 302 3598 416 3652; x_wconf 90' lang='lat' dir='ltr'><strong>diei</strong></span> <span class='ocrx_word' id='word_1_519' title='bbox 447 3604 605 3651; x_wconf 88' lang='lat' dir='ltr'><strong>sexta</strong></span> <span class='ocrx_word' id='word_1_520' title='bbox 633 3597 1056 3650; x_wconf 86' lang='lat' dir='ltr'><strong>dissolutionem</strong></span> <span class='ocrx_word' id='word_1_521' title='bbox 1090 3594 1337 3666; x_wconf 90' lang='lat' dir='ltr'><strong>corporis</strong></span> <span class='ocrx_word' id='word_1_522' title='bbox 1363 3594 1447 3647; x_wconf 89' lang='lat' dir='ltr'><strong>sui</strong></span> <span class='ocrx_word' id='word_1_523' title='bbox 1474 3593 1725 3665; x_wconf 62' lang='lat' dir='ltr'><strong>praedixit</strong></span> <span class='ocrx_word' id='word_1_524' title='bbox 1744 3593 1905 3646; x_wconf 83' lang='lat' dir='ltr'><strong>adfu-</strong></span> <span class='ocrx_word' id='word_1_525' title='bbox 1989 3590 2248 3646; x_wconf 90' lang='lat' dir='ltr'><strong>Conditio</strong></span> <span class='ocrx_word' id='word_1_526' title='bbox 2280 3592 2463 3646; x_wconf 87' lang='lat' dir='ltr'><strong>carnis</strong></span> <span class='ocrx_word' id='word_1_527' title='bbox 2496 3594 2824 3648; x_wconf 87' lang='lat' dir='ltr'><strong>mortalibus</strong></span> <span class='ocrx_word' id='word_1_528' title='bbox 2852 3602 2939 3648; x_wconf 90' lang='lat' dir='ltr'><strong>est</strong></span> <span class='ocrx_word' id='word_1_529' title='bbox 2974 3595 3108 3650; x_wconf 88' lang='lat' dir='ltr'><strong>data</strong></span> <span class='ocrx_word' id='word_1_530' title='bbox 3135 3596 3265 3650; x_wconf 88' lang='lat' dir='ltr'><strong>talis</strong></span> 
     </span>
    </p>
   </div>
   <div class='ocr_carea' id='block_1_43' title="bbox 303 3682 3583 3756">
    <p class='ocr_par' dir='ltr' id='par_1_43' title="bbox 303 3682 3583 3756">
     <span class='ocr_line' id='line_1_43' title="bbox 303 3682 3583 3756; baseline 0.001 -16"><span class='ocrx_word' id='word_1_531' title='bbox 303 3694 494 3740; x_wconf 88' lang='lat' dir='ltr'><strong>turam</strong></span> <span class='ocrx_word' id='word_1_532' title='bbox 549 3686 729 3756; x_wconf 89' lang='lat' dir='ltr'><strong>Super</strong></span> <span class='ocrx_word' id='word_1_533' title='bbox 757 3702 868 3755; x_wconf 88' lang='lat' dir='ltr'><strong>qua</strong></span> <span class='ocrx_word' id='word_1_534' title='bbox 894 3686 1011 3755; x_wconf 88' lang='lat' dir='ltr'><strong>jam</strong></span> <span class='ocrx_word' id='word_1_535' title='bbox 1039 3702 1150 3739; x_wconf 89' lang='lat' dir='ltr'><strong>non</strong></span> <span class='ocrx_word' id='word_1_536' title='bbox 1182 3685 1448 3741; x_wconf 86' lang='lat' dir='ltr'><strong>incertus.</strong></span> <span class='ocrx_word' id='word_1_537' title='bbox 1481 3684 1801 3753; x_wconf 86' lang='lat' dir='ltr'><strong>postpositis</strong></span> <span class='ocrx_word' id='word_1_538' title='bbox 1840 3696 1906 3736; x_wconf 79' lang='lat' dir='ltr'><strong>ex</strong></span> <span class='ocrx_word' id='word_1_539' title='bbox 2060 3682 2167 3735; x_wconf 86' lang='lat' dir='ltr'><strong>Pro</strong></span> <span class='ocrx_word' id='word_1_540' title='bbox 2194 3682 2365 3736; x_wconf 88' lang='lat' dir='ltr'><strong>vetito</strong></span> <span class='ocrx_word' id='word_1_541' title='bbox 2406 3698 2570 3752; x_wconf 90' lang='lat' dir='ltr'><strong>pomo</strong></span> <span class='ocrx_word' id='word_1_542' title='bbox 2611 3725 2623 3736; x_wconf 95' lang='lat'><strong>.</strong></span> <span class='ocrx_word' id='word_1_543' title='bbox 2671 3724 2684 3737; x_wconf 93' lang='lat'><strong>.</strong></span> <span class='ocrx_word' id='word_1_544' title='bbox 2730 3726 2742 3738; x_wconf 91' lang='lat'><strong>.</strong></span> <span class='ocrx_word' id='word_1_545' title='bbox 2790 3726 2801 3737; x_wconf 95' lang='lat'><strong>.</strong></span> <span class='ocrx_word' id='word_1_546' title='bbox 2850 3725 2864 3739; x_wconf 92' lang='lat'><strong>.</strong></span> <span class='ocrx_word' id='word_1_547' title='bbox 2914 3723 2926 3737; x_wconf 92' lang='lat'><strong>.</strong></span> <span class='ocrx_word' id='word_1_548' title='bbox 2975 3725 2988 3740; x_wconf 92' lang='lat'><strong>.</strong></span> <span class='ocrx_word' id='word_1_549' title='bbox 3033 3724 3045 3739; x_wconf 93' lang='lat'><strong>.</strong></span> <span class='ocrx_word' id='word_1_550' title='bbox 3093 3727 3105 3740; x_wconf 94' lang='lat'><strong>.</strong></span> <span class='ocrx_word' id='word_1_551' title='bbox 3151 3728 3163 3741; x_wconf 93' lang='lat'><strong>.</strong></span> <span class='ocrx_word' id='word_1_552' title='bbox 3214 3728 3226 3741; x_wconf 96' lang='lat'><strong>.</strong></span> <span class='ocrx_word' id='word_1_553' title='bbox 3272 3722 3286 3740; x_wconf 84' lang='lat'><strong>.</strong></span> <span class='ocrx_word' id='word_1_554' title='bbox 3332 3724 3346 3742; x_wconf 90' lang='lat'><strong>.</strong></span> <span class='ocrx_word' id='word_1_555' title='bbox 3390 3726 3407 3741; x_wconf 92' lang='lat'><strong>.</strong></span> <span class='ocrx_word' id='word_1_556' title='bbox 3451 3720 3467 3743; x_wconf 74' lang='grc' dir='ltr'>ι</span> <span class='ocrx_word' id='word_1_557' title='bbox 3511 3728 3524 3742; x_wconf 95' lang='grc'><strong>.</strong></span> <span class='ocrx_word' id='word_1_558' title='bbox 3570 3729 3583 3743; x_wconf 94' lang='grc'><strong>.</strong></span> 
     </span>
    </p>
   </div>
   <div class='ocr_carea' id='block_1_44' title="bbox 301 3770 3583 3840">
    <p class='ocr_par' dir='ltr' id='par_1_44' title="bbox 301 3770 3583 3840">
     <span class='ocr_line' id='line_1_44' title="bbox 301 3770 3583 3840; baseline 0.001 -11"><span class='ocrx_word' id='word_1_559' title='bbox 301 3782 442 3829; x_wconf 81' lang='lat' dir='ltr'><strong>tunc</strong></span> <span class='ocrx_word' id='word_1_560' title='bbox 495 3775 724 3828; x_wconf 88' lang='lat' dir='ltr'><strong>omnino</strong></span> <span class='ocrx_word' id='word_1_561' title='bbox 772 3775 955 3828; x_wconf 88' lang='lat' dir='ltr'><strong>carnis</strong></span> <span class='ocrx_word' id='word_1_562' title='bbox 989 3792 1102 3829; x_wconf 67' lang='lat' dir='ltr'><strong>suae</strong></span> <span class='ocrx_word' id='word_1_563' title='bbox 1144 3773 1589 3829; x_wconf 77' lang='lat' dir='ltr'><strong>necessitatibus.</strong></span> <span class='ocrx_word' id='word_1_564' title='bbox 1625 3779 1806 3826; x_wconf 89' lang='lat' dir='ltr'><strong>totum</strong></span> <span class='ocrx_word' id='word_1_565' title='bbox 1846 3786 1907 3826; x_wconf 86' lang='lat' dir='ltr'><strong>se</strong></span> <span class='ocrx_word' id='word_1_566' title='bbox 1987 3770 2146 3826; x_wconf 88' lang='lat' dir='ltr'><strong>Unde</strong></span> <span class='ocrx_word' id='word_1_567' title='bbox 2170 3786 2305 3840; x_wconf 89' lang='lat' dir='ltr'><strong>roga</strong></span> <span class='ocrx_word' id='word_1_568' title='bbox 2330 3772 2632 3826; x_wconf 86' lang='lat' dir='ltr'><strong>Dominum</strong></span> <span class='ocrx_word' id='word_1_569' title='bbox 2678 3813 2689 3825; x_wconf 94' lang='lat'><strong>.</strong></span> <span class='ocrx_word' id='word_1_570' title='bbox 2732 3815 2743 3827; x_wconf 92' lang='lat'><strong>.</strong></span> <span class='ocrx_word' id='word_1_571' title='bbox 2794 3810 2806 3827; x_wconf 90' lang='lat'><strong>.</strong></span> <span class='ocrx_word' id='word_1_572' title='bbox 2855 3815 2866 3827; x_wconf 91' lang='lat'><strong>.</strong></span> <span class='ocrx_word' id='word_1_573' title='bbox 2913 3816 2925 3829; x_wconf 95' lang='lat'><strong>.</strong></span> <span class='ocrx_word' id='word_1_574' title='bbox 2972 3817 2984 3829; x_wconf 92' lang='lat'><strong>.</strong></span> <span class='ocrx_word' id='word_1_575' title='bbox 3036 3820 3047 3830; x_wconf 92' lang='lat'><strong>.</strong></span> <span class='ocrx_word' id='word_1_576' title='bbox 3094 3817 3105 3829; x_wconf 98' lang='lat'><strong>.</strong></span> <span class='ocrx_word' id='word_1_577' title='bbox 3152 3814 3165 3832; x_wconf 92' lang='lat'><strong>.</strong></span> <span class='ocrx_word' id='word_1_578' title='bbox 3213 3818 3226 3830; x_wconf 93' lang='lat'><strong>.</strong></span> <span class='ocrx_word' id='word_1_579' title='bbox 3272 3815 3287 3830; x_wconf 91' lang='lat'><strong>.</strong></span> <span class='ocrx_word' id='word_1_580' title='bbox 3330 3816 3346 3832; x_wconf 93' lang='lat'><strong>.</strong></span> <span class='ocrx_word' id='word_1_581' title='bbox 3392 3815 3406 3829; x_wconf 93' lang='lat'><strong>.</strong></span> <span class='ocrx_word' id='word_1_582' title='bbox 3447 3816 3462 3833; x_wconf 93' lang='lat'><strong>.</strong></span> <span class='ocrx_word' id='word_1_583' title='bbox 3510 3814 3523 3831; x_wconf 88' lang='lat'><strong>.</strong></span> <span class='ocrx_word' id='word_1_584' title='bbox 3570 3816 3583 3833; x_wconf 88' lang='lat'><strong>.</strong></span> 
     </span>
    </p>
   </div>
   <div class='ocr_carea' id='block_1_45' title="bbox 303 3859 3584 3935">
    <p class='ocr_par' dir='ltr' id='par_1_45' title="bbox 303 3859 3584 3935">
     <span class='ocr_line' id='line_1_45' title="bbox 303 3859 3584 3935; baseline 0.002 -18"><span class='ocrx_word' id='word_1_585' title='bbox 303 3862 477 3935; x_wconf 87' lang='lat' dir='ltr'><strong>erigit</strong></span> <span class='ocrx_word' id='word_1_586' title='bbox 506 3870 563 3917; x_wconf 91' lang='lat' dir='ltr'><strong>et</strong></span> <span class='ocrx_word' id='word_1_587' title='bbox 592 3862 803 3933; x_wconf 87' lang='lat' dir='ltr'><strong>obligat</strong></span> <span class='ocrx_word' id='word_1_588' title='bbox 822 3863 1024 3918; x_wconf 89' lang='lat' dir='ltr'><strong>studiis</strong></span> <span class='ocrx_word' id='word_1_589' title='bbox 1054 3861 1461 3934; x_wconf 81' lang='lat' dir='ltr'><strong>spiritualibus.</strong></span> <span class='ocrx_word' id='word_1_590' title='bbox 1488 3859 1910 3930; x_wconf 80' lang='lat' dir='ltr'><strong>Mauantquoti-</strong></span> <span class='ocrx_word' id='word_1_591' title='bbox 2061 3859 2135 3914; x_wconf 88' lang='lat' dir='ltr'><strong>Ut</strong></span> <span class='ocrx_word' id='word_1_592' title='bbox 2171 3859 2310 3912; x_wconf 88' lang='lat' dir='ltr'><strong>mihi</strong></span> <span class='ocrx_word' id='word_1_593' title='bbox 2342 3860 2416 3914; x_wconf 89' lang='lat' dir='ltr'><strong>sit</strong></span> <span class='ocrx_word' id='word_1_594' title='bbox 2444 3861 2679 3930; x_wconf 84' lang='lat' dir='ltr'><strong>requies.</strong></span> <span class='ocrx_word' id='word_1_595' title='bbox 2726 3903 2738 3915; x_wconf 95' lang='lat'><strong>.</strong></span> <span class='ocrx_word' id='word_1_596' title='bbox 2792 3902 2804 3914; x_wconf 94' lang='lat'><strong>.</strong></span> <span class='ocrx_word' id='word_1_597' title='bbox 2850 3904 2861 3915; x_wconf 95' lang='lat'><strong>.</strong></span> <span class='ocrx_word' id='word_1_598' title='bbox 2910 3903 2922 3915; x_wconf 93' lang='lat'><strong>.</strong></span> <span class='ocrx_word' id='word_1_599' title='bbox 2970 3904 2981 3916; x_wconf 94' lang='lat'><strong>.</strong></span> <span class='ocrx_word' id='word_1_600' title='bbox 3030 3905 3043 3918; x_wconf 95' lang='lat'><strong>.</strong></span> <span class='ocrx_word' id='word_1_601' title='bbox 3091 3908 3102 3919; x_wconf 93' lang='lat'><strong>.</strong></span> <span class='ocrx_word' id='word_1_602' title='bbox 3150 3904 3164 3917; x_wconf 93' lang='lat'><strong>.</strong></span> <span class='ocrx_word' id='word_1_603' title='bbox 3207 3904 3221 3918; x_wconf 94' lang='lat'><strong>.</strong></span> <span class='ocrx_word' id='word_1_604' title='bbox 3267 3905 3280 3920; x_wconf 93' lang='lat'><strong>.</strong></span> <span class='ocrx_word' id='word_1_605' title='bbox 3329 3903 3346 3922; x_wconf 92' lang='lat'><strong>.</strong></span> <span class='ocrx_word' id='word_1_606' title='bbox 3390 3906 3406 3922; x_wconf 93' lang='lat'><strong>.</strong></span> <span class='ocrx_word' id='word_1_607' title='bbox 3452 3905 3466 3920; x_wconf 91' lang='lat'><strong>.</strong></span> <span class='ocrx_word' id='word_1_608' title='bbox 3511 3906 3524 3919; x_wconf 90' lang='lat'><strong>.</strong></span> <span class='ocrx_word' id='word_1_609' title='bbox 3569 3910 3584 3925; x_wconf 93' lang='lat'><strong>.</strong></span> 
     </span>
    </p>
   </div>
   <div class='ocr_carea' id='block_1_46' title="bbox 302 3948 2885 4020">
    <p class='ocr_par' dir='ltr' id='par_1_46' title="bbox 302 3948 2885 4020">
     <span class='ocr_line' id='line_1_46' title="bbox 302 3948 2885 4020; baseline -0.002 -16"><span class='ocrx_word' id='word_1_610' title='bbox 302 3950 398 4005; x_wconf 89' lang='lat' dir='ltr'><strong>die</strong></span> <span class='ocrx_word' id='word_1_611' title='bbox 430 3968 493 4004; x_wconf 83' lang='lat' dir='ltr'><strong>ex</strong></span> <span class='ocrx_word' id='word_1_612' title='bbox 529 3952 651 4020; x_wconf 87' lang='lat' dir='ltr'><strong>ejus</strong></span> <span class='ocrx_word' id='word_1_613' title='bbox 699 3951 892 4004; x_wconf 79' lang='lat' dir='ltr'><strong>ocellis</strong></span> <span class='ocrx_word' id='word_1_614' title='bbox 934 3950 1310 4018; x_wconf 68' lang='lat' dir='ltr'><strong>lacrymarum</strong></span> <span class='ocrx_word' id='word_1_615' title='bbox 1354 3948 1563 4003; x_wconf 89' lang='lat' dir='ltr'><strong>rivuli:</strong></span> <span class='ocrx_word' id='word_1_616' title='bbox 1607 3951 1908 4001; x_wconf 85' lang='lat' dir='ltr'><strong>conlitetur</strong></span> <span class='ocrx_word' id='word_1_617' title='bbox 2685 3950 2885 4007; x_wconf 77' lang='lat' dir='ltr'><strong>Aliud.</strong></span> 
     </span>
    </p>
   </div>
   <div class='ocr_carea' id='block_1_47' title="bbox 301 4035 3584 4111">
    <p class='ocr_par' dir='ltr' id='par_1_47' title="bbox 301 4035 3584 4111">
     <span class='ocr_line' id='line_1_47' title="bbox 301 4035 3584 4111; baseline 0.001 -18"><span class='ocrx_word' id='word_1_618' title='bbox 301 4039 617 4093; x_wconf 80' lang='lat' dir='ltr'><strong>Aurasiaco</strong></span> <span class='ocrx_word' id='word_1_619' title='bbox 638 4040 897 4110; x_wconf 87' lang='lat' dir='ltr'><strong>episc0po</strong></span> <span class='ocrx_word' id='word_1_620' title='bbox 921 4043 1128 4107; x_wconf 72' lang='lat' dir='ltr'><strong>léréquc</strong></span> <span class='ocrx_word' id='word_1_621' title='bbox 1150 4039 1465 4107; x_wconf 78' lang='lat' dir='ltr'><strong>d&#39;Orange),</strong></span> <span class='ocrx_word' id='word_1_622' title='bbox 1490 4036 1582 4107; x_wconf 89' lang='lat' dir='ltr'><strong>qui</strong></span> <span class='ocrx_word' id='word_1_623' title='bbox 1602 4045 1737 4090; x_wconf 87' lang='lat' dir='ltr'><strong>tunc</strong></span> <span class='ocrx_word' id='word_1_624' title='bbox 1765 4043 1907 4090; x_wconf 89' lang='lat' dir='ltr'><strong>nutu</strong></span> <span class='ocrx_word' id='word_1_625' title='bbox 1989 4035 2281 4090; x_wconf 87' lang='lat' dir='ltr'><strong>Clauderis</strong></span> <span class='ocrx_word' id='word_1_626' title='bbox 2316 4051 2386 4090; x_wconf 90' lang='lat' dir='ltr'><strong>en</strong></span> <span class='ocrx_word' id='word_1_627' title='bbox 2434 4036 2687 4106; x_wconf 88' lang='lat' dir='ltr'><strong>pulchro.</strong></span> <span class='ocrx_word' id='word_1_628' title='bbox 2732 4079 2744 4090; x_wconf 95' lang='lat'><strong>.</strong></span> <span class='ocrx_word' id='word_1_629' title='bbox 2791 4079 2804 4090; x_wconf 92' lang='lat'><strong>.</strong></span> <span class='ocrx_word' id='word_1_630' title='bbox 2853 4074 2866 4089; x_wconf 94' lang='lat'><strong>.</strong></span> <span class='ocrx_word' id='word_1_631' title='bbox 2913 4075 2926 4090; x_wconf 95' lang='lat'><strong>.</strong></span> <span class='ocrx_word' id='word_1_632' title='bbox 2969 4038 3287 4103; x_wconf 76' lang='lat' dir='ltr'><strong>Benedicta,</strong></span> <span class='ocrx_word' id='word_1_633' title='bbox 3325 4040 3584 4111; x_wconf 84' lang='lat' dir='ltr'><strong>sepulcro</strong></span> 
     </span>
    </p>
   </div>
   <div class='ocr_carea' id='block_1_48' title="bbox 303 4124 3213 4197">
    <p class='ocr_par' dir='ltr' id='par_1_48' title="bbox 303 4124 3213 4197">
     <span class='ocr_line' id='line_1_48' title="bbox 303 4124 3213 4197; baseline -0 -16"><span class='ocrx_word' id='word_1_634' title='bbox 303 4127 410 4181; x_wconf 89' lang='lat' dir='ltr'><strong>Dei</strong></span> <span class='ocrx_word' id='word_1_635' title='bbox 458 4126 671 4190; x_wconf 83' lang='lat' dir='ltr'><strong>aderat,</strong></span> <span class='ocrx_word' id='word_1_636' title='bbox 707 4134 765 4181; x_wconf 86' lang='lat' dir='ltr'><strong>et</strong></span> <span class='ocrx_word' id='word_1_637' title='bbox 808 4127 1075 4182; x_wconf 70' lang='lat' dir='ltr'><strong>fratribus</strong></span> <span class='ocrx_word' id='word_1_638' title='bbox 1118 4143 1223 4182; x_wconf 86' lang='lat' dir='ltr'><strong>sua</strong></span> <span class='ocrx_word' id='word_1_639' title='bbox 1248 4127 1470 4181; x_wconf 88' lang='lat' dir='ltr'><strong>delicta.</strong></span> <span class='ocrx_word' id='word_1_640' title='bbox 1505 4127 1673 4180; x_wconf 88' lang='lat' dir='ltr'><strong>Fiunt</strong></span> <span class='ocrx_word' id='word_1_641' title='bbox 1700 4125 1906 4180; x_wconf 73' lang='lat' dir='ltr'><strong>crebrae</strong></span> <span class='ocrx_word' id='word_1_642' title='bbox 2057 4125 2292 4178; x_wconf 67' lang='lat' dir='ltr'><strong>Junutus</strong></span> <span class='ocrx_word' id='word_1_643' title='bbox 2319 4141 2417 4194; x_wconf 89' lang='lat' dir='ltr'><strong>pro</strong></span> <span class='ocrx_word' id='word_1_644' title='bbox 2452 4126 2665 4179; x_wconf 87' lang='lat' dir='ltr'><strong>meritis</strong></span> <span class='ocrx_word' id='word_1_645' title='bbox 2689 4124 2904 4179; x_wconf 88' lang='lat' dir='ltr'><strong>civibus</strong></span> <span class='ocrx_word' id='word_1_646' title='bbox 2927 4127 3213 4197; x_wconf 88' lang='lat' dir='ltr'><strong>angelicis,</strong></span> 
     </span>
    </p>
   </div>
   <div class='ocr_carea' id='block_1_49' title="bbox 275 4211 3299 4288">
    <p class='ocr_par' dir='ltr' id='par_1_49' title="bbox 275 4211 3299 4288">
     <span class='ocr_line' id='line_1_49' title="bbox 275 4211 3299 4288; baseline 0.001 -21"><span class='ocrx_word' id='word_1_647' title='bbox 275 4216 658 4270; x_wconf 82' lang='lat' dir='ltr'><strong>.visitationes</strong></span> <span class='ocrx_word' id='word_1_648' title='bbox 687 4232 753 4270; x_wconf 91' lang='lat' dir='ltr'><strong>ac</strong></span> <span class='ocrx_word' id='word_1_649' title='bbox 776 4216 1070 4271; x_wconf 89' lang='lat' dir='ltr'><strong>missarum</strong></span> <span class='ocrx_word' id='word_1_650' title='bbox 1104 4234 1205 4288; x_wconf 90' lang='lat' dir='ltr'><strong>pro</strong></span> <span class='ocrx_word' id='word_1_651' title='bbox 1226 4234 1290 4270; x_wconf 91' lang='lat' dir='ltr'><strong>eo</strong></span> <span class='ocrx_word' id='word_1_652' title='bbox 1313 4217 1582 4283; x_wconf 88' lang='lat' dir='ltr'><strong>actiones,</strong></span> <span class='ocrx_word' id='word_1_653' title='bbox 1607 4231 1821 4269; x_wconf 85' lang='lat' dir='ltr'><strong>necnon</strong></span> <span class='ocrx_word' id='word_1_654' title='bbox 1850 4220 1907 4269; x_wconf 91' lang='lat' dir='ltr'><strong>et</strong></span> <span class='ocrx_word' id='word_1_655' title='bbox 1990 4211 2364 4283; x_wconf 81' lang='lat' dir='ltr'><strong>Mysterioque</strong></span> <span class='ocrx_word' id='word_1_656' title='bbox 2385 4214 2564 4267; x_wconf 89' lang='lat' dir='ltr'><strong>crucis</strong></span> <span class='ocrx_word' id='word_1_657' title='bbox 2594 4221 2648 4268; x_wconf 90' lang='lat' dir='ltr'><strong>te</strong></span> <span class='ocrx_word' id='word_1_658' title='bbox 2683 4216 2881 4269; x_wconf 89' lang='lat' dir='ltr'><strong>munit.</strong></span> <span class='ocrx_word' id='word_1_659' title='bbox 2930 4260 2940 4270; x_wconf 94' lang='lat'><strong>.</strong></span> <span class='ocrx_word' id='word_1_660' title='bbox 2988 4257 2999 4269; x_wconf 92' lang='lat'><strong>.</strong></span> <span class='ocrx_word' id='word_1_661' title='bbox 3050 4257 3058 4265; x_wconf 92' lang='lat'><strong>.</strong></span> <span class='ocrx_word' id='word_1_662' title='bbox 3106 4257 3117 4268; x_wconf 94' lang='lat'><strong>.</strong></span> <span class='ocrx_word' id='word_1_663' title='bbox 3150 4216 3299 4271; x_wconf 91' lang='lat' dir='ltr'><strong>ensis</strong></span> 
     </span>
    </p>
   </div>
   <div class='ocr_carea' id='block_1_50' title="bbox 302 4301 3240 4378">
    <p class='ocr_par' dir='ltr' id='par_1_50' title="bbox 302 4301 3240 4378">
     <span class='ocr_line' id='line_1_50' title="bbox 302 4301 3240 4378; baseline -0.001 -18"><span class='ocrx_word' id='word_1_664' title='bbox 302 4305 791 4378; x_wconf 80' lang='lat' dir='ltr'><strong>eleemosynarum</strong></span> <span class='ocrx_word' id='word_1_665' title='bbox 838 4306 1177 4376; x_wconf 67' lang='lat' dir='ltr'><strong>quotidianae</strong></span> <span class='ocrx_word' id='word_1_666' title='bbox 1210 4305 1533 4374; x_wconf 84' lang='lat' dir='ltr'><strong>largitiones</strong></span> <span class='ocrx_word' id='word_1_667' title='bbox 1593 4302 1906 4358; x_wconf 87' lang='lat' dir='ltr'><strong>Personant</strong></span> <span class='ocrx_word' id='word_1_668' title='bbox 2058 4302 2179 4363; x_wconf 83' lang='lat' dir='ltr'><strong>Quo</strong></span> <span class='ocrx_word' id='word_1_669' title='bbox 2200 4301 2418 4368; x_wconf 88' lang='lat' dir='ltr'><strong>spernis</strong></span> <span class='ocrx_word' id='word_1_670' title='bbox 2448 4309 2677 4356; x_wconf 90' lang='lat' dir='ltr'><strong>cunctas</strong></span> <span class='ocrx_word' id='word_1_671' title='bbox 2709 4302 2979 4357; x_wconf 62' lang='lat' dir='ltr'><strong>(lienionis</strong></span> <span class='ocrx_word' id='word_1_672' title='bbox 3009 4304 3240 4358; x_wconf 89' lang='lat' dir='ltr'><strong>insidias</strong></span> 
     </span>
    </p>
   </div>
   <div class='ocr_carea' id='block_1_51' title="bbox 303 4386 3366 4465">
    <p class='ocr_par' dir='ltr' id='par_1_51' title="bbox 303 4386 3366 4465">
     <span class='ocr_line' id='line_1_51' title="bbox 303 4386 3366 4465; baseline -0 -18"><span class='ocrx_word' id='word_1_673' title='bbox 303 4401 442 4448; x_wconf 86' lang='lat' dir='ltr'><strong>ante</strong></span> <span class='ocrx_word' id='word_1_674' title='bbox 471 4410 600 4448; x_wconf 91' lang='lat' dir='ltr'><strong>eum</strong></span> <span class='ocrx_word' id='word_1_675' title='bbox 631 4402 795 4449; x_wconf 86' lang='lat' dir='ltr'><strong>nocte</strong></span> <span class='ocrx_word' id='word_1_676' title='bbox 818 4395 1020 4465; x_wconf 87' lang='lat' dir='ltr'><strong>dieque</strong></span> <span class='ocrx_word' id='word_1_677' title='bbox 1051 4394 1249 4465; x_wconf 89' lang='lat' dir='ltr'><strong>psalmi</strong></span> <span class='ocrx_word' id='word_1_678' title='bbox 1273 4411 1372 4447; x_wconf 89' lang='lat' dir='ltr'><strong>seu</strong></span> <span class='ocrx_word' id='word_1_679' title='bbox 1397 4393 1595 4448; x_wconf 67' lang='lat' dir='ltr'><strong>divinae</strong></span> <span class='ocrx_word' id='word_1_680' title='bbox 1614 4393 1899 4447; x_wconf 74' lang='lat' dir='ltr'><strong>lectiones.</strong></span> <span class='ocrx_word' id='word_1_681' title='bbox 1930 4460 1953 4465; x_wconf 22' lang='grc' dir='ltr'>ᾲ</span> <span class='ocrx_word' id='word_1_682' title='bbox 1985 4386 2273 4443; x_wconf 86' lang='lat' dir='ltr'><strong>Fratribus</strong></span> <span class='ocrx_word' id='word_1_683' title='bbox 2294 4390 2383 4444; x_wconf 88' lang='lat' dir='ltr'><strong>hic</strong></span> <span class='ocrx_word' id='word_1_684' title='bbox 2414 4391 2606 4444; x_wconf 88' lang='lat' dir='ltr'><strong>multis</strong></span> <span class='ocrx_word' id='word_1_685' title='bbox 2637 4390 2721 4445; x_wconf 90' lang='lat' dir='ltr'><strong>bis</strong></span> <span class='ocrx_word' id='word_1_686' title='bbox 2749 4392 2908 4447; x_wconf 91' lang='lat' dir='ltr'><strong>denis</strong></span> <span class='ocrx_word' id='word_1_687' title='bbox 2940 4394 3161 4463; x_wconf 63' lang='lat' dir='ltr'><strong>praefuit</strong></span> <span class='ocrx_word' id='word_1_688' title='bbox 3184 4392 3366 4457; x_wconf 88' lang='lat' dir='ltr'><strong>annis,</strong></span> 
     </span>
    </p>
   </div>
   <div class='ocr_carea' id='block_1_52' title="bbox 303 4460 3178 4554">
    <p class='ocr_par' dir='ltr' id='par_1_52' title="bbox 303 4460 3178 4554">
     <span class='ocr_line' id='line_1_52' title="bbox 303 4460 3178 4554; baseline -0.001 -15"><span class='ocrx_word' id='word_1_689' title='bbox 303 4481 438 4554; x_wconf 83' lang='lat' dir='ltr'><strong>Ipse</strong></span> <span class='ocrx_word' id='word_1_690' title='bbox 458 4499 700 4553; x_wconf 86' lang='lat' dir='ltr'><strong>quoque.</strong></span> <span class='ocrx_word' id='word_1_691' title='bbox 737 4460 990 4554; x_wconf 70' lang='lat' dir='ltr'><strong>quamvis</strong></span> <span class='ocrx_word' id='word_1_692' title='bbox 1037 4460 1267 4553; x_wconf 75' lang='lat' dir='ltr'><strong>corpore</strong></span> <span class='ocrx_word' id='word_1_693' title='bbox 1288 4484 1406 4552; x_wconf 86' lang='lat' dir='ltr'><strong>jam</strong></span> <span class='ocrx_word' id='word_1_694' title='bbox 1440 4492 1797 4553; x_wconf 69' lang='lat' dir='ltr'><strong>pmmortuo,</strong></span> <span class='ocrx_word' id='word_1_695' title='bbox 1839 4499 1905 4537; x_wconf 87' lang='lat' dir='ltr'><strong>ac</strong></span> <span class='ocrx_word' id='word_1_696' title='bbox 1927 4460 1969 4520; x_wconf 81' lang='lat' dir='ltr'><strong>D</strong></span> <span class='ocrx_word' id='word_1_697' title='bbox 2058 4477 2327 4531; x_wconf 79' lang='lat' dir='ltr'><strong>Firmavit</strong></span> <span class='ocrx_word' id='word_1_698' title='bbox 2348 4479 2592 4544; x_wconf 89' lang='lat' dir='ltr'><strong>monitis,</strong></span> <span class='ocrx_word' id='word_1_699' title='bbox 2619 4479 2834 4533; x_wconf 76' lang='lat' dir='ltr'><strong>actibus</strong></span> <span class='ocrx_word' id='word_1_700' title='bbox 2860 4460 3028 4551; x_wconf 83' lang='lat' dir='ltr'><strong>atque</strong></span> <span class='ocrx_word' id='word_1_701' title='bbox 3050 4480 3178 4552; x_wconf 92' lang='lat' dir='ltr'><strong>piis.</strong></span> 
     </span>
    </p>
   </div>
   <div class='ocr_carea' id='block_1_53' title="bbox 304 4564 3260 4643">
    <p class='ocr_par' dir='ltr' id='par_1_53' title="bbox 304 4564 3260 4643">
     <span class='ocr_line' id='line_1_53' title="bbox 304 4564 3260 4643; baseline -0.001 -19"><span class='ocrx_word' id='word_1_702' title='bbox 304 4572 522 4626; x_wconf 86' lang='lat' dir='ltr'><strong>viribus</strong></span> <span class='ocrx_word' id='word_1_703' title='bbox 548 4573 765 4627; x_wconf 90' lang='lat' dir='ltr'><strong>cunctis</strong></span> <span class='ocrx_word' id='word_1_704' title='bbox 793 4572 976 4636; x_wconf 76' lang='lat' dir='ltr'><strong>elfeto,</strong></span> <span class='ocrx_word' id='word_1_705' title='bbox 1012 4573 1253 4643; x_wconf 87' lang='lat' dir='ltr'><strong>psalmos</strong></span> <span class='ocrx_word' id='word_1_706' title='bbox 1281 4571 1374 4641; x_wconf 90' lang='lat' dir='ltr'><strong>qui</strong></span> <span class='ocrx_word' id='word_1_707' title='bbox 1404 4571 1621 4625; x_wconf 87' lang='lat' dir='ltr'><strong>dicendi</strong></span> <span class='ocrx_word' id='word_1_708' title='bbox 1655 4577 1790 4624; x_wconf 84' lang='lat' dir='ltr'><strong>sunt</strong></span> <span class='ocrx_word' id='word_1_709' title='bbox 1827 4571 1906 4624; x_wconf 82' lang='lat' dir='ltr'><strong>in~</strong></span> <span class='ocrx_word' id='word_1_710' title='bbox 1987 4564 2219 4619; x_wconf 74' lang='lat' dir='ltr'><strong>Postera</strong></span> <span class='ocrx_word' id='word_1_711' title='bbox 2240 4566 2330 4620; x_wconf 84' lang='lat' dir='ltr'><strong>lux</strong></span> <span class='ocrx_word' id='word_1_712' title='bbox 2364 4566 2475 4620; x_wconf 79' lang='lat' dir='ltr'><strong>Mai</strong></span> <span class='ocrx_word' id='word_1_713' title='bbox 2507 4574 2696 4621; x_wconf 73' lang='lat' dir='ltr'><strong>nOstro</strong></span> <span class='ocrx_word' id='word_1_714' title='bbox 2725 4568 2833 4622; x_wconf 85' lang='lat' dir='ltr'><strong>fuit</strong></span> <span class='ocrx_word' id='word_1_715' title='bbox 2860 4569 3061 4622; x_wconf 87' lang='lat' dir='ltr'><strong>ultima</strong></span> <span class='ocrx_word' id='word_1_716' title='bbox 3090 4569 3260 4635; x_wconf 89' lang='lat' dir='ltr'><strong>Patri,</strong></span> 
     </span>
    </p>
   </div>
   <div class='ocr_carea' id='block_1_54' title="bbox 304 4653 3216 4732">
    <p class='ocr_par' dir='ltr' id='par_1_54' title="bbox 304 4653 3216 4732">
     <span class='ocr_line' id='line_1_54' title="bbox 304 4653 3216 4732; baseline -0.001 -19"><span class='ocrx_word' id='word_1_717' title='bbox 304 4660 463 4732; x_wconf 87' lang='lat' dir='ltr'><strong>cipit.</strong></span> <span class='ocrx_word' id='word_1_718' title='bbox 497 4667 553 4713; x_wconf 92' lang='lat' dir='ltr'><strong>et</strong></span> <span class='ocrx_word' id='word_1_719' title='bbox 581 4677 727 4730; x_wconf 68' lang='lat' dir='ltr'><strong>saepe</strong></span> <span class='ocrx_word' id='word_1_720' title='bbox 753 4661 1063 4715; x_wconf 86' lang='lat' dir='ltr'><strong>associatur</strong></span> <span class='ocrx_word' id='word_1_721' title='bbox 1093 4660 1474 4730; x_wconf 87' lang='lat' dir='ltr'><strong>psallentibus.</strong></span> <span class='ocrx_word' id='word_1_722' title='bbox 1503 4660 1789 4712; x_wconf 80' lang='lat' dir='ltr'><strong>Postremo</strong></span> <span class='ocrx_word' id='word_1_723' title='bbox 1808 4674 1904 4729; x_wconf 83' lang='lat' dir='ltr'><strong>pe-</strong></span> <span class='ocrx_word' id='word_1_724' title='bbox 2058 4653 2216 4709; x_wconf 85' lang='lat' dir='ltr'><strong>Hanc</strong></span> <span class='ocrx_word' id='word_1_725' title='bbox 2243 4654 2346 4708; x_wconf 90' lang='lat' dir='ltr'><strong>sibi</strong></span> <span class='ocrx_word' id='word_1_726' title='bbox 2374 4655 2623 4725; x_wconf 66' lang='lat' dir='ltr'><strong>praevidit</strong></span> <span class='ocrx_word' id='word_1_727' title='bbox 2654 4660 2810 4709; x_wconf 88' lang='lat' dir='ltr'><strong>tutus</strong></span> <span class='ocrx_word' id='word_1_728' title='bbox 2839 4664 2897 4710; x_wconf 91' lang='lat' dir='ltr'><strong>et</strong></span> <span class='ocrx_word' id='word_1_729' title='bbox 2929 4657 3031 4710; x_wconf 87' lang='lat' dir='ltr'><strong>hac</strong></span> <span class='ocrx_word' id='word_1_730' title='bbox 3060 4656 3216 4711; x_wconf 92' lang='lat' dir='ltr'><strong>obiit.</strong></span> 
     </span>
    </p>
   </div>
   <div class='ocr_carea' id='block_1_55' title="bbox 304 4742 3194 4817">
    <p class='ocr_par' dir='ltr' id='par_1_55' title="bbox 304 4742 3194 4817">
     <span class='ocr_line' id='line_1_55' title="bbox 304 4742 3194 4817; baseline -0.001 -13"><span class='ocrx_word' id='word_1_731' title='bbox 304 4757 468 4804; x_wconf 85' lang='lat' dir='ltr'><strong>racta</strong></span> <span class='ocrx_word' id='word_1_732' title='bbox 507 4750 770 4805; x_wconf 89' lang='lat' dir='ltr'><strong>unctione</strong></span> <span class='ocrx_word' id='word_1_733' title='bbox 823 4767 1001 4807; x_wconf 86' lang='lat' dir='ltr'><strong>sacra.</strong></span> <span class='ocrx_word' id='word_1_734' title='bbox 1060 4758 1118 4804; x_wconf 90' lang='lat' dir='ltr'><strong>et</strong></span> <span class='ocrx_word' id='word_1_735' title='bbox 1173 4749 1458 4803; x_wconf 88' lang='lat' dir='ltr'><strong>Dominica</strong></span> <span class='ocrx_word' id='word_1_736' title='bbox 1523 4747 1903 4802; x_wconf 89' lang='lat' dir='ltr'><strong>communitus</strong></span> <span class='ocrx_word' id='word_1_737' title='bbox 1986 4742 2138 4798; x_wconf 82' lang='lat' dir='ltr'><strong>Felix</strong></span> <span class='ocrx_word' id='word_1_738' title='bbox 2169 4754 2225 4799; x_wconf 91' lang='lat' dir='ltr'><strong>et</strong></span> <span class='ocrx_word' id='word_1_739' title='bbox 2263 4745 2422 4798; x_wconf 73' lang='lat' dir='ltr'><strong>lzetus</strong></span> <span class='ocrx_word' id='word_1_740' title='bbox 2452 4744 2506 4798; x_wconf 91' lang='lat' dir='ltr'><strong>in</strong></span> <span class='ocrx_word' id='word_1_741' title='bbox 2529 4761 2664 4816; x_wconf 84' lang='lat' dir='ltr'><strong>pace</strong></span> <span class='ocrx_word' id='word_1_742' title='bbox 2692 4746 2925 4816; x_wconf 85' lang='lat' dir='ltr'><strong>quietat,</strong></span> <span class='ocrx_word' id='word_1_743' title='bbox 2956 4746 3194 4817; x_wconf 89' lang='lat' dir='ltr'><strong>adeptus</strong></span> 
     </span>
    </p>
   </div>
   <div class='ocr_carea' id='block_1_56' title="bbox 308 4833 3225 4905">
    <p class='ocr_par' dir='ltr' id='par_1_56' title="bbox 308 4833 3225 4905">
     <span class='ocr_line' id='line_1_56' title="bbox 308 4833 3225 4905; baseline -0.001 -12"><span class='ocrx_word' id='word_1_744' title='bbox 308 4838 682 4896; x_wconf 85' lang='lat' dir='ltr'><strong>Eucharist.a.</strong></span> <span class='ocrx_word' id='word_1_745' title='bbox 719 4846 808 4894; x_wconf 89' lang='lat' dir='ltr'><strong>ter</strong></span> <span class='ocrx_word' id='word_1_746' title='bbox 854 4839 1006 4892; x_wconf 86' lang='lat' dir='ltr'><strong>illam</strong></span> <span class='ocrx_word' id='word_1_747' title='bbox 1060 4837 1209 4891; x_wconf 87' lang='lat' dir='ltr'><strong>beati</strong></span> <span class='ocrx_word' id='word_1_748' title='bbox 1258 4837 1494 4891; x_wconf 66' lang='lat' dir='ltr'><strong>Andreae</strong></span> <span class='ocrx_word' id='word_1_749' title='bbox 1536 4835 1905 4905; x_wconf 87' lang='lat' dir='ltr'><strong>antipbonam</strong></span> <span class='ocrx_word' id='word_1_750' title='bbox 2058 4833 2220 4888; x_wconf 82' lang='lat' dir='ltr'><strong>Lucis</strong></span> <span class='ocrx_word' id='word_1_751' title='bbox 2237 4834 2507 4892; x_wconf 86' lang='lat' dir='ltr'><strong>solamen.</strong></span> <span class='ocrx_word' id='word_1_752' title='bbox 2546 4835 2771 4889; x_wconf 87' lang='lat' dir='ltr'><strong>succine</strong></span> <span class='ocrx_word' id='word_1_753' title='bbox 2811 4836 2999 4890; x_wconf 84' lang='lat' dir='ltr'><strong>lector.</strong></span> <span class='ocrx_word' id='word_1_754' title='bbox 3026 4838 3225 4892; x_wconf 85' lang='lat' dir='ltr'><strong>Amen.</strong></span> 
     </span>
    </p>
   </div>
   <div class='ocr_carea' id='block_1_57' title="bbox 306 4924 3190 4998">
    <p class='ocr_par' dir='ltr' id='par_1_57' title="bbox 306 4924 3190 4998">
     <span class='ocr_line' id='line_1_57' title="bbox 306 4924 3190 4998; baseline -0.001 -16"><span class='ocrx_word' id='word_1_755' title='bbox 306 4928 470 4998; x_wconf 87' lang='lat' dir='ltr'><strong>largo</strong></span> <span class='ocrx_word' id='word_1_756' title='bbox 501 4928 635 4982; x_wconf 78' lang='lat' dir='ltr'><strong>fletu</strong></span> <span class='ocrx_word' id='word_1_757' title='bbox 668 4944 764 4981; x_wconf 90' lang='lat' dir='ltr'><strong>ora</strong></span> <span class='ocrx_word' id='word_1_758' title='bbox 792 4928 1006 4997; x_wconf 85' lang='lat' dir='ltr'><strong>rigatus</strong></span> <span class='ocrx_word' id='word_1_759' title='bbox 1037 4932 1194 4996; x_wconf 91' lang='lat' dir='ltr'><strong>prout</strong></span> <span class='ocrx_word' id='word_1_760' title='bbox 1218 4925 1400 4997; x_wconf 89' lang='lat' dir='ltr'><strong>potuit</strong></span> <span class='ocrx_word' id='word_1_761' title='bbox 1417 4924 1662 4977; x_wconf 82' lang='lat' dir='ltr'><strong>cantavit</strong></span> <span class='ocrx_word' id='word_1_762' title='bbox 1692 4941 1703 4975; x_wconf 90' lang='lat'><strong>:</strong></span> <span class='ocrx_word' id='word_1_763' title='bbox 1738 4944 1767 4974; x_wconf 73' lang='grc' dir='ltr'><strong>σι</strong></span> <span class='ocrx_word' id='word_1_764' title='bbox 1794 4924 1905 4976; x_wconf 87' lang='lat' dir='ltr'><strong>Do-</strong></span> <span class='ocrx_word' id='word_1_765' title='bbox 2390 4926 2521 4978; x_wconf 74' lang='lat' dir='ltr'><strong>Item</strong></span> <span class='ocrx_word' id='word_1_766' title='bbox 2553 4940 2738 4978; x_wconf 73' lang='lat' dir='ltr'><strong>versus</strong></span> <span class='ocrx_word' id='word_1_767' title='bbox 2766 4926 2830 4979; x_wconf 82' lang='lat' dir='ltr'><strong>de</strong></span> <span class='ocrx_word' id='word_1_768' title='bbox 2870 4928 3021 4979; x_wconf 77' lang='lat' dir='ltr'><strong>obitu</strong></span> <span class='ocrx_word' id='word_1_769' title='bbox 3053 4930 3190 4995; x_wconf 78' lang='lat' dir='ltr'><strong>ejus.</strong></span> 
     </span>
    </p>
   </div>
   <div class='ocr_carea' id='block_1_58' title="bbox 303 5010 3409 5085">
    <p class='ocr_par' dir='ltr' id='par_1_58' title="bbox 303 5010 3409 5085">
     <span class='ocr_line' id='line_1_58' title="bbox 303 5010 3409 5085; baseline -0.001 -14"><span class='ocrx_word' id='word_1_770' title='bbox 303 5017 460 5071; x_wconf 87' lang='lat' dir='ltr'><strong>mine</strong></span> <span class='ocrx_word' id='word_1_771' title='bbox 490 5015 619 5070; x_wconf 86' lang='lat' dir='ltr'><strong>Jesu</strong></span> <span class='ocrx_word' id='word_1_772' title='bbox 646 5016 885 5075; x_wconf 88' lang='lat' dir='ltr'><strong>Christe.</strong></span> <span class='ocrx_word' id='word_1_773' title='bbox 920 5015 1188 5085; x_wconf 81' lang='lat' dir='ltr'><strong>magister</strong></span> <span class='ocrx_word' id='word_1_774' title='bbox 1216 5014 1378 5079; x_wconf 86' lang='lat' dir='ltr'><strong>bone,</strong></span> <span class='ocrx_word' id='word_1_775' title='bbox 1405 5014 1623 5085; x_wconf 89' lang='lat' dir='ltr'><strong>suscipe</strong></span> <span class='ocrx_word' id='word_1_776' title='bbox 1643 5013 1903 5082; x_wconf 84' lang='lat' dir='ltr'><strong>spiritum</strong></span> <span class='ocrx_word' id='word_1_777' title='bbox 1986 5010 2269 5067; x_wconf 83' lang='lat' dir='ltr'><strong>Montibus</strong></span> <span class='ocrx_word' id='word_1_778' title='bbox 2297 5012 2353 5067; x_wconf 90' lang='lat' dir='ltr'><strong>in</strong></span> <span class='ocrx_word' id='word_1_779' title='bbox 2384 5013 2618 5067; x_wconf 88' lang='lat' dir='ltr'><strong>summis</strong></span> <span class='ocrx_word' id='word_1_780' title='bbox 2647 5013 2817 5069; x_wconf 88' lang='lat' dir='ltr'><strong>nituit</strong></span> <span class='ocrx_word' id='word_1_781' title='bbox 2848 5030 3006 5069; x_wconf 85' lang='lat' dir='ltr'><strong>mons</strong></span> <span class='ocrx_word' id='word_1_782' title='bbox 3034 5014 3409 5085; x_wconf 84' lang='lat' dir='ltr'><strong>celsioripsis,</strong></span> 
     </span>
    </p>
   </div>
   <div class='ocr_carea' id='block_1_59' title="bbox 304 5100 3363 5177">
    <p class='ocr_par' dir='ltr' id='par_1_59' title="bbox 304 5100 3363 5177">
     <span class='ocr_line' id='line_1_59' title="bbox 304 5100 3363 5177; baseline -0.001 -19"><span class='ocrx_word' id='word_1_783' title='bbox 304 5119 501 5158; x_wconf 84' lang='lat' dir='ltr'><strong>meum</strong></span> <span class='ocrx_word' id='word_1_784' title='bbox 529 5103 583 5156; x_wconf 89' lang='lat' dir='ltr'><strong>in</strong></span> <span class='ocrx_word' id='word_1_785' title='bbox 615 5120 770 5174; x_wconf 82' lang='lat' dir='ltr'><strong>pace.</strong></span> <span class='ocrx_word' id='word_1_786' title='bbox 804 5105 938 5175; x_wconf 89' lang='lat' dir='ltr'><strong>quia</strong></span> <span class='ocrx_word' id='word_1_787' title='bbox 958 5104 1075 5174; x_wconf 87' lang='lat' dir='ltr'><strong>jam</strong></span> <span class='ocrx_word' id='word_1_788' title='bbox 1107 5110 1331 5177; x_wconf 84' lang='lat' dir='ltr'><strong>tempus</strong></span> <span class='ocrx_word' id='word_1_789' title='bbox 1359 5114 1447 5158; x_wconf 89' lang='lat' dir='ltr'><strong>est</strong></span> <span class='ocrx_word' id='word_1_790' title='bbox 1464 5112 1528 5158; x_wconf 90' lang='lat' dir='ltr'><strong>ut</strong></span> <span class='ocrx_word' id='word_1_791' title='bbox 1559 5102 1784 5157; x_wconf 83' lang='lat' dir='ltr'><strong>veniens</strong></span> <span class='ocrx_word' id='word_1_792' title='bbox 1812 5100 1906 5155; x_wconf 86' lang='lat' dir='ltr'><strong>de-</strong></span> <span class='ocrx_word' id='word_1_793' title='bbox 1989 5103 2145 5156; x_wconf 83' lang='lat' dir='ltr'><strong>Mons</strong></span> <span class='ocrx_word' id='word_1_794' title='bbox 2176 5101 2343 5156; x_wconf 87' lang='lat' dir='ltr'><strong>nimis</strong></span> <span class='ocrx_word' id='word_1_795' title='bbox 2365 5110 2603 5163; x_wconf 82' lang='lat' dir='ltr'><strong>erectus.</strong></span> <span class='ocrx_word' id='word_1_796' title='bbox 2632 5103 2807 5158; x_wconf 87' lang='lat' dir='ltr'><strong>nimia</strong></span> <span class='ocrx_word' id='word_1_797' title='bbox 2838 5103 3084 5158; x_wconf 86' lang='lat' dir='ltr'><strong>bonitate</strong></span> <span class='ocrx_word' id='word_1_798' title='bbox 3108 5104 3363 5166; x_wconf 85' lang='lat' dir='ltr'><strong>refertus,</strong></span> 
     </span>
    </p>
   </div>
   <div class='ocr_carea' id='block_1_60' title="bbox 306 5191 3440 5261">
    <p class='ocr_par' dir='ltr' id='par_1_60' title="bbox 306 5191 3440 5261">
     <span class='ocr_line' id='line_1_60' title="bbox 306 5191 3440 5261; baseline -0 -15"><span class='ocrx_word' id='word_1_799' title='bbox 306 5191 553 5246; x_wconf 73' lang='lat' dir='ltr'><strong>siderent</strong></span> <span class='ocrx_word' id='word_1_800' title='bbox 586 5201 642 5247; x_wconf 89' lang='lat' dir='ltr'><strong>te</strong></span> <span class='ocrx_word' id='word_1_801' title='bbox 674 5193 878 5247; x_wconf 83' lang='lat' dir='ltr'><strong>videre.</strong></span> <span class='ocrx_word' id='word_1_802' title='bbox 913 5212 937 5245; x_wconf 72' lang='grc' dir='ltr'><strong><em>ν</em></strong></span> <span class='ocrx_word' id='word_1_803' title='bbox 1986 5191 2069 5246; x_wconf 84' lang='lat' dir='ltr'><strong>Ad</strong></span> <span class='ocrx_word' id='word_1_804' title='bbox 2099 5192 2297 5245; x_wconf 64' lang='lat' dir='ltr'><strong>cadum</strong></span> <span class='ocrx_word' id='word_1_805' title='bbox 2329 5193 2583 5251; x_wconf 82' lang='lat' dir='ltr'><strong>tendens.</strong></span> <span class='ocrx_word' id='word_1_806' title='bbox 2604 5194 2725 5247; x_wconf 58' lang='lat' dir='ltr'><strong>coni</strong></span> <span class='ocrx_word' id='word_1_807' title='bbox 2757 5194 2826 5246; x_wconf 92' lang='lat' dir='ltr'><strong>de</strong></span> <span class='ocrx_word' id='word_1_808' title='bbox 2859 5193 3068 5247; x_wconf 89' lang='lat' dir='ltr'><strong>lumine</strong></span> <span class='ocrx_word' id='word_1_809' title='bbox 3096 5192 3440 5261; x_wconf 65' lang='lat' dir='ltr'><strong>splendens;</strong></span> 
     </span>
    </p>
   </div>
   <div class='ocr_carea' id='block_1_61' title="bbox 377 5279 3351 5353">
    <p class='ocr_par' dir='ltr' id='par_1_61' title="bbox 377 5279 3351 5353">
     <span class='ocr_line' id='line_1_61' title="bbox 377 5279 3351 5353; baseline 0 -21"><span class='ocrx_word' id='word_1_810' title='bbox 377 5279 453 5338; x_wconf 75' lang='grc'><strong>46</strong></span> <span class='ocrx_word' id='word_1_811' title='bbox 510 5281 628 5336; x_wconf 76' lang='grc' dir='ltr'><strong>Οὺίι</strong></span> <span class='ocrx_word' id='word_1_812' title='bbox 657 5284 913 5335; x_wconf 72' lang='lat' dir='ltr'><strong>omnibus</strong></span> <span class='ocrx_word' id='word_1_813' title='bbox 938 5282 1295 5336; x_wconf 69' lang='lat' dir='ltr'><strong>desideratus.</strong></span> <span class='ocrx_word' id='word_1_814' title='bbox 1320 5283 1419 5336; x_wconf 83' lang='lat' dir='ltr'><strong>His</strong></span> <span class='ocrx_word' id='word_1_815' title='bbox 1440 5281 1783 5337; x_wconf 87' lang='lat' dir='ltr'><strong>etsimilibus</strong></span> <span class='ocrx_word' id='word_1_816' title='bbox 1802 5282 1907 5353; x_wconf 88' lang='lat' dir='ltr'><strong>piis</strong></span> <span class='ocrx_word' id='word_1_817' title='bbox 1991 5282 2278 5335; x_wconf 81' lang='lat' dir='ltr'><strong>Excellens</strong></span> <span class='ocrx_word' id='word_1_818' title='bbox 2315 5289 2550 5338; x_wconf 89' lang='lat' dir='ltr'><strong>montes.</strong></span> <span class='ocrx_word' id='word_1_819' title='bbox 2583 5283 2840 5335; x_wconf 84' lang='lat' dir='ltr'><strong>emittens</strong></span> <span class='ocrx_word' id='word_1_820' title='bbox 2873 5282 3121 5351; x_wconf 81' lang='lat' dir='ltr'><strong>undique</strong></span> <span class='ocrx_word' id='word_1_821' title='bbox 3151 5280 3351 5343; x_wconf 85' lang='lat' dir='ltr'><strong>fontes,</strong></span> 
     </span>
    </p>
   </div>
   <div class='ocr_carea' id='block_1_62' title="bbox 309 5368 3339 5444">
    <p class='ocr_par' dir='ltr' id='par_1_62' title="bbox 309 5368 3339 5444">
     <span class='ocr_line' id='line_1_62' title="bbox 309 5368 3339 5444; baseline -0.002 -16"><span class='ocrx_word' id='word_1_822' title='bbox 309 5372 652 5428; x_wconf 85' lang='lat' dir='ltr'><strong>exercitatus</strong></span> <span class='ocrx_word' id='word_1_823' title='bbox 681 5370 943 5443; x_wconf 81' lang='lat' dir='ltr'><strong>operibus</strong></span> <span class='ocrx_word' id='word_1_824' title='bbox 972 5380 1165 5444; x_wconf 83' lang='lat' dir='ltr'><strong>pastor</strong></span> <span class='ocrx_word' id='word_1_825' title='bbox 1188 5384 1377 5426; x_wconf 82' lang='lat' dir='ltr'><strong>noster</strong></span> <span class='ocrx_word' id='word_1_826' title='bbox 1422 5374 1680 5443; x_wconf 82' lang='lat' dir='ltr'><strong>egregius</strong></span> <span class='ocrx_word' id='word_1_827' title='bbox 1729 5372 1782 5425; x_wconf 93' lang='lat' dir='ltr'><strong>in</strong></span> <span class='ocrx_word' id='word_1_828' title='bbox 1827 5370 1905 5423; x_wconf 90' lang='lat' dir='ltr'><strong>vi-</strong></span> <span class='ocrx_word' id='word_1_829' title='bbox 1990 5368 2065 5425; x_wconf 91' lang='lat' dir='ltr'><strong>Ut</strong></span> <span class='ocrx_word' id='word_1_830' title='bbox 2091 5370 2269 5424; x_wconf 88' lang='lat' dir='ltr'><strong>dicam</strong></span> <span class='ocrx_word' id='word_1_831' title='bbox 2296 5388 2503 5430; x_wconf 85' lang='lat' dir='ltr'><strong>verum.</strong></span> <span class='ocrx_word' id='word_1_832' title='bbox 2536 5370 2794 5441; x_wconf 78' lang='lat' dir='ltr'><strong>gestabat</strong></span> <span class='ocrx_word' id='word_1_833' title='bbox 2816 5369 3060 5423; x_wconf 88' lang='lat' dir='ltr'><strong>culmine</strong></span> <span class='ocrx_word' id='word_1_834' title='bbox 3082 5369 3339 5431; x_wconf 83' lang='lat' dir='ltr'><strong>cedrum:</strong></span> 
     </span>
    </p>
   </div>
   <div class='ocr_carea' id='block_1_63' title="bbox 307 5456 3474 5534">
    <p class='ocr_par' dir='ltr' id='par_1_63' title="bbox 307 5456 3474 5534">
     <span class='ocr_line' id='line_1_63' title="bbox 307 5456 3474 5534; baseline -0.002 -17"><span class='ocrx_word' id='word_1_835' title='bbox 307 5462 449 5534; x_wconf 79' lang='lat' dir='ltr'><strong>gilia</strong></span> <span class='ocrx_word' id='word_1_836' title='bbox 470 5468 678 5518; x_wconf 68' lang='lat' dir='ltr'><strong>sanctas</strong></span> <span class='ocrx_word' id='word_1_837' title='bbox 713 5463 1063 5517; x_wconf 66' lang='lat' dir='ltr'><strong>Pentecoste:</strong></span> <span class='ocrx_word' id='word_1_838' title='bbox 1100 5460 1337 5516; x_wconf 85' lang='lat' dir='ltr'><strong>tradidit</strong></span> <span class='ocrx_word' id='word_1_839' title='bbox 1368 5462 1599 5517; x_wconf 89' lang='lat' dir='ltr'><strong>Domino</strong></span> <span class='ocrx_word' id='word_1_840' title='bbox 1623 5460 1905 5532; x_wconf 84' lang='lat' dir='ltr'><strong>spiritum.</strong></span> <span class='ocrx_word' id='word_1_841' title='bbox 1993 5458 2151 5514; x_wconf 86' lang='lat' dir='ltr'><strong>Hanc</strong></span> <span class='ocrx_word' id='word_1_842' title='bbox 2179 5460 2289 5514; x_wconf 89' lang='lat' dir='ltr'><strong>vidi</strong></span> <span class='ocrx_word' id='word_1_843' title='bbox 2311 5460 2540 5515; x_wconf 85' lang='lat' dir='ltr'><strong>cedrum</strong></span> <span class='ocrx_word' id='word_1_844' title='bbox 2572 5466 2960 5530; x_wconf 85' lang='lat' dir='ltr'><strong>penetrantem</strong></span> <span class='ocrx_word' id='word_1_845' title='bbox 2994 5456 3196 5513; x_wconf 87' lang='lat' dir='ltr'><strong>vertice</strong></span> <span class='ocrx_word' id='word_1_846' title='bbox 3229 5458 3428 5513; x_wconf 69' lang='lat' dir='ltr'><strong>roslum</strong></span> <span class='ocrx_word' id='word_1_847' title='bbox 3462 5477 3474 5512; x_wconf 90' lang='lat'><strong>:</strong></span> 
     </span>
    </p>
   </div>
   <div class='ocr_carea' id='block_1_64' title="bbox 307 5545 3344 5625">
    <p class='ocr_par' dir='ltr' id='par_1_64' title="bbox 307 5545 3344 5625">
     <span class='ocr_line' id='line_1_64' title="bbox 307 5545 3344 5625; baseline -0.001 -18"><span class='ocrx_word' id='word_1_848' title='bbox 307 5552 399 5608; x_wconf 78' lang='lat' dir='ltr'><strong>Ad</strong></span> <span class='ocrx_word' id='word_1_849' title='bbox 426 5552 592 5624; x_wconf 69' lang='lat' dir='ltr'><strong>cujus</strong></span> <span class='ocrx_word' id='word_1_850' title='bbox 618 5552 914 5625; x_wconf 74' lang='lat' dir='ltr'><strong>exsequias</strong></span> <span class='ocrx_word' id='word_1_851' title='bbox 934 5568 1037 5624; x_wconf 83' lang='lat' dir='ltr'><strong>per</strong></span> <span class='ocrx_word' id='word_1_852' title='bbox 1058 5551 1314 5607; x_wconf 69' lang='lat' dir='ltr'><strong>triduum</strong></span> <span class='ocrx_word' id='word_1_853' title='bbox 1341 5551 1454 5607; x_wconf 83' lang='lat' dir='ltr'><strong>rite</strong></span> <span class='ocrx_word' id='word_1_854' title='bbox 1490 5568 1559 5607; x_wconf 72' lang='lat' dir='ltr'><strong>ac</strong></span> <span class='ocrx_word' id='word_1_855' title='bbox 1585 5551 1785 5606; x_wconf 76' lang='lat' dir='ltr'><strong>devote</strong></span> <span class='ocrx_word' id='word_1_856' title='bbox 1818 5566 1911 5606; x_wconf 83' lang='lat' dir='ltr'><strong>ce-</strong></span> <span class='ocrx_word' id='word_1_857' title='bbox 1996 5546 2207 5607; x_wconf 76' lang='lat' dir='ltr'><strong>Frucw</strong></span> <span class='ocrx_word' id='word_1_858' title='bbox 2226 5549 2491 5621; x_wconf 73' lang='lat' dir='ltr'><strong>pascebat</strong></span> <span class='ocrx_word' id='word_1_859' title='bbox 2509 5554 2761 5614; x_wconf 69' lang='lat' dir='ltr'><strong>cunam,</strong></span> <span class='ocrx_word' id='word_1_860' title='bbox 2792 5552 2850 5605; x_wconf 79' lang='lat' dir='ltr'><strong>et</strong></span> <span class='ocrx_word' id='word_1_861' title='bbox 2874 5548 3047 5605; x_wconf 82' lang='lat' dir='ltr'><strong>odore</strong></span> <span class='ocrx_word' id='word_1_862' title='bbox 3074 5545 3344 5621; x_wconf 80' lang='lat' dir='ltr'><strong>replebat.</strong></span> 
     </span>
    </p>
   </div>
  </div>
