4040 6182
471 342 603 405 Νθί

1002 338 1376 400 HEMMINGI
1419 335 1745 400 MONACH.
1788 335 2122 397 WIGORN.
2161 333 2378 397 LIBER
2412 331 2508 395 DE
2546 329 2834 395 Εοοιιεε.
2873 328 3200 395 WIGORN.

3599 326 3742 396 1699

467 468 783 542 gomiensis
837 465 1097 521 Ecclesiae
1149 463 1572 535 dispensatione
1618 462 1806 517 divina
1836 464 2116 520 coactusA
2140 460 2239 514 Dei
2269 458 2601 511 Wulstanus
2634 456 2691 510 in
2741 457 2845 510 hac
2873 472 2988 527 qua
3016 470 3309 509 manemus
3334 470 3528 509 eremo
3553 453 3743 508 adhuc

468 568 554 615 est
583 558 882 628 suscipere.
915 556 1072 621 Quod
1108 562 1295 609 tamen
1329 555 1514 625 potius
1535 571 1699 607 causa
1733 552 2063 608 obedientiaa

469 665 636 720 quam
657 645 1024 717 adipiscenth
1045 645 1283 714 suscepit
1300 643 1511 713 gloriae.
1525 641 1870 701 Venerabilis
1887 641 2062 701 inter.

471 752 537 791 ea
564 736 850 791 comitissa
881 734 1150 803 Godgiva.
1184 733 1333 786 fama
1384 731 1650 787 bonitatis
1696 733 1820 803 ejus
1848 727 2057 788 audita,

468 827 603 880 totis
640 826 798 879 illum
829 824 998 894 C(Bpit
1024 823 1259 893 diligere
1291 819 1609 875 visceribus.
1641 828 1696 873 et
1724 819 1779 872 in
1832 817 2063 871 diversis

469 916 640 985 hujus
667 914 853 969 seculi
892 913 1187 970 subvenire
1216 908 1659 971 necessitatibus.
1695 909 1870 978 (.‘ujus
1896 906 2067 977 siqui.

469 1005 599 1059 dem
651 1003 907 1076 precibus
965 1019 1151 1056 comes
1208 1001 1511 1057 Leofricus.
1555 999 1752 1067 conjux
1811 995 2065 1048 videlicet

466 1110 625 1158 suus,
657 1094 797 1148 duas
822 1101 1022 1148 terras.
1060 1092 1382 1145 Blacawella
1411 1098 1469 1143 et
1500 1085 1865 1142 Wulfordilea
1899 1101 2063 1138 voca-

469 1182 937 1244 tas.illidona\it.
967 1197 1105 1252 quas
1128 1189 1295 1234 antea
1337 1179 1472 1233 Dani
1506 1176 1802 1251 caeterique
1837 1173 1933 1233 Dei
1961 1172 2063 1229 ad-

465 1271 700 1326 versarii
733 1272 778 1324 vi
806 1270 1173 1328 abstulerant.
1197 1277 1252 1322 et
1294 1267 1363 1322 ab
1420 1269 1539 1337 ipsa
1569 1261 1947 1334 Wigorniensi
1972 1258 2065 1315 Ec-

469 1361 638 1416 clesia
661 1361 884 1431 penitus
905 1360 1305 1412 alienaverant.
1326 1358 1572 1410 Alteram
1592 1370 1815 1425 quoque
1832 1359 2061 1415 terram,

471 1467 639 1521 quam
658 1449 853 1503 incolae
874 1449 1022 1502 illius
1045 1444 1311 1502 llsacumb
1327 1443 1828 1515 nuncupantﬁlius
1852 1438 2065 1511 μενωῐῆιί

470 1538 691 1594 comitis
710 1538 989 1607 Eligarus
1016 1536 1247 1589 nomine
1276 1552 1309 1588 a
1335 1534 1666 1606 quibusdam
1707 1530 1969 1583 obtinuit.
2011 1534 2068 1581 et

2148 565 2397 607 manens.
2435 546 2695 600 omnibus
2723 546 2911 600 omnia
2963 544 3153 611 ﬁebat,
3184 552 3249 598 ut
3292 561 3488 598 omnes
3517 543 3744 597 Christo

2148 636 2351 696 lucrari
2385 644 2589 707 posset.
2642 638 2685 693 Α
2736 635 3021 691 Willelmo
3077 649 3299 704 quoque
3357 650 3487 703 rege.
3525 633 3743 687 ceteris

2147 727 2389 799 amplius
2408 725 2722 783 amabatur.
2744 723 2959 778 caeteris
2978 724 3221 793 amplius
3242 723 3471 792 majoris
3488 722 3747 776 minoris-

2145 833 2253 885 que
2281 814 2472 886 gloria}
2498 814 2630 868 viris
2653 831 2752 884 pro
2784 813 2907 867 vitae
2935 829 3049 866 suae
3092 812 3292 865 merito
3336 811 3736 865 honorabntur.

2144 906 2247 960 Cui
2270 904 2517 977 poscenti
2547 904 2706 958 dedit
2729 910 2937 957 terram
2966 902 3206 956 duorum
3239 910 3745 972 “satorumque;

2146 994 2406 1048 Cullaclis
2450 993 2675 1053 dicitur.
2720 999 2773 1044 et
2814 993 3048 1044 alteram
3105 990 3170 1045 15
3207 999 3577 1045 cassatorum.
3621 1008 3745 1060 quae

2144 1084 2436 1138 Elfestum
2486 1081 2830 1137 nominatur.
2866 1081 2979 1134 llas
3026 1081 3257 1150 insuper
3292 1088 3492 1139 terras.
3536 1079 3746 1133 Mittun

2144 1173 2355 1229 scilicet
2384 1173 2438 1231 in
2473 1172 2702 1232 Easton.
2735 1176 2791 1224 et
2817 1170 2959 1223 duas
2992 1170 3415 1240 Lynderycgeas
3434 1176 3500 1222 ot
3528 1169 3744 1239 Penhyl

2143 1271 2201 1317 et
2218 1261 2578 1321 Grimanleah
2610 1258 2714 1313 sibi
2746 1258 3147 1322 reddiditQute
3176 1258 3270 1312 ille
3294 1258 3479 1311 omnia
3518 1258 3747 1312 Thomas

2149 1349 2446 1404 venerabili
2483 1348 2674 1420 priori,
2727 1349 2822 1419 qui
2880 1348 3187 1418 prioratum
3250 1355 3372 1417 post
3407 1346 3745 1400 Elfstanum

2147 1437 2410 1502 obtinuit,
2433 1438 2712 1491 commisit
2760 1437 3140 1491 Molendinum
3173 1452 3395 1506 quoque
3421 1435 3569 1506 apud
3604 1436 3751 1488 Nor-

2148 1529 2390 1582 thwican
2423 1536 2479 1582 et
2508 1534 2766 1597 quartam
2799 1534 3013 1596 partem
3054 1532 3220 1579 terrae
3248 1525 3314 1577 ad
3342 1541 3479 1579 usus
3509 1525 3751 1578 fratrum

470 1644 574 1699 pro
595 1644 709 1681 suae
728 1626 973 1680 remedio
995 1626 1196 1679 animae
1213 1623 1461 1695 praedicti
1500 1621 1599 1675 viri
1634 1622 1725 1674 Dei
1744 1619 1859 1689 juri
1889 1616 2132 1719 tradi-B
2151 1617 2379 1672 donavit
2432 1618 2497 1670 Et
2530 1615 2955 1679 monasterium,
2987 1614 3131 1685 quod
3158 1613 3215 1667 in
3247 1614 3554 1668 Westbirie
3580 1615 3752 1668 situm

473 1717 576 1772 dit.
605 1718 853 1772 Cernens
880 1723 1067 1769 autem
1104 1714 1451 1768 venerandus
1500 1710 1952 1779 archiepiscopus
1982 1705 2072 1763 Al-

471 1806 679 1860 dredus
708 1805 858 1859 hunc
887 1820 1107 1858 servum
1146 1804 1247 1857 Dei
1278 1801 1441 1856 bonis
1471 1799 1732 1871 operibus
1782 1795 2065 1857 insudare,

470 1894 700 1949 nihilde
720 1893 960 1947 terrenis
997 1908 1213 1955 curare,
1248 1891 1601 1945 solummodo
1641 1884 1958 1942 cwlestibus
1992 1883 2073 1936 in-

468 1984 646 2045 hiare.
671 1984 727 2037 in
755 1982 1134 2053 episcopatum
1153 1980 1565 2051 Wigorniensis
1593 1975 1847 2031 Ecclesiae
1877 1974 2071 2027 decre-

466 2074 548 2131 vit
566 2089 694 2131 eum
709 2072 1018 2129 sublevare.
1053 2071 1210 2134 Quod
1234 2070 1380 2127 sicut
1398 2067 1675 2141 disposuit
1705 2070 1908 2119 mente.
1945 2063 2073 2116 licet

468 2162 711 2215 multum
747 2159 1215 2217 retinereturille,
1251 2174 1363 2213 non
1423 2158 1601 2210 multo
1656 2163 1779 2225 post
1818 2150 2073 2222 implevit

470 2265 637 2320 opere
688 2247 962 2318 Suscepto
982 2248 1174 2318 itaque
1201 2248 1342 2301 tanti
1370 2245 1599 2299 honoris
1627 2243 1897 2297 culmine.
1929 2256 2070 2310 qua-

468 2338 602 2393 liter
629 2336 764 2390 illud
801 2338 909 2390 Leo
942 2353 1002 2390 se
1030 2342 1355 2407 protegente
1386 2334 1830 2400 tenuerit,quam
1863 2328 2071 2383 sanctis

471 2427 735 2498 operibus
764 2426 1333 2480 decoraveritmullus
1357 2426 1573 2479 edicere
1609 2422 1834 2493 poterit.
1869 2418 2074 2474 Mansit

470 2522 659 2570 autem
683 2515 738 2569 in
762 2515 1085 2585 episcopatu
1110 2514 1175 2572 3'2
1192 2514 1373 2575 annis.
1401 2513 1685 2573 mensibus
1724 2509 1756 2567 3
1772 2521 1820 2563 et
1846 2515 1872 2567 t
1906 2506 2073 2577 septi-

471 2606 674 2661 manis.
704 2606 1015 2666 Prioratnm
1037 2623 1164 2667 vero
1188 2604 1592 2675 Wigorniensis
1611 2600 1863 2657 Ecclesim
1892 2615 2074 2659 susce-

474 2696 557 2769 pit
579 2712 677 2766 pro
734 2696 858 2767 ipso
905 2700 1079 2750 lrater
1131 2696 1281 2749 illius
1327 2696 1631 2748 [Elistanus
1688 2690 1932 2753 nomine,
1977 2687 2072 2758 qui

470 2791 655 2840 terras
675 2791 751 2838 tri
764 2804 809 2843 s.
848 2785 996 2839 Lena
1019 2785 1292 2847 videlicet,
1319 2793 1375 2837 et
1414 2779 1831 2837 Dunhamstede
1856 2785 1914 2830 et
1947 2776 2072 2829 Pec-

473 2875 654 2930 ceslea
674 2891 777 2929 sua
805 2874 1101 2946 acquisivit
1131 2873 1482 2933 strenuitate.
1519 2874 1644 2951 Ipse
1681 2872 1850 2935 etiam
1879 2880 2077 2925 servus

2154 1715 2258 1763 est.
2291 1706 2541 1776 ejusdem
2566 1705 2771 1776 prioris
2798 1705 3026 1758 Thomas
3081 1703 3344 1758 custodiae
3389 1704 3747 1773 mancipavit.

2154 1796 2310 1860 Quod
2328 1795 2585 1849 videlicet
2604 1795 3008 1847 monasterium
3049 1791 3243 1846 beatus
3265 1792 3560 1847 Oswaldus
3600 1792 3756 1862 prius

2155 1884 2445 1939 exstruxit.
2473 1883 2763 1937 monachis
2792 1881 3077 1939 stabilivit.
3126 1887 3182 1935 et
3204 1882 3369 1935 terris
3400 1881 3757 1935 hominibus—

2156 1991 2263 2045 que
2293 1974 2417 2027 illas
2441 1971 2818 2026 excolentibus
2853 1971 3067 2024 ditavit.
3102 1970 3309 2024 Verum
3358 1978 3485 2040 post
3515 1978 3759 2024 mortem

2156 2063 2307 2119 illius
2339 2063 2418 2116 sic
2448 2079 2479 2116 a
2505 2061 2777 2130 perversis
2806 2059 3015 2113 diaboli
3046 2059 3195 2123 filiis,
3231 2059 3443 2113 scilicet
3471 2077 3503 2112 a
3537 2058 3759 2129 piratis,

2152 2159 2429 2211 vastatum
2455 2155 2558 2210 est.
2595 2158 2659 2205 ut
2687 2168 2797 2204 non
2852 2158 3170 2207 remaneret
3200 2149 3308 2203 nisi
3361 2166 3509 2203 unus
3542 2150 3760 2207 solum-

2155 2242 2318 2294 modo
2349 2242 2658 2311 presbyter.
2691 2240 2786 2310 qui
2817 2239 3021 2293 divinm
3047 2239 3331 2293 servitutis
3359 2238 3608 2293 otlicium
3629 2255 3761 2292 raro

2154 2328 2410 2400 explevit.
2445 2332 2518 2382 At
2558 2328 2913 2381 recordandze
2955 2328 3235 2381 memoriae
3267 2327 3605 2381 Wulstanus
3634 2334 3763 2397 post

2155 2427 2476 2488 susceptum
2506 2418 2858 2487 episcopatus
2890 2416 3154 2470 honorem
3188 2416 3323 2469 illud
3359 2416 3719 2469 reaediﬁravit
3746 2436 3760 2481 ;

2153 2507 2341 2570 terris,
2373 2505 2693 2563 hominibus
2723 2513 2780 2558 et
2815 2505 3158 2559 vestimentis
3204 2505 3273 2557 ad
3310 2505 3406 2557 Dei
3464 2505 3762 2559 servitium

2154 2595 2569 2673 pertinentibus
2599 2594 2929 2651 nobilitavit.
2958 2594 3277 2663 ibidemque
3308 2595 3617 2647 secundum
3652 2594 3763 2647 loci

2155 2686 2489 2756 positionem
2519 2685 2824 2738 monachos
2877 2684 3230 2747 coadunavit,
3264 2690 3321 2736 et
3350 2684 3763 2737 monasterium

2156 2762 2281 2827 cum
2313 2773 2574 2827 omnibus
2603 2790 2725 2844 quae
2763 2773 2841 2827 ibi
2880 2781 3043 2827 erant
3081 2773 3338 2827 Ecclesiae
3381 2774 3764 2843 Wigorniensi

2158 2863 2281 2935 subj
2291 2863 2500 2934 ugavit.

1240 3202 2266 3377 HEMMINGI
2390 3202 2988 3365 LIBER

1020 3472 1148 3552 DE
1217 3473 1709 3555 ECCLESIA‘J
1771 3473 2493 3556 WIGORNIENSIS
2564 3471 3218 3557 INCBEMENTIS

1638 3649 2030 3731 (Monasticon
2072 3649 2342 3730 Anglia,
2390 3652 2415 3713 Ι
2464 3650 2622 3731 134).

561 3947 725 4003 Hunc
751 3946 1004 4003 libellum
1035 3949 1105 4003 de
1134 3948 1580 4021 possessionibus
1596 3948 1768 4020 hujus
1782 3947 1957 4004 nostri
1974 3955 2149 4012 mo-C
2170 3950 2395 4021 quando
2420 3949 2513 4004 Dei
2545 3948 2731 4028 gratia
2754 3950 3091 4004 concedente
3111 3966 3208 4004 cor
3233 3948 3382 4020 regis
3399 3947 3625 4019 justitia
3656 3963 3767 4017 qua

488 4038 744 4101 nastei'ii.
774 4054 878 4109 ego
938 4039 1308 4109 llemmingus
1357 4038 1664 4092 monachus
1717 4049 1774 4093 et
1828 4038 2089 4093 sacerdos

492 4127 749 4198 quamvis
769 4127 1035 4198 indignus
1065 4134 1122 4183 et
1149 4144 1448 4182 conservus
1478 4145 1763 4182 servorum
1802 4128 1894 4182 Dei
1931 4127 2088 4181 habi-

490 4216 733 4271 tantium
761 4218 818 4271 in
848 4217 1188 4271 monasterio
1216 4234 1422 4271 sanctae
1450 4218 1551 4271 Dei
1573 4218 1872 4271 Genitricis
1900 4217 2091 4271 Maria!

491 4305 599 4359 sito
620 4308 677 4359 in
700 4306 836 4360 urbe
855 4324 977 4376 qua:
996 4307 1226 4376 Anglice
1244 4306 1727 4376 Wigornacealter
1745 4307 2086 4364 nominatur.

494 4395 801 4449 multorum
829 4396 1188 4465 antiquorum
1220 4395 1511 4449 hominum
1543 4401 1600 4448 et
1626 4396 1865 4448 maxime
1880 4394 2091 4448 domini

495 4484 778 4539 Wulstani
811 4485 1052 4556 episcopi
1087 4484 1322 4555 piissimi
1348 4486 1523 4555 patris
1546 4485 1718 4538 nostri
1742 4486 1971 4539 edoctus
2002 4501 2091 4538 re-

495 4572 707 4627 latione
737 4585 791 4627 et
820 4573 1213 4628 corroboratus
1245 4574 1598 4633 auctoritate.
1629 4573 1886 4644 quaedam
1920 4574 2090 4628 etiam

499 4678 564 4717 ex
594 4671 788 4716 nostra
818 4663 1088 4716 memoria
1120 4663 1358 4733 ipsemet
1387 4664 1590 4733 quibus
1620 4670 1720 4717 aut
1742 4663 1969 4717 interfui
1996 4669 2097 4716 aut

2172 4057 2320 4093 nunc
2351 4040 2644 4094 marcescit
2688 4039 3086 4107 consolidetur,
3119 4040 3317 4110 lexque
3348 4055 3470 4109 quae
3501 4053 3653 4091 nunc
3676 4038 3765 4090 in-

2165 4129 2336 4199 justis
2365 4128 2711 4200 principibus
2737 4132 2966 4183 confusa
2994 4136 3081 4183 est
3102 4130 3324 4198 justitia
3350 4127 3617 4181 fulciente
3644 4134 3765 4180 sta-

2174 4218 2418 4277 bilietur.
2478 4219 2619 4273 sciat
2681 4220 2796 4273 sive
2851 4218 3163 4290 episcopus.
3204 4218 3320 4272 sive
3372 4218 3641 4284 decanus.
3682 4216 3767 4270 vel

2173 4308 2377 4378 aliquis
2424 4309 2688 4378 piaelatus
2739 4309 2905 4378 hujus
2963 4308 3307 4365 monasterii.
3360 4307 3495 4363 dum
3543 4315 3770 4376 tempus

2174 4410 2364 4468 aptum
2396 4397 2688 4461 invenerit,
2709 4398 2988 4467 quomodo
3012 4415 3105 4452 eas
3138 4397 3463 4467 proclamat.
3487 4395 3772 4466 quomodo

2175 4504 2270 4541 eas
2292 4494 2533 4558 expetat.
2559 4505 2629 4542 ne
2648 4488 2978 4559 ignorantiae
3000 4487 3217 4542 nebulis
3234 4487 3518 4541 absconsze
3547 4484 3774 4555 penitus

2175 4592 2239 4631 ex
2268 4563 2549 4637 memoria
2571 4577 2867 4631 deleantur
2917 4577 3169 4646 Cognitis
3217 4576 3367 4629 enim
3400 4574 3605 4635 causis.
3648 4589 3771 4644 per-

2176 4666 2329 4719 sonis
2349 4673 2399 4719 et
2418 4665 2983 4737 temporibusquibus
3001 4673 3099 4719 aut
3121 4682 3220 4736 per
3240 4681 3380 4736 quos
3408 4680 3587 4735 quove
3606 4661 3771 4716 modo

499 4767 623 4822 quae
642 4760 833 4805 nostra
872 4758 1036 4806 aetate
1074 4752 1214 4805 facta
1237 4760 1370 4805 sunt
1392 4752 1760 4811 intermisi-ui.
1794 4760 1987 4824 utpote
2018 4753 2087 4807 de
2113 4800 2154 4853 Η
2176 4755 2310 4825 ipste
2332 4761 2494 4809 terra;
2526 4756 2608 4808 vel
2636 4756 3014 4825 possessiones
3066 4771 3098 4808 a
3156 4754 3481 4808 monasterii
3512 4753 3773 4807 domina-

499 4839 667 4897 terris
681 4858 824 4911 quas
840 4840 1169 4915 Francigeni
1190 4841 1538 4902 invaserunt,
1563 4859 1687 4910 quae
1716 4843 1904 4896 omnia
1933 4849 2093 4896 tanto
2114 4839 2152 4853 “’
2175 4845 2327 4900 tione
2342 4844 2541 4899 ablatae
2561 4844 2691 4899 sint.
2714 4845 2851 4899 satis
2869 4845 3068 4899 melius
3104 4850 3161 4898 et
3206 4842 3634 4898 convenientius
3655 4841 3775 4915 qui-

501 4928 709 4991 certius
728 4928 851 4987 dico
870 4936 1160 4999 quantoea
1175 4939 1367 4987 nostra
1385 4930 1658 4984 memoria
1677 4931 1874 4985 recolit
1926 4930 2089 4995 facta,
2176 4933 2313 4987 libet
2339 4950 2531 4987 earum
2562 4935 2939 5004 proclamator
2976 4941 3034 4988 et
3076 4934 3145 4987 ad
3169 4935 3265 5005 jus
3297 4932 3628 4987 monasterii
3665 4915 3777 5002 quo

500 5033 568 5075 ea
587 5017 827 5073 maxime
853 5017 1167 5073 intentione
1187 5019 1495 5089 composui,
1529 5025 1592 5073 ut
1618 5020 1857 5090 posteris
1889 5020 2096 5075 nostris
2171 5023 2324 5094 juste
2343 5030 2638 5095 suppetere
2666 5022 2935 5078 deberent
2962 5030 3225 5078 strenuus
3241 5030 3296 5076 et
3310 5023 3503 5093 justus
3532 5028 3780 5085 exactor,

496 5107 834 5165 claresceret
858 5124 984 5179 quae
1015 5114 1074 5162 et
1121 5116 1344 5179 quantae
1392 5109 1772 5180 possessiones
1813 5117 2096 5166 terrarum
2180 5130 2339 5168 suam
2370 5119 2670 5184 componet
2696 5113 3008 5167 orationem
3064 5119 3121 5167 et
3174 5114 3547 5182 compositam
3579 5110 3784 5181 majori

500 5197 700 5257 ditioni
719 5198 888 5269 hujus
918 5198 1245 5252 monasterii
1273 5198 1530 5268 adjacere
1559 5198 1628 5252 ad
1659 5199 1860 5254 victum
1891 5201 2096 5255 dunta-
2179 5203 2512 5257 auctoritate
2541 5202 2843 5272 diligenter
2857 5209 2910 5255 et
2938 5201 3267 5255 nominatim
3298 5199 3537 5269 singulis
3557 5216 3787 5272 expres-

500 5293 899 5343 xatservorum
922 5287 1043 5347 Dei.
1068 5287 1467 5343 monachorum
1504 5287 1758 5342 videlicet
1772 5290 1901 5359 jure
1928 5290 2097 5344 debe-
2182 5292 2259 5346 sis
2289 5292 2495 5350 causis.
2535 5292 2806 5363 personis.
2857 5290 3224 5362 temporibus,
3287 5288 3481 5343 fulcire
3524 5290 3790 5360 praevalet

501 5384 935 5448 rent.quamque
951 5376 1156 5448 injuste
1176 5377 1225 5429 vi
1243 5383 1297 5431 et
1311 5378 1455 5431 dolis
1476 5377 1697 5448 spoliati
1721 5379 1806 5432 his
1822 5396 2098 5434 caremus.
2184 5380 2678 5450 proclamationem
2725 5378 2955 5433 Noverit
2967 5386 3154 5432 autem
3190 5377 3476 5431 studiosus
3490 5378 3671 5431 lector
3697 5392 3787 5430 me

505 5465 651 5531 Quid
679 5483 808 5521 vero
831 5466 1092 5520 utilitatis
1114 5466 1217 5520 hoc
1247 5482 1371 5520 meo
1403 5466 1592 5520 labore
1622 5476 1967 5533 exerceatur,
2004 5469 2100 5522 Dei
2184 5469 2288 5523 hoc
2319 5486 2457 5540 opus
2486 5486 2596 5523 non
2633 5485 2759 5522 mea
2790 5467 3246 5540 praesumptione,
3276 5465 3373 5519 sed
3402 5466 3785 5536 plurimorum

506 5555 686 5624 pietas
716 5554 916 5608 melius
944 5555 1115 5614 novit.
1150 5555 1238 5610 cui
1266 5562 1445 5610 totum
1470 5556 1778 5610 committo.
1815 5557 2099 5621 Quantum
2183 5568 2403 5629 rogatu,
2440 5559 2677 5612 maxime
2707 5568 2896 5611 tamen
2930 5558 3106 5630 ipsius
3132 5556 3586 5610 reverendissimi
3609 5558 3790 5627 patris

469 5648 698 5697 .tamen
712 5642 977 5699 admeam
999 5643 1202 5707 attinet
1221 5643 1644 5714 dispositionem
1668 5644 1784 5699 haec
1811 5651 1928 5714 est;
1963 5652 2027 5700 ut
2054 5646 2101 5699 si
2186 5647 2364 5701 nostri
2384 5648 2504 5723 jam
2531 5646 2667 5703 dicti
2698 5654 2755 5702 ct
2773 5663 2918 5725 saepe
2960 5644 3307 5717 nominandi,
3342 5643 3560 5699 domini
3591 5643 3793 5697 videli-
