4016 6178
302 283 447 342 M93

961 287 1347 344 RADBODUS
1386 290 1437 345 Π
1477 290 1785 346 NOVIDM.
1829 288 2054 345 EPISC.
2098 319 2163 332 -—
2203 290 2504 346 NOTITIA
2541 291 2950 346 HISTORICA.

3441 292 3574 350 1494

289 412 1231 484 cét'WulstaniepiscOpijussione
1259 415 1570 486 incwpisse,
1607 416 1768 485 cujus
1785 431 1906 468 ora-
1922 419 1965 474 A
1989 414 2212 484 quidem
2265 415 2541 470 ordinavit
2589 416 2778 469 omnia
2825 416 3104 487 primitiva
3151 424 3584 474 testamenta-et

279 501 535 562 tionibus
566 503 829 555 sull'ultus
873 511 1148 556 veracster
1190 505 1354 557 credo
1401 506 1468 557 ad
1519 508 1685 558 tinem
1720 521 1896 573 usque

280 607 378 645 me
411 590 758 660 perduxisse.
801 591 1029 648 Solebat
1072 609 1315 664 namque
1345 594 1492 659 inter
1513 594 1762 668 jucunda
1794 594 1896 658 ad-

283 679 616 747 monitionis
646 697 760 740 suae
805 681 1106 751 colloquia,
1152 669 1274 752 quae
1333 683 1621 738 nobiscum
1667 691 1730 738 ut
1769 683 1896 753 pius

283 778 453 840 pater
479 769 808 836 frequenter
837 770 1043 824 habere
1085 771 1488 830 delectabatur.
1530 789 1640 824 non
1669 772 1893 842 quidem

284 876 381 914 me
404 860 584 914 solum
618 877 877 932 expresso
901 860 1144 926 nomine,
1171 861 1263 924 sed
1288 869 1517 916 cunctos
1535 859 1737 916 fratres
1758 877 1896 930 quos

287 950 438 1004 forte
469 966 632 1012 casus
663 950 738 1004 ibi
794 956 1241 1019 praesentaxerat,
1297 949 1532 1020 pigritize
1571 957 1629 1007 et
1669 932 1896 1004 desidiae

287 1055 552 1108 arguere,
583 1056 689 1097 cur
709 1055 810 1094 nos
836 1039 953 1096 otio
981 1047 1268 1109 torpentes
1309 1056 1396 1092 res
1427 1038 1758 1108 praecedenti
1781 1039 1898 1094 sive

289 1134 487 1181 nostro
519 1134 773 1198 tempore
801 1137 989 1198 gestas
1033 1129 1102 1181 de
1153 1127 1596 1198 possessionibus
1626 1127 1900 1180 duntaxat

292 1217 547 1280 ecclesiis
579 1228 785 1270 nostrae
817 1217 1093 1278 nollemus
1117 1216 1316 1270 litteris
1347 1216 1741 1274 commendare
1771 1234 1896 1269 cum

290 1323 396 1366 nos
423 1313 484 1371 et
509 1306 670 1377 plura
694 1307 870 1360 oculis
897 1307 1105 1360 nostris
1134 1307 1280 1364 facta
1312 1306 1658 1368 vidissemus,
1690 1311 1751 1362 et
1779 1306 1898 1376 ipse

294 1401 497 1466 utpote
528 1395 613 1448 vir
654 1396 982 1450 venerandae
1027 1396 1332 1450 senectutis
1363 1403 1419 1448 et
1457 1395 1680 1449 canitiei
1723 1396 1900 1449 multa

295 1489 489 1554 posset
519 1483 762 1536 recolere
789 1500 912 1552 quae
944 1484 1317 1554 plurimorum
1361 1500 1469 1536 non
1517 1491 1680 1537 erant
1706 1501 1899 1538 recon-

295 1573 416 1626 dita
453 1572 754 1636 memoriae.
789 1572 989 1634 Aiebat
1015 1572 1181 1626 etiam
1215 1589 1324 1626 non
1350 1573 1642 1630 minimum
1671 1574 1902 1643 posteri-

292 1663 430 1718 tatis
462 1671 666 1717 nostrae
697 1663 1060 1732 temporibus.
1094 1662 1138 1715 si
1173 1662 1399 1716 litterali
1434 1662 1714 1722 memoria:
1743 1680 1896 1720 com-

1979 503 2263 573 privilegia
2286 505 2341 558 in
2366 504 2565 574 quibus
2587 505 3050 558 manifestabatur
3078 508 3356 578 quomodo
3376 509 3456 560 vel
3480 524 3580 585 per

1977 609 2118 664 quos
2148 593 2328 663 primo
2356 599 2634 650 terrarum
2668 593 3046 664 possessiones
3075 596 3206 649 huic
3236 595 3575 657 monasterio

1977 681 2122 739 datae
2154 684 2285 736 sint.
2321 684 2384 741 In
2407 683 2584 736 altero
2616 700 2743 735 vero
2763 682 3130 753 chirographa
3159 683 3360 752 quibus
3381 683 3578 742 beatus,

1979 772 2271 829 Oswaldus
2296 771 2766 842 archiepiscopus,
2802 789 2928 825 cum
2964 774 3244 844 adjutorio
3273 773 3421 841 regis
3450 774 3580 827 IEd-

1977 860 2118 929 gari,
2169 866 2350 914 terras
2410 861 2618 930 injuste
2667 878 2700 914 a
2749 861 2878 914 viris
2926 861 3242 939 potentibus
3289 862 3576 931 aliquanto

1979 958 2229 1020 tempore
2252 954 2535 1020 possessas
2555 949 2750 1004 ditioni
2775 951 3021 1005 ecclesiae
3049 950 3352 1008 attitulavit
3373 966 3579 1022 easque

1979 1038 2506 1106 regaliauctoritate
2535 1045 2592 1091 et
2628 1046 2950 1096 senatorum
2982 1055 3257 1096 consensu
3287 1045 3341 1090 et
3373 1037 3579 1107 princi-

1980 1143 2110 1196 pum
2150 1125 2343 1196 patrize
2365 1126 2706 1194 testimonio,
2729 1128 2862 1180 data
2898 1127 3201 1197 unicuique
3219 1125 3579 1195 chirographi

1981 1214 2262 1276 cautione.
2286 1221 2412 1285 post
2441 1215 2679 1272 duorum
2710 1217 2793 1269 vel
2819 1217 2989 1269 trium
3013 1217 3293 1274 hzrredum
3324 1222 3583 1285 tempora

1976 1303 2090 1371 juri
2121 1302 2366 1358 ecclesiae
2390 1303 2600 1380 absque
2629 1306 3067 1362 contradictione
3099 1306 3430 1367 reddendas,
3461 1303 3580 1358 chi-

1982 1394 2388 1463 rograpborum
2420 1395 2588 1449 etiam
2614 1395 3024 1465 exemplaribus
3048 1395 3106 1448 in
3143 1395 3348 1450 scrinio
3377 1399 3595 1448 sanctae.

1981 1482 2229 1541 ecclesiae
2251 1484 2321 1537 ob
2342 1484 2729 1540 testimonium
2762 1484 3048 1536 collocatis
3077 1483 3192 1536 suis
3213 1483 3432 1552 scriptis
3462 1498 3584 1535 suc-

1983 1575 2295 1628 cessoribus
2337 1575 2728 1629 manifestavit.
2763 1575 2974 1638 Quibus
2999 1575 3289 1638 ordinatis,
3325 1571 3586 1646 praecepit

1986 1671 2185 1716 cuncta
2215 1665 2407 1726 eodem
2441 1665 2633 1720 ordine
2657 1664 2713 1720 in
2737 1663 3072 1722 bibliotheca
3101 1670 3308 1718 sanctae
3338 1662 3586 1716 ecclesia

297 1753 684 1811 mendaretur,
746 1753 876 1806 huic
915 1753 1258 1808 monasterio
1301 1752 1522 1808 evenire
1567 1769 1729 1820 posse
1778 1753 1891 1812 Deo
1921 1772 1965 1829 Β
1988 1751 2176 1815 scribi,
2196 1759 2473 1820 quatenus
2499 1751 2717 1807 etiamsi
2749 1759 2812 1805 ut
2832 1751 3415 1820 assolet,contingeret
3435 1751 3585 1820 quod

297 1841 544 1894 donante
576 1841 904 1912 proficuum,
922 1840 1069 1893 sicut
1098 1857 1127 1892 e
1149 1841 1428 1894 contrario
1454 1841 1499 1893 si
1524 1841 1906 1911 negligeretur

297 1931 582 1984 accideret
609 1930 896 1992 damnum,
933 1930 1065 1986 dum
1095 1930 1284 1984 nullus
1316 1938 1636 2000 superesset
1671 1931 1760 2008 qui
1796 1949 1910 1987 me,

297 2020 482 2082 moria
502 2020 750 2082 recolere
783 2025 988 2090 posset.
1015 2025 1112 2074 aut
1137 2019 1183 2071 ei
1217 2020 1367 2074 aetati
1406 2037 1593 2084 rerum
1621 2026 1909 2096 gestarum

296 2109 589 2166 veritatem
616 2109 697 2162 vel
721 2109 973 2163 ordinem
1006 2126 1240 2165 narrare
1264 2115 1468 2168 nosset.
1506 2108 1610 2162 His
1630 2110 1908 2180 siquidem

300 2199 792 2252 adhortationibus
814 2199 1119 2269 plurimum
1141 2198 1537 2266 instigatus,ad
1565 2207 1909 2267 postremum

301 2287 470 2352 etiam
505 2289 628 2358 ers
661 2294 940 2359 praecepto
972 2288 1310 2341 constrictus
1340 2294 1397 2340 et
1433 2287 1770 2341 auctoritate
1796 2307 1914 2342 cor-

300 2375 618 2439 roboratus,
660 2376 766 2436 hoc
796 2393 939 2446 opus
967 2375 1334 2445 aggredisum
1361 2391 1610 2438 exorsus,
1633 2377 1689 2432 in
1715 2377 1912 2446 juben-

301 2462 375 2524 tis
407 2464 587 2533 magis
617 2465 964 2520 orationibus
997 2481 1163 2534 quam
1198 2464 1253 2518 in
1280 2465 1520 2534 prOpriis
1547 2465 1752 2519 viribus
1783 2483 1911 2521 con-

303 2553 454 2605 ﬁsus.
514 2553 645 2606 Erat
701 2570 942 2622 namque
1011 2553 1155 2606 idem
1206 2554 1703 2607 reverendissimus
1755 2565 1912 2624 pater

304 2648 502 2710 noster
553 2643 686 2696 licet
730 2643 1082 2707 saecularium
1135 2659 1321 2700 rerum
1366 2642 1596 2696 minime
1653 2644 1908 2716 cupidus.

306 2730 477 2800 hujus
509 2731 835 2785 monasterii
870 2732 1167 2799 plurimum
1200 2731 1431 2792 studens
1457 2749 1678 2802 semper
1709 2735 1915 2790 utilita-

304 2807 476 2886 tibus,
503 2827 560 2873 et
589 2836 658 2874 ne
679 2837 782 2880 sua
802 2826 866 2874 ut
885 2820 1255 2890 quorumdam
1280 2820 1746 2890 praedecessorum
1779 2839 1913 2876 suo-

309 2925 432 2962 rum
461 2909 824 2977 negligentia,
857 2909 1154 2961 commissa
1205 2908 1310 2961 sibi
1361 2909 1590 2963 ecclesia
1640 2911 1908 2964 damnum

309 3000 536 3070 aliquod
593 2999 830 3068 posteris
879 2997 1226 3078 temporibus
1271 3005 1574 3066 pateretur,
1608 3016 1705 3072 pro
1752 3017 1912 3078 posse

310 3105 410 3141 suo
443 3088 787 3157 praecavebat
813 3087 1087 3158 providus.
1141 3086 1296 3148 Unde
1323 3095 1377 3139 et
1406 3088 1672 3150 scrinium
1716 3105 1905 3150 mona-

310 3177 674 3236 steriicorain
706 3193 765 3230 se
811 3177 1043 3234 reserari
1086 3176 1233 3229 fecit.
1275 3177 1685 3246 diligenterque
1725 3177 1916 3231 ononia

309 3267 670 3337 antiquorum
705 3265 992 3335 privilegia
1021 3272 1078 3317 et
1107 3273 1446 3318 testamenta
1497 3265 1564 3318 de
1604 3267 1912 3335 possessio-

309 3355 474 3411 nibus
505 3356 671 3424 hujus
696 3355 940 3408 eccleswe
973 3362 1354 3426 perscrutatus
1385 3360 1486 3414 est,
1516 3371 1584 3408 ne
1616 3355 1754 3408 forte
1786 3371 1913 3416 (IUS-

308 3446 501 3500 todum
537 3443 874 3514 negligentia
906 3445 1218 3515 putrefacta
1250 3454 1349 3502 aut
1378 3444 1696 3512 iniquorum
1730 3444 1912 3496 avari-

308 3537 383 3590 tia
417 3536 602 3589 forent
628 3535 914 3591 distrarta.
961 3535 1215 3603 Cumque
1241 3550 1306 3590 ex
1338 3541 1494 3602 parte
1526 3540 1584 3586 ut
1623 3540 1914 3602 putaverat

308 3624 848 3694 reperisset,curavit
882 3624 1130 3676 studiose
1153 3630 1209 3675 e‘t
1240 3623 1616 3693 putrescentia
1649 3639 1910 3692 reparare

307 3723 364 3771 et
392 3733 515 3787 quze
547 3714 737 3784 inique
767 3715 1034 3767 distracta
1063 3713 1290 3766 fuerunt
1320 3720 1547 3765 strenue
1596 3712 1909 3782 acquirere,

304 3805 581 3877 acquisita
614 3821 739 3857 vero
789 3804 845 3856 in
889 3803 1055 3864 simul
1085 3818 1426 3871 congregare
1458 3809 1913 3872 congregataque

305 3900 362 3952 in
419 3892 639 3949 duobus
691 3891 1065 3947 voluminibus
1123 3891 1342 3945 studuit
1371 3891 1632 3945 ordinare
1683 3889 1750 3944 In
1799 3905 1911 3944 uno

1988 1839 2176 1909 aliqua
2193 1841 2533 1909 negligentia
2563 1841 2983 1896 testamentales
3000 1841 3206 1893 sedulae
3219 1841 3600 1910 perderemus

1995 1948 2186 1986 earum
2221 1933 2555 2003 exemplaria
2598 1934 2795 1985 saltem
2839 1932 2969 1993 inibi
3002 1932 3316 2002 conscripta
3344 1919 3598 1984 nullate-I

1994 2038 2100 2075 nus
2126 2020 2388 2076 oblivioni
2412 2023 2784 2078 traderentur.
2823 2023 2938 2076 Hoc
2965 2023 3360 2092 quoquejuxta
3379 2019 3517 2076 velle
3533 2023 3592 2072 et

1993 2112 2291 2180 imperium
2350 2127 2513 2164 suum
2571 2117 2808 2180 patrato.
2848 2111 3107 2180 praecepit
3162 2110 3344 2162 adhuc
3400 2107 3592 2162 omnia.

1996 2200 2289 2272 privilegia
2317 2206 2371 2253 et
2395 2200 2765 2270 chirographa
2796 2207 3074 2252 terrarum
3108 2216 3231 2270 quae
3262 2197 3483 2268 proprie
3521 2197 3593 2250 ad

1996 2291 2197 2343 victum
2250 2291 2649 2342 monachorum
2708 2290 2990 2357 pertinent
3043 2288 3345 2357 separatim
3392 2303 3454 2340 ex
3504 2285 3593 2340 his

1995 2379 2344 2448 congregari,
2383 2394 2559 2446 eaque
2594 2376 2855 2434 similiter
2879 2377 2933 2434 in
2964 2376 3181 2429 duobus
3221 2375 3596 2429 voluminibus

1993 2469 2184 2521 eodem
2210 2467 2404 2521 ordine
2425 2467 2660 2520 adunari
2692 2466 2838 2535 quod
2871 2466 2925 2517 in
2958 2467 3058 2518 hoc
3082 2465 3347 2517 Codicello
3369 2467 3505 2533 ejus.
3533 2469 3594 2518 ut
3670 2489 3679 2498 -

1996 2557 2242 2628 praedixi,
2294 2555 2528 2625 imperio
2557 2572 2655 2625 pro
2706 2555 2931 2607 modulo
2969 2571 3104 2606 mea:
3139 2553 3445 2623 parvitatis,
3481 2560 3596 2606 stu—

1997 2647 2186 2704 diosus
2223 2646 2395 2698 lector
2433 2643 2627 2699 fecisse
2653 2661 2738 2696 me
2777 2643 3220 2702 aninmdvertere
3255 2649 3436 2712 potest
3485 2642 3594 2694 De-

1999 2752 2194 2805 precor
2219 2751 2372 2800 ergo,
2408 2741 2471 2787 ut
2497 2734 2541 2786 si
2569 2733 2652 2794 cui
2689 2734 2777 2786 hic
2803 2732 3091 2802 parvitatis
3122 2748 3256 2788 mea:
3273 2730 3428 2784 labor
3442 2729 3598 2782 cordi

1994 2825 2167 2882 sedet.
2195 2822 2469 2876 orationis
2487 2839 2797 2876 merceoem
2829 2823 2963 2874 mihi
2989 2819 3597 2891 peccatoriimpendere

1995 2929 2105 2965 non
2135 2913 2390 2981 deneget.
2413 2912 2489 2965 ‘Si
2522 2911 2608 2964 cui
2645 2928 2769 2963 vero
2812 2911 3084 2980 displicet.
3121 2916 3220 2962 aut
3248 2910 3596 2979 superﬂuum

1988 3002 2222 3070 judicat.
2275 3002 2414 3054 sciat
2455 3018 2541 3053 me
2574 3017 2682 3054 non
2716 3000 3016 3053 fustidiosis
3056 3009 3111 3052 et
3153 2998 3466 3054 desidiosis.
3499 2997 3598 3051 sed

1997 3091 2240 3146 strenuis
2269 3099 2324 3144 et
2353 3089 2618 3144 studiosis
2653 3089 2952 3149 laborasse.
2995 3091 3185 3157 eisque
3211 3089 3302 3158 qui
3335 3104 3433 3158 pro
3463 3103 3597 3148 san-

1996 3187 2096 3232 ctae
2131 3179 2324 3232 nmtris
2363 3179 2605 3232 coclesiae
2637 3180 2883 3248 proiicuo
2913 3186 2968 3232 et
2997 3177 3454 3246 augmentatione
3486 3193 3598 3231 non

1998 3269 2176 3322 solum
2210 3277 2438 3321 strenue
2469 3274 2702 3329 certare,
2735 3283 2922 3320 verum
2967 3268 3133 3320 etiam
3167 3267 3209 3319 si
3241 3283 3464 3320 necesse
3491 3266 3600 3320 erit

1998 3364 2055 3410 et
2086 3357 2415 3424 semetipsos
2465 3356 2785 3427 impendere
2833 3372 2940 3408 non
2984 3356 3262 3414 dubitant,
3315 3355 3417 3414 hoc
3457 3373 3599 3426 opus

1995 3463 2267 3499 sacrasse.
2301 3447 2523 3507 Annum
2557 3461 2742 3514 quaeso
2796 3444 3151 3513 omnipotens
3187 3448 3348 3498 heus.
3380 3450 3435 3497 et
3467 3459 3596 3497 san.

1995 3543 2096 3587 cla:
2139 3534 2384 3587 ecclesiae
2422 3535 2599 3586 honor
2648 3541 2702 3585 et
2752 3539 2998 3602 potestas
3047 3533 3260 3602 jugiter
3289 3539 3502 3585 crescat
3541 3539 3597 3584 et

1993 3631 2390 3692 augmentetur
2418 3622 2488 3675 ad
2519 3623 2738 3684 laudem
2777 3623 2994 3675 Domini
3031 3621 3204 3675 nostri
3224 3622 3354 3674 Jesu
3386 3621 3594 3676 Christi

1998 3711 2092 3787 qui
2139 3729 2265 3765 cum
2318 3713 2481 3765 Patre
2533 3721 2589 3770 et
2626 3711 2837 3782 Spiritu
2880 3722 3073 3766 sancto
3113 3710 3239 3770 vivit
3284 3717 3341 3771 et
3394 3715 3596 3792 regnat

1995 3801 2144 3856 Deus
2173 3802 2229 3860 in
2261 3802 2463 3865 saecula
2490 3801 2842 3864 saeculorum.
2875 3805 3074 3858 Anien.

1578 4227 1747 4281 ANNO
1795 4228 2021 4284 DOMIHI
2066 4227 2320 4281 MXCVIII

1142 4391 2474 4572 BADBODUS
2582 4391 2759 4559 Il

473 4669 1402 4776 TORNACENSIS
1461 4673 1628 4778 ET
1687 4671 2615 4784 NOVIOMENSIS
2688 4665 3421 4778 EPISCOPUS

1685 4834 2205 4860 m

1267 4957 1812 5079 NOTITIA
1890 4956 2622 5071 HISTORICA

1003 5169 1110 5244 (Ex
1159 5165 1361 5228 Gallia
1403 5165 1732 5226 christiana
1774 5183 1918 5225 nov.
1966 5160 2145 5238 edit'.,
2190 5167 2358 5227 tome
2403 5167 2505 5242 IX,
2553 5165 2673 5227 col.
2723 5168 2884 5244 996).

381 5425 516 5492 Erat
557 5424 844 5490 Ratbodus
900 5426 1133 5494 Evrardi
1194 5424 1562 5493 Tornacensis
1616 5425 1907 5483 castellani

306 5499 753 5572 avunculus,_vi_r
767 5498 1001 5572 scientia
1013 5508 1068 5572 et
1092 5499 1198 5572 piis
1231 5498 1482 5562 moribus
1505 5497 1759 5570 apprime
1791 5497 1907 5550 lau-

307 5565 499 5640 datus}
533 5570 605 5641 ad.
642 5565 865 5642 infulas
887 5565 1607 5649 Νογίοῷβηδβξριέρωῼςῐιὲ
1645 5574 1732 5632 est
1756 5584 1903 5630 anno.

1998 5423 2150 5498 1068,
2205 5423 2471 5498 deditque
2507 5423 2779 5498 Eligianis
2802 5423 3108 5498 monachis
3139 5440 3288 5490 anno
3326 5426 3586 5498 sequenti

1989 5497 2340 5566 episcopatus
2369 5496 2452 5550 sui
2485 5495 2940 5550 secundo.altare
2970 5498 3036 5550 de
3064 5495 3438 5552 Bethencou-ri.
3476 5499 3584 5560 Eo-

1987 5568 2113 5621 dem
2146 5583 2294 5628 anno
2320 5567 2576 5633 interfuit
2612 5567 2946 5640 dedicationi
2977 5566 3222 5635 ecclesiae
3252 5569 3307 5634 S.
3328 5568 3584 5634 Quintini
