4040 6182
453 291 598 368 1499
1486 294 1809 359 RADBom
1846 294 2344 371 squamas
2382 293 2718 375 EPISCOPI

455 443 2394 477 mm

965 615 1406 779 Yl'l‘A
1519 615 2211 781 SANCTI
2331 617 3231 795 MEDAltDI
3451 604 3456 611 '

673 904 1571 1044 Νονιωιωειε
1653 909 1799 1025 ET
1876 908 2069 1015 im

2164 907 2785 1017 VACEVSIS
2872 907 3505 1024 EPISCOPI

1442 1162 2068 1275 AUCTORE
2144 1159 2834 1281 BADBODO.

1068 1395 1398 1476 (BOLLAND.
1446 1396 1602 1459 Acta
1642 1407 2003 1475 sanctorum,
2049 1398 2218 1461 Junii
2264 1402 2416 1463 tom.
2464 1397 2542 1472 II,
2590 1394 2690 1456 die
2733 1394 2797 1473 8,
2826 1412 2971 1489 pag.
3006 1392 3134 1468 87).

974 1713 1208 1770 CAPUT
1244 1714 1558 1787 PRIMUM.
2074 1699 2122 1758 A
2142 1712 2239 1785 qui
2269 1712 2559 1783 defatigati
2589 1716 2769 1775 erant,
2804 1710 2938 1783 quia
2964 1715 3101 1764 tunc
3144 1711 3448 1781 servientes
3481 1709 3741 1779 aberant,

468 1796 651 1861 Ortus,
687 1800 936 1855 illustria
970 1804 1031 1856 in
1049 1806 1347 1870 juventute
1373 1808 1651 1872 Ιὶισιήογα,
1675 1805 2061 1865 sacerdotium.
2149 1801 2280 1856 huic
2322 1808 2517 1856 sancto
2547 1817 2747 1879 puero.
2798 1799 2908 1871 quo
2938 1800 2994 1854 in
3025 1805 3187 1871 prato
3215 1799 3319 1857 sub
3348 1800 3468 1869 ejus
3490 1800 3752 1858 custodia

541 1884 979 1959 LBeatissimus
1022 1892 1605 1964 Medardus.egregiaz
1630 1891 2059 1954 virsanctitatis,
2147 1893 2533 1954 reﬁcerentur.
2589 1890 2963 1951 commisisse.
3018 1889 3167 1942 Puer
3208 1897 3397 1943 autem
3447 1905 3512 1942 ex
3569 1888 3751 1959 patris

462 1981 623 2046 patre
642 1977 940 2044 Nectardo,
973 1990 1153 2034 matre
1179 1998 1311 2053 vero
1345 1982 1604 2051 Piotagia
1630 1982 1873 2052 genitus.
1911 1979 2061 2050 apud
2145 1989 2421 2050 praecepto
2461 1995 2635 2049 equos
2655 1978 2915 2032 hilariter
2940 1976 3208 2047 suscepit.
3232 1982 3288 2030 et
3316 1975 3593 2043 voluntati
3626 1977 3751 2044 ejus

465 2064 1301 2139 Salentiacum.haereditariam
1321 2072 1795 2142 praedecessorum
1826 2086 2059 2123 suorum
2141 2067 2472 2135 assentiens,
2528 2069 2844 2139 injunctum
2892 2065 2996 2132 sibi
3047 2065 3294 2127 ofﬁcium
3337 2063 3756 2121 ofﬁciosissime

466 2155 902 2224 possessionem.
935 2166 1102 2225 natus
1132 2166 1301 2231 atque
1342 2161 1530 2214 alitus.
1566 2161 1664 2214 Est
1695 2166 1884 2227 autem
1919 2175 2063 2229 pre-
2140 2158 2449 2227 adimplere
2480 2155 2823 2227 properavit.
2862 2156 3003 2219 Cum
3028 2171 3159 2221 vero
3181 2154 3237 2207 in
3267 2153 3526 2209 custodia
3553 2169 3756 2215 eorum

466 2244 621 2299 dium
652 2245 789 2299 illud
844 2248 1195 2303 Salentiacus
1228 2250 1285 2303 in
1338 2248 1661 2320 episc0patu
1701 2248 1872 2302 situm
1912 2248 2063 2300 Viro-
2140 2245 2391 2300 intentus
2423 2245 2739 2303 esset.vidit
2761 2243 2998 2298 fortuitu
3022 2243 3279 2313 ignotum
3311 2243 3760 2313 quemdamper-

467 2334 779 2398 mandensi,
807 2336 865 2389 in
891 2338 1119 2407 regione
1158 2344 1347 2392 autem
1382 2338 1772 2404 Noviomensi;
1806 2338 1900 2408 qui
1944 2338 2060 2390 No-
2140 2335 2404 2400 transire,
2438 2351 2502 2388 ac
2547 2334 2742 2401 sellam
2775 2338 3116 2404 equestrem.
3158 2338 3217 2386 et
3244 2348 3367 2403 quae
3398 2331 3757 2402 equitantem

464 2423 705 2487 viomus.
754 2443 880 2480 cum
908 2434 1044 2481 tunc
1092 2429 1362 2499 temporis
1391 2437 1637 2482 Castrum
1680 2445 1777 2481 seu
1824 2426 2060 2481 munitio
2141 2425 2448 2478 condecent
2476 2440 2506 2477 a
2536 2431 2695 2499 tergo
2730 2430 2974 2493 gestare.
3016 2421 3375 2479 Percunctari
3410 2436 3550 2492 puer
3587 2420 3763 2492 cmpit

465 2512 786 2572 haberetur.
810 2517 1164 2585 postmodum
1196 2516 1368 2586 ipsius
1398 2516 1647 2585 ejusdem
1671 2515 1900 2585 gloriosi
1926 2530 2064 2585 pon-
2146 2530 2256 2584 qua
2276 2513 2345 2566 de
2366 2529 2536 2575 causa
2555 2512 2636 2566 sic
2666 2511 2948 2564 incederet
2965 2521 3220 2575 onustus,
3243 2526 3368 2564 cum
3395 2510 3761 2569 solummodo

467 2600 634 2655 tilicis
685 2603 934 2658 Medardi
986 2605 1358 2665 ordinatione.
1404 2605 1740 2674 pontiﬁcalis
1786 2604 2065 2658 cathedrae
2149 2603 2236 2655 via
2259 2601 2429 2655 vianti
2458 2600 2612 2671 gravi
2635 2600 2774 2653 satis
2798 2599 3199 2676 impedimento
3220 2598 3761 2675 videretur.Equum

472 2690 702 2755 honore.
745 2699 808 2745 ut
841 2701 1033 2762 postea
1061 2693 1360 2748 dicendum
1394 2710 1761 2752 reservamus.
1792 2694 2068 2747 sublima-
2152 2708 2360 2754 meum.
2396 2690 2488 2744 ille
2518 2689 2825 2760 respondit.
2860 2687 3099 2757 contigit
3127 2704 3258 2741 casu
3291 2687 3601 2759 deperisse.
3635 2704 3765 2758 qua

468 2780 560 2830 tus
580 2785 682 2833 est.
713 2780 952 2832 Sanctus
986 2780 1177 2852 itaque
1221 2798 1377 2851 puer,
1413 2780 1517 2833 sub
1565 2788 1859 2851 parentum
1891 2778 2070 2832 tutela
2150 2787 2338 2853 tamen
2363 2779 2491 2851 equi
2513 2785 2675 2834 erant
2696 2779 2895 2835 inutile
2926 2777 3060 2843 mihi
3086 2777 3261 2835 visum
3296 2784 3377 2831 est
3410 2776 3760 2847 perdidisse:

467 2864 774 2938 diligenter
794 2855 1094 2933 educatus.
1119 2868 1318 2923 divinae
1358 2868 1701 2939 providentia
1732 2867 1927 2936 gratia:
1948 2874 2070 2919 stu-
2153 2869 2371 2923 facilius
2400 2885 2602 2939 nempe
2633 2869 2814 2933 solum
2848 2884 3054 2937 equum
3087 2866 3223 2920 mihi
3264 2865 3371 2919 erit
3398 2881 3766 2935 comparare,

466 2953 572 3007 diis
591 2955 906 3013 litterarum
939 2957 1212 3021 eruditus,
1229 2974 1398 3028 parvo
1428 2958 1483 3010 in
1503 2965 1755 3027 tempore
1786 2956 2070 3026 inspirata:
2089 3018 2128 3034 ῃ
2154 2976 2319 3031 quam
2349 2967 2406 3013 et
2425 2975 2631 3030 equum
2661 2965 2719 3011 et
2738 2975 2861 3028 quae
2881 2958 2948 3010 ad
2988 2955 3311 3034 hujusmodi
3340 2954 3658 3009 condeceat
3680 2954 3770 3009 of-

467 3043 711 3098 scientiaa
742 3046 953 3100 lumine
983 3063 1097 3114 prae
1120 3047 1338 3101 caeteris
1365 3046 1756 3100 consodalibus
1775 3046 1891 3099 suis
1922 3044 2064 3098 emi-
2089 3018 2357 3122 Bﬂcium,
2391 3064 2658 3121 reparare
2685 3066 2695 3100 :
2732 3064 2873 3119 puer
2917 3018 3104 3100 autem
3138 3045 3294 3098 ὺιιιιεε
3332 3044 3559 3108 indolis,
3585 3052 3767 3098 tanta

468 3134 695 3206 nentius
724 3135 944 3189 claruit.
2148 3137 2298 3191 illius
2345 3124 2689 3209 compatieus
2746 3133 3079 3206 fatigationi.
3128 3150 3257 3199 cum
3301 3133 3417 3202 jam
3460 3149 3593 3186 eum
3636 3149 3759 3209 pra

539 3220 594 3278 2.
631 3223 765 3291 Erat
792 3233 979 3279 autem
1020 3225 1102 3281 illi
1133 3242 1198 3281 eo
1230 3226 1287 3293 in
1316 3232 1571 3297 tempore
1599 3223 1912 3291 consodalis
1937 3223 2067 3295 qui-
2146 3226 2323 3280 nimio
2354 3226 2542 3281 labore
2574 3224 2943 3280 desudantem
2976 3230 3031 3277 et
3076 3239 3216 3294 pene
3241 3222 3358 3292 jam
3390 3222 3761 3283 deﬁcientem

469 3312 621 3376 dam.
661 3313 1017 3369 Eleutherius
1044 3315 1270 3369 nomine
1328 3331 1494 3385 quem
1529 3314 1646 3385 ipse
1685 3320 1956 3383 tanquam
1986 3313 2063 3366 si-
2148 3316 2396 3374 vidisset.
2432 3332 2496 3369 ex
2533 3314 2784 3385 piissimo
2814 3313 3015 3366 alfectu
3050 3312 3253 3366 mentis
3285 3330 3295 3363 :
3335 3332 3354 3361 α
3393 3313 3456 3365 ln
3492 3312 3755 3371 nomine.

469 3400 617 3455 milis
635 3401 894 3456 similem.
934 3420 1074 3473 puer
1098 3404 1351 3458 videlicet
1384 3420 1639 3474 puerum.
1661 3402 1845 3456 socius
1866 3418 2064 3456 conso-
2147 3403 2244 3463 ait.
2274 3403 2512 3465 Domini.
2546 3418 2719 3473 unum
2749 3418 2813 3455 ex
2846 3401 2931 3454 his
2947 3400 3099 3458 tol'e.
3124 3417 3265 3487 quos
3286 3399 3374 3452 hic
3401 3399 3457 3455 in
3490 3398 3765 3453 custodia

467 3488 637 3543 cium.
663 3507 832 3561 quam
866 3493 1040 3546 multa
1064 3492 1728 3562 diligebatfamiliaritate
1784 3491 2063 3544 Huncita—
2148 3492 2385 3564 suscepi.
2426 3511 2447 3561 ρ
2485 3494 2738 3560 Cumque
2770 3489 2966 3553 viator.
3013 3490 3114 3542 hoc
3154 3506 3269 3543 suae
3312 3489 3611 3558 potestatis
3644 3505 3766 3542 non

468 3593 596 3648 que.
622 3595 749 3633 cuin
777 3580 1081 3650 aliquando
1113 3581 1347 3635 invicem
1380 3581 1855 3651 colloquerentur.
1873 3587 2066 3650 utpote
2151 3599 2273 3636 esse
2297 3580 2608 3650 ambigens.
2643 3579 3055 3649 aliquantulum
3087 3583 3467 3643 remoraretur
3502 3594 3549 3627 ει·
3571 3575 3761 3638 Tolle.

467 3667 810 3736 prapheticee
836 3669 1034 3737 gratia:
1057 3670 1282 3722 afﬂatus
1307 3669 1531 3739 spiritu,
1566 3670 1888 3740 episcopum
1919 3670 2067 3722 futu-
2150 3671 2248 3728 ait.
2283 3671 2429 3724 sicut
2456 3670 2591 3735 dixi,
2624 3676 2682 3722 et
2706 3684 3039 3739 quacunque
3089 3674 3147 3721 te
3189 3664 3537 3737 pertransire
3569 3664 3767 3718 conti-

470 3770 596 3808 rum
624 3771 745 3827 esse
789 3772 927 3826 puer
954 3757 1075 3829 ipse
1104 3758 1398 3847 praedixnt;
1453 3764 1513 3812 et
1558 3775 1668 3812 non
1713 3758 1888 3811 multo
1917 3765 2058 3829 post.
2145 3759 2310 3830 gerit,
2347 3775 2434 3811 me
2462 3758 2629 3828 hujus
2654 3756 3027 3811 concessionis
3051 3763 3106 3810 et
3138 3762 3422 3809 auctorem
3466 3761 3528 3807 et
3567 3762 3766 3823 patro-

471 3842 591 3923 ejus
637 3843 985 3915 spiritualem
1032 3842 1582 3917 praenuntiationem.
1618 3846 1735 3918 ipse
1765 3863 1866 3921 per
1898 3862 2065 3917 quem
2148 3865 2284 3902 num
2342 3847 2734 3902 incunctanter
2779 3843 3025 3899 habebis.
3085 3863 3106 3894 ι
3164 3843 3534 3901 Persuadenti
3575 3858 3761 3917 puero

473 3931 930 4005 prophetaverat,
983 3935 1226 4005 Spiritus
1278 3944 1506 3993 sanctus
1546 3936 1887 4009 adimplevit.
1926 3937 2068 3991 Cum
2151 3953 2322 4007 eques
2377 3935 2764 3999 libentissime,
2818 3940 3009 4004 utpote
3036 3932 3205 3993 nimis
3248 3931 3619 4001 defatigatus.
3655 3932 3767 3997 ob-

466 4020 616 4077 eniui
649 4022 831 4083 sitatis
859 4028 915 4077 et
944 4040 1166 4080 morum
1198 4025 1304 4081 sibi
1335 4026 1605 4080 divinitus
1621 4025 1929 4096 aspirasset
1947 4042 2071 4095 gra-
2151 4026 2528 4096 temperavit;
2581 4040 2838 4095 equoque
2867 4040 3035 4095 quam
3072 4021 3343 4076 citissime
3388 4028 3591 4086 strato,
3627 4037 3764 4075 cum

465 4109 565 4167 tia.
599 4109 656 4164 in
694 4111 948 4167 Tornaco
998 4114 1224 4168 civitate
1266 4114 1571 4185 pontiﬁcali
1626 4116 1737 4168 Deo
1781 4120 2066 4167 annuente
2151 4114 2346 4168 multis
2365 4114 2682 4187 gratiarum
2705 4112 3019 4166 actionibus
3052 4112 3210 4165 laetus
3237 4109 3531 4164 abscessit.

464 4198 801 4254 sublimatus
831 4207 916 4255 est
957 4203 1241 4257 cathedra.
1294 4204 1379 4257 Ita
1431 4203 1729 4277 Medardus
1771 4203 1875 4256 hoc
1916 4203 2064 4273 quod

2219 4203 2271 4273 5.
2305 4204 2438 4275 Post
2469 4204 2591 4273 ejus
2614 4202 2954 4277 abscessum,
2983 4218 3110 4277 cum
3133 4201 3253 4275 jam
3294 4200 3443 4271 domi
3478 4205 3760 4271 paratum

468 4287 825 4358 praedixerat.
854 4291 1016 4361 quasi
1042 4293 1335 4369 propheta,
1360 4293 1547 4348 divino
1576 4292 1778 4366 spiritu
1800 4293 1918 4362 jam
1942 4308 2066 4362 pro-
2147 4300 2312 4352 esset.
2342 4309 2441 4363 per
2465 4291 2765 4363 quemdam
2795 4284 3082 4357 servorum
3114 4305 3303 4361 puera
3333 4287 3672 4360 parentibus
3696 4294 3769 4345 ut

471 4374 625 4431 bavit
638 4422 651 4434 .

538 4464 589 4517 3.
641 4467 775 4521 Erat
824 4468 875 4522 ei
924 4487 1095 4542 super
1133 4470 1427 4541 egentibus
1487 4487 1622 4525 cura
1668 4486 1781 4523 non
1830 4468 2066 4532 modica,

473 4552 615 4607 adeo
644 4561 709 4609 ut
733 4557 916 4611 adhuc
944 4560 1237 4631 puerulus.
1269 4560 1449 4614 multa
1468 4576 1590 4614 sese
1619 4559 1876 4613 domaret
1895 4557 2070 4611 absti-

474 4642 686 4705 nentia.
723 4661 1020 4716 expensam
1053 4665 1212 4702 suam
1244 4649 1586 4720 pauperibus
1616 4648 2070 4707 distribueret.ac

472 4732 807 4787 vestimenta
852 4752 955 4789 sua
1008 4736 1392 4808 indigentibus
1442 4737 1707 4793 benevole
1746 4737 2064 4806 largiretur.

475 4817 729 4883 Quadam
750 4821 1029 4893 siquidem
1059 4826 1169 4889 die.
1196 4826 1642 4899 casulam,quam
1677 4826 1726 4881 ei
1761 4832 1939 4879 mater
1967 4841 2070 4879 sua

474 4924 586 4963 non
617 4909 819 4964 modici
846 4913 1010 4982 pretii
1036 4914 1263 4981 fecerat,
1295 4917 1430 4971 dum
1457 4916 1577 4988 ipse
1607 4915 1665 4970 in
1696 4914 1952 4969 manibus
1979 4914 2072 4967 ha-

473 4995 632 5051 beret
685 4996 923 5053 fortuitu
974 5016 1179 5055 caecum
1229 5004 1527 5073 quemdam
1580 5002 1777 5056 habuit
1824 5001 2066 5066 obvium,

468 5089 629 5157 cujus
678 5104 845 5159 quam
896 5096 1032 5143 tunc
1071 5091 1392 5161 patiebatur
1438 5091 1679 5146 nuditati
1720 5107 2070 5162 compassus,

473 5192 598 5231 eam
628 5176 1024 5248 benignissime
1049 5182 1333 5250 porrexit;
1365 5188 1421 5235 et
1449 5181 1578 5234 licet
1602 5188 1901 5252 parentum
1935 5187 2073 5233 tem-

473 5267 754 5338 poralium
783 5268 1240 5338 indignationem
1272 5277 1643 5336 revereretur,
1680 5270 1829 5341 quod
1881 5276 2071 5322 tamen

473 5354 545 5409 ab
574 5356 655 5410 eis
704 5367 1047 5428 susceperat,
1081 5359 1360 5430 spirituali
1385 5359 1531 5431 patri
1578 5360 1692 5414 Deo
1733 5364 2072 5430 praesentare

476 5459 590 5499 non
618 5444 910 5501 dubitavit.

553 5532 605 5590 4.
638 5535 886 5607 Contigit
915 5554 980 5591 eo
1010 5543 1265 5609 tempore
1307 5538 1620 5610 genitorem
1661 5554 1847 5598 suum.
1878 5551 2067 5607 quem,

483 5623 1109 5693 praenominavimus,ab
1128 5626 1328 5682 itinere
1349 5628 1598 5695 rediisse,
1613 5643 1901 5702 equosque
1917 5644 2069 5693 suos,

2092 4377 2390 4452 Cprandio
2421 4380 2719 4435 interesset
2745 4379 3036 4447 invitatur.
3076 4378 3174 4432 llle
3206 4393 3334 4430 vero
3380 4377 3479 4447 qui
3521 4376 3595 4430 ad
3650 4375 3771 4430 hoc

2153 4469 2358 4524 missus
2390 4476 2495 4531 est.
2527 4468 2747 4523 eminus
2778 4467 3142 4539 prospiciens.
3174 4466 3325 4520 videt
3351 4482 3595 4537 puerum
3627 4482 3772 4537 pro-

2152 4563 2278 4629 pter
2296 4558 2561 4629 pluviam.
2594 4574 2716 4629 quae
2747 4563 2880 4610 tunc
2907 4556 3051 4610 forte
3079 4554 3394 4624 ingruebat.
3429 4554 3773 4625 aliquantu-

2150 4647 2268 4713 lum
2300 4647 2370 4700 ab
2403 4646 2562 4717 equis
2592 4646 2905 4703 secessisse.
2930 4661 2995 4698 ac
3025 4651 3296 4719 tanquam
3322 4642 3597 4718 latebram
3632 4660 3771 4717 pro-

2151 4743 2277 4808 pter
2303 4735 2567 4809 imbrium
2600 4734 2925 4811 effusionem
2944 4739 3311 4809 quaerentem,
3344 4731 3415 4807 ab
3445 4728 3771 4803 ofﬁciode-

2158 4823 2416 4891 clinasse,
2454 4823 2587 4878 etin
2616 4822 2795 4877 altum
2829 4823 3019 4876 oculos
3047 4822 3291 4885 elevans,
3321 4814 3773 4890 videtaquilam

2152 4913 2371 4968 alarum
2399 4913 2756 4983 expansione,
2786 4910 3050 4982 omnique
3079 4910 3152 4964 ad
3200 4910 3305 4963 hoc
3349 4908 3601 4962 distento
3631 4925 3775 4962 cor-

2153 5019 2287 5074 pore
2315 5009 2431 5057 tam
2451 5008 2825 5072 congruenter
2841 4998 3395 5071 puerumcooperire.
3416 5004 3481 5051 ut
3497 4997 3770 5063 innullo,

2152 5109 2280 5147 cum
2308 5091 2740 5162 circumquaque
2769 5089 2952 5160 pluvia
2972 5088 3068 5141 illa
3090 5094 3464 5158 grassaretur.
3493 5085 3568 5140 ab
3590 5086 3775 5141 inun-

2153 5182 2322 5236 dante
2347 5181 2495 5234 aeris
2522 5180 2673 5234 illius
2701 5177 2950 5248 contingi
2978 5182 3169 5249 posset
3197 5175 3596 5232 exundatione.
3634 5176 3773 5229 Hoc

2153 5270 2251 5324 diu
2281 5270 2538 5329 miratus.
2572 5268 2800 5322 tandem
2852 5282 2964 5321 non
2993 5265 3114 5320 sine
3163 5265 3343 5319 multa
3372 5263 3777 5335 trepidatione

2153 5357 2511 5430 appropians,
2541 5356 2852 5410 humillime
2882 5370 3116 5425 puerum
3145 5359 3402 5407 sanctum
3434 5353 3665 5416 adiit.et
3700 5361 3777 5408 ut

2155 5464 2221 5501 ex
2251 5454 2524 5518 praecepto
2549 5444 2742 5516 patris,
2778 5453 3009 5514 paterno
3040 5443 3343 5496 interesset
3377 5442 3633 5496 convivm
3665 5442 3769 5497 di—

2155 5536 2524 5606 ligentissime
2571 5533 2843 5588 invitavit.
2878 5533 3027 5586 Puer
3056 5537 3245 5585 autem
3296 5531 3376 5585 ire
3433 5547 3715 5585 recusans
3746 5550 3766 5585 :

2159 5644 2186 5679 «
2219 5627 2441 5689 Precor,
2486 5624 2690 5695 inquit,
2726 5622 2919 5687 frater,
2969 5628 3251 5676 revertens
3300 5621 3554 5687 domum,
3600 5622 3774 5693 apud
