  <div class='ocr_page' id='page_1' title='image "/cluster/home/n/w/nwhite01/storage/ocr_20150623/150/hvd.32044054760087/756.png"; bbox 0 0 4040 6182; ppageno 0'>
   <div class='ocr_carea' id='block_1_1' title="bbox 328 352 461 411">
    <p class='ocr_par' dir='ltr' id='par_1_1' title="bbox 328 352 461 411">
     <span class='ocr_line' id='line_1_1' title="bbox 328 352 461 411; baseline 0 -1"><span class='ocrx_word' id='word_1_1' title='bbox 328 352 461 411; x_wconf 80' lang='lat'>1501</span> 
     </span>
    </p>
   </div>
   <div class='ocr_carea' id='block_1_2' title="bbox 1624 338 2293 409">
    <p class='ocr_par' dir='ltr' id='par_1_2' title="bbox 1624 338 2293 409">
     <span class='ocr_line' id='line_1_2' title="bbox 1624 338 2293 409; baseline -0.001 -2"><span class='ocrx_word' id='word_1_2' title='bbox 1624 338 1810 409; x_wconf 73' lang='lat' dir='ltr'>vrrA</span> <span class='ocrx_word' id='word_1_3' title='bbox 1846 351 1904 407; x_wconf 85' lang='lat' dir='ltr'>s.</span> <span class='ocrx_word' id='word_1_4' title='bbox 1944 343 2293 409; x_wconf 80' lang='lat' dir='ltr'>MEDARDI.</span> 
     </span>
    </p>
   </div>
   <div class='ocr_carea' id='block_1_3' title="bbox 3460 340 3604 405">
    <p class='ocr_par' dir='ltr' id='par_1_3' title="bbox 3460 340 3604 405">
     <span class='ocr_line' id='line_1_3' title="bbox 3460 340 3604 405; baseline 0.014 -2"><span class='ocrx_word' id='word_1_5' title='bbox 3460 340 3604 405; x_wconf 66' lang='lat' dir='ltr'>i502</span> 
     </span>
    </p>
   </div>
   <div class='ocr_carea' id='block_1_4' title="bbox 324 461 3601 557">
    <p class='ocr_par' dir='ltr' id='par_1_4' title="bbox 324 461 3601 557">
     <span class='ocr_line' id='line_1_4' title="bbox 324 461 3601 557; baseline -0.001 -25"><span class='ocrx_word' id='word_1_6' title='bbox 324 481 589 550; x_wconf 86' lang='lat' dir='ltr'>parentes</span> <span class='ocrx_word' id='word_1_7' title='bbox 607 493 764 533; x_wconf 88' lang='lat' dir='ltr'>meos</span> <span class='ocrx_word' id='word_1_8' title='bbox 792 495 963 557; x_wconf 80' lang='lat' dir='ltr'>super</span> <span class='ocrx_word' id='word_1_9' title='bbox 978 479 1083 533; x_wconf 93' lang='lat' dir='ltr'>hoc</span> <span class='ocrx_word' id='word_1_10' title='bbox 1105 494 1193 534; x_wconf 86' lang='lat' dir='ltr'>me</span> <span class='ocrx_word' id='word_1_11' title='bbox 1209 477 1417 534; x_wconf 83' lang='lat' dir='ltr'>habeas</span> <span class='ocrx_word' id='word_1_12' title='bbox 1436 484 1758 534; x_wconf 87' lang='lat' dir='ltr'>excusatum</span> <span class='ocrx_word' id='word_1_13' title='bbox 1812 478 1917 532; x_wconf 68' lang='lat' dir='ltr'>nEa</span> <span class='ocrx_word' id='word_1_14' title='bbox 1939 480 1988 537; x_wconf 83' lang='lat' dir='ltr'><strong>A</strong></span> <span class='ocrx_word' id='word_1_15' title='bbox 2004 484 2091 531; x_wconf 87' lang='lat' dir='ltr'>ter</span> <span class='ocrx_word' id='word_1_16' title='bbox 2121 462 2240 531; x_wconf 86' lang='lat' dir='ltr'>ﬁeri</span> <span class='ocrx_word' id='word_1_17' title='bbox 2270 461 2508 541; x_wconf 84' lang='lat' dir='ltr'>videtur,</span> <span class='ocrx_word' id='word_1_18' title='bbox 2531 478 2593 550; x_wconf 87' lang='lat' dir='ltr'>ju</span> <span class='ocrx_word' id='word_1_19' title='bbox 2603 476 2692 549; x_wconf 82' lang='lat' dir='ltr'>gis</span> <span class='ocrx_word' id='word_1_20' title='bbox 2718 483 2776 532; x_wconf 89' lang='lat' dir='ltr'>et</span> <span class='ocrx_word' id='word_1_21' title='bbox 2801 474 3022 533; x_wconf 84' lang='lat' dir='ltr'>inﬁnita</span> <span class='ocrx_word' id='word_1_22' title='bbox 3044 474 3394 548; x_wconf 83' lang='lat' dir='ltr'>disceptatio.</span> <span class='ocrx_word' id='word_1_23' title='bbox 3428 473 3601 531; x_wconf 78' lang='lat' dir='ltr'>Rixa-</span> 
     </span>
    </p>
   </div>
   <div class='ocr_carea' id='block_1_5' title="bbox 323 565 1927 639">
    <p class='ocr_par' dir='ltr' id='par_1_5' title="bbox 323 565 1927 639">
     <span class='ocr_line' id='line_1_5' title="bbox 323 565 1927 639; baseline 0 -19"><span class='ocrx_word' id='word_1_24' title='bbox 323 565 394 620; x_wconf 89' lang='lat' dir='ltr'>de</span> <span class='ocrx_word' id='word_1_25' title='bbox 410 583 582 621; x_wconf 89' lang='lat' dir='ltr'>causa</span> <span class='ocrx_word' id='word_1_26' title='bbox 603 567 860 621; x_wconf 75' lang='lat' dir='ltr'>fortassis</span> <span class='ocrx_word' id='word_1_27' title='bbox 879 568 1144 621; x_wconf 87' lang='lat' dir='ltr'>remorari</span> <span class='ocrx_word' id='word_1_28' title='bbox 1167 567 1448 638; x_wconf 87' lang='lat' dir='ltr'>cupiebat,</span> <span class='ocrx_word' id='word_1_29' title='bbox 1481 584 1591 639; x_wconf 92' lang='lat' dir='ltr'>quo</span> <span class='ocrx_word' id='word_1_30' title='bbox 1607 568 1723 637; x_wconf 90' lang='lat' dir='ltr'>jam</span> <span class='ocrx_word' id='word_1_31' title='bbox 1746 565 1927 620; x_wconf 85' lang='lat' dir='ltr'>dictus</span> 
     </span>
    </p>
   </div>
   <div class='ocr_carea' id='block_1_6' title="bbox 321 656 1925 727">
    <p class='ocr_par' dir='ltr' id='par_1_6' title="bbox 321 656 1925 727">
     <span class='ocr_line' id='line_1_6' title="bbox 321 656 1925 727; baseline -0.001 -17"><span class='ocrx_word' id='word_1_32' title='bbox 321 672 495 727; x_wconf 82' lang='lat' dir='ltr'>eques</span> <span class='ocrx_word' id='word_1_33' title='bbox 538 656 592 709; x_wconf 93' lang='lat' dir='ltr'>in</span> <span class='ocrx_word' id='word_1_34' title='bbox 635 657 737 709; x_wconf 89' lang='lat' dir='ltr'>hac</span> <span class='ocrx_word' id='word_1_35' title='bbox 782 656 1158 710; x_wconf 88' lang='lat' dir='ltr'>remoratione</span> <span class='ocrx_word' id='word_1_36' title='bbox 1197 657 1424 725; x_wconf 78' lang='lat' dir='ltr'>longius</span> <span class='ocrx_word' id='word_1_37' title='bbox 1460 657 1809 717; x_wconf 83' lang='lat' dir='ltr'>eveheretur,</span> <span class='ocrx_word' id='word_1_38' title='bbox 1855 672 1925 709; x_wconf 92' lang='lat' dir='ltr'>ne</span> 
     </span>
    </p>
   </div>
   <div class='ocr_carea' id='block_1_7' title="bbox 319 744 1920 817">
    <p class='ocr_par' dir='ltr' id='par_1_7' title="bbox 319 744 1920 817">
     <span class='ocr_line' id='line_1_7' title="bbox 319 744 1920 817; baseline -0.001 -19"><span class='ocrx_word' id='word_1_39' title='bbox 319 744 466 799; x_wconf 84' lang='lat' dir='ltr'>forte</span> <span class='ocrx_word' id='word_1_40' title='bbox 496 745 568 798; x_wconf 86' lang='lat' dir='ltr'>ab</span> <span class='ocrx_word' id='word_1_41' title='bbox 596 745 804 815; x_wconf 83' lang='lat' dir='ltr'>aliquo,</span> <span class='ocrx_word' id='word_1_42' title='bbox 838 745 885 799; x_wconf 87' lang='lat' dir='ltr'>si</span> <span class='ocrx_word' id='word_1_43' title='bbox 925 762 1050 799; x_wconf 71' lang='lat' dir='ltr'>eum</span> <span class='ocrx_word' id='word_1_44' title='bbox 1092 746 1311 817; x_wconf 83' lang='lat' dir='ltr'>insequi</span> <span class='ocrx_word' id='word_1_45' title='bbox 1344 746 1526 808; x_wconf 88' lang='lat' dir='ltr'>vellet,</span> <span class='ocrx_word' id='word_1_46' title='bbox 1559 745 1920 799; x_wconf 78' lang='lat' dir='ltr'>inveniretur.</span> 
     </span>
    </p>
   </div>
   <div class='ocr_carea' id='block_1_8' title="bbox 298 833 1926 907">
    <p class='ocr_par' dir='ltr' id='par_1_8' title="bbox 298 833 1926 907">
     <span class='ocr_line' id='line_1_8' title="bbox 298 833 1926 907; baseline 0 -20"><span class='ocrx_word' id='word_1_47' title='bbox 298 833 599 887; x_wconf 16' lang='lat' dir='ltr'>‘Reversus</span> <span class='ocrx_word' id='word_1_48' title='bbox 652 834 841 905; x_wconf 81' lang='lat' dir='ltr'>itaque</span> <span class='ocrx_word' id='word_1_49' title='bbox 883 835 1134 890; x_wconf 83' lang='lat' dir='ltr'>servulus</span> <span class='ocrx_word' id='word_1_50' title='bbox 1168 834 1493 907; x_wconf 85' lang='lat' dir='ltr'>parentibus</span> <span class='ocrx_word' id='word_1_51' title='bbox 1540 834 1641 888; x_wconf 91' lang='lat' dir='ltr'>ﬁlii</span> <span class='ocrx_word' id='word_1_52' title='bbox 1695 834 1926 904; x_wconf 77' lang='lat' dir='ltr'>replicat</span> 
     </span>
    </p>
   </div>
   <div class='ocr_carea' id='block_1_9' title="bbox 268 923 1918 999">
    <p class='ocr_par' dir='ltr' id='par_1_9' title="bbox 268 923 1918 999">
     <span class='ocr_line' id='line_1_9' title="bbox 268 923 1918 999; baseline -0.001 -22"><span class='ocrx_word' id='word_1_53' title='bbox 268 994 277 999; x_wconf 36' lang='lat'><strong><em>‘</em></strong></span> <span class='ocrx_word' id='word_1_54' title='bbox 318 923 768 990; x_wconf 83' lang='lat' dir='ltr'>excusationem;</span> <span class='ocrx_word' id='word_1_55' title='bbox 817 931 873 977; x_wconf 87' lang='lat' dir='ltr'>et</span> <span class='ocrx_word' id='word_1_56' title='bbox 920 941 1029 978; x_wconf 90' lang='lat' dir='ltr'>non</span> <span class='ocrx_word' id='word_1_57' title='bbox 1078 925 1199 979; x_wconf 89' lang='lat' dir='ltr'>sine</span> <span class='ocrx_word' id='word_1_58' title='bbox 1262 923 1434 978; x_wconf 65' lang='lat' dir='ltr'>multi</span> <span class='ocrx_word' id='word_1_59' title='bbox 1493 924 1918 994; x_wconf 86' lang='lat' dir='ltr'>stupefactione,</span> 
     </span>
    </p>
   </div>
   <div class='ocr_carea' id='block_1_10' title="bbox 317 1011 1920 1082">
    <p class='ocr_par' dir='ltr' id='par_1_10' title="bbox 317 1011 1920 1082">
     <span class='ocr_line' id='line_1_10' title="bbox 317 1011 1920 1082; baseline -0.001 -18"><span class='ocrx_word' id='word_1_60' title='bbox 317 1011 524 1081; x_wconf 70' lang='lat' dir='ltr'>aquilae</span> <span class='ocrx_word' id='word_1_61' title='bbox 545 1029 714 1082; x_wconf 80' lang='lat' dir='ltr'>super</span> <span class='ocrx_word' id='word_1_62' title='bbox 745 1028 978 1082; x_wconf 89' lang='lat' dir='ltr'>puerum</span> <span class='ocrx_word' id='word_1_63' title='bbox 1011 1030 1073 1066; x_wconf 85' lang='lat' dir='ltr'>ex</span> <span class='ocrx_word' id='word_1_64' title='bbox 1093 1012 1290 1066; x_wconf 78' lang='lat' dir='ltr'>ordine</span> <span class='ocrx_word' id='word_1_65' title='bbox 1314 1012 1505 1082; x_wconf 86' lang='lat' dir='ltr'>pandit</span> <span class='ocrx_word' id='word_1_66' title='bbox 1537 1011 1920 1065; x_wconf 79' lang='lat' dir='ltr'>obumbratio-</span> 
     </span>
    </p>
   </div>
   <div class='ocr_carea' id='block_1_11' title="bbox 318 1100 1924 1170">
    <p class='ocr_par' dir='ltr' id='par_1_11' title="bbox 318 1100 1924 1170">
     <span class='ocr_line' id='line_1_11' title="bbox 318 1100 1924 1170; baseline -0.001 -19"><span class='ocrx_word' id='word_1_67' title='bbox 318 1115 472 1152; x_wconf 89' lang='lat' dir='ltr'>nem.</span> <span class='ocrx_word' id='word_1_68' title='bbox 522 1100 809 1160; x_wconf 86' lang='lat' dir='ltr'>Parentes.</span> <span class='ocrx_word' id='word_1_69' title='bbox 841 1117 966 1154; x_wconf 92' lang='lat' dir='ltr'>cum</span> <span class='ocrx_word' id='word_1_70' title='bbox 1001 1101 1151 1155; x_wconf 87' lang='lat' dir='ltr'>omni</span> <span class='ocrx_word' id='word_1_71' title='bbox 1200 1100 1415 1154; x_wconf 83' lang='lat' dir='ltr'>familia</span> <span class='ocrx_word' id='word_1_72' title='bbox 1459 1116 1629 1170; x_wconf 83' lang='lat' dir='ltr'>super</span> <span class='ocrx_word' id='word_1_73' title='bbox 1676 1101 1760 1153; x_wconf 85' lang='lat' dir='ltr'>his</span> <span class='ocrx_word' id='word_1_74' title='bbox 1804 1117 1924 1169; x_wconf 67' lang='lat' dir='ltr'>(llltt‘</span> 
     </span>
    </p>
   </div>
   <div class='ocr_carea' id='block_1_12' title="bbox 317 1188 1925 1257">
    <p class='ocr_par' dir='ltr' id='par_1_12' title="bbox 317 1188 1925 1257">
     <span class='ocr_line' id='line_1_12' title="bbox 317 1188 1925 1257; baseline -0.001 -14"><span class='ocrx_word' id='word_1_75' title='bbox 317 1188 624 1243; x_wconf 80' lang='lat' dir='ltr'>audierant</span> <span class='ocrx_word' id='word_1_76' title='bbox 654 1196 1091 1244; x_wconf 77' lang='lat' dir='ltr'>murmurantes.</span> <span class='ocrx_word' id='word_1_77' title='bbox 1112 1190 1346 1244; x_wconf 85' lang='lat' dir='ltr'>invicem</span> <span class='ocrx_word' id='word_1_78' title='bbox 1376 1190 1672 1257; x_wconf 62' lang='lat' dir='ltr'>laetantur;</span> <span class='ocrx_word' id='word_1_79' title='bbox 1706 1198 1765 1243; x_wconf 91' lang='lat' dir='ltr'>ut</span> <span class='ocrx_word' id='word_1_80' title='bbox 1799 1206 1925 1242; x_wconf 84' lang='lat' dir='ltr'>vero</span> 
     </span>
    </p>
   </div>
   <div class='ocr_carea' id='block_1_13' title="bbox 318 1277 1922 1342">
    <p class='ocr_par' dir='ltr' id='par_1_13' title="bbox 318 1277 1922 1342">
     <span class='ocr_line' id='line_1_13' title="bbox 318 1277 1922 1342; baseline 0 -11"><span class='ocrx_word' id='word_1_81' title='bbox 318 1277 591 1331; x_wconf 81' lang='lat' dir='ltr'>certiores</span> <span class='ocrx_word' id='word_1_82' title='bbox 623 1280 779 1342; x_wconf 87' lang='lat' dir='ltr'>ﬁant,</span> <span class='ocrx_word' id='word_1_83' title='bbox 804 1280 876 1333; x_wconf 90' lang='lat' dir='ltr'>ad</span> <span class='ocrx_word' id='word_1_84' title='bbox 899 1280 1195 1334; x_wconf 71' lang='lat' dir='ltr'>videndum</span> <span class='ocrx_word' id='word_1_85' title='bbox 1220 1287 1440 1334; x_wconf 87' lang='lat' dir='ltr'>tantum</span> <span class='ocrx_word' id='word_1_86' title='bbox 1469 1281 1571 1332; x_wconf 91' lang='lat' dir='ltr'>hoc</span> <span class='ocrx_word' id='word_1_87' title='bbox 1594 1279 1922 1333; x_wconf 83' lang='lat' dir='ltr'>miraculum</span> 
     </span>
    </p>
   </div>
   <div class='ocr_carea' id='block_1_14' title="bbox 320 1371 1928 1442">
    <p class='ocr_par' dir='ltr' id='par_1_14' title="bbox 320 1371 1928 1442">
     <span class='ocr_line' id='line_1_14' title="bbox 320 1371 1928 1442; baseline 0 -18"><span class='ocrx_word' id='word_1_88' title='bbox 320 1372 583 1425; x_wconf 85' lang='lat' dir='ltr'>hilariter</span> <span class='ocrx_word' id='word_1_89' title='bbox 631 1389 753 1426; x_wconf 90' lang='lat' dir='ltr'>sese</span> <span class='ocrx_word' id='word_1_90' title='bbox 800 1373 1185 1427; x_wconf 79' lang='lat' dir='ltr'>cohortantur.</span> <span class='ocrx_word' id='word_1_91' title='bbox 1217 1372 1432 1427; x_wconf 77' lang='lat' dir='ltr'>Relicto</span> <span class='ocrx_word' id='word_1_92' title='bbox 1479 1371 1727 1426; x_wconf 89' lang='lat' dir='ltr'>convivio</span> <span class='ocrx_word' id='word_1_93' title='bbox 1768 1379 1928 1442; x_wconf 87' lang='lat' dir='ltr'>pater</span> 
     </span>
    </p>
   </div>
   <div class='ocr_carea' id='block_1_15' title="bbox 320 1461 1926 1531">
    <p class='ocr_par' dir='ltr' id='par_1_15' title="bbox 320 1461 1926 1531">
     <span class='ocr_line' id='line_1_15' title="bbox 320 1461 1926 1531; baseline -0.001 -16"><span class='ocrx_word' id='word_1_94' title='bbox 320 1479 453 1515; x_wconf 89' lang='lat' dir='ltr'>cum</span> <span class='ocrx_word' id='word_1_95' title='bbox 480 1461 633 1515; x_wconf 90' lang='lat' dir='ltr'>omni</span> <span class='ocrx_word' id='word_1_96' title='bbox 670 1462 783 1516; x_wconf 90' lang='lat' dir='ltr'>ruit</span> <span class='ocrx_word' id='word_1_97' title='bbox 812 1461 1045 1518; x_wconf 82' lang='lat' dir='ltr'>familia.</span> <span class='ocrx_word' id='word_1_98' title='bbox 1089 1469 1271 1516; x_wconf 75' lang='lat' dir='ltr'>mater</span> <span class='ocrx_word' id='word_1_99' title='bbox 1312 1478 1440 1527; x_wconf 90' lang='lat' dir='ltr'>cum</span> <span class='ocrx_word' id='word_1_100' title='bbox 1480 1461 1758 1515; x_wconf 82' lang='lat' dir='ltr'>ancillulis</span> <span class='ocrx_word' id='word_1_101' title='bbox 1808 1461 1926 1531; x_wconf 90' lang='lat' dir='ltr'>ejus</span> 
     </span>
    </p>
   </div>
   <div class='ocr_carea' id='block_1_16' title="bbox 318 1550 1927 1621">
    <p class='ocr_par' dir='ltr' id='par_1_16' title="bbox 318 1550 1927 1621">
     <span class='ocr_line' id='line_1_16' title="bbox 318 1550 1927 1621; baseline -0.002 -16"><span class='ocrx_word' id='word_1_102' title='bbox 318 1550 600 1605; x_wconf 85' lang='lat' dir='ltr'>currendo</span> <span class='ocrx_word' id='word_1_103' title='bbox 627 1567 768 1621; x_wconf 90' lang='lat' dir='ltr'>pene</span> <span class='ocrx_word' id='word_1_104' title='bbox 793 1551 987 1605; x_wconf 81' lang='lat' dir='ltr'>atterit</span> <span class='ocrx_word' id='word_1_105' title='bbox 1015 1551 1274 1621; x_wconf 87' lang='lat' dir='ltr'>vestigia;</span> <span class='ocrx_word' id='word_1_106' title='bbox 1318 1568 1491 1605; x_wconf 90' lang='lat' dir='ltr'>unum</span> <span class='ocrx_word' id='word_1_107' title='bbox 1523 1551 1784 1604; x_wconf 87' lang='lat' dir='ltr'>omnibus</span> <span class='ocrx_word' id='word_1_108' title='bbox 1832 1566 1927 1602; x_wconf 87' lang='lat' dir='ltr'>vo-</span> 
     </span>
    </p>
   </div>
   <div class='ocr_carea' id='block_1_17' title="bbox 317 1640 1923 1710">
    <p class='ocr_par' dir='ltr' id='par_1_17' title="bbox 317 1640 1923 1710">
     <span class='ocr_line' id='line_1_17' title="bbox 317 1640 1923 1710; baseline -0.002 -16"><span class='ocrx_word' id='word_1_109' title='bbox 317 1646 469 1701; x_wconf 81' lang='lat' dir='ltr'>tum.</span> <span class='ocrx_word' id='word_1_110' title='bbox 514 1640 563 1693; x_wconf 91' lang='lat' dir='ltr'>si</span> <span class='ocrx_word' id='word_1_111' title='bbox 610 1640 754 1694; x_wconf 85' lang='lat' dir='ltr'>forte</span> <span class='ocrx_word' id='word_1_112' title='bbox 802 1657 923 1710; x_wconf 68' lang='lat' dir='ltr'>quae</span> <span class='ocrx_word' id='word_1_113' title='bbox 958 1641 1153 1695; x_wconf 89' lang='lat' dir='ltr'>auditu</span> <span class='ocrx_word' id='word_1_114' title='bbox 1197 1640 1530 1708; x_wconf 85' lang='lat' dir='ltr'>didicerant,</span> <span class='ocrx_word' id='word_1_115' title='bbox 1580 1640 1700 1694; x_wconf 91' lang='lat' dir='ltr'>visu</span> <span class='ocrx_word' id='word_1_116' title='bbox 1753 1640 1923 1693; x_wconf 88' lang='lat' dir='ltr'>etiam</span> 
     </span>
    </p>
   </div>
   <div class='ocr_carea' id='block_1_18' title="bbox 318 1726 1926 1798">
    <p class='ocr_par' dir='ltr' id='par_1_18' title="bbox 318 1726 1926 1798">
     <span class='ocr_line' id='line_1_18' title="bbox 318 1726 1926 1798; baseline -0.001 -17"><span class='ocrx_word' id='word_1_117' title='bbox 318 1727 561 1798; x_wconf 86' lang='lat' dir='ltr'>probare</span> <span class='ocrx_word' id='word_1_118' title='bbox 610 1736 853 1798; x_wconf 76' lang='lat' dir='ltr'>possent.</span> <span class='ocrx_word' id='word_1_119' title='bbox 902 1727 1007 1782; x_wconf 89' lang='lat' dir='ltr'>Ubi</span> <span class='ocrx_word' id='word_1_120' title='bbox 1050 1745 1177 1782; x_wconf 90' lang='lat' dir='ltr'>vero</span> <span class='ocrx_word' id='word_1_121' title='bbox 1214 1728 1316 1793; x_wconf 85' lang='lat' dir='ltr'>illo</span> <span class='ocrx_word' id='word_1_122' title='bbox 1356 1735 1582 1782; x_wconf 90' lang='lat' dir='ltr'>ventum</span> <span class='ocrx_word' id='word_1_123' title='bbox 1627 1734 1731 1784; x_wconf 87' lang='lat' dir='ltr'>est.</span> <span class='ocrx_word' id='word_1_124' title='bbox 1779 1726 1926 1780; x_wconf 86' lang='lat' dir='ltr'>inve-</span> 
     </span>
    </p>
   </div>
   <div class='ocr_carea' id='block_1_19' title="bbox 2009 567 3605 638">
    <p class='ocr_par' dir='ltr' id='par_1_19' title="bbox 2009 567 3605 638">
     <span class='ocr_line' id='line_1_19' title="bbox 2009 567 3605 638; baseline 0.003 -23"><span class='ocrx_word' id='word_1_125' title='bbox 2009 567 2216 621; x_wconf 85' lang='lat' dir='ltr'>hantur</span> <span class='ocrx_word' id='word_1_126' title='bbox 2236 567 2521 620; x_wconf 87' lang='lat' dir='ltr'>multoties</span> <span class='ocrx_word' id='word_1_127' title='bbox 2545 584 2579 620; x_wconf 89' lang='lat' dir='ltr'>a</span> <span class='ocrx_word' id='word_1_128' title='bbox 2605 583 2768 620; x_wconf 90' lang='lat' dir='ltr'>mane</span> <span class='ocrx_word' id='word_1_129' title='bbox 2791 584 2969 638; x_wconf 90' lang='lat' dir='ltr'>usque</span> <span class='ocrx_word' id='word_1_130' title='bbox 2996 567 3067 621; x_wconf 89' lang='lat' dir='ltr'>ad</span> <span class='ocrx_word' id='word_1_131' title='bbox 3097 583 3404 638; x_wconf 86' lang='lat' dir='ltr'>vesperam.</span> <span class='ocrx_word' id='word_1_132' title='bbox 3435 571 3492 619; x_wconf 92' lang='lat' dir='ltr'>et</span> <span class='ocrx_word' id='word_1_133' title='bbox 3521 568 3605 633; x_wconf 89' lang='lat' dir='ltr'>(ut</span> 
     </span>
    </p>
   </div>
   <div class='ocr_carea' id='block_1_20' title="bbox 2008 655 3606 727">
    <p class='ocr_par' dir='ltr' id='par_1_20' title="bbox 2008 655 3606 727">
     <span class='ocr_line' id='line_1_20' title="bbox 2008 655 3606 727; baseline -0.003 -16"><span class='ocrx_word' id='word_1_134' title='bbox 2008 656 2328 726; x_wconf 88' lang='lat' dir='ltr'>hujusmodi</span> <span class='ocrx_word' id='word_1_135' title='bbox 2376 656 2599 709; x_wconf 83' lang='lat' dir='ltr'>rusticis</span> <span class='ocrx_word' id='word_1_136' title='bbox 2647 656 2817 710; x_wconf 88' lang='lat' dir='ltr'>moris</span> <span class='ocrx_word' id='word_1_137' title='bbox 2858 662 2964 713; x_wconf 84' lang='lat' dir='ltr'>est)</span> <span class='ocrx_word' id='word_1_138' title='bbox 3005 673 3146 727; x_wconf 88' lang='lat' dir='ltr'>pene.</span> <span class='ocrx_word' id='word_1_139' title='bbox 3186 658 3304 727; x_wconf 91' lang='lat' dir='ltr'>jam</span> <span class='ocrx_word' id='word_1_140' title='bbox 3345 655 3417 709; x_wconf 91' lang='lat' dir='ltr'>ad</span> <span class='ocrx_word' id='word_1_141' title='bbox 3445 669 3606 709; x_wconf 86' lang='lat' dir='ltr'>arma</span> 
     </span>
    </p>
   </div>
   <div class='ocr_carea' id='block_1_21' title="bbox 2010 744 3605 817">
    <p class='ocr_par' dir='ltr' id='par_1_21' title="bbox 2010 744 3605 817">
     <span class='ocr_line' id='line_1_21' title="bbox 2010 744 3605 817; baseline -0.002 -17"><span class='ocrx_word' id='word_1_142' title='bbox 2010 762 2187 816; x_wconf 79' lang='lat' dir='ltr'>nsque</span> <span class='ocrx_word' id='word_1_143' title='bbox 2253 745 2484 799; x_wconf 89' lang='lat' dir='ltr'>invicem</span> <span class='ocrx_word' id='word_1_144' title='bbox 2533 745 2919 815; x_wconf 87' lang='lat' dir='ltr'>exprobrando</span> <span class='ocrx_word' id='word_1_145' title='bbox 2966 751 3369 817; x_wconf 84' lang='lat' dir='ltr'>processerant.</span> <span class='ocrx_word' id='word_1_146' title='bbox 3414 744 3605 797; x_wconf 89' lang='lat' dir='ltr'>Genus</span> 
     </span>
    </p>
   </div>
   <div class='ocr_carea' id='block_1_22' title="bbox 2008 832 3603 906">
    <p class='ocr_par' dir='ltr' id='par_1_22' title="bbox 2008 832 3603 906">
     <span class='ocr_line' id='line_1_22' title="bbox 2008 832 3603 906; baseline -0.002 -18"><span class='ocrx_word' id='word_1_147' title='bbox 2008 835 2159 888; x_wconf 91' lang='lat' dir='ltr'>enim</span> <span class='ocrx_word' id='word_1_148' title='bbox 2189 836 2291 889; x_wconf 91' lang='lat' dir='ltr'>hoc</span> <span class='ocrx_word' id='word_1_149' title='bbox 2322 842 2543 905; x_wconf 84' lang='lat' dir='ltr'>agreste</span> <span class='ocrx_word' id='word_1_150' title='bbox 2573 836 2886 899; x_wconf 80' lang='lat' dir='ltr'>hominum,</span> <span class='ocrx_word' id='word_1_151' title='bbox 2919 836 2963 889; x_wconf 89' lang='lat' dir='ltr'>si</span> <span class='ocrx_word' id='word_1_152' title='bbox 2997 835 3129 906; x_wconf 88' lang='lat' dir='ltr'>quid</span> <span class='ocrx_word' id='word_1_153' title='bbox 3176 842 3324 888; x_wconf 83' lang='lat' dir='ltr'>inter</span> <span class='ocrx_word' id='word_1_154' title='bbox 3363 850 3457 887; x_wconf 90' lang='lat' dir='ltr'>eos</span> <span class='ocrx_word' id='word_1_155' title='bbox 3486 832 3603 886; x_wconf 90' lang='lat' dir='ltr'>dis-</span> 
     </span>
    </p>
   </div>
   <div class='ocr_carea' id='block_1_23' title="bbox 2007 921 3609 993">
    <p class='ocr_par' dir='ltr' id='par_1_23' title="bbox 2007 921 3609 993">
     <span class='ocr_line' id='line_1_23' title="bbox 2007 921 3609 993; baseline -0.002 -15"><span class='ocrx_word' id='word_1_156' title='bbox 2007 925 2282 978; x_wconf 86' lang='lat' dir='ltr'>sensionis</span> <span class='ocrx_word' id='word_1_157' title='bbox 2314 931 2565 978; x_wconf 90' lang='lat' dir='ltr'>exortum</span> <span class='ocrx_word' id='word_1_158' title='bbox 2599 923 2786 985; x_wconf 78' lang='lat' dir='ltr'>fuerit,</span> <span class='ocrx_word' id='word_1_159' title='bbox 2810 926 2914 978; x_wconf 90' lang='lat' dir='ltr'>nisi</span> <span class='ocrx_word' id='word_1_160' title='bbox 2945 942 3070 978; x_wconf 88' lang='lat' dir='ltr'>cum</span> <span class='ocrx_word' id='word_1_161' title='bbox 3104 924 3276 977; x_wconf 89' lang='lat' dir='ltr'>multa</span> <span class='ocrx_word' id='word_1_162' title='bbox 3300 921 3609 993; x_wconf 83' lang='lat' dir='ltr'>ignominia</span> 
     </span>
    </p>
   </div>
   <div class='ocr_carea' id='block_1_24' title="bbox 2008 1014 3609 1074">
    <p class='ocr_par' dir='ltr' id='par_1_24' title="bbox 2008 1014 3609 1074">
     <span class='ocr_line' id='line_1_24' title="bbox 2008 1014 3609 1074; baseline -0.002 -6"><span class='ocrx_word' id='word_1_163' title='bbox 2008 1014 2311 1068; x_wconf 87' lang='lat' dir='ltr'>terminare</span> <span class='ocrx_word' id='word_1_164' title='bbox 2358 1014 2618 1067; x_wconf 86' lang='lat' dir='ltr'>nesciunt</span> <span class='ocrx_word' id='word_1_165' title='bbox 2692 1014 2832 1069; x_wconf 91' lang='lat' dir='ltr'>Cum</span> <span class='ocrx_word' id='word_1_166' title='bbox 2878 1030 3011 1068; x_wconf 74' lang='lat' dir='ltr'>vero</span> <span class='ocrx_word' id='word_1_167' title='bbox 3052 1014 3299 1074; x_wconf 81' lang='lat' dir='ltr'>tandem.</span> <span class='ocrx_word' id='word_1_168' title='bbox 3349 1029 3411 1065; x_wconf 89' lang='lat' dir='ltr'>ex</span> <span class='ocrx_word' id='word_1_169' title='bbox 3461 1027 3609 1065; x_wconf 86' lang='lat' dir='ltr'>com-</span> 
     </span>
    </p>
   </div>
   <div class='ocr_carea' id='block_1_25' title="bbox 2010 1102 3609 1173">
    <p class='ocr_par' dir='ltr' id='par_1_25' title="bbox 2010 1102 3609 1173">
     <span class='ocr_line' id='line_1_25' title="bbox 2010 1102 3609 1173; baseline -0.001 -17"><span class='ocrx_word' id='word_1_170' title='bbox 2010 1105 2160 1157; x_wconf 88' lang='lat' dir='ltr'>muni</span> <span class='ocrx_word' id='word_1_171' title='bbox 2188 1120 2483 1159; x_wconf 88' lang='lat' dir='ltr'>consensu.</span> <span class='ocrx_word' id='word_1_172' title='bbox 2514 1103 2585 1156; x_wconf 87' lang='lat' dir='ltr'>ad</span> <span class='ocrx_word' id='word_1_173' title='bbox 2614 1102 2927 1157; x_wconf 79' lang='lat' dir='ltr'>diiimenda</span> <span class='ocrx_word' id='word_1_174' title='bbox 2950 1103 3309 1173; x_wconf 58' lang='lat' dir='ltr'>agriculturae</span> <span class='ocrx_word' id='word_1_175' title='bbox 3339 1118 3453 1155; x_wconf 58' lang='lat' dir='ltr'>sua</span> <span class='ocrx_word' id='word_1_176' title='bbox 3483 1117 3609 1172; x_wconf 89' lang='lat' dir='ltr'>pro-</span> 
     </span>
    </p>
   </div>
   <div class='ocr_carea' id='block_1_26' title="bbox 2007 1191 3609 1263">
    <p class='ocr_par' dir='ltr' id='par_1_26' title="bbox 2007 1191 3609 1263">
     <span class='ocr_line' id='line_1_26' title="bbox 2007 1191 3609 1263; baseline -0.002 -16"><span class='ocrx_word' id='word_1_177' title='bbox 2007 1193 2308 1247; x_wconf 85' lang='lat' dir='ltr'>cessissent</span> <span class='ocrx_word' id='word_1_178' title='bbox 2359 1191 2619 1253; x_wconf 84' lang='lat' dir='ltr'>conﬁnia.</span> <span class='ocrx_word' id='word_1_179' title='bbox 2666 1193 2902 1263; x_wconf 84' lang='lat' dir='ltr'>contigit</span> <span class='ocrx_word' id='word_1_180' title='bbox 2949 1210 3074 1246; x_wconf 92' lang='lat' dir='ltr'>cum</span> <span class='ocrx_word' id='word_1_181' title='bbox 3135 1193 3214 1245; x_wconf 91' lang='lat' dir='ltr'>eis</span> <span class='ocrx_word' id='word_1_182' title='bbox 3259 1191 3504 1245; x_wconf 85' lang='lat' dir='ltr'>adfuisse</span> <span class='ocrx_word' id='word_1_183' title='bbox 3550 1195 3609 1244; x_wconf 90' lang='lat' dir='ltr'>et</span> 
     </span>
    </p>
   </div>
   <div class='ocr_carea' id='block_1_27' title="bbox 2007 1282 3609 1353">
    <p class='ocr_par' dir='ltr' id='par_1_27' title="bbox 2007 1282 3609 1353">
     <span class='ocr_line' id='line_1_27' title="bbox 2007 1282 3609 1353; baseline -0.003 -15"><span class='ocrx_word' id='word_1_184' title='bbox 2007 1285 2157 1343; x_wconf 79' lang='lat' dir='ltr'>hunc</span> <span class='ocrx_word' id='word_1_185' title='bbox 2198 1283 2565 1338; x_wconf 78' lang='lat' dir='ltr'>venerabilem</span> <span class='ocrx_word' id='word_1_186' title='bbox 2616 1299 2874 1353; x_wconf 90' lang='lat' dir='ltr'>puerum.</span> <span class='ocrx_word' id='word_1_187' title='bbox 2922 1282 3027 1335; x_wconf 89' lang='lat' dir='ltr'>Ubi</span> <span class='ocrx_word' id='word_1_188' title='bbox 3078 1298 3206 1335; x_wconf 86' lang='lat' dir='ltr'>vero</span> <span class='ocrx_word' id='word_1_189' title='bbox 3248 1285 3474 1334; x_wconf 89' lang='lat' dir='ltr'>ventum</span> <span class='ocrx_word' id='word_1_190' title='bbox 3522 1284 3609 1333; x_wconf 89' lang='lat' dir='ltr'>est</span> 
     </span>
    </p>
   </div>
   <div class='ocr_carea' id='block_1_28' title="bbox 2008 1368 3609 1438">
    <p class='ocr_par' dir='ltr' id='par_1_28' title="bbox 2008 1368 3609 1438">
     <span class='ocr_line' id='line_1_28' title="bbox 2008 1368 3609 1438; baseline -0.004 -10"><span class='ocrx_word' id='word_1_191' title='bbox 2008 1375 2079 1428; x_wconf 89' lang='lat' dir='ltr'>ad</span> <span class='ocrx_word' id='word_1_192' title='bbox 2112 1375 2315 1432; x_wconf 88' lang='lat' dir='ltr'>locum.</span> <span class='ocrx_word' id='word_1_193' title='bbox 2336 1390 2459 1427; x_wconf 89' lang='lat' dir='ltr'>cum</span> <span class='ocrx_word' id='word_1_194' title='bbox 2495 1372 2941 1426; x_wconf 82' lang='lat' dir='ltr'>diversidiversa</span> <span class='ocrx_word' id='word_1_195' title='bbox 2969 1369 3264 1424; x_wconf 83' lang='lat' dir='ltr'>sentirent.</span> <span class='ocrx_word' id='word_1_196' title='bbox 3300 1368 3438 1421; x_wconf 89' lang='lat' dir='ltr'>vidit</span> <span class='ocrx_word' id='word_1_197' title='bbox 3468 1383 3609 1438; x_wconf 88' lang='lat' dir='ltr'>puer</span> 
     </span>
    </p>
   </div>
   <div class='ocr_carea' id='block_1_29' title="bbox 2008 1457 3608 1534">
    <p class='ocr_par' dir='ltr' id='par_1_29' title="bbox 2008 1457 3608 1534">
     <span class='ocr_line' id='line_1_29' title="bbox 2008 1457 3608 1534; baseline -0.005 -17"><span class='ocrx_word' id='word_1_198' title='bbox 2008 1464 2250 1534; x_wconf 89' lang='lat' dir='ltr'>lapidem</span> <span class='ocrx_word' id='word_1_199' title='bbox 2293 1470 2458 1517; x_wconf 84' lang='lat' dir='ltr'>terrae</span> <span class='ocrx_word' id='word_1_200' title='bbox 2490 1463 2680 1516; x_wconf 87' lang='lat' dir='ltr'>ﬁxum.</span> <span class='ocrx_word' id='word_1_201' title='bbox 2715 1468 2778 1516; x_wconf 92' lang='lat' dir='ltr'>ut</span> <span class='ocrx_word' id='word_1_202' title='bbox 2808 1462 3138 1534; x_wconf 90' lang='lat' dir='ltr'>plerumque</span> <span class='ocrx_word' id='word_1_203' title='bbox 3176 1458 3350 1511; x_wconf 91' lang='lat' dir='ltr'>videri</span> <span class='ocrx_word' id='word_1_204' title='bbox 3381 1457 3524 1511; x_wconf 87' lang='lat' dir='ltr'>solet</span> <span class='ocrx_word' id='word_1_205' title='bbox 3547 1457 3608 1510; x_wconf 89' lang='lat' dir='ltr'>in</span> 
     </span>
    </p>
   </div>
   <div class='ocr_carea' id='block_1_30' title="bbox 2008 1545 3602 1622">
    <p class='ocr_par' dir='ltr' id='par_1_30' title="bbox 2008 1545 3602 1622">
     <span class='ocr_line' id='line_1_30' title="bbox 2008 1545 3602 1622; baseline -0.005 -15"><span class='ocrx_word' id='word_1_206' title='bbox 2008 1552 2263 1607; x_wconf 86' lang='lat' dir='ltr'>terminis</span> <span class='ocrx_word' id='word_1_207' title='bbox 2302 1568 2606 1622; x_wconf 83' lang='lat' dir='ltr'>agrorum:</span> <span class='ocrx_word' id='word_1_208' title='bbox 2650 1568 2819 1621; x_wconf 80' lang='lat' dir='ltr'>super</span> <span class='ocrx_word' id='word_1_209' title='bbox 2856 1566 3022 1620; x_wconf 86' lang='lat' dir='ltr'>quem</span> <span class='ocrx_word' id='word_1_210' title='bbox 3068 1547 3265 1619; x_wconf 87' lang='lat' dir='ltr'>pedem</span> <span class='ocrx_word' id='word_1_211' title='bbox 3313 1545 3602 1615; x_wconf 82' lang='lat' dir='ltr'>injiciens;</span> 
     </span>
    </p>
   </div>
   <div class='ocr_carea' id='block_1_31' title="bbox 2015 1633 3609 1710">
    <p class='ocr_par' dir='ltr' id='par_1_31' title="bbox 2015 1633 3609 1710">
     <span class='ocr_line' id='line_1_31' title="bbox 2015 1633 3609 1710; baseline -0.003 -17"><span class='ocrx_word' id='word_1_212' title='bbox 2015 1664 2035 1693; x_wconf 73' lang='grc' dir='ltr'>ι</span> <span class='ocrx_word' id='word_1_213' title='bbox 2084 1642 2184 1696; x_wconf 84' lang='lat' dir='ltr'>Hic</span> <span class='ocrx_word' id='word_1_214' title='bbox 2214 1647 2317 1704; x_wconf 89' lang='lat' dir='ltr'>est,</span> <span class='ocrx_word' id='word_1_215' title='bbox 2349 1640 2550 1710; x_wconf 89' lang='lat' dir='ltr'>inquit.</span> <span class='ocrx_word' id='word_1_216' title='bbox 2592 1641 2867 1694; x_wconf 88' lang='lat' dir='ltr'>terminus</span> <span class='ocrx_word' id='word_1_217' title='bbox 2916 1644 2972 1692; x_wconf 93' lang='lat' dir='ltr'>et</span> <span class='ocrx_word' id='word_1_218' title='bbox 3021 1638 3188 1707; x_wconf 90' lang='lat' dir='ltr'>hujus</span> <span class='ocrx_word' id='word_1_219' title='bbox 3232 1633 3609 1690; x_wconf 86' lang='lat' dir='ltr'>contentionis</span> 
     </span>
    </p>
   </div>
   <div class='ocr_carea' id='block_1_32' title="bbox 2009 1726 3606 1798">
    <p class='ocr_par' dir='ltr' id='par_1_32' title="bbox 2009 1726 3606 1798">
     <span class='ocr_line' id='line_1_32' title="bbox 2009 1726 3606 1798; baseline -0.006 -14"><span class='ocrx_word' id='word_1_220' title='bbox 2009 1731 2171 1785; x_wconf 88' lang='lat' dir='ltr'>limes</span> <span class='ocrx_word' id='word_1_221' title='bbox 2199 1731 2563 1785; x_wconf 86' lang='lat' dir='ltr'>certissimus.</span> <span class='ocrx_word' id='word_1_222' title='bbox 2613 1750 2634 1780; x_wconf 72' lang='grc' dir='ltr'>ι</span> <span class='ocrx_word' id='word_1_223' title='bbox 2682 1729 2765 1783; x_wconf 84' lang='lat' dir='ltr'>Ad</span> <span class='ocrx_word' id='word_1_224' title='bbox 2821 1729 2981 1798; x_wconf 88' lang='lat' dir='ltr'>cujus</span> <span class='ocrx_word' id='word_1_225' title='bbox 3021 1726 3361 1780; x_wconf 87' lang='lat' dir='ltr'>levissimum</span> <span class='ocrx_word' id='word_1_226' title='bbox 3392 1730 3606 1792; x_wconf 85' lang='lat' dir='ltr'>tactum</span> 
     </span>
    </p>
   </div>
   <div class='ocr_carea' id='block_1_33' title="bbox 317 1811 3610 1894">
    <p class='ocr_par' dir='ltr' id='par_1_33' title="bbox 317 1811 3610 1894">
     <span class='ocr_line' id='line_1_33' title="bbox 317 1811 3610 1894; baseline -0.002 -23"><span class='ocrx_word' id='word_1_227' title='bbox 317 1819 481 1872; x_wconf 84' lang='lat' dir='ltr'>nitur</span> <span class='ocrx_word' id='word_1_228' title='bbox 516 1818 859 1887; x_wconf 88' lang='lat' dir='ltr'>diligentius.</span> <span class='ocrx_word' id='word_1_229' title='bbox 876 1824 933 1871; x_wconf 91' lang='lat' dir='ltr'>et</span> <span class='ocrx_word' id='word_1_230' title='bbox 965 1818 1115 1888; x_wconf 93' lang='lat' dir='ltr'>quod</span> <span class='ocrx_word' id='word_1_231' title='bbox 1135 1818 1316 1872; x_wconf 87' lang='lat' dir='ltr'>relatu</span> <span class='ocrx_word' id='word_1_232' title='bbox 1338 1818 1628 1875; x_wconf 82' lang='lat' dir='ltr'>didicerat.</span> <span class='ocrx_word' id='word_1_233' title='bbox 1652 1819 1772 1888; x_wconf 88' lang='lat' dir='ltr'>ipso</span> <span class='ocrx_word' id='word_1_234' title='bbox 1801 1833 1928 1870; x_wconf 89' lang='lat' dir='ltr'>suo—</span> <span class='ocrx_word' id='word_1_235' title='bbox 1950 1838 1988 1894; x_wconf 72' lang='grc' dir='ltr'>Β</span> <span class='ocrx_word' id='word_1_236' title='bbox 2010 1821 2151 1891; x_wconf 87' lang='lat' dir='ltr'>lapis</span> <span class='ocrx_word' id='word_1_237' title='bbox 2181 1820 2272 1875; x_wconf 91' lang='lat' dir='ltr'>ille</span> <span class='ocrx_word' id='word_1_238' title='bbox 2301 1821 2379 1873; x_wconf 89' lang='lat' dir='ltr'>ita</span> <span class='ocrx_word' id='word_1_239' title='bbox 2408 1819 2665 1881; x_wconf 86' lang='lat' dir='ltr'>subsidit,</span> <span class='ocrx_word' id='word_1_240' title='bbox 2708 1818 2879 1872; x_wconf 87' lang='lat' dir='ltr'>veluti</span> <span class='ocrx_word' id='word_1_241' title='bbox 2918 1833 3045 1870; x_wconf 89' lang='lat' dir='ltr'>cera</span> <span class='ocrx_word' id='word_1_242' title='bbox 3074 1833 3108 1869; x_wconf 89' lang='lat' dir='ltr'>a</span> <span class='ocrx_word' id='word_1_243' title='bbox 3136 1814 3277 1869; x_wconf 84' lang='lat' dir='ltr'>facie</span> <span class='ocrx_word' id='word_1_244' title='bbox 3315 1811 3610 1867; x_wconf 84' lang='lat' dir='ltr'>candentis</span> 
     </span>
    </p>
   </div>
   <div class='ocr_carea' id='block_1_34' title="bbox 320 1906 1921 1961">
    <p class='ocr_par' dir='ltr' id='par_1_34' title="bbox 320 1906 1921 1961">
     <span class='ocr_line' id='line_1_34' title="bbox 320 1906 1921 1961; baseline -0.001 -1"><span class='ocrx_word' id='word_1_245' title='bbox 320 1923 452 1960; x_wconf 86' lang='lat' dir='ltr'>rum</span> <span class='ocrx_word' id='word_1_246' title='bbox 512 1907 800 1960; x_wconf 90' lang='lat' dir='ltr'>oculorum</span> <span class='ocrx_word' id='word_1_247' title='bbox 864 1906 1187 1961; x_wconf 89' lang='lat' dir='ltr'>testimonio</span> <span class='ocrx_word' id='word_1_248' title='bbox 1244 1907 1515 1961; x_wconf 86' lang='lat' dir='ltr'>veraciter</span> <span class='ocrx_word' id='word_1_249' title='bbox 1565 1907 1921 1960; x_wconf 90' lang='lat' dir='ltr'>conﬁtentur.</span> 
     </span>
    </p>
   </div>
   <div class='ocr_carea' id='block_1_35' title="bbox 318 1996 1926 2066">
    <p class='ocr_par' dir='ltr' id='par_1_35' title="bbox 318 1996 1926 2066">
     <span class='ocr_line' id='line_1_35' title="bbox 318 1996 1926 2066; baseline -0.001 -16"><span class='ocrx_word' id='word_1_250' title='bbox 318 1996 498 2050; x_wconf 78' lang='lat' dir='ltr'>Pater</span> <span class='ocrx_word' id='word_1_251' title='bbox 535 2001 592 2048; x_wconf 88' lang='lat' dir='ltr'>et</span> <span class='ocrx_word' id='word_1_252' title='bbox 618 2002 798 2049; x_wconf 87' lang='lat' dir='ltr'>mater</span> <span class='ocrx_word' id='word_1_253' title='bbox 826 2012 995 2066; x_wconf 89' lang='lat' dir='ltr'>super</span> <span class='ocrx_word' id='word_1_254' title='bbox 1026 1996 1138 2057; x_wconf 86' lang='lat' dir='ltr'>ﬁlio</span> <span class='ocrx_word' id='word_1_255' title='bbox 1169 2013 1335 2066; x_wconf 89' lang='lat' dir='ltr'>quam</span> <span class='ocrx_word' id='word_1_256' title='bbox 1366 1996 1720 2050; x_wconf 83' lang='lat' dir='ltr'>tamiliariter</span> <span class='ocrx_word' id='word_1_257' title='bbox 1748 1997 1926 2066; x_wconf 81' lang='lat' dir='ltr'>lacry-</span> 
     </span>
    </p>
   </div>
   <div class='ocr_carea' id='block_1_36' title="bbox 320 2085 1924 2156">
    <p class='ocr_par' dir='ltr' id='par_1_36' title="bbox 320 2085 1924 2156">
     <span class='ocr_line' id='line_1_36' title="bbox 320 2085 1924 2156; baseline -0.001 -18"><span class='ocrx_word' id='word_1_258' title='bbox 320 2091 566 2138; x_wconf 87' lang='lat' dir='ltr'>mantes.</span> <span class='ocrx_word' id='word_1_259' title='bbox 618 2085 731 2139; x_wconf 88' lang='lat' dir='ltr'>Deo</span> <span class='ocrx_word' id='word_1_260' title='bbox 780 2101 1014 2156; x_wconf 89' lang='lat' dir='ltr'>puerum</span> <span class='ocrx_word' id='word_1_261' title='bbox 1058 2085 1475 2153; x_wconf 86' lang='lat' dir='ltr'>commendant,</span> <span class='ocrx_word' id='word_1_262' title='bbox 1529 2102 1593 2139; x_wconf 90' lang='lat' dir='ltr'>ac</span> <span class='ocrx_word' id='word_1_263' title='bbox 1638 2102 1750 2139; x_wconf 89' lang='lat' dir='ltr'>non</span> <span class='ocrx_word' id='word_1_264' title='bbox 1803 2086 1924 2138; x_wconf 93' lang='lat' dir='ltr'>sine</span> 
     </span>
    </p>
   </div>
   <div class='ocr_carea' id='block_1_37' title="bbox 320 2171 1925 2229">
    <p class='ocr_par' dir='ltr' id='par_1_37' title="bbox 320 2171 1925 2229">
     <span class='ocr_line' id='line_1_37' title="bbox 320 2171 1925 2229; baseline -0.001 -2"><span class='ocrx_word' id='word_1_265' title='bbox 320 2174 503 2227; x_wconf 86' lang='lat' dir='ltr'>multa</span> <span class='ocrx_word' id='word_1_266' title='bbox 532 2173 845 2229; x_wconf 87' lang='lat' dir='ltr'>devotione.</span> <span class='ocrx_word' id='word_1_267' title='bbox 878 2173 1221 2228; x_wconf 56' lang='lat' dir='ltr'>charissima</span> <span class='ocrx_word' id='word_1_268' title='bbox 1256 2191 1371 2229; x_wconf 70' lang='lat' dir='ltr'>sure</span> <span class='ocrx_word' id='word_1_269' title='bbox 1415 2171 1620 2228; x_wconf 90' lang='lat' dir='ltr'>sobolis</span> <span class='ocrx_word' id='word_1_270' title='bbox 1662 2173 1925 2227; x_wconf 90' lang='lat' dir='ltr'>innocen-</span> 
     </span>
    </p>
   </div>
   <div class='ocr_carea' id='block_1_38' title="bbox 316 2264 821 2317">
    <p class='ocr_par' dir='ltr' id='par_1_38' title="bbox 316 2264 821 2317">
     <span class='ocr_line' id='line_1_38' title="bbox 316 2264 821 2317; baseline -0.002 0"><span class='ocrx_word' id='word_1_271' title='bbox 316 2264 458 2317; x_wconf 86' lang='lat' dir='ltr'>tiam</span> <span class='ocrx_word' id='word_1_272' title='bbox 491 2269 821 2317; x_wconf 80' lang='lat' dir='ltr'>retractant.</span> 
     </span>
    </p>
   </div>
   <div class='ocr_carea' id='block_1_39' title="bbox 395 2351 1918 2424">
    <p class='ocr_par' dir='ltr' id='par_1_39' title="bbox 395 2351 1918 2424">
     <span class='ocr_line' id='line_1_39' title="bbox 395 2351 1918 2424; baseline -0.002 -16"><span class='ocrx_word' id='word_1_273' title='bbox 395 2353 450 2408; x_wconf 90' lang='lat'>6.</span> <span class='ocrx_word' id='word_1_274' title='bbox 474 2353 627 2407; x_wconf 85' lang='lat' dir='ltr'>Inter</span> <span class='ocrx_word' id='word_1_275' title='bbox 661 2352 776 2407; x_wconf 74' lang='lat' dir='ltr'>haec</span> <span class='ocrx_word' id='word_1_276' title='bbox 816 2351 1042 2415; x_wconf 90' lang='lat' dir='ltr'>milites,</span> <span class='ocrx_word' id='word_1_277' title='bbox 1081 2369 1319 2424; x_wconf 90' lang='lat' dir='ltr'>quorum</span> <span class='ocrx_word' id='word_1_278' title='bbox 1353 2369 1527 2423; x_wconf 90' lang='lat' dir='ltr'>equos</span> <span class='ocrx_word' id='word_1_279' title='bbox 1555 2351 1918 2413; x_wconf 80' lang='lat' dir='ltr'>custodierat,</span> 
     </span>
    </p>
   </div>
   <div class='ocr_carea' id='block_1_40' title="bbox 319 2441 1926 2513">
    <p class='ocr_par' dir='ltr' id='par_1_40' title="bbox 319 2441 1926 2513">
     <span class='ocr_line' id='line_1_40' title="bbox 319 2441 1926 2513; baseline -0.002 -16"><span class='ocrx_word' id='word_1_280' title='bbox 319 2443 484 2513; x_wconf 86' lang='lat' dir='ltr'>equis</span> <span class='ocrx_word' id='word_1_281' title='bbox 534 2442 838 2499; x_wconf 84' lang='lat' dir='ltr'>recensitis.</span> <span class='ocrx_word' id='word_1_282' title='bbox 871 2459 1042 2495; x_wconf 90' lang='lat' dir='ltr'>unum</span> <span class='ocrx_word' id='word_1_283' title='bbox 1073 2442 1266 2496; x_wconf 85' lang='lat' dir='ltr'>deesse</span> <span class='ocrx_word' id='word_1_284' title='bbox 1299 2441 1606 2511; x_wconf 83' lang='lat' dir='ltr'>reperiunt,</span> <span class='ocrx_word' id='word_1_285' title='bbox 1641 2457 1806 2512; x_wconf 86' lang='lat' dir='ltr'>quem</span> <span class='ocrx_word' id='word_1_286' title='bbox 1841 2445 1926 2503; x_wconf 89' lang='lat' dir='ltr'>(ut</span> 
     </span>
    </p>
   </div>
   <div class='ocr_carea' id='block_1_41' title="bbox 322 2529 1921 2600">
    <p class='ocr_par' dir='ltr' id='par_1_41' title="bbox 322 2529 1921 2600">
     <span class='ocr_line' id='line_1_41' title="bbox 322 2529 1921 2600; baseline -0.002 -15"><span class='ocrx_word' id='word_1_287' title='bbox 322 2531 648 2600; x_wconf 73' lang='lat' dir='ltr'>hujusmocli</span> <span class='ocrx_word' id='word_1_288' title='bbox 684 2548 803 2584; x_wconf 91' lang='lat' dir='ltr'>mos</span> <span class='ocrx_word' id='word_1_289' title='bbox 839 2541 925 2584; x_wconf 82' lang='lat' dir='ltr'>est</span> <span class='ocrx_word' id='word_1_290' title='bbox 955 2530 1299 2598; x_wconf 90' lang='lat' dir='ltr'>hominibus)</span> <span class='ocrx_word' id='word_1_291' title='bbox 1329 2548 1358 2583; x_wconf 92' lang='lat' dir='ltr'>a</span> <span class='ocrx_word' id='word_1_292' title='bbox 1388 2546 1556 2600; x_wconf 86' lang='lat' dir='ltr'>puero</span> <span class='ocrx_word' id='word_1_293' title='bbox 1589 2529 1803 2583; x_wconf 88' lang='lat' dir='ltr'>intente</span> <span class='ocrx_word' id='word_1_294' title='bbox 1835 2546 1921 2582; x_wconf 88' lang='lat' dir='ltr'>re-</span> 
     </span>
    </p>
   </div>
   <div class='ocr_carea' id='block_1_42' title="bbox 325 2617 1926 2692">
    <p class='ocr_par' dir='ltr' id='par_1_42' title="bbox 325 2617 1926 2692">
     <span class='ocr_line' id='line_1_42' title="bbox 325 2617 1926 2692; baseline -0.002 -18"><span class='ocrx_word' id='word_1_295' title='bbox 325 2622 581 2692; x_wconf 90' lang='lat' dir='ltr'>quirunt.</span> <span class='ocrx_word' id='word_1_296' title='bbox 612 2620 818 2674; x_wconf 79' lang='lat' dir='ltr'>Blande</span> <span class='ocrx_word' id='word_1_297' title='bbox 847 2636 911 2673; x_wconf 91' lang='lat' dir='ltr'>ac</span> <span class='ocrx_word' id='word_1_298' title='bbox 936 2619 1127 2673; x_wconf 60' lang='lat' dir='ltr'>leviter</span> <span class='ocrx_word' id='word_1_299' title='bbox 1154 2636 1388 2690; x_wconf 86' lang='lat' dir='ltr'>puerum</span> <span class='ocrx_word' id='word_1_300' title='bbox 1414 2619 1750 2674; x_wconf 82' lang='lat' dir='ltr'>demulcent.</span> <span class='ocrx_word' id='word_1_301' title='bbox 1786 2617 1926 2671; x_wconf 87' lang='lat' dir='ltr'>insi-</span> 
     </span>
    </p>
   </div>
   <div class='ocr_carea' id='block_1_43' title="bbox 325 2706 1925 2779">
    <p class='ocr_par' dir='ltr' id='par_1_43' title="bbox 325 2706 1925 2779">
     <span class='ocr_line' id='line_1_43' title="bbox 325 2706 1925 2779; baseline -0.003 -14"><span class='ocrx_word' id='word_1_302' title='bbox 325 2717 543 2765; x_wconf 87' lang='lat' dir='ltr'>stenter</span> <span class='ocrx_word' id='word_1_303' title='bbox 572 2708 641 2762; x_wconf 85' lang='lat' dir='ltr'>ab</span> <span class='ocrx_word' id='word_1_304' title='bbox 670 2725 735 2763; x_wconf 89' lang='lat' dir='ltr'>eo</span> <span class='ocrx_word' id='word_1_305' title='bbox 764 2709 1112 2779; x_wconf 78' lang='lat' dir='ltr'>requirentes</span> <span class='ocrx_word' id='word_1_306' title='bbox 1139 2707 1185 2761; x_wconf 91' lang='lat' dir='ltr'>si</span> <span class='ocrx_word' id='word_1_307' title='bbox 1219 2724 1384 2779; x_wconf 89' lang='lat' dir='ltr'>quam</span> <span class='ocrx_word' id='word_1_308' title='bbox 1435 2724 1534 2778; x_wconf 84' lang='lat' dir='ltr'>per</span> <span class='ocrx_word' id='word_1_309' title='bbox 1575 2724 1702 2761; x_wconf 88' lang='lat' dir='ltr'>eum</span> <span class='ocrx_word' id='word_1_310' title='bbox 1734 2706 1925 2760; x_wconf 89' lang='lat' dir='ltr'>damni</span> 
     </span>
    </p>
   </div>
   <div class='ocr_carea' id='block_1_44' title="bbox 325 2795 1926 2875">
    <p class='ocr_par' dir='ltr' id='par_1_44' title="bbox 325 2795 1926 2875">
     <span class='ocr_line' id='line_1_44' title="bbox 325 2795 1926 2875; baseline -0.003 -22"><span class='ocrx_word' id='word_1_311' title='bbox 325 2800 502 2870; x_wconf 87' lang='lat' dir='ltr'>hujus</span> <span class='ocrx_word' id='word_1_312' title='bbox 534 2798 860 2853; x_wconf 86' lang='lat' dir='ltr'>adinvenire</span> <span class='ocrx_word' id='word_1_313' title='bbox 890 2805 1117 2869; x_wconf 91' lang='lat' dir='ltr'>possent</span> <span class='ocrx_word' id='word_1_314' title='bbox 1138 2798 1617 2875; x_wconf 85' lang='lat' dir='ltr'>recuperationem</span> <span class='ocrx_word' id='word_1_315' title='bbox 1653 2811 1663 2843; x_wconf 91' lang='lat'><strong>:</strong></span> <span class='ocrx_word' id='word_1_316' title='bbox 1697 2804 1819 2849; x_wconf 88' lang='lat' dir='ltr'>erat</span> <span class='ocrx_word' id='word_1_317' title='bbox 1848 2795 1926 2848; x_wconf 89' lang='lat' dir='ltr'>si-</span> 
     </span>
    </p>
   </div>
   <div class='ocr_carea' id='block_1_45' title="bbox 326 2885 1921 2961">
    <p class='ocr_par' dir='ltr' id='par_1_45' title="bbox 326 2885 1921 2961">
     <span class='ocr_line' id='line_1_45' title="bbox 326 2885 1921 2961; baseline -0.003 -18"><span class='ocrx_word' id='word_1_318' title='bbox 326 2890 555 2961; x_wconf 88' lang='lat' dir='ltr'>quidem</span> <span class='ocrx_word' id='word_1_319' title='bbox 587 2888 937 2960; x_wconf 87' lang='lat' dir='ltr'>aliquantula</span> <span class='ocrx_word' id='word_1_320' title='bbox 964 2904 1133 2958; x_wconf 86' lang='lat' dir='ltr'>super</span> <span class='ocrx_word' id='word_1_321' title='bbox 1160 2887 1365 2942; x_wconf 88' lang='lat' dir='ltr'>talibus</span> <span class='ocrx_word' id='word_1_322' title='bbox 1408 2887 1480 2961; x_wconf 83' lang='lat' dir='ltr'>de</span> <span class='ocrx_word' id='word_1_323' title='bbox 1523 2886 1618 2939; x_wconf 93' lang='lat' dir='ltr'>illo</span> <span class='ocrx_word' id='word_1_324' title='bbox 1662 2885 1921 2957; x_wconf 86' lang='lat' dir='ltr'>suspicio,</span> 
     </span>
    </p>
   </div>
   <div class='ocr_carea' id='block_1_46' title="bbox 326 2975 1925 3050">
    <p class='ocr_par' dir='ltr' id='par_1_46' title="bbox 326 2975 1925 3050">
     <span class='ocr_line' id='line_1_46' title="bbox 326 2975 1925 3050; baseline -0.003 -18"><span class='ocrx_word' id='word_1_325' title='bbox 326 2979 425 3050; x_wconf 88' lang='lat' dir='ltr'>qui</span> <span class='ocrx_word' id='word_1_326' title='bbox 465 2995 591 3033; x_wconf 90' lang='lat' dir='ltr'>eum</span> <span class='ocrx_word' id='word_1_327' title='bbox 626 2994 757 3048; x_wconf 86' lang='lat' dir='ltr'>erga</span> <span class='ocrx_word' id='word_1_328' title='bbox 791 2994 1063 3048; x_wconf 87' lang='lat' dir='ltr'>pauperes</span> <span class='ocrx_word' id='word_1_329' title='bbox 1096 2993 1205 3031; x_wconf 91' lang='lat' dir='ltr'>non</span> <span class='ocrx_word' id='word_1_330' title='bbox 1238 2975 1559 3030; x_wconf 81' lang='lat' dir='ltr'>nesciebant</span> <span class='ocrx_word' id='word_1_331' title='bbox 1587 2992 1708 3029; x_wconf 85' lang='lat' dir='ltr'>esse</span> <span class='ocrx_word' id='word_1_332' title='bbox 1739 2975 1925 3029; x_wconf 89' lang='lat' dir='ltr'>muni-</span> 
     </span>
    </p>
   </div>
   <div class='ocr_carea' id='block_1_47' title="bbox 323 3064 1928 3141">
    <p class='ocr_par' dir='ltr' id='par_1_47' title="bbox 323 3064 1928 3141">
     <span class='ocr_line' id='line_1_47' title="bbox 323 3064 1928 3141; baseline -0.002 -20"><span class='ocrx_word' id='word_1_333' title='bbox 323 3068 516 3128; x_wconf 80' lang='lat' dir='ltr'>ﬁrum.</span> <span class='ocrx_word' id='word_1_334' title='bbox 546 3084 611 3121; x_wconf 86' lang='lat' dir='ltr'>ac</span> <span class='ocrx_word' id='word_1_335' title='bbox 641 3066 907 3141; x_wconf 91' lang='lat' dir='ltr'>quidquid</span> <span class='ocrx_word' id='word_1_336' title='bbox 933 3067 1149 3136; x_wconf 89' lang='lat' dir='ltr'>uspiam</span> <span class='ocrx_word' id='word_1_337' title='bbox 1179 3065 1425 3137; x_wconf 88' lang='lat' dir='ltr'>reperire</span> <span class='ocrx_word' id='word_1_338' title='bbox 1454 3071 1690 3136; x_wconf 89' lang='lat' dir='ltr'>poterat,</span> <span class='ocrx_word' id='word_1_339' title='bbox 1714 3064 1770 3118; x_wconf 91' lang='lat' dir='ltr'>in</span> <span class='ocrx_word' id='word_1_340' title='bbox 1793 3071 1928 3118; x_wconf 91' lang='lat' dir='ltr'>us&#39;us</span> 
     </span>
    </p>
   </div>
   <div class='ocr_carea' id='block_1_48' title="bbox 324 3155 1981 3226">
    <p class='ocr_par' dir='ltr' id='par_1_48' title="bbox 324 3155 1981 3226">
     <span class='ocr_line' id='line_1_48' title="bbox 324 3155 1981 3226; baseline -0.002 -16"><span class='ocrx_word' id='word_1_341' title='bbox 324 3173 459 3211; x_wconf 91' lang='lat' dir='ltr'>eum</span> <span class='ocrx_word' id='word_1_342' title='bbox 503 3156 804 3210; x_wconf 86' lang='lat' dir='ltr'>audierant</span> <span class='ocrx_word' id='word_1_343' title='bbox 843 3157 1158 3226; x_wconf 71' lang='lat' dir='ltr'>rXpen-lere</span> <span class='ocrx_word' id='word_1_344' title='bbox 1203 3157 1554 3210; x_wconf 90' lang='lat' dir='ltr'>miserorum.</span> <span class='ocrx_word' id='word_1_345' title='bbox 1604 3155 1859 3225; x_wconf 90' lang='lat' dir='ltr'>Cumque</span> <span class='ocrx_word' id='word_1_346' title='bbox 1897 3168 1927 3206; x_wconf 90' lang='lat' dir='ltr'>a</span> <span class='ocrx_word' id='word_1_347' title='bbox 1972 3192 1981 3201; x_wconf 88' lang='lat'>.</span> 
     </span>
    </p>
   </div>
   <div class='ocr_carea' id='block_1_49' title="bbox 2008 1902 3604 1982">
    <p class='ocr_par' dir='ltr' id='par_1_49' title="bbox 2008 1902 3604 1982">
     <span class='ocr_line' id='line_1_49' title="bbox 2008 1902 3604 1982; baseline -0.007 -18"><span class='ocrx_word' id='word_1_348' title='bbox 2008 1910 2142 1964; x_wconf 85' lang='lat' dir='ltr'>ferri</span> <span class='ocrx_word' id='word_1_349' title='bbox 2167 1909 2442 1982; x_wconf 86' lang='lat' dir='ltr'>liquescit.</span> <span class='ocrx_word' id='word_1_350' title='bbox 2471 1911 2721 1980; x_wconf 80' lang='lat' dir='ltr'>Apparet</span> <span class='ocrx_word' id='word_1_351' title='bbox 2747 1907 3006 1978; x_wconf 89' lang='lat' dir='ltr'>equidem</span> <span class='ocrx_word' id='word_1_352' title='bbox 3032 1906 3215 1976; x_wconf 88' lang='lat' dir='ltr'>ﬁgura</span> <span class='ocrx_word' id='word_1_353' title='bbox 3236 1904 3440 1974; x_wconf 72' lang='lat' dir='ltr'>plantae</span> <span class='ocrx_word' id='word_1_354' title='bbox 3460 1902 3604 1971; x_wconf 89' lang='lat' dir='ltr'>ejus,</span> 
     </span>
    </p>
   </div>
   <div class='ocr_carea' id='block_1_50' title="bbox 2007 1990 3608 2066">
    <p class='ocr_par' dir='ltr' id='par_1_50' title="bbox 2007 1990 3608 2066">
     <span class='ocr_line' id='line_1_50' title="bbox 2007 1990 3608 2066; baseline -0.007 -13"><span class='ocrx_word' id='word_1_355' title='bbox 2007 2000 2066 2054; x_wconf 92' lang='lat' dir='ltr'>in</span> <span class='ocrx_word' id='word_1_356' title='bbox 2095 2000 2291 2054; x_wconf 88' lang='lat' dir='ltr'>eadem</span> <span class='ocrx_word' id='word_1_357' title='bbox 2328 2005 2492 2053; x_wconf 86' lang='lat' dir='ltr'>caute</span> <span class='ocrx_word' id='word_1_358' title='bbox 2529 1998 2669 2052; x_wconf 84' lang='lat' dir='ltr'>adeo</span> <span class='ocrx_word' id='word_1_359' title='bbox 2703 1996 2981 2051; x_wconf 85' lang='lat' dir='ltr'>subtiliter</span> <span class='ocrx_word' id='word_1_360' title='bbox 3001 2009 3281 2066; x_wconf 83' lang='lat' dir='ltr'>expressa.</span> <span class='ocrx_word' id='word_1_361' title='bbox 3308 2000 3370 2046; x_wconf 92' lang='lat' dir='ltr'>ut</span> <span class='ocrx_word' id='word_1_362' title='bbox 3398 2008 3432 2044; x_wconf 89' lang='lat' dir='ltr'>a</span> <span class='ocrx_word' id='word_1_363' title='bbox 3451 1990 3608 2043; x_wconf 86' lang='lat' dir='ltr'>nullo</span> 
     </span>
    </p>
   </div>
   <div class='ocr_carea' id='block_1_51' title="bbox 2008 2081 3602 2159">
    <p class='ocr_par' dir='ltr' id='par_1_51' title="bbox 2008 2081 3602 2159">
     <span class='ocr_line' id='line_1_51' title="bbox 2008 2081 3602 2159; baseline -0.004 -17"><span class='ocrx_word' id='word_1_364' title='bbox 2008 2089 2286 2143; x_wconf 89' lang='lat' dir='ltr'>artiﬁcum</span> <span class='ocrx_word' id='word_1_365' title='bbox 2326 2087 2643 2159; x_wconf 86' lang='lat' dir='ltr'>expressius</span> <span class='ocrx_word' id='word_1_366' title='bbox 2687 2086 2932 2156; x_wconf 85' lang='lat' dir='ltr'>exsculpi</span> <span class='ocrx_word' id='word_1_367' title='bbox 2983 2090 3082 2138; x_wconf 88' lang='lat' dir='ltr'>aut</span> <span class='ocrx_word' id='word_1_368' title='bbox 3138 2081 3350 2152; x_wconf 85' lang='lat' dir='ltr'>signari</span> <span class='ocrx_word' id='word_1_369' title='bbox 3395 2083 3602 2152; x_wconf 84' lang='lat' dir='ltr'>posset.</span> 
     </span>
    </p>
   </div>
   <div class='ocr_carea' id='block_1_52' title="bbox 2006 2172 3612 2242">
    <p class='ocr_par' dir='ltr' id='par_1_52' title="bbox 2006 2172 3612 2242">
     <span class='ocr_line' id='line_1_52' title="bbox 2006 2172 3612 2242; baseline -0.007 -11"><span class='ocrx_word' id='word_1_370' title='bbox 2006 2177 2095 2231; x_wconf 89' lang='lat' dir='ltr'>Ita</span> <span class='ocrx_word' id='word_1_371' title='bbox 2116 2177 2475 2231; x_wconf 88' lang='lat' dir='ltr'>contentione</span> <span class='ocrx_word' id='word_1_372' title='bbox 2503 2176 2719 2241; x_wconf 85' lang='lat' dir='ltr'>sedata,</span> <span class='ocrx_word' id='word_1_373' title='bbox 2752 2175 3075 2237; x_wconf 88' lang='lat' dir='ltr'>Dominum,</span> <span class='ocrx_word' id='word_1_374' title='bbox 3109 2172 3202 2242; x_wconf 91' lang='lat' dir='ltr'>qui</span> <span class='ocrx_word' id='word_1_375' title='bbox 3236 2185 3440 2239; x_wconf 88' lang='lat' dir='ltr'>magna</span> <span class='ocrx_word' id='word_1_376' title='bbox 3473 2184 3612 2239; x_wconf 91' lang='lat' dir='ltr'>ope-</span> 
     </span>
    </p>
   </div>
   <div class='ocr_carea' id='block_1_53' title="bbox 2006 2257 3605 2334">
    <p class='ocr_par' dir='ltr' id='par_1_53' title="bbox 2006 2257 3605 2334">
     <span class='ocr_line' id='line_1_53' title="bbox 2006 2257 3605 2334; baseline -0.008 -14"><span class='ocrx_word' id='word_1_377' title='bbox 2006 2274 2167 2320; x_wconf 88' lang='lat' dir='ltr'>ratur</span> <span class='ocrx_word' id='word_1_378' title='bbox 2205 2266 2262 2319; x_wconf 94' lang='lat' dir='ltr'>in</span> <span class='ocrx_word' id='word_1_379' title='bbox 2308 2265 2571 2324; x_wconf 88' lang='lat' dir='ltr'>minimis.</span> <span class='ocrx_word' id='word_1_380' title='bbox 2615 2264 3016 2334; x_wconf 86' lang='lat' dir='ltr'>gloriﬁcantes,</span> <span class='ocrx_word' id='word_1_381' title='bbox 3059 2260 3350 2315; x_wconf 88' lang='lat' dir='ltr'>redierunt</span> <span class='ocrx_word' id='word_1_382' title='bbox 3388 2257 3446 2310; x_wconf 88' lang='lat' dir='ltr'>in</span> <span class='ocrx_word' id='word_1_383' title='bbox 3482 2272 3605 2310; x_wconf 91' lang='lat' dir='ltr'>sua.</span> 
     </span>
    </p>
   </div>
   <div class='ocr_carea' id='block_1_54' title="bbox 2008 2347 3610 2428">
    <p class='ocr_par' dir='ltr' id='par_1_54' title="bbox 2008 2347 3610 2428">
     <span class='ocr_line' id='line_1_54' title="bbox 2008 2347 3610 2428; baseline -0.008 -16"><span class='ocrx_word' id='word_1_384' title='bbox 2008 2359 2201 2412; x_wconf 86' lang='lat' dir='ltr'>Exstat</span> <span class='ocrx_word' id='word_1_385' title='bbox 2227 2374 2406 2428; x_wconf 91' lang='lat' dir='ltr'>usque</span> <span class='ocrx_word' id='word_1_386' title='bbox 2445 2356 2501 2410; x_wconf 93' lang='lat' dir='ltr'>in</span> <span class='ocrx_word' id='word_1_387' title='bbox 2534 2355 2868 2409; x_wconf 62' lang='lat' dir='ltr'>hodiernum</span> <span class='ocrx_word' id='word_1_388' title='bbox 2919 2352 3067 2406; x_wconf 84' lang='lat' dir='ltr'>diem</span> <span class='ocrx_word' id='word_1_389' title='bbox 3119 2366 3288 2421; x_wconf 90' lang='lat' dir='ltr'>penes</span> <span class='ocrx_word' id='word_1_390' title='bbox 3322 2364 3426 2402; x_wconf 89' lang='lat' dir='ltr'>nos</span> <span class='ocrx_word' id='word_1_391' title='bbox 3457 2347 3610 2400; x_wconf 90' lang='lat' dir='ltr'>idem</span> 
     </span>
    </p>
   </div>
   <div class='ocr_carea' id='block_1_55' title="bbox 2005 2436 3612 2518">
    <p class='ocr_par' dir='ltr' id='par_1_55' title="bbox 2005 2436 3612 2518">
     <span class='ocr_line' id='line_1_55' title="bbox 2005 2436 3612 2518; baseline -0.008 -17"><span class='ocrx_word' id='word_1_392' title='bbox 2005 2448 2168 2518; x_wconf 88' lang='lat' dir='ltr'>lapis.</span> <span class='ocrx_word' id='word_1_393' title='bbox 2189 2463 2515 2518; x_wconf 73' lang='lat' dir='ltr'>magnaeque</span> <span class='ocrx_word' id='word_1_394' title='bbox 2546 2445 2693 2515; x_wconf 88' lang='lat' dir='ltr'>apud</span> <span class='ocrx_word' id='word_1_395' title='bbox 2724 2461 2817 2497; x_wconf 90' lang='lat' dir='ltr'>eos</span> <span class='ocrx_word' id='word_1_396' title='bbox 2840 2441 3043 2513; x_wconf 89' lang='lat' dir='ltr'>quibus</span> <span class='ocrx_word' id='word_1_397' title='bbox 3079 2448 3161 2494; x_wconf 89' lang='lat' dir='ltr'>est</span> <span class='ocrx_word' id='word_1_398' title='bbox 3195 2440 3481 2509; x_wconf 88' lang='lat' dir='ltr'>cognitum</span> <span class='ocrx_word' id='word_1_399' title='bbox 3513 2436 3612 2489; x_wconf 88' lang='lat' dir='ltr'>ha-</span> 
     </span>
    </p>
   </div>
   <div class='ocr_carea' id='block_1_56' title="bbox 2007 2526 3612 2601">
    <p class='ocr_par' dir='ltr' id='par_1_56' title="bbox 2007 2526 3612 2601">
     <span class='ocr_line' id='line_1_56' title="bbox 2007 2526 3612 2601; baseline -0.008 -11"><span class='ocrx_word' id='word_1_400' title='bbox 2007 2538 2171 2591; x_wconf 88' lang='lat' dir='ltr'>betur</span> <span class='ocrx_word' id='word_1_401' title='bbox 2199 2536 2596 2591; x_wconf 78' lang='lat' dir='ltr'>venerationis.</span> <span class='ocrx_word' id='word_1_402' title='bbox 2644 2534 2772 2587; x_wconf 67' lang='lat' dir='ltr'>llaec</span> <span class='ocrx_word' id='word_1_403' title='bbox 2804 2533 2934 2590; x_wconf 84' lang='lat' dir='ltr'>duo.</span> <span class='ocrx_word' id='word_1_404' title='bbox 2970 2548 3092 2601; x_wconf 59' lang='lat' dir='ltr'>qua</span> <span class='ocrx_word' id='word_1_405' title='bbox 3130 2530 3186 2583; x_wconf 94' lang='lat' dir='ltr'>in</span> <span class='ocrx_word' id='word_1_406' title='bbox 3220 2527 3460 2599; x_wconf 85' lang='lat' dir='ltr'>pueritia</span> <span class='ocrx_word' id='word_1_407' title='bbox 3489 2526 3612 2595; x_wconf 85' lang='lat' dir='ltr'>ejus</span> 
     </span>
    </p>
   </div>
   <div class='ocr_carea' id='block_1_57' title="bbox 2006 2617 3611 2693">
    <p class='ocr_par' dir='ltr' id='par_1_57' title="bbox 2006 2617 3611 2693">
     <span class='ocr_line' id='line_1_57' title="bbox 2006 2617 3611 2693; baseline -0.008 -13"><span class='ocrx_word' id='word_1_408' title='bbox 2006 2636 2134 2680; x_wconf 89' lang='lat' dir='ltr'>acta</span> <span class='ocrx_word' id='word_1_409' title='bbox 2173 2625 2551 2693; x_wconf 79' lang='lat' dir='ltr'>cognovimus.</span> <span class='ocrx_word' id='word_1_410' title='bbox 2593 2623 2797 2675; x_wconf 79' lang='lat' dir='ltr'>dixisse</span> <span class='ocrx_word' id='word_1_411' title='bbox 2848 2619 3091 2673; x_wconf 80' lang='lat' dir='ltr'>sufﬁciat</span> <span class='ocrx_word' id='word_1_412' title='bbox 3128 2637 3138 2670; x_wconf 90' lang='lat'><strong>:</strong></span> <span class='ocrx_word' id='word_1_413' title='bbox 3189 2617 3390 2671; x_wconf 89' lang='lat' dir='ltr'>amodo</span> <span class='ocrx_word' id='word_1_414' title='bbox 3420 2622 3611 2668; x_wconf 91' lang='lat' dir='ltr'>autem</span> 
     </span>
    </p>
   </div>
   <div class='ocr_carea' id='block_1_58' title="bbox 2009 2704 3613 2785">
    <p class='ocr_par' dir='ltr' id='par_1_58' title="bbox 2009 2704 3613 2785">
     <span class='ocr_line' id='line_1_58' title="bbox 2009 2704 3613 2785; baseline -0.009 -16"><span class='ocrx_word' id='word_1_415' title='bbox 2009 2716 2080 2769; x_wconf 88' lang='lat' dir='ltr'>ad</span> <span class='ocrx_word' id='word_1_416' title='bbox 2109 2732 2307 2785; x_wconf 77' lang='lat' dir='ltr'>eaquae</span> <span class='ocrx_word' id='word_1_417' title='bbox 2332 2715 2388 2767; x_wconf 89' lang='lat' dir='ltr'>in</span> <span class='ocrx_word' id='word_1_418' title='bbox 2409 2712 2699 2766; x_wconf 84' lang='lat' dir='ltr'>maturiori</span> <span class='ocrx_word' id='word_1_419' title='bbox 2728 2712 2848 2780; x_wconf 88' lang='lat' dir='ltr'>ejus</span> <span class='ocrx_word' id='word_1_420' title='bbox 2882 2716 3045 2762; x_wconf 70' lang='lat' dir='ltr'>zetate</span> <span class='ocrx_word' id='word_1_421' title='bbox 3078 2724 3177 2778; x_wconf 88' lang='lat' dir='ltr'>per</span> <span class='ocrx_word' id='word_1_422' title='bbox 3196 2724 3321 2759; x_wconf 89' lang='lat' dir='ltr'>eum</span> <span class='ocrx_word' id='word_1_423' title='bbox 3342 2704 3613 2758; x_wconf 89' lang='lat' dir='ltr'>Dominus</span> 
     </span>
    </p>
   </div>
   <div class='ocr_carea' id='block_1_59' title="bbox 2008 2793 3614 2875">
    <p class='ocr_par' dir='ltr' id='par_1_59' title="bbox 2008 2793 3614 2875">
     <span class='ocr_line' id='line_1_59' title="bbox 2008 2793 3614 2875; baseline -0.009 -17"><span class='ocrx_word' id='word_1_424' title='bbox 2008 2811 2273 2875; x_wconf 86' lang='lat' dir='ltr'>operatus</span> <span class='ocrx_word' id='word_1_425' title='bbox 2293 2809 2397 2858; x_wconf 86' lang='lat' dir='ltr'>est.</span> <span class='ocrx_word' id='word_1_426' title='bbox 2428 2802 2538 2855; x_wconf 90' lang='lat' dir='ltr'>Deo</span> <span class='ocrx_word' id='word_1_427' title='bbox 2573 2800 2692 2872; x_wconf 89' lang='lat' dir='ltr'>ipso</span> <span class='ocrx_word' id='word_1_428' title='bbox 2721 2805 3026 2863; x_wconf 87' lang='lat' dir='ltr'>annuente,</span> <span class='ocrx_word' id='word_1_429' title='bbox 3051 2802 3171 2850; x_wconf 85' lang='lat' dir='ltr'>tota</span> <span class='ocrx_word' id='word_1_430' title='bbox 3202 2793 3404 2848; x_wconf 88' lang='lat' dir='ltr'>mentis</span> <span class='ocrx_word' id='word_1_431' title='bbox 3434 2793 3614 2846; x_wconf 91' lang='lat' dir='ltr'>inten-</span> 
     </span>
    </p>
   </div>
   <div class='ocr_carea' id='block_1_60' title="bbox 2007 2890 2541 2960">
    <p class='ocr_par' dir='ltr' id='par_1_60' title="bbox 2007 2890 2541 2960">
     <span class='ocr_line' id='line_1_60' title="bbox 2007 2890 2541 2960; baseline -0.009 -12"><span class='ocrx_word' id='word_1_432' title='bbox 2007 2893 2085 2948; x_wconf 90' lang='lat' dir='ltr'>tio</span> <span class='ocrx_word' id='word_1_433' title='bbox 2116 2902 2201 2947; x_wconf 89' lang='lat' dir='ltr'>est</span> <span class='ocrx_word' id='word_1_434' title='bbox 2228 2890 2541 2960; x_wconf 89' lang='lat' dir='ltr'>dirigenda.</span> 
     </span>
    </p>
   </div>
   <div class='ocr_carea' id='block_1_61' title="bbox 2078 2968 3614 3051">
    <p class='ocr_par' dir='ltr' id='par_1_61' title="bbox 2078 2968 3614 3051">
     <span class='ocr_line' id='line_1_61' title="bbox 2078 2968 3614 3051; baseline -0.01 -14"><span class='ocrx_word' id='word_1_435' title='bbox 2078 2983 2129 3037; x_wconf 87' lang='lat'>8.</span> <span class='ocrx_word' id='word_1_436' title='bbox 2164 2980 2543 3051; x_wconf 83' lang='lat' dir='ltr'>Respicientes</span> <span class='ocrx_word' id='word_1_437' title='bbox 2571 2983 2760 3033; x_wconf 87' lang='lat' dir='ltr'>autem</span> <span class='ocrx_word' id='word_1_438' title='bbox 2800 2975 2929 3031; x_wconf 91' lang='lat' dir='ltr'>boni</span> <span class='ocrx_word' id='word_1_439' title='bbox 2959 2980 3221 3048; x_wconf 88' lang='lat' dir='ltr'>parentes</span> <span class='ocrx_word' id='word_1_440' title='bbox 3251 2972 3409 3033; x_wconf 64' lang='lat' dir='ltr'>bona:</span> <span class='ocrx_word' id='word_1_441' title='bbox 3439 2968 3614 3029; x_wconf 89' lang='lat' dir='ltr'>sobo—</span> 
     </span>
    </p>
   </div>
   <div class='ocr_carea' id='block_1_62' title="bbox 2007 3063 3616 3132">
    <p class='ocr_par' dir='ltr' id='par_1_62' title="bbox 2007 3063 3616 3132">
     <span class='ocr_line' id='line_1_62' title="bbox 2007 3063 3616 3132; baseline -0.009 -6"><span class='ocrx_word' id='word_1_442' title='bbox 2007 3072 2078 3126; x_wconf 92' lang='lat' dir='ltr'>lis</span> <span class='ocrx_word' id='word_1_443' title='bbox 2107 3087 2222 3125; x_wconf 67' lang='lat' dir='ltr'>suze</span> <span class='ocrx_word' id='word_1_444' title='bbox 2249 3069 2546 3123; x_wconf 82' lang='lat' dir='ltr'>benevolen</span> <span class='ocrx_word' id='word_1_445' title='bbox 2577 3070 2784 3129; x_wconf 85' lang='lat' dir='ltr'>iam,et</span> <span class='ocrx_word' id='word_1_446' title='bbox 2806 3066 2860 3119; x_wconf 93' lang='lat' dir='ltr'>in</span> <span class='ocrx_word' id='word_1_447' title='bbox 2892 3065 3120 3120; x_wconf 89' lang='lat' dir='ltr'>servitio</span> <span class='ocrx_word' id='word_1_448' title='bbox 3153 3063 3249 3117; x_wconf 90' lang='lat' dir='ltr'>Dei</span> <span class='ocrx_word' id='word_1_449' title='bbox 3281 3063 3404 3132; x_wconf 88' lang='lat' dir='ltr'>ejus</span> <span class='ocrx_word' id='word_1_450' title='bbox 3432 3067 3616 3113; x_wconf 83' lang='lat' dir='ltr'>atten-</span> 
     </span>
    </p>
   </div>
   <div class='ocr_carea' id='block_1_63' title="bbox 2011 3152 3615 3228">
    <p class='ocr_par' dir='ltr' id='par_1_63' title="bbox 2011 3152 3615 3228">
     <span class='ocr_line' id='line_1_63' title="bbox 2011 3152 3615 3228; baseline -0.007 -13"><span class='ocrx_word' id='word_1_451' title='bbox 2011 3163 2208 3216; x_wconf 85' lang='lat' dir='ltr'>dentes</span> <span class='ocrx_word' id='word_1_452' title='bbox 2238 3158 2593 3215; x_wconf 86' lang='lat' dir='ltr'>industriam.</span> <span class='ocrx_word' id='word_1_453' title='bbox 2627 3157 2888 3228; x_wconf 87' lang='lat' dir='ltr'>episcopo</span> <span class='ocrx_word' id='word_1_454' title='bbox 2929 3172 3054 3208; x_wconf 89' lang='lat' dir='ltr'>eum</span> <span class='ocrx_word' id='word_1_455' title='bbox 3099 3152 3195 3227; x_wconf 88' lang='lat' dir='ltr'>qui</span> <span class='ocrx_word' id='word_1_456' title='bbox 3237 3160 3371 3206; x_wconf 88' lang='lat' dir='ltr'>tunc</span> <span class='ocrx_word' id='word_1_457' title='bbox 3400 3158 3615 3221; x_wconf 89' lang='lat' dir='ltr'>tempo-</span> 
     </span>
    </p>
   </div>
   <div class='ocr_carea' id='block_1_64' title="bbox 323 3228 3615 3320">
    <p class='ocr_par' dir='ltr' id='par_1_64' title="bbox 323 3228 3615 3320">
     <span class='ocr_line' id='line_1_64' title="bbox 323 3228 3615 3320; baseline -0.005 -11"><span class='ocrx_word' id='word_1_458' title='bbox 323 3246 554 3309; x_wconf 79' lang='lat' dir='ltr'>famulis</span> <span class='ocrx_word' id='word_1_459' title='bbox 602 3261 669 3299; x_wconf 80' lang='lat' dir='ltr'>ea</span> <span class='ocrx_word' id='word_1_460' title='bbox 723 3245 792 3299; x_wconf 85' lang='lat' dir='ltr'>de</span> <span class='ocrx_word' id='word_1_461' title='bbox 842 3261 1012 3299; x_wconf 81' lang='lat' dir='ltr'>causa</span> <span class='ocrx_word' id='word_1_462' title='bbox 1060 3250 1117 3299; x_wconf 87' lang='lat' dir='ltr'>et</span> <span class='ocrx_word' id='word_1_463' title='bbox 1163 3244 1420 3315; x_wconf 77' lang='lat' dir='ltr'>privatim</span> <span class='ocrx_word' id='word_1_464' title='bbox 1471 3250 1525 3298; x_wconf 83' lang='lat' dir='ltr'>et</span> <span class='ocrx_word' id='word_1_465' title='bbox 1576 3243 1793 3315; x_wconf 61' lang='lat' dir='ltr'>publica</span> <span class='ocrx_word' id='word_1_466' title='bbox 1837 3228 2088 3305; x_wconf 74' lang='lat' dir='ltr'>ar-Cris</span> <span class='ocrx_word' id='word_1_467' title='bbox 2137 3247 2561 3303; x_wconf 83' lang='lat' dir='ltr'>Viromandensi</span> <span class='ocrx_word' id='word_1_468' title='bbox 2605 3252 2845 3320; x_wconf 74' lang='lat' dir='ltr'>prmerat</span> <span class='ocrx_word' id='word_1_469' title='bbox 2889 3242 3142 3297; x_wconf 58' lang='lat' dir='ltr'>Ecclesia:</span> <span class='ocrx_word' id='word_1_470' title='bbox 3194 3240 3615 3295; x_wconf 87' lang='lat' dir='ltr'>commendave-</span> 
     </span>
    </p>
   </div>
   <div class='ocr_carea' id='block_1_65' title="bbox 320 3331 1931 3407">
    <p class='ocr_par' dir='ltr' id='par_1_65' title="bbox 320 3331 1931 3407">
     <span class='ocr_line' id='line_1_65' title="bbox 320 3331 1931 3407; baseline -0.002 -18"><span class='ocrx_word' id='word_1_471' title='bbox 320 3342 614 3407; x_wconf 82' lang='lat' dir='ltr'>gueretur,</span> <span class='ocrx_word' id='word_1_472' title='bbox 647 3334 985 3405; x_wconf 85' lang='lat' dir='ltr'>appropians</span> <span class='ocrx_word' id='word_1_473' title='bbox 1026 3333 1170 3405; x_wconf 90' lang='lat' dir='ltr'>patri</span> <span class='ocrx_word' id='word_1_474' title='bbox 1216 3350 1334 3387; x_wconf 90' lang='lat' dir='ltr'>rem</span> <span class='ocrx_word' id='word_1_475' title='bbox 1366 3333 1562 3387; x_wconf 86' lang='lat' dir='ltr'>ordine</span> <span class='ocrx_word' id='word_1_476' title='bbox 1593 3332 1804 3403; x_wconf 88' lang='lat' dir='ltr'>pandit.</span> <span class='ocrx_word' id='word_1_477' title='bbox 1826 3331 1931 3385; x_wconf 85' lang='lat' dir='ltr'>Mi-</span> 
     </span>
    </p>
   </div>
   <div class='ocr_carea' id='block_1_66' title="bbox 323 3415 1925 3495">
    <p class='ocr_par' dir='ltr' id='par_1_66' title="bbox 323 3415 1925 3495">
     <span class='ocr_line' id='line_1_66' title="bbox 323 3415 1925 3495; baseline -0.003 -17"><span class='ocrx_word' id='word_1_478' title='bbox 323 3431 489 3479; x_wconf 84' lang='lat' dir='ltr'>ratur</span> <span class='ocrx_word' id='word_1_479' title='bbox 525 3430 687 3494; x_wconf 90' lang='lat' dir='ltr'>pater</span> <span class='ocrx_word' id='word_1_480' title='bbox 723 3415 1216 3477; x_wconf 78' lang='lat' dir='ltr'>rleinentissimam</span> <span class='ocrx_word' id='word_1_481' title='bbox 1268 3421 1757 3495; x_wconf 88' lang='lat' dir='ltr'>compunctionem</span> <span class='ocrx_word' id='word_1_482' title='bbox 1792 3420 1925 3487; x_wconf 88' lang='lat' dir='ltr'>ﬁlii;</span> 
     </span>
    </p>
   </div>
   <div class='ocr_carea' id='block_1_67' title="bbox 324 3510 1927 3582">
    <p class='ocr_par' dir='ltr' id='par_1_67' title="bbox 324 3510 1927 3582">
     <span class='ocr_line' id='line_1_67' title="bbox 324 3510 1927 3582; baseline -0.004 -14"><span class='ocrx_word' id='word_1_483' title='bbox 324 3522 384 3568; x_wconf 86' lang='lat' dir='ltr'>et</span> <span class='ocrx_word' id='word_1_484' title='bbox 408 3514 540 3567; x_wconf 90' lang='lat' dir='ltr'>licet</span> <span class='ocrx_word' id='word_1_485' title='bbox 568 3512 757 3567; x_wconf 87' lang='lat' dir='ltr'>damni</span> <span class='ocrx_word' id='word_1_486' title='bbox 790 3512 1200 3582; x_wconf 88' lang='lat' dir='ltr'>aliquantulum</span> <span class='ocrx_word' id='word_1_487' title='bbox 1249 3510 1354 3564; x_wconf 92' lang='lat' dir='ltr'>sibi</span> <span class='ocrx_word' id='word_1_488' title='bbox 1392 3527 1502 3564; x_wconf 88' lang='lat' dir='ltr'>non</span> <span class='ocrx_word' id='word_1_489' title='bbox 1555 3510 1795 3564; x_wconf 90' lang='lat' dir='ltr'>nesciret</span> <span class='ocrx_word' id='word_1_490' title='bbox 1821 3510 1927 3562; x_wconf 90' lang='lat' dir='ltr'>im-</span> 
     </span>
    </p>
   </div>
   <div class='ocr_carea' id='block_1_68' title="bbox 324 3598 1930 3671">
    <p class='ocr_par' dir='ltr' id='par_1_68' title="bbox 324 3598 1930 3671">
     <span class='ocr_line' id='line_1_68' title="bbox 324 3598 1930 3671; baseline -0.002 -15"><span class='ocrx_word' id='word_1_491' title='bbox 324 3603 562 3663; x_wconf 83' lang='lat' dir='ltr'>minere,</span> <span class='ocrx_word' id='word_1_492' title='bbox 595 3602 897 3655; x_wconf 87' lang='lat' dir='ltr'>admodum</span> <span class='ocrx_word' id='word_1_493' title='bbox 930 3610 1121 3654; x_wconf 88' lang='lat' dir='ltr'>tamen</span> <span class='ocrx_word' id='word_1_494' title='bbox 1153 3617 1323 3671; x_wconf 87' lang='lat' dir='ltr'>super</span> <span class='ocrx_word' id='word_1_495' title='bbox 1363 3599 1610 3654; x_wconf 89' lang='lat' dir='ltr'>benevoli</span> <span class='ocrx_word' id='word_1_496' title='bbox 1643 3600 1798 3671; x_wconf 90' lang='lat' dir='ltr'>pueri</span> <span class='ocrx_word' id='word_1_497' title='bbox 1831 3598 1930 3653; x_wconf 90' lang='lat' dir='ltr'>be-</span> 
     </span>
    </p>
   </div>
   <div class='ocr_carea' id='block_1_69' title="bbox 323 3689 1929 3761">
    <p class='ocr_par' dir='ltr' id='par_1_69' title="bbox 323 3689 1929 3761">
     <span class='ocr_line' id='line_1_69' title="bbox 323 3689 1929 3761; baseline -0.004 -14"><span class='ocrx_word' id='word_1_498' title='bbox 323 3692 526 3746; x_wconf 86' lang='lat' dir='ltr'>nevola</span> <span class='ocrx_word' id='word_1_499' title='bbox 582 3691 1007 3761; x_wconf 79' lang='lat' dir='ltr'>congratulatus</span> <span class='ocrx_word' id='word_1_500' title='bbox 1074 3698 1158 3743; x_wconf 90' lang='lat' dir='ltr'>est</span> <span class='ocrx_word' id='word_1_501' title='bbox 1221 3692 1623 3760; x_wconf 84' lang='lat' dir='ltr'>compassione.</span> <span class='ocrx_word' id='word_1_502' title='bbox 1686 3689 1929 3742; x_wconf 85' lang='lat' dir='ltr'>Tantum</span> 
     </span>
    </p>
   </div>
   <div class='ocr_carea' id='block_1_70' title="bbox 325 3776 1932 3850">
    <p class='ocr_par' dir='ltr' id='par_1_70' title="bbox 325 3776 1932 3850">
     <span class='ocr_line' id='line_1_70' title="bbox 325 3776 1932 3850; baseline -0.002 -15"><span class='ocrx_word' id='word_1_503' title='bbox 325 3781 501 3850; x_wconf 75' lang='lat' dir='ltr'>hujUs</span> <span class='ocrx_word' id='word_1_504' title='bbox 538 3779 698 3850; x_wconf 88' lang='lat' dir='ltr'>pueri</span> <span class='ocrx_word' id='word_1_505' title='bbox 741 3779 1010 3832; x_wconf 89' lang='lat' dir='ltr'>Dominus</span> <span class='ocrx_word' id='word_1_506' title='bbox 1037 3778 1096 3833; x_wconf 89' lang='lat' dir='ltr'>in</span> <span class='ocrx_word' id='word_1_507' title='bbox 1126 3795 1226 3832; x_wconf 88' lang='lat' dir='ltr'>sua</span> <span class='ocrx_word' id='word_1_508' title='bbox 1270 3778 1613 3849; x_wconf 83' lang='lat' dir='ltr'>prospiciens</span> <span class='ocrx_word' id='word_1_509' title='bbox 1646 3776 1932 3831; x_wconf 73' lang='lat' dir='ltr'>voluntate</span> 
     </span>
    </p>
   </div>
   <div class='ocr_carea' id='block_1_71' title="bbox 325 3866 1933 3939">
    <p class='ocr_par' dir='ltr' id='par_1_71' title="bbox 325 3866 1933 3939">
     <span class='ocr_line' id='line_1_71' title="bbox 325 3866 1933 3939; baseline -0.002 -17"><span class='ocrx_word' id='word_1_510' title='bbox 325 3869 687 3929; x_wconf 81' lang='lat' dir='ltr'>famulatum,</span> <span class='ocrx_word' id='word_1_511' title='bbox 722 3868 843 3939; x_wconf 86' lang='lat' dir='ltr'>ipso</span> <span class='ocrx_word' id='word_1_512' title='bbox 891 3867 1084 3922; x_wconf 88' lang='lat' dir='ltr'>eodem</span> <span class='ocrx_word' id='word_1_513' title='bbox 1137 3875 1420 3921; x_wconf 89' lang='lat' dir='ltr'>momento</span> <span class='ocrx_word' id='word_1_514' title='bbox 1453 3884 1715 3936; x_wconf 87' lang='lat' dir='ltr'>magnum</span> <span class='ocrx_word' id='word_1_515' title='bbox 1748 3866 1933 3920; x_wconf 90' lang='lat' dir='ltr'>subito</span> 
     </span>
    </p>
   </div>
   <div class='ocr_carea' id='block_1_72' title="bbox 325 3956 1935 4029">
    <p class='ocr_par' dir='ltr' id='par_1_72' title="bbox 325 3956 1935 4029">
     <span class='ocr_line' id='line_1_72' title="bbox 325 3956 1935 4029; baseline -0.002 -17"><span class='ocrx_word' id='word_1_516' title='bbox 325 3959 595 4029; x_wconf 87' lang='lat' dir='ltr'>dignatus</span> <span class='ocrx_word' id='word_1_517' title='bbox 626 3963 711 4011; x_wconf 89' lang='lat' dir='ltr'>est</span> <span class='ocrx_word' id='word_1_518' title='bbox 730 3956 1024 4011; x_wconf 84' lang='lat' dir='ltr'>ostendere</span> <span class='ocrx_word' id='word_1_519' title='bbox 1050 3956 1402 4009; x_wconf 89' lang='lat' dir='ltr'>miraculum.</span> <span class='ocrx_word' id='word_1_520' title='bbox 1426 3957 1565 4010; x_wconf 87' lang='lat' dir='ltr'>Nam</span> <span class='ocrx_word' id='word_1_521' title='bbox 1591 3973 1716 4009; x_wconf 86' lang='lat' dir='ltr'>cum</span> <span class='ocrx_word' id='word_1_522' title='bbox 1750 3956 1935 4009; x_wconf 83' lang='lat' dir='ltr'>denuo</span> 
     </span>
    </p>
   </div>
   <div class='ocr_carea' id='block_1_73' title="bbox 326 4045 1928 4119">
    <p class='ocr_par' dir='ltr' id='par_1_73' title="bbox 326 4045 1928 4119">
     <span class='ocr_line' id='line_1_73' title="bbox 326 4045 1928 4119; baseline -0.003 -17"><span class='ocrx_word' id='word_1_523' title='bbox 326 4064 603 4119; x_wconf 91' lang='lat' dir='ltr'>equorum</span> <span class='ocrx_word' id='word_1_524' title='bbox 651 4062 880 4099; x_wconf 88' lang='lat' dir='ltr'>suorum</span> <span class='ocrx_word' id='word_1_525' title='bbox 928 4045 1164 4100; x_wconf 83' lang='lat' dir='ltr'>sollirite</span> <span class='ocrx_word' id='word_1_526' title='bbox 1213 4052 1568 4099; x_wconf 89' lang='lat' dir='ltr'>recenserent</span> <span class='ocrx_word' id='word_1_527' title='bbox 1608 4062 1928 4111; x_wconf 89' lang='lat' dir='ltr'>numerum,</span> 
     </span>
    </p>
   </div>
   <div class='ocr_carea' id='block_1_74' title="bbox 327 4133 1932 4205">
    <p class='ocr_par' dir='ltr' id='par_1_74' title="bbox 327 4133 1932 4205">
     <span class='ocr_line' id='line_1_74' title="bbox 327 4133 1932 4205; baseline -0.002 -15"><span class='ocrx_word' id='word_1_528' title='bbox 327 4137 519 4191; x_wconf 90' lang='lat' dir='ltr'>divina</span> <span class='ocrx_word' id='word_1_529' title='bbox 558 4134 638 4188; x_wconf 90' lang='lat' dir='ltr'>sic</span> <span class='ocrx_word' id='word_1_530' title='bbox 683 4142 952 4205; x_wconf 87' lang='lat' dir='ltr'>operante</span> <span class='ocrx_word' id='word_1_531' title='bbox 985 4133 1292 4203; x_wconf 86' lang='lat' dir='ltr'>majestate.</span> <span class='ocrx_word' id='word_1_532' title='bbox 1326 4141 1500 4187; x_wconf 89' lang='lat' dir='ltr'>totam</span> <span class='ocrx_word' id='word_1_533' title='bbox 1547 4151 1740 4187; x_wconf 88' lang='lat' dir='ltr'>eorum</span> <span class='ocrx_word' id='word_1_534' title='bbox 1785 4133 1932 4187; x_wconf 91' lang='lat' dir='ltr'>inte-</span> 
     </span>
    </p>
   </div>
   <div class='ocr_carea' id='block_1_75' title="bbox 327 4222 1937 4298">
    <p class='ocr_par' dir='ltr' id='par_1_75' title="bbox 327 4222 1937 4298">
     <span class='ocr_line' id='line_1_75' title="bbox 327 4222 1937 4298; baseline -0.001 -20"><span class='ocrx_word' id='word_1_535' title='bbox 327 4226 597 4298; x_wconf 85' lang='lat' dir='ltr'>gritatem</span> <span class='ocrx_word' id='word_1_536' title='bbox 639 4240 701 4276; x_wconf 84' lang='lat' dir='ltr'>ex</span> <span class='ocrx_word' id='word_1_537' title='bbox 751 4222 1050 4293; x_wconf 85' lang='lat' dir='ltr'>improviso</span> <span class='ocrx_word' id='word_1_538' title='bbox 1090 4222 1396 4293; x_wconf 86' lang='lat' dir='ltr'>reperiunt.</span> <span class='ocrx_word' id='word_1_539' title='bbox 1444 4222 1722 4276; x_wconf 89' lang='lat' dir='ltr'>Mirantur</span> <span class='ocrx_word' id='word_1_540' title='bbox 1750 4231 1937 4276; x_wconf 89' lang='lat' dir='ltr'>astan-</span> 
     </span>
    </p>
   </div>
   <div class='ocr_carea' id='block_1_76' title="bbox 2013 3328 3613 3405">
    <p class='ocr_par' dir='ltr' id='par_1_76' title="bbox 2013 3328 3613 3405">
     <span class='ocr_line' id='line_1_76' title="bbox 2013 3328 3613 3405; baseline -0.007 -12"><span class='ocrx_word' id='word_1_541' title='bbox 2013 3346 2165 3403; x_wconf 87' lang='lat' dir='ltr'>runt,</span> <span class='ocrx_word' id='word_1_542' title='bbox 2197 3347 2422 3391; x_wconf 89' lang='lat' dir='ltr'>orantes</span> <span class='ocrx_word' id='word_1_543' title='bbox 2462 3335 2823 3390; x_wconf 79' lang='lat' dir='ltr'>deVotissime</span> <span class='ocrx_word' id='word_1_544' title='bbox 2861 3341 3138 3405; x_wconf 89' lang='lat' dir='ltr'>quatenus</span> <span class='ocrx_word' id='word_1_545' title='bbox 3183 3329 3482 3402; x_wconf 87' lang='lat' dir='ltr'>episcopali</span> <span class='ocrx_word' id='word_1_546' title='bbox 3525 3328 3613 3383; x_wconf 89' lang='lat' dir='ltr'>be-</span> 
     </span>
    </p>
   </div>
   <div class='ocr_carea' id='block_1_77' title="bbox 2011 3419 3612 3495">
    <p class='ocr_par' dir='ltr' id='par_1_77' title="bbox 2011 3419 3612 3495">
     <span class='ocr_line' id='line_1_77' title="bbox 2011 3419 3612 3495; baseline -0.006 -13"><span class='ocrx_word' id='word_1_547' title='bbox 2011 3428 2326 3482; x_wconf 72' lang='lat' dir='ltr'>nedictione</span> <span class='ocrx_word' id='word_1_548' title='bbox 2380 3426 2450 3479; x_wconf 87' lang='lat' dir='ltr'>ad</span> <span class='ocrx_word' id='word_1_549' title='bbox 2507 3424 2807 3479; x_wconf 79' lang='lat' dir='ltr'>clericatus</span> <span class='ocrx_word' id='word_1_550' title='bbox 2867 3428 3288 3495; x_wconf 89' lang='lat' dir='ltr'>promoveretur</span> <span class='ocrx_word' id='word_1_551' title='bbox 3346 3419 3612 3473; x_wconf 87' lang='lat' dir='ltr'>ofﬁcium.</span> 
     </span>
    </p>
   </div>
   <div class='ocr_carea' id='block_1_78' title="bbox 2014 3510 3610 3585">
    <p class='ocr_par' dir='ltr' id='par_1_78' title="bbox 2014 3510 3610 3585">
     <span class='ocr_line' id='line_1_78' title="bbox 2014 3510 3610 3585; baseline -0.004 -15"><span class='ocrx_word' id='word_1_552' title='bbox 2014 3516 2478 3572; x_wconf 82' lang='lat' dir='ltr'>Commendatum</span> <span class='ocrx_word' id='word_1_553' title='bbox 2504 3515 2693 3585; x_wconf 87' lang='lat' dir='ltr'>itaque</span> <span class='ocrx_word' id='word_1_554' title='bbox 2714 3513 2819 3567; x_wconf 89' lang='lat' dir='ltr'>sibi</span> <span class='ocrx_word' id='word_1_555' title='bbox 2846 3512 3083 3582; x_wconf 87' lang='lat' dir='ltr'>benigne</span> <span class='ocrx_word' id='word_1_556' title='bbox 3115 3512 3319 3583; x_wconf 63' lang='lat' dir='ltr'>praesul</span> <span class='ocrx_word' id='word_1_557' title='bbox 3347 3510 3610 3583; x_wconf 86' lang='lat' dir='ltr'>suscepit,</span> 
     </span>
    </p>
   </div>
   <div class='ocr_carea' id='block_1_79' title="bbox 2015 3588 3611 3675">
    <p class='ocr_par' dir='ltr' id='par_1_79' title="bbox 2015 3588 3611 3675">
     <span class='ocr_line' id='line_1_79' title="bbox 2015 3588 3611 3675; baseline -0.004 -14"><span class='ocrx_word' id='word_1_558' title='bbox 2015 3606 2281 3661; x_wconf 87' lang='lat' dir='ltr'>benevole</span> <span class='ocrx_word' id='word_1_559' title='bbox 2339 3606 2690 3675; x_wconf 79' lang='lat' dir='ltr'>amplexatus</span> <span class='ocrx_word' id='word_1_560' title='bbox 2739 3608 2845 3669; x_wconf 89' lang='lat' dir='ltr'>est,</span> <span class='ocrx_word' id='word_1_561' title='bbox 2886 3609 2942 3656; x_wconf 86' lang='lat' dir='ltr'>et</span> <span class='ocrx_word' id='word_1_562' title='bbox 2989 3601 3287 3669; x_wconf 82' lang='lat' dir='ltr'>diligenter</span> <span class='ocrx_word' id='word_1_563' title='bbox 3325 3588 3611 3665; x_wconf 86' lang='lat' dir='ltr'>enutrivit,</span> 
     </span>
    </p>
   </div>
   <div class='ocr_carea' id='block_1_80' title="bbox 2016 3689 3618 3765">
    <p class='ocr_par' dir='ltr' id='par_1_80' title="bbox 2016 3689 3618 3765">
     <span class='ocr_line' id='line_1_80' title="bbox 2016 3689 3618 3765; baseline -0.004 -15"><span class='ocrx_word' id='word_1_564' title='bbox 2016 3703 2073 3750; x_wconf 91' lang='lat' dir='ltr'>et</span> <span class='ocrx_word' id='word_1_565' title='bbox 2102 3702 2373 3765; x_wconf 88' lang='lat' dir='ltr'>tanquam</span> <span class='ocrx_word' id='word_1_566' title='bbox 2415 3696 2640 3747; x_wconf 88' lang='lat' dir='ltr'>unicum</span> <span class='ocrx_word' id='word_1_567' title='bbox 2677 3698 2732 3746; x_wconf 90' lang='lat' dir='ltr'>et</span> <span class='ocrx_word' id='word_1_568' title='bbox 2773 3691 3056 3746; x_wconf 91' lang='lat' dir='ltr'>uterinum</span> <span class='ocrx_word' id='word_1_569' title='bbox 3097 3690 3296 3755; x_wconf 88' lang='lat' dir='ltr'>ﬁlium,</span> <span class='ocrx_word' id='word_1_570' title='bbox 3333 3689 3388 3743; x_wconf 91' lang='lat' dir='ltr'>in</span> <span class='ocrx_word' id='word_1_571' title='bbox 3425 3689 3533 3747; x_wconf 87' lang='lat' dir='ltr'>ﬁde</span> <span class='ocrx_word' id='word_1_572' title='bbox 3560 3695 3618 3744; x_wconf 90' lang='lat' dir='ltr'>et</span> 
     </span>
    </p>
   </div>
   <div class='ocr_carea' id='block_1_81' title="bbox 2014 3778 3613 3843">
    <p class='ocr_par' dir='ltr' id='par_1_81' title="bbox 2014 3778 3613 3843">
     <span class='ocr_line' id='line_1_81' title="bbox 2014 3778 3613 3843; baseline -0.002 -5"><span class='ocrx_word' id='word_1_573' title='bbox 2014 3784 2273 3838; x_wconf 89' lang='lat' dir='ltr'>doctrina</span> <span class='ocrx_word' id='word_1_574' title='bbox 2295 3782 2668 3836; x_wconf 83' lang='lat' dir='ltr'>ecclesiastica</span> <span class='ocrx_word' id='word_1_575' title='bbox 2688 3782 2928 3835; x_wconf 90' lang='lat' dir='ltr'>educare</span> <span class='ocrx_word' id='word_1_576' title='bbox 2955 3778 3613 3843; x_wconf 86' lang='lat' dir='ltr'>liberaliterelaborabat.</span> 
     </span>
    </p>
   </div>
   <div class='ocr_carea' id='block_1_82' title="bbox 2016 3869 3618 3941">
    <p class='ocr_par' dir='ltr' id='par_1_82' title="bbox 2016 3869 3618 3941">
     <span class='ocr_line' id='line_1_82' title="bbox 2016 3869 3618 3941; baseline -0.001 -16"><span class='ocrx_word' id='word_1_577' title='bbox 2016 3872 2251 3935; x_wconf 77' lang='lat' dir='ltr'>Quantae</span> <span class='ocrx_word' id='word_1_578' title='bbox 2281 3872 2400 3941; x_wconf 90' lang='lat' dir='ltr'>ipse</span> <span class='ocrx_word' id='word_1_579' title='bbox 2427 3870 2800 3933; x_wconf 86' lang='lat' dir='ltr'>liberalitatis,</span> <span class='ocrx_word' id='word_1_580' title='bbox 2834 3869 3478 3940; x_wconf 71' lang='lat' dir='ltr'>quantae&#39;sanctimonize</span> <span class='ocrx_word' id='word_1_581' title='bbox 3518 3886 3618 3924; x_wconf 92' lang='lat' dir='ltr'>seu</span> 
     </span>
    </p>
   </div>
   <div class='ocr_carea' id='block_1_83' title="bbox 2016 3957 3618 4029">
    <p class='ocr_par' dir='ltr' id='par_1_83' title="bbox 2016 3957 3618 4029">
     <span class='ocr_line' id='line_1_83' title="bbox 2016 3957 3618 4029; baseline -0.002 -16"><span class='ocrx_word' id='word_1_582' title='bbox 2016 3960 2361 4014; x_wconf 67' lang='lat' dir='ltr'>castimoniae</span> <span class='ocrx_word' id='word_1_583' title='bbox 2390 3976 2449 4012; x_wconf 92' lang='lat' dir='ltr'>se</span> <span class='ocrx_word' id='word_1_584' title='bbox 2486 3975 2517 4012; x_wconf 90' lang='lat' dir='ltr'>a</span> <span class='ocrx_word' id='word_1_585' title='bbox 2551 3975 2723 4028; x_wconf 90' lang='lat' dir='ltr'>puero</span> <span class='ocrx_word' id='word_1_586' title='bbox 2768 3957 3101 4014; x_wconf 70' lang='lat' dir='ltr'>exhibuerit.</span> <span class='ocrx_word' id='word_1_587' title='bbox 3146 3963 3358 4029; x_wconf 86' lang='lat' dir='ltr'>quanta</span> <span class='ocrx_word' id='word_1_588' title='bbox 3388 3957 3618 4011; x_wconf 86' lang='lat' dir='ltr'>humili-</span> 
     </span>
    </p>
   </div>
   <div class='ocr_carea' id='block_1_84' title="bbox 2016 4046 3618 4118">
    <p class='ocr_par' dir='ltr' id='par_1_84' title="bbox 2016 4046 3618 4118">
     <span class='ocr_line' id='line_1_84' title="bbox 2016 4046 3618 4118; baseline -0.004 -15"><span class='ocrx_word' id='word_1_589' title='bbox 2016 4055 2131 4103; x_wconf 91' lang='lat' dir='ltr'>tate</span> <span class='ocrx_word' id='word_1_590' title='bbox 2153 4066 2251 4102; x_wconf 88' lang='lat' dir='ltr'>seu</span> <span class='ocrx_word' id='word_1_591' title='bbox 2279 4048 2590 4102; x_wconf 89' lang='lat' dir='ltr'>reverentia</span> <span class='ocrx_word' id='word_1_592' title='bbox 2613 4054 2669 4101; x_wconf 91' lang='lat' dir='ltr'>et</span> <span class='ocrx_word' id='word_1_593' title='bbox 2698 4047 2843 4118; x_wconf 88' lang='lat' dir='ltr'>apud</span> <span class='ocrx_word' id='word_1_594' title='bbox 2880 4048 3053 4109; x_wconf 85' lang='lat' dir='ltr'>Deum</span> <span class='ocrx_word' id='word_1_595' title='bbox 3105 4053 3162 4100; x_wconf 89' lang='lat' dir='ltr'>et</span> <span class='ocrx_word' id='word_1_596' title='bbox 3204 4046 3358 4100; x_wconf 89' lang='lat' dir='ltr'>urbis</span> <span class='ocrx_word' id='word_1_597' title='bbox 3390 4046 3618 4116; x_wconf 84' lang='lat' dir='ltr'>pontiﬁ-</span> 
     </span>
    </p>
   </div>
   <div class='ocr_carea' id='block_1_85' title="bbox 2016 4135 3621 4207">
    <p class='ocr_par' dir='ltr' id='par_1_85' title="bbox 2016 4135 3621 4207">
     <span class='ocr_line' id='line_1_85' title="bbox 2016 4135 3621 4207; baseline -0.004 -14"><span class='ocrx_word' id='word_1_598' title='bbox 2016 4156 2135 4193; x_wconf 90' lang='lat' dir='ltr'>cem</span> <span class='ocrx_word' id='word_1_599' title='bbox 2185 4137 2471 4199; x_wconf 85' lang='lat' dir='ltr'>claruerit,</span> <span class='ocrx_word' id='word_1_600' title='bbox 2516 4154 2616 4207; x_wconf 90' lang='lat' dir='ltr'>pro</span> <span class='ocrx_word' id='word_1_601' title='bbox 2661 4143 2813 4189; x_wconf 89' lang='lat' dir='ltr'>certo</span> <span class='ocrx_word' id='word_1_602' title='bbox 2862 4135 3079 4189; x_wconf 89' lang='lat' dir='ltr'>edicere</span> <span class='ocrx_word' id='word_1_603' title='bbox 3119 4151 3229 4188; x_wconf 90' lang='lat' dir='ltr'>non</span> <span class='ocrx_word' id='word_1_604' title='bbox 3278 4143 3365 4188; x_wconf 90' lang='lat' dir='ltr'>est</span> <span class='ocrx_word' id='word_1_605' title='bbox 3415 4142 3621 4187; x_wconf 66' lang='lat' dir='ltr'>nostrae</span> 
     </span>
    </p>
   </div>
   <div class='ocr_carea' id='block_1_86' title="bbox 2019 4221 3617 4301">
    <p class='ocr_par' dir='ltr' id='par_1_86' title="bbox 2019 4221 3617 4301">
     <span class='ocr_line' id='line_1_86' title="bbox 2019 4221 3617 4301; baseline -0.004 -20"><span class='ocrx_word' id='word_1_606' title='bbox 2019 4226 2422 4301; x_wconf 84' lang='lat' dir='ltr'>possibilitatis.</span> <span class='ocrx_word' id='word_1_607' title='bbox 2450 4226 2581 4278; x_wconf 88' lang='lat' dir='ltr'>Erat</span> <span class='ocrx_word' id='word_1_608' title='bbox 2600 4225 2826 4295; x_wconf 89' lang='lat' dir='ltr'>quidem</span> <span class='ocrx_word' id='word_1_609' title='bbox 2857 4224 3250 4294; x_wconf 85' lang='lat' dir='ltr'>magnanimus</span> <span class='ocrx_word' id='word_1_610' title='bbox 3269 4224 3327 4276; x_wconf 92' lang='lat' dir='ltr'>in</span> <span class='ocrx_word' id='word_1_611' title='bbox 3346 4221 3617 4293; x_wconf 82' lang='lat' dir='ltr'>adversis,</span> 
     </span>
    </p>
   </div>
   <div class='ocr_carea' id='block_1_87' title="bbox 326 4310 3621 4386">
    <p class='ocr_par' dir='ltr' id='par_1_87' title="bbox 326 4310 3621 4386">
     <span class='ocr_line' id='line_1_87' title="bbox 326 4310 3621 4386; baseline -0.001 -19"><span class='ocrx_word' id='word_1_612' title='bbox 326 4312 667 4370; x_wconf 81' lang='lat' dir='ltr'>tes.familia</span> <span class='ocrx_word' id='word_1_613' title='bbox 689 4323 887 4365; x_wconf 88' lang='lat' dir='ltr'>cuncta</span> <span class='ocrx_word' id='word_1_614' title='bbox 922 4313 1158 4366; x_wconf 79' lang='lat' dir='ltr'>laetatur.</span> <span class='ocrx_word' id='word_1_615' title='bbox 1195 4312 1359 4365; x_wconf 89' lang='lat' dir='ltr'>Pater</span> <span class='ocrx_word' id='word_1_616' title='bbox 1386 4328 1513 4364; x_wconf 91' lang='lat' dir='ltr'>cum</span> <span class='ocrx_word' id='word_1_617' title='bbox 1547 4318 1727 4365; x_wconf 90' lang='lat' dir='ltr'>matre</span> <span class='ocrx_word' id='word_1_618' title='bbox 1758 4311 1934 4364; x_wconf 91' lang='lat' dir='ltr'>ﬁlium</span> <span class='ocrx_word' id='word_1_619' title='bbox 2020 4316 2171 4370; x_wconf 80' lang='lat' dir='ltr'>mitis</span> <span class='ocrx_word' id='word_1_620' title='bbox 2203 4316 2258 4368; x_wconf 87' lang='lat' dir='ltr'>in</span> <span class='ocrx_word' id='word_1_621' title='bbox 2285 4313 2582 4386; x_wconf 84' lang='lat' dir='ltr'>prosperis.</span> <span class='ocrx_word' id='word_1_622' title='bbox 2623 4320 2856 4367; x_wconf 87' lang='lat' dir='ltr'>cunctos</span> <span class='ocrx_word' id='word_1_623' title='bbox 2901 4314 3009 4366; x_wconf 88' lang='lat' dir='ltr'>sibi</span> <span class='ocrx_word' id='word_1_624' title='bbox 3053 4311 3384 4379; x_wconf 68' lang='lat' dir='ltr'>obedientiaa</span> <span class='ocrx_word' id='word_1_625' title='bbox 3415 4310 3621 4365; x_wconf 89' lang='lat' dir='ltr'>seduli-</span> 
     </span>
    </p>
   </div>
   <div class='ocr_carea' id='block_1_88' title="bbox 331 4400 3622 4477">
    <p class='ocr_par' dir='ltr' id='par_1_88' title="bbox 331 4400 3622 4477">
     <span class='ocr_line' id='line_1_88' title="bbox 331 4400 3622 4477; baseline -0.002 -21"><span class='ocrx_word' id='word_1_626' title='bbox 331 4420 504 4475; x_wconf 80' lang='lat' dir='ltr'>quam</span> <span class='ocrx_word' id='word_1_627' title='bbox 564 4400 920 4454; x_wconf 67' lang='lat' dir='ltr'>familiariter</span> <span class='ocrx_word' id='word_1_628' title='bbox 964 4402 1375 4472; x_wconf 78' lang='lat' dir='ltr'>amplexantur,</span> <span class='ocrx_word' id='word_1_629' title='bbox 1420 4410 1476 4454; x_wconf 87' lang='lat' dir='ltr'>et</span> <span class='ocrx_word' id='word_1_630' title='bbox 1504 4406 1569 4454; x_wconf 88' lang='lat' dir='ltr'>ut</span> <span class='ocrx_word' id='word_1_631' title='bbox 1613 4401 1684 4454; x_wconf 88' lang='lat' dir='ltr'>ad</span> <span class='ocrx_word' id='word_1_632' title='bbox 1734 4401 2135 4477; x_wconf 36' lang='lat' dir='ltr'>altim‘a‘tate</span> <span class='ocrx_word' id='word_1_633' title='bbox 2166 4404 2482 4477; x_wconf 60' lang='lat' dir='ltr'>praeferens,</span> <span class='ocrx_word' id='word_1_634' title='bbox 2518 4420 2734 4456; x_wconf 85' lang='lat' dir='ltr'>morum</span> <span class='ocrx_word' id='word_1_635' title='bbox 2782 4403 3036 4463; x_wconf 72' lang='lat' dir='ltr'>claritate</span> <span class='ocrx_word' id='word_1_636' title='bbox 3076 4401 3418 4473; x_wconf 63' lang='lat' dir='ltr'>praecellens,</span> <span class='ocrx_word' id='word_1_637' title='bbox 3457 4416 3622 4470; x_wconf 81' lang='lat' dir='ltr'>egen-</span> 
     </span>
    </p>
   </div>
   <div class='ocr_carea' id='block_1_89' title="bbox 333 4468 3624 4564">
    <p class='ocr_par' dir='ltr' id='par_1_89' title="bbox 333 4468 3624 4564">
     <span class='ocr_line' id='line_1_89' title="bbox 333 4468 3624 4564; baseline -0.001 -17"><span class='ocrx_word' id='word_1_638' title='bbox 333 4510 396 4547; x_wconf 84' lang='lat' dir='ltr'>se</span> <span class='ocrx_word' id='word_1_639' title='bbox 464 4489 720 4560; x_wconf 88' lang='lat' dir='ltr'>subrigat</span> <span class='ocrx_word' id='word_1_640' title='bbox 782 4489 1222 4560; x_wconf 84' lang='lat' dir='ltr'>lacrymabiliter</span> <span class='ocrx_word' id='word_1_641' title='bbox 1283 4490 1669 4544; x_wconf 87' lang='lat' dir='ltr'>cohortantur.</span> <span class='ocrx_word' id='word_1_642' title='bbox 1715 4510 1737 4541; x_wconf 74' lang='grc' dir='ltr'>ι</span> <span class='ocrx_word' id='word_1_643' title='bbox 1810 4490 1933 4551; x_wconf 83' lang='lat' dir='ltr'>Fili.</span> <span class='ocrx_word' id='word_1_644' title='bbox 1954 4468 2172 4548; x_wconf 85' lang='lat' dir='ltr'>Dtibus</span> <span class='ocrx_word' id='word_1_645' title='bbox 2203 4494 2359 4564; x_wconf 85' lang='lat' dir='ltr'>larga</span> <span class='ocrx_word' id='word_1_646' title='bbox 2391 4492 2753 4547; x_wconf 80' lang='lat' dir='ltr'>miseratione</span> <span class='ocrx_word' id='word_1_647' title='bbox 2783 4508 3132 4546; x_wconf 89' lang='lat' dir='ltr'>succurrens.</span> <span class='ocrx_word' id='word_1_648' title='bbox 3161 4489 3363 4562; x_wconf 80' lang='lat' dir='ltr'>Sicque</span> <span class='ocrx_word' id='word_1_649' title='bbox 3389 4488 3624 4553; x_wconf 77' lang='lat' dir='ltr'>viriliter</span> 
     </span>
    </p>
   </div>
   <div class='ocr_carea' id='block_1_90' title="bbox 336 4578 3622 4651">
    <p class='ocr_par' dir='ltr' id='par_1_90' title="bbox 336 4578 3622 4651">
     <span class='ocr_line' id='line_1_90' title="bbox 336 4578 3622 4651; baseline -0.002 -16"><span class='ocrx_word' id='word_1_650' title='bbox 336 4583 523 4635; x_wconf 87' lang='lat' dir='ltr'>aiunt.</span> <span class='ocrx_word' id='word_1_651' title='bbox 566 4579 756 4632; x_wconf 88' lang='lat' dir='ltr'>omnia</span> <span class='ocrx_word' id='word_1_652' title='bbox 799 4585 992 4633; x_wconf 86' lang='lat' dir='ltr'>nostra</span> <span class='ocrx_word' id='word_1_653' title='bbox 1037 4584 1170 4632; x_wconf 90' lang='lat' dir='ltr'>sunt</span> <span class='ocrx_word' id='word_1_654' title='bbox 1198 4586 1314 4640; x_wconf 77' lang='lat' dir='ltr'>tua.</span> <span class='ocrx_word' id='word_1_655' title='bbox 1348 4587 1507 4633; x_wconf 87' lang='lat' dir='ltr'>utere</span> <span class='ocrx_word' id='word_1_656' title='bbox 1540 4578 1745 4633; x_wconf 90' lang='lat' dir='ltr'>nostris</span> <span class='ocrx_word' id='word_1_657' title='bbox 1784 4585 1846 4632; x_wconf 90' lang='lat' dir='ltr'>ut</span> <span class='ocrx_word' id='word_1_658' title='bbox 1874 4578 1941 4632; x_wconf 91' lang='lat' dir='ltr'>li-</span> <span class='ocrx_word' id='word_1_659' title='bbox 2024 4583 2219 4637; x_wconf 85' lang='lat' dir='ltr'>fomite</span> <span class='ocrx_word' id='word_1_660' title='bbox 2258 4582 2583 4636; x_wconf 75' lang='lat' dir='ltr'>Conculcato</span> <span class='ocrx_word' id='word_1_661' title='bbox 2627 4581 2912 4644; x_wconf 81' lang='lat' dir='ltr'>vitiorum,</span> <span class='ocrx_word' id='word_1_662' title='bbox 2946 4580 3328 4651; x_wconf 82' lang='lat' dir='ltr'>angustiorem</span> <span class='ocrx_word' id='word_1_663' title='bbox 3353 4596 3622 4634; x_wconf 83' lang='lat' dir='ltr'>conscen-</span> 
     </span>
    </p>
   </div>
   <div class='ocr_carea' id='block_1_91' title="bbox 337 4667 3624 4745">
    <p class='ocr_par' dir='ltr' id='par_1_91' title="bbox 337 4667 3624 4745">
     <span class='ocr_line' id='line_1_91' title="bbox 337 4667 3624 4745; baseline -0.001 -20"><span class='ocrx_word' id='word_1_664' title='bbox 337 4671 479 4725; x_wconf 88' lang='lat' dir='ltr'>bet:</span> <span class='ocrx_word' id='word_1_665' title='bbox 516 4676 635 4730; x_wconf 88' lang='lat' dir='ltr'>tuo.</span> <span class='ocrx_word' id='word_1_666' title='bbox 684 4669 862 4734; x_wconf 86' lang='lat' dir='ltr'>aiunt,</span> <span class='ocrx_word' id='word_1_667' title='bbox 906 4674 963 4721; x_wconf 92' lang='lat' dir='ltr'>et</span> <span class='ocrx_word' id='word_1_668' title='bbox 1010 4675 1219 4724; x_wconf 90' lang='lat' dir='ltr'>nostro.</span> <span class='ocrx_word' id='word_1_669' title='bbox 1261 4675 1326 4722; x_wconf 86' lang='lat' dir='ltr'>ut</span> <span class='ocrx_word' id='word_1_670' title='bbox 1372 4668 1473 4722; x_wconf 90' lang='lat' dir='ltr'>tibi</span> <span class='ocrx_word' id='word_1_671' title='bbox 1515 4669 1693 4723; x_wconf 91' lang='lat' dir='ltr'>visum</span> <span class='ocrx_word' id='word_1_672' title='bbox 1745 4669 1933 4730; x_wconf 86' lang='lat' dir='ltr'>fuerit.</span> <span class='ocrx_word' id='word_1_673' title='bbox 2021 4673 2159 4727; x_wconf 90' lang='lat' dir='ltr'>dens</span> <span class='ocrx_word' id='word_1_674' title='bbox 2196 4673 2402 4726; x_wconf 83' lang='lat' dir='ltr'>scalam</span> <span class='ocrx_word' id='word_1_675' title='bbox 2463 4676 2751 4725; x_wconf 80' lang='lat' dir='ltr'>Virtutum.</span> <span class='ocrx_word' id='word_1_676' title='bbox 2792 4669 3065 4745; x_wconf 90' lang='lat' dir='ltr'>quidquid</span> <span class='ocrx_word' id='word_1_677' title='bbox 3119 4674 3228 4723; x_wconf 81' lang='lat' dir='ltr'>lleo</span> <span class='ocrx_word' id='word_1_678' title='bbox 3274 4667 3624 4723; x_wconf 88' lang='lat' dir='ltr'>contrarium</span> 
     </span>
    </p>
   </div>
   <div class='ocr_carea' id='block_1_92' title="bbox 339 4758 3625 4831">
    <p class='ocr_par' dir='ltr' id='par_1_92' title="bbox 339 4758 3625 4831">
     <span class='ocr_line' id='line_1_92' title="bbox 339 4758 3625 4831; baseline -0.001 -15"><span class='ocrx_word' id='word_1_679' title='bbox 339 4760 400 4816; x_wconf 89' lang='lat' dir='ltr'>in</span> <span class='ocrx_word' id='word_1_680' title='bbox 458 4759 558 4814; x_wconf 89' lang='lat' dir='ltr'>Dei</span> <span class='ocrx_word' id='word_1_681' title='bbox 611 4759 798 4829; x_wconf 86' lang='lat' dir='ltr'>gratia</span> <span class='ocrx_word' id='word_1_682' title='bbox 867 4765 1026 4813; x_wconf 89' lang='lat' dir='ltr'>utere</span> <span class='ocrx_word' id='word_1_683' title='bbox 1080 4758 1436 4830; x_wconf 85' lang='lat' dir='ltr'>patrimonio.</span> <span class='ocrx_word' id='word_1_684' title='bbox 1485 4766 1547 4814; x_wconf 90' lang='lat' dir='ltr'>ut</span> <span class='ocrx_word' id='word_1_685' title='bbox 1605 4777 1707 4813; x_wconf 91' lang='lat' dir='ltr'>nos</span> <span class='ocrx_word' id='word_1_686' title='bbox 1756 4766 1939 4813; x_wconf 88' lang='lat' dir='ltr'>tecum</span> <span class='ocrx_word' id='word_1_687' title='bbox 2022 4760 2319 4825; x_wconf 88' lang='lat' dir='ltr'>sentiebat,</span> <span class='ocrx_word' id='word_1_688' title='bbox 2353 4758 2697 4822; x_wconf 84' lang='lat' dir='ltr'>declinabat;</span> <span class='ocrx_word' id='word_1_689' title='bbox 2731 4758 3001 4831; x_wconf 90' lang='lat' dir='ltr'>quidquid</span> <span class='ocrx_word' id='word_1_690' title='bbox 3044 4775 3173 4812; x_wconf 85' lang='lat' dir='ltr'>vero</span> <span class='ocrx_word' id='word_1_691' title='bbox 3211 4758 3477 4826; x_wconf 85' lang='lat' dir='ltr'>placitum</span> <span class='ocrx_word' id='word_1_692' title='bbox 3521 4774 3625 4823; x_wconf 52' lang='lat' dir='ltr'>nos</span> 
     </span>
    </p>
   </div>
   <div class='ocr_carea' id='block_1_93' title="bbox 338 4847 1942 4919">
    <p class='ocr_par' dir='ltr' id='par_1_93' title="bbox 338 4847 1942 4919">
     <span class='ocr_line' id='line_1_93' title="bbox 338 4847 1942 4919; baseline 0.001 -17"><span class='ocrx_word' id='word_1_693' title='bbox 338 4854 633 4903; x_wconf 87' lang='lat' dir='ltr'>consortes</span> <span class='ocrx_word' id='word_1_694' title='bbox 674 4848 935 4918; x_wconf 88' lang='lat' dir='ltr'>perennis</span> <span class='ocrx_word' id='word_1_695' title='bbox 965 4848 1088 4902; x_wconf 78' lang='lat' dir='ltr'>vitae</span> <span class='ocrx_word' id='word_1_696' title='bbox 1120 4847 1326 4901; x_wconf 87' lang='lat' dir='ltr'>habeas</span> <span class='ocrx_word' id='word_1_697' title='bbox 1369 4848 1423 4902; x_wconf 91' lang='lat' dir='ltr'>in</span> <span class='ocrx_word' id='word_1_698' title='bbox 1458 4848 1703 4919; x_wconf 65' lang='lat' dir='ltr'>prmmio.</span> <span class='ocrx_word' id='word_1_699' title='bbox 1751 4870 1774 4897; x_wconf 73' lang='grc' dir='ltr'><strong>υ</strong></span> <span class='ocrx_word' id='word_1_700' title='bbox 1818 4847 1942 4902; x_wconf 88' lang='lat' dir='ltr'>Non</span> 
     </span>
    </p>
   </div>
   <div class='ocr_carea' id='block_1_94' title="bbox 340 4936 1943 5008">
    <p class='ocr_par' dir='ltr' id='par_1_94' title="bbox 340 4936 1943 5008">
     <span class='ocr_line' id='line_1_94' title="bbox 340 4936 1943 5008; baseline -0.001 -15"><span class='ocrx_word' id='word_1_701' title='bbox 340 4936 676 4993; x_wconf 83' lang='lat' dir='ltr'>difﬁdebant</span> <span class='ocrx_word' id='word_1_702' title='bbox 731 4936 882 4991; x_wconf 90' lang='lat' dir='ltr'>enim</span> <span class='ocrx_word' id='word_1_703' title='bbox 927 4938 1048 5007; x_wconf 88' lang='lat' dir='ltr'>ejus</span> <span class='ocrx_word' id='word_1_704' title='bbox 1093 4953 1152 4991; x_wconf 92' lang='lat' dir='ltr'>se</span> <span class='ocrx_word' id='word_1_705' title='bbox 1197 4937 1449 4991; x_wconf 90' lang='lat' dir='ltr'>oratione</span> <span class='ocrx_word' id='word_1_706' title='bbox 1504 4938 1727 5002; x_wconf 89' lang='lat' dir='ltr'>salvari,</span> <span class='ocrx_word' id='word_1_707' title='bbox 1777 4954 1943 5008; x_wconf 91' lang='lat' dir='ltr'>quem</span> 
     </span>
    </p>
   </div>
   <div class='ocr_carea' id='block_1_95' title="bbox 333 5025 1935 5098">
    <p class='ocr_par' dir='ltr' id='par_1_95' title="bbox 333 5025 1935 5098">
     <span class='ocr_line' id='line_1_95' title="bbox 333 5025 1935 5098; baseline 0.001 -18"><span class='ocrx_word' id='word_1_708' title='bbox 333 5028 457 5098; x_wconf 88' lang='lat' dir='ltr'>jam</span> <span class='ocrx_word' id='word_1_709' title='bbox 517 5025 692 5080; x_wconf 81' lang='lat' dir='ltr'>tantis</span> <span class='ocrx_word' id='word_1_710' title='bbox 731 5041 765 5078; x_wconf 91' lang='lat' dir='ltr'>a</span> <span class='ocrx_word' id='word_1_711' title='bbox 806 5025 923 5079; x_wconf 89' lang='lat' dir='ltr'>Deo</span> <span class='ocrx_word' id='word_1_712' title='bbox 977 5025 1239 5080; x_wconf 89' lang='lat' dir='ltr'>videbant</span> <span class='ocrx_word' id='word_1_713' title='bbox 1298 5026 1594 5080; x_wconf 87' lang='lat' dir='ltr'>virtutibus</span> <span class='ocrx_word' id='word_1_714' title='bbox 1647 5026 1935 5081; x_wconf 87' lang='lat' dir='ltr'>illustrari.</span> 
     </span>
    </p>
   </div>
   <div class='ocr_carea' id='block_1_96' title="bbox 344 5114 1945 5186">
    <p class='ocr_par' dir='ltr' id='par_1_96' title="bbox 344 5114 1945 5186">
     <span class='ocr_line' id='line_1_96' title="bbox 344 5114 1945 5186; baseline 0 -17"><span class='ocrx_word' id='word_1_715' title='bbox 344 5116 413 5169; x_wconf 91' lang='lat' dir='ltr'>Et</span> <span class='ocrx_word' id='word_1_716' title='bbox 444 5115 562 5169; x_wconf 75' lang='lat' dir='ltr'>haec</span> <span class='ocrx_word' id='word_1_717' title='bbox 591 5114 857 5174; x_wconf 86' lang='lat' dir='ltr'>dicentes.</span> <span class='ocrx_word' id='word_1_718' title='bbox 892 5131 1080 5168; x_wconf 88' lang='lat' dir='ltr'>secum</span> <span class='ocrx_word' id='word_1_719' title='bbox 1112 5115 1403 5169; x_wconf 89' lang='lat' dir='ltr'>adducunt</span> <span class='ocrx_word' id='word_1_720' title='bbox 1447 5132 1712 5186; x_wconf 85' lang='lat' dir='ltr'>puerum:</span> <span class='ocrx_word' id='word_1_721' title='bbox 1744 5116 1945 5169; x_wconf 85' lang='lat' dir='ltr'>multo-</span> 
     </span>
    </p>
   </div>
   <div class='ocr_carea' id='block_1_97' title="bbox 343 5202 1944 5275">
    <p class='ocr_par' dir='ltr' id='par_1_97' title="bbox 343 5202 1944 5275">
     <span class='ocr_line' id='line_1_97' title="bbox 343 5202 1944 5275; baseline 0.001 -18"><span class='ocrx_word' id='word_1_722' title='bbox 343 5220 456 5275; x_wconf 88' lang='lat' dir='ltr'>que</span> <span class='ocrx_word' id='word_1_723' title='bbox 486 5219 614 5257; x_wconf 90' lang='lat' dir='ltr'>cum</span> <span class='ocrx_word' id='word_1_724' title='bbox 645 5203 873 5273; x_wconf 87' lang='lat' dir='ltr'>gaudio,</span> <span class='ocrx_word' id='word_1_725' title='bbox 905 5203 960 5257; x_wconf 93' lang='lat' dir='ltr'>in</span> <span class='ocrx_word' id='word_1_726' title='bbox 995 5202 1080 5257; x_wconf 90' lang='lat' dir='ltr'>his</span> <span class='ocrx_word' id='word_1_727' title='bbox 1121 5211 1178 5257; x_wconf 90' lang='lat' dir='ltr'>et</span> <span class='ocrx_word' id='word_1_728' title='bbox 1217 5204 1342 5257; x_wconf 86' lang='lat' dir='ltr'>aliis</span> <span class='ocrx_word' id='word_1_729' title='bbox 1382 5204 1538 5258; x_wconf 59' lang='lat' dir='ltr'>bona;</span> <span class='ocrx_word' id='word_1_730' title='bbox 1579 5221 1693 5259; x_wconf 68' lang='lat' dir='ltr'>suae</span> <span class='ocrx_word' id='word_1_731' title='bbox 1737 5204 1944 5259; x_wconf 90' lang='lat' dir='ltr'>sobolis</span> 
     </span>
    </p>
   </div>
   <div class='ocr_carea' id='block_1_98' title="bbox 340 5292 1945 5364">
    <p class='ocr_par' dir='ltr' id='par_1_98' title="bbox 340 5292 1945 5364">
     <span class='ocr_line' id='line_1_98' title="bbox 340 5292 1945 5364; baseline 0.001 -19"><span class='ocrx_word' id='word_1_732' title='bbox 340 5293 581 5355; x_wconf 83' lang='lat' dir='ltr'>actibus,</span> <span class='ocrx_word' id='word_1_733' title='bbox 618 5292 731 5346; x_wconf 89' lang='lat' dir='ltr'>Deo</span> <span class='ocrx_word' id='word_1_734' title='bbox 754 5292 968 5362; x_wconf 88' lang='lat' dir='ltr'>gratias</span> <span class='ocrx_word' id='word_1_735' title='bbox 998 5292 1324 5357; x_wconf 81' lang='lat' dir='ltr'>referentes,</span> <span class='ocrx_word' id='word_1_736' title='bbox 1354 5301 1647 5364; x_wconf 86' lang='lat' dir='ltr'>gratanter</span> <span class='ocrx_word' id='word_1_737' title='bbox 1679 5310 1800 5348; x_wconf 91' lang='lat' dir='ltr'>sese</span> <span class='ocrx_word' id='word_1_738' title='bbox 1821 5295 1945 5348; x_wconf 87' lang='lat' dir='ltr'>reﬁ-</span> 
     </span>
    </p>
   </div>
   <div class='ocr_carea' id='block_1_99' title="bbox 341 5380 521 5435">
    <p class='ocr_par' dir='ltr' id='par_1_99' title="bbox 341 5380 521 5435">
     <span class='ocr_line' id='line_1_99' title="bbox 341 5380 521 5435; baseline -0.006 -1"><span class='ocrx_word' id='word_1_739' title='bbox 341 5380 521 5435; x_wconf 90' lang='lat' dir='ltr'>ciunt.</span> 
     </span>
    </p>
   </div>
   <div class='ocr_carea' id='block_1_100' title="bbox 415 5469 1943 5543">
    <p class='ocr_par' dir='ltr' id='par_1_100' title="bbox 415 5469 1943 5543">
     <span class='ocr_line' id='line_1_100' title="bbox 415 5469 1943 5543; baseline 0.001 -18"><span class='ocrx_word' id='word_1_740' title='bbox 415 5471 468 5525; x_wconf 85' lang='lat'>7.</span> <span class='ocrx_word' id='word_1_741' title='bbox 506 5469 728 5524; x_wconf 77' lang='lat' dir='ltr'>Accidit</span> <span class='ocrx_word' id='word_1_742' title='bbox 758 5470 1136 5541; x_wconf 86' lang='lat' dir='ltr'>postmodum,</span> <span class='ocrx_word' id='word_1_743' title='bbox 1181 5469 1314 5525; x_wconf 93' lang='lat' dir='ltr'>dum</span> <span class='ocrx_word' id='word_1_744' title='bbox 1354 5471 1505 5526; x_wconf 92' lang='lat' dir='ltr'>domi</span> <span class='ocrx_word' id='word_1_745' title='bbox 1544 5473 1813 5543; x_wconf 89' lang='lat' dir='ltr'>puerulus</span> <span class='ocrx_word' id='word_1_746' title='bbox 1844 5475 1943 5527; x_wconf 90' lang='lat' dir='ltr'>ha-</span> 
     </span>
    </p>
   </div>
   <div class='ocr_carea' id='block_1_101' title="bbox 343 5556 1943 5632">
    <p class='ocr_par' dir='ltr' id='par_1_101' title="bbox 343 5556 1943 5632">
     <span class='ocr_line' id='line_1_101' title="bbox 343 5556 1943 5632; baseline 0.003 -21"><span class='ocrx_word' id='word_1_747' title='bbox 343 5556 597 5624; x_wconf 86' lang='lat' dir='ltr'>beretur,</span> <span class='ocrx_word' id='word_1_748' title='bbox 630 5559 779 5612; x_wconf 91' lang='lat' dir='ltr'>inter</span> <span class='ocrx_word' id='word_1_749' title='bbox 817 5559 1113 5631; x_wconf 87' lang='lat' dir='ltr'>indigenas</span> <span class='ocrx_word' id='word_1_750' title='bbox 1160 5576 1272 5615; x_wconf 89' lang='lat' dir='ltr'>non</span> <span class='ocrx_word' id='word_1_751' title='bbox 1311 5561 1526 5615; x_wconf 82' lang='lat' dir='ltr'>modica</span> <span class='ocrx_word' id='word_1_752' title='bbox 1559 5561 1813 5632; x_wconf 71' lang='lat' dir='ltr'>quaedam</span> <span class='ocrx_word' id='word_1_753' title='bbox 1860 5563 1943 5616; x_wconf 83' lang='lat' dir='ltr'>al-</span> 
     </span>
    </p>
   </div>
   <div class='ocr_carea' id='block_1_102' title="bbox 335 5648 1944 5724">
    <p class='ocr_par' dir='ltr' id='par_1_102' title="bbox 335 5648 1944 5724">
     <span class='ocr_line' id='line_1_102' title="bbox 335 5648 1944 5724; baseline 0.003 -23"><span class='ocrx_word' id='word_1_754' title='bbox 335 5648 598 5713; x_wconf 85' lang='lat' dir='ltr'>tercatio,</span> <span class='ocrx_word' id='word_1_755' title='bbox 626 5648 695 5701; x_wconf 89' lang='lat' dir='ltr'>de</span> <span class='ocrx_word' id='word_1_756' title='bbox 724 5648 980 5701; x_wconf 84' lang='lat' dir='ltr'>terminis</span> <span class='ocrx_word' id='word_1_757' title='bbox 1010 5648 1264 5704; x_wconf 87' lang='lat' dir='ltr'>videlicet</span> <span class='ocrx_word' id='word_1_758' title='bbox 1289 5658 1657 5723; x_wconf 64' lang='lat' dir='ltr'>agrorummt</span> <span class='ocrx_word' id='word_1_759' title='bbox 1684 5650 1944 5724; x_wconf 87' lang='lat' dir='ltr'>frequen-</span> 
     </span>
    </p>
   </div>
   <div class='ocr_carea' id='block_1_103' title="bbox 2029 4847 3625 4920">
    <p class='ocr_par' dir='ltr' id='par_1_103' title="bbox 2029 4847 3625 4920">
     <span class='ocr_line' id='line_1_103' title="bbox 2029 4847 3625 4920; baseline 0 -18"><span class='ocrx_word' id='word_1_760' title='bbox 2029 4858 2200 4917; x_wconf 88' lang='lat' dir='ltr'>verat,</span> <span class='ocrx_word' id='word_1_761' title='bbox 2233 4849 2385 4904; x_wconf 90' lang='lat' dir='ltr'>omni</span> <span class='ocrx_word' id='word_1_762' title='bbox 2423 4850 2550 4904; x_wconf 92' lang='lat' dir='ltr'>nisu</span> <span class='ocrx_word' id='word_1_763' title='bbox 2596 4848 3023 4919; x_wconf 86' lang='lat' dir='ltr'>exsequebatur.</span> <span class='ocrx_word' id='word_1_764' title='bbox 3070 4848 3205 4902; x_wconf 90' lang='lat' dir='ltr'>Erat</span> <span class='ocrx_word' id='word_1_765' title='bbox 3242 4847 3518 4920; x_wconf 90' lang='lat' dir='ltr'>siquidem</span> <span class='ocrx_word' id='word_1_766' title='bbox 3565 4848 3625 4902; x_wconf 91' lang='lat' dir='ltr'>in</span> 
     </span>
    </p>
   </div>
   <div class='ocr_carea' id='block_1_104' title="bbox 2027 4932 3626 5008">
    <p class='ocr_par' dir='ltr' id='par_1_104' title="bbox 2027 4932 3626 5008">
     <span class='ocr_line' id='line_1_104' title="bbox 2027 4932 3626 5008; baseline -0.002 -15"><span class='ocrx_word' id='word_1_767' title='bbox 2027 4940 2281 4994; x_wconf 88' lang='lat' dir='ltr'>oratione</span> <span class='ocrx_word' id='word_1_768' title='bbox 2294 4938 2575 4995; x_wconf 90' lang='lat' dir='ltr'>assiduus.</span> <span class='ocrx_word' id='word_1_769' title='bbox 2597 4938 2831 5008; x_wconf 90' lang='lat' dir='ltr'>jejuniis</span> <span class='ocrx_word' id='word_1_770' title='bbox 2873 4944 2931 4991; x_wconf 92' lang='lat' dir='ltr'>et</span> <span class='ocrx_word' id='word_1_771' title='bbox 2967 4937 3173 5007; x_wconf 87' lang='lat' dir='ltr'>vigiliis</span> <span class='ocrx_word' id='word_1_772' title='bbox 3202 4937 3470 5001; x_wconf 84' lang='lat' dir='ltr'>intentus,</span> <span class='ocrx_word' id='word_1_773' title='bbox 3491 4932 3626 4991; x_wconf 48' lang='lat' dir='ltr'>alio-&#39;-</span> 
     </span>
    </p>
   </div>
   <div class='ocr_carea' id='block_1_105' title="bbox 2024 5023 3625 5109">
    <p class='ocr_par' dir='ltr' id='par_1_105' title="bbox 2024 5023 3625 5109">
     <span class='ocr_line' id='line_1_105' title="bbox 2024 5023 3625 5109; baseline -0.002 -27"><span class='ocrx_word' id='word_1_774' title='bbox 2024 5046 2149 5083; x_wconf 89' lang='lat' dir='ltr'>rum</span> <span class='ocrx_word' id='word_1_775' title='bbox 2181 5026 2640 5082; x_wconf 88' lang='lat' dir='ltr'>tribulationibus</span> <span class='ocrx_word' id='word_1_776' title='bbox 2661 5036 2930 5098; x_wconf 87' lang='lat' dir='ltr'>tanquam</span> <span class='ocrx_word' id='word_1_777' title='bbox 2951 5027 3071 5081; x_wconf 88' lang='lat' dir='ltr'>suis</span> <span class='ocrx_word' id='word_1_778' title='bbox 3092 5026 3264 5109; x_wconf 88' lang='lat' dir='ltr'>ipsius</span> <span class='ocrx_word' id='word_1_779' title='bbox 3295 5023 3625 5105; x_wconf 75' lang='lat' dir='ltr'>lacrymabi-</span> 
     </span>
    </p>
   </div>
   <div class='ocr_carea' id='block_1_106' title="bbox 2024 5115 3625 5188">
    <p class='ocr_par' dir='ltr' id='par_1_106' title="bbox 2024 5115 3625 5188">
     <span class='ocr_line' id='line_1_106' title="bbox 2024 5115 3625 5188; baseline -0.004 -17"><span class='ocrx_word' id='word_1_780' title='bbox 2024 5118 2156 5171; x_wconf 88' lang='lat' dir='ltr'>liter</span> <span class='ocrx_word' id='word_1_781' title='bbox 2184 5116 2568 5188; x_wconf 88' lang='lat' dir='ltr'>compatiens;</span> <span class='ocrx_word' id='word_1_782' title='bbox 2603 5116 2863 5171; x_wconf 89' lang='lat' dir='ltr'>omnibus</span> <span class='ocrx_word' id='word_1_783' title='bbox 2909 5116 3100 5170; x_wconf 93' lang='lat' dir='ltr'>omnia</span> <span class='ocrx_word' id='word_1_784' title='bbox 3148 5115 3330 5168; x_wconf 87' lang='lat' dir='ltr'>factus</span> <span class='ocrx_word' id='word_1_785' title='bbox 3376 5118 3516 5179; x_wconf 86' lang='lat' dir='ltr'>erat,</span> <span class='ocrx_word' id='word_1_786' title='bbox 3561 5122 3625 5175; x_wconf 80' lang='lat' dir='ltr'>ut</span> 
     </span>
    </p>
   </div>
   <div class='ocr_carea' id='block_1_107' title="bbox 2027 5199 3623 5265">
    <p class='ocr_par' dir='ltr' id='par_1_107' title="bbox 2027 5199 3623 5265">
     <span class='ocr_line' id='line_1_107' title="bbox 2027 5199 3623 5265; baseline -0.004 -4"><span class='ocrx_word' id='word_1_787' title='bbox 2027 5224 2220 5261; x_wconf 90' lang='lat' dir='ltr'>omnes</span> <span class='ocrx_word' id='word_1_788' title='bbox 2245 5206 2313 5260; x_wconf 90' lang='lat' dir='ltr'>ad</span> <span class='ocrx_word' id='word_1_789' title='bbox 2345 5212 2612 5259; x_wconf 65' lang='lat' dir='ltr'>aeternam</span> <span class='ocrx_word' id='word_1_790' title='bbox 2633 5208 2974 5260; x_wconf 83' lang='lat' dir='ltr'>confortaret</span> <span class='ocrx_word' id='word_1_791' title='bbox 3000 5202 3457 5257; x_wconf 86' lang='lat' dir='ltr'>consolationem.</span> <span class='ocrx_word' id='word_1_792' title='bbox 3477 5199 3623 5265; x_wconf 87' lang='lat' dir='ltr'>Quid</span> 
     </span>
    </p>
   </div>
   <div class='ocr_carea' id='block_1_108' title="bbox 2027 5288 3625 5367">
    <p class='ocr_par' dir='ltr' id='par_1_108' title="bbox 2027 5288 3625 5367">
     <span class='ocr_line' id='line_1_108' title="bbox 2027 5288 3625 5367; baseline -0.002 -18"><span class='ocrx_word' id='word_1_793' title='bbox 2027 5294 2235 5367; x_wconf 81' lang='lat' dir='ltr'>plura?</span> <span class='ocrx_word' id='word_1_794' title='bbox 2267 5295 2457 5350; x_wconf 89' lang='lat' dir='ltr'>Multis</span> <span class='ocrx_word' id='word_1_795' title='bbox 2492 5294 2888 5349; x_wconf 88' lang='lat' dir='ltr'>attestantibus</span> <span class='ocrx_word' id='word_1_796' title='bbox 2930 5291 3259 5364; x_wconf 81' lang='lat' dir='ltr'>peregrinus</span> <span class='ocrx_word' id='word_1_797' title='bbox 3291 5296 3414 5344; x_wconf 91' lang='lat' dir='ltr'>erat</span> <span class='ocrx_word' id='word_1_798' title='bbox 3441 5290 3497 5344; x_wconf 93' lang='lat' dir='ltr'>in</span> <span class='ocrx_word' id='word_1_799' title='bbox 3527 5288 3625 5346; x_wconf 57' lang='lat' dir='ltr'>sai-</span> 
     </span>
    </p>
   </div>
   <div class='ocr_carea' id='block_1_109' title="bbox 2029 5378 3625 5457">
    <p class='ocr_par' dir='ltr' id='par_1_109' title="bbox 2029 5378 3625 5457">
     <span class='ocr_line' id='line_1_109' title="bbox 2029 5378 3625 5457; baseline -0.004 -17"><span class='ocrx_word' id='word_1_800' title='bbox 2029 5386 2172 5449; x_wconf 85' lang='lat' dir='ltr'>culo,</span> <span class='ocrx_word' id='word_1_801' title='bbox 2202 5391 2259 5439; x_wconf 90' lang='lat' dir='ltr'>et</span> <span class='ocrx_word' id='word_1_802' title='bbox 2281 5386 2400 5455; x_wconf 90' lang='lat' dir='ltr'>jam</span> <span class='ocrx_word' id='word_1_803' title='bbox 2430 5401 2530 5457; x_wconf 89' lang='lat' dir='ltr'>pro</span> <span class='ocrx_word' id='word_1_804' title='bbox 2561 5392 2713 5437; x_wconf 87' lang='lat' dir='ltr'>certo</span> <span class='ocrx_word' id='word_1_805' title='bbox 2765 5380 3175 5447; x_wconf 86' lang='lat' dir='ltr'>mansionarius</span> <span class='ocrx_word' id='word_1_806' title='bbox 3204 5378 3538 5445; x_wconf 84' lang='lat' dir='ltr'>credebatur</span> <span class='ocrx_word' id='word_1_807' title='bbox 3566 5380 3625 5449; x_wconf 88' lang='lat' dir='ltr'>in</span> 
     </span>
    </p>
   </div>
   <div class='ocr_carea' id='block_1_110' title="bbox 2028 5468 3626 5545">
    <p class='ocr_par' dir='ltr' id='par_1_110' title="bbox 2028 5468 3626 5545">
     <span class='ocr_line' id='line_1_110' title="bbox 2028 5468 3626 5545; baseline -0.002 -17"><span class='ocrx_word' id='word_1_808' title='bbox 2028 5476 2167 5528; x_wconf 79' lang='lat' dir='ltr'>ccelo</span> <span class='ocrx_word' id='word_1_809' title='bbox 2193 5494 2205 5539; x_wconf 88' lang='lat'><strong>;</strong></span> <span class='ocrx_word' id='word_1_810' title='bbox 2240 5474 2406 5528; x_wconf 86' lang='lat' dir='ltr'>facies</span> <span class='ocrx_word' id='word_1_811' title='bbox 2432 5475 2554 5545; x_wconf 88' lang='lat' dir='ltr'>ejus</span> <span class='ocrx_word' id='word_1_812' title='bbox 2579 5471 2850 5543; x_wconf 87' lang='lat' dir='ltr'>jucunda.</span> <span class='ocrx_word' id='word_1_813' title='bbox 2882 5470 3075 5541; x_wconf 89' lang='lat' dir='ltr'>lingua</span> <span class='ocrx_word' id='word_1_814' title='bbox 3105 5470 3229 5539; x_wconf 91' lang='lat' dir='ltr'>ejus</span> <span class='ocrx_word' id='word_1_815' title='bbox 3271 5468 3530 5529; x_wconf 86' lang='lat' dir='ltr'>facunda.</span> <span class='ocrx_word' id='word_1_816' title='bbox 3564 5486 3626 5525; x_wconf 91' lang='lat' dir='ltr'>os</span> 
     </span>
    </p>
   </div>
   <div class='ocr_carea' id='block_1_111' title="bbox 2027 5556 3629 5635">
    <p class='ocr_par' dir='ltr' id='par_1_111' title="bbox 2027 5556 3629 5635">
     <span class='ocr_line' id='line_1_111' title="bbox 2027 5556 3629 5635; baseline -0.003 -17"><span class='ocrx_word' id='word_1_817' title='bbox 2027 5566 2149 5635; x_wconf 91' lang='lat' dir='ltr'>ejus</span> <span class='ocrx_word' id='word_1_818' title='bbox 2180 5564 2234 5616; x_wconf 89' lang='lat' dir='ltr'>in</span> <span class='ocrx_word' id='word_1_819' title='bbox 2278 5563 2498 5616; x_wconf 86' lang='lat' dir='ltr'>laudem</span> <span class='ocrx_word' id='word_1_820' title='bbox 2544 5558 2637 5615; x_wconf 90' lang='lat' dir='ltr'>Dei</span> <span class='ocrx_word' id='word_1_821' title='bbox 2684 5576 2905 5631; x_wconf 91' lang='lat' dir='ltr'>semper</span> <span class='ocrx_word' id='word_1_822' title='bbox 2945 5565 3069 5614; x_wconf 89' lang='lat' dir='ltr'>erat</span> <span class='ocrx_word' id='word_1_823' title='bbox 3107 5566 3384 5632; x_wconf 85' lang='lat' dir='ltr'>apertum.</span> <span class='ocrx_word' id='word_1_824' title='bbox 3430 5556 3629 5629; x_wconf 83' lang='lat' dir='ltr'>Carnis</span> 
     </span>
    </p>
   </div>
   <div class='ocr_carea' id='block_1_112' title="bbox 2029 5646 3630 5734">
    <p class='ocr_par' dir='ltr' id='par_1_112' title="bbox 2029 5646 3630 5734">
     <span class='ocr_line' id='line_1_112' title="bbox 2029 5646 3630 5734; baseline -0.003 -27"><span class='ocrx_word' id='word_1_825' title='bbox 2029 5651 2410 5724; x_wconf 85' lang='lat' dir='ltr'>voluptatibus</span> <span class='ocrx_word' id='word_1_826' title='bbox 2437 5651 2741 5719; x_wconf 76' lang='lat' dir='ltr'>reluctans,</span> <span class='ocrx_word' id='word_1_827' title='bbox 2766 5648 3155 5734; x_wconf 75' lang='lat' dir='ltr'>perfectiorem</span> <span class='ocrx_word' id='word_1_828' title='bbox 3181 5646 3489 5734; x_wconf 70' lang='lat' dir='ltr'>spiritualis</span> <span class='ocrx_word' id='word_1_829' title='bbox 3505 5647 3630 5717; x_wconf 59' lang='lat' dir='ltr'>vita;</span> 
     </span>
    </p>
   </div>
  </div>
