4016 6178
406 311 544 373 15:03

1427 312 1752 371 RADBODI
1787 307 2287 386 NOVIOMENSIS
2323 305 2659 364 EPlSCOPI

3539 302 3686 360 1504

398 438 611 496 lineam
660 441 780 494 toto
824 435 952 494 nisu
1011 437 1453 512 exsequebatur;
1505 437 1838 496 obedientize
1891 437 1997 493 vir-
2019 438 2062 498 A
2084 431 2313 506 patebat
2349 431 2644 504 effugium,
2678 429 2793 484 imo
2841 427 2901 484 in
2943 427 3204 484 manibus
3245 443 3410 484 suum
3451 428 3576 502 ipse
3621 427 3688 483 in

399 533 526 585 tute
554 527 816 584 omnibus
851 545 912 584 se
937 528 1288 594 imitabilem,
1309 529 1634 601 frugalitate
1661 529 1998 584 laudabilem

403 627 464 676 et
504 619 765 676 universa
799 635 1018 674 morum
1059 619 1338 691 probitate
1375 619 1659 692 praebebat
1699 619 1998 690 insignem.

401 709 484 770 De
508 709 714 764 virtute
731 708 791 766 in
819 707 1080 764 virtutem
1101 709 1408 764 secundum
1441 709 1794 764 Psalmistam
1822 716 2003 764 trans-

403 797 709 870 migrabat,
738 803 804 854 ut
831 799 1011 854 Deum
1035 797 1272 853 deorum
1292 797 1480 853 videre
1500 803 1920 870 promereretur
1943 795 2001 852 in

401 887 558 944 Sion.

473 975 530 1032 9.
561 977 824 1032 Decursis
850 976 1043 1049 itaque
1071 993 1199 1032 cum
1228 977 1407 1032 multa
1449 975 1745 1031 honestate
1772 975 2002 1031 inferio-

399 1083 528 1123 rum
557 1065 848 1122 ordinibus
872 1067 1175 1137 graduum,
1205 1073 1330 1139 post
1363 1067 1565 1122 bonam
1595 1083 1788 1121 eorum
1819 1065 2001 1120 admi-

399 1155 820 1222 nistrationem,
851 1155 1040 1211 divina
1060 1156 1163 1211 sibi
1190 1157 1478 1228 aspirante
1503 1156 1708 1227 gratia.
1729 1154 1833 1210 sub
1863 1154 2004 1209 mul-

397 1244 614 1300 timodo
641 1246 939 1317 utriusque
959 1261 1124 1300 sexus
1143 1245 1484 1310 testimonio,
1509 1244 1854 1300 sacerdotale
1878 1261 2006 1315 pro-

400 1339 589 1390 motus
617 1340 704 1390 est
730 1335 798 1388 ad
827 1334 1090 1389 officium.
1128 1334 1308 1390 Simul
1348 1351 1478 1390 vero
1518 1340 1582 1390 ut
1615 1339 1733 1389 tam
1771 1333 2002 1389 sublimi

398 1430 694 1496 promotus
727 1429 814 1478 est
849 1423 1130 1494 dignitati,
1173 1429 1386 1496 quanta
1429 1440 1633 1496 corpus
1673 1440 1837 1478 suum
1877 1440 2002 1495 par-

401 1511 644 1566 cimonia
674 1513 1063 1577 maceraverit,
1111 1513 1236 1585 quis
1282 1519 1472 1586 posset
1511 1513 1828 1584 explanare.
1878 1513 2002 1585 Ipse

403 1599 630 1671 quidem
678 1601 856 1656 multa
882 1617 942 1656 se
985 1601 1246 1672 affligens
1283 1601 1646 1667 abstinentia,
1687 1601 2002 1658 esurientes

398 1687 717 1756 reficiebat;
742 1689 1092 1762 sitiensipse.
1117 1691 1375 1746 sitientes
1393 1691 1766 1752 refocillabat;
1799 1692 1998 1752 nudos.

399 1793 519 1833 suae
547 1793 657 1832 non
683 1795 914 1850 parcens
936 1757 1201 1835 nuditati.
1231 1781 1668 1836 misericorditer
1699 1779 1996 1841 vestiebat;
2019 1757 2062 1816 Β

397 1873 456 1921 et
482 1867 706 1922 omissis
735 1867 820 1922 sui
850 1885 1195 1942 suorumque
1234 1870 1445 1933 usibus,
1477 1870 1749 1942 quidquid
1775 1869 2002 1924 sibimet

397 1955 690 2028 subripere
744 1965 986 2028 poterat.
1039 1959 1378 2030 pauperibus
1416 1970 1468 2013 et
1514 1959 1706 2030 egenis
1764 1959 2001 2030 benigne

400 2045 768 2117 largiebatur.
806 2047 1104 2120 Postquam
1129 2065 1262 2118 ergo
1303 2049 1384 2102 vir
1415 2048 1610 2103 beatus
1639 2049 1994 2117 dignitatem,

402 2141 469 2191 ut
511 2135 860 2205 praelibatum
907 2146 1010 2195 est.
1043 2138 1282 2208 adeptus
1325 2147 1411 2192 est
1448 2137 1767 2198 sacerdotii.
1797 2139 1998 2194 divinae

399 2223 784 2294 dispositionis
797 2226 1002 2296 gratia.
1021 2226 1354 2280 multimoda
1373 2227 1770 2282 miraculorum:
1797 2228 2001 2282 meruit

399 2311 780 2368 declaratione
812 2314 1104 2386 publicari.
1153 2317 1298 2370 Deus
1325 2315 1624 2388 siquidem.
1667 2319 1831 2388 cujus
1885 2317 2002 2388 ipse

402 2399 614 2453 sancth
646 2398 1092 2454 institutionibus
1123 2400 1356 2454 viriliter
1401 2400 1720 2456 elaborabat
1753 2401 1999 2466 obedire,

401 2503 504 2558 per
529 2487 709 2542 multa
738 2505 867 2544 eum
897 2488 1140 2560 insignia
1172 2489 1380 2544 mundo
1409 2506 1519 2544 non
1557 2490 1892 2562 dedignatus
1919 2498 2007 2547 est

400 2573 709 2632 declarare.

1027 2664 1263 2722 CAPUT
1300 2667 1374 2722 II.

401 2824 550 2880 Mira
578 2840 711 2894 erga
731 2827 886 2894 fures
910 2827 1298 2881 benevolentia.
1333 2825 1466 2883 Alia
1488 2829 1767 2896 prodigia.
1793 2829 2005 2898 Episco-

958 2903 1122 2967 patus
1141 2903 1437 2967 susceptus.

472 2999 560 3060 40.
595 3003 845 3076 Contigit
873 3003 1015 3060 forte
1045 3004 1155 3059 illis
1175 3005 1232 3059 in
1264 3004 1461 3060 diebus
1497 3005 1772 3060 latronem
1803 3023 2004 3078 quem-

401 3089 533 3148 dam
585 3091 792 3148 .ineam
821 3094 1074 3164 ejusdem
1109 3095 1300 3148 Sancti
1331 3103 1498 3150 noctu
1531 3075 1835 3167 irrupisse.
1858 3117 1888 3149 n
1916 3075 2062 3151 ιιι-ίΣ

399 3187 572 3254 taque
593 3199 720 3236 cum
751 3182 1026 3238 aviditate
1063 3199 1199 3238 uvas
1227 3190 1285 3238 et
1309 3183 1587 3255 palmites,
1628 3191 1686 3239 et
1731 3183 1999 3256 quidquid

399 3271 650 3344 arripere
700 3273 884 3344 potuit
925 3274 1298 3328 irreverenter
1341 3273 1724 3346 discerpsisse.
1768 3274 2006 3329 Secubat

398 3361 588 3432 gladio
625 3361 776 3430 quod
818 3377 985 3417 manu
1015 3361 1332 3434 discerpere
1359 3379 1470 3417 non
1501 3371 1739 3434 poterat.
1772 3381 2006 3435 quasque

401 3466 632 3505 manum
674 3451 911 3506 evadere
945 3459 1224 3523 poteram,
1260 3451 1495 3522 pedibus
1535 3453 1830 3506 atterendo
1879 3468 2006 3507 con-

399 3539 676 3594 culcabat.
711 3541 952 3594 Sanctus
999 3547 1188 3594 autem
1239 3541 1536 3595 Medardus
1585 3543 1702 3612 ipsa
1743 3541 1994 3596 fortassis

401 3628 598 3684 eadem
657 3629 796 3682 hora
853 3628 1034 3682 solitis
1089 3628 1451 3683 incumbebat
1493 3629 1872 3686 orationibus:
1917 3637 1990 3694 et,

400 3715 548 3770 sicut
575 3716 900 3786 hujusmodi
922 3716 1084 3771 decot
1108 3717 1411 3778 hominem,
1435 3719 1606 3772 [)eum
1634 3727 1748 3772 tam
1775 3737 1872 3790 pro
1897 3720 1998 3774 ini-

401 3804 564 3859 micis
583 3821 751 3872 quam
773 3823 872 3877 pro
891 3805 1087 3860 amicis
1111 3805 1536 3876 deprecabatur.
1561 3812 1794 3862 Urasset
1810 3817 1998 3863 autem

400 3908 596 3958 necne,
655 3911 764 3948 non
809 3894 1154 3950 dormitabat
1201 3903 1414 3959 tamen,
1467 3913 1647 3967 neque
1689 3897 2003 3952 dormiebat

397 3983 629 4056 pervigil
663 3993 852 4038 custos
881 3985 1071 4039 Israel.
1114 3985 1253 4040 Cum
1295 3985 1443 4038 enim
1489 3986 1659 4040 miser
1698 3987 1816 4058 ipse
1856 3988 1998 4042 latro

399 4071 581 4144 plenis
609 4074 792 4144 praeda
816 4072 1072 4127 manibus
1097 4074 1344 4143 effugere
1364 4085 1682 4129 conaretur.
1697 4084 1814 4129 tota
1838 4085 2000 4130 nocte

397 4159 621 4216 vineam
677 4161 974 4225 circuiens,
1027 4163 1244 4216 aditum
1299 4163 1537 4216 exeundi
1597 4163 1842 4234 reperire
1891 4181 1998 4218 non

399 4252 616 4322 potuit;
667 4249 798 4308 imo.
851 4251 1016 4305 vellet
1061 4251 1250 4310 nollet.
1286 4251 1355 4305 ad
1399 4269 1575 4322 usque
1605 4269 1865 4306 autoram
1896 4271 2000 4308 suo

399 4338 522 4411 ipse
546 4341 695 4395 furto
734 4339 1042 4397 devinctus.
1088 4339 1294 4394 ibidem
1338 4347 1459 4395 tota
1498 4340 1617 4412 ipsa
1669 4350 1830 4396 nocte
1880 4359 2002 4413 per-

2083 524 2268 596 palam
2313 520 2642 594 praeferebant
2681 518 2979 590 judicium.
3020 517 3350 574 Abstractus
3387 519 3620 574 demum
3649 533 3692 570 a

2083 611 2334 670 latibulo.
2369 608 2712 665 confusionis
2741 625 2856 663 suae
2892 607 3257 678 ignominiam
3287 608 3575 662 confessus
3599 611 3692 660 est

2083 702 2140 758 in
2165 701 2404 773 publico.
2438 699 2736 754 Confessus
2765 705 2854 754 est
2891 714 2950 752 se
2981 697 3236 768 rapiendi
3273 713 3443 752 causa
3488 696 3690 751 furtim

2085 791 2302 846 vineam
2328 788 2629 860 irrupisse;
2663 793 2739 843 et.
2770 803 2898 842 cum
2935 786 3176 841 maxima
3220 795 3380 858 parte
3405 786 3584 841 noctis
3612 785 3688 840 ad

2083 879 2138 934 id
2166 879 2530 940 elaborasset,
2560 893 2838 949 nusquam
2869 875 3078 930 exitum
3100 875 3396 940 reperisse.
3433 874 3574 929 Erat
3608 874 3687 928 ibi

2083 968 2277 1024 videre
2323 967 2631 1032 miseriam,
2662 965 2849 1022 videre
2881 963 3145 1020 miserum
3198 964 3358 1019 illum
3399 965 3458 1018 in
3501 963 3688 1035 seipso

2084 1075 2198 1113 sua:
2224 1064 2449 1129 gestare
2476 1055 2814 1112 sententiam
2845 1053 3242 1117 damnationis,
3295 1053 3392 1124 qui
3429 1059 3490 1108 et
3532 1053 3688 1124 rapi-

2083 1163 2214 1202 nam
2243 1145 2628 1219 praeripuerat.
2663 1150 2721 1200 et
2747 1142 2818 1198 ab
2845 1143 2969 1214 ipsa
2996 1159 3101 1197 sua
3139 1141 3338 1214 rapina
3368 1141 3595 1213 publice
3625 1157 3688 1196 se

2083 1235 2460 1292 confitebatur
2504 1232 2797 1290 coarctari.
2849 1232 2930 1286 De
2977 1231 3271 1286 latrocinio
3310 1248 3416 1286 suo
3454 1237 3690 1302 gustare

2083 1341 2195 1380 non
2227 1323 2430 1396 potuit,
2461 1329 2520 1378 et
2547 1321 2680 1395 quia
2699 1325 2956 1376 sanctum
2984 1321 3333 1375 sacerdotem
3363 1319 3574 1390 injuste
3603 1319 3688 1372 in-

2083 1412 2441 1485 sequebatur,
2469 1410 2953 1466 condemnatiouis
2977 1426 3094 1464 suae
3119 1408 3430 1480 periculum
3454 1407 3689 1478 impune

2083 1519 2198 1558 non
2245 1495 2440 1556 evasit.
2490 1499 2861 1572 Adjudicatus
2915 1515 3052 1570 ergo
3099 1499 3219 1568 jam
3269 1500 3578 1568 cogebatur
3617 1496 3692 1550 ad

2085 1591 2444 1664 supplicium.
2462 1607 2588 1646 cum
2611 1596 2839 1644 sanctus
2859 1589 2979 1660 ipse
3001 1585 3264 1642 sacerdos
3291 1603 3354 1642 ex
3385 1586 3691 1658 improviso

2084 1697 2406 1747 accurrens,
2441 1680 2646 1734 misero
2674 1681 2856 1734 factus
2881 1684 2969 1732 est
2999 1676 3438 1732 munimentum.
3476 1675 3698 1730 Memor

2081 1769 2358 1842 siquidem
2401 1767 2506 1823 Dei
2549 1784 2742 1822 servus
2791 1765 3089 1821 Dominicaa
3142 1763 3432 1822 orationis.
3475 1763 3535 1818 in
3579 1779 3697 1835 qua

2081 1875 2348 1914 oramus:
2387 1878 2408 1906 ι
2450 1857 2682 1911 Dimitte
2712 1854 2891 1910 nobis.
2943 1854 3092 1908 sicut
3120 1861 3178 1907 et
3207 1869 3307 1907 nos
3351 1851 3698 1906 dimittimus

2081 1947 2430 2002 debitoribus
2463 1945 2704 2010 nostris;
2751 1965 2773 1996 ι
2811 1943 2892 1998 vix
2923 1943 2993 1998 de
3020 1942 3280 2000 manibus
3321 1957 3452 1994 eum
3482 1941 3700 2012 eripuit

2081 2037 2497 2108 insequentium
2524 2053 2536 2088 :
2565 2034 2877 2105 blandeque
2897 2050 2960 2086 at:
2979 2031 3596 2090 leniterdemuleendo.
3621 2029 3694 2082 ab

2081 2125 2185 2180 hac
2217 2142 2342 2180 eum
2370 2125 2532 2196 rulpa
2565 2124 2872 2177 clementer
2901 2120 3155 2180 absolvit.
3171 2128 3228 2174 et
3243 2136 3370 2173 eum
3401 2119 3552 2172 εἰναι
3572 2124 3698 2173 erat

2082 2223 2320 2270 onustus
2340 2213 2496 2268 abire
2523 2213 2696 2266 libere
2728 2209 3002 2283 permisit.

2163 2305 2250 2361 ll.
2291 2305 2408 2360 llac
2438 2305 2633 2358 eadem
2672 2300 2938 2367 patientia
2974 2299 3057 2352 vir
3085 2304 3315 2353 sanctus
3355 2297 3696 2369 plerumque

2085 2401 2143 2448 et
2171 2393 2228 2448 in
2257 2393 2396 2447 alios
2418 2410 2551 2447 usus
2570 2401 2672 2446 est.
2692 2390 2945 2456 Quodam
2979 2405 3223 2460 namque
3255 2397 3531 2458 tempore.
3561 2403 3694 2442 cum

2087 2489 2252 2538 not-tu
2289 2483 2434 2536 latro
2463 2481 2607 2534 alius
2637 2497 2770 2550 apes
2799 2495 2930 2534 suas
2949 2471 3353 2548 subripuisset:
3383 2493 3520 2547 apes
3553 2477 3690 2547 ipsze

2087 2573 2145 2626 in
2174 2571 2352 2625 sancti
2385 2570 2483 2624 viri
2511 2570 2800 2626 ultionem.
2837 2568 3045 2622 relictis
3093 2567 3238 2620 vasis
3276 2566 3394 2622 suis
3456 2566 3688 2620 malefa-

2085 2668 2295 2714 ctorem
2329 2659 2484 2714 iilum
2517 2657 2958 2729 circunnluaque
2980 2656 3369 2724 diffugentem,
3410 2655 3694 2709 acerrima

2084 2757 2246 2802 eoten
2255 2765 2319 2802 us
2349 2747 2480 2801 insti
2490 2746 2798 2801 mulatione
2811 2753 3112 2818 persecutae
3123 2751 3274 2799 sunt.
3293 2759 3592 2813 quousque
3621 2743 3698 2796 ad

2086 2841 2375 2892 Sanctum.
2429 2837 2594 2891 vellet
2642 2834 2833 2898 nollet,
2877 2833 3296 2905 regrederetur;
3329 2841 3386 2886 et
3414 2833 3541 2903 ejus
3569 2848 3701 2904 pro-

2085 2922 2308 2976 volutus
2337 2921 2602 2993 vestigiis.
2633 2921 2965 2994 suppliriter
2989 2937 3090 2992 pro
3115 2919 3416 2974 commisso
3454 2919 3700 2973 crimine

2085 3011 2304 3066 veniam
2355 3019 2701 3082 precaretur.
2749 3009 2849 3065 (‘ui
2901 3026 3024 3063 mox
3067 3016 3129 3063 ut
3171 3017 3410 3062 ranctus
3457 3023 3695 3062 manum

2086 3099 2338 3155 extendit
2383 3099 2806 3157 benedictionis.
2843 3107 2902 3153 et
2939 3115 3074 3169 apes
3110 3105 3380 3168 tanquam
3417 3095 3692 3150 obedien-

2087 3199 2174 3244 tes
2236 3189 2307 3243 ab
2371 3190 2496 3260 ejus
2557 3188 2904 3243 insecuti-nne
2967 3193 3345 3244 cessaverunt.
3409 3192 3470 3240 et
3533 3185 3688 3240 anti-

2089 3295 2200 3350 quo
2229 3277 2441 3332 domini
2491 3277 2580 3333 sui
2625 3277 2876 3332 dominio
2919 3276 3210 3330 evidenter
3251 3291 3376 3329 sese
3425 3274 3692 3329 reddide-

2088 3373 2242 3423 runt.

2167 3455 2227 3514 l'Z
2280 3457 2358 3511 De
2382 3461 2548 3510 tauro
2572 3471 2816 3527 quoque,
2845 3453 2941 3525 qui
2983 3453 3034 3508 ei
3073 3453 3337 3508 similiter
3369 3452 3525 3506 furto
3565 3452 3700 3508 sub-

2079 3547 2226 3600 latus
2257 3555 2361 3608 est,
2408 3561 2518 3599 non
2552 3551 2640 3598 est
2668 3543 2990 3608 tacendum,
3043 3559 3112 3596 ne.
3151 3542 3405 3595 nesciant
3453 3543 3693 3595 malefa-

2079 3645 2283 3690 ctores.
2337 3650 2530 3687 curam
2571 3649 2678 3687 non
2730 3631 3003 3686 modicam
3059 3632 3169 3686 Deo
3220 3647 3343 3684 esse
3385 3647 3560 3695 super
3603 3648 3699 3700 op—

2085 3722 2373 3794 pressione
2402 3722 2650 3776 fidelium
2681 3737 2910 3774 suorum
2963 3719 3211 3774 Taurum
3236 3719 3385 3774 illius
3407 3719 3694 3789 malignus

2084 3811 2310 3882 quidam
2341 3811 2530 3865 furtim
2559 3810 2615 3864 in
2650 3818 2868 3864 exteras
2898 3807 3176 3862 abducere
3207 3825 3394 3878 partes
3425 3825 3694 3877 praesumo

2085 3911 2213 3972 psit.
2246 3913 2304 3954 et
2332 3917 2402 3954 ne
2421 3899 2492 3953 ab
2507 3900 2698 3970 aliquo
2719 3899 3131 3969 insequentium
3150 3897 3696 3968 deprehenderetur,

2083 3989 2522 4043 tintinnabulum
2543 3988 2689 4060 quod
2719 4006 2749 4041 a
2781 3987 2922 4041 Collo
2947 3985 3298 4056 dependebat
3322 3995 3686 4056 puerepturn,

2084 4079 2257 4132 multa
2300 4077 2576 4149 graminis
2620 4075 2989 4148 impressione
3032 4074 3327 4128 obstruxit.
3357 4079 3500 4127 Cum
3550 4091 3688 4141 ergo

2082 4165 2304 4220 nemine
2323 4184 2384 4220 se
2413 4167 2742 4236 insequente.
2764 4165 2819 4218 in
2847 4163 3068 4234 propria
3099 4163 3432 4228 devenisset,
3466 4167 3526 4216 et
3560 4164 3698 4216 alie-

2083 4273 2217 4310 num
2259 4255 2398 4310 illud
2437 4271 2607 4326 pecus
2639 4255 2758 4324 jam
2792 4270 2857 4308 ex
2887 4261 3040 4307 certo
3089 4252 3177 4306 sui
3217 4269 3339 4306 esse
3381 4251 3536 4322 juris
3584 4269 3695 4306 non

2081 4345 2424 4416 desperaret.
2454 4343 2511 4398 in
2536 4342 2978 4398 tintinnabulum
3005 4341 3164 4400 illud.
3209 4340 3355 4412 quod
3400 4341 3482 4394 sic
3525 4342 3694 4394 dam-

399 4428 784 4494 mansit.Quid
805 4427 1042 4499 ageret?
1079 4431 1128 4483 A
1158 4446 1380 4484 summo
1411 4447 1586 4500 usque
1614 4429 1684 4484 ad
1711 4448 1993 4486 summum
2019 4433 2061 4490 ι)
2080 4440 2333 4498 naverat,
2376 4433 2546 4486 rediit
2596 4433 2844 4497 sonitus;
2888 4431 3028 4485 adeo
3077 4438 3140 4484 ut
3193 4430 3510 4500 ubirunque
3544 4435 3695 4483 esset

398 4517 618 4572 vineam
644 4524 764 4573 tum
792 4519 1058 4589 rependo.
1099 4525 1218 4572 tum
1249 4517 1616 4572 discurrendo
1645 4519 1992 4592 circumquao

402 4621 512 4677 que
570 4606 930 4678 percurrebat
973 4624 986 4659 :
1035 4605 1324 4660 obstrusos
1364 4606 1468 4661 sibi
1510 4609 1758 4662 sentiens
1795 4609 1998 4674 exitus,

400 4693 609 4766 iniqua:
637 4711 752 4750 suae
790 4694 1002 4748 malitia
1038 4695 1390 4749 conscientia:
1431 4697 1733 4750 admodum
1781 4707 2002 4769 torque-

400 4781 585 4838 batur.
629 4783 798 4838 Miser
841 4784 958 4854 ipse
989 4800 1124 4837 uvas
1153 4801 1294 4854 quas
1323 4784 1680 4856 decerpserat
1716 4785 2000 4842 dimittere

400 4887 512 4926 non
545 4879 787 4944 poterat,
812 4871 924 4926 imo
946 4879 1215 4942 tanquam
1256 4873 1512 4944 proprias
1540 4876 1608 4928 ad
1632 4883 1996 4945 augmentum

392 4961 592 5033 judicit
616 4961 704 5015 sui
735 4976 1022 5015 reservare
1051 4959 1356 5032 cogebatur
1414 4965 1634 5018 Aurora
1673 4963 1846 5034 igitur
1874 4965 1998 5018 illu-

398 5058 674 5117 cescente,
705 5051 966 5105 custodes
995 5051 1183 5104 subito
1212 5051 1588 5116 conveniunt;
1622 5055 1840 5108 vineam
1869 5071 1999 5108 con-

399 5141 698 5197 culcatam.
733 5139 992 5212 palmites
1033 5139 1338 5211 disruptos,
1381 5141 1830 5214 vindemiamque
1869 5144 2000 5196 irre-

397 5229 989 5286 verenterdesecatam
1016 5229 1324 5300 reperiunt;
1343 5237 1402 5282 et
1423 5246 1454 5282 e
1473 5229 1703 5301 vestigio
1722 5232 1997 5286 latronem

395 5318 834 5390 circumquaque
871 5317 1248 5389 insequuntur
1321 5317 1676 5389 Stupefactus
1737 5319 1994 5374 nimium.

395 5417 592 5480 raptor
618 5407 827 5467 infelix.
857 5407 1072 5462 latebat
1119 5406 1177 5460 in
1225 5406 1407 5472 vinea,
1451 5424 1618 5478 quem
1663 5424 1765 5462 sua
1825 5409 2000 5480 ipsius

397 5498 616 5570 rapina.
645 5503 916 5569 tanquam
941 5497 1059 5566 jam
1086 5495 1401 5567 judimtum
1434 5513 1576 5568 pene
1600 5498 2000 5553 condemnave-

398 5593 506 5642 rat.
541 5585 790 5642 Tenebat
819 5585 1047 5656 quidem
1073 5601 1326 5656 rapinam
1353 5584 1410 5639 in
1445 5585 1723 5647 manibus,
1748 5587 1860 5640 imo
1881 5588 2000 5660 ipse

401 5689 439 5731 ι
464 5689 570 5732 sua
593 5673 771 5744 ipsius
801 5673 1002 5753 rapina
1027 5674 1359 5741 tenebatur;
1389 5674 1611 5731 nullum
1641 5675 1763 5748 jam
1790 5676 2000 5735 misero

2083 4523 2416 4594 repositum,
2446 4535 2503 4577 et
2525 4522 2740 4593 jugiter
2761 4528 3008 4584 sonaret,
3041 4529 3098 4574 et
3116 4519 3560 4589 circumquaque
3586 4533 3692 4570 au-

2082 4611 2318 4666 diretur.
2352 4610 2619 4665 Abditum
2653 4611 2856 4682 saepius
2895 4609 2952 4662 in
2993 4608 3264 4664 cubiculis
3296 4606 3691 4677 penetralium,

2083 4718 2140 4754 in
2167 4699 2374 4754 srrinio
2405 4699 2487 4752 vel
2515 4715 2643 4753 arca
2678 4701 3027 4769 frequentius
3061 4697 3434 4759 reconditum,
3465 4711 3694 4766 semper

2083 4794 2269 4842 tamen
2318 4798 2376 4842 et
2425 4787 2518 4840 ubi
2539 4803 2631 4858 jue
2665 4786 2954 4840 liberrimo
2999 4787 3206 4852 sonitu,
3252 4785 3488 4838 latronis
3542 4785 3692 4837 IlllUs

2081 4877 2426 4931 declamabat
2449 4877 2579 4946 llagi
2610 4876 2746 4930 ium.
2781 4875 3100 4930 Audiebant
3129 4873 3288 4927 vicini
3321 4881 3378 4926 et
3400 4873 3684 4926 miraban-

2080 4974 2200 5032 tur;
2242 4965 2372 5036 quid
2407 4973 2594 5019 tamen
2625 4981 2713 5018 res
2736 4963 3107 5036 praetenderet
3146 4963 3382 5016 necdum
3414 4961 3681 5024 scientes,

2082 5069 2348 5124 magnum
2378 5054 2591 5125 aliquid
2617 5053 2902 5124 designati
2948 5052 3388 5106 arbitrabantur.
3429 5049 3686 5103 Frauduo

2081 5144 2268 5197 lentus
2295 5143 2521 5197 demum
2545 5143 2829 5204 latro,sua
2843 5141 2941 5196 diu
2965 5149 3146 5196 tortus
3171 5138 3536 5196 conscientia.
3554 5155 3679 5192 cum

2075 5233 2192 5302 jam
2226 5247 2286 5286 se
2307 5249 2406 5303 pro
2421 5241 2578 5285 tanto
2599 5231 2867 5285 miraculo
2886 5229 3398 5299 divinajudicatum
3422 5228 3689 5297 pertime-

2081 5329 2264 5376 sreret
2292 5323 2348 5375 in
2387 5329 2704 5392 praesent'a,
2749 5319 2944 5374 amicis
2979 5318 3097 5373 suis
3137 5326 3196 5372 et
3232 5317 3518 5372 afﬁnibus.
3557 5316 3688 5387 quin

2075 5411 2194 5482 jam
2227 5411 2410 5464 celare
2439 5425 2548 5464 non
2587 5427 2620 5480 p
2645 5417 2830 5464 iterat.
2862 5408 3160 5464 factionem
3195 5408 3341 5461 ham:
3371 5405 3690 5475 ﬂagitiosis~

2081 5500 2280 5554 simam
2312 5497 2750 5570 lacrymabiliter
2779 5497 3064 5554 disseruit.
3119 5504 3175 5548 et
3213 5511 3407 5548 eorum
3445 5493 3686 5564 sapienti

2083 5605 2218 5644 usus
2244 5587 2498 5650 consilio,
2533 5587 2589 5640 S.
2625 5586 2909 5651 Medardo,
2941 5584 3092 5657 quod
3127 5583 3374 5654 maligne
3394 5581 3690 5638 defrauda-

2081 5686 2260 5745 verat,
2293 5674 2623 5748 suppliciter
2642 5675 2908 5730 restituit.
