4016 6178
296 298 442 361 1505
1611 296 1783 354 VITA
1821 297 1880 352 S.
1919 293 2268 353 MEDARDI.
3431 295 3572 359 1506

362 422 453 481 13.
488 423 601 479 Rex
652 426 847 495 postea
902 421 1262 478 Chlotharius
1309 423 1611 480 exercitum
1647 441 1892 483 movens,
1915 424 1965 482 A
2055 420 2141 474 15.
2167 418 2417 490 Contigit
2447 435 2581 491 ergo
2601 435 2668 474 eo
2696 419 2755 475 in
2786 424 3039 493 tempore
3070 423 3571 482 Viromandensem

291 514 587 569 Summam
618 513 890 567 violenter
919 513 1178 567 transivit
1206 515 1457 569 ﬂuvium.
1492 521 1550 568 et
1577 514 1897 583 ubicunque
1980 508 2323 580 episcopum.
2348 509 2443 580 qui
2475 526 2574 580 per
2598 509 2812 579 aliquot
2861 527 3137 568 annorum
3186 515 3464 570 curricula
3491 516 3573 588 ip-

289 604 479 673 potuit
503 602 877 673 depraedatus,
909 602 1174 671 adjacens
1213 621 1381 658 omne
1435 604 1749 659 devastavit
1779 610 1896 657 ter-
1977 614 2096 652 sam
2131 607 2348 653 rexerat
2384 599 2707 661 Ecclesium.
2737 600 2835 654 Dei
2890 603 2970 657 sic
3030 605 3442 674 praeordinante
3465 607 3574 663 cle-

289 691 571 746 ritorium.
611 691 750 746 Cum
787 692 963 745 multa
1006 692 1101 745 ille
1154 694 1339 763 praeda
1385 694 1531 748 inter
1560 693 1892 748 Noviomum
1980 687 2206 741 mentia.
2239 686 2488 741 diVinum
2537 688 2607 742 ad
2652 689 2926 759 judicium
2981 693 3235 747 evocari:
3277 699 3334 748 et
3369 711 3574 765 sponso

295 780 689 835 revertebatur
704 788 763 834 et
792 782 1024 845 lsaram;
1047 798 1235 836 verum
1269 783 1397 853 quia
1427 789 1486 837 et
1512 783 1894 853 episcopatum

290 870 793 925 Viromandensem
812 876 870 925 et
886 887 1007 940 qum
1023 870 1127 925 sub
1142 870 1236 925 illa
1254 871 1898 943 degebantEcclesia,de-

295 961 585 1030 praedatus
607 966 750 1013 erat.
773 959 973 1013 dixinte
997 959 1225 1013 ultionis
1239 959 1406 1030 digne
1444 966 1502 1014 et
1543 960 1900 1015 laudabiliter

290 1048 706 1122 praedicandam
735 1065 844 1102 non
863 1048 1040 1102 evasit
1053 1049 1661 1104 sententiam.Parcens
1691 1049 1897 1121 quippe

292 1137 571 1193 Dominus
619 1146 678 1192 et
700 1137 804 1210 ipsi
830 1136 1182 1202 Chlothario,
1225 1145 1283 1193 et
1309 1140 1404 1208 qui
1434 1155 1559 1193 cum
1584 1141 1704 1210 ipso
1733 1145 1897 1195 erant

294 1226 667 1298 participibus
708 1228 875 1295 hujus
904 1226 1175 1290 criminis,
1209 1243 1382 1298 equos
1409 1234 1598 1282 tamen
1614 1244 1807 1282 eorum
1838 1235 1896 1283 et

290 1317 481 1370 omnia
496 1317 1024 1387 vehicula.plaustra
1046 1316 1257 1370 scilicet
1275 1322 1333 1370 et
1350 1316 1462 1370 alia
1482 1316 1685 1388 quibus
1707 1317 1895 1387 praida

293 1406 654 1465 avellebantur.
690 1406 830 1460 adeo
850 1405 1121 1460 divinitus
1153 1405 1349 1461 aﬂixit.
1377 1413 1440 1460 ut
1468 1423 1566 1477 per
1593 1423 1761 1461 omne
1787 1407 1894 1461 tri-

290 1494 465 1549 duum
500 1512 531 1548 a
561 1495 680 1548 loco
713 1494 805 1548 illo
834 1495 987 1549 nullo
1016 1495 1183 1549 modo
1237 1504 1464 1567 possent
1511 1497 1734 1551 moveri.
1769 1497 1885 1550 Per-

292 1583 595 1653 spirientes
618 1592 807 1637 autem
840 1592 1060 1637 tantum
1117 1583 1221 1637 hoc
1281 1583 1374 1637 llei
1421 1583 1773 1644 miraculum.
1816 1584 1886 1639 ad

287 1682 544 1726 sanctum
578 1672 675 1726 Dei
707 1673 1053 1726 sacerdotem
1086 1671 1436 1732 Medardum.
1464 1674 1559 1743 qui
1589 1680 1722 1743 tunc
1751 1683 1890 1727 tem-

1978 775 2236 831 Ect-lesiaa
2262 784 2555 848 praerepto.
2575 778 2877 833 Ecclesiam
2901 779 3052 834 illam
3076 799 3174 852 per
3188 783 3410 854 aliquod
3434 791 3573 839 tem-

1978 865 2131 935 poris
2185 865 2429 936 spatium
2487 866 2723 921 viduari.
2785 868 3029 924 Peractis
3091 888 3222 926 vero
3288 888 3399 926 non
3450 872 3574 928 sine

1984 954 2159 1008 multo
2190 955 2319 1009 ﬂetu
2352 954 2596 1026 episcopi
2646 956 2732 1010 sui
2788 957 3033 1014 excubiis
3076 960 3223 1031 regis
3250 967 3308 1015 et
3337 961 3575 1031 optima-

1977 1045 2098 1096 tum
2121 1058 2372 1102 assensu,
2403 1042 2816 1100 smctissimum
2849 1048 3197 1103 sacerdotem
3242 1050 3572 1106 Medardum

1977 1130 2134 1202 plebs
2158 1132 2343 1185 omnis
2376 1131 2471 1186 illa
2502 1132 2981 1196 Viromandensis.
3023 1143 3081 1192 et
3133 1153 3329 1193 omnes
3391 1140 3571 1195 eidem

1979 1220 2276 1291 provinciae
2307 1222 2646 1292 adjacentes.
2705 1223 3029 1295 episcopum
3077 1226 3181 1281 sibi
3230 1227 3574 1284 unanimiter

1976 1308 2360 1364 acclamabant
2425 1311 2786 1366 consecrari:
2828 1330 3067 1384 quorum
3135 1316 3390 1386 petitioni
3440 1334 3570 1373 cum

1974 1397 2207 1460 diutius,
2240 1398 2532 1470 indignum
2563 1418 2624 1454 se
2669 1401 2948 1471 judicans.
2993 1402 3077 1457 vir
3108 1404 3201 1459 Dei
3235 1407 3566 1475 restitisset;

1973 1486 2158 1542 divina
2192 1488 2416 1542 tandem
2447 1490 2810 1560 dispositione
2840 1492 3187 1547 multimodis
3215 1510 3407 1549 eorum
3443 1513 3572 1567 pre-

1972 1575 2130 1641 cibus
2157 1577 2425 1645 fatigatus
2482 1595 2772 1634 assensum
2797 1580 2829 1632 d
2869 1580 2970 1644 dit,
3002 1588 3059 1636 et
3110 1582 3572 1640 Viromandensis

1975 1665 2311 1734 praesulatus
2347 1683 2540 1721 curam
2576 1669 2899 1738 regendam.
2935 1686 3043 1724 non
3099 1672 3220 1727 sine
3274 1673 3571 1728 ἀρχιοῐίμεί-

290 1760 446 1831 poris
502 1761 805 1816 Salentiaci
861 1760 1271 1825 remorabatur,
1324 1762 1649 1832 suppliciter
1695 1764 1891 1817 confu-
1916 1780 1958 1841 Β
1978 1771 2067 1808 mu
2095 1755 2280 1808 cordis
2301 1758 2730 1827 cnmpunclione
2761 1759 3003 1830 snsrepit
3042 1760 3140 1830 ι3).
3172 1761 3367 1816 Flebat
3391 1762 3570 1833 siqui-

288 1849 501 1918 giant:
556 1851 718 1921 eique
772 1850 1027 1905 unanimi
1083 1850 1393 1914 devotione,
1428 1868 1551 1921 qua:
1586 1851 1888 1923 depraedati

289 1938 520 1993 fuerant
548 1941 931 2003 restituentes,
972 1957 1096 1995 cum
1127 1940 1198 1994 ab
1249 1957 1317 1994 eo
1366 1957 1536 2012 snper
1581 1941 1894 1997 commissis

292 2027 703 2082 absolutionem
730 2029 1128 2100 suscepissent,
1158 2028 1345 2083 divino
1380 2029 1476 2083 illo
1508 2030 1725 2085 vinculo
1747 2048 1896 2085 reso-

288 2116 414 2172 luti.
450 2117 558 2171 la-ti
591 2126 648 2171 et
674 2118 888 2172 alacres
911 2118 978 2171 ad
1006 2117 1232 2189 prOpria
1261 2120 1464 2173 reveusi
1492 2127 1642 2173 sunt.
1673 2119 1719 2174 Ο
1748 2120 1890 2175 mira

292 2210 352 2259 et
382 2206 678 2261 inell'abilis
709 2207 806 2261 Dei
839 2206 1134 2262 clementia
1161 2208 1173 2260 ε
1209 2207 1496 2279 Quosipse
1536 2209 1890 2278 Deusjudicii

289 2294 379 2350 sui
400 2312 500 2366 per
515 2296 764 2351 triduum
781 2297 1098 2366 justissima
1117 2296 1888 2366 ligaveratcondemnatione.

291 2391 524 2438 sanctus
543 2384 1335 2439 confessorMedardusunoin
1360 2394 1643 2440 momento
1674 2386 1890 2441 indulta

288 2473 561 2528 relaxavit
596 2473 975 2530 absolutione.
1015 2474 1159 2528 Vere
1211 2474 1405 2546 lingua
1440 2475 1586 2529 Petri
1615 2481 1673 2530 et
1695 2475 1787 2545 qui
1820 2475 1891 2529 ab

289 2578 356 2617 eo
386 2562 720 2633 suscipiunt.
749 2563 931 2616 claves
960 2568 1095 2617 sunt
1142 2565 1298 2634 regni
1356 2564 1644 2623 ctelorum.
1688 2564 1892 2635 quibus

289 2666 618 2705 concessum
654 2659 740 2706 est
768 2667 899 2706 vere
924 2650 1261 2723 ptrnitentes
1288 2658 1405 2706 tam
1438 2658 1699 2724 potenter
1725 2670 1759 2707 a
1788 2669 1887 2708 ne-

285 2738 447 2795 xibus
465 2739 752 2795 absolvere
770 2748 1125 2811 peccatorum
1151 2740 1221 2809 I'Z)

358 2828 427 2885 14
477 2829 644 2885 Tosio
675 2830 1028 2901 postmodum
1065 2829 1291 2901 quidam
1347 2830 1442 2902 qui
1468 2831 1549 2885 sic
1574 2829 1883 2899 dicebatur,

290 2916 621 2987 gravissima
655 2917 925 2973 daemonis
961 2918 1259 2989 depressus
1304 2919 1683 2976 infestatione.
1712 2920 1782 2974 ad
1814 2920 1887 2973 vi-

288 3022 413 3060 rum
447 3005 548 3061 Dei
576 3023 684 3060 non
716 3006 836 3061 sine
867 3008 1041 3061 multa
1076 3015 1370 3078 parentum
1427 3024 1525 3062 seu
1576 3008 1883 3063 amicorum

291 3110 523 3149 suorum
559 3095 859 3165 perductus
915 3103 1001 3151 est
1056 3096 1405 3167 fatigatione.
1442 3098 1645 3152 Dolens
1695 3109 1882 3153 autem

289 3183 528 3239 Sanctus
548 3184 686 3255 ipse.
708 3202 738 3238 a
761 3184 1108 3245 diabolo,Dei
1124 3194 1563 3257 pncticrupatani
1596 3203 1717 3240 esse
1746 3187 1888 3242 ima-

284 3273 497 3343 ginem.
546 3274 973 3329 ﬁdentiSsimum
1004 3275 1071 3328 ad
1133 3275 1309 3329 Deutn
1365 3275 1509 3330 fudit
1550 3276 1884 3337 orationem.

288 3378 529 3432 moxque
555 3362 716 3432 signo
776 3363 958 3418 crucis
1010 3364 1290 3435 imposito.
1341 3365 1728 3435 potentissima
1768 3366 1889 3437 Spi-

286 3451 432 3506 ritus
478 3451 657 3506 sancti
721 3452 944 3509 virtute.
987 3465 1045 3507 et
1089 3453 1375 3508 diabolum
1424 3454 1657 3524 expulit.
1699 3462 1755 3509 et
1796 3456 1890 3509 ho-

287 3541 496 3594 minem
531 3542 685 3595 illum
721 3540 776 3594 in
802 3542 1093 3612 pristinam
1115 3543 1413 3597 sanitatem
1446 3543 1709 3598 restituit.
1741 3545 1885 3600 Tan-

284 3635 407 3685 tum
441 3630 588 3684 hunc
619 3630 712 3684 Dei
736 3648 956 3686 servum
1001 3631 1156 3703 piehs
1187 3631 1442 3686 univetsa
1474 3632 1881 3699 admirabatur,

284 3726 351 3773 ut
379 3718 648 3790 quidquid
679 3736 742 3773 ex
774 3721 897 3787 ejus
946 3737 1044 3774 ore
1098 3738 1271 3781 susce.
1299 3720 1455 3779 isset.
1490 3738 1615 3775 cum
1662 3739 1883 3777 sunnna

286 3808 581 3862 devotione
601 3808 907 3863 studiosius
936 3817 1337 3879 eXsequeretur
1385 3811 1512 3864 Erat
1533 3811 1678 3864 enim
1696 3812 1887 3880 justus

289 3896 347 3950 in
400 3896 634 3967 judicio.
699 3898 961 3968 providus
1006 3898 1060 3952 in
1115 3898 1365 3953 consilio.
1409 3899 1463 3953 in
1516 3901 1887 3969 prosperitate

286 3985 462 4043 mitis.
498 3986 553 4040 in
582 3986 922 4041 adxersitate
949 3987 1141 4053 fortis;
1174 3996 1298 4042 erat
1320 3988 1537 4059 patiens
1568 4005 1620 4041 m
1648 3988 1886 4044 tribula-

281 4074 460 4141 tione,
520 4077 672 4146 larga
730 4076 950 4131 miseris
1005 4077 1343 4131 subveniens
1392 4077 1785 4131 miseratione:
1829 4086 1888 4133 et

283 4164 417 4219 licet
429 4165 689 4220 omnibus
710 4166 828 4238 ipse
854 4166 1590 4238 pnestantiorjudicaretur.
1621 4166 1883 4222 omnibus

283 4259 479 4309 tamen
502 4262 771 4326 tanquam
792 4255 1274 4327 praestantioribus
1291 4255 1605 4310 humillime
1621 4256 1890 4327 obseque-

1974 1844 2100 1897 dem
2134 1846 2372 1915 populus
2402 1844 2497 1900 ille
2550 1853 2767 1901 tantam
2824 1847 2999 1902 sancti
3057 1850 3392 1905 confessoris
3419 1852 3573 1906 duri-

1973 1933 2196 1987 cordem
2255 1934 2529 1988 reteritus
2580 1936 3055 1992 obstinationem:
3089 1940 3572 2011 compungebatur

1975 2030 2032 2075 et
2054 2020 2173 2092 ipse
2195 2022 2678 2083 Sanctus.tantam
2704 2026 2879 2096 plebis
2901 2027 3050 2082 illius
3069 2028 3381 2084 luctuosam
3397 2030 3574 2085 .vdmio

1974 2118 2132 2165 ratus
2160 2112 2530 2166 devotionem.
2570 2114 2714 2169 Vicit
2743 2116 2968 2171 tandem
3019 2118 3208 2189 populi
3255 2119 3573 2190 supplican-

1973 2201 2046 2254 tis
2084 2200 2312 2271 supplex
2344 2202 2543 2261 oratio.
2574 2212 2630 2257 et
2658 2221 2781 2274 quae
2810 2204 2914 2259 sibi
2969 2221 3005 2259 a
3048 2207 3258 2261 sanctis
3298 2208 3575 2279 pontifici-

1975 2288 2078 2343 bus
2101 2288 2469 2357 objiciebatur
2496 2292 2813 2348 obedientia
2839 2312 2851 2360 ;
2886 2304 2943 2348 et
2970 2295 3100 2350 licet
3128 2296 3354 2355 imitus.
3388 2299 3572 2353 eccle-

1973 2378 2199 2433 siastica
2250 2387 2440 2434 tamen
2498 2382 2744 2453 suscepit
2790 2382 3189 2454 gubernacula.
3233 2386 3395 2451 Quod
3439 2403 3570 2443 vero

1975 2467 2184 2522 invitus
2212 2467 2478 2538 suscepit,
2511 2470 2749 2525 feliciter
2774 2478 2831 2526 et
2864 2472 3081 2527 intente
3130 2474 3568 2532 administravit.

1977 2558 2156 2627 llujus
2188 2557 2396 2631 quippe
2427 2560 2769 2631 praalationis
2813 2561 3024 2617 honore
3048 2562 3403 2628 sublimatus.
3442 2581 3571 2620 san-

1972 2646 2349 2718 ctissimaeque
2381 2649 2660 2703 unctionis
2689 2658 3040 2705 sat-ramento
3067 2653 3452 2715 conﬁrmatus.
3476 2654 3569 2710 die

1968 2740 2250 2806 noctuque.
2271 2735 2328 2789 in
2354 2736 2478 2806 lege
2516 2737 2733 2791 Domini
2762 2738 3154 2798 meditabatur.
3192 2746 3251 2796 et
3308 2741 3573 2813 infatiga-

1970 2821 2157 2878 biliter
2185 2824 2388 2879 divinis
2418 2826 2474 2880 in
2527 2825 2789 2881 laudibus
2845 2827 3214 2897 persistebat;
3255 2836 3311 2884 et
3339 2847 3464 2884 cum
3496 2830 3568 2886 ab

1970 2911 2091 2983 ipsa
2112 2911 2345 2967 infantia
2375 2914 2639 2969 curandis
2654 2915 2994 2986 pauperibus
3013 2917 3208 2971 sedulo
3229 2918 3566 2987 insudasset,

1933 3062 1945 3076 '
1970 3007 2090 3055 tum
2125 3001 2400 3074 praecipue
2451 3003 2719 3071 majorem
2780 3002 2835 3058 in
2901 3003 3002 3059 hoc
3031 3004 3381 3076 diligentiam
3403 3008 3571 3063 adhi-

1905 3067 1946 3115 ί·
1973 3089 2127 3153 bens,
2161 3089 2215 3144 in
2243 3091 2380 3162 ipsis
2412 3092 2763 3162 majestatem
2797 3092 2973 3163 ipsam
3038 3094 3132 3149 Dei
3180 3112 3240 3151 se
3284 3113 3394 3152 non
3424 3098 3569 3154 difﬁ-

1969 3177 2138 3233 debat
2164 3180 2492 3249 amplexari.
2523 3180 2724 3235 Sedula
2756 3181 2981 3252 quidem
3013 3183 3404 3254 pnedicatione
3440 3187 3570 3243 sub-

1969 3268 2215 3323 ditorum
2243 3268 2462 3323 animas
2513 3285 2544 3323 a
2595 3269 2869 3324 diabolica
2918 3270 3192 3328 liberabat
3219 3258 3564 3340 seductione,

1970 3356 2115 3411 bono
2143 3374 2258 3412 suae
2294 3358 2734 3413 conversationis
2789 3361 3042 3431 exemplo
3096 3362 3466 3424 cmtfm'tabat,
3509 3370 3569 3422 et

1970 3463 2332 3517 quoscunque.
2361 3448 2549 3502 devios
2578 3464 2676 3503 seu
2723 3465 2989 3504 erroneus
3041 3461 3274 3507 noverat
3315 3453 3386 3507 de
3429 3454 3567 3526 ipsis

1971 3536 2165 3590 mortis
2197 3536 2446 3591 faucibus
2491 3538 2560 3590 ad
2620 3537 2787 3592 vitam
2844 3538 3194 3609 praedicando
3251 3544 3563 3600 revocabat.

1971 3625 2114 3689 Quid
2160 3626 2363 3697 plura?
2392 3627 2548 3691 Quod
2605 3643 2702 3682 ore
2762 3627 3117 3698 praedicabat.
3150 3629 3568 3690 indissimulato

1968 3731 2156 3785 opere.
2192 3731 2261 3768 ne.
2292 3716 2418 3769 aliis
2470 3715 2740 3799 reprobus
2797 3716 3130 3782 efﬁceretur,
3190 3725 3412 3792 explere
3454 3739 3567 3779 non
3632 3786 3634 3791 ,

1968 3802 2309 3873 negligebat.

2574 3893 2808 3949 CAPUT
2832 3893 2933 3949 ΙΙΙ.

1967 3988 2125 4043 Sedes
2154 3990 2481 4065 Noviomlrm
2539 3995 2832 4065 translata.
2868 3991 3176 4059 Adjunctus
3230 3999 3566 4065 episcopatus

2366 4062 2613 4114 Toruacz’.
2651 4064 2893 4116 illm-bus.
2930 4066 3137 4119 Obitus.

2048 4155 2341 4215 lti.Verum
2359 4157 2685 4229 priusquam
2708 4158 3064 4215 beatiSsimus
3087 4161 3331 4232 pontifex
3349 4163 3567 4232 erisco-

1971 4247 2083 4319 pali
2095 4247 2432 4301 sublimatus
2447 4247 2644 4303 fuisset
2657 4248 2923 4303 cathedra
2935 4250 3162 4305 .crebris
3174 4260 3231 4305 et
3243 4251 3567 4309 intolerabi-

290 4342 493 4411 batur;
518 4351 573 4399 et
601 4361 699 4414 per
717 4344 907 4399 omnia
939 4345 1182 4416 pmlatis
1229 4343 1345 4399 suis
1386 4344 1669 4402 obediens.
1701 4345 1888 4416 subje-

1973 4334 2118 4389 libus
2166 4333 2192 4391 4
2253 4334 2677 4397 ννιιηάεΙ-ινιω.
2717 4336 3050 4391 Hunnorum
3087 4339 3479 4404 llungarorum
3511 4348 3571 4398 et

293 4432 401 4487 cﬁs
417 4432 533 4487 suis
549 4433 920 4488 εωίραδίάιθν
937 4451 1061 4489 sese
1086 4433 1362 4489 affabilem
1411 4433 1724 4489 exhibebat,
1759 4435 1893 4490 Erat
1910 4417 1955 4475 D
1974 4425 2210 4479 aliarum
2233 4424 2485 4495 gentium
2509 4424 2917 4497 irruptionibus
2932 4426 3262 4483 universalis
3279 4428 3570 4487 devastata

293 4521 356 4576 in
383 4522 638 4577 oratione
662 4522 940 4577 assiduus.
971 4522 1028 4577 in
1074 4523 1446 4595 eleemosynis
1498 4524 1708 4594 largus,
1752 4522 1892 4576 alio-
1973 4513 2304 4570 eratGallia.
2354 4514 2661 4569 Destructis
2696 4514 3030 4578 civitatibus.
3063 4517 3248 4573 diruta
3280 4519 3570 4577 Gallicana

291 4627 424 4666 mm
455 4611 808 4667 incommoda
836 4627 940 4666 sua
966 4611 1144 4683 ipsius
1195 4611 1500 4677 ωειίτηεηε,
1547 4628 1648 4684 pro
1679 4610 1897 4666 υηὶνθιι.
1975 4602 2393 4658 lamentabatur
2422 4604 2700 4663 Ecclesia:
2734 4604 2969 4659 exsectis
2989 4615 3233 4661 matrum
3263 4608 3571 4666 visceribus

289 4700 398 4755 sali
423 4700 677 4756 omnium
720 4698 1092 4773 prosperitate
1138 4699 1441 4755 Dominum
1470 4700 1667 4756 sedulo
1695 4716 1893 4756 exora-
1977 4693 2269 4747 inhumata
2297 4691 2597 4747 infantium
2645 4691 3082 4764 projiciebantur
3131 4712 3394 4769 corpora;
3433 4715 3571 4755 con-

287 4788 408 4845 bat.
1964 4781 2195 4854 jugibus
2234 4781 2562 4852 interfectis,
2594 4788 2865 4838 matronae
2895 4783 3134 4840 viduatae
3154 4793 3563 4858 remanserant;

362 4929 434 4998 (2)
466 4929 536 4985 In
588 4930 722 4985 Vita
772 4930 949 4985 altera
989 4929 1101 4985 ista
1153 4929 1482 4985 adduntur:
1524 4947 1549 4981 ς(
1576 4928 1634 4984 Si
1664 4927 1889 4999 quando

285 5019 419 5057 vero
477 5001 693 5056 subulci
748 5019 899 5073 sues,
940 5002 1189 5071 ejusdem
1237 5006 1472 5073 agerent
1499 5001 1555 5073 in
1601 5000 1885 5073 glandem,

288 5073 524 5146 quoties
542 5075 734 5127 furtim
765 5070 1238 5146 subducit-bantur,
1273 5070 1439 5146 toties
1484 5072 1552 5126 ad
1598 5070 1887 5146 prppriurn

287 5142 719 5201 revertebantur
769 5145 1081 5199 dominutn.
1124 5144 1267 5198 Nam
1322 5143 1477 5197 nullo
1526 5142 1779 5213 praeduce
1817 5142 1889 5196 ad

287 5216 519 5271 beatum
552 5217 730 5272 virum
760 5216 831 5272 de
855 5216 1163 5288 longinqua
1198 5214 1546 5287 repedabant
1572 5214 1889 5284 intercape-
1971 5213 2195 5288 deipso
2206 5226 2464 5288 agemus.

287 5288 442 5344 dine.
479 5308 502 5338 ι
950 5280 983 5287 ⁷
1065 5280 1086 5288 ·
1264 5280 1280 5287 ’
1793 5280 1808 5284 “
2048 5280 2123 5346 (ἴ)
2156 5280 2432 5343 Wandali,
2458 5298 2607 5336 anno
2653 5280 2757 5337 407
2807 5282 2948 5336 duce
2979 5282 3323 5352 Gunderico;
3357 5286 3571 5352 Hunni,

364 5358 442 5426 (3)
468 5358 531 5413 In
560 5358 756 5413 eadem
787 5359 915 5412 Vita
943 5358 1152 5413 dicitur
1182 5376 1204 5408 ι
1239 5356 1408 5427 hujus
1459 5353 1895 5427 consecrationis
1974 5370 2124 5427 anno
2154 5352 2249 5427 4έ31
2313 5353 2467 5427 duce
2504 5352 2698 5427 Attila.
2754 5351 2965 5427 Gallias
3002 5362 3321 5427 vastarunt.
3353 5351 3567 5421 Quibus

287 5423 463 5501 caput
501 5430 781 5506 exstitisse
908 5429 1212 5506 _Ret_nigius
1264 5423 1565 5506 Remorum
1600 5425 1895 5506 _archiepi-
1978 5425 2277 5506 Radbodus
2293 5424 2499 5506 adjecit
2514 5424 2981 5506 Huagcrosmtab
3002 5423 3227 5506 Hunnis
3247 5426 3568 5495 distinctos,

288 5495 513 5571 scopus.
545 5500 642 5572 qui
675 5502 718 5555 Β
800 5495 1126 5556 Medon-dum
1185 5498 1647 5572 sanctiﬁcationis
1694 5512 1897 5572 peru_n-
1976 5496 2073 5569 qui
2100 5495 2413 5552 subsecutis
2441 5496 2658 5553 seculis
2675 5495 2827 5552 idem
2852 5501 3127 5554 lecerunt.

287 5567 431 5644 gens
457 5567 599 5640 oleo,
623 5588 794 5646 super
818 5587 1051 5643 gregem
1080 5571 1292 5628 Christi
1308 5578 1596 5645 pastorem
1624 5567 1892 5634 instituit,

1970 4931 2305 4999 cooperante
2336 4925 2549 4997 Spiritu
2574 4932 2789 4982 sancto.
2823 4944 2851 4980 ι
2884 4928 3017 4983 Haec
3069 4927 3164 4983 ibi.
3199 4928 3280 4984 De
3307 4936 3472 4987 aetate
3509 4937 3568 4988 et

1971 5015 2119 5049 anno
2140 4997 2326 5049 obitus
2346 4997 2386 5049 S
2434 4997 2672 5049 Remigii
2693 4998 2913 5049 animus
2936 4996 2969 5049 6
2993 4999 3370 5049 Februarii.et.
3384 5009 3568 5049 neten.

1971 4996 2119 5053 anno
2140 4997 2326 5052 obitus
2346 4996 2391 5051 S
2434 4997 2672 5069 Remigii
2693 4998 2913 5069 egimus
2936 4996 2969 5055 6
2992 4999 3370 5061 Februarii.et
3384 5009 3569 5058 osten-

1970 5071 2155 5125 dimus
2178 5068 2592 5144 vixissesaltem
2646 5070 2715 5144 ad
2765 5086 2979 5144 annum
3029 5070 3152 5144 530,
3181 5071 3417 5127 ulterius
3437 5090 3569 5144 pro-

2008 5140 2218 5214 ressuri
2245 5140 2312 5193 ad
2346 5140 2627 5194 Kalendas
2655 5139 2932 5207 Octobris,
2967 5142 3192 5213 quando
3221 5159 3291 5197 ex
3316 5139 3568 5214 professo
