4040 6182
442 262 584 323 1507

1394 240 1403 247 ’
1458 258 1782 314 maom
1820 255 2326 314 NOVIOMENSIS
2363 256 2693 314 EPISCOPI

3583 252 3716 315 1508

446 394 501 445 et
528 405 646 461 pra:
670 388 847 443 nimia
874 386 1240 447 desolatione.
1275 385 1345 439 ad
1392 383 1830 438 internecionem
1862 398 2041 454 usque
2058 384 2109 443 Α
2127 383 2273 454 quod
2294 388 2411 437 tam
2428 382 2774 438 unanimiter
2788 383 3031 454 populus
3045 383 3356 453 expetierat
3371 382 3528 436 omni
3543 398 3718 437 remo-

446 479 720 549 indigenae
750 492 944 531 omnes
976 492 1115 546 pene
1145 474 1727 528 devenerant.Dolens
1759 474 1947 542 itaque
1964 471 2047 524 vir

447 568 646 622 beatus
665 565 905 620 civitatis
946 564 1097 618 illius
1127 562 1605 621 Viremandensis.
1641 579 1808 632 quam
1842 577 2042 630 regen-

448 656 933 725 damsusceperat.
955 654 1072 724 jam
1111 653 1316 706 factam
1348 652 1773 709 desolationem.
1807 649 2044 703 veritus-

451 761 559 817 que
579 743 893 797 iterandam
928 742 994 805 (5)
1026 756 1372 812 paganorum
1413 739 1805 810 irruptionem,
1836 738 2043 792 Novio—

449 850 629 890 mum.
676 848 841 903 quem
900 830 1258 884 munitiorem
1302 828 1851 899 prwnominavimus,
1912 843 2047 880 sano

451 921 590 977 satis
630 921 863 976 consilio
919 919 1107 973 sedem
1164 918 1457 972 constituit
1510 917 1904 988 episcopalem.
1946 915 2048 969 Est

451 1011 602 1066 enim
630 1010 784 1081 regio
815 1009 913 1063 illa
943 1007 1143 1062 fertilis
1196 1014 1251 1061 et
1279 1023 1524 1071 amoena,
1564 1006 1738 1059 vineis
1777 1012 1834 1059 et
1871 1005 2048 1058 hortis

452 1100 765 1162 abundans.
818 1099 1109 1168 multaque
1159 1113 1396 1150 annonae
1454 1096 1711 1158 cultura;
1756 1094 2049 1147 bellicosos

449 1206 729 1260 generans
758 1188 1034 1248 homines,
1054 1192 1111 1240 et
1139 1187 1196 1239 in
1227 1184 1614 1239 ecclesiasticis
1631 1184 1828 1237 ofﬁciis
1848 1184 2052 1237 utrius-

456 1296 564 1350 que
592 1295 755 1332 sexus
786 1293 1072 1347 personas.
1109 1275 1220 1328 Deo
1257 1291 1528 1344 generose
1582 1273 1921 1327 servientes:
1966 1277 2053 1324 est

456 1375 514 1423 et
536 1366 828 1438 regioipsa
850 1365 1001 1419 silvis
1021 1364 1364 1418 circumdata
1407 1371 1462 1416 et
1499 1362 1832 1434 paludibus;
1867 1369 1923 1414 et
1950 1376 2053 1413 sua

455 1456 633 1528 ipsius
659 1455 947 1509 habilitate
968 1462 1160 1507 contra
1189 1452 1417 1506 hostiles
1447 1468 1553 1504 non
1588 1467 1782 1521 parum
1836 1450 2054 1503 munita

457 1556 742 1600 excarsus.
769 1546 894 1612 Ipse
912 1560 1134 1614 quoque
1156 1542 1306 1595 inter
1327 1540 1581 1611 geminos
1608 1540 1815 1593 rivulos
1844 1538 2052 1592 consti-

454 1639 615 1688 tutus
644 1640 731 1687 est
761 1631 1083 1689 Noviomus.
1115 1630 1185 1682 ab
1232 1628 1447 1682 oriente
1501 1628 1766 1689 Galliola,
1801 1626 1871 1679 ab
1903 1625 2048 1679 occi-

2128 477 2187 525 ta
2213 473 2568 527 excusatione
2602 472 2722 526 ﬁeri
2752 471 3171 541 adjudicabant.

2211 561 2287 616 I9.
2320 562 2636 615 Recusabat
2684 562 2995 615 humillime
3042 560 3277 631 insignis
3342 560 3443 615 Dei
3497 560 3717 632 praesul,

2127 651 2272 721 quod
2308 650 2463 721 plebs
2498 657 2614 704 tam
2644 651 2991 711 unanimiter
3036 650 3401 711 acclamabat.
3442 650 3721 702 obstinato

2130 740 2209 793 eis
2240 740 2446 801 animo,
2475 742 2844 811 impotentem
2869 757 2929 794 se
2960 745 3017 793 et
3044 740 3336 809 indignum
3364 739 3718 805 vociferante,

2131 829 2569 899 magnanimiter
2599 829 2915 883 resistebat.
2968 828 3277 882 Pontiﬁcali
3314 828 3566 890 demum,
3606 843 3724 881 me-

2130 919 2457 989 tropolitani
2505 918 2718 972 scilicet
2760 924 2818 971 et
2865 917 3416 988 comprovincialium
3472 932 3719 980 suorum,

2130 1008 2340 1061 evictus
2362 1007 2728 1072 auctoritate;
2762 1006 3022 1077 regisque
3054 1023 3118 1060 ac
3148 1022 3440 1077 procerum
3466 1021 3716 1069 assensu,

2130 1097 2419 1168 plebisque
2475 1106 2701 1150 coactus
2764 1095 3080 1150 incessabili
3140 1094 3564 1156 acclamatione.
3639 1093 3721 1146 vix

2132 1186 2405 1239 concessit
2428 1204 2442 1250 ;
2472 1192 2529 1240 ct
2550 1185 2822 1240 unanimi.
2852 1184 3157 1256 pontiﬁcali
3180 1183 3435 1237 videlicet
3457 1200 3524 1237 ac
3551 1182 3722 1251 regali

2133 1275 2466 1329 auctoritate
2510 1275 2794 1329 duasillas
2808 1274 3110 1329 Ecelesiam
3136 1290 3304 1327 unam
3331 1273 3481 1338 fecit;
3505 1278 3723 1325 utrum-

2134 1382 2242 1435 que
2271 1364 2413 1418 ovile
2462 1372 2654 1435 pastor
2705 1366 2984 1434 egregius,
3028 1362 3265 1416 consilio
3302 1368 3359 1416 et
3395 1360 3727 1416 auctoritate

2133 1453 2684 1523 comprovincialium
2732 1453 3144 1523 episcoporum.
3194 1459 3450 1521 tempore
3478 1448 3554 1513 (7)
3597 1449 3732 1501 Hor-

2137 1542 2331 1595 misd-ce
2372 1559 2547 1612 papae.
2575 1541 2678 1595 sub
2728 1541 3084 1594 sanctissimo
3138 1540 3388 1610 Remigio
3429 1539 3732 1592 Remorum

2131 1630 2551 1702 archiepiscopo
2586 1670 2600 1693 .
2678 1647 2912 1684 assensu
2969 1630 3121 1699 regis
3187 1636 3244 1683 et
3281 1628 3616 1687 curialium.
3672 1643 3733 1680 ac

458 1722 625 1777 dente
646 1722 961 1790 Margareta
991 1719 1418 1772 circumﬁuitur.
1449 1734 1587 1787 quos
1612 1716 1806 1769 ambos
1849 1715 2049 1768 tertius
2072 1736 2116 1797 Β
2140 1721 2433 1790 utriusque
2465 1718 2641 1791 plebis
2670 1719 3073 1773 acclamatione
3117 1719 3343 1771 tandem
3371 1716 3638 1786 suscepit.
3659 1722 3730 1781 et,

458 1811 685 1883 quidam
716 1808 1077 1880 suscipit,qui
1100 1808 1272 1861 Versa
1297 1805 1636 1869 nominatur;
1663 1813 1720 1858 et
1738 1805 1817 1858 sic
1847 1803 2055 1874 pariter

457 1900 805 1954 confluentes
836 1914 945 1952 non
978 1897 1141 1966 longe
1173 1913 1204 1949 a
1236 1894 1512 1947 moenibus
1546 1894 1652 1947 illis
1708 1894 1765 1947 in
1816 1894 2049 1955 lsaram.

459 1988 557 2061 qui
580 1991 869 2059 magniest
912 1986 1175 2047 nominis.
1224 1984 1568 2037 dilabuntur.
1607 1983 2057 2053 L'ircumquaque

456 2077 532 2132 ibi
565 2078 742 2130 virent
776 2075 1047 2147 pomaria,
1075 2082 1240 2144 grata
1275 2072 1347 2125 ibi
1383 2072 1640 2141 planities
1671 2079 1773 2133 est.
1803 2080 1860 2125 et
1879 2089 2054 2125 amte-

459 2166 695 2220 nissima
722 2165 897 2236 pratis
917 2172 974 2217 et
995 2164 1214 2233 pascuis
1240 2161 1570 2222 virentibus.
1602 2161 1718 2213 suis
1748 2178 1857 2214 non
1886 2162 2058 2214 modi-

458 2271 584 2309 cum
617 2255 823 2307 arridet
851 2250 1277 2305 habitatoribus.
1316 2250 1409 2303 Est
1439 2251 1607 2302 etiam
1648 2251 1799 2303 locus
1832 2250 1949 2320 ipse
1987 2250 2058 2303 ab

460 2344 675 2397 oriente
706 2350 764 2397 et
788 2341 1075 2395 occidente
1095 2341 1234 2393 adeo
1254 2338 1485 2409 rupibus
1509 2339 1747 2391 vallatus
1765 2347 1818 2391 et
1842 2339 2055 2403 rivulis,

458 2432 746 2486 montibus
768 2448 990 2503 quoque
1021 2438 1075 2483 ct
1109 2429 1331 2482 vallium
1360 2428 1651 2484 cuniculis.
1685 2428 1828 2498 quod
1861 2437 2058 2482 contra

459 2522 759 2593 plurimam
781 2520 1021 2573 hostium
1056 2518 1429 2573 incursionem
1462 2518 1701 2588 apaucis
1726 2518 2058 2571 commodis-

459 2612 600 2666 sime
623 2610 797 2683 possit
817 2608 1057 2663 defendi.

530 2698 581 2755 7.
616 2696 695 2754 lbi
758 2716 912 2770 ergo.
972 2716 1041 2752 ne
1081 2697 1317 2751 ulterius
1362 2697 1663 2767 direptioni
1703 2696 2061 2767 subjacerent

2138 1816 2201 1863 ut
2244 1809 2470 1879 utrique
2514 1808 2758 1862 ecclesiae
2782 1808 3120 1861 cathedralis
3151 1822 3373 1876 semper
3413 1806 3596 1859 honor
3618 1822 3734 1857 ma-

2138 1905 2317 1957 neret.
2336 1897 2578 1967 benigne
2595 1899 2886 1951 concessit.
2912 1899 3059 1961 Quot
3088 1904 3145 1950 et
3178 1904 3387 1967 quanta
3418 1896 3475 1949 in
3507 1894 3735 1964 regione

2138 1988 2235 2042 illa
2262 1987 2583 2058 opprobria,
2608 1995 2747 2057 quot
2797 1994 2854 2040 et
2897 1993 3107 2057 quanta
3164 2001 3460 2056 perpessus
3491 1985 3569 2036 sit
3596 1984 3739 2053 inju-

2139 2077 2287 2143 rias;
2331 2079 2553 2147 quoties
2603 2075 3133 2128 comminationibus
3199 2075 3505 2143 injuriatus
3570 2071 3739 2125 tuerit

2138 2165 2834 2235 TornaCensium.quoties
2867 2182 2964 2236 pro
2995 2163 3309 2217 incessabili
3343 2163 3741 2234 praedicatione

2141 2254 2496 2324 adiudicatus
2522 2254 2691 2307 fuerit
2738 2254 2804 2307 ad
2869 2253 3225 2324 supplicium,
3259 2252 3389 2306 licet
3421 2268 3523 2305 nos
3543 2252 3738 2313 lateat.

2143 2346 2256 2399 Deo
2278 2353 2464 2397 tamen
2484 2343 2586 2397 soli
2612 2343 2968 2396 manifestum
2986 2341 3270 2397 esse.nulli
3286 2348 3373 2394 est
3384 2340 3739 2409 ambiguum.

2142 2434 2275 2488 Erat
2320 2434 2468 2486 enim
2519 2449 2660 2502 gens
2704 2431 2821 2501 ipsa
2866 2432 2983 2485 fera
3039 2437 3097 2484 et
3148 2430 3527 2485 indomabilis.
3586 2429 3743 2482 durae

2139 2522 2367 2576 cervicis
2396 2522 2633 2592 pOpulus
2663 2529 2719 2573 et.
2766 2519 3154 2590 implacabilis.
3213 2519 3393 2589 pravis
3432 2518 3743 2572 admodum

2141 2612 2397 2665 subditus
2417 2609 3014 2680 obsequiisidolorum.
3049 2616 3105 2662 et
3128 2626 3253 2662 cum
3288 2608 3465 2661 multa
3492 2605 3745 2660 obstina-

2142 2701 2293 2754 tione
2307 2717 2534 2753 suorum
2562 2687 3167 2753 'defendensrulturam
3200 2698 3462 2751 deorum.
3490 2697 3592 2750 His
3623 2697 3745 2766 ipse

458 2791 733 2862 gentium.
754 2789 1054 2860 episcopali
1074 2789 1205 2841 sede
1221 2789 1567 2841 conﬁrmata.
1599 2795 1826 2840 sanctus
1858 2787 2058 2856 prmsul
2142 2806 2201 2841 se
2229 2788 2467 2842 viriliter
2504 2788 2761 2858 injiciens
2794 2794 3023 2842 sanctus
3051 2802 3363 2857 episcopus.
3385 2786 3744 2854 evangelicas

460 2880 706 2941 Domini,
727 2895 842 2933 sua:
863 2896 995 2945 oves
1017 2876 1418 2948 pastoralitatis
1451 2877 1626 2930 multa
1641 2876 2056 2946 praedicationis
2141 2886 2197 2930 et
2224 2877 2558 2947 apostoliras
2608 2876 2989 2929 institutiones
3047 2875 3426 2946 imperterrite
3473 2874 3745 2943 praedica-

460 2966 735 3024 instantia
765 2967 1132 3022 confortabat.
1169 2966 1505 3019 Praedicabat
1562 2966 1840 3019 instanter
1880 2965 2083 3035 poeni-l
2140 2967 2250 3030 bat,
2284 2965 2440 3019 falsis
2469 2983 2663 3019 eorum
2724 2964 3133 3034 objectionibus
3172 2962 3614 3034 magnanimiter
3656 2978 3746 3015 re-

460 3058 713 3113 tentibus
732 3057 1063 3129 promissam
1096 3055 1481 3109 remissionem
1504 3061 1877 3125 peccatorum.
1916 3071 2058 3124 prae-
2141 3055 2473 3126 spondebat.
2505 3063 2562 3109 et
2590 3053 2955 3125 imaginarius
3008 3070 3201 3119 eorum
3266 3053 3560 3123 opiniones
3598 3051 3751 3105 veri-

460 3146 959 3202 dicabatomnibus
984 3162 1216 3216 regnum
1247 3143 2061 3215 Deiap:'I'Opinquare.citoque
2144 3144 2267 3198 dica
2316 3143 2717 3214 prophetarum
2777 3142 3247 3214 puenunliatione
3295 3141 3534 3194 viriliter
3570 3157 3751 3210 CXPD-

455 3237 731 3309 judicium
754 3237 853 3291 Dei
875 3237 1127 3289 futurum
1178 3234 1277 3287 His
1302 3239 1360 3287 et
1387 3233 1511 3287 aliis
1536 3233 1881 3286 multimodis
1913 3249 2057 3303 prze-
2141 3233 2371 3303 gnabat.
2423 3234 2631 3287 Aderat
2659 3232 2933 3303 siquidem
2965 3233 3015 3287 ei
3057 3232 3244 3285 divina
3274 3248 3501 3302 semper
3537 3231 3748 3301 gratia,

461 3325 856 3390 dicationibus,
883 3332 939 3378 et
977 3340 1141 3378 carus
1164 3324 1277 3377 Deo
1306 3329 1445 3387 erat,
1481 3328 1537 3375 et
1566 3323 1627 3375 in
1665 3322 1870 3393 populo
1901 3338 2057 3375 ama-
2142 3337 2265 3391 quae
2318 3320 2474 3374 illum
2526 3329 2583 3374 et
2637 3322 2707 3374 ab
2757 3320 3069 3375 inﬁdelium
3130 3319 3460 3390 protegebat
3489 3321 3745 3379 incursu,

462 3412 592 3471 bilis
612 3415 915 3469 admodum
948 3412 1277 3467 habebatur.
1680 3442 1693 3449 τ
2141 3417 2199 3464 et
2227 3427 2424 3463 eorum
2476 3426 2697 3480 quoque
2741 3408 3048 3463 infidelium
3097 3410 3162 3463 ad
3196 3409 3548 3463 dulcisonam
3582 3408 3749 3480 spiri-

541 3503 620 3561 18.
657 3505 796 3557 Cum
831 3519 963 3572 ergo
1003 3502 1293 3557 ecclesiam
1326 3518 1493 3571 quam
1524 3499 1780 3556 Noviomi
1809 3505 2062 3553 constru-
2140 3498 2310 3552 tualis
2340 3498 2607 3553 doctrina:
2640 3499 3051 3552 institutionem
3110 3498 3435 3551 emolliebat
3489 3498 3747 3551 auditus.

465 3591 957 3648 xeratfelicissime
976 3590 1338 3658 gubernaret.
1364 3600 1567 3644 etsuos
1592 3606 1862 3660 quosque.
1899 3592 2059 3655 prout
2144 3589 2345 3656 Sicque
2371 3589 2577 3642 factum
2624 3596 2711 3642 est
2760 3598 2819 3642 ut
2879 3605 3046 3659 parvo
3095 3588 3150 3641 in
3194 3594 3450 3659 tempore
3480 3588 3750 3641 innume-

466 3681 730 3737 diximus.
763 3679 831 3731 ad
855 3687 1120 3732 aeternam
1150 3678 1659 3731 remunerationem
1691 3679 2057 3742 confortaret;
2143 3677 2335 3730 rabilis
2359 3694 2554 3731 eorum
2589 3677 2893 3731 multitudo
2924 3678 2991 3730 ad
3038 3678 3203 3730 ﬁdem
3251 3677 3587 3730 catholicam
3619 3694 3752 3731 con-

469 3767 537 3836 (ὃν
576 3767 1035 3823 S.E|eutherium
1056 3767 1423 3820 Tornacensis
1446 3765 2061 3835 Ecclesimpontillcem,
2146 3773 2493 3829 verteretur;
2555 3772 2612 3821 et
2660 3766 2776 3819 Deo
2826 3766 3256 3837 praeordinante.
3285 3782 3385 3836 per
3442 3766 3752 3819 inaestima-

468 3856 793 3927 quemipse.
819 3862 881 3908 ut
907 3853 1313 3924 prazlibavimus
1333 3855 1389 3907 in
1424 3854 1661 3908 infantia
1682 3871 1784 3908 sua
1811 3855 2061 3907 futurum
2144 3854 2313 3910 bilem
2380 3855 2556 3909 sancti
2607 3855 2778 3925 hujus
2834 3854 3112 3926 pontiﬁcis
3170 3855 3525 3921 instantiam,
3565 3871 3751 3908 sacro.

468 3962 589 4000 esse
620 3944 949 4016 praedixerat
980 3943 1322 4014 episcopum.
1358 3942 1639 3996 hominem
1676 3943 1910 4013 contigit
1937 3959 2065 3997 exu-
2146 3944 2324 3998 sancti
2357 3943 2711 4016 baptismatis
2730 3944 2883 3998 unda
2927 3943 3172 3997 maxima
3223 3960 3287 3997 ex
3318 3951 3480 4015 parte
3501 3944 3754 3998 sanctiﬁ-

466 4050 595 4095 ere;
628 4050 692 4086 ac
725 4038 850 4103 post
892 4031 1106 4085 felicem
1161 4031 1431 4102 pontiﬁcii
1484 4030 1570 4085 sui
1620 4031 2065 4084 administratio-
2146 4038 2388 4087 caretur.

465 4140 617 4179 nem.
642 4123 712 4176 de
736 4121 976 4176 terrenis
1000 4120 1070 4174 ad
1115 4121 1362 4175 coelestia
1390 4120 1770 4175 coronandum
1800 4120 2067 4174 transmi-
2217 4121 2303 4179 20.
2327 4121 2739 4193 Comprobatur
2767 4121 2824 4175 in
2865 4121 2972 4175 hoc
3009 4127 3202 4175 sancto
3244 4128 3471 4192 pastore
3503 4122 3757 4175 veridica

465 4229 651 4286 grare.
716 4211 849 4266 Post
897 4210 1061 4280 cujus
1104 4210 1371 4279 lugubres
1425 4211 1738 4280 exsequias.
1803 4226 1930 4264 cum
1996 4210 2120 4286 de_
2148 4212 2353 4266 summi
2378 4211 2625 4265 Pastoris
2644 4212 3327 4282 sententia.quamsancta
3349 4218 3405 4264 et
3425 4211 3758 4281 evangelica

475 4299 757 4374 pontiﬁcis
814 4299 1088 4353 electione
1143 4298 1377 4353 invicem
1436 4298 1798 4352 dissererent.
1841 4282 2251 4369 peractoDnos
2273 4300 2468 4354 edocet
2494 4300 2732 4354 historia
2762 4318 2773 4353 :
2808 4319 2831 4352 α
2862 4300 3055 4369 Signa.
3089 4300 3293 4369 inquit,
3324 4316 3420 4354 eos
3449 4299 3545 4370 qui
3567 4299 3623 4352 in
3662 4316 3756 4354 me

465 4390 731 4445 triduano
754 4388 991 4458 jejunio,
1035 4394 1086 4441 et
1120 4386 1462 4441 solemnibus
1497 4387 1805 4441 hostiarum
1830 4386 2066 4441 victimis
2148 4390 2397 4449 credent.
2430 4390 2547 4443 haec
2567 4395 2909 4459 sequentur:
2944 4390 2999 4442 in
3031 4389 3260 4442 nomine
3314 4405 3437 4441 meo
3467 4389 3757 4443 daemonia

465 4480 582 4535 Deo
612 4474 808 4532 devote
835 4475 1054 4536 oblatis.
1112 4476 1297 4530 subita
1355 4476 1532 4530 sancti
1573 4477 1817 4547 Spiritus
1848 4477 2065 4530 inﬂam-
2149 4478 2394 4549 ejicient.
2420 4478 2625 4548 linguis
2655 4478 2959 4548 loquentur
3000 4476 3176 4537 novis.
3206 4484 3495 4547 serpentes
3522 4478 3754 4541 tollent,

466 4567 606 4622 mati
640 4566 1025 4637 inspiratione,
1058 4565 1405 4619 unanimiter
1453 4573 1707 4619 sanctum
1758 4566 1905 4620 hunc
1959 4567 2067 4620 Me-
2149 4576 2207 4622 et
2233 4568 2277 4622 si
2332 4568 2682 4622 mortilerum
2716 4566 2847 4637 quid
2905 4564 3169 4632 biberint,
3216 4581 3328 4619 non
3368 4565 3449 4619 eis
3488 4566 3755 4633 nocebit;

469 4656 706 4712 dardum
740 4655 1051 4724 elegerunt.
1085 4655 1207 4725 ejus
1240 4671 1300 4709 se
1350 4653 1696 4708 orationibus
1724 4655 2066 4710 conﬁdentes
2150 4674 2320 4728 super
2357 4674 2537 4728 aegros
2595 4672 2793 4709 manus
2829 4654 3141 4724 imponent.
3183 4660 3240 4707 et
3286 4653 3425 4709 bene
3462 4654 3762 4709 habebunt

470 4753 665 4800 contra
722 4743 964 4813 impetus
1021 4744 1353 4799 muniendos
1387 4761 1508 4798 esse
1551 4745 1924 4813 malignorum
1956 4746 2063 4816 spi-
2155 4747 2493 4815 (Momm).
2545 4767 2556 4792 :
2591 4743 2876 4799 Daanionia
2900 4742 3125 4814 quidem
3147 4748 3374 4796 sanctus
3404 4744 3495 4797 hei
3532 4744 3762 4797 athleta

469 4834 707 4889 rituum.
734 4830 795 4885 Id
820 4831 1003 4885 clerus
1056 4832 1109 4885 id
1145 4834 1382 4903 populus
1402 4834 1823 4893 acclamabant;
1868 4834 1921 4887 in
1962 4833 2067 4888 hoc
2156 4835 2338 4904 ejecit.
2371 4851 2497 4888 cum
2528 4834 2813 4889 Creatoris
2841 4833 3145 4902 imaginem
3202 4831 3273 4884 ab
3317 4832 3591 4885 idolorum
3622 4833 3764 4887 cul-

471 4940 567 4980 rex
605 4922 726 4993 ipse
771 4934 1139 4990 proceresque
1171 4922 1684 4994 palatii.pra’cipue
1710 4923 2065 4993 comprovins
2148 4931 2298 4988 tura.
2340 4924 2725 4978 remissionem
2785 4929 3135 4992 peccatorum
3193 4920 3563 4990 praedicando,
3604 4922 3763 4976 relo-

469 5013 638 5068 ciales
668 5008 933 5081 episcopi.
967 5010 1408 5064 consentiebant.
1454 5013 1730 5082 Legerant
1764 5012 2063 5083 siquidem.
2150 5014 2319 5069 cavit.
2357 5012 2567 5083 Lingua
2595 5029 2720 5066 eum
2750 5027 2892 5065 nova
2923 5011 3165 5065 locutum
3215 5027 3337 5064 esse
3391 5026 3499 5064 non
3546 5010 3766 5066 diffidi-

468 5116 659 5159 vocem
714 5097 927 5172 populi,
974 5114 1163 5153 vocem
1215 5099 1397 5170 ipsam
1427 5116 1546 5155 esse
1593 5101 1975 5169 Dominicam;
2015 5107 2072 5157 et
2153 5122 2300 5172 mus,
2330 5120 2457 5159 cum
2508 5103 2580 5157 ad
2627 5103 2751 5173 ejus
2789 5101 3474 5174 praedicationem,.quam
3512 5108 3763 5157 eatenus

542 5355 617 5421 (bl
640 5355 883 5427 Maxime
899 5356 1131 5426 propter
1162 5351 1467 5427 domestica
1495 5352 1662 5419 bella.
1696 5353 1898 5426 quibus
1926 5368 2072 5427 sepe

2223 5353 2296 5417 (7i
2330 5353 2428 5410 Est
2452 5350 2656 5426 σφάλμα
2684 5352 2949 5415 auctoris,
2998 5351 3082 5406 vel
3129 5350 3568 5426 interpolatoris.
3601 5350 3763 5409 Nam

479 5426 945 5482 immiscebantur
972 5426 1194 5494 pagani.

2156 5428 2194 5483 S
2244 5422 2596 5481 Horniisdas
2631 5432 2884 5479 mortuus
2922 5431 3006 5481 est
3048 5440 3195 5478 anno
3245 5422 3371 5479 533.
3403 5422 3438 5477 6
3478 5425 3755 5494 Augusti.

557 5496 723 5570 l6)_s.
744 5496 1128 5570 Eleutherium
1167 5510 1251 5570 ex
1287 5497 1393 5570 hac
1408 5497 1547 5570 _vi_ta
1581 5496 1887 5570 decessisse
1921 5512 2070 5554 anno
2153 5514 2265 5570 quo
2293 5499 2511 5555 colitur.
2543 5497 2705 5562 Quod
2750 5496 2901 5551 idem
2941 5497 3013 5551 de
3043 5496 3098 5551 S.
3152 5496 3407 5566 Remigio
3442 5494 3759 5551 dicendum

481 5568 585 5627 531
616 5568 859 5624 diximus
873 5569 947 5624 ad
972 5566 1123 5622 illius
1146 5569 1287 5623 Acta
1314 5566 1384 5625 20
1405 5568 1713 5623 Februarii.
2151 5566 2388 5626 videtur.
