4040 6182
2612 220 2640 253 0

308 282 471 347 .ιὲ09
1640 270 1816 342 vrri
1853 280 1915 343 Β.
1955 271 2305 345 maniam.
3470 278 3608 347 1510

325 422 444 465 non
498 408 817 473 audierant,
857 408 1114 462 inﬁdeles
1168 409 1239 462 ad
1297 409 1464 464 adem
1502 413 1776 466 transisse
1814 417 1989 474 nonA
2012 411 2207 468 eiliari.
2244 414 2385 469 Cum
2418 430 2549 484 ergo
2577 411 2635 468 in
2661 414 2767 468 hac
2795 410 2972 485 regali
3000 410 3341 473 visitatione.
3375 416 3432 470 in
3473 430 3607 473 con-

327 499 635 554 nescimus.
668 499 967 568 Serpentes
993 494 1265 567 siquidem
1298 512 1425 552 eum
1458 499 1816 554 manifestum
1848 506 1936 556 est
2015 509 2209 574 spectu
2235 503 2483 573 ejusdem
2502 509 2557 556 et
2574 501 2910 574 principum.
2936 501 3003 556 de
3022 504 3312 574 sepultura
3332 506 3610 575 pontificis

330 588 604 659 ejecisse;
665 602 792 640 cum
833 584 1243 655 praedicationis
1294 594 1499 641 sanctae
1549 588 1820 651 antidoto,
1864 589 1934 643 ab
2016 599 2373 655 tractaretur,
2397 609 2626 647 suorum
2656 610 2887 646 assensu
2914 592 3154 647 filiorum
3185 608 3287 647 sua
3314 612 3373 648 se
3398 595 3453 649 in
3479 596 3610 652 sede

329 675 690 730 exsecrabilis
716 673 996 744 serpentis
1024 674 1327 729 venenosis.
1346 675 1789 731 immissionibus
1819 678 1935 731 lan-
2016 690 2245 737 sanctus
2276 683 2393 753 ipse
2418 682 2815 753 praeordinavit
2842 681 3244 753 sepeliendum.
3280 683 3452 754 Cuius
3482 702 3611 741 sen-

326 766 627 835 guentium
663 764 711 818 8i
742 763 996 832 gentium
1027 763 1197 816 Corda
1216 771 1654 818 00110658110188!
1682 782 1930 820 sanasse.
2017 777 2204 828 tentia;
2251 772 2532 827 obstinato
2582 772 2771 826 animo
2818 788 2911 825 rex
2961 774 3246 835 resistens.
3297 777 3614 833 Suessionis

328 854 685 908 Mortiferum
717 852 1003 906 multoties
1051 851 1206 915 bibit.
1242 866 1431 906 verum
1477 854 1527 907 ei
1578 871 1688 908 non
1721 856 1930 916 nocuit.
2016 877 2144 915 eum
2196 861 2486 916 constituit
2528 862 3002 920 transferendum.
3037 878 3295 917 asserens
3342 881 3401 918 se
3444 882 3614 938 super

327 958 461 997 cum
521 942 768 1013 profanis
813 956 1036 1010 semper
1083 955 1404 1011 repugnans
1456 943 1928 1013 persuasionibus.
2015 966 2218 1021 corpus
2262 951 2382 1019 ejus
2435 949 2722 1003 basilicam
2778 950 3041 1003 decenter
3095 951 3521 1013 zeditieaturum.
3557 961 3615 1008 et

328 1042 518 1101 neque
534 1031 775 1085 diabolo.
798 1045 980 1100 neque
999 1028 1269 1094 ministst
1285 1031 1404 1101 ejus
1417 1032 1933 1103 succubuitﬁgros
2016 1039 2086 1092 ad
2111 1039 2332 1093 laudem
2358 1045 2414 1092 et
2430 1038 2668 1109 gloriam
2691 1037 2891 1092 divina;
2912 1039 3221 1108 majestatis
3247 1041 3612 1097 coenobialem

329 1117 477 1173 bene
505 1135 566 1174 se
595 1119 719 1173 fecit
754 1119 995 1183 habere;
1026 1132 1154 1172 cum
1203 1135 1298 1173 eos
1344 1121 1414 1173 ad
1448 1134 1587 1176 verae
1620 1122 1749 1175 fidei
1777 1121 1932 1176 sani-
2014 1144 2300 1182 servorum
2332 1128 2432 1182 Dei
2476 1128 2729 1198 regulam
2774 1127 3185 1183 ordinaturum.
3218 1129 3402 1185 Cessit
3442 1131 3616 1201 igitur

327 1213 532 1273 tatem,
564 1209 634 1261 de
666 1206 1053 1261 infirmissima
1080 1209 1353 1262 convertit
1382 1208 1793 1264 incredulitate.
1844 1211 1935 1265 Sic
2015 1217 2374 1271 beatissimus
2402 1217 2648 1288 pontifex
2674 1217 2841 1286 regiae
2861 1217 3232 1286 dispositioni.
3258 1226 3315 1272 et
3336 1219 3613 1275 indefesse

328 1297 526 1368 itaque
570 1297 639 1350 ad
683 1295 1054 1350 imitationem
1095 1297 1298 1350 summi
1330 1298 1600 1360 Pastoris,
1633 1298 1749 1369 qui,
1790 1299 1938 1354 sicut
2016 1322 2077 1360 se
2101 1322 2346 1377 suosque
2406 1306 2645 1360 Domino
2688 1306 3107 1361 commendans.
3148 1307 3309 1361 finita
3359 1309 3614 1364 oratione

326 1385 401 1440 ab
444 1401 513 1440 eo
544 1385 840 1455 Evangelia
870 1385 1237 1455 suscepimus.
1278 1386 1417 1440 alias
1446 1386 1658 1441 habens
1691 1400 1839 1453 oves,
1865 1388 1935 1442 de
2015 1395 2272 1465 spiritum
2327 1394 2621 1451 exhalavit.
2671 1396 2714 1447 ()
2762 1394 2887 1448 felix
2931 1410 3150 1466 corpus,
3204 1395 3617 1469 felicioremque

325 1475 558 1529 duobus
585 1490 761 1529 unum
789 1473 934 1527 ovile
959 1474 1092 1527 fecit
1126 1477 1300 1539 (Joan.
1327 1481 1403 1541 Χ).
1435 1482 1660 1530 sanctus
1690 1477 1934 1547 pontifex
2017 1484 2263 1538 animam
2290 1486 2301 1538 !
2339 1485 2481 1547 Mox,
2515 1500 2709 1538 eorum
2741 1483 3054 1537 certissimo
3075 1485 3170 1555 qui
3200 1485 3436 1540 aderant
3464 1488 3619 1541 testi-

325 1563 653 1624 Medarduso
711 1563 945 1617 ferocem
996 1563 1149 1616 illam
1201 1564 1628 1619 Flandl‘vnsium
1682 1572 1932 1636 gentem,
2018 1574 2224 1635 monio.
2257 1574 2377 1627 coeli
2409 1573 2589 1644 aperti
2619 1579 2771 1634 sunt.
2806 1579 2863 1626 et
2904 1573 3087 1627 divina
3133 1574 3452 1635 luminaria.
3499 1577 3616 1631 fere

326 1668 450 1707 sua:
495 1652 849 1707 Noviomensi
896 1652 1150 1707 Ecclesia;
1176 1654 1510 1719 associavit;
1551 1663 1607 1708 et
1636 1671 1736 1726 per
1768 1656 1933 1725 quin-

2026 1678 2119 1734 per
2162 1663 2402 1717 duarum
2450 1663 2714 1716 horarum
2760 1662 3023 1733 spatium.
3059 1668 3187 1717 ante
3219 1664 3408 1718 Sancti
3439 1680 3615 1736 appa-

328 1742 514 1796 decim
545 1756 819 1795 annorum
847 1742 1114 1812 spatium.
1144 1738 1269 1795 licet
1300 1743 1487 1813 aliquo
1521 1743 1741 1797 itineris
1765 1744 1932 1797 inter-
1953 1732 2182 1806 iii-uere
2213 1751 2584 1823 praesentiam,
2628 1752 2696 1805 de
2726 1750 2971 1805 tenebris
3015 1768 3141 1805 eum
3173 1732 3612 1809 transitorifb'ad

327 1832 480 1885 Vallo
505 1831 707 1885 ΐθηιοῐί
749 1838 958 1891 essent.
990 1831 1060 1884 δά
1089 1829 1339 1884 (“Vinum
1382 1848 1477 1911 θίγε
1513 1832 1726 1887 (mltum
1760 1832 1933 1887 infor—
2015 1841 2194 1894 lucem
2227 1839 2579 1909 designantia
2619 1856 2719 1911 pro
2756 1848 2908 1894 certo
2950 1842 3220 1896 transisse
3262 1852 3610 1913 perpetuam.

330 1934 494 1975 mare
547 1920 935 1974 indesinenter
997 1920 1319 1974 elaboravit.
1380 1921 1707 1984 Quindecim
1770 1920 1934 1976 annis

2026 1930 2134 1982 Hoc
2180 1932 2339 1983 tanto
2388 1928 2694 1983 beatissimi
2738 1929 2991 2000 praesulis
3039 1930 3272 1984 animati
3320 1930 3611 1999 miraculo,

330 2010 694 2065 commissam
734 2006 839 2063 sibi
891 2009 1159 2063 divinitus
1199 2010 1404 2063 insedit
1440 2012 1768 2064 cathedram
1813 2024 1825 2040 "
1868 2028 1934 2065 eo
2019 2018 2219 2087 majori
2250 2025 2314 2071 ut
2342 2035 2470 2072 eum
2501 2019 2873 2071 transferrent
2900 2019 3117 2071 accensi
3149 2025 3284 2073 sunt
3310 2020 3611 2077 desiderio.

328 2100 390 2153 in
432 2106 705 2169 tempore,
740 2114 848 2151 non
898 2097 1019 2151 sine
1064 2098 1241 2151 multo
1284 2098 1493 2161 labore,
1540 2100 1855 2154 incredulos
1881 2107 1938 2154 et
2018 2106 2265 2176 Corpore
2322 2107 2510 2177 itaque
2570 2113 2764 2160 sancto
2818 2107 3128 2177 composito
3186 2124 3250 2161 ac
3305 2108 3490 2162 delato
3543 2110 3615 2164 ad

329 2188 589 2243 infideles
614 2187 682 2241 ad
718 2187 885 2240 tidem
907 2186 1165 2240 educavit
1191 2188 1520 2240 catholicam
1548 2208 1559 2241 :
1588 2189 1937 2244 resediiicatis
2017 2195 2331 2261 ecclesiam,
2356 2201 2518 2249 nocte
2548 2196 2647 2248 illa
2675 2196 3047 2265 exsequialem
3078 2213 3203 2250 cum
3239 2197 3417 2251 multa
3454 2198 3618 2253 devo-

330 2276 602 2332 ecclesiis.
637 2288 735 2330 eos
759 2276 853 2346 qui
883 2276 996 2329 Deo
1021 2275 1154 2328 inibi
1178 2276 1470 2341 servirent,
1493 2292 1601 2331 non
1625 2278 1745 2331 sine
1765 2292 1936 2333 sacrae

329 2381 537 2420 manus
583 2364 942 2435 impositione
987 2364 1250 2418 decenter
1276 2366 1653 2429 consecravit;
1689 2374 1745 2420 et
1770 2368 1937 2437 quid-

330 2454 470 2525 quid
504 2455 615 2508 Deo
650 2454 914 2525 placitum
957 2460 1205 2513 noverat.
1248 2455 1656 2511 incessabiliter
1692 2464 1750 2511 et
1778 2458 1935 2512 inex-

328 2543 617 2614 cogitsbili
643 2544 937 2597 devotione
966 2543 1244 2597 ordinavit
1274 2541 1325 2615 (8
1355 2587 1366 2598 .

401 2632 494 2689 ‘Zl.
540 2631 722 2701 Hujus
760 2648 895 2703 ergo
929 2632 1200 2702 temporis
1240 2639 1526 2688 transacto
1569 2636 1769 2705 spatio,
1804 2651 1934 2690 san-

327 2730 486 2776 ctum
522 2722 619 2775 Dei
670 2721 990 2792 pontificem
1044 2721 1374 2789 gravissima
1415 2724 1651 2793 contigit
1695 2725 1933 2794 deprimi

328 2811 586 2881 corporis
632 2810 981 2871 infirmitate.
1026 2817 1086 2863 et
1132 2811 1508 2865 invalescente
1556 2812 1750 2865 morbo
1808 2829 1934 2866 cor-

326 2914 534 2973 poreus
564 2902 685 2968 ejus
723 2915 922 2955 sensus
971 2900 1041 2953 de
1082 2900 1173 2952 die
1218 2900 1274 2953 in
1305 2901 1455 2954 diem
1489 2902 1758 2971 paulatim
1789 2902 1931 2956 defl-

2018 2283 2172 2338 tione
2202 2283 2559 2339 celebrarunt
2581 2285 2828 2354 vigiliam
2849 2284 2949 2352 (9).

2637 2375 2871 2432 CAPUT
2909 2374 3001 2431 IV.

2056 2467 2262 2535 Corpus
2291 2468 2633 2523 Sucssz‘oncm
2683 2470 3043 2520 translatum.
3091 2466 3252 2522 Varia
3300 2471 3579 2524 miracula

2687 2543 2937 2606 patrata.

2089 2633 2175 2690 ‘23.
2209 2635 2374 2689 Mane
2420 2651 2550 2688 vero
2600 2635 2766 2693 facto.
2810 2651 2934 2687 cum
2990 2635 3255 2706 episcopi.
3304 2637 3507 2707 quibus
3534 2638 3619 2691 in-

2017 2728 2227 2776 teresso
2281 2724 2657 2793 rontigerat.’
2698 2734 2861 2776 suom
2918 2724 3182 2778 defuncto
3243 2725 3619 2780 celebrassent

2016 2812 2282 2873 officium,
2308 2811 2662 2883 inopinabilis
2695 2812 2994 2865 multitudo
3022 2813 3281 2865 convenit
3304 2812 3572 2868 nobilium
3599 2833 3611 2868 :

2016 2914 2080 2954 ex
2112 2901 2360 2954 castellis
2404 2907 2460 2953 et
2509 2900 2849 2956 civitatibus.
2883 2901 2951 2954 de
2998 2901 3150 2971 agris
3196 2907 3252 2955 et
3298 2902 3617 2974 municipiis

326 3006 479 3045 cere.
518 2984 748 3045 Iacebat
771 2989 996 3059 quidem
1031 2988 1221 3043 Sancti
1251 3004 1454 3060 corpus
1483 2991 1633 3043 omni
1663 3006 1803 3061 pene
1832 3004 1935 3045 sua
1957 3049 1993 3061 Α
2017 2990 2404 3059 διιδεευηιὶὴυθ
2448 2989 2852 3043 intestimabilis
2887 2991 3125 3044 accurrit
3154 2998 3479 3052 conventus.
3520 2991 3618 3046 alii

318 3079 509 3149 ipsius
556 3077 759 3131 virtute
789 3049 1191 3144 ldestitutum;
1252 3049 1481 3149 spiritus
1538 3049 1747 3141 autem,
1804 3049 2138 3149 quiacejus
2183 3078 2379 3132 devote
2425 3074 2809 3132 desiderantes
2859 3078 3131 3132 interesse
3174 3049 3477 3149 obsequiis.
3522 3080 3619 3134 alii

324 3181 559 3236 semper
603 3166 887 3220 Christum
936 3166 1372 3225 desideraverat,
1409 3168 1560 3221 omni
1595 3169 1717 3221 nisu
1750 3168 1929 3239 susPi-

324 3256 495 3311 rath
520 3255 592 3309 ad
632 3271 797 3321 eum;
844 3256 1050 3309 fessum
1095 3272 1297 3326 corpus
1333 3256 1404 3309 ad
1443 3270 1602 3311 suam
1633 3257 1934 3311 anhelabat

327 3344 650 3400 materiem.
683 3345 873 3398 anima
913 3359 1041 3398 vero
1097 3344 1166 3397 ad
1223 3361 1345 3398 eam
1396 3344 1543 3399 unde
1587 3351 1935 3415 processerat

323 3433 601 3489 tendebat
640 3434 1043 3487 hereditatem.
1081 3433 1452 3487 Confluebant
1494 3434 1760 3503 Undique,
1793 3446 1933 3504 quas

327 3523 452 3594 ipse
481 3522 756 3594 regendos
783 3529 1122 3592 susceperat,
1155 3523 1222 3575 ad
1257 3522 1495 3591 pastoris
1537 3524 1712 3575 sancti
1749 3523 1932 3592 plora-

324 3614 581 3668 bundam
637 3613 1010 3667 visitationem
1055 3631 1066 3664 :
1108 3613 1466 3666 conﬂuebant
1523 3612 1770 3683 undique
1809 3614 1927 3679 filii,

324 3710 629 3775 paternam
675 3701 779 3755 sibi
819 3702 1075 3770 lugentes
1102 3701 1273 3755 adimi
1310 3702 1775 3759 consolationem.
1825 3702 1935 3756 Ve-

325 3790 480 3851 rum.
515 3792 644 3845 licet
690 3807 891 3861 corpus
918 3797 977 3845 et
1021 3806 1219 3844 sensus
1262 3791 1383 3859 ejus
1429 3807 1725 3861 corporeos
1752 3794 1935 3862 gravis

323 3882 425 3936 illa
460 3881 659 3935 mortis
687 3885 1017 3950 occupasset
1040 3879 1327 3933 instantia.
1361 3890 1472 3933 non
1502 3886 1689 3933 tamen
1724 3896 1754 3933 a
1793 3896 1935 3950 prte-

323 3970 633 4025 dicationis
678 3968 860 4023 ofﬁcio
889 3968 1256 4023 sanctissimae
1298 3968 1475 4040 ipstus
1522 3968 1723 4038 lingua:
1754 3975 1935 4022 retar-

326 4060 579 4114 dabatur
639 4057 899 4111 facundia
986 4057 1162 4111 Deum
1227 4057 1394 4111 corde
1457 4057 1807 4128 suspirabat,
1876 4063 1935 4111 et

327 4158 431 4204 ore
486 4146 772 4202 fatebatur
813 4164 824 4199 :
868 4147 1044 4200 Deum
1085 4146 1822 4217 incessanter-praedicabat,
1880 4153 1935 4201 et

330 4239 403 4293 ad
438 4238 610 4292 fidem
640 4235 993 4293 catholicam.
1024 4251 1203 4305 usque
1246 4235 1315 4289 ad
1362 4236 1545 4306 ipsum
1588 4235 1785 4289 mortis
1823 4251 1936 4290 sum

329 4332 713 4387 momentum.
743 4338 1105 4396 quoscunque
1127 4329 1350 4395 poterat
1376 4325 1654 4379 instanter
1676 4325 1938 4379 exhorta-

328 4416 522 4471 batur.

404 4504 497 4562 2'2.
552 4505 692 4558 Cum
737 4508 927 4557 autem
976 4501 1174 4556 beatus
1220 4501 1311 4555 hic
1355 4503 1603 4574 pontifex
1647 4503 1772 4558 vitae
1809 4512 1941 4575 pro-

328 4596 645 4668 pinquaret
671 4593 739 4647 ad
769 4592 1003 4647 exitum.
1048 4591 1283 4661 contigit
1308 4592 1694 4646 ('hlotbarium
1727 4608 1937 4662 regem,

331 4691 638 4757 postquam
668 4681 953 4736 Chranum
985 4679 1161 4734 illium
1192 4692 1356 4733 suum
1386 4695 1511 4734 cum
1545 4696 1715 4733 uxore
1745 4694 1846 4734 sua
1875 4696 1941 4733 ac

332 4772 455 4826 ﬁlia
464 4770 568 4823 bus
584 4767 990 4823 combusserat.
1007 4780 1042 4820 a
1063 4766 1290 4836 regione
1304 4767 1505 4821 reverti
1524 4768 1938 4823 Britannorum.

328 4859 586 4931 Cognita
625 4868 756 4911 vero
799 4857 968 4925 hujus
1009 4855 1329 4909 valetudine
1379 4856 1674 4926 pontificis.
1707 4856 1778 4910 ad
1815 4872 1942 4910 eum

332 4950 635 5007 visendum
666 4945 957 5000 humiliter
985 4946 1289 5003 iestinavit.
1314 4946 1435 5015 ejus
1455 4962 1514 5000 se
1546 4962 1655 5000 non
1684 4945 1944 5002 difﬁdens

332 5046 541 5096 contra
564 5030 866 5090 diabolicas
896 5034 1283 5088 infestationes
1306 5033 1689 5090 benedictione
1716 5036 1940 5103 muniri,

334 5137 393 5185 et
426 5125 833 5183 intercessione
877 5123 1026 5195 apud
1074 5123 1319 5178 divinam
1352 5125 1704 5196 majestatem
1746 5138 1944 5180 recon-

417 5296 489 5361 48l
523 5298 587 5353 In
622 5295 748 5348 \‘ita
776 5293 956 5347 altera
998 5292 1099 5357 ait,
1142 5311 1169 5345 α
1218 5307 1251 5346 a
1299 5292 1353 5347 8.
1380 5292 1646 5347 Medardo
1676 5294 1731 5349 8.
1767 5294 1950 5349 Rade-

328 5370 516 5448 gundi
566 5365 926 5448 impositum.
963 5363 1391 5448 fuissehvelum,
1455 5382 1691 5448 eamque
1744 5375 1950 5421 sancta:

332 5434 710 5516 professionis
767 5435 1028 5516 primitiis
1076 5434 1376 5516 initiatam.
1435 5443 1512 5516 et_
1557 5434 1791 5508 quaeque
1823 5455 1948 5516 “se-

333 5504 570 5587 quentia
615 5504 821 5587 forent.
861 5521 1109 5587 quisque
1134 5504 1395 5587 evitanda
1449 5504 1720 5587 edoetaml
1761 5529 1781 5558 ι
1816 5508 1951 5587 Qua

326 5578 612 5658 poterunt
654 5580 730 5635 ad
778 5580 951 5651 hujus
997 5578 1186 5632 Vitem
1237 5578 1304 5636 l‘d
1348 5579 1591 5650 Augusti
1635 5582 1951 5637 accuratius

2015 3168 2317 3221 admodum
2366 3168 2624 3237 lugentes
2672 3174 2884 3237 patrem
2934 3168 3184 3238 separari
3234 3185 3269 3222 a
3320 3169 3468 3223 filiis.
3514 3170 3622 3224 Per

2016 3256 2229 3310 medias
2276 3270 2410 3327 ergo
2458 3257 2797 3327 plorantium
2852 3257 3130 3329 lacrymas
3161 3274 3253 3312 rex
3298 3257 3617 3329 irrumpens

2014 3362 2139 3399 cum
2173 3346 2449 3416 episcopis
2495 3351 2551 3399 et
2594 3345 2977 3416 Optimatibus.
3010 3347 3127 3400 suis
3157 3346 3333 3417 ipsius
3362 3348 3615 3402 humeris

2014 3451 2215 3504 corpus
2282 3435 2516 3489 sustulit
2578 3435 2993 3488 sanctissimum
3062 3436 3396 3497 Suessionis.
3473 3437 3619 3491 sicut

2014 3522 2363 3594 praedixerat.
2398 3524 2595 3579 etl‘erre
2627 3524 2817 3577 volens
2846 3524 2917 3577 ad
2957 3524 3364 3594 sepeliendum.
3414 3526 3491 3579 Ea
3528 3526 3617 3579 ni-

2015 3613 2219 3666 mirum
2259 3614 2415 3674 hora.
2456 3612 2658 3683 quibus
2684 3612 2957 3666 interesse
2989 3613 3241 3683 contigit.
3276 3613 3618 3669 ineffabilem

2016 3702 2262 3771 lugentis
2292 3702 2478 3772 populi
2524 3718 2794 3772 expavere
2826 3702 3121 3771 gemitum.
3146 3702 3280 3756 dum
3311 3718 3421 3757 non
3453 3702 3619 3757 modo

2017 3790 2115 3844 illa
2159 3791 2215 3843 in
2245 3792 2499 3854 ecclesia,
2533 3792 2629 3844 sed
2673 3796 2729 3844 et
2775 3807 2874 3861 per
2922 3797 3097 3845 totam
3146 3792 3428 3846 civitatem
3461 3796 3519 3846 et
3560 3791 3618 3845 in

2017 3878 2305 3934 suburbio.
2363 3896 2463 3950 per
2513 3880 2657 3933 vicos
2707 3894 2929 3950 quoque
2963 3886 3021 3933 et
3059 3881 3293 3950 plateas.
3347 3894 3515 3935 unam
3563 3887 3622 3935 et

2018 3968 2274 4021 eamdem
2327 3982 2514 4020 vocem
2562 3968 2824 4021 audirent
2870 3968 3241 4038 plorantium.
3282 3968 3621 4023 Recolebant

2017 4054 2297 4126 siquidem
2327 4055 2659 4110 urbisillius
2705 4055 2983 4126 indigena:
3025 4057 3208 4110 Patris
3253 4058 3614 4123 sanctissimi,

2018 4161 2129 4215 qua
2147 4151 2381 4198 eatenus
2409 4144 2693 4197 informati
2725 4146 2968 4203 tuerant.
2990 4143 3450 4213 benignissimam
3482 4160 3618 4213 prm-

2018 4232 2388 4299 dicationem;
2422 4230 2688 4286 dolebant
2709 4244 2839 4285 vero
2863 4239 2922 4286 et
2948 4233 3308 4286 vehementer
3332 4232 3617 4302 angeban-

2022 4327 2136 4387 tur,
2182 4321 2316 4392 quia
2362 4336 2490 4375 cum
2540 4322 2763 4375 Patrem
2816 4321 3153 4383 amisissent,
3207 4320 3388 4376 Patris
3448 4322 3618 4375 etiam

2020 4411 2333 4481 sepultura.
2368 4410 2516 4480 regis
2541 4416 2599 4464 et
2627 4424 2916 4481 procerum
2951 4410 3233 4473 violentia.
3266 4409 3620 4465 frustraban-

2022 4506 2135 4553 tur.
2169 4499 2670 4570 Compatiebantur
2698 4500 2793 4570 qui
2832 4505 3274 4569 supervenerant
3300 4499 3371 4553 ad
3401 4504 3621 4553 tantam

2026 4589 2200 4660 plebis
2243 4589 2397 4643 illius
2446 4596 2833 4659 compunctam
2874 4588 3397 4658 illacrymationem.
3431 4604 3623 4642 verum

2025 4679 2157 4750 quia
2178 4679 2328 4749 regia
2360 4677 2596 4748 urgebat
2620 4677 2884 4747 dignitas.
2910 4678 2979 4731 ad
3007 4678 3349 4732 sanctissimi
3375 4678 3628 4749 corporis

2025 4768 2240 4822 intente
2269 4766 2610 4821 insudabant
2647 4764 3095 4821 translationem.
3129 4760 3230 4821 Vix
3264 4782 3399 4838 ergo
3427 4772 3482 4821 et
3514 4782 3627 4821 non

2026 4857 2148 4911 sine
2180 4857 2359 4910 multo
2390 4855 2598 4910 labore.
2632 4862 2794 4927 patre
2825 4856 3192 4912 mmrentibus
3220 4863 3278 4912 et
3305 4855 3628 4927 lugentibus

2027 4946 2157 5000 filiis
2201 4954 2413 5017 erepto,
2446 4945 2589 4999 sicut
2636 4961 2669 5000 a
2718 4946 2868 5018 Rege
2908 4952 3255 5019 acceperant.
3287 4947 3397 5001 iter
3425 4958 3629 5015 aggre-

2026 5035 2274 5090 diuntur.

2096 5122 2183 5181 24.
2221 5124 2400 5194 Hujus
2429 5124 2624 5180 audita
2650 5126 3023 5181 translatione
3052 5121 3388 5179 sanctissimi
3415 5119 3631 5174 confes-

2030 5310 2362 5349 examinari.

2099 5366 2185 5433 (9)
2221 5367 2432 5422 Ibidem
2467 5382 2481 5417 :
2520 5386 2544 5417 ι
2588 5362 2823 5420 Funalia
2869 5363 3162 5420 vincebant
3207 5359 3470 5433 tenebras
3511 5376 3627 5432 prie

2033 5432 2413 5508 immensitate
2446 5436 2690 5491 luminis.
2730 5436 3021 5508 omnisque
3051 5432 3406 5508 illagbasilica
3434 5433 3629 5489 multis

2033 5520 2323 5565 Cereorum
2346 5507 2621 5563 adornata
2648 5508 2890 5563 lucernis
2914 5503 3326 5579 resplendebat.
3363 5524 3386 5556 ι
