4040 6182
457 269 595 329 1511

1473 271 1801 328 RADBODI
1837 268 2346 327 NOVIOMENSIS
2385 269 2715 328 EPISCOPI

3591 277 3735 335 1512

457 395 623 461 soris.
655 400 712 450 et
755 411 868 450 non
895 395 1200 468 desperans
1229 395 1298 450 de
1338 397 1483 451 tanti
1532 397 1825 452 clementia
1871 397 2048 450 inter-
2064 395 2303 455 Atibus.
2324 413 2512 466 regem
2536 413 2738 468 corpus
2759 403 3014 453 sanctum
3037 407 3357 456 reverenter
3376 399 3738 457 transtulisse

457 485 711 543 cessoris,
759 484 909 538 inter
958 484 1302 556 portantium
1347 501 1571 540 cuneos.
1619 503 1798 541 caecus
1823 486 2052 557 quidam

459 572 665 626 feretro
680 589 740 626 se
761 573 1070 628 humillime
1085 573 1374 630 submisit:
1401 583 1452 628 et
1479 575 1733 646 protinus
1748 576 2052 629 secundum

458 660 624 714 ﬁdem
657 677 836 727 suam,
873 663 1006 733 quia
1038 663 1176 718 bene
1201 673 1542 734 speraverat.
1588 682 1686 735 per
1715 665 1770 719 S.
1803 664 2051 719 Medardi

457 750 742 808 meritum.
774 752 953 806 visum
983 753 1231 823 gratuito
1265 754 1359 807 Dei
1393 770 1624 808 munere
1653 754 1882 826 recepit.
1906 754 2049 818 Quid

454 838 661 909 plura?
689 841 796 905 Qui
828 841 982 912 prius
1025 843 1080 896 in
1111 842 1333 896 civitate
1363 850 1578 896 tantam
1626 843 1922 897 audierant
1952 844 2050 898 de-

457 929 737 982 votionem
772 930 1104 1000 lugentium.
1157 939 1214 985 et
1258 942 1393 985 tunc
1421 949 1592 1003 super
1621 933 1723 986 hac
1760 933 1886 986 caeci
1931 932 2053 986 illu-

457 1017 785 1079 minatione.
815 1025 1036 1074 tantum
1073 1021 1166 1074 Dei
1198 1027 1252 1074 et
1283 1021 1460 1074 sancti
1511 1020 1795 1075 Pontiﬁcis
1838 1021 2052 1091 perspi-

457 1105 679 1162 ciebant
708 1107 1060 1163 miraculum.
1085 1109 1245 1163 ulnas
1276 1109 1643 1163 libentissime
1673 1120 1878 1165 sanctae
1902 1110 2053 1164 illius

457 1196 725 1251 evectioni
775 1205 1116 1268 supponunt.
1165 1199 1365 1269 Magna
1394 1215 1452 1252 se
1481 1199 1661 1252 credit
1687 1199 1926 1253 ditatum
1962 1215 2049 1252 re-

458 1287 870 1342 muneratione.
892 1289 979 1341 cui
1004 1287 1106 1341 etsi
1131 1304 1242 1341 non
1271 1297 1510 1358 gestare.
1536 1289 1734 1342 saltem
1761 1287 1896 1342 illud
1929 1305 2054 1342 san-

458 1373 532 1428 cti
561 1375 832 1429 feretrum
860 1377 1252 1447 quoquomodo
1283 1376 1438 1430 licuit
1461 1384 1780 1430 attrectare.
1799 1377 2052 1448 Episcopi

461 1469 518 1517 et
565 1464 864 1536 optimates
911 1466 981 1520 ad
1031 1465 1085 1519 id
1132 1482 1192 1519 se
1241 1466 1405 1520 ofﬁcii
1455 1466 1711 1520 hilariter
1754 1467 2051 1521 cohortan-

459 1558 571 1614 tur.
621 1565 678 1608 et
729 1571 869 1608 onus
925 1554 1060 1608 illud
1114 1555 1229 1608 leve
1279 1555 1602 1614 sentientes.
1660 1573 1724 1609 ex
1778 1568 2051 1627 praecepto

459 1642 610 1711 regis
660 1643 806 1713 apud
862 1644 1203 1714 Attipiacum
1262 1645 1466 1704 villam.
1518 1645 1746 1700 ﬂuvium
1799 1648 2048 1700 Axonam

458 1731 681 1801 navigio
710 1733 1222 1802 transgrediuntur.
1257 1733 1618 1788 Pestinodum
1645 1752 1772 1788 vero
1793 1735 1900 1790 iter
1921 1735 2051 1789 diri-
2072 1749 2112 1809 Β

454 1829 652 1889 gentes
688 1828 882 1875 contra
922 1822 1172 1891 ejusdem
1223 1823 1473 1876 ﬂuminis
1503 1825 1731 1881 undam.
1773 1825 1914 1878 sicut
1956 1841 2050 1877 rex

455 1909 947 1979 praeordinaverat.
990 1911 1097 1966 iter
1137 1912 1205 1965 ad
1249 1912 1438 1966 urbem
1481 1915 1714 1968 ﬂectunt
1741 1913 2052 1968 Suessioni-

455 2013 577 2053 cam
594 2043 607 2056 .

526 2087 621 2144 2.3.
664 2089 762 2143 Dei
805 2094 862 2144 et
912 2090 1090 2143 sancti
1136 2091 1413 2160 pontiﬁcis
1455 2092 1639 2161 gratia
1689 2090 2056 2147 Bandaredus

459 2176 876 2232 SueSsionensis
926 2180 1238 2249 episcopus.
1290 2197 1414 2234 cum
1465 2180 1654 2235 debita
1704 2182 2056 2252 processione

459 2272 779 2320 reverenter
809 2267 1071 2326 occurrit.
1105 2285 1169 2321 ac
1196 2269 1612 2322 sanctissimum
1659 2285 1860 2339 corpus
1893 2279 2058 2340 prout

457 2353 688 2409 decebat
719 2355 1023 2409 honoriﬁce
1053 2356 1315 2426 suscepit.
1341 2358 1431 2411 Sic
1462 2358 1793 2412 solemniter
1816 2359 1939 2412 felix
1964 2359 2058 2413 illa

459 2443 944 2498 Suessionensium
993 2445 1187 2498 civitas
1232 2454 1484 2498 sanctum
1523 2445 1617 2500 Dei
1649 2447 1894 2518 suscepit
1921 2465 2056 2502 con-

457 2531 748 2599 fessorem,
779 2533 1098 2604 amplexata
1143 2539 1228 2587 est
1271 2533 1464 2587 festive
1501 2541 1821 2604 patronum.
1855 2537 2057 2590 amodo

457 2621 747 2693 proprium
800 2622 993 2694 patriae
1032 2622 1292 2676 habitura
1336 2622 1683 2676 defensorem
1756 2625 1909 2678 Inter
1957 2625 2057 2679 hos

459 2711 879 2782 properantium
925 2727 1131 2764 cuneos
1177 2710 1406 2782 quidam
1448 2729 1508 2766 se
1549 2712 1796 2782 ingessit.
1830 2714 2051 2768 aurium

457 2798 671 2854 diutius
698 2799 1002 2854 frustratus
1031 2799 1214 2852 olﬁcio
1241 2816 1256 2865 ;
1289 2800 1380 2869 qui
1416 2816 1543 2854 mox
1578 2809 1639 2855 ut
1669 2803 1911 2872 peplum.
1945 2821 2055 2874 quo

456 2903 678 2942 sacrum
703 2888 1000 2958 tegebatur
1025 2904 1246 2958 corpus.
1289 2888 1592 2942 osrulando
1623 2892 1818 2944 devote
1843 2892 2050 2961 attigit,

457 2977 701 3032 fraudati
740 2994 939 3032 sensus
978 2993 1139 3031 usum
1187 2977 1332 3031 illico
1364 2995 1478 3031 san-
1503 2979 1541 3032 ti
1572 2980 1850 3050 pontiﬁcis
1890 2981 2050 3035 inter

2135 501 2202 537 ex
2230 501 2372 538 vera:
2400 485 2710 541 devotionis
2737 487 2944 544 studio.

2206 571 2294 628 27.
2329 575 2437 627 Rex
2472 575 2705 629 nimium
2734 577 3007 632 attonitus
3031 579 3099 632 ad
3134 579 3322 634 Sancti
3354 581 3598 634 loculum
3624 597 3736 636 non

2135 661 2256 715 sine
2301 663 2478 716 multa
2505 664 2799 726 devotione
2851 667 3340 739 appropinquavit,
3393 677 3446 723 et
3495 669 3735 724 solemni

2133 751 2276 803 facta
2308 751 2610 806 traditione
2641 753 2781 809 villae
2811 754 2963 809 illius
2995 757 3196 826 regalis
3229 758 3503 813 Croviaci.
3539 758 3595 812 in
3627 775 3737 828 qua

2135 841 2372 894 Sanctus
2409 842 2524 912 ipse
2563 843 2917 912 sepeliendus
2965 853 3106 912 erat,
3141 847 3501 902 medietatem
3533 849 3737 902 Sancto

2134 930 2311 983 eidem
2345 931 2667 1001 perenniter
2697 932 3029 997 habendam,
3075 935 3239 1005 sigilli
3275 937 3444 1006 regali
3496 937 3730 1006 impres-

2134 1017 2289 1072 sione
2331 1021 2701 1074 conﬁrmavit.
2751 1022 2998 1093 Contigit
3049 1023 3196 1078 illico
3245 1042 3334 1079 res
3365 1025 3640 1079 mirabilis
3676 1030 3734 1080 et

2134 1106 2490 1161 laudabiliter
2536 1110 2842 1164 recitanda.
2893 1112 3018 1165 Mox
3056 1112 3203 1166 enim
3252 1112 3400 1167 ulnis
3425 1113 3732 1184 suppositis

2134 1211 2275 1249 onus
2315 1196 2450 1251 illud
2496 1198 2933 1257 sanctissimum.
2973 1208 3129 1270 parte
3161 1201 3386 1272 quidem
3435 1219 3500 1255 ex
3553 1203 3734 1257 altera

2135 1284 2254 1338 sine
2299 1285 2411 1339 ulla
2451 1286 2781 1342 difﬁcultate
2836 1287 3127 1343 sublevare.
3174 1297 3522 1361 potuerunt;
3575 1300 3733 1362 parte

2133 1389 2264 1426 vero
2293 1390 2356 1428 ex
2395 1375 2571 1428 altera
2615 1375 2956 1430 incredibilis
2985 1378 3267 1448 ponderis.
3291 1387 3348 1432 et
3379 1379 3603 1450 penitus
3632 1379 3733 1434 im-

2137 1463 2340 1516 mobile
2372 1473 2785 1533 per-senserunt.
2805 1466 2888 1519 Ad
2919 1465 3038 1520 haec
3065 1484 3160 1520 rex
3181 1469 3432 1536 jucunda
3457 1469 3595 1522 satis
3622 1469 3732 1522 vul-

2132 1560 2215 1610 tu.
2273 1559 2486 1606 tantam
2532 1554 2629 1608 Dei
2689 1560 2998 1609 retractans
3045 1556 3308 1626 gratiam.
3360 1574 3529 1628 quam
3568 1558 3732 1612 citius

2134 1640 2312 1710 potuit
2354 1642 2421 1695 ad
2467 1644 2800 1697 confessoris
2837 1645 3176 1699 sanctissimi
3209 1645 3542 1707 dominium.
3576 1647 3729 1701 illam

2133 1745 2300 1798 quam
2345 1729 2450 1783 sibi
2498 1730 2809 1784 retinuerat
2843 1732 3016 1802 jussit
3048 1733 3346 1800 resigillari
3393 1744 3610 1803 partem
3644 1751 3734 1788 re-

2131 1816 2376 1873 siduam.
2419 1819 2532 1873 Nec
2563 1837 2717 1873 mora
2754 1839 2765 1872 :
2809 1821 2907 1874 Dei
2936 1821 3121 1891 gratia
3149 1829 3403 1876 sanctum
3449 1839 3575 1876 mox
3606 1839 3733 1877 sus-

2132 1907 2312 1960 tulere
2341 1907 2482 1961 adeo
2521 1908 2844 1979 levigatum.
2879 1921 2942 1963 ut
2998 1911 3144 1980 quod
3191 1920 3424 1965 eotenus
3465 1911 3735 1982 despera-

2133 2003 2331 2051 verant
2382 1998 2504 2051 sine
2542 1999 2656 2051 ulla
2694 1998 3026 2053 dilﬁcultate
3050 2015 3085 2052 a
3109 1999 3302 2070 paucis
3337 2000 3737 2071 deportaretur

2135 2085 2208 2139 ad
2237 2087 2576 2157 sepulcrum.

2207 2173 2279 2230 ‘28
2333 2176 2589 2229 Defertur
2617 2176 2791 2246 igitur
2833 2193 3036 2247 corpus
3078 2182 3334 2232 sanctum
3377 2178 3445 2232 ad
3478 2179 3739 2250 sepultu-

2138 2279 2259 2316 ram
2306 2282 2318 2316 :
2368 2281 2558 2318 verum
2603 2265 2698 2318 illo
2736 2265 2789 2319 in
2839 2265 3041 2320 itinere
3085 2267 3228 2321 Deus
3273 2268 3741 2338 pretiosissimam

2137 2369 2296 2405 suam
2329 2369 2440 2406 non
2481 2353 2817 2424 dedignatus
2860 2360 2948 2409 est
2992 2355 3301 2409 clariﬁcare
3345 2357 3738 2426 margaritam.

2137 2444 2453 2512 Antequam
2483 2442 2630 2496 enim
2662 2449 2826 2497 terrae
2853 2460 3057 2514 corpus
3089 2454 3344 2498 sani-tum
3376 2446 3740 2509 conderetur,
3809 2507 3816 2512 η

2139 2530 2366 2601 quidam
2414 2531 2583 2585 vastis
2623 2540 2946 2587 catenarum
2998 2533 3151 2594 loris.
3200 2533 3424 2588 brachia
3459 2552 3743 2604 surasque

2138 2619 2446 2683 devinctus.
2488 2637 2588 2692 per
2630 2621 2840 2675 medias
2889 2622 3312 2692 properantium
3366 2630 3588 2677 turmas
3628 2640 3741 2679 non

2135 2707 2256 2761 sine
2299 2708 2476 2761 multa
2525 2708 2854 2762 difﬁcultate
2905 2726 3029 2764 sese
3070 2710 3303 2780 injecit;
3354 2711 3443 2764 cui
3495 2729 3624 2766 mox
3680 2719 3746 2767 ut

2136 2800 2314 2851 sancti
2369 2797 2698 2852 confessoris
2749 2814 3073 2854 concessum
3131 2808 3216 2853 est
3266 2807 3500 2870 tangere
3548 2802 3747 2872 Operi-

2139 2894 2412 2951 mentum,
2460 2889 2651 2941 omnia
2701 2905 2824 2942 mox
2859 2889 3156 2944 dissiluere
3199 2881 3466 2960 repagula
3505 2899 3745 2946 catena-

2137 2992 2285 3041 rum.
2334 2976 2713 3048 disruptisque
2759 2979 3090 3049 compedum
3146 2979 3398 3035 vinculis.
3451 2979 3748 3035 liberrime

455 3066 707 3120 cessione
735 3067 1018 3138 suscipere
1041 3065 1367 3136 promeruit.
1396 3068 1727 3122 Gratulatur
1749 3068 2050 3123 admodum
2075 3071 2260 3128 Ccum
2295 3066 2471 3120 multa
2508 3067 2819 3136 gratiarum
2851 3067 3072 3121 actione
3110 3067 3450 3138 Sequebatur
3481 3085 3752 3124 munera-

455 3171 572 3218 rex.
593 3156 954 3226 gratulantur
973 3156 1140 3208 etiam
1169 3155 1459 3225 pontiﬁces
1487 3173 1614 3210 cum
1644 3157 2010 3227 optimatibus
2033 3177 2046 3223 ;

457 3259 724 3315 maguum
759 3247 823 3299 ﬁt
852 3245 909 3299 in
937 3244 1090 3298 uelis
1117 3244 1407 3314 gaudium.
1440 3252 1497 3299 et
1526 3252 1774 3300 astantes
1809 3247 2049 3302 universi

457 3330 641 3388 Deum
675 3350 738 3388 ex
768 3341 888 3388 toto
915 3333 1082 3388 corde
1126 3348 1237 3386 non
1275 3333 1398 3386 sine
1429 3333 1695 3405 lacrynns
1721 3345 2052 3407 compuncte

454 3431 810 3478 venerantur.

525 3508 615 3568 ‘26.
649 3513 1085 3568 Retransmeant
1129 3532 1193 3570 ex
1234 3521 1509 3588 praecepto
1547 3513 1696 3584 regis
1726 3514 2050 3585 praedictum

455 3600 664 3655 ﬁumen
690 3603 959 3658 Axonam.
986 3605 1424 3676 perveiiiuntque
1446 3605 1500 3658 in
1524 3603 1814 3674 praedium.
1840 3603 1930 3657 ubi
1955 3621 2048 3658 rex

455 3690 928 3758 praeordinaverat
945 3692 1314 3762 sepulturam.
1341 3693 1441 3750 lbi.
1475 3693 1586 3746 Deo
1606 3691 1934 3763 disponente
1953 3694 2046 3764 qui

455 3786 654 3830 cuncta
676 3779 940 3848 pra-videt
959 3785 1014 3832 et
1034 3785 1328 3850 praenoscit
1371 3781 1644 3843 lecticam.
1661 3798 1769 3851 qua
1791 3791 2045 3837 sanctum

451 3864 603 3920 illius
631 3883 833 3937 corpus
861 3869 1216 3926 evehebatur.
1251 3870 1436 3925 nescio
1465 3886 1575 3941 qua
1609 3869 1679 3923 de
1707 3887 1874 3925 causa
1909 3889 2044 3927 con-

454 3953 582 4025 tigit
608 3956 832 4026 deponi.
869 3958 935 4011 Et
977 3975 1104 4012 ecce
1132 3958 1332 4013 iterata
1367 3958 1631 4013 miracula
1659 3960 2042 4029 geminantur.

453 4051 511 4098 et
547 4044 605 4098 in
657 4046 950 4100 universali
997 4055 1294 4118 conspectu
1338 4048 1666 4112 astantium.
1711 4050 2043 4104 sanctissimi

453 4134 707 4205 praesulis
745 4136 942 4190 merita
969 4137 1095 4206 glor
1119 4140 1167 4191 ti:
1189 4147 1359 4192 antur
1411 4128 1551 4192 Cum
1589 4137 1738 4191 enim
1767 4139 2047 4193 sanctissi-

453 4238 601 4276 mam
636 4225 756 4294 ejus
773 4224 1026 4294 glebam.
1049 4243 1112 4279 ex
1146 4226 1392 4297 injuncto
1419 4227 1524 4280 sibi
1549 4228 1752 4290 ofﬁcio.
1776 4228 1844 4282 ad
1866 4230 2048 4298 sepul-

2133 3154 2278 3208 rium
2307 3171 2494 3208 suum.
2540 3156 2872 3210 Perventum
2918 3165 3004 3210 est
3034 3157 3263 3210 tandem
3295 3157 3361 3210 ad
3407 3173 3534 3211 eam
3566 3174 3746 3228 quam

2135 3242 2186 3297 ei
2237 3261 2349 3304 rex.
2397 3261 2506 3297 non
2538 3244 2660 3298 sine
2701 3246 2799 3300 Dei
2850 3245 3220 3317 providentia.
3268 3247 3751 3317 praeordinaverat

2137 3333 2520 3403 sepulturam:
2545 3332 2935 3404 episco.-icum
2966 3333 3282 3394 abbatibus.
3318 3335 3560 3406 peractis
3585 3336 3750 3406 prius

2134 3438 2259 3493 quae
2303 3421 2398 3475 Dei
2449 3429 2630 3486 erant,
2672 3423 3092 3478 sanctissimum
3140 3423 3276 3478 illud
3321 3441 3528 3496 corpus
3569 3433 3743 3480 terre

2133 3511 2528 3565 decentissime
2549 3512 2967 3567 commendant.

2205 3599 2299 3657 29.
2351 3601 2485 3655 Ecce
2533 3601 2834 3656 reiteratur
2873 3607 3068 3656 sancta
3114 3602 3300 3658 Sancti
3347 3603 3554 3672 gloria.
3598 3605 3747 3659 Nam

2130 3705 2256 3743 cum
2275 3688 2394 3758 ejus
2417 3690 2793 3743 sacratissima
2815 3690 3062 3744 membra
3084 3691 3744 3747 tumuloclauderentur.

2131 3778 2332 3832 cadum
2371 3784 2629 3847 apertum
2675 3785 2780 3832 est.
2831 3785 2888 3832 et
2938 3778 3062 3832 duae
3108 3779 3380 3833 columbae
3430 3779 3565 3835 visae
3614 3786 3750 3835 sunt

2127 3868 2236 3921 des-
2259 3867 2481 3920 endisse
2517 3865 2678 3936 quasi
2723 3866 2922 3932 nubes,
2966 3884 3032 3920 ac
3060 3867 3130 3920 de
3158 3885 3256 3921 ore
3286 3868 3474 3922 Sancti
3509 3886 3747 3940 egressa

2127 3964 2209 4010 est
2241 3955 2522 4016 columba,
2554 3955 2790 4009 candida
2835 3966 3105 4026 tanquam
3139 3956 3250 4010 nix.
3287 3955 3377 4011 Sic
3414 3957 3602 4026 igitur
3644 3959 3743 4013 Dei

2127 4045 2341 4098 athleta
2387 4044 2685 4098 Medardus
2725 4045 2795 4098 de
2841 4045 3008 4098 terris
3037 4052 3315 4105 evocatus.
3351 4047 3582 4100 laetatur
3609 4064 3742 4102 cum

2126 4133 2378 4203 angelis;
2425 4132 2745 4203 lugentibus
2775 4133 2829 4186 in
2879 4141 3032 4188 terra
3074 4134 3204 4188 ﬁliis
3240 4135 3565 4206 ademplus.
3610 4153 3741 4191 cum

2127 4223 2393 4277 fratribus
2412 4223 2548 4283 suis.
2565 4223 2712 4292 quod
2735 4240 2956 4294 semper
2969 4223 3403 4278 desideraverat.
3425 4239 3746 4280 coronatur

450 4318 636 4368 turam
659 4314 956 4385 deportare
977 4315 1198 4374 vellent,
1223 4316 1409 4370 divino
1431 4325 1570 4370 nutu
1599 4315 1741 4370 tanti
1762 4334 1884 4370 eam
1912 4335 2046 4388 pon-
2065 4345 2104 4400 Β
2131 4313 2187 4367 in
2218 4312 2393 4376 cazlis.
2423 4311 2514 4366 ubi
2545 4311 2960 4382 gratulabundo
2988 4312 3189 4366 ainodo
3217 4328 3343 4367 cum
3368 4313 3590 4368 eisdem
3625 4317 3745 4370 fra-

451 4403 602 4458 deris
631 4410 1048 4474 persenserunt.
1087 4412 1150 4459 ut
1177 4405 1331 4458 nullo
1360 4405 1524 4458 irodo
1559 4421 1760 4476 corpus
1791 4407 1978 4460 Sancti
2010 4423 2048 4462 a

452 4493 593 4555 loco.
614 4492 705 4546 ubi
729 4509 856 4547 eum
879 4493 1275 4565 deposuerant.
1298 4511 1518 4549 movere
1536 4503 1780 4565 possent.
1797 4495 1900 4550 Alii
1922 4497 2047 4550 aliis

452 4580 810 4635 succedentes
855 4583 926 4636 ad
970 4583 1311 4637 evectionem
1359 4583 1494 4638 totis
1543 4583 1750 4638 viribus
1792 4584 2047 4639 elabora-

453 4667 627 4735 bant;
660 4669 755 4722 alii
801 4670 941 4724 alios
985 4679 1251 4744 tanquam
1302 4671 1574 4726 invalidos
1611 4680 1670 4727 et
1709 4673 2046 4743 impotentes

403 4785 406 4788 ~
450 4756 835 4829 increpabant.
864 4759 1092 4825 Verum.
1129 4762 1256 4817 licet
1285 4761 1426 4817 alios
1449 4769 1716 4833 tanquam
1743 4762 2047 4819 imbecilles

451 4854 840 4909 causarentur.
881 4848 985 4922 ipsi
1014 4857 1204 4905 tamen
1235 4867 1362 4906 cum
1392 4853 1460 4904 ad
1494 4851 1548 4904 id
1580 4867 1703 4905 sese
1733 4867 2046 4923 praeparas-

452 4941 598 5001 sent,
622 4935 902 4990 desiderio
921 4954 1023 4992 suo
1045 4953 1110 4993 ex
1136 4947 1255 4993 toto
1274 4937 1710 4994 frustrabantur.
1731 4939 1843 4994 Rex
1867 4945 1925 4994 et
1953 4939 2048 5011 qui

449 5025 688 5081 aderant
713 5026 1013 5098 diligenter
1057 5045 1238 5083 causa:
1289 5029 1453 5098 hujus
1484 5035 1836 5084 recensentes
1874 5045 2040 5084 even-

450 5123 595 5180 tum.
625 5133 752 5171 cum
785 5117 1008 5187 penitus
1037 5117 1168 5188 quid
1201 5134 1292 5172 res
1329 5118 1444 5172 haec
1476 5118 1846 5189 praetenderet
1883 5119 2047 5188 igno-

451 5213 661 5271 rarent,
695 5205 796 5260 Dei
833 5207 1009 5260 solius
1042 5205 1368 5277 suppliciter
1399 5222 1569 5276 super
1599 5206 1702 5260 hoc
1739 5207 2049 5263 exorabant

448 5294 776 5349 subsidium.
803 5295 1102 5350 Tumultus
1123 5312 1236 5350 non
1265 5296 1530 5350 minimus
1557 5312 1726 5368 super
1747 5295 1851 5351 hac
1874 5303 2049 5350 retar-

446 5383 674 5438 datione
719 5384 1106 5456 perstrepebat
1148 5385 1205 5438 in
1249 5384 1472 5456 populo,
1521 5384 1835 5439 dicentibus
1876 5385 2040 5452 aliis;

449 5472 583 5544 quia
604 5473 674 5527 de
690 5473 822 5528 sede
849 5491 954 5529 sua
971 5481 1241 5546 tanquam
1264 5498 1274 5524 ι
1295 5473 1517 5546 aptivus
1537 5474 1809 5530 abductus
1836 5474 2040 5541 fuerat,

2131 4402 2310 4456 tribus
2339 4401 2595 4472 sequitur
2635 4403 2858 4471 Agnum
2899 4418 3233 4473 quocunque
3277 4401 3424 4456 ierit.
3460 4404 3747 4474 Sequitur

2128 4508 2261 4562 ergo
2285 4495 2504 4561 Agnum
2535 4501 2593 4545 et
2619 4491 3063 4545 inaestimabilem
3111 4491 3390 4545 inhabitat
3421 4493 3639 4556 lucem.
3675 4495 3747 4548 de

2128 4580 2372 4635 terrrnis
2409 4578 2962 4634 incommoditatibus
3008 4581 3221 4650 gaudet
3259 4597 3320 4635 se
3357 4581 3429 4635 ad
3474 4583 3748 4637 coelicam

2127 4669 2462 4723 translatum
2496 4667 2920 4740 prosperitatein
2955 4687 2970 4734 ;
3017 4670 3358 4739 gratulatur.
3407 4685 3466 4723 se
3519 4671 3598 4724 de
3642 4673 3754 4726 hac

2128 4766 2322 4813 nostra
2364 4757 2692 4812 transitoria
2730 4757 3055 4812 infelicitate
3094 4758 3166 4812 ad
3207 4767 3541 4830 perpetuam
3598 4777 3755 4815 com-

2129 4848 2456 4903 moditatem
2486 4847 2845 4911 translatum,
2876 4846 2946 4901 de
2987 4847 3237 4902 tenebris
3280 4847 3367 4902 his
3407 4847 3480 4900 ad
3527 4847 3757 4904 incom-

2129 4937 2378 5008 parabile
2408 4937 2600 4991 lumen
2637 4953 2762 4990 esse
2791 4943 3145 5008 assumptum
3172 4956 3185 5003 ;
3233 4936 3457 4991 lzetatur
3485 4953 3752 5011 quoque,

2128 5042 2189 5080 se
2231 5025 2549 5080 carnalibus
2591 5033 2820 5080 exutum
2870 5026 3169 5088 illecebris.
3217 5025 3487 5097 angelicis
3549 5028 3756 5083 chon's

2128 5132 2252 5170 esse
2289 5114 2616 5186 ascriptum.
2670 5115 3022 5170 Exsultemus
3067 5131 3202 5186 ergo
3255 5123 3310 5170 et
3353 5132 3475 5171 nos.
3527 5116 3754 5172 fratres

2128 5205 2494 5269 dilectissimi.
2543 5221 2714 5276 super
2759 5204 2864 5259 hac
2911 5203 3217 5259 beatissimi
3264 5204 3502 5274 pastoris
3555 5209 3755 5262 nostri

2130 5292 2382 5348 Medardi
2420 5292 2821 5364 gloriosissima
2874 5294 3328 5348 remuneratione
3369 5311 3382 5346 :
3433 5309 3756 5351 exoremus

2128 5388 2609 5438 remuneratorem
2638 5383 2761 5452 ejus
2787 5383 2980 5445 Deum.
3004 5382 3261 5437 videlicet
3281 5381 3751 5453 omnipotentem

2124 5472 2372 5537 Patrem.
2410 5488 2520 5544 quo
2549 5471 2885 5526 sanctissimi
2932 5472 3116 5543 hujus
3149 5471 3427 5544 pontiﬁcis
3471 5470 3754 5528 Medardi

447 5561 554 5616 hoc
576 5561 845 5619 divinitus
865 5563 988 5620 ﬁeri
1007 5570 1066 5620 et
1091 5564 1318 5633 merito,
1341 5570 1400 5622 et
1420 5562 1548 5620 aliis
1566 5570 1758 5620 autem
1777 5561 2041 5635 objicien-
2122 5568 2385 5620 exoratus
2410 5559 2690 5634 precibus,
2719 5577 2823 5618 nos
2852 5577 2983 5619 cum
3011 5578 3078 5618 eo
3111 5561 3173 5618 in
3201 5567 3414 5618 aeterna
3441 5562 3626 5632 regni
3659 5563 3753 5620 sui
