4016 6178
257 287 406 346 1513

1554 286 1729 343 VITA
1766 288 1824 342 S.
1864 287 2211 342 MEDARDI.

3393 297 3533 355 1514

256 412 539 468 ascribere
585 413 851 485 dignetur
894 412 1243 474 haereditate,
1276 428 1376 483 per
1416 412 1717 467 Dominum
1749 411 1922 471 no-A
1942 412 2158 466 tissime
2179 418 2590 482 composuerat,
2625 430 2799 486 prope
2823 417 3000 487 patris
3024 418 3113 472 sui
3136 421 3421 475 tumulum
3440 423 3533 477 de-

256 507 437 556 strum
482 503 667 557 Iesum
719 504 1002 558 Christum
1049 503 1249 556 Filium
1283 519 1466 568 suum,
1499 502 1749 572 quicum
1792 520 1857 557 eo

254 591 316 645 in
356 593 573 647 unitate
612 594 855 664 Spiritus
902 593 1081 646 sancti
1110 591 1245 645 vivit
1272 598 1330 645 et
1365 599 1562 662 regnat
1591 592 1759 659 Deus,
1797 592 1857 646 in

256 682 463 736 saecula
490 682 843 738 saeculorum.
871 683 1071 736 Amen.

895 780 1132 835 CAPUT
1162 780 1226 833 V.

259 880 499 934 Ecclesia
528 882 621 933 illi
639 884 972 934 constructa.
1000 881 1128 933 Alia
1159 880 1457 933 miracula.
1506 879 1861 932 Warimberti

441 954 692 1019 episcopi,
726 953 1058 1004 monasterio
1088 952 1314 1017 injurii,
1348 951 1477 1002 (lira
1510 966 1678 1002 mors.

334 1038 423 1093 30.
472 1039 720 1094 Peractis
750 1039 1111 1093 celeberrime
1156 1037 1463 1092 beatissimi
1503 1039 1603 1092 Dei
1633 1039 1859 1092 athletae

263 1127 503 1191 inferiis,
534 1145 631 1183 rex
687 1128 1048 1183 Chlotharius
1094 1144 1266 1198 supra
1313 1127 1627 1182 venerabile
1672 1127 1859 1182 Sancti

266 1233 471 1289 corpus
500 1234 733 1289 parvum
764 1218 834 1271 ad
847 1225 957 1272 tem
969 1234 1071 1287 pus
1076 1217 1250 1286 jussit
1269 1217 1532 1271 aediﬁcari
1548 1218 1856 1287 tugurium,

268 1322 562 1378 quousque
591 1307 661 1360 ad
690 1305 1001 1363 faciendam
1024 1305 1162 1359 inibi
1202 1306 1513 1370 ecclesiam,
1546 1305 1864 1359 necessaria

267 1402 500 1467 pararet
543 1413 934 1467 expensarum.
973 1397 1275 1451 Contracta
1314 1412 1445 1449 vero
1491 1395 1864 1465 undecunque

1940 508 2130 555 center
2155 508 2241 554 est
2260 502 2533 571 sepultus.

2008 590 2096 645 32.
2135 591 2279 654 Quia
2315 607 2444 643 vero
2475 608 2575 661 pro
2613 599 2817 648 sancta;
2842 595 2993 649 illius
3018 598 3261 653 ecclesiae
3288 600 3531 655 aediﬁca-

1937 680 2110 744 tione,
2147 697 2246 750 pro
2276 679 2465 733 Sancti
2500 698 2721 751 quoque
2754 685 2840 736 cui
2872 685 3143 739 aediﬁcata
3171 694 3255 741 est
3302 706 3534 744 venera-

1940 769 2113 832 tione,
2137 770 2319 823 adhuc
2346 777 2534 823 autem
2570 788 2668 840 pro
2697 788 2892 841 regum
2924 775 3369 843 honoriﬁcentia,
3395 796 3535 850 quos

1942 859 2487 928 praenominavimus,
2537 866 2717 930 coepto
2769 862 2839 914 ab
2893 879 3060 933 Opere
3120 866 3536 936 aliquantulum

1942 947 2285 1001 deviavimus
2313 949 2514 1002 amodo
2540 952 2919 1004 necessarium
2943 953 3199 1008 ducimus
3229 957 3298 1009 ad
3339 973 3539 1027 propo-

1942 1035 2036 1087 siti
2078 1038 2253 1089 nostri
2294 1037 2497 1090 seriem
2542 1038 2741 1099 redire,
2787 1056 3019 1109 quaeque
3065 1049 3190 1112 post
3233 1046 3538 1100 transitum

1942 1124 2330 1193 gloriosissimi
2359 1127 2772 1181 confessorisad
2798 1131 3063 1184 honorem
3092 1133 3212 1200 ejus
3235 1134 3382 1187 Deus
3412 1151 3541 1206 ope-

1944 1218 2101 1267 ratus
2136 1215 2210 1267 sit
2238 1214 2528 1279 miracula,
2565 1216 2697 1269 licet
2722 1234 2899 1287 pauca
2929 1219 2997 1272 de
3021 1222 3232 1285 multis,
3258 1239 3369 1276 non
3400 1224 3542 1278 resi-

1944 1302 2142 1355 demus
2191 1302 2396 1374 scripto
2440 1306 2854 1361 commendare.
2908 1308 3089 1377 Hujus
3128 1310 3354 1381 quidem
3396 1314 3541 1368 San-

1945 1390 2019 1444 cti
2049 1390 2199 1444 fama
2228 1392 2664 1464 circumquaque
2676 1394 3121 1451 increbrescente
3145 1396 3248 1463 (10)
3260 1444 3272 1465 ,
3288 1401 3542 1457 inﬁrmos

268 1485 456 1557 potuit
482 1502 595 1539 non
620 1502 792 1556 parva
819 1485 1077 1556 pecunia,
1110 1490 1366 1539 sanctum
1406 1484 1544 1538 illud
1574 1484 1677 1539 Dei
1706 1483 1865 1537 habi-
1948 1479 2114 1533 variis
2140 1480 2396 1535 detentos
2435 1482 2819 1552 languoribus,
2852 1486 2923 1538 ad
2955 1488 3076 1556 ejus
3105 1491 3438 1544 memoriam
3478 1508 3545 1545 ex

224 1586 233 1591 '
271 1574 1005 1629 taculuminstanterordiri
1026 1573 1484 1645 perproperabat.
1510 1580 1567 1628 et
1586 1573 1868 1644 plerisque
1949 1570 2143 1623 multis
2170 1575 2448 1624 terrarum
2470 1572 2727 1642 partibus
2758 1574 2963 1628 accidit
2977 1578 3261 1632 conﬂuere
3294 1598 3305 1632 :
3340 1580 3545 1650 quibus

271 1664 515 1736 negotiis
559 1664 885 1736 postpositis
935 1664 1007 1717 ad
1050 1664 1155 1718 hoc
1198 1664 1604 1734 perﬁciendum
1650 1663 1869 1717 enixius
1950 1676 2051 1729 per
2072 1660 2336 1713 meritum
2369 1661 2546 1714 sancti
2574 1662 2662 1715 sui
2691 1662 2938 1730 athletae,
2969 1667 3155 1734 gratia
3201 1668 3391 1722 divina
3432 1686 3547 1724 non

274 1753 601 1809 elaborabat
626 1772 639 1808 :
670 1754 912 1825 fecitque
941 1770 1111 1825 parvo
1155 1753 1215 1807 in
1247 1762 1500 1824 tempore
1529 1753 1678 1824 quod
1711 1752 1932 1811 bene-B
1951 1748 2255 1818 dedignata
2280 1755 2366 1802 est
2397 1749 2708 1804 subvenire.
2734 1752 2895 1815 Quod
2920 1770 3052 1824 ergo
3083 1756 3237 1826 prius
3260 1759 3547 1813 memoriae

273 1844 401 1898 vola
427 1849 761 1914 conceperat
809 1848 1017 1903 mente,
1059 1842 1187 1900 nisi.
1236 1842 1544 1896 secundum
1576 1843 1725 1913 quod
1749 1842 1872 1895 uni-

275 1932 480 2003 cuique
506 1931 785 1997 imminet,
818 1932 986 1987 rebus
1023 1948 1151 1986 eum
1172 1932 1436 1986 humanis
1466 1932 1637 1985 nimis
1666 1932 1872 1985 intem-

278 2022 491 2094 pestive
536 2022 864 2092 contigisset
904 2021 1205 2076 excessisse
1258 2023 1400 2076 Cum
1439 2021 1589 2075 enim
1627 2021 1685 2075 in
1716 2021 1875 2075 Cotia

281 2111 422 2166 silva
450 2118 654 2166 venatu
698 2118 1068 2178 exerceretur,
1104 2111 1303 2176 valida,
1348 2112 1488 2182 proh
1525 2111 1718 2164 dolor!
1760 2126 1881 2164 cor-

281 2208 477 2272 reptus
499 2200 670 2264 febre,
702 2217 830 2255 cum
858 2200 929 2254 ad
955 2200 1287 2272 Compendii
1316 2200 1587 2272 palatium
1612 2200 1877 2270 repedas-

284 2296 389 2355 set,
413 2306 584 2361 parvo
606 2295 733 2361 post
754 2296 1009 2361 tempore
1035 2296 1216 2345 morte
1255 2295 1588 2361 praeventus,
1630 2296 1879 2359 postmo-

286 2379 422 2434 dum
453 2396 583 2434 vero
625 2380 683 2433 in
714 2379 948 2434 ecclesia
976 2381 1193 2439 eadem,
1241 2396 1410 2449 quam
1454 2380 1571 2448 jam
1604 2379 1883 2433 aediﬁcare

287 2479 554 2539 cceperat,
596 2474 727 2523 ante
762 2475 1017 2523 sanctum
1057 2468 1246 2541 [servi]
1286 2468 1386 2521 Dei
1420 2468 1670 2521 Medardi
1709 2467 1886 2521 altare

286 2557 594 2612 honoriﬁce
614 2564 700 2612 est
714 2560 985 2629 sepultus.
1013 2557 1302 2629 Expensas
1326 2574 1457 2610 vero
1479 2573 1618 2627 quas
1641 2557 1731 2610 hic
1752 2572 1888 2627 prae-

290 2654 585 2719 paraverat
605 2648 780 2718 operi,
805 2648 1113 2702 secundum
1144 2647 1293 2717 quod
1323 2646 1497 2700 David
1529 2663 1623 2703 rex
1653 2646 1768 2699 ﬁlio
1785 2661 1887 2699 suo

295 2737 580 2792 Salomoni
606 2737 677 2790 ad
715 2737 911 2808 templi
957 2735 1179 2790 Domini
1211 2735 1636 2789 mdiﬁcationem
1660 2735 1885 2793 fecerat,

294 2825 410 2879 ﬁlio
430 2842 552 2890 suo,
589 2825 878 2896 Sigeberto
896 2826 1142 2891 nemine,
1173 2825 1243 2878 ad
1273 2825 1695 2879 aediﬁcationem
1721 2824 1890 2878 eccle-

295 2915 412 2979 siaa,
449 2931 619 2985 quam
667 2914 785 2968 Deo
810 2920 1056 2981 voverat,
1106 2914 1500 2985 expendendas
1540 2913 1842 2984 dereliquit
1872 2931 1885 2979 ;

295 3004 573 3058 mandans
603 3009 661 3057 et
689 3004 1030 3057 remandans
1052 3003 1121 3065 ei,
1156 3008 1432 3073 quatenus
1462 3003 1508 3057 si
1542 3020 1654 3074 qua
1682 3003 1731 3056 ei
1757 3018 1893 3072 erga

1953 1838 2215 1902 occurrit,
2240 1838 2397 1908 prius
2427 1838 2699 1905 dicamus,
2738 1846 3016 1911 quatenus
3053 1844 3121 1898 de
3171 1846 3408 1916 singulis
3435 1864 3551 1902 non

1954 1927 2306 1980 solummodo
2325 1927 2659 1997 singulares,
2693 1946 2884 1984 verum
2914 1932 3260 1989 multimoda:
3288 1936 3404 1990 Deo
3417 1953 3551 2007 gra-

1955 2016 2048 2070 tia:
2079 2017 2394 2071 referantur
2421 2016 2554 2085 (11).

2026 2104 2114 2162 33.
2148 2105 2515 2175 Tuguriolum
2546 2106 2684 2161 illud
2710 2109 2859 2178 quod
2889 2112 3108 2182 corpori
3147 2118 3341 2167 sancto
3361 2131 3553 2186 super-

1959 2196 2297 2250 aediﬁcatum
2319 2212 2441 2249 esse
2454 2196 2920 2267 praeseripsimus,
2935 2206 3106 2255 tantae
3120 2202 3343 2257 virtutis
3372 2204 3560 2259 divina

1963 2285 2297 2355 disponente
2339 2286 2525 2355 gratia
2564 2293 2913 2356 compertum
2962 2296 3047 2343 est
3085 2308 3228 2351 esse,
3265 2298 3331 2346 ut
3359 2292 3404 2346 si
3435 2294 3562 2364 quis

1966 2374 2157 2428 dolore
2205 2374 2459 2428 dentium
2502 2380 2747 2429 attactus
2796 2394 2862 2430 ex
2907 2378 3139 2448 virgulis
3182 2381 3385 2451 quibus
3426 2399 3561 2437 con-

1967 2469 2178 2517 textum
2209 2462 2412 2525 fuerat,
2463 2464 2646 2518 locum
2696 2465 2905 2519 doloris
2950 2472 3227 2539 tangeret,
3271 2471 3565 2526 confestim

1969 2552 2150 2606 omnis
2179 2552 2276 2605 illa
2313 2552 2565 2605 dentium
2606 2553 2908 2608 inﬁrmitas
2946 2556 3291 2625 abigeretur,
3324 2561 3471 2631 quod
3512 2566 3570 2615 et

1970 2642 2028 2695 in
2057 2641 2265 2712 palatio
2304 2642 2457 2710 regis
2497 2642 2845 2712 divulgatum
2893 2650 2993 2698 est.
3033 2646 3268 2709 Quidam
3303 2666 3565 2720 namque,

1973 2729 2277 2785 Carimeris
2302 2730 2547 2795 nomine,
2594 2731 2688 2801 qui
2731 2749 2796 2785 eo
2838 2732 2895 2786 in
2925 2740 3179 2804 tempore
3225 2737 3570 2792 Childeberti

1972 2819 2120 2890 regis
2167 2819 2585 2873 referendarius
2636 2820 2966 2887 habebatur,
3017 2824 3150 2894 quia
3204 2825 3309 2879 hoc
3375 2828 3573 2882 eodem

1972 2908 2168 2962 morbo
2208 2908 2536 2978 gravissime
2578 2908 2886 2971 laborabat,
2943 2912 3013 2965 ad
3060 2915 3315 2968 eamdem
3358 2916 3414 2969 S.
3454 2916 3574 2971 Me-

1972 2997 2135 3051 dardi
2178 2996 2467 3050 basilicam
2513 2997 2787 3053 deductus
2827 3006 2928 3054 est.
2977 3000 3232 3073 Cumque
3254 3005 3460 3073 januas
3490 3023 3574 3061 ec-

294 3099 515 3165 patrem
544 3093 836 3147 charitatis
863 3092 1062 3147 debitae
1093 3072 1315 3147 dilectio
1339 3072 1608 3149 maneret.
1626 3092 1780 3146 omni
1810 3108 1899 3145 oc-
1918 3072 2160 3140 Cclesia?
2208 3086 2426 3140 clausas
2478 3087 2798 3156 reperisset,
2832 3094 2889 3142 et
2937 3107 3065 3144 eum
3122 3072 3374 3147 dentium
3417 3095 3579 3149 dolor

302 3183 529 3237 casione
567 3182 831 3253 seposita,
865 3188 1070 3236 sanctae
1110 3181 1239 3235 huic
1269 3198 1434 3252 quam
1467 3181 1899 3251 praenotavimus
1981 3175 2163 3245 magis
2192 3191 2257 3228 ac
2278 3176 2458 3245 magis
2488 3182 2733 3246 urgeret,
2760 3178 2829 3231 de
2858 3181 3285 3250 unajanuarum
3313 3183 3582 3239 ﬁduciali-

302 3271 679 3334 azdiﬁcationi,
714 3288 1005 3343 quousque
1046 3271 1351 3325 honoriﬁce
1386 3270 1781 3341 compleretur,
1817 3274 1901 3323 to-
1981 3271 2070 3319 ter
2100 3265 2382 3318 hastulam
2412 3265 2633 3331 excidit,
2671 3272 2729 3320 et
2762 3266 2858 3321 ubi
2888 3269 3069 3339 magis
3098 3270 3396 3326 inﬁrmitas
3419 3291 3581 3344 gras-

303 3366 422 3414 tam
443 3377 675 3432 prorsus
698 3360 1065 3415 intentionem
1089 3359 1399 3413 adhiberet.
1984 3355 2216 3409 sabatur
2279 3353 2753 3409 conﬁdentissime
2822 3358 2970 3427 quod
3044 3359 3328 3415 exciderat
3406 3379 3582 3435 appo-

377 3448 466 3504 3l.
498 3449 822 3519 Sigebertus
851 3466 1002 3505 vero.
1039 3456 1197 3519 patre
1217 3449 1457 3519 sepulto,
1490 3448 1549 3501 in
1573 3463 1747 3518 regno
1776 3462 1903 3500 con-
1985 3444 2118 3504 suit.
2169 3460 2407 3514 moxque
2437 3444 2507 3498 ab
2539 3462 2604 3498 eo
2635 3462 2802 3516 quem
2852 3447 2946 3501 diu
2989 3465 3284 3519 perpessus
3323 3459 3447 3507 erat
3474 3454 3584 3507 do-

306 3540 586 3604 ﬁrmatus,
618 3538 767 3610 quod
796 3555 831 3591 a
869 3545 1028 3609 patre
1072 3538 1125 3590 in
1170 3539 1271 3591 hoc
1315 3543 1639 3607 susceperat
1668 3535 1899 3606 negotii,
1985 3535 2104 3588 lore
2151 3533 2420 3587 liberatus
2477 3539 2578 3588 est.
2644 3536 2901 3590 Habetur
2953 3538 3121 3592 etiam
3180 3540 3413 3595 baculus
3462 3545 3584 3614 ejus

306 3628 567 3698 largiflue
600 3632 929 3699 prosecutus
969 3633 1072 3681 est.
1122 3625 1455 3680 Admirabili
1503 3627 1652 3680 enim
1702 3624 1906 3679 diversi
1989 3622 2135 3693 apud
2181 3640 2302 3691 nos,
2346 3640 2447 3694 per
2493 3641 2660 3695 quem
2711 3626 3008 3697 plerosque
3052 3628 3306 3684 inﬁrmos
3335 3631 3584 3687 diverso-

306 3717 532 3788 generis
572 3716 825 3787 lapidum
858 3715 1293 3779 constructione,
1343 3716 1652 3770 secundum
1693 3715 1841 3786 quod
1874 3730 1909 3767 a
1990 3729 2116 3767 rum
2146 3713 2483 3784 languorum
2520 3714 2895 3769 medicamina
2922 3724 3179 3786 expertos
3210 3736 3332 3775 esse
3360 3738 3589 3794 compe-

309 3812 472 3878 patre
518 3810 855 3876 susceperat.
907 3806 1198 3859 ecclesiam
1243 3805 1399 3859 illam
1427 3805 1729 3868 decoravit,
1771 3820 1909 3859 auro
1992 3801 2189 3855 rimus.

312 3901 372 3950 et
397 3900 633 3965 argento
663 3911 729 3949 ac
755 3894 1083 3949 necessariis
1110 3893 1167 3948 in
1195 3893 1377 3948 officio
1402 3894 1780 3948 ecclesiastico
1814 3910 1909 3948 or-
2067 3889 2152 3943 34.
2190 3890 2428 3954 Quidam
2451 3908 2673 3962 quoque
2702 3898 3025 3948 catenarum
3058 3895 3193 3951 loris
3221 3898 3587 3955 indissolubi-

310 3991 713 4039 namentorum
770 3982 1135 4038 varietatibus
1182 3982 1536 4037 abundanter
1584 3983 1907 4049 exornavit;
1994 3981 2125 4034 liter
2149 3986 2416 4038 arctatus,
2450 3981 2783 4050 gravissima
2819 3982 2988 4036 nimis
3022 3984 3368 4055 fatigatione,
3398 3996 3592 4044 sancta

312 4091 488 4130 censu
518 4080 574 4128 et
604 4073 936 4141 redditibus,
969 4078 1138 4144 prout
1165 4072 1377 4143 regiam
1408 4072 1642 4127 decebat
1667 4072 1914 4141 dignita-
1999 4068 2348 4124 Sanctissimi
2392 4069 2559 4138 hujus
2607 4069 2877 4139 suffragia
2918 4072 3167 4141 expetiit,
3217 4076 3504 4130 conﬁdens
3532 4094 3592 4131 se

314 4168 455 4229 tem,
487 4163 786 4217 afﬂuenter
805 4168 862 4216 et
889 4161 1354 4216 excellentissime
1383 4161 1599 4215 ditavit.
1614 4160 1918 4231 Eleganter
1999 4157 2352 4212 sanctissima
2397 4160 2520 4228 ejus
2570 4158 2969 4213 intercessione
2995 4160 3064 4214 ab
3095 4161 3192 4215 illa
3228 4163 3594 4233 impeditione

311 4269 449 4307 vero
503 4253 738 4307 ecclesia
786 4252 1118 4323 composita,
1150 4251 1524 4321 undecunque
1571 4248 1756 4321 potuit
1802 4249 1917 4303 ele-
2000 4266 2164 4320 posse
2195 4247 2412 4302 resolvi.
2440 4249 2515 4302 Ut
2532 4265 2666 4315 ergo
2695 4254 2901 4302 sanctae
2915 4249 3158 4305 basilicae
3179 4253 3364 4307 valvas
3382 4254 3590 4325 attigit,

313 4341 608 4414 gantiores
636 4340 714 4395 ibi
743 4340 954 4395 sacrari
984 4339 1265 4394 ordinavit
1289 4356 1579 4410 personas,
1609 4356 1718 4410 quo
1740 4343 1797 4393 et
1824 4355 1920 4410 pa-

316 4433 426 4488 tris
456 4430 544 4486 sui
572 4436 765 4486 votum
792 4429 1193 4502 benignissime
1235 4429 1631 4500 compleretur,
1684 4434 1741 4482 et
1782 4427 1919 4482 inibi

317 4522 440 4577 Deo
468 4521 527 4576 in
558 4527 831 4576 aeternum
863 4519 1301 4575 ecclesiasticum
1331 4519 1577 4574 ofﬁcium
1606 4535 1671 4573 ex
1711 4517 1917 4582 debito,

315 4628 425 4683 pro
445 4610 748 4666 universali
767 4627 869 4666 sua
894 4609 1156 4664 videlicet
1177 4613 1236 4662 et
1257 4608 1429 4678 patris
1441 4608 1529 4663 sui
1553 4608 1918 4680 omniumque

316 4700 575 4756 ﬁdelium
622 4701 822 4767 salute,
856 4699 1181 4772 perenniter
1208 4698 1582 4754 exhiberetur.
1616 4697 1771 4752 Idem
1800 4698 1919 4769 ipse

311 4789 657 4845 venerabilis
716 4807 818 4845 rex
885 4788 1228 4859 Sigebertus,
1279 4804 1406 4842 cum
1471 4787 1702 4841 fratrem
1755 4804 1920 4841 suum

318 4880 706 4951 Chilpericum
720 4879 947 4933 nomine
959 4877 1106 4949 apud
1122 4876 1316 4931 urbem
1329 4877 1643 4931 Tornacum
1665 4876 1921 4930 obsidere

318 4970 665 5042 disponeret.
708 4969 857 5040 apud
902 4966 1281 5022 Victoriacum
1306 4966 1689 5037 Fredegundis
1717 4967 1921 5035 reginae

318 5059 577 5115 versutia
604 5059 998 5130 interemptus,
1029 5073 1155 5111 cum
1200 5055 1356 5127 prius
1388 5072 1518 5109 eum
1551 5054 1807 5109 Lambris
1830 5072 1923 5110 se-

321 5149 622 5223 pelissent,
642 5147 712 5201 ab
730 5148 852 5219 ipso
883 5147 1079 5201 eodem
1106 5145 1279 5199 fratre
1311 5161 1412 5198 suo
1435 5143 1746 5214 Chilperico
1774 5149 1917 5214 post.

319 5238 558 5294 modum
592 5236 909 5293 Suessionis
935 5235 1167 5300 relatus,
1190 5234 1249 5287 in
1264 5232 1497 5287 ecclesia
1520 5249 1690 5304 quam
1719 5233 1923 5286 decen-

399 5397 511 5465 (1οι
540 5399 747 5454 InVita
770 5396 1233 5469 permonachum
1269 5394 1725 5469 Suessionensem
1758 5394 1927 5469 longa

320 5471 662 5546 paraphrasi
703 5466 970 5546 dicuntur
1015 5469 1197 5523 sanati
1237 5469 1384 5546 caeci,
1409 5467 1593 5546 surdi.
1629 5466 1921 5546 contracti,

321 5538 537 5609 claudi,
569 5542 794 5613 leprosi,
825 5547 1096 5613 amentes.
1132 5539 1443 5612 paralytici,
1472 5538 1854 5613 energumeni.

405 5613 516 5685 (11)
563 5609 668 5670 Hic
718 5614 777 5668 in
824 5612 956 5668 Vita
999 5609 1198 5680 altera,
1244 5609 1308 5666 ut
1355 5611 1505 5681 apud
1542 5627 1643 5666 nos
1692 5626 1798 5665 ms.
1830 5609 1927 5664 ha-

575 5712 844 5776 ΡΑτιιοι.
898 5713 1017 5775 CL.

2002 4336 2293 4409 repentino
2318 4336 2557 4406 fragore,
2590 4353 2702 4391 uno
2732 4337 3038 4408 eodemque
3068 4346 3372 4404 momento,
3408 4348 3464 4397 et
3490 4360 3598 4398 coe-

2002 4428 2118 4481 lum
2148 4425 2412 4487 intonuit,
2465 4430 2523 4479 et
2568 4426 2737 4479 vastis
2783 4427 3115 4497 compedum
3155 4428 3389 4484 vinculis
3415 4432 3597 4487 disru-

2001 4516 2112 4587 ptis
2129 4521 2185 4569 et
2204 4515 2367 4584 longe
2396 4514 2817 4578 dissilientibus,
2853 4516 3019 4569 homo
3043 4516 3135 4570 ille
3164 4517 3396 4573 indultae
3410 4520 3594 4576 adhuc

2001 4604 2211 4659 inscius
2255 4602 2628 4668 liberalitatis,
2675 4604 2850 4657 multo
2879 4606 3155 4660 attonitus
3187 4611 3445 4679 stupore,
3476 4612 3594 4666 solo

2001 4698 2315 4763 prostratus
2345 4697 2444 4744 est.
2478 4690 2689 4745 Deinde
2726 4692 3027 4762 resumptis
3056 4694 3284 4757 viribus,
3319 4714 3446 4751 cum
3473 4700 3591 4769 jam

2003 4798 2063 4835 se
2089 4782 2327 4835 sentiret
2355 4780 2697 4850 expeditum,
2733 4797 2832 4852 pro
2873 4790 3097 4853 recepta
3128 4784 3386 4841 libertate
3415 4788 3596 4845 Deum

2002 4876 2060 4925 et
2089 4872 2152 4927 S.
2193 4869 2541 4923 Medardum.
2570 4870 2726 4939 cujus
2767 4871 2871 4924 hoc
2906 4870 3307 4929 intercessione
3336 4876 3596 4932 obtinue-

2002 4965 2110 5024 rat,
2138 4957 2362 5013 vocibus
2409 4958 2663 5012 altisonis
2707 4959 2873 5030 coepit
2904 4963 3285 5031 magniﬁcare.
3318 4966 3598 5022 Mirantur

2004 5064 2197 5102 omnes
2220 5052 2335 5100 tam
2358 5046 2687 5100 citissimam
2707 5047 2906 5101 divinae
2937 5050 3155 5103 virtutis
3186 5054 3592 5123 Operationem,

2005 5145 2063 5191 et
2119 5136 2378 5190 concordi
2440 5153 2635 5190 omnes
2688 5137 3091 5191 acclamatione
3146 5141 3596 5209 potentissimam

2006 5227 2183 5282 sancti
2204 5225 2454 5297 praesulis
2484 5227 2806 5280 collaudant
2834 5226 3324 5285 interventionem.

2005 5389 2630 5475 betur,apponebatur
2673 5389 2927 5475 fabulosa
2985 5390 3264 5475 promotip
3322 5393 3600 5475 privilegii

2007 5462 2333 5546 monasterii
2392 5467 2448 5520 S.
2500 5462 2776 5530 Medardi,
2830 5478 2952 5533 quae
3008 5465 3158 5534 apud
3215 5462 3477 5522 Boscium
3515 5462 3601 5525 Est

2007 5553 2213 5591 omissa
2227 5582 2238 5594 .

3290 5709 3367 5771 48
