4040 6182
520 352 658 409 1519
1538 347 1857 402 RADBODI
1898 345 2074 401 VOVI

2167 346 2290 401 [ΕΝ
2294 348 2402 403 SIS
2440 347 2767 405 EPISCOPI
3660 349 3802 408 1520

514 490 737 547 quoquo
759 473 925 527 modo
952 476 1307 536 venerantur,
1362 472 1482 542 ipsa
1519 478 1841 526 sanctorum
1879 474 2347 543 venera-Aporis
2388 480 2635 529 sanctam
2677 473 2946 528 Noviomi
2991 472 3223 543 regebat
3267 472 3591 533 ecclesiam;
3638 474 3803 543 cujus

514 565 685 623 tione,
708 562 888 632 ipsam
910 561 1009 614 Dei
1026 577 1113 613 ma
1116 562 1570 630 jestatem,eujus
1589 561 1770 630 gratia
1790 567 1959 614 tantae
1977 566 2109 615 sunt
2190 564 2442 633 exemplo
2473 570 2530 617 et
2558 563 2953 635 praedicatione
2982 578 3151 633 quam
3174 562 3338 615 multi
3361 561 3431 614 ab
3458 578 3800 616 errorecon-

514 650 908 713 venerationis,
942 666 1050 704 non
1099 667 1297 720 parum
1347 651 1644 703 honorare.
1687 651 1772 703 Ad
1812 652 1935 719 ejus
1974 667 2106 719 ergo
2190 652 2352 714 versi,
2388 652 2621 722 abjectis
2651 653 2927 706 idolorum
2954 650 3218 713 cultibus,
3250 650 3353 704 sub
3379 656 3538 704 tanto
3568 658 3798 721 pastore

511 740 751 811 gloriam
790 739 1025 809 insignis
1048 739 1160 792 hzec
1192 739 1364 807 virgo,
1407 740 1569 808 cujus
1604 740 1903 792 transitum
1956 740 2103 792 cele-
2189 741 2356 795 fidem
2385 758 2444 795 se
2466 742 2778 812 suscepisse
2807 740 3139 795 catholicam
3168 756 3278 794 non
3311 756 3508 811 parum
3537 741 3792 810 gratula-

509 828 762 892 bramus,
794 828 943 882 unde
973 833 1103 881 nata
1134 828 1225 891 sit,
1261 834 1318 880 et
1340 828 1620 898 quomodo
1642 828 1699 880 in
1722 828 1826 881 hac
1854 828 2109 881 humani-
2191 829 2415 883 bantur.
2452 831 2607 884 Hanc
2638 830 2811 901 igitur
2839 828 3253 900 benignissimae
3284 829 3487 883 indolis
3514 830 3793 885 oviculam

507 923 626 973 tate
649 917 888 972 Domino
908 917 1253 981 deservierit,
1281 933 1516 987 quaeque
1542 933 1642 986 per
1661 933 1787 970 eam
1811 916 2108 988 Deusope-
2192 916 2627 988 benignissimus
2689 921 2809 990 ipse
2860 924 3052 989 pastor
3099 917 3230 971 ovili
3293 934 3394 972 suo
3461 917 3792 974 desideran-

508 1012 666 1062 ratus
701 1007 775 1061 sit
802 1006 1090 1072 miracula,
1139 1021 1315 1077 quove
1373 1007 1483 1059 fine
1536 1005 1821 1059 hominem
1868 1006 2101 1071 exuerit,
2187 1007 2405 1061 tissime
2428 1007 2778 1078 aggregavit,
2799 1023 2923 1061 cum
2958 1022 3082 1060 eam
3112 1006 3392 1078 spirituali
3440 1006 3643 1061 divinae
3696 1008 3795 1062 de-

505 1096 684 1168 ipsius
701 1096 954 1167 ejusdem
975 1094 1194 1150 subnixi
1207 1094 1862 1158 orationibus,dilectioni
1887 1102 2099 1160 vestrae,
2186 1096 2565 1166 sponsationis
2593 1096 2800 1150 annulo
2831 1095 2901 1149 ab
2931 1095 3110 1149 activa
3154 1095 3269 1149 vita
3308 1096 3367 1149 in
3405 1097 3792 1168 contemplati-

504 1186 621 1242 Deo
646 1190 951 1247 annuente,
995 1184 1298 1239 subnotare
1325 1200 1710 1255 properamus.
2185 1201 2313 1239 vam
2341 1186 2603 1239 evocavit.
2639 1185 2729 1240 Sic
2750 1185 2939 1256 itaque
2967 1184 3121 1254 virgo
3143 1184 3370 1255 egregia
3405 1185 3464 1238 in
3484 1192 3789 1257 conspectu

575 1279 635 1333 2.
676 1277 808 1330 Haec
829 1276 1055 1347 quidem
1077 1275 1136 1328 in
1162 1291 1305 1345 pago
1334 1273 1930 1344 Ambianensium(l3)
1946 1275 2103 1329 Chri-
2185 1274 2341 1344 regia
2395 1280 2451 1327 et
2515 1274 2852 1345 principum,
2912 1272 3147 1327 blandas
3205 1281 3501 1344 parentum
3551 1291 3786 1329 suorum

503 1365 702 1421 stianis
731 1366 882 1420 edita
929 1364 1277 1435 parentibus,
1320 1370 1511 1417 sancto
1546 1364 1604 1417 in
1655 1364 1991 1433 baptismate
2035 1382 2100 1419 ex
2180 1362 2352 1417 libere
2377 1362 2645 1418 abdicans
2674 1362 3084 1434 persuasiones,
3118 1361 3381 1433 Eligium,
3411 1379 3579 1434 quem
3612 1364 3790 1435 Spiri-

504 1471 652 1527 aqua
680 1460 878 1509 renata
907 1459 963 1507 et
993 1453 1203 1524 Spiritu
1262 1452 1389 1506 ﬁdei
1438 1458 1645 1507 sanctae
1691 1453 2094 1518 institutiones,
2180 1457 2271 1505 tus
2291 1454 2468 1506 sancti
2490 1453 2676 1522 gratia
2694 1452 3043 1523 spiritualem
3083 1451 3143 1505 in
3172 1452 3397 1505 Patrem
3427 1459 3772 1523 susceperat,

499 1545 873 1615 undecunque
896 1548 1133 1614 poterat,
1168 1549 1223 1596 et
1247 1542 1485 1595 libenter
1513 1542 1853 1613 suscipiebat
1874 1550 1931 1596 et
1952 1560 2102 1597 reve-
2185 1542 2337 1594 omni
2355 1542 2614 1595 submota
2634 1542 3120 1606 dilatione,secuta
3132 1546 3233 1594 est.
3245 1542 3321 1594 Ex
3341 1546 3458 1595 tam
3480 1542 3785 1613 improvisa

502 1640 694 1687 renter
716 1631 1140 1702 exsequebatur.
1171 1631 1427 1684 Sentiens
1457 1647 1657 1701 nempe
1688 1631 1993 1685 mortiferae
2039 1649 2098 1685 se
2180 1632 2357 1685 sancti
2389 1632 2630 1702 Spiritus
2660 1631 3028 1702 inspiratione
3067 1636 3318 1684 astantes
3346 1639 3546 1703 stupor
3572 1634 3783 1688 multus

500 1722 806 1777 conditioni
838 1720 1131 1775 obnoxiam
1165 1737 1229 1774 ex
1250 1719 1893 1785 debito,tenerositatem
1913 1721 2097 1775 aetatis
2180 1720 2465 1775 invaserat
2498 1739 2509 1773 :
2544 1726 2705 1791 pater
2732 1722 2854 1791 ejus
2877 1722 3016 1774 ﬂens
3047 1737 3216 1791 quam
3255 1720 3616 1775 familiariter
3668 1738 3785 1776 rem

497 1829 612 1867 suae
642 1816 848 1865 sanctae
893 1810 1071 1864 crucis
1110 1811 1229 1879 jam
1276 1815 1412 1863 tunc
1450 1809 1869 1863 communiebat
1897 1810 2091 1879 signo;
2117 1810 2588 1891 Bconsiderabat.
2649 1810 2763 1863 Rex
2828 1809 2997 1863 etiam
3062 1809 3386 1876 Lotharius,
3446 1811 3776 1880 nuptiarum

496 1906 778 1972 noctuque
806 1917 872 1953 ac
899 1900 989 1953 die
1036 1899 1143 1969 piis
1202 1904 1523 1952 sanctorum
1582 1914 1704 1951 sese
1752 1897 2097 1952 orationibus
2179 1897 2367 1951 subita
2395 1899 2725 1963 mutatione,
2751 1897 3109 1968 magniﬁcam
3142 1897 3343 1951 divinae
3373 1897 3574 1967 gratia;
3606 1898 3783 1954 virtu-

492 1989 809 2043 humillime
836 1986 1286 2042 commendabat.
1338 1986 1916 2048 Adolescentularum,
1957 2002 2097 2056 quas
2179 1992 2291 2040 tem
2315 2004 2426 2041 non
2450 1987 2745 2040 minimum
2770 1986 3186 2040 admirabatur:
3216 1992 3281 2040 ut
3309 1994 3497 2041 tamen
3528 1987 3784 2057 ejusdem

494 2078 802 2133 irreventes
847 2078 1124 2139 audierat,
1176 2075 1409 2129 lascivos
1451 2074 1695 2129 evitabat
1751 2082 2092 2140 conventus;
2178 2074 2407 2144 virginis
2446 2076 2588 2129 felici
2622 2076 2771 2146 apud
2806 2076 3107 2129 Dominum
3134 2075 3629 2129 commendaretur
3655 2093 3785 2130 ora-

494 2183 635 2237 quas
658 2173 846 2221 autem
876 2166 1004 2219 utili
1033 2170 1091 2218 et
1119 2164 1354 2217 honesto
1386 2163 1631 2217 intentas
1662 2169 1914 2230 noverat,
1930 2163 2009 2216 eis
2038 2168 2097 2217 et
2177 2163 2348 2226 tione,
2386 2164 2707 2219 benevolam
2735 2166 2857 2235 ejus
2887 2165 3238 2219 devotionem
3258 2166 3433 2236 regali
3453 2167 3786 2221 muniﬁcen-

489 2255 731 2309 libenter
755 2256 1027 2309 intererat
1047 2259 1102 2307 et
1151 2253 1366 2307 intente
1413 2251 1775 2305 imitabatur:
1838 2252 2097 2306 audierat
2176 2253 2257 2306 tia
2278 2254 2490 2324 primus
2521 2254 2641 2325 ipse
2671 2254 2989 2324 properavit
3019 2254 3354 2309 confortare.
3394 2256 3780 2311 Assentienti-

494 2344 700 2400 etenim
723 2346 907 2414 pravis
945 2339 1491 2395 confabulationibus
1523 2357 1706 2393 mores
1755 2340 1931 2394 bonos
1964 2358 2089 2394 cor—
2176 2340 2279 2395 bus
2302 2343 2580 2413 siquidem
2610 2343 2690 2396 eis
2710 2342 2807 2413 qui
2830 2342 3089 2411 aderant,
3120 2342 3276 2396 dedit
3303 2343 3355 2397 ei
3379 2359 3507 2397 cum
3530 2346 3782 2400 oratorio

491 2434 678 2505 rumpi
704 2452 716 2486 :
742 2432 997 2486 audierat
1018 2430 1185 2483 etiam
1209 2445 1335 2483 cum
1359 2434 1551 2482 sancto
1573 2434 1825 2483 sanctum
1857 2447 1997 2495 eSse,
2035 2437 2092 2486 et
2176 2432 2231 2486 S.
2267 2432 2495 2502 Georgii
2516 2448 2678 2486 suum
2710 2432 2860 2503 quod
2888 2430 3146 2485 Noviomi
3178 2431 3420 2486 habebat
3467 2432 3582 2503 (14)
3622 2434 3782 2505 pala-

490 2539 619 2578 cum
648 2537 909 2594 perverso
939 2517 1323 2591 perversitatis
1372 2518 1678 2588 quemlibet
1710 2519 1946 2574 infamia
1995 2537 2092 2575 no-
2172 2521 2313 2575 tium
2340 2541 2352 2588 ;
2386 2521 2527 2575 duas
2556 2537 2779 2591 quoque
2810 2520 2984 2587 villas.
3002 2519 3117 2589 (15)
3143 2537 3269 2575 cum
3299 2521 3598 2576 duodecim
3619 2522 3783 2577 femi-

489 2612 617 2667 tari.

562 2700 611 2755 3.
649 2701 701 2755 A
726 2698 1055 2773 parentibus
1087 2714 1220 2767 ergo
1250 2696 1550 2767 diligenter
1578 2697 1834 2764 educata,
1867 2715 1994 2753 cum
2016 2700 2085 2754 ad

485 2789 734 2846 nubilem
763 2787 1108 2859 pervenisset
1135 2791 1377 2851 :etatem,
1412 2786 1683 2840 nobilium
1715 2804 1836 2841 eam
1884 2804 2084 2858 quam-

485 2879 696 2950 plures.
728 2882 923 2948 utpote
948 2876 1017 2930 de
1046 2874 1327 2929 nobilibus
1356 2873 1622 2928 nobiliter
1656 2881 1867 2940 natam,
1898 2875 1968 2929 ad
1999 2883 2081 2931 to-

485 2982 613 3021 rum
650 2967 921 3021 asciscere
990 2963 1341 3019 conabantur
1389 2964 1765 3033 conjugalem.
1812 2965 2081 3020 Parentes

486 3062 679 3112 autem
708 3057 851 3128 ejus,
884 3055 1018 3127 quia
1046 3071 1112 3108 ex
1135 3070 1307 3107 manu
1334 3053 1491 3123 regia
1523 3069 1688 3107 suum
1721 3059 2082 3125 susceperant

2172 2610 2258 2664 nis
2286 2627 2353 2665 ex
2382 2612 2514 2665 fisco
2553 2610 2748 2681 regali,
2772 2610 2877 2665 sub
2916 2615 3124 2665 sanctae
3152 2610 3382 2681 virginis
3411 2611 3784 2681 regiminead

2169 2700 2343 2754 divini
2374 2700 2559 2754 cultus
2589 2698 2864 2753 subscribi
2881 2700 3056 2769 jussit
3084 2699 3563 2770 supplementum.

2240 2795 2292 2845 5.
2326 2789 2736 2843 Convenientes
2762 2788 2951 2858 itaque
2985 2788 3042 2841 in
3071 2787 3403 2842 suburbium
3452 2789 3609 2844 urbis
3659 2792 3784 2846 No-

2167 2876 2574 2949 viomicaz,(16)
2626 2877 2685 2930 in
2737 2876 3047 2930 oratorium
3087 2877 3302 2931 scilicet
3350 2879 3497 2949 quod
3556 2896 3592 2933 a
3641 2897 3782 2952 rege

2164 2971 2548 3037 susceperant,
2581 2965 2671 3019 die
2702 2971 2981 3035 noctuque
3012 2965 3127 3019 Deo
3147 2966 3425 3020 deservire
3448 2966 3775 3038 infatigabi-

2163 3056 2293 3109 liter
2350 3054 2730 3109 elaborabunt.
2794 3053 2926 3125 Ipsa
2986 3054 3213 3125 quidem
3260 3054 3436 3126 virgo,
3497 3071 3534 3109 a
3570 3070 3773 3112 sancto

481 3145 838 3212 beneﬁcium,
870 3144 1103 3208 nemini,
1134 3159 1265 3213 rege
1303 3141 1637 3208 inconsulto,
1690 3143 2078 3213 hujuscemodi
2100 3151 2141 3210 C
2161 3146 2359 3199 edocta
2387 3145 2586 3215 Eligio,
2610 3143 2997 3198 cohabitantes
3026 3160 3216 3198 secum
3252 3161 3364 3198 non
3404 3145 3776 3203 solummodo

482 3235 728 3306 conjugii
757 3234 892 3288 dare
920 3232 1335 3305 praesumebant
1382 3247 1694 3285 assensum.
1720 3232 1974 3303 Cumque
2022 3233 2082 3287 in

482 3330 781 3397 conspectu
800 3324 951 3394 regis
980 3321 1233 3376 Lotharii
1273 3321 1343 3375 de
1380 3321 1610 3390 virginis
1670 3320 1839 3391 hujus
1882 3338 2080 3392 agere-

481 3419 578 3469 tur
604 3411 979 3485 sponsalibus,
1012 3410 1378 3479 omniumque
1404 3410 1475 3463 ad
1506 3409 1719 3479 regiam
1758 3426 1927 3480 super
1975 3411 2081 3464 hoc

481 3503 902 3574 dispositionem
934 3499 1205 3571 penderet
1231 3498 1471 3552 intuitus
1500 3516 1510 3550 :
1535 3498 1591 3551 in
1628 3498 1812 3552 medio
1860 3515 2076 3563 eorum,

481 3592 720 3646 Domino
752 3591 829 3645 sic
879 3588 1312 3661 praeordinante,
1373 3592 1597 3640 sanctus
1645 3604 1767 3640 sese
1819 3587 2079 3656 injiciens

483 3679 714 3749 Eligius,
746 3678 1017 3747 virginem
1053 3676 1207 3729 illam
1233 3692 1404 3729 aureo
1430 3692 1531 3729 suo
1553 3675 1761 3728 annulo
1781 3674 2079 3729 subarrha-

481 3767 578 3834 vit,
611 3783 676 3823 ac
705 3766 914 3821 Christi
944 3781 1204 3836 sponsam
1236 3764 1294 3817 in
1329 3769 1628 3834 conspectu
1674 3765 1818 3833 regis
1863 3768 1920 3817 et
1977 3781 2078 3834 pa-

479 3862 706 3911 rentum
738 3871 963 3910 suorum
989 3851 1856 3923 confidentissimeassignavit.0
1873 3852 2077 3907 inresti-

479 3945 702 4001 mabilis
736 3944 921 4016 gratia
959 3942 1201 4014 Spiritus
1232 3942 1408 3995 sancti
1438 3942 1450 3995 l
1484 3941 1637 3995 Illico
1668 3941 1873 4012 puella,
1905 3941 2075 3995 divini

479 4036 690 4090 amoris
721 4032 1019 4105 spirituali,
1063 4038 1127 4085 ut
1161 4037 1286 4101 post
1315 4030 1516 4101 patuit,
1551 4030 1671 4099 jam
1714 4030 2077 4101 conceptione

476 4125 771 4197 gravidata
798 4128 990 4193 spreta
1018 4120 1169 4174 omni
1192 4120 1403 4173 carnali
1436 4119 1735 4190 voluptate,
1770 4121 2081 4191 postposita

480 4216 653 4270 etiam
699 4210 1054 4268 desiderabili
1102 4209 1520 4263 succedentium
1571 4208 1879 4279 propagine
1968 4208 2081 4262 imo

480 4304 757 4376 despectis
804 4299 1227 4356 delectabilibus
1277 4296 1545 4369 puellaris
1588 4298 1713 4352 vitae
1781 4297 2077 4365 illecebris,

2164 3234 2577 3305 praedicatione,
2617 3249 2811 3287 verum
2838 3233 3008 3286 etiam
3036 3232 3367 3287 multimodo
3389 3233 3670 3289 virtutum
3690 3235 3779 3290 in-

2163 3322 2444 3377 formabat
2472 3321 3115 3393 exemplo.Saacularium
3147 3322 3354 3376 etenim
3375 3324 3776 3379 conventicula

2163 3412 2479 3482 ditfugiens.
2518 3410 2764 3465 biduana
2794 3427 2893 3464 seu
2930 3410 3195 3464 triduana
3224 3411 3593 3467 continuabat
3615 3415 3776 3485 jeju-

2161 3500 2291 3567 nia;
2331 3499 2708 3554 esurientibus
2759 3497 2965 3564 cibum,
2998 3498 3318 3553 sitientibus
3342 3505 3561 3571 potum,
3594 3503 3767 3557 nudis

2160 3589 2512 3653 vestimenta,
2544 3604 2673 3642 cum
2701 3587 2961 3641 omnibus
2990 3587 3077 3641 his
3100 3588 3280 3659 ipsam
3308 3605 3474 3659 egere
3528 3591 3772 3659 videres,

2159 3677 2504 3731 incessanter
2531 3675 2884 3729 ministrabat
2919 3695 2931 3730 :
2965 3692 3175 3747 pernox
3204 3692 3430 3747 quoque
3470 3681 3530 3733 in
3579 3679 3769 3749 vigilis

2160 3774 2217 3820 et
2244 3766 2613 3830 orationibus,
2657 3781 2757 3836 pro
2795 3764 3099 3819 universali
3123 3765 3374 3819 omnium
3406 3767 3589 3822 salute
3618 3770 3774 3823 assi-

2160 3854 2270 3909 due
2310 3856 2607 3909 Dominum
2628 3852 3050 3924 deprecabatur.
3084 3852 3190 3907 His
3232 3861 3289 3908 et
3344 3854 3432 3908 his
3479 3856 3766 3913 similibus

2154 3943 2368 4014 jugiter
2396 3942 2723 3997 insistebat:
2758 3948 2815 3996 et
2831 3942 2961 3996 licet
2979 3942 3161 3996 adhuc
3190 3942 3248 3996 in
3288 3944 3499 3998 mundo
3525 3962 3767 4018 corpore

2159 4039 2465 4097 teneretur,
2491 4031 2761 4103 placabile
2772 4039 2962 4085 tamen
2983 4031 3220 4085 Domino
3231 4048 3354 4086 sese
3369 4033 3769 4091 holocausz

2163 4122 2413 4193 quotidie
2442 4120 2742 4177 mactabat.
2773 4121 3009 4174 Tantam
3059 4120 3275 4175 dilectae
3320 4137 3438 4175 sum
3490 4122 3771 4179 Dominus

2164 4210 2636 4281 perseverantiam
2685 4209 3045 4280 perspiciens,
3079 4210 3203 4279 ejus
3253 4209 3311 4263 in
3374 4211 3589 4281 palam,
3624 4212 3768 4267 dum

2162 4300 2346 4354 adhuc
2372 4299 2556 4370 fragili
2581 4304 2834 4352 maneret
2862 4297 2920 4352 in
2967 4313 3219 4367 corpore,
3255 4312 3365 4352 non
3422 4299 3772 4372 dedignatus

477 4394 599 4465 regi
624 4398 682 4447 et
705 4389 1031 4464 parentibus
1060 4394 1384 4442 constanter
1404 4385 2081 4458 abrenuntiavit,seseque
2102 4464 2119 4465 ί
2161 4395 2248 4443 est
2292 4388 2603 4442 clariﬁcare
2653 4385 3006 4441 devotionem
3034 4426 3047 4453 ,
3105 4386 3447 4458 operabatur
3481 4388 3776 4460 siquidem

477 4483 537 4537 in
552 4464 762 4537 deorum
788 4478 1083 4551 praesentia
1136 4476 1458 4530 beatissimo
1486 4476 1709 4546 praesuli
1740 4475 1939 4546 Eligio,
1971 4476 2076 4530 Do-
2092 4464 2146 4528 Ι)
2166 4476 2318 4531 Deus
2332 4476 2529 4531 crebra
2544 4491 2645 4547 per
2659 4475 2780 4545 ejus
2798 4475 3255 4530 intercessionem
3275 4476 3581 4532 miracula:
3600 4479 3777 4534 caecis

476 4572 631 4625 mino
659 4568 1115 4625 consecrandam.
1135 4570 1429 4637 gratanter
1447 4564 1862 4619 commendavit
1876 4610 1888 4623 .

548 4657 603 4715 4.
634 4660 761 4731 Ipse
789 4658 1016 4729 quidem
1042 4653 1431 4711 sanctissimus
1458 4654 1751 4726 episc0pus
1778 4660 1913 4709 tunc
1935 4660 2076 4711 tem-

548 4814 663 4887 (13)
686 4816 964 4871 Fortassis
986 4816 1043 4870 in
1066 4822 1239 4882 terra,
1268 4831 1369 4870 seu
1415 4819 1599 4869 castro
1647 4815 1815 4881 Bova,
1862 4832 1963 4871 seu
2004 4816 2076 4871 de

475 4886 659 4956 Bovis,
682 4888 769 4942 vel
788 4887 1089 4953 Bobarum,
1124 4898 1222 4940 aut
1242 4886 1409 4940 etiam
1434 4887 1673 4953 Bothua,
1704 4887 1868 4958 vulgo
1896 4890 2071 4956 Boves,

476 4962 721 5017 distante
737 4958 956 5014 duabus
971 4958 1193 5012 circiter
1210 4958 1383 5012 leucis
1395 4958 1883 5023 Ambianis,titulo
1893 4960 2072 5028 Baro-

473 5041 640 5090 natus
661 5032 818 5099 olim,
842 5047 993 5085 nunc
1021 5029 1193 5084 etiam
1222 5029 1643 5083 marchionatus
1665 5030 1872 5099 insigni
1896 5031 2075 5085 :unde

473 5112 609 5161 nata
636 5105 787 5175 vulgi
832 5101 1062 5175 traditio
1102 5101 1194 5161 sit,
1241 5115 1364 5175 eam
1416 5116 1481 5153 ex
1525 5100 1756 5175 familia
1776 5100 1854 5175 de
1902 5102 2077 5157 Boves

473 5184 676 5231 ortam.
710 5172 857 5231 Sane
877 5175 925 5228 si
952 5173 1029 5227 ibi
1058 5178 1193 5226 nata
1221 5176 1308 5225 est
1337 5172 1560 5234 Sancta,
1593 5172 1682 5225 vix
1726 5172 2070 5240 dubitamus,

474 5250 571 5320 qui
598 5248 777 5320 ipsius
805 5246 911 5301 loci
938 5244 1150 5320 domini
1196 5243 1420 5320 fuerint
1436 5244 1559 5313 ejus
1610 5252 1893 5320 parentes,
1936 5261 2075 5315 quos

471 5314 709 5392 apparet
738 5316 1190 5392 exsequentibus
1220 5314 1521 5392 admodum
1537 5314 1752 5392 nobiles
1767 5314 1976 5392 fuisse}
2001 5332 2074 5370 an

471 5385 660 5446 autem
692 5385 1002 5444 familia'de
1036 5390 1229 5450 Boves,
1263 5385 1333 5439 ab
1363 5386 1611 5440 Adriano
1634 5386 1703 5440 de
1734 5387 1789 5440 la
1810 5388 2073 5441 Morliere

471 5471 599 5543 post
624 5478 764 5533 Opus
796 5463 875 5543 De
898 5457 1329 5543 antiquitatibus
1354 5457 1825 5543 Am‘bianen‘sibus
1848 5459 2072 5543 egregie

472 5529 775 5596 illustram,
805 5540 921 5585 tam
969 5529 1053 5585 sit
1077 5531 1313 5600 antiqua
1343 5536 1406 5582 ut
1458 5529 1602 5582 hanc
1647 5530 1910 5584 Sanctam
1965 5530 2073 5584 sibi

473 5620 739 5675 arrogare
754 5603 951 5675 possit,
975 5600 1585 5675 aliisinvestigandum
1605 5600 1997 5675 relinquimus.

541 5670 664 5745 (13)
696 5670 979 5732 Palatium
1008 5672 1158 5746 regis
1186 5672 1417 5745 quidam
1444 5670 1524 5727 ibi
1551 5670 1723 5728 fuisse
1748 5670 1971 5746 putant,
1994 5672 2075 5729 ibi

2158 4564 2358 4627 visum,
2380 4564 2592 4620 claudis
2610 4579 2888 4635 gressum,
2914 4564 3239 4635 paralyticis
3267 4564 3572 4620 sanitatem
3601 4567 3780 4622 resti-

2156 4653 2384 4710 tuebat:
2410 4655 2670 4726 quodque
2691 4653 2997 4725 gratiosius
3024 4653 3142 4708 Deo
3163 4669 3285 4709 esse
3307 4654 3608 4722 credimus,
3641 4658 3778 4728 ejus

2156 4832 2307 4897 nunc
2329 4815 2645 4897 estdomus
2673 4814 3086 4897 Beguinarum:
3128 4814 3284 4897 quod
3315 4814 3527 4888 absque
3554 4816 3778 4873 funda-

2157 4894 2348 4943 mento
2369 4888 2483 4943 ullo
2512 4886 2749 4959 proferri
2766 4886 2967 4968 censet
2989 4886 3309 5012 Montignii.

2229 4958 2343 5012 (15)
2368 4959 2523 5012 Idem
2553 4958 2809 5012 concedit
2850 4974 3013 5012 posse
3067 4974 3162 5012 cre
3201 4959 3241 5012 i.
3275 4975 3307 5012 (ι

2229 4958 2343 5029 (15)
2368 4958 2525 5014 Idem
2553 4958 2809 5013 concedit
2850 4974 3013 5030 posse
3067 4958 3241 5023 credi,
3275 4958 3426 5030 quod
3475 4958 3564 5013 ba
3614 4959 3781 5017 villa

2157 5030 2370 5085 fuerint
2396 5031 2456 5084 in
2485 5030 2833 5094 Vauchelles,
2864 5029 3113 5100 quinque
3140 5029 3363 5084 circiter
3385 5030 3561 5085 leucis
3600 5031 3785 5087 Abba

2158 5102 2322 5158 villa:
2355 5118 2421 5156 eo
2453 5102 2601 5172 quod
2630 5100 3041 5173 isﬁcheguinaa
3060 5101 3247 5155 adhuc
3266 5101 3512 5156 habeant
3539 5101 3782 5173 aliquas

2158 5173 2566 5244 possessiones:
2600 5179 2671 5227 ut
2687 5172 2942 5227 videatur
2969 5188 3291 5242 agnoscere,
3326 5190 3422 5244 eas
3451 5172 3678 5228 venisse
3710 5175 3783 5230 in

2158 5243 2376 5315 partem
2419 5243 2713 5306 bonorum,
2748 5244 3091 5315 monasterio
3149 5245 3207 5299 S.
3243 5243 3572 5298 Godebertze
3621 5246 3784 5301 olim

2158 5313 2579 5378 attributorum,
2612 5322 2670 5370 et
2697 5315 2839 5369 forte
2868 5313 2972 5368 sub
2992 5331 3135 5368 novo
3165 5314 3427 5370 instituto
3454 5315 3782 5372 sanctimo-

2158 5387 2402 5441 nialibus
2432 5386 2719 5441 exstinctis
2747 5385 3101 5440 successisse.

2225 5458 2337 5522 (16)
2358 5459 2441 5512 Ad
2466 5465 2686 5529 portam
2708 5458 2840 5512 olim
2881 5456 3111 5529 Qastelli
3165 5456 3393 5526 dictam,
3445 5473 3570 5529 qua
3623 5463 3784 5516 tunc

2156 5529 2261 5584 fuit
2280 5546 2452 5602 prope
2470 5528 2607 5585 eum
2634 5531 2820 5586 locum
2868 5528 2963 5585 ubi
2992 5544 3145 5586 nunc
3182 5535 3319 5584 sunt
3342 5528 3502 5601 putei
3528 5529 3593 5585 in
3637 5530 3782 5589 foro

2156 5600 2545 5658 frumentario.

2249 5611 2545 5659 mentano.
