4040 6182
300 274 439 334 1521
1564 278 1736 334 VITA
1773 278 1831 333 S.
1874 276 2344 333 GODEBERTIE.
3452 278 3586 336 15‘22

300 399 694 456 exhortatione
731 399 987 455 inﬁdeles
1041 401 1391 473 frequentius
1444 404 1785 476 suscipiebat
1826 400 2169 463 adAsubito
2198 405 2752 476 corrumpi.Jacebat
2782 420 2916 475 ergo
2953 404 3107 473 virgo
3127 403 3274 458 fessa
3288 403 3585 464 inlectulo;

300 490 492 545 ﬁdem.
545 489 616 544 Ut
672 488 846 560 igitur
882 490 948 544 ad
990 497 1206 546 certum
1245 492 1561 564 exemplum
1591 494 1905 565 quibusque
1989 507 2180 545 verum
2209 499 2327 547 toto
2352 494 2422 547 ad
2461 495 2761 549 Dominum
2795 494 2998 547 mentis
3037 492 3315 546 desiderio
3347 494 3586 564 respira-

300 576 403 630 ﬁat
433 577 711 641 ﬁdelibus,
743 579 1074 633 aemulorum
1107 582 1417 652 postposita
1444 582 1810 648 detractione,
1835 582 1904 636 de
1987 579 2118 633 bat:
2148 582 2380 651 gravida
2396 584 2621 653 quidem
2646 600 2897 654 corpore.
2930 582 3132 652 spiritu
3166 589 3354 636 tamen
3383 583 3584 637 alacris

298 666 498 722 multis
523 667 609 722 vel
624 683 805 739 pauca
824 668 1193 739 proferemus.
1983 668 2043 721 in
2076 669 2176 722 Dei
2207 687 2430 740 semper
2466 671 2726 725 laudibus
2759 672 3167 742 perseverabat.
3202 672 3452 742 Contigit
3480 673 3583 726 hac

935 758 1169 813 CAPUT
1197 757 1278 812 II.
1984 759 2108 828 ejus
2134 759 2195 813 in
2218 758 2549 815 inﬁrmitate
2581 762 2730 815 circa
2777 762 2844 819 S.
2884 762 3072 816 Mariae
3103 762 3470 832 principalem
3496 780 3582 817 ec-

610 848 890 901 Μίναουια
917 844 973 900 S.
1008 847 1308 902 Godeberta:
1336 851 1585 902 viventis.
1982 846 2211 902 clesiam
2248 849 2601 920 inopinatum
2630 868 2695 905 ex
2730 850 3032 921 improviso
3072 867 3368 920 erumpere
3397 851 3586 906 incen-

369 931 422 991 6-
455 935 743 995 Dicamus,
765 950 898 1005 ergo
947 935 1096 1006 quod
1124 936 1283 1007 prius
1310 938 1594 991 memoriae
1632 938 1896 1004 occurrit,
1985 933 2162 1001 dium,
2196 942 2254 990 et
2290 939 2413 1008 ejus
2442 937 2740 993 subitanea
2769 939 3095 994 excursione
3132 940 3307 994 totius
3337 941 3581 996 ecclesiae

293 1030 580 1096 quatenus
631 1024 906 1088 ﬁdelium,
952 1040 1092 1094 quos
1139 1025 1337 1080 audire
1381 1027 1699 1096 contigerit,
1732 1028 1904 1082 corda
1985 1039 2150 1078 omne
2174 1025 2400 1096 penitus
2426 1027 2585 1082 exuri
2613 1035 3030 1095 ornamentum,
3064 1028 3319 1083 Flamma
3344 1030 3581 1085 circum-

293 1112 765 1181 corroborentur;
793 1113 1704 1179 frontesinﬁdelium,durissimis,
1726 1117 1902 1171 mira-
1982 1113 2176 1167 VOIanS
2205 1115 2394 1169 omnia
2430 1115 2762 1187 diripiebat:
2813 1118 2974 1188 Cujus
3022 1123 3154 1172 ante
3184 1118 3405 1184 faeiem.
3449 1119 3581 1191 quia

291 1203 556 1258 culorum
586 1203 710 1273 ejus
740 1202 1021 1273 lapidibus
1063 1208 1446 1258 conterantur.
1488 1203 1741 1275 Contigit
1777 1206 1900 1276 ejus
1982 1202 2245 1257 resistere
2290 1220 2402 1258 non
2451 1211 2692 1276 poterat,
2741 1205 3006 1276 fugiendo
3047 1206 3156 1261 sibi
3192 1208 3578 1280 unusquisque

291 1290 356 1347 in
385 1296 662 1362 tempore,
693 1290 775 1344 sic
815 1291 1165 1361 exigentibus
1195 1292 1373 1363 plebis
1402 1293 1740 1348 Noviomicze
1769 1311 1899 1365 pec-
1981 1292 2328 1347 consulebat.
2381 1293 2585 1348 Omnia
2612 1294 2838 1365 penitus
2886 1295 3013 1349 huic
3042 1296 3407 1367 subjacebant
3433 1298 3579 1369 peri-

291 1381 457 1447 catis,
498 1380 825 1451 pestiferum
854 1380 913 1434 in
941 1380 1135 1435 eadem
1166 1381 1393 1435 civitate
1440 1382 1695 1452 gladium
1723 1383 1898 1438 desae-
1938 1416 1949 1433 .
1981 1381 2126 1447 culo,
2161 1382 2298 1436 dum
2321 1383 2437 1453 jam
2468 1384 2580 1438 alia
2624 1394 2959 1455 consumpta
2988 1390 3194 1453 essent,
3231 1386 3343 1440 alia
3369 1387 3576 1442 nihilo-

292 1469 412 1524 vire
454 1469 816 1524 mortalitatis
861 1505 873 1516 -
925 1469 1012 1524 ira
1065 1470 1217 1525 enim
1277 1471 1647 1542 implacabilis
1703 1490 1736 1526 a
1782 1473 1896 1528 Deo
1981 1470 2168 1525 minus
2192 1471 3575 1532 absumendairruentiremanerentincendio.Ci-

292 1575 542 1630 egressa,
588 1559 882 1629 indigenas
928 1558 1053 1613 illos
1088 1559 1524 1631 circumquaque
1549 1561 1895 1630 devastabat,
1977 1560 2165 1614 vitatis
2185 1561 2481 1631 indigenis.
2514 1568 2576 1616 ut
2602 1562 2977 1633 praediximus.
3011 1563 3447 1635 circumquaque
3469 1564 3578 1618 dif-

292 1654 562 1720 parentes
597 1664 725 1703 cum
755 1648 906 1713 ﬁliis,
939 1665 1173 1719 sponsos
1202 1665 1328 1702 cum
1361 1651 1600 1720 sponsis,
1636 1652 1894 1706 dominos
1976 1646 2336 1718 fugientibus.
2369 1656 2574 1705 sanctis
2623 1652 2863 1722 Virginis
2901 1653 3091 1706 Mante
3129 1659 3313 1707 mater
3343 1654 3579 1708 ecclesia

290 1755 425 1792 cum
464 1738 784 1792 domesticis
812 1737 1162 1792 incessanter
1189 1738 1487 1806 enecabat;
1511 1746 1568 1794 et
1583 1746 1697 1795 tam
1722 1741 1777 1794 in
1799 1759 1893 1812 po-
1914 1722 1959 1780 Β
1982 1734 2285 1811 [desolata]
2322 1746 2671 1794 remanserat
2700 1760 2710 1770 ·
2741 1758 2910 1812 quam
2940 1741 3315 1795 devotissimis
3343 1743 3459 1797 Deo
3498 1743 3578 1796 la-

291 1832 480 1883 tentes
518 1843 686 1898 quam
736 1826 794 1880 in
842 1826 1090 1897 plebeios
1110 1828 1480 1882 immoderate
1507 1829 1889 1901 grassabatur.
1977 1828 2182 1898 crymis
2210 1829 2362 1899 aquia
2384 1832 2500 1899 jam
2534 1831 2764 1883 ﬂamma
2787 1847 2980 1884 eorum
3006 1831 3266 1901 superior
3293 1836 3417 1885 erat
3451 1832 3575 1886 viri-

292 1916 611 1988 Fugiebant
659 1932 1096 1987 Circumquaque
1144 1917 1239 1988 qui
1287 1919 1521 1973 evadere
1569 1927 1830 1990 poterant
1879 1942 1889 1974 ;
1975 1914 2097 1977 bus.l
2128 1916 2306 1971 tristis
2337 1919 2639 1972 admodum
2666 1921 2906 1990 populus
2934 1918 3049 1974 Deo
3081 1920 3185 1974 soli
3212 1922 3573 1975 commenda-

281 2009 542 2079 jamque,
575 2005 822 2059 maxima
851 2021 918 2058 ex
948 2012 1106 2074 parte
1135 2006 1436 2062 subtractis
1457 2008 1888 2075 habitatoribus,
1977 2005 2088 2059 bat.
2119 2007 2299 2060 Tanto
2328 2008 2667 2078 plorantium
2707 2009 2923 2079 gemitu
2969 2010 3167 2080 [mota]
3215 2010 3367 2080 virgo
3398 2010 3577 2065 Gode-

287 2114 482 2152 vacuae
510 2096 570 2150 in
597 2096 819 2149 civitate
848 2096 1048 2149 domus
1072 2097 1433 2166 quamplures
1462 2108 1851 2155 remanserant
1874 2119 1886 2154 :
1976 2094 2134 2149 berta
2158 2096 2493 2167 gravissima
2520 2097 2652 2151 licet
2678 2098 3005 2153 infirmitate
3024 2101 3575 2170 promeretur.jussit

285 2187 484 2242 Tantas
510 2186 643 2241 huic
658 2186 898 2240 miseriae
927 2185 1367 2257 infelicior,proh
1399 2188 1594 2243 dolor!
1622 2191 1892 2245 successit
1973 2190 2164 2239 tamen
2195 2202 2254 2239 se
2284 2185 2343 2239 in
2373 2187 2640 2241 cathedra
2662 2188 2945 2259 deportari
2972 2207 2984 2256 ;
3014 2203 3079 2241 ac
3103 2195 3299 2242 contra
3330 2189 3575 2243 incendii

294 2275 551 2340 miseria,
583 2291 710 2330 cum
740 2275 1001 2330 omnibus
1029 2285 1184 2330 metu
1204 2277 1566 2332 mortalitatis
1583 2280 1884 2347 exterritis,
1976 2274 2321 2339 νίοίθηίὶειῐῐ),
2355 2292 2689 2347 quocunque
2709 2294 2768 2331 se
2789 2278 3019 2331 ﬂamma
3042 2276 3575 2348 impingeret,conﬁ-

288 2364 591 2419 inhumata
633 2368 988 2417 mortuorum
1028 2379 1263 2434 corpora
1310 2366 1721 2436 projicerentur
1751 2386 1762 2422 :
1792 2370 1889 2440 qui
1976 2363 2175 2417 denter
2198 2363 2420 2434 deponi.
2448 2365 2714 2435 Deposita
2738 2380 2868 2418 vero
2901 2365 2959 2418 in
2989 2365 3112 2435 ipso
3138 2382 3312 2437 prope
3338 2366 3578 2421 ﬂammi-

289 2452 444 2506 enim
475 2458 762 2507 mortuum
789 2451 1113 2523 sepeliebat,
1153 2459 1410 2509 mortuus
1454 2456 1640 2511 subito
1676 2464 1735 2512 et
1771 2459 1890 2529 ipse
1976 2452 2106 2506 fera?
2139 2452 2421 2522 voraginis
2466 2452 2743 2518 incendio,
2787 2469 2917 2507 cum
2954 2452 3116 2506 multi
3139 2454 3259 2523 jam
3289 2454 3359 2507 de
3400 2454 3577 2526 ipsius

287 2541 649 2613 sepeliendus
704 2557 833 2596 mox
879 2541 1216 2597 efferebatur
1246 2557 1257 2592 :
1291 2544 1361 2597 de
1414 2544 1731 2601 imminenti
1789 2548 1894 2602 sibi
1976 2540 2092 2594 vita
2117 2541 2504 2612 desperarent.
2541 2548 2747 2596 sanctae
2780 2542 2973 2597 Crucis
3003 2542 3247 2611 signum,
3281 2543 3430 2614 quod
3451 2560 3574 2598 om-

290 2630 496 2685 mortis
515 2631 784 2703 periculo,
816 2648 982 2687 nemo
1014 2648 1243 2704 prorsus
1272 2631 1627 2704 desperabat,
1659 2636 1892 2690 cuicun-
1976 2630 2142 2684 nibus
2172 2631 2231 2684 in
2263 2631 2526 2702 periculis
2545 2631 2977 2685 saluberrimum
3007 2637 3257 2697 noverat,
3289 2633 3574 2687 conﬁden-

288 2735 398 2790 que
445 2728 733 2775 mortuum
762 2723 1087 2793 quempiam
1134 2722 1372 2793 sepelire
1414 2740 1516 2777 seu
1563 2725 1892 2796 contingere
1974 2720 2192 2774 tissime
2223 2721 2486 2792 opposuit
2518 2739 2528 2773 :
2568 2727 2627 2775 et
2653 2720 2855 2775 statim
2885 2720 3032 2790 ignis
3065 2721 3162 2774 illa
3186 2721 3423 2776 vastatio
3449 2739 3575 2776 exs-

287 2809 672 2879 contingebat.
1974 2809 2150 2863 tincta
2176 2816 2278 2864 est.

360 2899 413 2952 7.
447 2900 514 2954 In
562 2898 922 2954 mortalitatis
968 2905 1127 2955 tanto
1167 2901 1433 2972 periculo,
1475 2903 1630 2973 virgo
1658 2902 1894 2975 insignis
2046 2898 2097 2955 9.
2131 2898 2347 2953 Accidit
2372 2899 2483 2953 alio
2511 2900 2570 2953 in
2587 2904 2841 2970 tempore
2862 2915 3061 2954 caecam
3084 2901 3389 2971 quamdam
3404 2902 3579 2956 Trau-

288 2988 635 3053 Godeberta,
667 2989 1042 3044 universalem
1067 2991 1364 3045 attendens
1386 2992 1637 3046 dolorem
1666 2993 1891 3060 civium,
1911 3042 1951 3062 η
1975 2988 2202 3042 siricam
2240 2988 2485 3054 nomine.
2528 2989 2594 3042 ad
2645 2993 2897 3043 sanctam
2938 2989 3227 3043 devenisse
3272 2990 3570 3062 virginem,

506 3042 511 3043 7
621 3042 634 3053 .
814 3042 847 3043 77
1393 3042 1637 3046 ηπη--π
1671 3042 1891 3060 ---η-η
2473 3042 2485 3054 ,
2832 3042 2835 3043 7
2990 3042 2995 3043 7
3288 3042 3570 3062 νρ-οη--ή

285 3078 597 3133 universali
624 3078 884 3134 Ecclesia:
898 3079 1225 3134 triduanum
1233 3082 1514 3151 jejunium
1540 3081 1767 3150 indixit;
1791 3042 1953 3137 do-C
1976 3083 2254 3147 quatenus
2283 3078 2375 3149 pia
2407 3080 2455 3148 ej
2466 3096 2530 3132 us
2557 3078 2960 3133 intercessione
2989 3080 3300 3146 oculorum,
3325 3080 3475 3150 quod
3503 3080 3575 3135 ab

284 3184 420 3222 cens
452 3184 549 3222 eos
576 3168 927 3223 orationibus
956 3170 1396 3241 lacrymabiliter
1425 3170 1704 3237 insistere,
1739 3173 1819 3244 jej
1834 3190 1891 3227 υ-
1974 3165 2211 3221 infantia
2231 3167 2494 3238 perdidit,
2519 3168 2828 3238 temporale
2849 3168 3085 3239 recipiat
3101 3169 3575 3241 lumen.Cumque

284 3257 400 3312 niis
429 3263 490 3311 et
520 3258 1355 3329 eleemosynisindignationem
1373 3259 1619 3314 divinam
1636 3262 1884 3332 placare:
1973 3272 2071 3327 spe
2099 3262 2270 3319 certa.
2308 3274 2412 3311 sua
2457 3274 2558 3328 pro
2601 3257 3034 3324 illuminatione.
3086 3259 3414 3331 lacrymosis
3441 3259 3576 3323 insi-

288 3366 314 3399 ι
340 3346 509 3411 Quia,
542 3347 746 3418 inquit,
775 3348 922 3402 sicut
949 3364 1096 3418 aqua
1117 3349 1729 3420 exstinguitignem,ita
1749 3352 1891 3405 elee-
1975 3352 2151 3400 steret
2173 3346 2467 3417 precibus;
2501 3346 2655 3417 virgo
2681 3348 2924 3418 egregia,
2950 3348 3257 3418 praemissis
3277 3348 3392 3403 Deo
3403 3349 3576 3403 inter-

283 3452 526 3507 mosyna
556 3437 859 3507 exstinguit
886 3444 1195 3508 peccatum.
1223 3457 1249 3490 ι
1273 3438 1347 3492 Et
1369 3439 1603 3493 docebat
1626 3457 1719 3494 eos
1737 3443 1890 3512 virgo
1974 3434 2339 3499 OESSionibUS.
2374 3451 2543 3506 super
2580 3435 2771 3489 oculos
2816 3437 2939 3506 ejus
2982 3453 3211 3491 manum
3256 3438 3525 3509 imposuit
3556 3457 3571 3505 ;

284 3528 518 3597 egregia
546 3528 853 3581 salutarem
882 3528 1259 3581 Ninivitarum
1307 3528 1716 3598 paenitentiam,
1751 3546 1890 3600 quo-
1974 3526 2229 3595 factoque
2260 3524 2455 3578 leviter
2480 3532 2686 3578 sanctae
2708 3525 2902 3579 Crucis
2915 3526 3092 3595 signo,
3127 3527 3200 3580 ad
3224 3527 3347 3596 ejus
3368 3526 3574 3582 oratio-

286 3616 459 3671 modo
490 3616 550 3670 in
573 3617 759 3671 cinere
804 3623 862 3671 et
898 3616 1078 3671 cilicio
1113 3617 1300 3688 positi,
1332 3634 1432 3688 per
1455 3618 1803 3688 jejuniorum
1835 3625 1892 3674 et
1977 3631 2102 3669 nem
2141 3614 2521 3668 miserationis
2551 3615 2753 3668 diVimB
2782 3621 2975 3686 optata
3005 3615 3349 3686 Propitiatio.
3380 3632 3573 3687 οοῐῬο-

285 3706 609 3760 orationum
642 3706 927 3777 mysteria,
961 3706 1159 3761 divmze
1210 3707 1622 3762 maledictionis
1652 3709 1888 3778 jamjam
1972 3703 2089 3756 rale
2108 3703 2189 3757 illi
2222 3704 2413 3757 lumen
2433 3704 2680 3759 restituit
2710 3720 2721 3755 :
2755 3704 2948 3775 sicque
2975 3705 3182 3759 factum
3215 3710 3319 3769 est,
3344 3710 3409 3759 ut
3435 3706 3573 3759 dum

284 3811 460 3866 super
484 3811 546 3849 se
574 3795 963 3849 imminentem
993 3812 1312 3866 repressere
1341 3798 1887 3852 sententiam.David
1973 3791 2149 3845 Visum
2182 3793 2551 3863 temporalem
2572 3793 2866 3864 reoipel‘et.
2897 3794 3179 3864 spirituali
3208 3810 3430 3866 quoque
3455 3796 3575 3849 ani-

286 3900 515 3955 quoque
543 3884 713 3955 regis,
745 3884 842 3956 qui
866 3884 1174 3938 secundum
1204 3901 1298 3939 cor
1328 3886 1427 3939 Dei
1456 3887 1567 3940 Deo
1596 3887 1717 3958 ipso
1745 3894 1891 3942 teste
1972 3898 2077 3935 mae
2130 3881 2500 3936 viviﬁcatione
2548 3883 2818 3946 animata,
2867 3884 3020 3937 omni
3058 3883 3417 3954 postmodum
3445 3882 3573 3938 vitae

282 3972 549 4028 inventus
575 3980 680 4039 est,
720 3974 1052 4028 admirabile
1081 3974 1190 4027 illis
1234 3974 1511 4029 recitabat
1538 3977 1882 4047 exemplum,
1969 3987 2085 4025 sure
2116 3977 2370 4041 tempore
2413 3970 2563 4041 apud
2608 3970 3065 4025 illuminatricem
3096 3987 3258 4025 suam
3288 3971 3403 4026 Deo
3432 3970 3573 4025 inibi

284 4078 461 4133 quam
494 4063 670 4127 facile,
706 4080 807 4133 per
835 4063 1219 4133 paenitentiam
1252 4065 1559 4134 perpetrati
1598 4066 1884 4130 adulterii,
1969 4060 2290 4114 deserviret.

283 4159 580 4222 susceptus
620 4152 695 4206 sit
722 4152 793 4205 ad
823 4152 1156 4207 remedium.
1192 4153 1507 4222 Adjiciebat
1533 4154 1703 4208 etiam
1740 4155 1887 4210 Petri
2046 4147 2129 4206 10.
2166 4151 2281 4203 Hoc
2308 4150 2503 4220 itaque
2545 4149 2711 4203 modo
2752 4148 3070 4204 Trausirica
3115 4148 3235 4202 haec
3261 4147 3572 4202 illuminari

283 4240 669 4310 negationem,
702 4241 941 4295 latronis
978 4241 1035 4294 in
1066 4258 1231 4295 cruce
1259 4242 1687 4307 confessionem,
1728 4244 1889 4314 lugu-
1971 4239 2282 4309 promeruit
2319 4256 2386 4292 ex
2423 4239 2718 4293 devotione
2755 4258 2766 4292 :
2803 4236 3077 4309 Vulgudis
3114 4244 3325 4299 autem,
3357 4237 3428 4291 de
3457 4254 3572 4308 qua

279 4330 442 4384 brem
473 4330 798 4400 peccatricis
829 4331 1021 4384 Mariae
1050 4331 1707 4402 lamentationem,quam
1728 4333 1887 4387 facile
1905 4361 1955 4420 D
1975 4329 2137 4382 modo
2163 4329 2456 4383 dicendum
2490 4334 2593 4390 est,
2623 4344 2721 4397 pro
2738 4326 3138 4389 inobedientia,
3166 4326 3572 4381 interminabili

280 4420 548 4490 lacrymis
577 4419 1053 4490 pmnitentialibus
1084 4419 1389 4474 factionum
1416 4438 1646 4475 suarum
1670 4439 1888 4492 prome-
1906 4414 1948 4420 ”
1971 4418 2042 4471 ab
2069 4418 2264 4471 eadem
2294 4417 2525 4487 Virgine
2554 4417 2791 4470 multata
2811 4423 2895 4471 est
2924 4416 3310 4470 excaecatione.
3342 4414 3478 4470 Haec
3501 4416 3574 4470 si-

280 4509 502 4562 ruerint
541 4508 948 4562 remissionem.
986 4508 1084 4562 His
1113 4518 1171 4563 et
1199 4509 1324 4563 aliis
1360 4511 1616 4580 gloriosa:
1657 4512 1886 4581 virginis
1972 4508 2195 4578 quidem
2233 4507 2500 4575 Vulgudis
2536 4507 2591 4560 in
2631 4505 2880 4560 coenobio
2906 4505 2943 4559 S
2997 4504 3326 4560 Godebertse
3358 4505 3472 4559 Deo
3509 4522 3571 4559 se

276 4596 629 4668 respirantes
668 4597 1172 4661 exhortationibus,
1216 4600 1561 4668 permaxima
1589 4601 1883 4655 devotione
1970 4597 2268 4651 devoverat
2295 4615 2305 4649 :
2331 4613 2522 4650 verum
2562 4595 2735 4654 animi
2764 4595 2851 4648 sui
2883 4594 3050 4648 nimis
3079 4595 3400 4666 impatiens,
3433 4611 3569 4650 con-

278 4686 537 4741 triduum
568 4686 708 4740 illud
737 4702 1031 4756 suscepere
1050 4688 1251 4757 jejunii
1282 4706 1293 4740 :
1327 4694 1383 4742 et
1411 4690 1623 4756 statim,
1668 4691 1886 4745 meritis
1969 4686 2210 4741 tentiose
2246 4702 2306 4738 se
2337 4686 2632 4739 adversum
2663 4685 2802 4739 alias
2834 4690 2892 4737 et
2912 4684 3286 4739 irreverenter
3304 4684 3569 4740 habebat.

281 4776 408 4846 ejus
437 4780 495 4829 et
520 4775 1036 4840 intercessionibus,
1066 4777 1396 4847 pestiferum
1425 4778 1587 4832 illum
1626 4781 1884 4835 mortali-
1970 4775 2052 4830 Ea
2081 4776 2150 4829 de
2179 4791 2351 4829 causa
2374 4775 2725 4845 frequentius
2757 4792 2793 4829 a
2820 4780 3016 4830 sancta
3039 4775 3313 4845 castigata
3333 4775 3569 4847 virgine,

278 4864 418 4919 tatis
441 4864 695 4935 gladium
715 4864 810 4935 pia
838 4865 938 4931 Dei
957 4866 1146 4935 gratia
1172 4883 1391 4921 cessare
1412 4866 1560 4923 fecit.
1970 4871 2166 4920 contra
2185 4865 2440 4919 eamdem
2459 4865 2640 4935 ipsam
2662 4864 3083 4919 tumulentuose
3094 4863 3401 4930 rixabatur,
3426 4870 3484 4919 et
3510 4864 3572 4919 in

353 4950 408 5009 8.
433 4953 634 5007 Paucis
653 4953 1011 5024 postmodum
1042 4954 1242 5009 diebus
1261 4957 1455 5010 eadem
1487 4957 1641 5029 virgo
1669 4964 1884 5031 (utpote
1967 4960 2267 5026 conspectu
2297 4956 2416 5024 ejus
2450 4954 2640 5024 turpia
2669 4953 2839 5008 nimis
2869 4959 2927 5008 et
2956 4954 3257 5008 maledicta
3293 4953 3462 5008 verba
3493 4954 3572 5006 lo-

280 5058 411 5115 quae
440 5042 609 5096 nimis
629 5047 851 5097 austere
880 5048 1135 5097 teneram
1160 5060 1323 5098 suam
1348 5053 1733 5101 maceraverat
1758 5066 1884 5103 car-
1968 5045 2265 5118 quebatur.
2317 5044 2522 5098 Sancta
2562 5059 2694 5097 vero
2749 5043 2925 5114 virgo,
2978 5043 3155 5097 nimia
3199 5043 3384 5096 stultae
3417 5040 3571 5094 illius

278 5137 432 5200 nem)
466 5131 921 5185 molestissimam
940 5133 1189 5203 corporis
1216 5134 1303 5187 sui
1328 5134 1538 5189 decidit
1565 5136 1624 5190 in
1645 5137 1885 5193 inﬁrmi-
1970 5138 2251 5190 commota
2270 5133 2734 5193 stomachatione.
2754 5149 2881 5187 cum
2904 5148 3028 5187 eam
3059 5129 3495 5200 incorrigibilem
3511 5132 3583 5205 et_

277 5225 486 5276 tatem:
502 5219 645 5274 sicut
660 5219 945 5274 multoties
964 5220 1067 5291 (l7)
1080 5222 1355 5293 contingit
1376 5240 1489 5287 eos,
1517 5225 1613 5295 qui
1631 5242 1886 5298 quoquo—
1971 5224 2303 5280 obedientite
2329 5223 2557 5278 stimulo
2588 5224 2963 5277 irreverenter
2977 5219 3421 5274 recalcitrantem
3445 5233 3570 5288 per-

278 5308 452 5363 modo
463 5308 706 5364 assuetis
719 5308 1061 5364 desuescunt
1076 5311 1336 5382 dapibus,
1357 5313 1456 5368 diu
1475 5313 1764 5370 tabescere
1785 5333 1886 5372 seu
1969 5317 2263 5384 sensisset,
2303 5315 2397 5370 die
2421 5315 2687 5387 quadam,
2715 5313 2774 5367 in
2808 5312 2929 5382 ipso
2961 5311 3081 5380 ejus
3103 5309 3355 5364 rixarum
3384 5307 3571 5380 turpi-

359 5615 407 5683 (i
418 5612 476 5686 7)
493 5613 585 5672 Ita
599 5629 665 5669 ex
691 5616 1022 5686 conjuctura
1047 5618 1391 5676 correximus
1422 5638 1434 5674 :
1457 5619 1517 5675 in
1538 5636 1643 5675 ms.
1663 5621 1890 5691 legitur,
1928 5641 1951 5673 ι
1973 5620 2254 5680 Multoties
2267 5618 2493 5691 quidem
2515 5615 2752 5685 contigit
2775 5630 2869 5668 eos
2900 5612 2998 5683 qui
3022 5612 3302 5686 quomodo
3312 5611 3573 5669 assuetis.
