4040 6182
367 216 510 273 1527

1396 225 1714 281 RADBODI
1752 225 2255 282 NOVIOMENSIS
2295 223 2627 284 EPISCOPI

3509 224 3657 282 1528

367 342 796 412 Apostolorum;
815 344 1141 414 aliquotque
1161 344 1355 398 diebus
1376 345 1452 398 ibi
1472 349 1965 418 exspectatis,cum
1984 355 2032 410 A
2049 349 2385 405 beatissima
2424 350 2678 405 videlicet
2705 352 2939 422 virginis
2985 349 3330 409 Godeberta.
3368 351 3664 421 virginita-

372 431 451 485 nil
481 431 584 484 sibi
617 434 885 502 proﬁcere
916 434 1167 497 sentiret,
1205 434 1406 487 infecto
1438 438 1661 505 negotio
1692 439 1868 492 tristis
1898 440 1968 492 ad

372 520 602 591 prepria
629 521 932 591 repedavit.
960 523 1020 575 1n
1045 523 1290 577 tenebris
1322 525 1512 595 itaque
1543 533 1599 580 et
1624 526 1737 581 fere
1768 528 1823 581 in
1850 545 1970 582 um-

374 610 476 664 bra
505 611 700 664 mortis
732 612 1000 675 residens,
1034 614 1153 667 dies
1190 630 1321 668 suos
1366 615 1611 685 lugebat,
1642 618 1845 689 quippe
1876 619 1971 689 qui

378 718 503 755 cum
534 701 660 754 aliis
691 702 821 771 quia
849 702 1110 757 videbant
1139 704 1475 768 inhabitans,
1510 707 1579 759 ad
1605 716 1972 777 avigmentum

380 790 589 844 doloris
601 792 688 844 sui
705 792 891 845 lumen
907 809 1099 846 eorum
1114 795 1469 849 retractabat.
1488 798 1805 867 Peragratis
1819 816 1971 868 ergo,

380 887 446 933 ut
466 880 841 950 prmdiximus,
862 882 1163 936 multorum
1187 890 1506 939 sam-torum
1528 888 1807 948 oratoriis,
1834 890 1979 958 ejus-

381 967 507 1022 dem
532 969 796 1022 desiderii
816 987 985 1023 causa
1010 971 1206 1025 devote
1232 974 1301 1026 ad
1327 974 1554 1043 virginis
1577 977 1741 1045 hujus
1764 994 1979 1030 memo-

382 1056 526 1110 riam
572 1059 838 1128 pervenit,
877 1059 949 1111 ibi
978 1060 1103 1113 ﬁdei
1152 1062 1365 1115 fervore
1408 1080 1703 1118 succensus
1736 1066 1979 1119 extensis

386 1145 445 1199 in
467 1146 665 1199 caelum
696 1148 974 1211 manibus,
1007 1148 1061 1201 in
1084 1149 1273 1203 abdito
1294 1152 1475 1205 cordis
1493 1153 1627 1206 illud
1656 1155 1979 1208 Davidicum

387 1235 741 1298 decantabat,
772 1256 793 1286 ι
826 1238 1117 1301 Dominus,
1150 1239 1353 1309 inquit,
1387 1242 1538 1294 salus
1568 1249 1624 1296 et
1650 1243 1987 1297 illuminatio

389 1340 518 1377 mea
539 1326 705 1396 (Psal.
732 1340 875 1387 XXVI,
903 1329 936 1392 ).
968 1348 990 1376 ι
1028 1328 1109 1381 Ex
1140 1333 1255 1381 toto
1286 1347 1508 1401 quoque
1537 1332 1704 1386 corde
1746 1333 1817 1386 ad
1856 1349 1989 1386 san-

391 1412 699 1467 ctissimam
747 1431 1044 1470 conversus
1092 1418 1382 1487 virginem.
1422 1437 1581 1473 suam
1621 1421 1673 1474 ei
1718 1422 1989 1476 attentius

394 1503 823 1556 commendabat
836 1504 1185 1560 devotionem
1197 1550 1205 1559 .
1216 1508 1403 1561 Exaud
1413 1508 1488 1562 ita
1500 1516 1586 1562 est
1597 1526 1729 1580 ergo
1745 1516 1802 1563 et
1816 1510 1874 1564 in
1888 1512 1993 1564 hoc

394 1590 757 1645 devotissima
774 1601 976 1648 sanctae
997 1596 1165 1665 hujus
1185 1597 1414 1667 virginis
1434 1599 1766 1653 interventio
1791 1619 1803 1666 ;
1836 1605 1894 1654 et
1921 1600 1993 1654 ad

398 1680 520 1750 ejus
548 1681 855 1751 supplicem
889 1684 1339 1754 deprecationem
1382 1689 1652 1752 Harveus,
1688 1690 1821 1759 quia
1855 1690 1995 1743 ﬁde-

396 1769 528 1823 liter
551 1770 607 1823 in
637 1770 889 1825 oratione
910 1774 1188 1843 praestitit,
1220 1792 1333 1829 non
1363 1783 1448 1830 est
1479 1778 1770 1832 fraudatus
1790 1796 1825 1832 a
1848 1779 1998 1832 desi-

399 1859 556 1913 derio
582 1876 701 1914 suo.
746 1861 889 1915 Sunt
918 1867 971 1915 et
1012 1857 1125 1917 alia
1154 1866 1349 1931 multa,
1398 1867 1734 1934 charissimi,
1770 1868 2001 1938 virginis

399 1948 571 2019 hujus
595 1950 886 2014 miracula,
909 1969 1049 2022 qua},
1070 1954 1217 2008 sicut
1238 1955 1500 2018 diximus,
1524 1957 1593 2010 ad
1615 1962 1865 2011 nostram
1887 1974 2001 2012 non

402 2054 707 2108 pervenere
737 2041 1025 2109 notitiam;
1060 2060 1253 2098 verum
1280 2062 1449 2115 super
1481 2047 1788 2101 manifestis
1829 2052 1886 2100 et
1913 2047 2002 2100 in-

405 2128 645 2197 cognitis
692 2130 1103 2185 sanctissimam
1146 2149 1247 2187 nos
1284 2135 1384 2187 Dei
1433 2142 1653 2205 oportet
1686 2118 2004 2190 collaudare

406 2217 907 2286 magnificentiam,
942 2221 1055 2290 qui,
1088 2238 1187 2292 per
1214 2222 1486 2277 imitabile
1513 2224 1811 2294 fragilioris
1841 2242 2005 2279 sexus

409 2306 746 2375 exemplum,
770 2313 885 2360 tam
923 2310 1147 2379 fragiles
1177 2312 1247 2365 ad
1268 2320 1488 2367 aeternae
1510 2314 1633 2367 vitae
1661 2315 2008 2368 incessanter

412 2391 612 2448 invitat
634 2397 927 2465 prwmium
958 2399 1386 2470 sempiternum.

1027 2488 1399 2545 EPILOGUS.

485 2572 573 2630 22.
628 2576 744 2630 Nos
794 2577 1004 2649 itaque.
1040 2580 1262 2647 fratres,
1313 2582 1407 2652 qui
1464 2581 1594 2636 licet
1626 2581 2008 2652 corporalibus

416 2667 646 2717 utamur
691 2667 884 2725 oculis,
917 2669 1043 2722 caeci
1092 2676 1281 2724 tamen
1330 2687 1525 2724 sumus
1564 2671 1621 2724 in
1663 2671 1884 2737 anima;
1918 2671 2015 2741 qui

416 2754 778 2809 terrestribus
816 2757 984 2811 nimis
1022 2758 1245 2818 intenti,
1286 2776 1455 2830 prave
1497 2761 1887 2831 postponimus
1912 2776 2016 2813 coe-

417 2840 581 2895 lestia
610 2863 621 2896 :
654 2845 749 2914 qui
779 2848 1185 2917 temporalibus
1212 2849 1520 2917 inhiantes,
1552 2850 1691 2903 nihil
1722 2849 2017 2920 pendimus

419 2931 774 3002 spiritualia:
815 2952 928 3004 1am
972 2938 1057 2991 vel
1099 2954 1223 2991 sero
1273 2939 1441 3008 hujus
1493 2944 1744 3010 patrona:
1788 2944 2014 3004 nostra},

2052 445 2162 492 tem
2195 440 2390 493 sedulo
2431 440 2797 510 imploremus
2825 459 2837 493 :
2876 449 3048 512 utque
3078 441 3226 511 apud
3260 441 3530 502 divinam,
3566 442 3661 495 cui

2051 528 2479 597 infatigabiliter
2527 529 2841 595 deservivit,
2900 530 3274 599 majestatem,
3333 547 3432 600 pro
3497 530 3661 584 nobis

2055 618 2382 688 suppliciter
2410 618 2754 672 intercedere
2783 619 3065 689 dignetur,
3092 626 3462 674 retractemus
3487 620 3664 675 devo-

2056 712 2172 759 tam
2204 707 2261 759 in
2294 707 2384 759 Dei
2419 706 2694 760 famulatu
2722 706 2949 777 virginis
2978 708 3146 777 hujus
3168 708 3534 775 instantiam;
3558 704 3667 763 ad-

2060 796 2331 849 miremur
2351 799 2470 861 ejus
2494 796 2751 866 precibus
2771 796 3059 861 acclinem,
3083 804 3148 851 ut
3168 797 3251 850 ita
3269 798 3451 852 dicam
3475 799 3668 853 Salva-

2059 883 2200 937 toris
2230 883 2405 937 nostri
2436 884 2811 938 clementiam.
2832 884 3163 939 Audivimus
3195 886 3359 939 modo
3391 887 3527 957 quia
3553 903 3668 941 caa-

2062 990 2158 1027 cus
2204 974 2293 1026 hic
2337 974 2608 1037 Harveus,
2651 991 2776 1027 cum
2816 991 2986 1044 super
3032 975 3285 1029 caecitate
3319 992 3424 1029 sua
3453 976 3593 1029 nihil
3635 993 3670 1029 a

2062 1061 2266 1114 sanctis
2290 1065 2649 1131 impetrasset
2668 1061 2954 1131 apostolis,
2976 1078 3076 1132 per
3094 1062 3239 1117 hanc
3260 1070 3478 1117 tantam
3502 1064 3674 1134 virgi-

2062 1167 2191 1204 nem
2221 1150 2399 1203 visum
2432 1150 2677 1221 recepit:
2712 1151 3007 1204 credamus
3036 1156 3094 1204 et
3122 1168 3224 1206 nos
3252 1169 3354 1223 per
3383 1153 3669 1219 eamdem,

2068 1239 2320 1293 cordium
2348 1246 2669 1293 nostrorum
2691 1240 3019 1305 caecitatem,
3043 1240 3093 1294 si
3120 1239 3261 1295 bene
3287 1242 3617 1312 quaerimus,
3640 1258 3677 1295 a

2070 1330 2186 1383 Deo
2221 1345 2346 1382 vere
2366 1328 2692 1384 illuminari.
2708 1329 3038 1383 Audivimus
3064 1331 3437 1402 paralyticum
3461 1329 3679 1401 Grego-

2073 1418 2239 1485 rium,
2263 1418 2539 1489 paralysis
2557 1435 2691 1483 suae,
2716 1419 2821 1471 hac
2840 1418 3143 1485 mediante,
3165 1421 3477 1491 suscepisse
3499 1437 3680 1474 reme-

2072 1507 2263 1561 dium:
2287 1508 2580 1561 credamus
2611 1513 2670 1561 et
2695 1523 2817 1571 nos,
2850 1507 2898 1560 si
2927 1524 2993 1561 ex
3022 1508 3189 1562 corde
3216 1509 3673 1579 paenituerimus,

2012 1614 2174 1691 Bper
2209 1615 2334 1652 eam
2363 1598 2662 1663 sanandos,
2701 1598 2798 1668 qui
2828 1598 3108 1664 omnibus,
3142 1600 3282 1669 proh
3321 1599 3519 1653 dolor!
3553 1599 3678 1653 ani-

2079 1705 2183 1741 mae
2212 1687 2469 1742 destituti
2500 1686 2716 1750 ofﬁciis,
2750 1687 2896 1741 viam
2926 1687 3185 1741 incedere
3214 1688 3557 1759 pigritamur
3575 1689 3683 1743 vir-

2079 1783 2285 1832 tutum.
2301 1779 2565 1848 Legimus
2582 1777 2893 1847 lampades,
2918 1793 3055 1847 quas
3074 1777 3134 1831 in
3151 1779 3270 1848 ejus
3294 1779 3687 1833 exstinxerant

2082 1866 2346 1933 oratorio,
2399 1865 2583 1921 subito
2638 1866 2770 1936 igne
2814 1866 3196 1921 inﬂammatas
3230 1885 3245 1922 :
3288 1868 3592 1921 credamus
3629 1872 3689 1921 et

2081 1972 2183 2029 pro
2213 1961 2365 2010 certo
2395 1955 2721 2021 habeamus,
2755 1956 3080 2026 spirituales
3108 1957 3427 2011 animarum
3456 1963 3686 2011 nostra-

2083 2062 2211 2100 rum
2258 2045 2539 2110 tenebras,
2588 2045 2692 2098 hac
2742 2044 3154 2098 interveniente
3199 2045 3469 2100 divinitus
3525 2061 3688 2116 posse

2086 2135 2443 2189 inﬂammari.
2478 2136 2604 2188 Jam
2637 2150 2783 2199 vero,
2811 2133 3178 2200 dilectissimi,
3210 2135 3379 2188 corda
3406 2150 3538 2189 cum
3565 2151 3690 2188 ma-

2086 2223 2250 2277 nibus
2270 2224 2339 2276 ad
2368 2223 2667 2277 Dominum
2698 2223 2982 2291 erigamus
3003 2223 3060 2275 in
3088 2239 3220 2276 vera
3240 2222 3610 2287 confessione,
3630 2227 3693 2276 et

2086 2313 2146 2367 in
2168 2313 2585 2366 indissimulata
2599 2312 2927 2382 paenitentia
2949 2311 3317 2382 precibusque
3338 2311 3691 2366 multimodis

2088 2403 2286 2457 faciem
2317 2404 2439 2472 ejus
2469 2403 2905 2472 praeveniamus:
2930 2418 3041 2471 quo
3067 2401 3293 2471 virginis
3324 2401 3491 2470 hujus
3522 2400 3693 2455 meri-

2088 2492 2181 2554 tis,
2203 2508 2370 2561 quam
2394 2490 2552 2544 nobis
2572 2491 2864 2561 preposuit
2892 2491 2947 2543 in
2968 2490 3305 2560 exemplum,
3328 2506 3564 2560 quaeque
3588 2505 3691 2560 pro

2092 2581 2141 2650 ej
2152 2597 2215 2634 us
2243 2597 2373 2634 vera
2398 2579 2697 2633 dilectione
2723 2580 3030 2633 carnalium
3055 2578 3334 2632 abdicavit
3356 2578 3570 2631 foedera
3591 2593 3693 2631 nu-

2095 2669 2363 2740 ptiarum,
2396 2669 2554 2739 gravi
2588 2686 2690 2722 nos
2729 2677 2923 2723 exutos
2966 2685 3215 2739 corpore,
3258 2667 3550 2738 unigenito
3580 2668 3700 2721 ﬁlio

2097 2774 2198 2812 suo
2231 2759 2453 2813 Christo
2483 2758 2719 2811 Domino
2748 2764 2941 2811 nostro
2981 2758 3375 2828 concorporari
3405 2756 3701 2822 concedat,

2098 2848 2158 2901 in
2190 2848 2399 2902 caelesti
2431 2847 2661 2917 collegio
2693 2853 3012 2901 sanctorum
3040 2847 3390 2917 angelorum,
3413 2863 3517 2918 per
3545 2862 3708 2900 eum-

2101 2938 2228 2992 dem
2258 2938 2545 2993 Christum
2570 2936 2872 2991 Dominum
2901 2940 3177 2990 nostrum.
3208 2936 3408 2990 Amen.

2014 3135 3713 3159 Μ

1493 3312 2110 3423 ΒΑΒΒΟΒΙ
2170 3311 2627 3424 SERMO

1024 3539 1127 3605 DE
1171 3538 1832 3606 ANNUNTIATIONE
1880 3538 2169 3604 REATE.
2215 3539 2495 3605 MAPJIE
2540 3539 2887 3607 VIRGINIS
2940 3539 3098 3629 (22).

1348 3727 1518 3796 (Acies
1546 3728 1609 3781 de
1640 3730 1695 3783 la
1724 3730 1988 3783 Province
2007 3729 2185 3781 eccm.
2214 3727 2278 3780 de
2306 3728 2503 3789 Reims,
2539 3726 2612 3794 ΙΙ,
2643 3725 2796 3797 100.)

1033 4015 1222 4056 LEGTIO
1258 4001 1463 4057 pam.’

510 4107 860 4173 Audivimus,
903 4108 1108 4163 fratres
1155 4109 1521 4174 dilectissimi,
1553 4112 1833 4180 pastorem
1874 4107 2035 4161 illum

440 4198 627 4253 ovium
651 4198 720 4251 de
740 4197 833 4251 vili
855 4203 913 4252 et
931 4197 1121 4252 servili
1146 4199 1332 4252 ovium
1353 4199 1606 4252 custodia
1634 4198 1693 4250 in
1717 4196 1873 4265 regni
1895 4196 2036 4250 solio

442 4288 709 4343 divinitus
738 4286 1125 4345 sublimatum.
1164 4288 1377 4353 David,’
1394 4289 1645 4359 inquam,
1682 4287 2033 4357 prophetam,

442 4377 556 4431 imo
576 4376 928 4449 psalmistam
946 4377 1325 4446 magniﬁcum,
1346 4377 1413 4431 ad
1429 4377 1529 4430 Dei
1548 4376 1902 4445 magniﬁcam
1921 4376 2039 4428 lau-

444 4467 572 4521 dem
592 4466 810 4520 intente
835 4466 1024 4520 omnia
1042 4466 1370 4519 invitantem
1392 4482 1519 4519 cum
1539 4466 1597 4518 in
1619 4471 1866 4519 extremo
1888 4465 2035 4534 psal-

444 4572 667 4609 morum
699 4554 868 4608 dicit:
899 4573 924 4606 «
949 4555 1145 4610 Omnis
1174 4555 1410 4625 spiritus
1439 4555 1627 4608 laudet
1658 4554 1979 4607 Dominum.
2011 4572 2033 4604 ι

445 4643 681 4697 Dixerat
709 4644 936 4713 quidem
962 4646 1021 4697 in
1052 4645 1247 4697 eodem
1275 4645 1488 4714 psalmo
1510 4643 1769 4714 superius
1794 4661 1804 4695 :
1842 4663 1863 4693 ι
1899 4643 2041 4696 Lau-

446 4733 577 4787 date
624 4733 925 4787 Dominum
975 4735 1034 4787 in
1090 4734 1296 4787 sanctis
1345 4735 1486 4803 ejus.
1531 4751 1558 4786 ι)
1600 4735 1871 4787 Hortatur
1907 4748 2039 4803 ergo

446 4822 741 4894 psalmista
777 4823 951 4876 David
1001 4824 1218 4877 laudari
1248 4824 1550 4878 Dominum
1576 4824 1633 4877 in
1659 4823 1864 4877 sanctis
1901 4822 2037 4887 suis,

446 4929 649 4984 corpus
671 4912 932 4965 videlicet
957 4912 1014 4966 in
1046 4912 1327 4975 membris,
1354 4914 1654 4967 Dominum
1681 4914 1736 4966 in
1760 4913 1953 4977 servis,
1983 4911 2043 4965 in

446 5008 707 5058 creatura
737 5003 1078 5065 Creatorem,
1117 5003 1172 5056 in
1220 5003 1492 5057 militibus
1534 5019 1745 5073 regem,
1778 5002 1836 5055 in
1867 5000 2036 5055 disci-

444 5093 592 5165 pulis
626 5092 978 5162 magistrum,
1017 5092 1076 5145 in
1113 5092 1201 5145 his
1231 5109 1353 5162 qure
1386 5092 1662 5153 videntur,
1705 5090 2041 5144 invisibilem

447 5184 769 5238 Creatorem
803 5182 1054 5236 omnium
1086 5189 1337 5235 nostrum
1392 5183 1471 5235 Ad
1507 5183 1675 5252 hujus
1715 5181 1882 5233 etiam
1918 5181 2041 5233 lau-

444 5273 699 5328 dationes
740 5289 963 5327 onmem
995 5289 1215 5343 quoque
1248 5272 1509 5343 spiritum
1537 5271 1754 5335 invitat,
1791 5269 2039 5323 rationa-

2117 3995 2254 4050 bilia
2298 3996 2512 4051 scilicet
2548 3995 2826 4067 brutaque
2872 3993 3138 4048 animalia
3171 4012 3185 4061 ;
3244 3997 3305 4047 et
3346 3991 3519 4046 bruta
3562 3991 3721 4045 enim

2117 4087 2295 4140 Deum
2319 4086 2656 4149 collaudant,
2681 4102 2809 4140 cum
2829 4100 2931 4138 suo
2959 4084 3208 4155 ipsorum
3233 4083 3364 4152 jure
3392 4087 3617 4135 natura:
3637 4096 3725 4134 se-

2118 4176 2361 4229 cundum
2410 4176 2657 4228 divinam
2704 4172 3125 4245 dispositionem
3179 4171 3418 4226 Domino
3473 4170 3724 4224 creatori

2119 4264 2525 4335 obtemperant.
2561 4263 2850 4318 Laudatur
2876 4262 3153 4333 siquidem
3186 4261 3457 4315 Dominus
3486 4260 3546 4313 in
3594 4275 3715 4313 san-

2118 4354 2221 4407 ctis
2246 4354 2382 4419 suis,
2409 4370 2534 4408 cum
2555 4369 2655 4424 per
2683 4369 2777 4406 eos
2798 4367 3056 4422 operans,
3080 4350 3251 4405 corda
3275 4349 3556 4403 illuminat
3589 4366 3727 4420 per-

2120 4444 2380 4508 ﬁdorum,
2429 4443 2691 4496 virtutem
2746 4441 2986 4510 largitur
3037 4439 3457 4504 miraculorum,
3519 4454 3727 4492 eorum

2120 4532 2402 4587 beneﬁciis
2447 4531 2659 4585 inﬁrmi
2701 4535 3110 4590 sustentantur,
3154 4535 3213 4583 et
3260 4527 3727 4598 praevaricatione

2122 4622 2304 4693 prima
2328 4638 2362 4674 a
2380 4621 2641 4692 paradiso
2663 4619 2882 4691 expulsi
2904 4618 3263 4690 postmodum
3283 4616 3528 4671 caelestis
3554 4617 3727 4687 regni

2122 4711 2375 4766 haeredes
2400 4715 2750 4765 revocantur.

2684 4876 2833 4916 LECT]
2841 4875 2875 4915 Ο
2905 4877 3165 4916 SECUNDA.

2197 4998 2336 5051 Cum
2366 4997 2679 5067 ergo,sicut
2705 4995 2915 5050 dictum
2947 5000 3051 5060 est,
3072 4994 3131 5047 in
3159 4993 3369 5048 sanctis
3398 4992 3517 5047 suis
3538 4992 3739 5047 Domi-

2126 5103 2259 5140 num
2290 5087 2525 5140 suadeat
2553 5085 2791 5148 laudari,
2817 5084 2875 5138 in
2905 5101 2972 5138 ea
3000 5090 3058 5138 et
3087 5100 3186 5154 per
3214 5099 3337 5136 eam
3371 5098 3499 5135 eum
3528 5081 3738 5152 praeci-

2125 5193 2234 5247 pue
2282 5175 2443 5229 docet
2497 5175 2757 5229 honorari
2815 5191 2915 5244 per
2958 5189 3128 5242 quam
3175 5172 3425 5243 ipsorum
3469 5171 3738 5224 omnium

2125 5272 2447 5320 sanctorum
2478 5263 2880 5335 redemptionis
2908 5278 3132 5316 summa
3160 5260 3450 5333 processit,
3484 5261 3738 5313 sanctis-

519 5466 620 5525 (22)
656 5469 730 5522 Ce
759 5485 983 5522 sermon
1015 5486 1074 5521 se
1102 5468 1256 5521 lisait
1279 5466 1565 5534 autretois,
1600 5482 1670 5519 en
1696 5464 1873 5518 forme
1901 5464 1970 5518 de
2009 5465 2217 5531 lecons,
2236 5479 2357 5533 oaux
2385 5461 2627 5516 matines
2656 5460 2726 5515 de
2754 5458 3233 5520 l’Annonciation.
3265 5457 3405 5512 dans
3436 5456 3733 5528 plusieurs

444 5537 644 5609 égliscs
671 5540 749 5595 du
777 5540 999 5595 diocese
1028 5540 1099 5594 de
1127 5542 1347 5611 Noyou.
