4056 6188
314 284 454 343 1529

1365 292 1604 349 SERMO
1642 293 1736 349 DE
1771 294 2098 351 ANNUNT.
2142 295 2210 350 B.
2251 294 2524 352 MARL‘E.

3445 294 3589 352 1530

307 409 454 464 sima
479 407 736 464 videlicet
777 409 956 465 Maria
983 414 1254 482 genitrice
1283 415 1505 471 Domini
1543 418 1717 473 nostri
1752 418 1889 474 Jesu
1907 421 1958 480 Α
1979 419 2077 474 Dei
2106 436 2172 474 ex
2201 421 2413 491 Spiritu
2439 424 2652 484 sancto,
2685 419 2830 474 filius
2863 417 3107 472 hominis
3130 417 3361 487 virginis
3397 418 3578 474 factus

309 499 538 561 Christi,
565 517 688 570 quae
711 501 782 554 ad
807 503 1184 558 enervandam
1243 507 1439 560 mortis
1467 508 1808 574 violentiam,
1839 511 1910 564 ad

308 589 716 643 restituendam
748 589 908 644 nobis
930 593 1086 662 regni
1102 595 1342 648 cmlestis
1355 596 1737 652 haereditatem
1756 601 1909 671 virgo

309 678 582 748 concepit,
609 678 930 748 virginitate
977 689 1238 736 manente
1288 685 1525 754 peperit,
1572 687 1909 758 virginitatis

310 765 558 835 sigillum
590 783 702 821 non
723 768 781 820 in
809 777 1102 840 conceptu,
1136 787 1247 825 non
1276 773 1332 826 in
1370 782 1555 844 partu,
1591 793 1693 829 nec
1737 777 1907 830 etiam

308 862 440 925 post
467 862 691 925 partum
722 856 928 911 amisit.
967 859 1110 913 Mira
1137 867 1194 914 et
1221 860 1602 918 inefl‘abiliDei
1624 865 1910 936 dispensa-

313 943 484 1002 tione,
502 960 629 998 caro
656 947 924 1014 proressit
958 964 1022 1001 ex
1053 965 1220 1004 carne
1251 951 1623 1006 nullacarnali
1655 971 1911 1025 procrea-

311 1037 373 1086 ta
392 1033 802 1088 commistione.
831 1035 974 1099 Quid
1003 1054 1156 1108 ergo.
1180 1040 1382 1094 fratres
1405 1061 1417 1106 ;
1445 1043 1639 1097 audiat
1666 1044 1910 1099 charitas

311 1127 520 1184 vestra,
555 1123 701 1192 quod
753 1124 960 1179 refutat
1017 1128 1262 1196 pravitas
1319 1130 1728 1198 haereticorum,
1762 1134 1910 1202 quod

312 1209 646 1264 contradicit
690 1212 990 1268 infidelitas
1038 1216 1379 1283 Judaeorum,
1431 1221 1578 1290 quod
1633 1238 1697 1274 ex
1744 1223 1911 1277 corde

312 1300 541 1354 credere
562 1307 783 1370 oportet
816 1304 1145 1360 catholicam
1204 1308 1504 1363 Ecclesiam
1561 1310 1909 1366 Christiano-

313 1405 462 1442 rum.
498 1389 864 1446 Sanctissima
886 1394 1164 1465 siquidem
1195 1397 1351 1468 virgo
1391 1399 1586 1458 Maria,
1621 1401 1768 1455 sicut
1814 1419 1909 1457 vos

314 1479 541 1533 credere
565 1495 676 1534 non
707 1481 1030 1548 diffidimus,
1065 1485 1134 1539 de
1165 1487 1340 1557 regali
1372 1487 1522 1542 tribu
1567 1495 1710 1552 orta,
1744 1491 1908 1545 hodie

314 1568 560 1623 salutata
589 1577 676 1624 est
708 1571 778 1625 ab
825 1575 1043 1644 angelo,
1097 1577 1260 1630 hodie
1319 1581 1574 1651 concepit
1628 1580 1686 1635 in
1733 1587 1912 1649 utero,

1994 509 2049 562 in
2074 515 2253 568 utero.
2278 525 2639 580 processurus
2660 508 2789 562 inde
2818 513 3092 578 tanquam
3120 523 3359 578 sponsus
3380 508 3448 562 de
3468 509 3588 562 tha-

1991 597 2140 651 lamo
2161 616 2281 652 suo.
2300 599 2443 662 Quid
2470 598 2538 652 ad
2561 599 2678 652 hzec
2705 596 3285 666 tibi,Maria,cogitas?
3301 597 3445 661 Quid
3466 613 3588 651 ma-

1990 691 2079 740 ter
2106 686 2367 741 inviolata
2397 693 2580 741 tecum
2614 686 2916 740 retractas?
2944 687 3080 754 Age,
3105 686 3201 756 qui
3230 686 3470 739 credunt
3485 687 3589 740 Do-

1991 776 2208 830 minicae
2248 776 2680 830 Annuntiationi
2717 775 3110 845 congaudeant
3155 781 3362 829 sanctae
3419 775 3590 845 hujus

1991 867 2250 936 puellulae
2279 865 2649 920 devotissimae
2679 864 3082 935 responsionim
3107 864 3265 926 Ecce,
3286 864 3596 934 inquit,an-

1990 958 2119 1012 cilla
2140 959 2379 1012 Domini.
2413 979 2437 1011 ι)
2482 959 2654 1028 Virgo
2693 975 2752 1011 es
2777 975 2876 1012 nec
2907 957 3026 1011 viro
3072 957 3369 1012 humiliata
3410 966 3592 1013 mater

1993 1048 2236 1118 eligeris,
2269 1048 2540 1102 matribus
2563 1047 2926 1118 praeferenda,
2975 1053 3158 1101 mater
3188 1048 3493 1102 Salvatoris
3535 1054 3592 1102 et

1993 1137 2161 1207 regis,
2192 1145 2245 1192 et
2277 1144 2332 1191 te
2371 1138 2630 1191 ancillam
2652 1137 2950 1208 profiteris.
2999 1137 3302 1191 Humilitas
3334 1153 3462 1191 vera
3483 1138 3588 1191 hu-

1992 1225 2290 1279 militatem
2321 1232 2477 1280 tuam
2500 1226 2762 1296 respexit,
2806 1242 2871 1279 ex
2896 1231 2952 1279 te
2998 1225 3149 1279 enim
3203 1226 3350 1280 exiet
3396 1231 3590 1280 sancta

1991 1315 2087 1368 illa
2117 1315 2405 1369 humilitas
2434 1316 2504 1368 ad
2535 1316 2693 1385 cujus
2717 1315 3014 1385 imperium
3042 1315 3223 1369 omnis
3249 1319 3376 1368 ruet
3397 1331 3589 1385 super-

1990 1403 2100 1465 bia,
2134 1411 2300 1459 ruent
2318 1410 2491 1476 porta:
2513 1405 2842 1459 inferorum.
2866 1410 2920 1457 et
2953 1404 3142 1457 ﬁdeles
3173 1421 3302 1458 suos
3333 1403 3583 1458 introdu-

1989 1499 2074 1547 cet
2103 1493 2172 1547 ad
2217 1510 2390 1563 regna
2417 1494 2706 1557 caelorum,
2735 1512 2760 1543 «
2787 1493 2942 1556 Ecce,
2974 1491 3160 1562 inquit
3187 1491 3592 1558 Maria,ancilla

1999 1583 2239 1637 Domini.
2290 1604 2315 1634 ι)
2349 1583 2487 1637 Cum
2519 1599 2578 1636 se
2607 1583 2773 1652 hujus
2806 1587 3004 1653 sponte
3044 1583 3345 1635 confitetur
3390 1580 3585 1634 condi-

317 1655 653 1714 obumbrata
676 1667 762 1716 est
791 1662 956 1717 hodie
985 1681 1019 1718 a
1045 1665 1254 1736 Spiritu
1285 1676 1478 1722 sancto
1500 1688 1511 1735 ;
1532 1670 1615 1724 ait
1643 1671 1790 1724 enim
1821 1688 1961 1742 an-_
1995 1671 2185 1736 tionis,
2216 1688 2324 1726 non
2345 1671 2590 1742 abnegat
2616 1688 2675 1724 se
2698 1670 3001 1724 Dominicze
3015 1672 3143 1740 jure
3155 1669 3382 1724 subesse
3405 1669 3590 1724 domi—

318 1745 479 1814 gelus
507 1747 577 1800 ad
611 1765 732 1802 eam
760 1769 770 1803 :
808 1768 833 1801 «
857 1752 989 1815 Ave,
1006 1754 1202 1817 Maria,
1219 1755 1403 1824 gratia
1425 1757 1588 1827 plena
1612 1777 1624 1824 ;
1645 1758 1914 1815 Dominus
1931 1739 1978 1800 B
1996 1761 2242 1814 nationi-
2276 1781 2298 1810 ι
2325 1739 2706 1830 Ecce,inquit,
2741 1759 2945 1813 ancilla
2968 1739 3213 1825 Domini,
3236 1759 3334 1812 ﬂat
3357 1757 3594 1812 mihise-

316 1839 525 1902 tecum,
556 1836 849 1896 benedicta
876 1846 936 1895 tu
967 1842 1026 1896 in
1050 1844 1395 1900 mulieribus.
1422 1864 1450 1898 ι

899 1948 1084 1986 LECTIO
1122 1949 1312 1988 TERTIA
1323 1977 1334 1988 .

393 2014 750 2071 Benedictam
788 2019 1060 2090 virginem
1092 2021 1148 2075 in
1179 2024 1526 2086 mulieribus.
1567 2027 1623 2080 id
1655 2032 1738 2082 est
1768 2027 1916 2083 inter

1995 1850 2241 1902 cundum
2271 1849 2497 1902 verbum
2529 1856 2709 1903 tuum.
2746 1872 2766 1895 ο
2794 1848 2916 1902 Fiat
2944 1848 3106 1907 illud.
3137 1847 3381 1918 optantis
3410 1853 3496 1901 est
3533 1852 3590 1901 et

1997 1955 2109 1992 non
2139 1938 2624 2009 imperantis.Fiat
2649 1943 2712 1992 ut
2730 1937 3122 2009 Redemptoris
3149 1937 3328 1991 nostri
3351 1952 3590 2008 praesen-

1999 2028 2080 2082 tia
2117 2045 2217 2100 per
2267 2045 2355 2081 me
2387 2028 2710 2081 ancillulam
2741 2044 2899 2081 suam
2932 2026 3048 2081 suis
3090 2025 3385 2080 subveniat
3418 2025 3591 2079 fideli-

320 2103 604 2170 mulieres,
639 2108 972 2165 confitetur:
1004 2128 1127 2181 quae
1159 2129 1220 2166 se
1264 2122 1387 2183 post
1421 2117 1914 2171 annuntiationem
1997 2117 2103 2171 bus
2133 2134 2271 2187 quos
2299 2117 2570 2170 hactenus
2595 2115 2882 2170 diabolicae
2901 2115 3070 2169 sortis
3093 2114 3383 2168 absorbuit
3401 2113 3592 2167 interi-

318 2198 486 2260 partu
516 2193 687 2249 divini
711 2202 982 2268 tanquam
1012 2201 1210 2254 devota
1269 2209 1324 2255 et
1370 2203 1597 2258 humilis
1647 2207 1912 2260 ancillam
1997 2211 2108 2271 tus,
2141 2206 2414 2260 diabolica
2454 2205 2756 2260 trucidavit
2783 2205 3061 2265 ferocitas,
3093 2210 3150 2257 et
3168 2203 3237 2257 ad
3253 2203 3516 2257 ultimum
3533 2202 3591 2256 in

318 2295 381 2333 se
410 2283 655 2351 profiteri
689 2301 798 2340 non
843 2297 1084 2346 veretur.
1131 2309 1156 2341 α
1195 2291 1263 2344 Et
1307 2291 1656 2358 benedictus,
1705 2295 1910 2365 inquit,
1994 2296 2212 2350 inferno
2241 2295 2493 2349 inferiori
2525 2295 2898 2364 malignorum
2927 2293 3227 2364 spirituum
3257 2289 3594 2344 insatiabilis

317 2365 532 2423 fructus
560 2373 768 2427 ventris
797 2375 898 2429 tui.
935 2395 961 2428 ο
999 2378 1358 2434 Benedictum
1405 2382 1650 2436 fructum
1706 2384 1913 2438 ventris
1995 2384 2293 2453 deglutivit
2314 2383 2601 2436 voracitas.
2633 2382 2722 2436 Sic
2750 2382 2940 2452 itaque
2973 2397 3135 2434 verus
3166 2379 3279 2433 veri
3302 2377 3400 2433 Dei
3419 2378 3592 2432 Filius

318 2458 442 2526 ejus
475 2461 759 2529 praedicit:
791 2481 891 2533 per
913 2483 1038 2520 eum
1074 2467 1222 2522 enim
1247 2471 1413 2540 primi
1455 2473 1704 2542 parentis
1743 2475 1913 2527 male-
1995 2473 2364 2526 annuntiatus
2385 2472 2455 2524 ab
2484 2471 2704 2541 angelo,
2736 2469 2965 2539 virginis
2991 2467 3155 2521 hodie
3185 2472 3486 2536 conceptus
3507 2469 3594 2518 est

317 2545 559 2604 dictione
595 2551 798 2617 deleta,
833 2555 887 2608 in
919 2572 1082 2610 omne
1107 2575 1285 2627 genus
1314 2562 1660 2615 credentium
1684 2563 1912 2617 benedi-
1996 2561 2052 2614 in
2085 2567 2264 2618 utero.
2300 2561 2448 2614 unde
2470 2566 2526 2613 et
2555 2558 2821 2613 festivitas
2851 2559 2967 2612 haec
2991 2556 3262 2610 hodierna
3281 2553 3594 2609 Annuntia-

320 2637 429 2690 ctio
470 2637 848 2697 benedicenda
900 2645 1206 2700 descendit.
1243 2649 1310 2702 Et
1364 2667 1488 2703 vere
1537 2651 1912 2707 benedicenda
1995 2651 2074 2704 tio
2105 2649 2327 2704 Domini
2351 2658 2438 2703 est
2464 2649 2772 2703 nominata.

320 2741 444 2796 quae
465 2727 717 2798 dispersa
737 2742 1060 2804 congregat,
1091 2736 1266 2791 fracta
1285 2739 1594 2794 consolidat
1613 2747 1669 2795 et
1695 2742 1912 2812 perdita
2563 2749 2753 2791 LEC'rio
2803 2752 3020 2796 QUINTA.

319 2821 601 2872 restaurat
627 2818 924 2876 {Indicibili
964 2832 1151 2878 autem
1183 2827 1557 2883 admiratione
1597 2831 1821 2885 visionis
1858 2837 1916 2886 et
2068 2829 2130 2882 In
2161 2828 2267 2881 hac
2289 2826 2465 2897 igitur
2492 2833 2685 2880 sancta
2715 2824 3058 2880 celebritate.
3085 2824 3289 2878 fratres
3326 2823 3592 2878 charissi-

229 2981 236 2986 .
321 2905 677 2962 salutationis
704 2913 970 2981 angelica:
992 2913 1146 2985 virgo
1176 2916 1421 2985 turbata,
1454 2919 1712 2973 humana;
1750 2921 1914 2991 fragi-
1997 2916 2505 2987 mi,redemptionis
2531 2921 2738 2970 nostra:
2770 2914 3044 2986 principia
3065 2913 3593 2976 veneremur,devo-

322 2995 500 3088 litatis
528 2997 889 3072 subreptiune
937 3003 1352 3074 aliquantulum
1399 3008 1744 3068 tremefacta.
1779 3011 1912 3081 quid
1938 3007 2242 3088 ntissimas
2263 3005 2577 3059 animarum
2595 3012 2931 3088 .nostrarum
2965 3003 3179 3057 hostias
3207 3004 3320 3057 Deo
3349 3002 3594 3057 devotis-

319 3085 473 3139 intra
495 3105 555 3142 se
575 3091 920 3158 cogitaverit,
955 3095 1156 3164 quidve
1189 3097 1247 3149 in
1274 3097 1441 3150 corde
1480 3114 1581 3151 suo
1625 3099 1916 3153 revolverit
1938 3085 2138 3150 l“sime
2168 3096 2558 3158 offeramus,ut
2588 3085 2654 3147 ad
2688 3094 2976 3165 promissae
3006 3092 3376 3164 reparationis
3389 3097 3594 3146 sanctae

318 3174 566 3230 divinum
593 3179 751 3233 illum
781 3190 1149 3254 symmystam
1190 3201 1302 3239 non
1357 3185 1570 3250 fefellit,
1612 3204 1915 3259 paranym-
1998 3184 2354 3240 sanctissima
2381 3184 2586 3254 gaudia
2619 3200 2718 3254 per
2773 3183 3032 3236 eumdem
3091 3180 3374 3236 Christum
3413 3181 3596 3235 securi

316 3263 494 3334 phum
523 3268 836 3337 angelicum
865 3271 1039 3326 latere
1059 3290 1170 3327 non
1187 3274 1416 3344 potuit.)
1442 3276 1562 3329 Imo
1580 3276 1648 3330 ad
1673 3278 1918 3346 cogitata
1998 3274 2287 3346 pervenire
2308 3275 2592 3326 valeamus
2608 3317 2617 3329 .
2633 3273 2814 3342 Hujus
2841 3273 3033 3343 itaque
3060 3271 3377 3325 festivitatis
3395 3271 3596 3325 solem-

316 3357 588 3424 tanquam
618 3357 689 3411 ad
720 3359 1076 3416 manifestata
1105 3364 1520 3434 respondit.Ait
1539 3365 1710 3429 enim,
1730 3366 1917 3421 Times
2000 3362 2094 3416 nia
2116 3369 2268 3416 certo
2296 3363 2353 3415 in
2375 3362 2634 3426 termino,
2666 3367 2859 3415 octavo
2905 3360 3161 3415 videlicet
3212 3360 3593 3415 Kalendarum

315 3443 517 3514 virgo?
539 3463 610 3499 ne
629 3447 827 3502 timeas
851 3469 866 3518 ;
898 3451 1126 3506 turbata
1140 3469 1197 3506 es
1221 3453 1245 3506 ?
1274 3470 1343 3507 ne
1374 3454 1634 3508 turberis.
1661 3455 1914 3510 Gratiam

317 3534 466 3603 apud
487 3535 788 3591 Dominum
810 3538 1087 3602 invenisti,
1124 3559 1224 3613 per
1279 3560 1447 3613 quam
1499 3549 1556 3598 et
1589 3543 1914 3599 benedictus

317 3630 404 3675 est
429 3623 642 3679 fructus
671 3629 878 3682 ventris
903 3630 1039 3683 tui.c
1069 3629 1211 3685 Ecce
1234 3633 1382 3685 enim
1414 3633 1708 3704 concipies,
1737 3641 1792 3688 et
1819 3651 1913 3705 pa-

315 3710 428 3764 ries
453 3713 654 3778 filium,
687 3722 744 3769 et
762 3717 983 3771 vocabis
1007 3735 1214 3774 nomen
1244 3723 1367 3791 ejus
1391 3723 1602 3788 Jesum,
1639 3741 1666 3774 ι
1717 3723 1775 3777 id
1825 3730 1913 3777 est

319 3798 686 3869 Salvatorem,
719 3805 1064 3862 Salvatorem
1098 3808 1356 3864 videlicet
1382 3811 1632 3866 omnium
1655 3829 1906 3867 suorum.

2001 3450 2232 3522 Aprilis,
2268 3451 2414 3505 sicut
2435 3451 2810 3522 praediximus,
2832 3451 3074 3505 visitatio
3103 3450 3353 3520 angelica
3377 3449 3595 3503 dedica-

1997 3539 2095 3603 vit,
2120 3540 2362 3611 Spiritus
2386 3540 2560 3594 sancti
2589 3539 2944 3594 obumbratio
2973 3540 3337 3600 consecravit,
3367 3546 3592 3593 sancto-

1994 3645 2120 3682 rum
2140 3629 2372 3684 Patrum
2403 3629 2708 3683 auctoritas
2726 3629 2782 3682 in
2815 3629 3012 3683 eodem
3043 3634 3238 3682 sancto
3269 3627 3486 3699 Spiritu
3503 3642 3589 3681 ce-

1993 3717 2320 3773 lebrandam
2349 3719 2720 3773 confirmavit.
2746 3718 2852 3773 Sed
2885 3719 3017 3789 quia
3047 3719 3380 3789 plerumque
3399 3715 3596 3771 diebus

1991 3807 2292 3862 Dominicae
2326 3808 2608 3862 Passionis
2639 3808 2754 3862 sive
2791 3807 3258 3869 Resurrectionis,
3292 3807 3350 3860 in
3389 3804 3592 3878 quibus

316 3889 403 3942 Ad
433 3890 578 3945 hanc
614 3894 1048 3951 consolationem
1091 3899 1400 3969 angelicam
1452 3900 1606 3971 virgo
1662 3903 1911 3971 puellula
1992 3897 2266 3950 memoria
2294 3903 2616 3951 sanctorum
2648 3897 2770 3951 ﬁeri
2814 3897 3165 3968 prohibetur,
3189 3912 3313 3950 eam
3361 3895 3598 3965 contigit

315 3979 610 4048 Paululum
635 3984 937 4054 respirans,
973 3986 1247 4042 submisso
1279 3989 1431 4043 vultu
1461 4005 1470 4045 :
1495 3990 1803 4054 Quomodo,
1830 3991 1910 4044 in-
1992 3985 2259 4048 evenisse,
2305 4001 2338 4037 a
2385 3985 2595 4039 sanctis
2640 3985 2919 4042 Patribus.
2945 3986 3003 4038 in
3046 3985 3288 4056 quodam
3337 3983 3596 4038 Ecclesiae

321 4067 464 4138 quit,
493 4070 589 4124 fiet
618 4078 682 4124 ut
704 4074 941 4143 pariam.
967 4092 1089 4146 quae
1107 4078 1358 4148 pariendi
1378 4095 1665 4149 nunquam
1686 4087 1914 4150 experta
1994 4075 2276 4128 Toletanee
2309 4074 2542 4128 concilio
2571 4074 2888 4137 didicimus,
2922 4079 3196 4128 statutum
3218 4089 3339 4127 esse
3368 4087 3436 4126 xv
3465 4072 3593 4128 Kal.

319 4173 444 4210 sum
475 4162 791 4216 materiam.
826 4164 1534 4235 Puerperiidelectamenta
1550 4185 1661 4222 non
1687 4170 1914 4240 pertuli,
1995 4162 2252 4216 Januarii
2283 4164 2501 4233 quoties
2530 4163 2608 4216 sic
2639 4163 2887 4216 evenerit
2913 4163 3241 4218 solemniter
3290 4161 3596 4215 reforman-

320 4248 620 4304 muliebria
650 4253 804 4306 nullo
835 4256 999 4308 modo
1029 4273 1294 4326 perpessa
1311 4274 1460 4325 sum,
1481 4257 1661 4311 virum
1685 4258 1917 4328 insuper
1997 4252 2146 4306 dam.
2181 4252 2470 4316 Quatenus
2489 4258 2546 4306 et
2563 4252 2681 4306 dies
2704 4252 2976 4306 Dominici
3007 4269 3072 4306 ex
3100 4251 3290 4305 debito
3314 4249 3598 4304 celebren-

318 4352 432 4390 non
461 4340 716 4408 cognovi?
736 4341 901 4406 Quid,
920 4343 1103 4414 inquit
1130 4346 1381 4415 angelus,
1410 4346 1619 4400 frustra
1649 4348 1915 4417 expaves?
1999 4346 2110 4407 tur,
2145 4347 2201 4395 et
2228 4346 2433 4395 sanctae
2464 4341 2925 4395 Annuntiationis
2956 4339 3316 4394 devotissima
3333 4339 3598 4393 solemni-

315 4425 633 4480 mirabilem
663 4429 994 4484 mirabiliter
1007 4433 1302 4503 concipies,
1327 4435 1460 4504 quia
1483 4453 1508 4485 «
1535 4436 1777 4506 Spiritus
1789 4426 1976 4490 san-D
1994 4437 2082 4484 tas
2112 4447 2220 4485 non
2253 4432 2590 4502 negligatur.
2619 4431 2692 4484 Ex
2713 4431 2816 4484 hac
2835 4431 3010 4500 igitur
3031 4429 3432 4484 constitutione
3446 4445 3594 4483 anno

313 4520 438 4569 ctus
468 4519 828 4588 superveniet
848 4519 904 4573 in
935 4528 1009 4585 te,
1044 4527 1101 4574 et
1129 4521 1303 4575 virtus
1320 4522 1909 4579 Altissimiobumbra-
1996 4521 2300 4575 Dominicze
2348 4522 2625 4575 lncarnat.
2674 4518 2796 4576 lO8l
2862 4526 2993 4574 ante
3041 4519 3364 4573 Palmarum
3419 4519 3590 4585 diem,

311 4603 395 4658 bit
419 4605 550 4659 tibi:
583 4609 729 4677 quod
760 4609 908 4662 enim
941 4625 1006 4662 ex
1033 4615 1088 4663 te
1116 4616 1381 4665 nascetur
1424 4619 1702 4681 sanctum,
1751 4630 1914 4667 voca-

309 4693 465 4748 bitur
492 4696 666 4750 Filius
695 4698 814 4751 Dei.
847 4718 871 4751 »
908 4699 1199 4764 Nascetur,
1239 4701 1440 4771 inquit,
1473 4702 1913 4766 Sanctum.Quid

309 4786 612 4839 sanctum?
654 4787 920 4842 Sanctum
969 4794 1310 4856 sanctorum,
1344 4791 1478 4860 quid
1525 4796 1610 4845 est
1654 4798 1910 4846 sanctum

313 4875 677 4928 sanctorum?
723 4876 921 4943 Filius,
955 4877 1155 4948 inquit,
1191 4879 1311 4934 Dei.
1345 4879 1390 4934 Ο
1424 4879 1720 4949 promissio
1760 4880 1910 4934 desi-

313 4961 532 5026 derata,
552 4965 840 5036 conceptio
861 4965 1239 5032 immaculata,
1265 4972 1458 5038 partus
1483 4967 1833 5024 admirabilis
1856 4977 1913 5025 et

312 5052 580 5106 salutaris
595 5053 608 5105 !

879 5157 1072 5198 LECTIO
1113 5159 1357 5205 QUABTA.

390 5231 596 5284 Prima
625 5231 841 5302 parenti
873 5240 1076 5287 nostra:
1122 5235 1331 5288 dictum
1383 5241 1500 5289 est:
1539 5256 1561 5286 α
1598 5235 1663 5291 In
1722 5238 1915 5292 dolore

314 5320 614 5390 concipies.
641 5327 697 5374 et
717 5322 936 5392 paries;
977 5342 998 5371 ι
1034 5324 1398 5378 sanctissimae
1459 5331 1647 5379 autem
1701 5326 1912 5380 dictum

315 5416 400 5464 est
425 5410 676 5480 Virgini:
715 5429 740 5462 ε
774 5411 968 5465 Virtus
1005 5413 1272 5466 Altissimi
1307 5413 1664 5468 obumbrabit
1716 5414 1847 5481 tibi;
1888 5440 1908 5462 η

313 5499 460 5553 sicut
479 5500 627 5553 enim
661 5501 849 5570 pluvia
879 5502 935 5556 in
968 5502 1160 5562 vellus,
1193 5503 1273 5556 sic
1323 5503 1378 5556 in
1421 5509 1642 5558 uterum
1686 5505 1916 5574 virginis

313 5590 596 5660 promissa
621 5591 725 5646 Dei
752 5591 1042 5647 descendit
1063 5591 1256 5646 virtus.
1286 5593 1617 5651 Incarnatus
1647 5595 1917 5651 estFilius

1998 4609 2194 4680 quinta
2225 4609 2378 4672 feria,
2405 4609 2723 4663 festivitatis
2753 4609 3055 4662 terminum
3074 4607 3308 4677 contigit
3327 4607 3596 4662 accidisse

1999 4715 2189 4769 quam,
2222 4699 2292 4752 ob
2312 4699 2596 4752 decretum
2619 4698 2858 4762 concilii,
2883 4714 3063 4768 neque
3083 4697 3322 4768 populus
3353 4696 3598 4752 celebra-

1995 4789 2092 4852 vit,
2118 4805 2299 4859 neque
2328 4788 2692 4841 sacerdotalis
2731 4787 2997 4858 dignitas,
3027 4792 3191 4858 prout
3226 4787 3314 4840 sui
3365 4793 3450 4842 est
3476 4787 3596 4842 ofﬁ-

1993 4877 2082 4942 cii,
2107 4877 2498 4931 celebrandam
2523 4877 2892 4930 denuntiavit.
2921 4875 3072 4930 Exiit
3098 4893 3230 4946 ergo
3261 4877 3498 4947 populus
3523 4877 3593 4931 ad

1994 4983 2134 5038 Opus
2148 4966 2364 5029 servile,
2395 4966 2452 5019 hi
2482 4967 2848 5036 agricultura,
2875 4965 3097 5020 hicultu
3119 4965 3429 5029 vinearum,
3451 4981 3595 5018 non-

1995 5056 2132 5109 nulli
2163 5056 2418 5121 artificio,
2452 5056 2546 5109 alii
2568 5055 2875 5110 fabricandi
2903 5072 3002 5109 seu
3026 5053 3366 5108 resarciendi
3414 5053 3596 5106 ofﬁcio

1995 5145 2343 5203 insudantes.
2371 5151 2609 5216 uterque
2640 5163 2805 5199 sexus
2827 5145 3061 5198 diversis
3085 5142 3370 5196 laboribus
3407 5141 3595 5195 stude-

1996 5233 2134 5288 bant
2159 5234 2471 5288 intendere.
2505 5235 2713 5288 Verum
2755 5234 2886 5304 quia
2916 5233 3030 5286 haec
3059 5232 3212 5300 virgo
3243 5231 3594 5284 sanctissima

1996 5325 2352 5394 indignanter
2372 5324 2603 5395 pertulit
2619 5325 2810 5377 eadem
2835 5323 2955 5392 ipsa
2975 5321 3064 5374 die
3086 5319 3317 5373 mirifice
3339 5319 3594 5374 declara-

1995 5420 2116 5468 tum
2143 5432 2264 5468 esse
2288 5415 2479 5468 voluit.
2523 5415 2748 5467 Poterat
2775 5411 3048 5482 siquidem
3080 5409 3276 5480 regina
3325 5409 3592 5463 caelorum

1997 5504 2353 5558 violationem
2386 5503 2497 5557 diei
2525 5520 2656 5561 suae,
2683 5500 3045 5571 ignominiam
3075 5498 3446 5552 solemnitatis
3478 5515 3593 5552 suae

1998 5593 2382 5649 vehementius
2410 5599 2469 5648 et
2495 5593 2556 5648 in
2585 5590 2840 5646 validiori
2879 5589 3258 5644 masculorum
3295 5604 3431 5644 sexu
3475 5604 3589 5644 non
