4056 6188
428 295 572 353 1585
1468 301 1788 359 RADBODI
1824 303 2030 361 NOVK

2093 306 2210 364 [EN
2215 309 2324 365 SIS
2367 309 2698 366 EPISCOPI
3559 305 3695 364 1536

428 419 705 476 ministris
740 421 988 478 debitam
1030 425 1210 480 solvat
1237 427 1722 482 consuetudinem.
1764 429 1925 494 Quod
1965 431 2012 485 si
2033 435 2084 492 A
2105 449 2229 488 eam
2261 433 2454 498 libere,
2488 440 2684 506 utpote
2711 432 2994 487 abbatiam
3020 431 3314 487 haberent.
3343 436 3402 486 et
3423 431 3563 486 inibi
3590 431 3699 485 sub

428 513 786 582 congregatio
805 513 1011 569 ibidem
1043 516 1157 569 Deo
1177 515 1509 587 di3ponente
1533 525 1864 588 pervenerit,
1897 521 2016 574 cul-
2099 523 2300 593 regula
2319 525 2497 578 sancti
2517 524 2814 594 Augustini
2839 533 3109 594 tanquam
3131 523 3418 592 regulares
3440 521 3697 575 canonici

427 616 528 671 pas
571 601 869 656 emendare
913 602 972 658 in
1009 611 1285 674 potestate
1329 605 1404 659 sit
1430 605 1664 660 abbatis.
1721 609 1778 662 Si
1826 615 2014 664 autem
2098 613 2215 666 Deo
2237 613 2972 667 deservirent.Annoautem
2991 613 3169 666 altero
3187 611 3452 665 introitus
3473 627 3690 673 eorum,

428 688 600 743 abbas
629 699 729 745 aut
752 691 906 762 prior
939 694 1291 764 negligenter
1308 695 1506 764 egerit.
1539 704 1674 750 tunc
1698 697 1769 750 ad
1799 699 2014 768 episco-
2101 703 2304 773 majori
2328 704 2511 758 adhuc
2531 703 2796 758 divinitus
2827 703 3085 774 inspirati
3106 708 3240 756 sunt
3269 702 3569 765 desiderio,
3608 709 3698 756 ut-

422 795 557 850 pum
585 780 1015 836 Noviomensem
1046 783 1316 838 correctio
1359 789 1760 840 monachorum
1804 789 2010 842 redun-
2103 799 2232 863 pote
2261 793 2354 864 qui
2367 794 2487 864 jam
2510 793 2783 847 bonorum
2813 793 3203 847 allaborabant
3230 793 3502 846 interesse
3530 791 3697 845 colle-

427 871 601 926 dabit.
627 874 700 928 Ut
718 880 906 928 autem
937 875 1372 946 chirographum
1393 876 1544 930 istud
1573 877 1777 932 futuris
1806 890 2018 951 tempo-
2097 882 2209 952 gio.
2242 882 2316 936 Ut
2340 883 2489 936 enim
2514 883 2626 937 Deo
2643 883 3004 945 deservirent,
3035 882 3182 952 quod
3205 882 3416 935 arctius
3445 881 3693 935 aestima-

423 961 580 1016 ribus
607 963 826 1018 firmius
855 965 1567 1032 existat,circumstantium
1589 966 2016 1024 subnotavimus
2098 968 2236 1022 bant
2253 975 2452 1040 sponte
2480 970 2788 1040 elegerunt,
2814 977 2871 1024 et
2889 969 3089 1023 divinae
3118 986 3177 1023 se
3203 969 3402 1038 gratias
3423 969 3695 1022 devoven-

423 1067 654 1106 nomina
1064 1098 1069 1103 -

499 1141 731 1211 Signum
763 1142 1016 1197 Radbodi
1035 1144 1302 1216 episcopi.

499 1230 615 1301 Sig.
658 1231 892 1286 Gerilini
923 1233 1136 1287 decani.

501 1320 618 1390 Sig.
660 1321 902 1375 Baldrici
932 1322 1329 1377 archidiaconi.

497 1409 614 1479 Sig.
655 1410 941 1464 Walcheri
969 1411 1328 1467 thesaurarii.

498 1498 614 1569 Sig.
657 1499 940 1554 Odmundi
965 1502 1271 1572 praepositi.

497 1587 614 1657 Sig.
658 1588 910 1642 Widonis
930 1591 1266 1654 cancellarii,

497 1676 615 1746 Sig.
657 1678 839 1732 lvonis
865 1679 1180 1736 castellani.

2099 1065 2182 1110 tes
2195 1058 2448 1112 habitum
2465 1059 2640 1113 sancti
2654 1059 2937 1113 Benedicti
2953 1065 3285 1132 compuncte
3304 1063 3692 1128 susceperunt.

2099 1147 2370 1218 Percepta
2405 1148 2595 1220 itaque
2632 1148 2968 1218 infatigabili
3011 1165 3205 1202 eorum
3237 1148 3686 1219 perseverantia,

2097 1236 2157 1290 in
2185 1238 2380 1290 eodem
2403 1254 2550 1292 anno
2576 1238 2690 1292 Deo
2711 1245 3014 1302 annuente,
3029 1237 3424 1308 indigenarum
3445 1237 3696 1291 eleemo-

2099 1325 2254 1397 synis
2279 1328 2419 1380 adeo
2447 1327 2546 1380 illa
2571 1327 2843 1380 succrevit
2874 1327 3135 1392 Ecclesia,
3160 1333 3225 1381 ut
3260 1326 3336 1380 ibi
3370 1328 3694 1398 septemdtn

2099 1415 2207 1468 cim
2238 1416 2342 1469 sub
2369 1415 2582 1470 ditione
2611 1415 2862 1488 praedicti
2907 1417 3118 1471 Odonis
3166 1415 3383 1469 abbatis
3431 1415 3694 1469 monachi

2100 1503 2595 1568 substituerentur,
2652 1513 2707 1559 et
2755 1505 2827 1558 ad
2869 1506 3225 1560 serviendum
3259 1508 3368 1560 Deo
3407 1513 3465 1558 et
3496 1513 3693 1558 sancto

2099 1594 2340 1648 Martino
2365 1595 2669 1648 secundum
2695 1594 2873 1648 sancti
2909 1594 3194 1648 Benedicti
3240 1594 3513 1664 Regulam
3541 1592 3694 1646 ordi-

2099 1689 2388 1738 narentur.
2423 1683 2691 1737 Videntes
2719 1700 2854 1753 ergo
2879 1683 3384 1737 circummanentes
3427 1682 3698 1752 aliquan-

495 1765 607 1837 Sig.
654 1768 962 1822 Wincmari
992 1769 1278 1825 Rodberti.
2027 1800 2075 1858 Β
2098 1773 2278 1827 tulum
2289 1773 2527 1827 fratrum
2545 1772 3207 1834 devotionem,terrarum
3221 1789 3359 1842 quas
3376 1772 3694 1841 antiquitus

496 1855 611 1926 Sig.
654 1857 932 1913 Gosberti.
2028 1855 2067 1858 _
2097 1861 2323 1915 abbatia
2339 1863 2436 1916 illa
2466 1869 2727 1916 tenuerat
2754 1863 2915 1916 nobis
2946 1862 3125 1916 fecere
3147 1862 3509 1925 mentionem,
3547 1877 3690 1931 qua-

495 1945 698 1999 Actum
727 1947 1003 2016 Noviomi,
1051 1967 1199 2006 anno
1246 1952 1655 2007 Incarnationis
1708 1954 2010 2010 Dominicae
2092 1956 2256 2005 tenus
2284 1968 2380 2006 eas
2403 1952 2875 2022 recolligeremus,
2910 1958 2964 2004 et
3006 1951 3198 2005 usibus
3226 1954 3465 2004 tratrum
3486 1950 3699 2020 quibus

421 2030 583 2102 1086,
610 2035 916 2092 indictione
956 2054 1030 2106 Ix,
1066 2047 1336 2112 regnante
1377 2059 1509 2112 rege
1555 2043 1832 2114 Philippo,
1863 2061 2009 2098 anno
2092 2041 2372 2112 deputata;
2387 2043 2612 2095 fuerant
2632 2057 2731 2111 pro
2747 2041 3074 2094 remissione
3098 2047 3449 2110 peccatorum
3467 2046 3696 2093 nostro-

423 2138 549 2194 Ην,
582 2125 809 2182 domino
839 2129 1104 2184 Radbodo
1135 2132 1507 2203 episcopante,
1535 2149 1683 2187 anno
1714 2149 1822 2187 xxx.
2099 2147 2224 2184 rum
2254 2131 2632 2185 redderemus.
2689 2131 2940 2194 Quorum
2986 2129 3268 2184 benevolis
3298 2129 3697 2200 petitionibus,

1193 2221 1264 2274 II.
1801 2268 1803 2271 .
2098 2220 2232 2273 licet
2274 2220 2666 2274 difficillimum
2706 2220 3010 2286 videretur,
3042 2219 3306 2273 benevole
3345 2219 3692 2273 condescen-

473 2303 580 2355 Pro
608 2308 1013 2361 restauratione
1037 2309 1266 2363 abbatis:
1293 2309 1348 2365 S.
1380 2310 1618 2364 Martini
1649 2312 1960 2366 Tornacen-
2097 2308 2313 2373 dentes,
2341 2309 2670 2362 advocatum
2683 2308 3181 2378 Radulfum,quem
3202 2324 3296 2362 eas
3320 2314 3456 2362 tunc
3474 2315 3696 2378 tempo-

1101 2401 1176 2450 sis
1207 2397 1339 2468 (23).

1023 2488 1199 2555 (Anno
1234 2486 1412 2556 4091.)

734 2574 910 2644 [Ρνου.
938 2576 1077 2629 Eccl.
1108 2579 1171 2630 de
1201 2578 1397 2631 Beims.
1436 2576 1513 2643 II,
1555 2577 1704 2648 119.]

2097 2397 2177 2451 ris
2205 2397 2263 2451 in
2284 2397 2551 2452 beneficio
2579 2404 2772 2452 tenere
2795 2397 3111 2462 didicimus,
3153 2397 3392 2468 benigne
3420 2399 3690 2451 conveni-

2100 2502 2246 2552 mus,
2281 2493 2337 2541 et
2366 2505 2466 2558 pro
2495 2489 2873 2542 consolatione
2889 2488 3091 2542 animae
3119 2504 3252 2552 suae,
3283 2487 3415 2559 quid
3443 2488 3494 2541 ei
3522 2505 3698 2557 super

2098 2576 2203 2629 hoc
2220 2576 2535 2631 faciendum
2550 2576 2694 2630 foret
2721 2593 2791 2630 ex
2811 2577 2992 2630 officio
3013 2583 3202 2631 nostro
3224 2577 3438 2630 intente
3461 2593 3697 2646 sugges-

495 2659 563 2714 In
584 2662 810 2717 nomine
835 2663 1040 2732 Patris,
1073 2671 1131 2719 et
1159 2666 1302 2726 Filii,
1326 2677 1384 2719 et
1402 2666 1644 2737 Spiritus
1667 2668 1875 2731 Sancti,
1911 2685 2013 2740 ego
2098 2665 2297 2728 simus,
2317 2671 2374 2719 et
2394 2665 2770 2720 omnedicibili
2789 2666 3033 2736 Spiritus
3061 2666 3238 2720 sancti
3261 2667 3450 2735 gratia
3473 2666 3700 2719 inﬂam-

423 2749 723 2806 RADBODUS
750 2753 1208 2809 Noviomensium
1247 2771 1346 2809 seu
1385 2757 1825 2813 Tornacensium
1867 2758 2016 2829 epis-
2098 2761 2315 2808 matum
2344 2755 2494 2808 illico
2518 2772 2614 2810 cor
2627 2755 2873 2808 hominis
2893 2754 3128 2826 benigne
3153 2756 3224 2808 ad
3247 2755 3437 2809 omnia
3466 2771 3705 2826 respon-

424 2855 595 2911 c0pus
615 2840 997 2898 omnimodam
1018 2844 1256 2899 salutem
1283 2850 1398 2899 tam
1439 2845 1646 2900 futuris
1681 2864 1850 2918 quam
1880 2865 2018 2919 prae-
2098 2844 2182 2898 dit
2214 2862 2224 2896 :
2253 2846 2454 2899 Terras
2481 2845 2605 2898 illas
2633 2843 2820 2899 Sancti
2852 2845 3078 2898 Martini
3109 2861 3247 2916 quas
3274 2845 3331 2898 in
3365 2861 3467 2898 suo
3503 2845 3698 2915 possi-

424 2930 698 2985 sentibus.
2096 2933 2266 2988 debat
2283 2934 2553 2995 dominio,
2571 2933 2744 2987 libere
2766 2939 2828 2987 ut
2848 2950 2943 2987 eas
2965 2934 3218 2987 Ecclesiae
3256 2935 3336 2987 illi
3359 2934 3701 2988 restituere-

492 3021 722 3075 Noverit
751 3022 998 3077 charitas
1027 3029 1232 3090 vestra,
1275 3024 1478 3079 fratres
1504 3025 1873 3093 dilectissimi,
1923 3043 2013 3081 ec-
2036 3079 2073 3094 η
2095 3039 2222 3077 mus
2250 3023 2512 3087 reddidit,
2539 3023 2786 3093 aliasque
2800 3039 2993 3076 omnes
3012 3024 3262 3093 ejusdem
3282 3023 3532 3084 ditionis,
3555 3040 3702 3094 quas

424 3109 655 3165 clesiam
679 3111 869 3166 Sancti
890 3113 1118 3166 Martini
1139 3113 1561 3185 Modici,quaein
1583 3114 1774 3170 Monte
1797 3109 2155 3172 ModicoUin
2180 3112 2498 3166 vadimonio
2546 3129 2646 3167 seu
2694 3113 2961 3167 beneﬁcio
3017 3113 3110 3166 alii
3150 3113 3220 3167 de
3275 3113 3370 3166 illo
3413 3112 3703 3166 habebant

424 3215 598 3270 prope
630 3216 822 3255 muros
847 3200 1003 3255 urbis
1021 3203 1390 3257 Tornacensis
1418 3204 1526 3258 sita
1556 3211 1659 3271 est,
1701 3205 2014 3276 antiquitus
2099 3202 2616 3273 quomodocumque.
2669 3219 2767 3256 seu
2806 3219 2907 3272 Per
2951 3201 3414 3272 redemptionem,
3459 3218 3563 3255 seu
3595 3219 3701 3273 Ρθι·

424 3287 708 3343 abbatiam
726 3289 1142 3357 fuisse;verum
1171 3293 1406 3362 paganis
1433 3293 1490 3347 in
1527 3293 1702 3364 ipsam
1733 3295 2013 3351 civitatem
2099 3307 2293 3345 eorum
2324 3291 2419 3362 qui
2445 3308 2540 3344 eas
2555 3291 2825 3345 tenebant
2852 3291 3350 3362 eleemosynariam
3375 3292 3700 3344 manumis-

421 3376 768 3433 irruentibus
805 3380 1165 3446 destructam,
1194 3387 1251 3435 et
1285 3382 1344 3435 in
1376 3382 1625 3437 laicalem
1658 3386 2015 3455 postmodum
2098 3379 2412 3446 sionem,ad
2434 3380 2732 3434 Ecclesiam
2752 3380 3013 3434 devenire
3026 3387 3270 3451 possent,
3288 3379 3494 3433 liberas
3514 3381 3702 3434 votive

421 3465 720 3522 dictionem
735 3469 1020 3523 redactam
1041 3471 1111 3523 ad
1125 3470 1360 3525 nihilum
1375 3473 1847 3542 penedevenisse:
1873 3476 2013 3529 adeo
2096 3469 2388 3526 concessit.
2433 3471 2663 3524 Noverit
2691 3486 2824 3540 ergo
2865 3477 3001 3524 aetas
3035 3477 3093 3523 et
3131 3487 3294 3523 sexus
3341 3469 3524 3522 omnis
3557 3487 3702 3539 quos

420 3561 612 3610 autem
633 3559 883 3627 ejusdem
906 3559 1159 3614 Ecclesiae
1177 3559 1495 3630 percrebuit
1520 3561 1810 3625 desolatio,
1830 3571 1894 3617 ut
1913 3582 2014 3619 nec
2095 3558 2394 3628 contigerit
2417 3559 2633 3625 audire,
2665 3565 2846 3613 terras
2865 3576 3060 3612 omnes
3077 3559 3198 3612 illas
3219 3574 3360 3628 quas
3382 3559 3702 3628 antiquitus

421 3645 492 3699 ad
525 3645 750 3715 plenum
782 3648 951 3701 unius
980 3648 1178 3701 saltem
1207 3649 1513 3702 sacerdotis
1533 3650 1801 3704 deserviri
1825 3663 2012 3723 posset
2096 3648 2339 3701 ECCIeSia
2368 3648 2904 3718 ῐθηυὶῒςρνωάἰοιυω
2935 3648 3241 3702 Βᾶάιιὶΐυω
3275 3664 3389 3701 una
3402 3648 3700 3702 DObiscum

421 3731 638 3786 oﬂicio:
671 3736 1032 3805 congregatio
1063 3737 1344 3808 siquidem
1367 3738 1464 3791 illa
1493 3739 1681 3792 hostili
1729 3757 1900 3795 manu
1931 3743 2013 3796 di-
2094 3736 2340 3791 ecclcSia‘.
2380 3737 2570 3790 Sancti
2599 3737 2822 3791 Martini
2855 3753 3189 3807 quacunque
3241 3736 3400 3802 hora,
3436 3753 3699 3808 quoquo-

418 3837 613 3892 spersa
649 3829 735 3877 est
757 3831 813 3878 et
835 3823 1010 3892 abiit;
1043 3826 1256 3879 familia
1286 3827 1531 3897 ejusdem
1558 3829 1812 3883 Ecclesiae
1833 3831 2009 3886 inter—
2094 3826 2260 3880 modo
2307 3826 2377 3880 ab
2434 3826 2543 3880 illis
2586 3827 2683 3896 qui
2722 3842 2817 3879 eas
2858 3826 3130 3880 hactenus
3167 3825 3416 3879 habuere
3464 3826 3698 3880 liberari

419 3916 610 3982 empta
637 3919 724 3967 est
743 3919 800 3967 et
818 3914 1295 3986 deperiit.Terras
1325 3919 1447 3987 ejus
1473 3917 1688 3972 laicalis
1719 3935 1918 3974 manus
1949 3920 2006 3975 in
2090 3921 2374 3984 poterunt,
2415 3916 2616 3969 Sancto
2663 3915 2902 3969 Martino
2936 3914 3110 3968 libere
3134 3915 3494 3978 concessisse,
3549 3923 3608 3969 et
3640 3917 3698 3969 in

418 3999 690 4057 beneﬁcio
711 4003 780 4057 de
812 4019 984 4058 manu
1013 4011 1430 4061 antecessorum
1471 4013 1793 4063 nostrorum
1829 4015 1886 4063 et
1913 4026 2010 4064 no-
2091 4020 2196 4058 usu
2216 4004 2454 4058 fratrum
2475 4004 2610 4058 inibi
2631 4003 2955 4075 degentium
2973 4004 3176 4057 amodo
3192 4009 3250 4057 et
3276 4004 3335 4057 in
3356 4010 3696 4075 perpetuum

419 4095 539 4145 stra
560 4091 727 4162 longo
757 4099 883 4164 post
900 4099 1153 4165 tempore
1174 4095 1386 4150 habuit.
1405 4098 1567 4150 Anno
1590 4114 1718 4151 vero
1747 4096 2010 4153 Incarna—
2090 4093 2376 4147 habendas
2397 4093 2570 4147 libere
2589 4093 2912 4147 reddidisse.
2939 4094 3014 4146 Ut
3033 4109 3160 4146 vero
3185 4094 3298 4146 haec
3319 4101 3517 4147 nostra
3544 4112 3698 4147 rem.

416 4181 590 4236 tionis
621 4183 922 4237 Dominica:
951 4181 1110 4245 1092.
1148 4185 1404 4239 Ecclesiae
1443 4185 1592 4240 illius
1627 4203 2009 4243 rememorans
2090 4183 2269 4253 gnitio
2291 4182 2617 4237 inconvulsa
2647 4187 2874 4236 maneat
2904 4182 2963 4234 in
2993 4182 3279 4246 saeculum,
3324 4183 3534 4238 chartae
3566 4185 3697 4237 huic

418 4270 509 4341 pia
530 4272 632 4325 Dei
663 4271 1068 4337 misericordia,
1094 4273 1281 4327 fratris
1312 4274 1522 4328 Odonis
1541 4282 1598 4329 et
1614 4276 1854 4330 aliorum
1877 4294 2010 4348 qua—
2093 4271 2384 4341 pal‘VitntiS
2416 4277 2619 4325 nostra
2662 4271 3052 4341 impreSSimus
3085 4271 3356 4340 Sigillum.
3393 4279 3457 4325 ut
3484 4273 3531 4325 si
3565 4275 3692 4343 quis

415 4362 546 4413 tuor
574 4366 790 4414 mentes
818 4361 1096 4430 spirituali
1128 4362 1346 4416 coalitus
1387 4363 1758 4419 inﬂammavit
1797 4367 2006 4436 gratia,
2093 4377 2216 4414 eam
2244 4360 2485 4414 scienter
2514 4361 2716 4414 amodo
2746 4360 3055 4419 violaverit,
3101 4360 3210 4413 nisi
3241 4360 3312 4413 ad
3349 4363 3700 4415 emendatio-

418 4448 514 4518 qui
544 4465 656 4502 uno
685 4450 993 4520 eodemque
1021 4451 1228 4515 animo,
1250 4468 1374 4505 cum
1407 4469 1465 4505 se
1497 4453 1663 4523 hujus
1693 4456 1880 4508 saeculi
1903 4473 2010 4510 cm-
2030 4438 2218 4504 l)nem
2247 4450 2496 4514 redierit,
2520 4451 2618 4504 Dei
2645 4456 2702 4503 et
2725 4456 3048 4503 sanctorum
3077 4449 3327 4503 omnium
3359 4456 3415 4502 et
3445 4460 3699 4520 postmo-

415 4538 651 4592 nulenta
665 4539 1415 4610 pertimescerentimplicari
1434 4543 2011 4614 voragine.elegerunt
2093 4539 2227 4593 dum
2258 4537 2848 4593 excommunicationis
2878 4548 3083 4592 nostra:
3112 4539 3467 4593 inenodabile
3498 4541 3692 4595 incur-

416 4627 595 4695 magis
624 4627 682 4680 in
706 4628 937 4697 praefata
952 4629 1194 4682 Ecclesia
1214 4629 1330 4683 Deo
1351 4631 1408 4683 in
1439 4633 1706 4701 pauperie
1727 4633 2009 4688 deservire
2092 4634 2182 4682 rat
2201 4628 2504 4682 Vinculum.

419 4730 587 4784 quam
637 4717 706 4769 ad
753 4717 1123 4786 perditionem
1173 4719 1488 4773 animarum
1528 4737 1758 4776 suarum
1799 4723 2008 4778 divitiis
2163 4718 2397 4787 Signum
2428 4716 2640 4770 domini
2677 4715 2927 4770 Radbodi
2957 4716 3224 4788 episcopi.

416 4804 775 4858 saecularibus
803 4805 1110 4860 abundare.
1148 4807 1288 4860 Cum
1316 4825 1449 4878 ergo
1477 4809 1581 4862 hac
1613 4826 1678 4863 ex
1717 4826 1887 4864 causa
1914 4827 2011 4864 no-
2163 4807 2277 4877 Sig.
2321 4805 2564 4860 Baldrici
2592 4804 2990 4859 archidiaconi.

415 4897 592 4946 stram
657 4893 930 4947 adiissent
985 4895 1360 4965 praesentiam,
1404 4897 1636 4952 consilio
1687 4904 1745 4951 et
1799 4899 2008 4953 auxilio
2162 4899 2278 4969 Sig.
2321 4897 2476 4952 Petri
2505 4896 2773 4950 cantoris.

414 4982 637 5038 Radulﬁ
663 4983 1040 5055 advocati,qui
1070 4993 1203 5038 tunc
1229 4987 1496 5055 temporis
1529 5003 1652 5040 eam
1678 4989 1809 5057 jure
1830 4989 2008 5058 possi-
2163 4987 2278 5056 Sig.
2323 4986 2540 5041 Ornulﬁ
2567 4982 2902 5056 presbyteri.

413 5072 583 5127 debat
602 5073 974 5138 hiereditario,
999 5072 1102 5127 sub
1119 5074 1449 5128 clericorum
1479 5081 1535 5128 et
1557 5076 1826 5129 laicorum
1855 5078 2008 5132 testi-
2162 5076 2278 5146 Sig.
2319 5074 2595 5129 Roscelini
2628 5072 2961 5145 presbyteri.

413 5162 622 5225 monio,
643 5163 898 5216 eamdem
921 5162 1002 5216 eis
1031 5179 1158 5217 cum
1188 5163 1465 5232 adjacenti
1488 5165 1840 5218 solummodo
1861 5166 2006 5221 atrio
2163 5165 2278 5236 Sig.
2321 5165 2560 5219 Maurini
2582 5164 2915 5235 presbyteri.

411 5252 788 5306 concessimus
821 5252 1143 5318 Ecclesiam,
1193 5268 1261 5305 ea
1306 5253 1516 5307 scilicet
1555 5254 1891 5321 conditione,
1942 5261 2008 5310 ut
2161 5254 2276 5324 Sig.
2321 5255 2551 5323 Segardi
2574 5253 2816 5306 diaconi.

486 5393 876 5468 (23)L’abbaye
894 5395 962 5448 de
985 5395 1376 5468 Sairnt-Martin
1402 5396 1735 5468 deTournay
1748 5396 1897 5450 avait
1919 5397 2008 5452 été
2090 5396 2234 5468 baye
2259 5396 2537 5468 demeurai
2556 5395 2776 5450 déserte
2797 5391 3216 5468 jusqu’en1092
3236 5395 3423 5468 ;_alors
3449 5396 3695 5453 Radbod

410 5465 609 5548 fondée
649 5483 716 5520 en
736 5465 858 5548 fio."
884 5467 1160 5548 p_ar_saint
1193 5469 1328 5548 Elui,
1371 5468 1465 5548 qui
1495 5485 1531 5538 y
1563 5465 1719 5548 placa
1747 5469 1844 5548 des
1875 5469 2007 5548 reli-
2091 5485 2127 5538 y
2148 5465 2471 5548 établitdes
2490 5467 2798 5548 ichano‘ines
2822 5465 3215 5548 rég’ulierquui
3234 5466 3377 5548 deux
3398 5485 3505 5548 ans
3522 5477 3694 5548 apres

409 5538 572 5663 ἕξεως
594 5539 791 5590 sousla
814 5537 963 5607 regle
977 5539 1044 5619 de
1061 5544 1206 5592 sainl
1226 5537 1888 5620 Colombah.l.’invasion
1907 5540 2006 5594 des
2091 5537 2505 5620 embrasserent
2538 5539 2588 5591 la
2631 5537 2778 5619 regle
2808 5539 2876 5618 de
2908 5537 3313 5620 εειὶῐηθΒεξῐιοίι2
3358 5547 3418 5594 et
3452 5537 3694 5611 recupe-

465 5609 729 5663 ormands
756 5625 831 5663 au
869 5625 951 5662 1x6
972 5609 1138 5663 siecle
1157 5611 1359 5663 chassa
1387 5611 1469 5663 les
1498 5611 1770 5663 relmeux
1790 5618 1848 5663 et
1866 5610 2008 5663 l’ab-
2089 5611 2284 5663 rerent
2309 5611 2392 5663 les
2423 5614 2579 5663 biens
2607 5626 2704 5663 oui
2745 5616 2969 5663 avaient
2995 5609 3084 5663 éte
3113 5611 3364 5663 envahis.

465 5609 729 5663 ormands
756 5625 831 5663 au
869 5625 951 5662 1x6
972 5609 1138 5665 siecle
1157 5611 1359 5664 chassa
1387 5611 1469 5664 les
1498 5610 1770 5680 religieux
1790 5618 1848 5666 et
1866 5610 2008 5664 l’ab-
2089 5611 2284 5664 rerent
2309 5611 2392 5664 les
2423 5609 2579 5665 biens
2607 5610 2704 5680 qui
2745 5609 2969 5664 avaient
2995 5609 3084 5663 été
3113 5609 3364 5665 envahis.
