4040 6182
372 287 508 346 1537

437 412 553 483 Sig.

435 499 552 572 Sig.

435 590 550 661 Sig.

433 676 554 749 Sig.

432 768 548 838 Sig.

431 857 530 927 Sig

430 946 545 1018 Sig.

432 1034 551 1104 Sig.

431 1123 550 1194 Sig.

432 1212 550 1282 Sig.

430 1302 544 1374 Sig.

431 1391 549 1456 Sig.

429 1480 546 1551 Sig.

429 1570 546 1641 Sig.

427 1660 545 1730 Sig.

428 1749 547 1819 Sig.

427 1839 545 1909 Sig.

428 1927 544 1998 Sig.

428 2016 542 2086 Sig.

427 2103 544 2174 Sig.

426 2193 545 2263 Sig.

594 411 844 466 Gerelini
871 411 1109 467 diaconi.

599 500 788 555 Aloldi
817 500 1058 554 diaconi.
1173 501 1180 504 ’

597 589 866 660 Stephani
887 589 1234 643 subdiaconi.

599 678 858 732 Landrici
887 678 1146 748 acclytlii.

593 768 804 823 Odonis
833 767 1098 838 acolythi.

592 856 913 926 Hagenonis
943 855 1206 926 acolythi.

592 945 844 1016 Hugonis
876 945 1192 1000 castellani.

594 1034 846 1103 Hugonis
869 1032 1272 1088 Calmacensis.

595 1123 893 1177 Helinandi
921 1122 1136 1176 militis.
1229 1114 1236 1122 ’

593 1212 931 1283 Sagnatonis
961 1211 1174 1267 militis.

591 1301 849 1356 Gosberti
880 1301 1100 1355 militis.

596 1391 851 1446 Gualteri
873 1389 1241 1445 Tornacensis
1278 1389 1680 1447 archidiaconi.

589 1481 741 1534 Petri
779 1480 998 1534 decani.

591 1569 920 1624 Herimanni
945 1569 1250 1641 praepositi.

589 1659 802 1715 Olberti
832 1659 1094 1714 cantoris.

591 1750 858 1820 Stephani
890 1747 1222 1820 presbyteri.

591 1839 796 1892 Hellini
827 1837 1160 1908 presbyteri.

586 1928 818 1981 Joannis
850 1926 1182 1998 presbyteri.

587 2016 846 2070 Ledberti
878 2015 1119 2070 diaconi.

589 2104 856 2159 Bernuini
883 2103 1231 2158 subdiaconi.

589 2191 928 2263 Ingebrandi
958 2190 1224 2263 acolythi.

426 2283 544 2352 Sig.
588 2282 826 2336 Werrici
853 2280 1117 2352 acolythi.

427 2371 541 2442 Sig.
588 2371 832 2426 Onvardi
857 2369 1168 2425 castellani.

426 2461 542 2531 Sig.
581 2461 825 2515 Rodulﬁi
854 2459 1130 2517 advocati.

425 2551 541 2621 Sig.
585 2550 818 2604 Gonteri
849 2549 1061 2603 militis.

424 2640 540 2710 Sig.
587 2639 809 2694 Rodulfi
843 2638 1057 2692 militis.

425 2729 543 2799 Sig.
583 2728 830 2783 Lidberti
863 2727 1074 2781 militis.

421 2818 635 2873 Actum
668 2817 943 2882 Noviomi,
992 2813 1408 2870 Incarnationis
1457 2813 1761 2868 Dominicze
1799 2831 1947 2870 anno

356 2905 512 2970 1094,
534 2907 837 2961 indictione
855 2910 1172 2976 1,regnante
1185 2921 1315 2974 rege
1331 2903 1588 2974 Philippo
1605 2919 1753 2957 anno
1764 2917 1944 2972 xxxvi,

348 2999 560 3052 domno
592 2997 858 3051 Radbodo
889 2996 1246 3067 episcopante
1271 3009 1418 3048 anno
1448 3007 1598 3046 xxvx.

1835 284 2164 341 CHABTE.

1973 417 2024 474 Α
2043 407 2318 480 siquidem
2336 409 2570 463 clericus
2588 413 2646 463 et
2667 409 3031 475 Gummarus,
3054 409 3151 481 qui
3175 409 3356 466 altare
3374 411 3512 468 illud
3532 412 3632 470 diu

3489 289 3632 348 {538

2039 497 2144 552 sub
2182 505 2484 570 personatu
2513 499 2844 562 habuerant,
2877 499 3077 554 divinae
3105 500 3406 555 admodum
3434 503 3632 572 gratia

2039 594 2294 656 respectu
2325 594 2663 658 compunctl,
2685 606 2784 659 per
2811 589 3160 642 Gualterium
3196 599 3328 643 tunc
3361 592 3630 662 temporis

2039 676 2495 731 archidiaconum
2527 687 2866 748 cmterosque
2917 678 3146 731 clericos
3176 677 3512 749 infatigabili
3542 697 3631 734 me

2039 782 2266 836 precum
2317 766 2585 820 instantia
2631 767 3068 837 interpellarunt
3119 775 3401 837 quatenus
3454 770 3633 824 altare

2039 855 2177 908 illud
2234 855 2302 908 de
2370 855 2630 910 manibus
2685 873 2878 910 eorum
2934 857 3238 925 reciperem
3299 857 3491 923 libere,
3561 858 3632 913 ab

2039 944 2191 997 omni
2249 945 2535 998 exactione
2590 945 2841 999 saeculari
2898 943 3072 998 libere
3141 944 3506 1014 absolverem,
3576 951 3632 1001 et

2038 1031 2108 1086 de
2128 1033 2437 1088 redditibus
2467 1034 2716 1104 ejusdem
2740 1034 2934 1088 altaris
2956 1041 3012 1088 et
3039 1034 3164 1088 aliis
3191 1052 3312 1105 qua:
3341 1035 3410 1089 ob
3439 1036 3634 1090 remis-

2039 1121 2253 1176 sionem
2299 1133 2653 1193 peccatorum
2705 1140 2936 1178 suorum
2996 1130 3276 1189 voverant,
3333 1125 3630 1181 sanctimo-

2037 1211 2217 1265 niales
2265 1213 2334 1264 ad
2386 1212 2739 1266 serviendum
2800 1211 2937 1266 inibi
2986 1212 3325 1266 ordinarem.
3379 1214 3632 1278 Quorum

2036 1297 2314 1356 benevola;
2345 1302 2600 1372 petitioni
2630 1319 2823 1355 aurem
2845 1301 3169 1356 benevolam
3182 1303 3627 1370 accommodans,

2036 1391 2363 1461 praedictum
2405 1392 2462 1446 8.
2498 1392 2686 1446 Mariae
2725 1391 2922 1456 altare,
2955 1391 3100 1445 sicut
3128 1391 3425 1461 petierant,
3457 1391 3630 1447 libere

2036 1480 2240 1551 recepi.
2283 1479 2804 1537 sanctimonialibus
2844 1479 2977 1534 inibi
3019 1479 3424 1534 constituendis
3461 1497 3632 1535 cano-

2037 1571 2159 1624 nice
2187 1569 2527 1624 abbatissam
2551 1587 2712 1624 suam
2743 1569 2986 1639 eligendi
3012 1574 3347 1640 potestatem
3361 1569 3626 1637 concessi,

2038 1660 2128 1715 cui
2169 1660 2465 1730 episcopus
2521 1676 2713 1714 curam
2757 1658 3138 1712 committeret
3166 1658 3538 1729 spiritualem,
3574 1665 3632 1716 et

1966 1761 2014 1821 Β
2035 1749 2442 1821 providentiam
2493 1747 2819 1803 substantia:
2848 1747 3197 1818 temporalis.
3240 1746 3372 1818 Ipsa
3406 1765 3629 1820 quoque

2033 1838 2315 1893 abbatissa
2343 1837 2414 1891 ab
2436 1838 2695 1909 episcopo
2731 1844 3030 1907 utramque
3075 1836 3386 1907 suscipiens
3425 1839 3626 1908 praela-

2032 1927 2264 1991 tionem,
2288 1928 2346 1981 in
2376 1934 2614 1998 utraque
2643 1926 2966 1980 canonicam
3003 1932 3060 1980 et
3089 1925 3334 1979 debitam
3367 1926 3626 1998 episcopo

2035 2017 2321 2072 exhiberet
2355 2017 2778 2088 subjectionem,
2829 2022 2998 2086 atque
3041 2032 3076 2068 a
3109 2016 3627 2072 sanctimonialibus

2035 2107 2230 2168 eiecta,
2283 2106 2660 2176 canoniceque
2701 2104 2772 2158 ab
2815 2105 3075 2176 episcopo
3104 2103 3624 2167 substituta.cano-

2033 2196 2156 2250 nice
2186 2195 2514 2267 praebendas
2543 2193 2872 2265 disponendi
2916 2193 3238 2247 facultatem
3268 2193 3538 2260 haberet;
3571 2198 3630 2248 et

2030 2301 2370 2356 unoquoque
2399 2301 2547 2338 anno
2569 2284 2626 2337 in
2647 2283 2947 2337 festivitate
2994 2289 3316 2336 sanctorum
3351 2282 3627 2353 apostolo-

2030 2391 2157 2429 rum
2186 2373 2430 2428 Simonis
2451 2378 2507 2428 et
2527 2372 2684 2428 Judaa
2716 2388 2750 2425 v
2770 2371 2977 2426 solidos
3007 2371 3266 2442 episcopo
3297 2387 3398 2442 pro
3429 2387 3620 2442 respe-

2031 2469 2124 2518 ctu
2141 2463 2384 2518 ecclesize
2414 2463 2678 2518 solveret.
2699 2461 2845 2525 Quia
2872 2477 3000 2515 vero
3026 2461 3082 2514 in
3104 2460 3353 2514 dominio
3382 2459 3626 2532 episcopi

2029 2553 2296 2624 praedicta
2355 2557 2548 2606 manet
2593 2550 2844 2615 ecclesia,
2897 2550 3245 2604 confratrum
3303 2556 3624 2604 nostrorum

2028 2641 2262 2696 concilio
2296 2641 2466 2695 altius
2505 2639 2773 2711 quiddam
2798 2639 2850 2692 ei
2879 2638 3203 2709 subscripsi,
3232 2637 3622 2692 malefactores

2028 2731 2242 2785 scilicet
2267 2729 2511 2784 ecclesiae
2532 2728 2682 2782 illius
2713 2733 2771 2781 et
2798 2727 3060 2781 canonice
3091 2725 3617 2780 excommunicandi

2030 2820 2222 2890 eisque
2273 2818 2596 2873 absolvendi
2645 2822 2978 2888 potestatem
3034 2815 3301 2877 concessi,
3329 2831 3397 2869 ea
3423 2820 3617 2869 tamen

2030 2909 2348 2963 conditione
2377 2915 2442 2962 ut
2467 2907 2514 2962 si
2545 2923 2646 2978 per
2676 2906 2962 2959 ministros
3010 2903 3255 2975 episcopi
3302 2920 3625 2959 excommu-

2029 2998 2236 3053 nicatio
2291 2998 2624 3052 conﬁrmata
2669 2995 2860 3061 fuerit,
2914 2994 3174 3065 episcopo
3237 2998 3295 3047 et
3350 2993 3624 3048 ministris

423 3089 540 3158 Ego
573 3087 776 3156 Guido,
803 3085 1190 3149 concellariUS,
1219 3083 1328 3153 legi
1363 3088 1420 3137 et
1448 3081 1640 3136 subter
1669 3082 1909 3136 ﬁrmaVi.
1970 3083 2154 3159 Cejus
2205 3087 2523 3143 emendatio
2574 3086 2824 3139 solvatur
2879 3082 3488 3138 excommunicationis.
3548 3083 3626 3138 Ut

1106 3172 1214 3229 III.

348 3271 559 3324 Charta
604 3269 922 3322 donationis
972 3266 1200 3318 ecclesias
1242 3263 1296 3318 S.
1354 3262 1546 3315 Maria
1588 3262 1881 3327 Brugensis
1911 3278 1947 3316 a

421 3341 671 3394 Radbodo
727 3341 966 3406 episcopo
1020 3336 1372 3389 Noviomensi
1424 3334 1948 3386 sanctimoniaiibus

419 3413 599 3478 facta.

947 3497 1138 3553 (Anno
1169 3491 1344 3558 109’s.)

613 3595 772 3662 (Gali.
797 3595 998 3650 Christ.
1033 3609 1183 3657 nov.,
1213 3597 1256 3644 t.
1289 3589 1356 3653 ν,
1391 3589 1496 3642 col.
1527 3585 1684 3656 354.)

420 3693 488 3749 In
517 3694 745 3748 nomine
776 3691 977 3754 Patris,
1005 3696 1062 3744 et
1088 3689 1234 3754 Filii,
1268 3693 1324 3742 et
1353 3685 1597 3757 Spiritus
1618 3683 1816 3748 sancti,
1840 3699 1946 3753 ego

350 3785 653 3838 RADBODL'S
679 3781 942 3836 minimus
963 3779 1350 3852 episcoporum
1372 3773 1826 3830 Noviomensium
1849 3789 1948 3826 seu

344 3873 784 3929 Tornacensium
799 3917 812 3928 .

419 3965 634 4018 Notum
667 3979 788 4016 esse
836 3961 962 4014 volo
1007 3957 1359 4030 generationi
1408 3955 1657 4010 omnium
1697 3952 1947 4007 ﬁdelium

345 4059 467 4109 tam
499 4051 868 4124 praesentibus
914 4064 1080 4120 quam
1128 4048 1209 4102 eis
1250 4047 1348 4117 qui
1395 4045 1693 4100 succedent
1740 4043 1796 4096 in
1845 4058 1946 4112 po-

349 4151 590 4207 sterum,
615 4140 860 4195 ecclesiae
891 4140 947 4194 S.
981 4137 1173 4192 Mariae
1196 4152 1319 4208 quae
1341 4134 1546 4205 Brugis
1563 4139 1650 4187 est
1668 4129 1946 4185 libertatis

349 4249 442 4288 me
472 4229 800 4303 hujusmodi
824 4227 1165 4284 concessisse
1211 4223 1564 4297 privilegium
1608 4237 1621 4271 :
1667 4222 1946 4286 Bernerus

2029 3184 2219 3233 autem
2256 3179 2360 3231 hoc
2387 3177 2557 3246 hujus
2605 3173 2978 3229 concessionis
3026 3172 3380 3243 privilegium
3420 3172 3624 3226 amodo

2029 3285 2140 3322 non
2189 3266 2365 3338 possit
2410 3263 2654 3328 dissolvi,
2707 3269 2922 3316 cartam
2965 3263 3108 3316 hanc
3156 3261 3261 3315 sub
3301 3260 3627 3315 testimonio

2029 3358 2380 3412 sacerdotum
2412 3359 2469 3408 et
2509 3353 2837 3408 clericorum
2868 3351 3052 3422 sigillo
3079 3356 3272 3404 nostro
3310 3349 3455 3420 jussi
3488 3366 3624 3405 con-

2029 3445 2243 3500 ﬁrmari
2291 3445 2328 3499 S
2403 3442 2594 3497 domni
2654 3439 2905 3495 Radbodi
2963 3438 3228 3510 episcopi,
3279 3438 3333 3493 8.
3388 3437 3624 3492 Galterii

2028 3533 2426 3597 archidiaconi,
2481 3532 2544 3587 S.
2605 3529 2753 3584 Petri
2807 3528 3024 3590 decani,
3075 3528 3132 3583 S.
3178 3525 3464 3582 Herimari
3506 3527 3623 3582 No-

2027 3622 2330 3677 viomensis
2390 3619 2606 3681 decani,
2664 3618 2719 3672 S.
2793 3615 3123 3670 Herimanni
3188 3614 3494 3686 praepositi,
3557 3613 3620 3670 S.

2031 3712 2213 3784 Sigeri
2242 3709 2510 3779 cantoris,
2550 3709 2607 3764 S.
2665 3705 2894 3772 Elberti,
2949 3706 3006 3760 S.
3046 3703 3317 3771 Tetberti,
3369 3704 3427 3760 8.
3459 3703 3653 3760 Lam-.

2030 3801 2194 3856 berti.

2102 3909 2311 3962 Actum
2337 3906 2575 3962 Tornaci
2603 3922 2751 3960 anno
2771 3903 3073 3958 Dominicae
3087 3902 3270 3957 Incar.
3302 3899 3456 3968 1094,
3481 3900 3627 3956 indi-

2031 3997 2214 4052 ctione
2234 4012 2296 4058 ιι,
2313 4002 2582 4066 regnante
2607 4011 2737 4063 rege
2766 3993 3024 4064 Philippo
3053 4007 3200 4046 anno
3223 4005 3380 4055 xxxv,
3415 3989 3625 4044 domno

2029 4088 2096 4142 R.
2129 4087 2497 4158 Episcopante
2516 4099 2659 4139 xxvx.

2099 4213 2220 4285 Ego
2239 4211 2406 4268 Wido
2435 4208 2800 4266 cancellarius
2818 4206 3013 4263 subter
3039 4202 3281 4261 firmavi.
