4056 6188
468 278 602 338 1543
1288 279 1623 336 AGANONI
1641 279 1680 335 S
1716 272 2230 334 AUGUSTODUN.
2271 275 2497 332 EPISC.
2537 274 2908 333 EPISTOLA";
3600 281 3750 338 1544

465 409 708 464 salutem
739 407 1064 462 nullatenus
1115 405 1371 461 sufficere
1401 407 1707 472 valeamus,
1735 421 1928 460 eorum
1960 400 2125 460 δαΐ-Λ
2150 400 2404 471 Hugonis
2435 403 2823 473 Lugdunensis
2839 403 3092 461 Ecclesiae
3107 405 3518 478 arclniprzesulis
3536 413 3596 462 et
3615 424 3758 480 apo-

461 498 704 568 fragium
734 495 1048 550 necessario
1074 494 1233 548 nobis
1267 501 1354 549 est
1384 495 1821 566 implorandum,
1844 495 1938 564 qui
1959 508 2069 545 non
2156 492 2363 545 stolicze
2384 493 2531 546 sedis
2554 493 2719 562 legati
2738 501 2794 547 et
2813 502 3025 554 nostra,
3050 502 3114 549 ut
3142 496 3459 567 quicunque
3477 499 3755 551 laicorum

463 588 643 641 solum
672 586 880 640 laboris
907 585 993 639 sui
1019 585 1266 638 fructum
1298 585 1612 656 percipere,
1647 584 1744 638 sed
1801 589 1854 637 et
1908 581 2069 635 nobis
2153 597 2217 633 ex
2253 596 2583 652 quacunque
2614 584 2897 653 parochia,
2917 584 3234 651 Aiduensis,
3258 587 3354 639 vel‘
3373 587 3607 640 alterius
3636 587 3757 657 epi-

461 675 844 747 peccaminum
873 681 1195 728 nostrorum
1214 675 1433 728 veniam
1462 674 1609 744 apud
1631 673 1873 727 divinam
1903 674 2066 724 mise-

469 765 767 819 ricordiam
787 765 940 834 juste
961 770 1017 817 et
1046 764 1133 834 pie
1161 764 1391 817 vivendo
1432 763 1685 816 obtinere
1714 765 2060 815 meruerunt.

464 854 712 918 Quorum
740 853 1192 924 propitiationem
1211 859 1276 906 ut
1291 851 1452 905 nobis
1473 867 1882 922 comparemus,
1904 864 2057 903 sacra

467 944 582 998 Deo
614 944 735 996 loca
753 944 808 996 in
833 943 1034 1012 quibus
1065 958 1257 995 eorum
1287 942 1557 995 memoria
1585 941 1751 1010 digne
1781 945 1836 993 et
1864 938 2064 992 lauda-

465 1031 654 1085 biliter
688 1032 976 1086 excolatur
1005 1036 1124 1084 tota
1163 1030 1456 1084 devotione
1485 1035 1808 1084 construere
1838 1033 2064 1098 sataga-

463 1138 609 1187 mus,
639 1128 702 1176 ut
730 1122 799 1175 de
830 1122 934 1175 hac
963 1121 1105 1174 valle
1127 1120 1504 1190 lacrymarum
1540 1136 1733 1173 eorum
1769 1135 1873 1188 Ope
1902 1115 2063 1170 educi

465 1216 522 1266 et
563 1211 632 1264 ad
682 1210 1022 1265 consortium
1071 1209 1294 1263 illorum
1351 1209 1769 1280 pertingentes,
1833 1206 2064 1260 tandem

465 1301 646 1355 Deum
675 1317 870 1355 eorum
904 1300 960 1353 in
983 1299 1114 1354 Sion
1141 1299 1328 1352 videre
1378 1314 1716 1352 mereamur.
1756 1297 1900 1360 Quia
1929 1312 2062 1366 ergo

467 1389 538 1444 B.
563 1389 907 1444 Germanum
957 1389 1014 1442 in
1071 1404 1306 1442 numero
1337 1405 1531 1442 eorum
1565 1387 1658 1458 qui
1687 1387 1743 1440 in
1773 1387 1874 1439 hoc
1903 1384 2062 1439 nobis

466 1479 810 1552 patrocinari
840 1484 1093 1548 possunt,
1125 1494 1238 1531 non
1267 1478 1528 1532 inﬁmum
1569 1494 1708 1541 esse,
1730 1476 1949 1530 sincera
1979 1490 2064 1528 sa-

467 1585 576 1623 crae
596 1568 812 1639 paginae
841 1567 1111 1621 relatione
1141 1567 1190 1619 ei
1221 1566 1622 1620 miraculorum
1653 1564 1930 1619 evidentia
1976 1563 2064 1617 di-

469 1657 726 1720 dicimus,
749 1673 850 1727 ego
883 1658 1077 1726 Agano
1110 1655 1240 1708 licet
1256 1655 1541 1724 indignus,
1556 1653 1853 1708 Eduensis
1872 1658 2063 1706 tamen

2153 675 2432 739 scopatus,
2465 671 2533 723 ad
2566 672 2847 736 ecclesias,
2893 674 3040 727 vicos
3089 681 3146 727 et
3192 674 3476 728 cimeteria
3513 677 3574 728 Β.
3611 677 3757 729 Ger-

2147 758 2300 810 mani
2334 760 2652 828 coniugium
2687 762 2938 827 iecerint,
2972 768 3029 816 et
3057 754 3192 816 inibi
3225 771 3450 834 peracto
3473 764 3606 817 anni
3630 781 3759 835 spa-

2143 846 2240 903 tio,
2271 849 2512 901 statione
2537 850 2619 902 vel
2676 851 2903 921 hospitii
2958 853 3292 907 necessitate
3318 854 3602 907 immorati
3632 854 3750 907 fue-

2144 935 2275 998 rint,
2309 938 2379 989 ad
2411 938 2700 992 ecclesiam
2733 940 2943 994 scilicet
2974 943 3032 994 Β.
3067 943 3300 996 Joannis
3354 943 3748 1013 Evangelistae,

2145 1040 2270 1094 qua
2299 1025 2449 1095 apud
2478 1025 2716 1080 Barrum
2747 1030 2857 1082 sita
2885 1016 2988 1093 est,
3022 1036 3079 1084 et
3107 1031 3397 1084 ecclesiam
3463 1033 3521 1086 S.
3555 1033 3752 1086 Satur-

2145 1113 2262 1166 nini
2289 1115 2357 1167 de
2381 1115 2638 1169 Planesia
2664 1121 2720 1170 et
2747 1119 3037 1172 ecclesiam
3063 1119 3119 1175 S.
3143 1120 3372 1174 Martini
3405 1121 3472 1174 de
3493 1121 3754 1175 Dronen-

2143 1201 2274 1267 tico,
2306 1203 2473 1257 liceat
2501 1206 2896 1275 praedictarum
2930 1209 3289 1263 ecclesiarum
3311 1210 3545 1268 clericis.
3569 1227 3748 1280 quan-

2144 1292 2242 1346 diu
2271 1294 2647 1348 communiter
2676 1301 2731 1348 et
2779 1295 2900 1350 sine
2957 1298 3182 1369 proprio
3234 1299 3488 1364 vixerint,
3529 1299 3657 1352 illos
3681 1305 3748 1354 ut

2144 1383 2403 1452 proprios
2425 1385 2799 1454 parochianos
2829 1385 3055 1453 habere,
3094 1394 3151 1441 et
3181 1387 3491 1442 oblationes
3519 1405 3744 1458 eorum,

2145 1486 2285 1540 quas
2309 1471 2541 1526 vivendo
2573 1489 2672 1527 seu
2703 1474 2996 1530 moriendo
3026 1493 3126 1546 pro
3170 1494 3230 1530 se
3259 1476 3583 1543 obtulerint,
3618 1495 3746 1532 sus-

2146 1559 2348 1630 cipere,
2385 1567 2441 1615 et
2459 1561 2670 1632 absque
2699 1564 2870 1618 ullius
2900 1582 3151 1635 personae
3179 1565 3569 1636 inquietudine
3608 1568 3746 1620 reti-

2147 1665 2306 1706 nere.
2345 1650 2451 1714 Qui
2477 1668 2603 1705 vero
2628 1669 2688 1706 se
2715 1653 2794 1706 eis
2833 1656 2988 1724 prius
3021 1660 3084 1709 ut
3107 1655 3476 1726 parochianus
3494 1672 3607 1709 non
3620 1657 3750 1726 jun-

471 1745 748 1807 Ecclesiae,
773 1745 990 1799 utinam
1027 1761 1139 1798 non
1169 1744 1238 1797 ad
1291 1744 1689 1798 detrimentum
1743 1759 1952 1806 meum,
1985 1742 2127 1817 di-B
2150 1740 2308 1803 xerit,
2339 1739 2385 1794 si
2417 1746 2607 1795 tamen
2639 1741 2696 1796 in
2723 1743 2833 1796 alia
2861 1744 3124 1814 parochia
3155 1745 3399 1798 moriens
3428 1745 3644 1815 aliquid
3680 1745 3750 1800 de

469 1842 592 1890 ctus
617 1835 929 1906 episcopus,
983 1834 1172 1888 videns
1227 1834 1358 1887 olim
1411 1833 1592 1887 locum
1644 1833 1702 1886 in
1759 1849 1870 1903 quo
1915 1849 2064 1886 nunc

467 1924 716 1997 praedicti
745 1924 1078 1978 confessoris
1105 1922 1348 1977 Ecclesia
1392 1922 1579 1975 divino
1635 1927 1774 1977 nutu
1819 1922 1928 1975 sita
1957 1927 2060 1986 est,

470 2013 730 2084 religioni
755 2013 873 2067 fore
896 2029 1226 2082 congruum,
1260 2016 1323 2065 ut
1352 2016 1480 2082 pote
1527 2011 1596 2064 ab
1627 2011 1780 2065 omni
1827 2011 2066 2082 strepitu

469 2103 727 2174 populari
748 2107 1028 2156 remotum
1060 2101 1430 2172 quorumdam
1482 2101 1650 2156 etiam
1702 2101 1973 2154 relatione
2011 2105 2068 2154 et

471 2191 899 2262 sepulchrorum
947 2208 1070 2262 quae
1117 2190 1194 2244 ibi
1248 2190 1653 2244 effodiebantur
1707 2190 2067 2243 attestatione

468 2280 826 2350 comperiens
855 2280 972 2334 Deo
1003 2280 1288 2350 quondam
1319 2297 1440 2333 esse
1473 2280 1740 2341 dicatum,
1765 2279 2064 2348 quemdam

470 2367 631 2422 bonae
662 2367 783 2421 vita
797 2367 1189 2438 presbyterum
1223 2366 1576 2421 Bernardum
1605 2366 1831 2420 nomine
1869 2366 1938 2419 de
1976 2383 2065 2420 re-

471 2457 678 2528 ligione
703 2457 953 2523 conveni,
1005 2463 1060 2510 et
1115 2463 1180 2511 ut
1203 2456 1306 2511 sub
1335 2457 1614 2511 canonica;
1644 2456 1767 2510 vitae
1795 2455 2068 2510 institutis

473 2546 553 2601 ibi
575 2547 690 2601 Deo
715 2553 773 2602 et
799 2551 1227 2617 priamemorato
1255 2546 1556 2600 confessori
1587 2546 1893 2599 deserviret
1923 2561 2068 2616 saepe

473 2653 603 2691 eum
635 2653 886 2690 monens.
914 2644 979 2690 ut
996 2637 1222 2690 tandem
1257 2635 1482 2690 monitis
1514 2635 1653 2688 meis
1682 2635 2070 2705 acquiesceret

476 2725 714 2790 obtinui,
749 2742 814 2779 ea
842 2724 1159 2778 conditione
1193 2722 1542 2794 interposita,
1573 2711 1635 2776 ut
1657 2723 1904 2794 quandiu
1933 2723 2071 2776 mihi

473 2813 588 2869 vita
659 2831 844 2869 comes
918 2820 1082 2875 esset,
1162 2817 1220 2866 et
1291 2829 1355 2867 ex
1429 2812 1616 2866 divina
1690 2811 2074 2865 misericordia

476 2909 819 2975 oportunum
847 2905 1030 2962 ﬁeret.
1053 2903 1308 2973 ejusdem
1329 2902 1434 2956 loci
1463 2901 1954 2956 commoditatibus
1982 2902 2071 2955 in-

479 2993 765 3047 servirem.
801 2993 961 3048 Unde
1019 2999 1214 3062 postea
1260 2991 1609 3063 comperiens
1654 3008 1688 3044 a
1733 2991 2067 3062 quibusdam

2149 1826 2308 1881 bonis
2327 1828 2463 1894 suis,
2511 1831 2590 1885 eis
2645 1833 2732 1886 vel
2784 1849 2975 1887 eorum
3034 1833 3280 1888 ecclesiis
3339 1834 3627 1888 dimittere
3665 1834 3750 1888 vel

2147 1917 2294 1987 apud
2321 1919 2630 1988 quamlibet
2646 1938 2838 1976 eorum
2863 1923 3154 1976 ecclesiam
3171 1923 3518 1994 sepulturam
3539 1923 3749 1978 habere

2151 2007 2405 2072 voluerit,
2439 2009 2484 2062 si
2508 2010 2834 2083 presbytero
2864 2029 2966 2066 suo
2996 2013 3142 2083 quod
3183 2011 3454 2083 placuerit
3481 2013 3570 2066 vel
3599 2029 3749 2066 com-

2149 2102 2344 2168 petens
2373 2098 2702 2169 obsequium
2733 2102 3079 2172 persolverit,
3095 2101 3381 2172 praemissa
3409 2101 3750 2156 auctoritate

2149 2187 2458 2253 ﬁrmamus,
2491 2193 2557 2242 ut
2574 2188 2679 2242 hoc
2710 2206 2930 2260 quoque
2970 2189 3178 2244 nullius
3206 2190 3488 2244 calumnia
3514 2191 3601 2243 vel
3621 2206 3750 2244 con-

2147 2276 2482 2331 tradictione
2511 2277 2871 2348 impediatur.
2887 2279 3218 2350 Quicunque
3249 2280 3424 2350 igitur
3453 2281 3745 2334 szecularis

2149 2365 2237 2418 vel
2289 2365 2522 2420 clericus
2577 2367 2970 2437 praedictarum
3035 2369 3396 2423 ecclesiarum
3441 2370 3749 2424 cimeteriis

2149 2470 2384 2525 corpora
2412 2473 2516 2510 sua
2569 2457 2793 2528 sepeliri
2842 2458 2914 2512 ad
2969 2460 3394 2513 sustentandam
3436 2477 3750 2531 pauperum

2150 2544 2356 2598 Christi
2388 2546 2714 2617 pauperiem
2746 2548 3141 2609 concesserint,
3175 2549 3221 2602 si
3253 2548 3451 2603 viatico
3493 2551 3747 2620 corporis

2150 2639 2206 2686 et
2237 2635 2528 2704 sanguinis
2557 2637 2690 2689 Jesu
2748 2637 2955 2691 Christi
3012 2637 3330 2708 praemuniti
3386 2646 3746 2709 peccatorum

2153 2724 2556 2777 confessionem
2597 2725 2919 2788 habuerint,
2954 2743 3122 2797 quam
3174 2744 3472 2798 possumus
3500 2732 3558 2780 et
3587 2727 3754 2781 debe-

2153 2828 2280 2866 mus
2311 2812 2722 2868 absolutionem
2753 2815 3089 2869 auctoritate
3119 2815 3279 2870 nobis
3298 2817 3603 2871 commissa
3625 2834 3754 2871 sus-

2151 2902 2335 2972 cipere
2366 2908 2704 2957 mereantur.

2224 2990 2278 3045 S.
2313 2992 2598 3061 Aganonis
2627 2992 2871 3064 episcopi
2902 2994 3226 3054 JEduensis.

479 3038 558 3047 *ν’
583 3038 765 3047 ’⁵⁸ν⁶⁸“’
809 3038 960 3048 “'""“"
1019 3038 1214 3062 r"'"‘"'
1263 3038 1473 3063 """l'"
1489 3038 1608 3046 “'""
1654 3038 1688 3044 "
1736 3038 2067 3062 Ὶ““Ὗ’““’“’”“”’
2224 3038 2278 3045 τ’
2313 3038 2596 3061 ““”Ο’⁷““””“’
2629 3038 2871 3064 νΓ“’ν“ἰ¹⁸
2902 3038 3003 3049 ⁸⁸⁵⁸⁸⁸

476 3082 839 3153 presbyteris,
865 3082 1164 3152 ingruente
1217 3081 1468 3142 avaritia,
1510 3081 1786 3152 praedictae
1816 3080 2069 3134 Ecclesia:
2089 3038 2134 3100 ο
2226 3080 2282 3134 S.
2314 3080 2571 3136 Widonis
2603 3083 3008 3142 archidiaconi.

476 3173 771 3226 commodo
802 3171 1083 3242 impediri,
1118 3178 1174 3225 et
1194 3188 1294 3241 pro
1321 3170 1607 3224 exactione
1651 3170 1900 3235 illorum,
1925 3187 2065 3240 quae,

476 3260 558 3315 illi
584 3277 723 3332 quos
750 3260 1064 3332 presbyteri
1085 3259 1453 3331 parochianos
1472 3277 1603 3314 suos
1636 3259 1912 3322 dicebant,
1955 3260 2068 3313 Deo

477 3355 535 3406 et
553 3349 716 3405 beato
740 3351 1020 3405 Germano
1051 3367 1152 3420 pro
1189 3349 1437 3403 remedio
1459 3348 1660 3403 animae
1706 3366 1819 3404 sua:
1847 3348 2070 3402 dimise-

475 3443 625 3505 rant,
657 3438 947 3508 religiosos
982 3438 1130 3492 viros
1177 3437 1498 3507 inquietari,
1531 3437 1703 3492 statui
1739 3437 2071 3491 auctoritate

475 3529 659 3582 Patris
701 3533 758 3581 et
803 3527 928 3581 Filii
979 3532 1036 3580 et
1083 3527 1327 3598 Spiritus
1380 3527 1578 3591 sancti,
1621 3533 1678 3580 et
1731 3525 1880 3579 beati
1919 3525 2071 3579 Petri

479 3617 860 3687 apostolorum
886 3615 1172 3686 principis,
1205 3614 1357 3668 beati
1387 3631 1610 3685 quoque
1639 3615 1860 3668 Nazarii
1890 3621 2075 3685 patro-

475 3704 535 3758 ni
563 3720 780 3759 necnon
833 3703 1025 3757 domni
1077 3703 1334 3773 Gregorii
1387 3720 1564 3775 papae,
1606 3703 1800 3757 domni
1852 3719 2076 3774 quoque

2225 3170 2281 3224 S.
2315 3170 2570 3238 Hugonis
2601 3172 2884 3228 archidiac
2898 3219 2910 3230 .

2225 3258 2279 3312 S.
2314 3259 2499 3313 Sevini
2531 3260 2838 3318 archidiac.
2878 3267 2936 3316 et
2957 3263 3267 3334 praepositi.

2226 3346 2283 3401 S.
2318 3347 2605 3417 Norgaudi
2633 3348 2847 3402 archid.
2879 3355 2936 3403 et
2959 3351 3224 3404 cantoris.

2226 3437 2282 3492 S.
2315 3437 2561 3492 Ramerii
2593 3439 3065 3510 archipresbyteri
3091 3441 3413 3496 cardinalis.

2230 3526 2285 3581 S.
2313 3526 2544 3581 Roberti
2575 3527 3066 3599 archipresbyteri.
3093 3555 3098 3558 ·

2229 3616 2288 3670 S.
2322 3616 2576 3670 Durandi
2596 3616 2891 3687 capellani.

1124 4010 2144 4130 AGANONIS
2220 4017 3078 4132 EPISGOPI

1001 4215 1102 4281 ET
1149 4214 1516 4283 ALIORUM
1560 4211 2116 4283 LUGDUNENSIS
2165 4216 2611 4283 PROVINCIZE
2659 4214 3218 4284 EPISCOPORUM

1785 4387 2452 4483 EPISTOLA

1218 4577 1402 4654 PRO;
1437 4576 1805 4639 RADULFO
1858 4576 2314 4640 TURONENSI
2365 4577 2996 4638 ARCHIEPISCOPO

1529 4736 1807 4818 (MABILL.
1853 4689 2084 4798 nimia].
2131 4736 2359 4799 Bened.
2405 4739 2482 4803 V.
2527 4737 2694 4816 176.)

550 4977 627 5050 (1)
658 4979 726 5034 Α.
785 4975 1034 5050 [Agano]
1072 4977 1594 5049 Augustodunensis
1651 4981 1963 5053 episcopus,
2003 4981 2074 5036 R.

481 5061 832 5134 [Rainaldus]
886 5060 1274 5131 Lingonensis,
1308 5063 1375 5117 G.
1429 5061 1802 5135 [Gualterius]
1853 5065 2074 5120 Cabilo-

478 5153 689 5220 nensis,
740 5152 804 5206 L.
861 5148 1217 5223 [Landricus]
1247 5150 1598 5207 Matiscensis
1665 5155 1778 5208 vice
1818 5156 2073 5226 primatis

554 5295 624 5364 (ll
657 5295 734 5370 In_
760 5293 1005 5370 Eccl_esia
1031 5294 1344 5370 Turonensi
1399 5303 1532 5352 tunc
1581 5298 1837 5370 ingentes
1866 5307 2070 5356 exortae

481 5367 804 5422 suntturbaa
867 5367 1070 5421 Earum
1100 5367 1316 5422 occasio
1334 5373 1391 5421 et
1420 5385 1590 5424 causa
1614 5367 1678 5423 ei
1708 5387 1773 5425 eo
1802 5378 1936 5425 nata
1959 5379 2063 5435 est,

478 5439 627 5510 quod
672 5438 946 5511 Radulfus
991 5439 1440 5511 archiepiscopus
1482 5441 1692 5495 faveret
1745 5443 1946 5497 Amato
2013 5449 2070 5498 et

481 5509 930 5585 Huggnipiensi
968 5509 1245 5585 episcopo,
1289 5509 1436 5565 sedis
1470 5513 1788 5585 apostolicae
1843 5515 2061 5585 legatis,

481 5579 861 5652 qui’Philippo
884 5579 1015 5650 regi
1026 5579 1380 5656 episcopatus
1409 5579 1574 5655 regni
1599 5587 1687 5640 sui
1731 5579 1953 5642 auferre
1975 5579 2066 5642 vo;

2159 4996 2350 5035 curam
2366 4995 2569 5051 gerens
2592 4977 2848 5033 Ecclesia:
2873 4976 3265 5047 Lugdunensis
3291 4991 3419 5030 cum
3446 4978 3569 5029 toto
3598 4973 3746 5046 Lug-

2157 5070 2426 5124 dunensis
2456 5068 2711 5124 Ecclesiae
2731 5073 3026 5127 conventu,
3047 5065 3306 5120 omnibus
3327 5065 3625 5136 provincia?
3644 5065 3749 5118 Tu-

2155 5160 2411 5215 ronensis
2439 5158 2733 5231 episcopis,
2763 5155 3077 5222 abbatibus,
3107 5156 3321 5210 clericis
3367 5161 3426 5208 et
3454 5155 3744 5208 monachis

2150 5302 2361 5358 lebant.
2393 5304 2537 5357 Hinc
2574 5318 2669 5356 rex
2698 5300 2929 5354 Fulconi
2960 5299 3206 5354 Rechino
3255 5297 3443 5352 comiti
3481 5299 3743 5366 Andega-

2150 5392 2344 5429 vorum
2373 5374 2616 5444 injunxit
2641 5378 2704 5426 ut
2733 5371 3209 5444 archiepiscooum
3249 5370 3379 5444 sede
3408 5385 3511 5444 sua
3544 5370 3742 5438 dejice-

2149 5453 2274 5511 ret;
2309 5441 2594 5516 quo'facto
2620 5441 2941 5513 praadictus’
2965 5442 3235 5516 Rodulfus
3281 5441 3615 5516 Gregorium
3649 5458 3744 5512 pa-

2147 5534 2275 5589 pam
2310 5512 2407 5588 per
2425 5512 2652 5589 nuntios
2671 5515 3067 5589 interpellavit,
3091 5520 3155 5568 ut
3172 5529 3358 5589 comes
3377 5512 3743 5589 Andegaven-

2146 5584 2224 5644 sis
2243 5599 2301 5644 et
2311 5584 2581 5645 canonici
2597 5587 2789 5643 Sancti
2823 5584 3084 5652 Martini,
3133 5585 3231 5658 qui
3277 5585 3399 5656 ejus
3427 5584 3648 5655 legatos
3683 5585 3742 5638 in
