4040 6182
247 234 395 292 1545

1046 184 1057 195 Β
1092 228 1436 285 ODALRICI
1478 226 1887 283 PRAEPOSITI
1926 223 2098 279 REM.
2139 222 2697 279 TESTAMENTUM.

3398 222 3537 281 1536

238 364 415 431 atque
440 356 603 411 laicis
634 351 1029 409 obedientibus
1057 352 1124 406 R.
1158 352 1458 407 venerabili
1480 353 1854 424 archiepisco-
1876 354 2107 419 Aquam
2156 347 2478 417 episc0pum
2526 347 2986 413 Andegavensem
3036 353 3093 402 et
3137 347 3442 403 monachos
3469 348 3542 403 ad

237 467 314 521 po
342 445 677 507 Turonensi,
709 444 954 497 divinam
986 441 1230 509 gratiam
1266 450 1325 496 et
1353 460 1533 496 suam.

316 538 498 601 Quam
529 535 673 588 mira
702 531 1038 586 crudelitate
1078 531 1243 584 Fulco
1270 548 1455 585 comes
1488 532 1855 601 Andegaven-

242 627 324 681 sis
350 626 547 679 matris
581 622 838 677 Ecclesia
867 621 1209 675 Turonensis
1259 621 1561 673 visceribus
1605 621 1856 690 gladium

245 732 364 769 sua
391 711 792 785 persecutionis
814 709 1175 771 immerserit,
1230 726 1397 779 quam
1448 710 1689 779 superba
1715 726 1860 779 prae-

248 804 573 874 sumptione
635 801 902 855 adversus
961 798 1216 851 eamdem
1276 805 1510 851 matrem
1570 799 1861 851 ecclesiam

250 891 515 947 monachi
546 890 775 960 Majoris
820 886 1146 941 Monasterii
1184 887 1608 945 insurrexerint,
1644 888 1861 941 nullum

252 987 505 1035 vestrum
536 978 818 1032 credimus
849 977 1129 1045 ignorare.
1156 976 1269 1029 Nec
1299 992 1393 1029 vos
1429 976 1566 1028 latet
1593 974 1863 1029 Gaufrido

252 1067 648 1138 Andegavensi
692 1065 951 1137 episcopo
988 1080 1102 1118 non
1149 1064 1345 1117 deesse
1392 1069 1733 1134 potestatem,
1770 1080 1865 1117 co-

254 1158 428 1231 gendi
459 1158 760 1211 Fulconem
790 1155 861 1209 ad
902 1153 1048 1208 tanti
1088 1153 1352 1207 facinoris
1391 1154 1861 1217 emendationem,

259 1248 311 1303 si
334 1245 541 1301 divinis
563 1262 729 1317 quam
747 1242 1057 1315 tyrannicis
1086 1242 1387 1312 praceptis
1399 1242 1627 1295 obedire
1652 1241 1875 1312 praeli-

259 1341 444 1409 geret,
519 1341 576 1390 et
634 1334 784 1404 apud
858 1348 988 1386 eum
1054 1330 1424 1384 districtionis
1485 1331 1873 1385 ecclesiastica

263 1424 683 1499 quantumlibet
698 1421 950 1476 studium
966 1420 1192 1490 vigeret.
1223 1421 1347 1490 Ipse
1376 1436 1504 1474 vero
1525 1420 1874 1491 propositum

259 1532 378 1570 sua
408 1512 771 1585 professionis
798 1510 1033 1568 violans.
1059 1525 1160 1563 nec
1191 1508 1394 1563 divinis
1437 1509 1740 1570 mandatis,
1772 1525 1875 1563 nec

261 1602 677 1673 archiepiscopi
707 1600 794 1656 sui
826 1598 1053 1653 monitis
1083 1597 1348 1652 obediens
1381 1615 1508 1652 cum
1531 1598 1797 1652 fratribus
1818 1597 1875 1651 in

1937 444 2142 491 sancta
2168 436 2317 490 sedis
2353 436 2743 506 Lugdunensis
2775 454 3025 498 examen,
3056 438 3335 506 justitiam
3362 439 3543 491 factu-

1940 542 2030 580 ros
2062 533 2118 578 et
2147 535 2474 595 accepturos
2504 527 2829 579 invitamus.
2860 526 3071 590 Quibus
3097 528 3165 580 ad
3194 527 3341 579 diem
3370 533 3547 581 statu-

1940 621 2082 672 tum.
2112 614 2389 683 judicium
2448 631 2547 684 per
2601 615 2915 668 absentiam
2968 614 3334 684 fugientibus,
3380 623 3438 669 et
3487 616 3542 669 in

1944 704 2311 774 perversitate
2360 720 2465 755 sua
2517 704 2891 767 manentibus,
2947 704 3264 774 episcopum
3321 705 3549 774 quidem

1943 793 2403 861 Andegavensem
2435 792 2505 845 ab
2544 793 2846 862 episcopali
2876 800 2933 847 et
2960 794 3290 847 sacerdotali
3345 793 3547 860 officio,

1946 882 2093 951 quod
2137 888 2193 933 et
2245 898 2379 935 suus
2426 882 2873 952 archiepiscopus
2914 882 2963 936 ei
3011 882 3393 946 interdixerat,
3424 900 3550 937 sus-

1947 970 2243 1040 pendimus
2276 989 2284 1023 :
2324 970 2625 1023 Fulconem
2658 988 2786 1023 vero
2813 988 2937 1024 cum
2974 972 3262 1025 monachis
3294 972 3555 1041 Majoris-

1947 1059 2271 1113 Monasterii
2320 1076 2384 1113 ex
2423 1060 2757 1114 auctoritate
2804 1061 2860 1114 Β.
2920 1061 3070 1114 Petri
3116 1068 3285 1132 atque
3333 1061 3558 1115 Domini

1950 1149 2204 1218 Hugonis
2234 1149 2490 1219 primatis
2539 1156 2595 1202 et
2641 1150 2908 1203 Romana
2959 1151 3212 1205 Ecclesia
3260 1152 3430 1222 legati
3461 1168 3558 1205 ex-

1956 1237 2478 1291 communicationis
2516 1239 2704 1309 gladio
2743 1239 3143 1309 percussimus.
3180 1240 3388 1294 Omnes
3419 1257 3561 1312 quo-

1959 1343 2067 1397 que
2088 1327 2338 1380 fautores
2370 1344 2584 1393 eorum,
2618 1345 2717 1382 seu
2747 1345 2873 1381 cum
2906 1328 3043 1398 ipsis
3079 1330 3563 1385 communicantes

1960 1417 2064 1471 sub
2116 1418 2309 1471 eadem
2355 1418 2926 1473 excommunicatione
2957 1419 3351 1474 conclusimus.
3386 1420 3567 1476 Obse-

1960 1512 2182 1560 crantes
2210 1513 2401 1561 autem
2432 1508 2844 1562 fraternitatem
2896 1514 3137 1562 vestram
3182 1510 3481 1564 hortamur
3502 1514 3568 1565 ut

1961 1595 2160 1650 matris
2186 1602 2382 1651 vestra
2412 1597 2719 1659 doloribus,
2755 1598 2901 1652 sicut
2938 1598 3085 1668 patri
3129 1598 3231 1652 ﬁlii
3270 1599 3570 1654 condolen—

270 1691 657 1749 defensionem
698 1688 933 1765 justitia
991 1686 1415 1750 desudantibus,
1465 1704 1560 1741 cor
1606 1703 1771 1741 suum
1821 1687 2069 1773 inBtes,
2104 1685 2213 1755 ipsi
2245 1690 2365 1739 tota
2390 1686 2599 1739 virtute
2638 1686 2888 1740 solatiari
2938 1687 3214 1741 studeatis
3243 1693 3300 1741 et
3328 1688 3570 1742 Radulfo

266 1782 385 1838 otio
416 1786 474 1836 et
502 1779 715 1834 deliciis
736 1777 991 1832 nutriens
1010 1776 1147 1830 fovit
1176 1776 1355 1846 magis
1382 1792 1551 1846 quam
1583 1776 1882 1847 impugna-
1966 1775 2087 1844 ejus
2109 1775 2546 1846 archiepiscopo,
2578 1775 2723 1829 sicut
2752 1775 2897 1845 patri
2929 1781 3112 1830 vestro
3150 1777 3401 1831 totaliter
3438 1776 3572 1831 obe-

267 1871 348 1926 vit
378 1868 690 1942 supradicti
741 1866 999 1922 Fulconis
1032 1866 1326 1919 malitiam.
1364 1866 1505 1919 Cum
1535 1882 1667 1936 ergo
1715 1882 1885 1937 super
1965 1863 2152 1925 diatis,
2191 1880 2292 1917 nec
2336 1881 2463 1918 cum
2502 1865 2841 1935 supradictis
2881 1866 3377 1920 excommunicatis
3418 1882 3573 1921 com-

269 1961 362 2015 his
394 1958 655 2013 omnibus
685 1958 897 2011 clamor
931 1955 1275 2009 Turonensis
1323 1954 1583 2008 Ecclesia
1632 1962 1883 2009 nostram
1967 1952 2283 2017 municetis,
2342 1970 2412 2006 ne
2467 1953 2685 2008 animas
2724 1959 2940 2008 vestras
2987 1953 3205 2027 alienis.
3232 1954 3574 2010 facinoribus

271 2051 562 2122 pulsasset
603 2045 1055 2111 sollicitudinem,
1108 2049 1227 2098 tam
1274 2044 1576 2099 Fulconem
1625 2044 1890 2099 comitem
1972 2042 2306 2111 aggravetis.
2340 2042 2551 2097 Valete.

275 2207 640 2282 processione
668 2204 1265 2285 recipere_nolucrant,
1286 2221 1425 2285 cum
1466 2209 1587 2285 toto
1632 2220 1779 2275 pago
1805 2221 1894 2285 ex-
1974 2203 2388 2285 Lugdunensis,
2441 2209 2680 2285 vacante
2710 2209 2846 2285 tunc
2889 2211 3015 2285 post
3054 2209 3299 2285 mortem
3339 2205 3582 2262 Gebuini

277 2275 852 2336 communicarentur.
906 2276 1178 2348 Fulconis
1225 2277 1396 2348 etiam
1457 2281 1646 2348 partes
1711 2281 1893 2330 secta-
1976 2275 2381 2348 archiepiscopi
2424 2276 2805 2348 _Lugdunensi
2870 2275 3120 2341 ecclesia,
3174 2279 3336 2348 cujus
3385 2294 3583 2334 curam

276 2352 493 2407 bantur
523 2347 1113 2419 Majoris-Monasterii
1144 2347 1424 2406 monachi,
1460 2347 1542 2400 uti
1575 2364 1677 2401 nos
1694 2348 1897 2402 docent
1979 2351 2112 2400 tunc
2137 2346 2378 2416 gessisse
2407 2346 2613 2401 dicitur
2640 2348 2936 2419 episcopus
2962 2346 3407 2405 Matisconensis.

279 2424 489 2478 littera
508 2419 800 2491 Aganonis
831 2425 889 2474 et
917 2418 1159 2473 aliorum
1179 2420 1569 2490 episcoporum
1601 2419 1897 2490 provincia

299 2618 3598 2676 ὼ

1547 2831 1736 2876 INTRA
1779 2833 1993 2878 ANNUM
2037 2835 2355 2881 MLXXV-MC

559 3033 1358 3171 ODALRICI
1455 3033 2394 3171 PMPOSITI
2493 3036 3335 3173 REMENSIS

1457 3304 2452 3420 TESTAMENTUM

302 3533 544 3615 (Gallia
570 3531 942 3611 Christiana,
971 3551 1118 3596 nov.
1141 3532 1290 3595 edit.
1316 3536 1366 3597 t.
1390 3534 1467 3612 X,
1500 3533 1817 3613 Append.,
1842 3553 1906 3612 p.
1932 3533 2031 3609 27,
2058 3553 2133 3595 ex
2151 3553 2267 3597 ms.
2294 3535 2437 3597 cod.
2462 3534 2861 3598 bibliotheca
2883 3535 3262 3599 cathedralis
3285 3536 3598 3618 ecclesia)

378 3828 455 3884 In
496 3828 726 3883 nomine
772 3834 978 3883 sancta
1025 3833 1082 3883 et
1124 3828 1427 3883 individua
1455 3828 1771 3893 Trinitatis,
1814 3846 1918 3900 ego
1937 3832 1979 3891 C
2003 3830 2304 3901 quotannis
2334 3830 2391 3883 in
2421 3830 2607 3900 prima
2630 3834 2924 3889 Dominica
2963 3832 3249 3887 Adventus
3277 3833 3503 3887 Domini
3533 3834 3606 3888 ad

306 3920 633 3976 ODALRICUS
670 3925 880 3972 sancta
924 3918 1215 3972 Remensis
1270 3918 1526 3972 Ecclesia
1570 3919 1919 3989 praepositus,

306 4008 394 4063 ita
423 4012 831 4061 testamentum
862 4023 1048 4061 meum
1076 4007 1135 4060 in
1168 4007 1280 4060 vita
1303 4007 1475 4062 statui
1507 4007 1789 4070 ordinare,
1823 4008 1926 4061 sic-

309 4113 429 4168 que
461 4095 589 4149 lites
620 4096 705 4149 vel
733 4096 1143 4150 controversias
1174 4113 1297 4166 qua
1328 4102 1558 4167 possent
1594 4096 1797 4151 exoriri
1826 4097 1926 4150 de-

309 4184 507 4238 finire.

2007 3918 2368 3971 dividendum
2399 3917 2548 3971 inter
2570 3938 2629 3975 se
2660 3936 2827 3990 Lxxn,
2870 3919 3026 3974 dabit
3060 3923 3228 3973 etiam
3267 3920 3323 3972 in
3362 3920 3608 3975 secunda

2006 4006 2147 4059 feria
2175 4012 2231 4060 et
2260 4006 2500 4076 septima
2530 4010 2703 4064 totius
2752 4010 3035 4064 Adventus
3071 4009 3353 4062 canonicis
3378 4009 3436 4063 in
3465 4009 3607 4063 refe-

2010 4094 2185 4148 ctorio
2211 4111 2403 4147 caseos
2427 4113 2439 4161 ;
2475 4097 2623 4165 quod
2645 4096 2691 4149 si
2711 4096 3013 4151 incurrerit
3050 4096 3321 4151 festivitas
3350 4099 3433 4151 vel
3458 4098 3609 4168 jeju-

2010 4182 2188 4247 nium,
2213 4199 2325 4235 non
2345 4182 2503 4237 dabit
2521 4200 2622 4238 nec
2637 4185 2981 4239 restaurabit
3004 4202 3017 4250 ;
3049 4201 3115 4238 ex
3144 4184 3404 4239 omnibus
3420 4192 3612 4240 autem

383 4273 605 4327 Notum
636 4272 758 4325 volo
795 4273 914 4326 ﬁeri
944 4279 1060 4327 tam
1098 4272 1462 4342 prasentibus
1501 4290 1670 4344 quam
1719 4272 1925 4327 futuris
2013 4288 2152 4342 quos
2173 4271 2401 4325 habebit
2427 4289 2529 4343 per
2547 4278 2728 4327 totum
2758 4291 2969 4329 annum
2991 4275 3060 4328 de
3089 4274 3307 4328 vacaria
3332 4276 3612 4345 persolvet

309 4361 472 4435 quod
504 4360 749 4414 alodium
789 4362 857 4414 de
890 4362 1231 4416 Olchiuiaro.
1281 4363 1428 4433 quod
1473 4379 1575 4433 ego
1612 4362 1872 4416 tenebam
1897 4378 1933 4415 a
2014 4361 2287 4414 decimam
2322 4362 2526 4415 Sancto
2547 4363 2831 4434 Dionysio,
2868 4363 3013 4417 sicut
3040 4369 3097 4417 et
3133 4380 3234 4433 ego
3276 4363 3384 4416 foci
3414 4363 3472 4418 in
3501 4365 3616 4418 vita

308 4449 606 4508 canonicis
640 4450 855 4504 Sancta
902 4452 1087 4505 Maria
1125 4452 1191 4504 ad
1234 4461 1546 4507 trecensum
1595 4453 1807 4506 scilicet
1832 4467 1932 4522 pro
2015 4465 2176 4515 mea;
2205 4449 2492 4503 residuum
2527 4466 2656 4504 vero
2685 4451 2730 4503 si
2760 4452 2907 4521 quod
2933 4450 3121 4515 fuerit,
3153 4451 3397 4506 servabit
3419 4453 3491 4506 ad
3516 4453 3616 4507 de-

307 4539 518 4597 solidis
551 4553 623 4606 VI,
655 4540 1011 4609 augmentavi
1058 4559 1225 4611 quam
1277 4542 1476 4595 melius
1523 4542 1699 4612 potui,
1741 4540 1933 4611 acqui-
2015 4538 2303 4591 tinendam
2354 4538 2651 4593 vacariam.
2694 4540 2852 4594 Unde
2906 4557 3002 4593 oro
3054 4541 3198 4594 hanc
3247 4558 3281 4595 a
3336 4542 3618 4597 canonicis

308 4628 500 4684 rendo
547 4627 617 4680 ad
664 4627 1076 4682 incrementum
1131 4630 1277 4683 illius
1324 4637 1503 4684 terras
1550 4630 1809 4683 videlicet
1864 4629 1933 4682 de
2016 4627 2465 4692 retributionem,
2507 4633 2569 4682 ut
2606 4628 2665 4682 in
2708 4630 2963 4699 sequenti
2996 4629 3131 4684 feria
3162 4637 3289 4701 post
3331 4638 3618 4703 acceptam

308 4733 524 4786 campo
547 4715 641 4786 qui
665 4723 892 4771 vocatur
912 4718 1118 4775 Limaz,
1147 4735 1271 4772 cuni
1316 4720 1534 4773 cateris
1564 4720 1710 4778 aliis,
1744 4718 1935 4772 multi-
2016 4716 2340 4787 pradictam
2364 4715 2806 4769 benedictionem
2831 4716 3033 4773 anima
3070 4736 3205 4773 mea
3234 4720 3442 4775 faciant
3466 4737 3620 4775 com-

309 4804 587 4881 plicando
630 4822 860 4860 censum
918 4824 1134 4861 necnon
1186 4808 1446 4875 vinatica,
1496 4808 1555 4862 in
1604 4825 1714 4878 quo
1764 4808 1935 4861 etiam
2019 4804 2455 4858 mendationem.
2488 4804 2645 4867 Quod
2681 4805 2747 4869 si,
2780 4805 3129 4876 exigentibus
3150 4810 3408 4879 peccatis,
3445 4826 3621 4864 vacca

310 4895 615 4953 construxi
637 4895 901 4950 vicariam
936 4914 1118 4951 meam
1145 4916 1157 4962 ;
1199 4898 1349 4968 quod
1386 4898 1467 4951 ita
1510 4905 1735 4952 auctum
1765 4904 1935 4969 atque
2018 4894 2125 4947 illa
2137 4911 2331 4947 omnes
2352 4900 2587 4947 mortua
2611 4895 2692 4947 vel
2715 4895 3048 4966 depradata
3064 4897 3293 4963 fuerint,
3313 4900 3459 4969 quod
3476 4916 3622 4970 sape

312 4986 593 5041 vestitum
622 4985 881 5056 relinquo
893 5003 1021 5040 cum
1052 4986 1215 5041 vinea
1234 4987 1641 5041 indominicata
1655 4986 1937 5041 canonicis
2019 4983 2312 5054 contingit,
2338 5000 2436 5037 oro
2458 4984 2755 5037 canonicos
2780 4989 2896 5038 tam
2935 4993 3236 5057 prasentes
3268 5003 3436 5057 quam
3467 4987 3621 5041 futu-

317 5077 554 5131 Sancta
580 5074 769 5129 Maria
810 5076 1103 5130 Remensis
1146 5077 1413 5141 ecclesia,
1452 5082 1623 5148 atque
1667 5084 1729 5131 ut
1769 5077 1842 5130 sit
1880 5076 2132 5148 innros,
2167 5089 2267 5143 pro
2299 5073 2412 5126 Deo
2432 5079 2489 5126 et
2508 5089 2607 5143 pro
2629 5073 2958 5127 remissione
2982 5081 3339 5144 peccatorum
3369 5090 3620 5143 suorum,

316 5162 587 5220 custodia
616 5162 768 5217 illius
789 5164 886 5235 qui
908 5165 1016 5219 erit
1032 5166 1364 5237 prapositus
1394 5166 1464 5221 de
1495 5167 1647 5220 mille
1668 5166 1811 5236 fagis
1831 5162 2002 5220 ἀίειν
2022 5168 2087 5217 ut
2123 5178 2235 5216 non
2259 5162 2553 5216 annullare
2582 5162 2914 5233 permittant
2934 5163 3037 5216 hoc
3056 5178 3354 5216 commune
3382 5178 3626 5219 commo-

315 5269 498 5328 pono,
534 5252 631 5322 qui
661 5253 940 5323 persolvet
968 5254 1253 5321 canonicis
1283 5256 1585 5331 quotannis
1613 5255 1940 5326 pradictum
2024 5253 2157 5306 dum
2187 5252 2429 5306 illorum.
2454 5253 2601 5323 quod
2623 5252 2716 5323 pia
2737 5251 3030 5306 devotione
3051 5251 3331 5318 ordinavi;
3355 5253 3451 5306 sed
3475 5254 3624 5325 quod

315 5348 672 5403 trecensum,
732 5341 947 5395 scilicet
992 5342 1199 5397 solidos
1248 5360 1360 5410 sex,
1420 5350 1476 5398 et
1524 5343 1681 5397 dabit
1722 5335 1942 5397 vacatio
2026 5342 2120 5395 ille
2150 5341 2406 5396 minister
2431 5342 2500 5395 de
2520 5340 2831 5395 redditibus
2862 5339 3016 5392 illius
3046 5340 3214 5395 alodii
3242 5341 3628 5413 redintegrare

318 5428 652 5485 mercedem
676 5446 840 5485 suam
869 5430 939 5485 de
960 5448 1132 5486 censu
1162 5437 1220 5486 et
1248 5432 1506 5487 vinaticis
1537 5449 1659 5503 qua
1688 5432 1826 5486 inibi
1844 5432 1943 5486 de-
2027 5448 2140 5485 non
2196 5432 2420 5500 poterit,
2480 5430 2789 5484 concedant
2837 5427 2958 5481 ﬁeri
3014 5429 3083 5483 de
3129 5430 3431 5484 communi.
3490 5432 3627 5488 Volo

316 5520 560 5582 bentur,
595 5525 652 5572 et
682 5520 831 5589 quod
879 5520 1170 5575 residuum
1197 5521 1386 5588 fuerit,
1422 5521 1666 5576 servabit
1695 5520 1768 5574 ad
1798 5520 1944 5575 deti-
2027 5521 2196 5574 etiam
2245 5526 2303 5573 et
2345 5520 2580 5589 dispono
2628 5524 2693 5573 ut
2744 5516 2997 5571 canonici
3045 5519 3236 5574 Sancti
3275 5520 3522 5592 Dionysii
3570 5522 3631 5578 in

313 5606 581 5667 nendam
611 5607 929 5678 vacariam;
961 5609 1031 5665 de
1060 5609 1237 5666 caseis
1282 5626 1413 5667 vero
1461 5609 1621 5667 dabit
1661 5608 1946 5666 canonicis
2025 5608 2282 5667 custodia
2308 5606 2561 5664 habeant
2588 5612 2646 5665 et
2671 5607 2934 5665 excolant
2958 5606 3211 5667 alodium
3249 5608 3322 5666 de
3368 5610 3632 5670 mutatio-

578 5704 850 5777 Ριηοι.
903 5708 1025 5775 CL.

3312 5707 3394 5773 49
