4040 6182
437 388 1968 420 M

1974 396 3703 428 Μ

1797 565 2078 609 EXEUNTE
2125 565 2359 611 δεδυιο

443 747 2244 961 CONSTANTINUS
2341 759 3720 966 AFRICANUS

1231 1095 2063 1215 CASINENSIS
2136 1099 2928 1197 MONACHUS

595 1521 1270 1659 NOTITIA
1331 1518 2243 1656 HISTORICA
2303 1524 2497 1656 ET
2564 1528 3571 1665 LITTERARIA

1069 1794 1315 1874 (OUDIN,
1353 1791 1680 1855 Comment.
1714 1789 1786 1852 de
1812 1790 2205 1871 scriptoribus
2233 1802 2300 1853 et
2320 1796 2528 1876 script.
2566 1796 2766 1859 eccles.
2806 1800 2882 1876 ll,
2917 1798 3087 1881 694.)

1852 1976 2286 1995 ἡ

516 2146 921 2205 Constantinus
987 2146 1301 2207 Africanus,
1365 2144 1685 2199 Casinensis
1729 2143 2106 2203 monachusA
2124 2143 2238 2198 fere
2266 2146 2337 2200 ab
2365 2147 2488 2218 ipso
2506 2164 2572 2203 ex
2588 2150 2827 2205 Arabica
2855 2152 3049 2223 lingua
3074 2153 3133 2208 in
3155 2154 3413 2209 Latinam
3440 2154 3727 2209 translata

439 2244 696 2309 tempore
753 2234 996 2307 Alphani
1054 2234 1395 2288 Salernitani
1459 2234 1876 2305 archiepiscopi,
1936 2234 2033 2303 qui

441 2344 591 2383 anno
628 2324 759 2382 1057
809 2323 1115 2378 Ecclesiam
1159 2323 1565 2376 Salernitanam
1606 2323 1915 2393 suscipiens
1943 2339 2034 2375 re-

439 2416 705 2489 gendam,
730 2431 821 2469 an.
859 2411 1011 2478 1086,
1045 2412 1398 2483 episcopatus
1425 2413 1511 2466 sui
1533 2410 1621 2468 ‘19.
1651 2419 1906 2466 mortuus
1927 2418 2029 2475 est,

440 2506 652 2561 ﬂoruit.
686 2504 830 2558 Huic
859 2502 1063 2556 librum
1094 2518 1258 2555 suum
1291 2503 1362 2555 De
1382 2503 1650 2555 stomachi
1680 2504 2033 2564 naturalibus

443 2600 491 2650 et
530 2611 641 2648 non
686 2593 1043 2646 naturalibus
1090 2592 1464 2657 a/fectionibus
1498 2590 1856 2660 nuncupavit.
1893 2591 2034 2645 Ortu

443 2680 922 2752 Carthaginensis,
956 2672 1205 2732 medicus
1252 2685 1309 2731 et
1351 2679 1717 2749 philosophus
1761 2686 2031 2750 praestan-

440 2773 714 2835 tissimus,
737 2770 891 2823 varia
911 2768 1157 2823 Orientis
1177 2768 1299 2821 loca
1317 2768 1652 2837 peragravit,
1679 2774 1735 2821 et
1754 2768 2035 2839 Babylone

440 2860 753 2935 praesertim
766 2863 1164 2921 commoratus,
1179 2857 1332 2910 omni
1349 2856 2030 2923 Chaldaeorum,Arabum,

440 2953 759 3006 Persarum.
799 2948 1207 3002 Saracenorum
1233 2945 1524 3015 disciplina
1557 2946 1845 3015 ingenium
1875 2963 2034 3000 exco-

438 3041 564 3095 luit.
590 3037 900 3109 Babylonia
925 3035 1214 3089 discedens
1247 3034 1462 3088 Indiam
1488 3035 1647 3097 adiit,
1674 3035 1800 3089 hinc
1823 3036 2035 3089 [Ethio-

439 3129 591 3201 piam
622 3127 803 3199 petiit,
839 3142 904 3179 ac
945 3124 1247 3195 [Egyptum
1279 3123 1528 3187 tandem,
1577 3124 1820 3194 cujusvis
1850 3125 2035 3194 gentis

438 3218 621 3288 spolia
667 3223 725 3271 et
771 3216 1069 3270 thesauros
1111 3229 1300 3266 secum
1349 3212 1611 3266 referens.
1666 3214 1883 3268 Exactis
1930 3215 2035 3267 hoc

2115 2241 2270 2304 sunt,
2293 2236 2425 2291 licet
2460 2239 2728 2293 audacter
2755 2240 2811 2293 in
2841 2242 2974 2295 folio
3007 2242 3111 2297 sub
3141 2245 3265 2314 ejus
3293 2244 3528 2299 nomine
3571 2245 3721 2298 Basi-

2117 2323 2214 2377 leaa
2253 2328 2417 2379 annis
2470 2326 2603 2382 1536
2640 2334 2697 2382 et
2722 2328 2864 2385 1539
2902 2332 3051 2401 apud
3086 2333 3389 2388 Henricum
3420 2332 3586 2387 Petri
3614 2334 3723 2388 hoc

2117 2414 2313 2468 ordine
2343 2416 2496 2470 edita
2519 2417 2658 2474 sint.

2202 2505 2467 2559 Viaticum
2508 2507 2571 2559 de
2618 2509 2941 2562 morborum
2986 2512 3295 2578 cognitione
3337 2516 3387 2564 et
3428 2515 3719 2566 curatione

2116 2592 2276 2646 libris
2296 2610 2392 2651 vn.

2187 2682 2259 2734 De
2288 2685 2660 2737 remediorum
2689 2690 2738 2738 et
2762 2687 3164 2753 zgritudinum
3183 2688 3494 2753 cognitione
3528 2686 3636 2744 lib.
3671 2701 3711 2741 ῐ.

2190 2772 2262 2823 De
2292 2775 2481 2825 urinis
2510 2771 2607 2826 lib.
2640 2787 2681 2826 ι.

2188 2858 2342 2929 Opus
2372 2861 2728 2915 Constantini
2757 2862 3047 2933 proprium
3077 2863 3151 2916 De
3185 2864 3454 2916 stomachi
3478 2866 3724 2930 affectio-

2118 2949 2281 3001 nibus
2313 2953 2670 3004 naturalibus
2698 2957 2879 3005 etnon
2907 2953 3265 3005 naturalibus
3296 2951 3393 3005 lib.
3417 2965 3452 3006 ι.

2188 3039 2259 3091 De
2288 3042 2462 3092 rictus
2504 3044 2718 3095 ratione
2746 3044 3037 3094 variorum
3070 3042 3392 3095 morborum
3434 3042 3536 3096 lib.
3565 3056 3605 3097 Ι.
3636 3044 3707 3097 De

2117 3129 2425 3181 melanchol
2432 3132 2485 3182 ia
2508 3129 2603 3183 lib.
2636 3136 2696 3184 Ii.

2182 3218 2255 3270 De
2290 3220 2436 3270 coitu
2482 3217 2576 3271 lib.
2625 3233 2665 3271 Ι.
2697 3220 2771 3273 De
2802 3223 3007 3273 animae
3044 3224 3093 3272 et
3122 3219 3356 3288 spiritus
3385 3221 3718 3275 discrimine

438 3307 606 3361 modo
633 3307 692 3360 in
722 3307 1002 3363 variarum
1036 3307 1289 3377 gentium
1330 3306 1532 3361 studiis
1560 3305 1878 3376 linguisque
1909 3305 2034 3358 edi-
2118 3304 2214 3358 lib.
2243 3322 2282 3359 1.

438 3396 659 3450 scendis
707 3397 1081 3467 quadraginta
1125 3413 1298 3467 prope
1348 3396 1532 3458 annis,
1573 3396 1802 3449 domum
1842 3377 2100 3454 rediit.B
2193 3395 2261 3447 De
2304 3397 2681 3451 incantatione
2726 3402 2775 3450 et
2813 3397 3185 3465 adjuratione,
3227 3400 3459 3464 collique
3496 3414 3721 3466 suspen-

436 3484 536 3539 ubi
564 3484 786 3539 insidiis
815 3502 965 3555 aegre
1002 3486 1243 3556 elapsus,
1278 3486 1351 3539 ad
1389 3485 1692 3539 Casinense
1723 3484 2035 3539 ccenobium

438 3590 500 3628 se
528 3574 759 3644 recepit,
794 3574 982 3644 ibique
1012 3575 1348 3628 monachum
1387 3574 1586 3631 induit.
1620 3580 1677 3626 et
1703 3573 2034 3643 grandaevus

438 3661 499 3714 in
527 3662 766 3715 Domino
811 3662 1165 3716 obdormivit.
1222 3662 1472 3715 Plurima
1509 3661 1613 3715 sub
1654 3663 1777 3730 ejus
1808 3661 2033 3714 nomine

441 3749 595 3803 edita
630 3755 781 3810 sunt,
835 3767 958 3820 quae
988 3756 1180 3804 tamen
1209 3752 1325 3803 fere
1354 3750 1543 3803 omnia
1572 3766 1636 3802 ex
1664 3749 1904 3802 Arabica
1924 3748 2033 3802 lin-

436 3853 551 3908 gua
590 3837 648 3891 in
687 3838 965 3902 Latinam,
1000 3854 1065 3892 ex
1097 3839 1458 3909 antiquorum
1502 3838 1847 3891 medicorum
1876 3837 2033 3891 libris

436 3926 715 3981 translata
759 3933 910 3981 sunt.
962 3928 1092 3982 Haec
1128 3929 1197 3981 ad
1245 3928 1564 3981 institutum
1605 3934 1859 3981 nostrum
1890 3927 2032 3980 nihil

437 4021 711 4088 spectant,
742 4017 838 4070 sed
869 4016 1002 4088 quia
1024 4017 1332 4071 monachus
1361 4017 1592 4079 exstitit,
1625 4017 1695 4070 ad
1718 4016 2028 4086 Scriptores

437 4105 610 4160 etiam
641 4106 1040 4160 ecclesiasticos
1068 4113 1351 4176 utcunque
1374 4106 1654 4176 pertinere
1686 4111 1886 4176 potest,
1929 4121 2030 4158 cu-

428 4196 525 4266 jus
547 4192 826 4265 Operibus
854 4196 1210 4249 recensendis
1233 4195 1679 4249 immorabimur.

507 4285 742 4337 Exstant
774 4284 878 4338 sub
907 4285 1026 4354 ejus
1058 4284 1285 4337 nomine
1311 4284 1578 4354 opuscula
1621 4283 1837 4336 medica
1874 4283 2031 4337 varia

431 4371 493 4426 in
522 4372 790 4442 Catalogo
838 4372 1112 4443 impresso
1158 4371 1433 4425 librorum
1484 4371 1796 4425 Bodleianze
1827 4370 2027 4424 biblio-

430 4461 624 4524 theca),
657 4462 883 4516 Oxoniae
914 4459 1063 4526 1674,
1090 4461 1368 4526 in-folio,a
1390 4461 1606 4515 Thoma
1628 4460 1812 4525 Hidio,
1845 4459 2032 4513 littera

391 4603 399 4609 .
433 4551 495 4616 C,
523 4567 650 4621 pag.
682 4549 801 4614 171,
827 4552 937 4607 col.
974 4550 1022 4614 1,
1056 4550 1325 4604 nimirum
1357 4569 1368 4603 :

504 4637 686 4707 Opera
719 4639 949 4693 Basileae
981 4636 1131 4703 I539,
1160 4644 1218 4691 t2.
1250 4636 1382 4708 “2,9.
1415 4639 1559 4693 Med.

501 4724 849 4779 Breviarium
876 4727 1084 4780 dictum
1140 4730 1407 4781 Viaticum
1439 4728 1507 4781 de
1535 4725 1744 4780 morbis
1773 4728 2022 4798 corporis

429 4810 666 4865 humani
701 4814 865 4879 Lugd.
894 4812 1048 4876 1570,
1083 4815 1161 4878 8°,
1188 4816 1252 4868 A.
1284 4814 1335 4878 4,
1363 4816 1511 4870 Med.

500 4890 747 4946 Libellus
778 4894 848 4945 De
876 4895 1218 4947 animalium
1242 4911 1347 4948 usu
1377 4898 1441 4948 in
1472 4897 1766 4958 medicina,
1790 4895 2021 4950 Basileae

429 4978 589 5044 1560,
621 4980 698 5047 8°,
732 4981 793 5035 Ο.
819 4978 906 5034 34.
945 4980 1091 5033 Med.

496 5068 663 5124 Liber
699 5072 772 5125 De
813 5070 1056 5138 febribus
1083 5085 1211 5139 pag.
1244 5066 1367 5124 202.
1403 5071 1651 5125 Venetiis
1686 5070 1839 5135 1576,
1872 5074 1933 5128 F.
1962 5075 2015 5129 1.

425 5159 478 5214 9.
517 5157 662 5214 Med.

494 5248 567 5301 De
587 5248 996 5315 Principalibus
1026 5248 1286 5300 membris
1320 5252 1564 5316 corporis
1595 5251 1852 5313 humam’
1887 5270 2013 5323 pag“

422 5334 545 5399 313,
570 5337 625 5390 in
661 5338 843 5390 medio
877 5337 1021 5390 libri.
1058 5336 1286 5390 Basileae
1323 5336 1474 5393 1541.
1501 5341 1565 5392 Α.
1591 5339 1642 5395 2.
1676 5341 1728 5393 5.
1761 5342 1907 5395 Med.

494 5427 702 5480 Prester
735 5428 935 5480 librum
958 5430 1024 5479 lle
1054 5429 1322 5479 stmnaclu‘
1343 5431 1700 5481 animalibus
1718 5435 1764 5481 ct
1795 5448 1905 5483 non
1920 5449 2015 5484 [ια-

420 5517 697 5568 turulibus
730 5518 1122 5581 a/ﬁ’ctiom'bus.
1159 5534 1321 5585 quem
1359 5519 1611 5585 Alphano
1646 5520 2011 5574 Salernitanae

2116 3486 2284 3548 sione,
2318 3483 2554 3554 epistola
2582 3485 2651 3538 ad
2685 3485 2884 3539 ﬁlium.

2186 3574 2259 3625 De
2290 3575 2591 3625 mulierum
2614 3576 2819 3626 morbis
2843 3571 2942 3626 lib.
2971 3586 3011 3624 Ι.
3042 3573 3116 3625 De
3145 3572 3440 3640 chirurgia
3458 3573 3562 3628 lib.
3587 3576 3715 3629 LDe

2114 3662 2380 3726 gradibus
2408 3664 2751 3728 simplicium
2782 3660 2879 3715 lib.
2916 3680 2949 3715 ι.

2188 3749 2265 3802 Ex
2298 3766 2432 3803 mss.
2464 3749 2565 3803 cod
2591 3749 2747 3803 cibus
2773 3749 3089 3804 Bodleianaz
3112 3749 3460 3805 bibliothecae
3489 3753 3543 3806 ei
3577 3753 3721 3807 alia-

2114 3855 2239 3891 rum
2290 3837 2753 3893 bibliothecarum
2794 3839 2955 3892 facile
2994 3838 3273 3893 constabit
3302 3842 3495 3894 omnia
3526 3842 3646 3897 fere
3683 3857 3718 3895 a

2115 3928 2486 3981 Constantino
2524 3944 2637 3981 non
2679 3928 3008 3998 composita,
3040 3928 3137 3981 sed
3169 3928 3445 3983 translata
3482 3946 3612 3985 esse
3651 3948 3718 3985 ex

2115 4017 2321 4071 Graecis
2351 4017 2435 4070 vel
2466 4016 2717 4070 Arabicis
2745 4017 3179 4087 antiquioribus.
3214 4018 3455 4072 Etenim.

2182 4107 2337 4159 Inter
2364 4121 2496 4158 mss.
2529 4104 2747 4158 codices
2781 4103 3101 4159 Bodleianze
3146 4105 3495 4160 bibliothecae
3526 4107 3720 4161 codice

2112 4190 2234 4256 708,
2269 4192 2328 4245 in
2372 4208 2508 4245 mss.
2540 4192 2825 4246 codicibus
2862 4192 3150 4246 Guillelmi
3196 4190 3378 4246 Laudi
3425 4193 3621 4247 littera
3647 4194 3713 4262 C,

2112 4281 2297 4336 codice
2340 4281 2426 4345 56,
2476 4297 2630 4334 num.
2677 4280 2731 4345 2,
2774 4283 3128 4336 Constantini
3173 4283 3375 4334 medici
3435 4282 3713 4337 Viaticum
3764 4272 3780 4291 ’

2113 4369 2268 4422 libris
2291 4384 2398 4435 vn;
2431 4371 2504 4422 De
2534 4371 2710 4422 dicetis
2734 4371 3144 4423 universalibus
3173 4374 3220 4423 et
3236 4373 3712 4438 particularibus.

2114 4458 2303 4512 Graece
2324 4458 2500 4511 in-fol.
2538 4456 2749 4510 Ibidem
2768 4457 2957 4511 codice
2988 4457 3137 4519 1252,
3171 4458 3230 4511 in
3260 4475 3376 4511 mss
3419 4459 3718 4513 Guillelmi

2107 4548 2282 4601 Laudi
2306 4548 2496 4601 littera
2522 4547 2589 4609 G,
2614 4546 2804 4599 codice
2823 4543 2913 4610 87,
2942 4563 3098 4600 num.
3129 4546 3186 4612 6,
3216 4548 3576 4601 Constantini
3596 4566 3719 4603 mo-

2043 4640 2277 4712 cnachi
2334 4638 2595 4689 Viaticum
2642 4635 2800 4689 libris
2844 4649 2941 4689 vn.
2986 4637 3057 4689 De
3084 4637 3329 4701 febribus
3378 4636 3506 4689 libri
3540 4654 3592 4690 γ.
3633 4641 3711 4693 De

2106 4729 2313 4787 urinis,
2345 4725 2535 4778 omnia
2565 4742 2629 4778 ex
2667 4724 2926 4778 Arabico.
2975 4722 3190 4777 Ibidem
3239 4724 3426 4778 codice
3458 4724 3615 4790 1507,
3652 4727 3717 4782 in

2107 4832 2237 4868 mss.
2266 4813 2550 4868 Guillelmi
2580 4813 2755 4867 Laudi
2788 4813 2979 4866 littera
3008 4812 3074 4877 Η,
3108 4812 3300 4866 codice
3325 4810 3416 4877 8’1,
3442 4814 3720 4870 Constan-

2106 4907 2216 4957 tini
2240 4905 2499 4971 Africani
2522 4904 2720 4956 Montis
2733 4903 3045 4956 Casinensis
3064 4902 3323 4954 monachi
3349 4904 3715 4959 Breriarium

2101 4993 2310 5045 dictum
2348 4992 2688 5044 Vialicumde
2710 4992 3169 5057 morbiscorporis
3199 4990 3459 5043 humani.
3485 4990 3715 5047 Ibidem

2101 5080 2291 5134 codice
2327 5076 2485 5141 2069,
2516 5079 2573 5132 in
2616 5094 2746 5132 mss.
2794 5077 3023 5131 Thomas
3050 5077 3263 5131 Bodleii
3296 5077 3486 5132 littera
3515 5081 3579 5145 C,
3611 5099 3719 5137 eo-

2101 5168 2222 5222 dice
2258 5167 2305 5234 1,
2340 5170 2692 5223 Constantini
2719 5168 2980 5233 Africani
3019 5166 3291 5218 Viaticum
3306 5171 3568 5234 praetium
3591 5186 3711 5224 me-

2100 5260 2297 5310 dicina:
2325 5256 2415 5310 lib.
2454 5271 2541 5310 νη.
2572 5255 2802 5313 Ibidem.
2821 5254 3009 5308 codice
3029 5252 3188 5317 2444,
3219 5254 3277 5307 in
3310 5271 3440 5308 mss.
3474 5257 3716 5315 Thoma!

2104 5345 2310 5398 Bodleii
2346 5345 2530 5397 littera
2561 5344 2617 5397 F.
2660 5342 2712 5401 8,
2762 5342 2950 5396 codice
2980 5341 3032 5401 4,
3068 5358 3221 5394 num.
3260 5343 3311 5402 4,
3348 5344 3526 5397 Isaaci
3560 5348 3711 5400 biz-

2102 5438 2435 5487 tariumsivc
2457 5436 2521 5486 [1r
2543 5435 2716 5485 dizetis
2748 5435 3174 5484 um‘rersalibus.
3205 5431 3347 5483 Num
3403 5433 3434 5483 5
3457 5437 3711 5499 rjtisdem

2098 5528 2236 5576 liber
2270 5526 2577 5575 uri/larum
2611 5527 2655 5573 ut
2690 5524 2826 5573 liber
2852 5522 3105 5573 Fr'brium
3137 5536 3171 5571 a
3200 5525 3565 5575 t'onslantino
3598 5543 3714 5578 mo-

418 5602 679 5657 Ecclesiae
723 5605 1138 5676 archiepiscopo
1180 5613 1539 5677 nuncupant,
1581 5614 1784 5661 caetera
1821 5611 2011 5665 omnia
2094 5613 2565 5667 nacholranslali.
2587 5609 2802 5664 Ibidem
2817 5608 3006 5663 codice
3028 5606 3186 5663 2753.
3220 5608 3278 5661 in
3308 5624 3443 5662 mss.
3470 5611 3712 5668 Thoma:
