4040 6182
289 306 425 366 1561
813 309 1369 369 CONSTANTINUS
1406 312 1642 369 CASIN.
1684 313 2011 369 MONACH.
2051 346 2123 356 —
2160 315 2457 372 NOTITIA
2495 315 2681 371 HIST.
2723 313 2814 369 ET
2852 310 3033 368 LITT.
3430 310 3568 370 1562

290 435 523 499 Bodleii,
561 453 735 509 supra
762 454 818 491 n.
850 437 904 504 2,
935 438 1057 492 Art.
1105 438 1294 492 codice
1330 438 1413 503 11,
1448 455 1609 495 num.
1648 439 1683 493 6
1708 441 2284 500 DiaetaACasinensis
2332 442 2607 496 monachi.
2657 438 2868 493 Ibidem
2911 436 3101 490 codice
3142 433 3265 500 956,
3317 437 3377 491 in
3408 454 3553 496 mss.

291 530 632 582 universales
681 534 729 579 et
780 530 1154 594 particulares
1195 544 1293 595 per
1332 532 1665 595 magistrum
1711 531 1881 583 Isaac.
1967 529 2249 585 codicibus
2264 530 2482 599 collegii
2505 525 3046 597 Cajo-Gonritensis.
3081 525 3140 578 in
3166 524 3323 578 libris
3357 528 3425 579 De
3449 544 3561 581 me-

289 617 460 671 Num.
493 623 525 672 7
546 617 795 687 ejusdem
820 618 1315 672 Liberurinarum.
1344 618 1492 671 Num
1541 616 1591 679 8,
1623 619 1887 672 Constan-
1967 620 2156 672 dicina
2190 618 2385 672 Latine
2414 616 2738 687 compositis
2759 614 2946 667 codice
2975 612 3029 677 6,
3055 630 3211 667 num.
3234 616 3281 677 1,
3320 616 3553 669 Viaticus

289 707 677 775 tiniA/ricani
697 707 835 759 liber
872 706 944 759 De
974 707 1268 759 stomacho.
1302 706 1477 762 Num.
1502 705 1535 761 9
1554 708 1794 774 ejusdem
1824 708 1886 757 de

290 784 659 862 regendorum
689 810 967 847 canonum
989 799 1223 855 ratione,
1253 796 1388 848 liber
1408 794 1888 863 imperfectus.lbi-

289 884 418 938 dem
451 882 639 937 codice
667 880 830 950 6749,
862 882 919 936 in
946 899 1079 936 mss.
1113 882 1511 945 Ashmolianis,
1537 884 1891 937 Constantini

290 973 729 1027 Introductiones
757 970 1219 1033 astronomicajn
1245 969 1885 1042 membrana1174,pag.

293 1060 639 1118 183.lbidem
668 1060 855 1113 codice
882 1057 1042 1125 7529,
1069 1061 1127 1114 in
1155 1076 1287 1114 mss.
1326 1060 1725 1125 Ashmolianis,
1756 1063 1888 1114 Con-

288 1153 530 1205 stantini
561 1150 695 1202 liber
718 1150 779 1202 de
809 1151 977 1214 coitu,
1004 1148 1061 1202 in
1086 1149 1412 1203 membrana
1450 1148 1600 1215 1471,
1626 1166 1750 1220 pag.
1769 1147 1885 1206 173.

286 1237 344 1292 b.
378 1237 597 1292 Ibidem
629 1238 818 1292 codice
848 1221 1005 1305 7781,
1039 1237 1198 1303 7782,
1227 1239 1284 1293 in
1313 1256 1454 1296 mss.
1488 1240 1887 1307 Ashmolianis,

1967 709 2031 763 de
2059 709 2327 760 curandis
2348 708 2551 760 morbis
2574 719 2648 757 vn
2679 702 2838 756 libris
2860 703 2945 755 vel
2977 701 3232 772 partibus
3260 702 3563 758 concinna-

1971 804 2081 851 tus.
2117 796 2332 852 Ibidem
2366 798 2553 852 codice
2583 796 2705 860 962,
2740 797 2798 851 in
2842 796 3040 850 iisdem
3077 812 3210 850 mss.
3252 795 3442 850 codice
3476 794 3560 863 12,

1970 904 2106 941 num
2163 886 2215 952 3,
2250 888 2646 942 Constantinus
2685 887 2749 940 de
2796 887 3083 939 stomacho.
3130 883 3345 938 Ibidem
3377 884 3566 939 codice

1970 975 2094 1043 976,
2126 977 2183 1031 in
2218 976 2414 1031 iisdem
2457 993 2591 1030 mss.
2637 974 2939 1036 codicibus,
2982 974 3168 1028 codice
3195 972 3285 1037 26,
3316 990 3471 1028 num.
3507 974 3562 1040 1,

1970 1068 2044 1122 De
2073 1069 2276 1119 morbis
2315 1073 2365 1119 et
2393 1082 2582 1120 eorum
2622 1066 3007 1119 curationibus
3034 1063 3162 1117 libri
3190 1078 3283 1125 vn,
3315 1080 3468 1118 num.
3502 1061 3559 1120 2.

1972 1157 2365 1212 Constantinus
2389 1156 2690 1224 Africanus
2711 1155 2914 1209 Montis
2928 1154 3238 1208 Casinensis
3262 1154 3325 1207 de
3354 1156 3564 1207 melan-

1970 1246 2169 1311 cholia,
2200 1261 2361 1301 num.
2386 1244 2418 1297 3
2464 1245 2724 1313 Ejusdem
2755 1244 2895 1296 liber
2913 1243 2976 1295 de
2999 1244 3302 1299 stomacho.
3326 1240 3562 1308 NumJt,

285 1329 445 1383 Isaac
475 1329 613 1381 liber
641 1328 904 1395 febrium,
929 1344 1090 1396 quem
1121 1328 1518 1383 Constantinus
1535 1333 1600 1383 in
1625 1330 1889 1384 Latinum

287 1419 609 1470 transtulit.
642 1415 971 1470 Membrana
988 1415 1225 1481 in-folio,
1258 1416 1575 1471 1470.Liber
1591 1417 1889 1472 diatarum

281 1508 751 1574 particularium,
784 1505 843 1559 in
869 1504 1199 1559 membrana
1222 1504 1430 1559 ibidem
1456 1504 1511 1562 2.

1970 1337 2211 1405 ejusdem
2243 1337 2380 1389 liber
2406 1336 2470 1388 de
2507 1335 2792 1388 oblivione.
2826 1333 2996 1386 Num.
3030 1332 3082 1394 5,
3115 1333 3271 1386 Liber
3301 1334 3565 1398 magistri

1970 1426 2324 1481 Constantini
2337 1425 2599 1491 Africani
2616 1424 2679 1477 de
2708 1423 3056 1476 coitu.Num.
3084 1420 3139 1477 6.
3159 1420 3317 1475 Alius
3334 1419 3478 1475 liber
3492 1420 3562 1475 de

1968 1512 2500 1584 eodem,prasertim
2521 1513 2584 1564 de
2610 1512 2959 1564 delectatione
2978 1512 3321 1563 animalium
3334 1513 3397 1563 in
3417 1513 3563 1563 coitu

360 1593 520 1650 Inter
535 1612 668 1649 mss.
687 1594 905 1649 codices
924 1595 1315 1650 Universitatis
1335 1595 1685 1656 Oxoniensis,
1702 1597 1889 1652 codice
1969 1604 2137 1658 Num.
2160 1601 2213 1668 7,
2238 1604 2392 1657 Liber
2403 1602 2743 1667 elephanliw.
2770 1601 2937 1654 Num.
2952 1599 3090 1663 8,De
3106 1598 3265 1652 modo
3286 1600 3559 1652 medendi.

290 1681 417 1751 686,
489 1685 547 1738 in
600 1700 734 1739 mss.
786 1683 1006 1755 collegii
1070 1685 1441 1739 Mertonensis
1505 1687 1693 1742 codice
1758 1685 1881 1751 219,

1974 1695 2140 1749 Num.
2160 1692 2619 1753 9,Constantinus
2649 1691 2849 1744 Montis
2872 1689 3184 1743 Casinensis
3202 1688 3265 1740 de
3286 1688 3563 1742 Febribus.

287 1773 356 1831 P.
384 1771 478 1839 22,
508 1774 631 1827 Art.
666 1789 822 1827 num.
856 1772 909 1839 3,
940 1775 1335 1829 Constantinus
1366 1776 1666 1842 Africanus
1696 1778 1759 1829 de
1787 1760 1952 1830 διο-Β
1972 1782 2184 1837 Ibidem
2231 1780 2421 1834 codice
2455 1776 2611 1838 1866.
2644 1778 2702 1832 in
2748 1795 2881 1831 mss.
2928 1776 3212 1831 codicibus
3250 1776 3450 1830 domus
3504 1776 3564 1831 S.

289 1863 507 1924 macho,
532 1863 597 1915 de
626 1862 1013 1924 melancholia,
1041 1867 1144 1916 etc.
1166 1862 1381 1917 Ibidem
1412 1863 1599 1918 codice
1618 1863 1743 1929 698,
1762 1860 1888 1931 699,

1974 1871 2145 1926 Petri.
2180 1870 2370 1924 codice
2400 1868 2527 1925 204.
2578 1884 2734 1921 num.
2775 1866 2821 1925 1.
2869 1868 3190 1934 Aphorismi
3219 1866 3567 1933 Hippocratis

291 1950 354 2005 in
382 1967 516 2005 mss.
549 1950 770 2020 collegii
808 1951 1178 2006 Mertonensis
1221 1951 1409 2007 codice
1453 1950 1578 2017 231,
1626 1954 1891 2006 Theoricas

1974 1977 2098 2013 cum
2115 1959 2515 2013 cammentario
2527 1956 2817 2020 Galeni,e:c
2829 1957 3284 2023 interpretatione
3301 1954 3565 2008 Constan-

294 2043 575 2107 Pantegni
603 2041 955 2093 medicinalis
976 2042 1331 2096 Constantini
1358 2041 1622 2109 Africani
1650 2041 1809 2095 libris
1830 2058 1886 2096 x.
1976 2052 2087 2103 tim“
2121 2048 2404 2115 Africani,
2439 2048 2633 2099 Montis
2656 2045 2971 2098 Casinensis
2988 2044 3263 2103 monachi,
3283 2043 3567 2097 medicina:

296 2129 359 2184 Ρ.
392 2128 652 2185 214-Αηε
684 2128 871 2183 COdice
897 2126 1022 2189 232.
1057 2130 1410 2184 Constantini
1438 2133 1700 2198 Africani
1731 2132 1892 2184 νὶαίί·
1969 2140 2157 2208 periti.
2193 2135 2408 2190 Ibidem
2430 2134 2620 2189 codice
2651 2131 2803 2199 1880,
2837 2134 2896 2187 in
2925 2150 3057 2186 mss.
3083 2131 3329 2202 ejusdem
3362 2131 3567 2185 domus

295 2234 422 2271 cum
452 2234 579 2271 cum
604 2220 781 2285 glossa
812 2218 1035 2272 Geraldi
1054 2218 1114 2272 P.
1145 2217 1266 2271 215.
1292 2218 1532 2273 Artium.
1568 2217 1782 2272 Ibidem
1804 2235 1891 2272 co-

1975 2227 2033 2281 S.
2083 2224 2235 2279 Petri
2264 2223 2453 2278 codice
2480 2221 2604 2285 218,
2636 2238 2791 2276 num.
2827 2222 2876 2287 1,
2921 2223 3188 2276 Viaticum
3219 2221 3570 2275 Constantini

296 2307 418 2361 dice
441 2305 564 2367 722,
593 2306 651 2360 in
681 2322 816 2359 mss.
849 2306 1066 2377 collegii
1104 2308 1497 2367 Mertonensis,
1532 2308 1719 2361 codice
1762 2306 1888 2370 255,
1974 2330 2100 2367 cum
2137 2314 2393 2379 glossulis
2424 2310 2671 2364 Gerardi.

296 2412 456 2451 num.
491 2395 542 2458 5,
566 2395 959 2449 Constantinus
990 2392 1297 2463 Africanus
1324 2398 1387 2449 de
1406 2398 1739 2463 aegritudine
1756 2402 1807 2449 et
1830 2397 1894 2449 de
2047 2399 2203 2454 Inter
2227 2416 2357 2455 mss.
2382 2398 2599 2451 codices
2627 2397 2987 2451 ecclesiarum
3018 2395 3229 2466 Anglia
3270 2394 3570 2449 cathedra-

296 2487 589 2539 anatomia
617 2484 907 2536 stomachi.
934 2484 992 2539 P.
1018 2484 1070 2538 4.
1090 2483 1141 2539 6.
1166 2486 1286 2538 Art.
1314 2484 1528 2539 Ibidem
1554 2485 1743 2539 codice
1765 2483 1891 2548 907,
1977 2488 2115 2542 lium
2146 2493 2202 2541 et
2231 2489 2469 2541 aliarum
2517 2486 2819 2540 celebrium
2853 2485 3339 2550 bibliothecarum,
3380 2483 3571 2537 codice

297 2574 354 2628 in
386 2591 523 2630 mss.
575 2572 791 2643 collegii
839 2572 1145 2627 Orielensis
1186 2572 1375 2627 codice
1415 2574 1505 2638 55,
1540 2574 1894 2628 Constantini
1976 2577 2104 2646 235,
2129 2578 2185 2630 in
2219 2593 2351 2630 mss.
2384 2575 2663 2630 codicibus
2695 2574 2940 2628 ecclesia
2983 2572 3321 2627 cathedralis
3357 2573 3571 2626 Dunel-

294 2665 579 2730 Africani,
619 2666 822 2715 montis
842 2664 1158 2718 Casinensis
1182 2664 1744 2716 monachiJIedicina
1761 2679 1894 2730 pra-
1975 2667 2203 2725 mensis,
2239 2667 2428 2720 littera
2447 2665 2509 2731 Ο,
2530 2664 2720 2732 codice
2747 2660 2864 2727 170,
2891 2665 3246 2718 Constantini
3278 2665 3568 2717 Viaticum.

295 2755 456 2805 ctica.
484 2749 702 2804 Ibidem
721 2751 909 2804 codice
945 2749 1068 2815 9H,
1102 2751 1161 2804 in
1186 2768 1318 2805 mss.
1353 2751 1552 2805 iisdem
1582 2751 1771 2804 codice
1800 2749 1888 2816 62,
1982 2757 2267 2808 Tractatus
2296 2757 2358 2808 de
2382 2758 2525 2807 coitu
2556 2754 2951 2806 animaliuma
2982 2758 3189 2805 natura
3211 2752 3467 2804 instituto
3496 2752 3570 2803 ad

296 2840 938 2906 ConstantiniAfricani,
960 2844 1161 2893 montis
1175 2842 1487 2894 Casinensis
1500 2841 1758 2893 monachi
1774 2841 1893 2893 νία-
1977 2846 2445 2897 conservationem
2474 2844 2775 2910 specierum
2830 2842 2891 2893 in
2921 2840 3244 2904 individuis,
3281 2855 3408 2909 pag.
3442 2836 3566 2895 107.

296 2932 493 2983 ticum.
540 2931 692 2982 Isaac
720 2929 960 2981 medicus
999 2929 1065 2981 de
1113 2932 1320 2982 urinis.
1369 2930 1629 2997 Ejusdem
1667 2930 1804 2982 liber
1829 2930 1893 2981 de
1976 2935 2049 2987 De
2080 2935 2348 2985 memoria
2375 2937 2425 2985 et
2444 2947 2565 2984 eam
2582 2932 2918 2999 juvantibus
2944 2930 3251 2989 medicinis,
3284 2944 3411 2998 pag.
3439 2924 3565 2983 224.

292 3019 560 3086 febribus.
591 3017 846 3085 Ejusdem
879 3018 1204 3071 Diatarium
1236 3017 1550 3072 universale
1580 3024 1629 3071 et
1644 3021 1894 3086 particu-
1921 3077 1959 3090 ﬂ
1976 3024 2049 3077 De
2059 3024 2313 3090 passione
2335 3022 2503 3073 iliaca
2528 3024 2579 3072 et
2601 3021 2717 3086 ejus
2753 3019 3061 3077 curatione,
3088 3032 3216 3087 pag.
3235 3014 3359 3081 225,
3393 3015 3569 3069 ἰπὶ-ιο.

299 3109 438 3160 lare.
464 3104 678 3159 Ibidem
702 3105 892 3159 codice
929 3104 1081 3171 1131,
1105 3106 1164 3159 in
1202 3123 1337 3160 mss.
1376 3105 1661 3161 codicibus
1675 3106 1893 3177 collegii
1918 3103 2216 3172 “Ibidem,
2249 3108 2437 3161 codice
2459 3107 2585 3171 745,
2620 3106 2679 3160 in
2717 3122 2851 3160 mss.
2884 3103 3168 3159 codicibus
3199 3103 3445 3159 ecclesia
3474 3120 3569 3157 ca-

293 3195 459 3261 Novi,
492 3194 681 3248 codice
708 3192 835 3255 167,
864 3211 1019 3248 num.
1045 3183 1414 3259 3,'Viaticum
1445 3197 1801 3251 Constantini
1830 3198 1893 3249 in
1975 3182 2247 3252 thedralis
2277 3195 2685 3267 Wigorniensis
2729 3194 2918 3249 codice
2957 3190 3043 3257 70,
3103 3194 3383 3258 Theorica,
3430 3193 3572 3246 Con-

290 3299 371 3339 vn
395 3286 558 3338 libris
585 3299 710 3337 cum
731 3284 1372 3337 adnotationibus.Liber
1395 3286 1549 3338 Isaac
1577 3285 1639 3337 de
1649 3285 1893 3350 febribus
1975 3290 2217 3340 stantini
2245 3287 2445 3340 Montis
2476 3286 2667 3339 Casini
2695 3283 2820 3337 libri
2852 3298 2906 3337 x.
2925 3281 3144 3336 Ibidem
3165 3281 3353 3336 codice
3374 3281 3573 3347 760,in

291 3390 326 3427 a
348 3375 714 3430 Constantino
734 3375 1045 3426 translatus
1062 3373 1131 3425 ab
1160 3373 1396 3427 Arabica
1412 3376 1475 3427 in
1509 3374 1763 3429 Latinam
1786 3375 1894 3426 lin-
1975 3393 2109 3429 mss.
2138 3374 2418 3428 codicibus
2450 3373 2703 3443 ejusdem
2727 3373 2972 3427 ecclesia
2992 3370 3330 3425 cathedralis
3347 3370 3575 3440 “ﬁgor-

291 3479 487 3532 guam.
520 3460 732 3515 Ibidem
761 3460 1040 3516 codicibus
1069 3459 1221 3524 1741,
1252 3462 1414 3529 1742,
1460 3462 1519 3516 in
1557 3478 1690 3516 mss.
1740 3462 1893 3516 codi-
1976 3463 2211 3520 niensis.
2255 3463 2443 3517 codice
2494 3461 2582 3529 85,
2602 3478 2757 3518 num.
2800 3458 2877 3516 10.
2934 3462 3070 3513 liber
3119 3460 3477 3514 Constantini
3508 3459 3573 3511 de

293 3551 453 3605 cibus
492 3549 712 3619 collegii
744 3550 801 3604 S.
826 3550 1057 3605 Joannis
1086 3552 1350 3622 Baptista
1366 3552 1423 3605 in
1452 3551 1895 3606 Abacosecundo
1978 3554 2221 3621 febribus
2272 3553 2441 3606 Num.
2489 3550 2569 3606 11.
2608 3553 2744 3603 liber
2774 3552 3079 3603 urinarum
3115 3550 3268 3602 Isaac
3295 3549 3365 3601 ab
3393 3548 3574 3600 eodem

292 3642 361 3695 Α.
393 3638 583 3693 codice
608 3636 663 3702 3,
699 3637 1061 3693 Constantino
1097 3640 1359 3706 Africani
1390 3642 1525 3693 liber
1550 3642 1899 3706 medicus,di-
1982 3645 2308 3695 translatus.
2336 3639 2571 3700 Ibidem,
2592 3636 2988 3693 codice883.in
3018 3654 3149 3690 mss.
3170 3635 3455 3689 codicibus
3484 3635 3575 3689 in-

294 3735 415 3781 ctus
446 3730 781 3794 Pantegnus.
815 3728 1017 3781 Codice
1043 3727 1076 3783 4
1107 3728 1255 3781 idem
1281 3728 1339 3782 in
1370 3729 1509 3782 duas
1541 3736 1731 3800 partes
1761 3729 1898 3783 divi—
1978 3729 2038 3786 4ο
2057 3730 2174 3784 illic
2202 3728 2586 3793 existentibus,
2614 3728 2801 3781 codice
2823 3726 2910 3787 39,
2945 3728 3201 3780 Theorica
3223 3726 3577 3779 Constantini

295 3833 413 3871 sus.
446 3815 664 3870 Ibidem
691 3816 879 3869 codice
902 3814 1062 3876 2192,
1096 3816 1156 3869 in
1184 3833 1319 3872 mss.
1350 3818 1571 3888 collegii
1612 3818 1668 3872 S.
1704 3818 1895 3871 Maria
1978 3821 2179 3873 Montis
2202 3820 2534 3873 Casinensis.
2567 3815 3002 3871 Ibidem.codice
3031 3812 3154 3875 885.
3192 3814 3251 3868 in
3274 3830 3405 3867 mss.
3430 3812 3580 3867 codi-

293 3905 643 3976 Magdalena
654 3905 844 3959 codice
873 3904 961 3970 51,
986 3906 1381 3960 Constantinus
1400 3906 1897 3974 Africanus.Liber
1980 3906 2136 3960 cibus
2152 3904 2295 3959 in-4°
2319 3905 2570 3975 ejusdem
2594 3904 2839 3958 ecclesia
2857 3902 3197 3956 cathedralis
3217 3901 3578 3972 Wigornien-

297 4009 537 4048 excusus
568 3992 802 4046 Basilea
840 3989 973 4047 1539
1004 3993 1152 4046 hunc
1174 3992 1402 4047 titulum
1433 3994 1620 4058 habet,
1658 3997 1727 4048 [)e
1757 4010 1899 4047 com-
1983 3995 2080 4057 sis,
2125 3993 2314 4047 codice
2357 3990 2447 4054 41,
2492 3993 2762 4045 Viaticum
2797 3992 3150 4045 Constantini
3178 3992 3241 4041 de
3286 3990 3490 4042 morbis
3528 3992 3577 4041 et

295 4085 563 4136 munibus
583 4082 788 4135 medico
808 4084 1032 4148 cognitu
1059 4086 1379 4135 necessariis
1434 4086 1581 4136 locis.
1616 4083 1730 4136 lllic
1758 4098 1894 4136 con-
1978 4086 2266 4138 curatione
2294 4096 2485 4135 eorum
2515 4080 2670 4133 libris
2707 4093 2804 4135 VII.
2848 4080 3002 4133 Liber
3029 4081 3357 4132 urinarum.
3398 4078 3578 4130 Diaeta

297 4172 555 4226 tinentur
588 4170 932 4223 Pantechnon
950 4170 1065 4223 sive
1091 4171 1369 4226 Theorica.
1393 4172 1896 4239 Enumeratiopar-
1977 4173 2256 4238 generales
2291 4171 2462 4223 Isaac.
2502 4167 2739 4228 Ibidem,
2771 4166 2962 4221 codice
3003 4163 3161 4230 3088,
3200 4164 3258 4218 in
3308 4180 3442 4218 mss.
3477 4180 3580 4217 co-

298 4264 441 4314 tium
472 4260 716 4326 corporis
746 4259 987 4311 humani
1023 4259 1790 4327 etymologica-practica,sive
1822 4263 1895 4315 De
1980 4258 2194 4313 dicibus
2225 4256 2593 4311 Norfalciana
2640 4255 3005 4319 bibliotheca,
3042 4253 3230 4307 codice
3266 4250 3380 4319 189,
3416 4268 3571 4307 num.

300 4351 569 4416 regimine
598 4349 1002 4411 sanitatis,una
1026 4364 1153 4401 cum
1184 4350 1323 4401 libro
1351 4349 1423 4401 De
1452 4350 1721 4402 divisione
1750 4365 1897 4403 cura
1981 4347 2033 4413 3,
2060 4350 2212 4401 Isaac
2238 4349 2308 4400 De
2338 4348 2525 4398 urinis
2553 4362 2587 4397 a
2618 4345 2977 4397 Constantino
3023 4346 3331 4397 translatus
3373 4345 3437 4395 in
3468 4344 3578 4397 lin-

297 4437 722 4504 zgritudinum.
756 4433 971 4489 Ibidem
995 4436 1183 4489 codice
1204 4434 1366 4499 2198,
1396 4437 1454 4490 in
1476 4453 1610 4491 mss.
1644 4423 2149 4507 ejusdenguam
2190 4437 2497 4502 vulgarem.
2540 4432 2776 4489 Ibidem.
2810 4432 2997 4485 codice
3028 4428 3186 4491 3238,
3227 4430 3286 4484 in
3315 4447 3450 4484 mss.
3482 4447 3578 4484 co-

298 4524 520 4595 collegii
549 4524 739 4577 codice
762 4521 848 4587 57,
884 4540 1039 4577 num.
1069 4524 1121 4587 5,
1159 4525 1557 4579 Constantinus
1594 4528 1898 4593 Africanus
1983 4524 2199 4579 dicibus
2223 4524 2473 4593 ejusdem
2504 4523 2855 4575 bibliotheca
2884 4521 3072 4574 codice
3094 4519 3581 4585 339,Constantini

297 4616 360 4668 de
394 4614 781 4667 melancholia.
815 4612 1029 4666 Ibidem
1058 4613 1249 4666 codice
1285 4612 1447 4679 2314,
1488 4614 1548 4667 in
1583 4632 1718 4668 mss.
1752 4616 1899 4685 ejus—
1984 4615 2180 4667 medici
2224 4614 2508 4667 Viaticum.
2542 4610 3160 4680 Principium,Capillus
3176 4627 3239 4663 ea
3258 4611 3434 4676 fumo,
3470 4614 3576 4663 etc.

296 4704 423 4758 dem
456 4700 675 4771 collegii
715 4700 905 4754 codice
948 4700 1063 4766 173,
1099 4706 1368 4755 tractatus
1408 4704 1471 4757 de
1501 4707 1710 4769 urinis,
1739 4705 1803 4757 de
1824 4706 1899 4771 fe-
1983 4702 2219 4765 Ibidem,
2254 4701 2440 4755 codice
2488 4696 2647 4763 3633,
2690 4699 2749 4751 in
2799 4715 2932 4751 mss.
2967 4697 3254 4751 codicibus
3295 4697 3581 4752 Francisci

299 4793 509 4855 bribus,
544 4790 941 4842 Constantinus
969 4792 1033 4843 de
1064 4795 1254 4856 oculis,
1286 4793 1350 4845 de
1374 4794 1761 4847 melancholia.
1793 4793 1899 4848 lbi-
1984 4789 2271 4852 Bernardi,
2306 4788 2492 4842 codice
2517 4784 2604 4849 64,
2639 4803 2792 4840 num.
2835 4784 2914 4849 12,
2944 4788 3299 4841 Constantini
3326 4789 3580 4840 Practica

296 4881 426 4935 dem
455 4877 741 4933 codicibus
772 4875 932 4943 2315,
963 4875 1122 4944 2316,
1156 4879 1215 4933 in
1246 4896 1378 4934 mss.
1399 4882 1652 4951 ejusdem
1675 4883 1896 4953 collegii

294 4970 353 5025 S.
378 4967 574 5022 Maria
607 4965 944 5036 Magdalenen
973 4966 1162 5021 codice
1202 4967 1295 5023 174
1329 4971 1509 5024 Diales
1557 4974 1896 5025 universales

292 5063 343 5112 et
370 5058 747 5125 particulares
773 5056 969 5108 lsaaci.
1003 5056 1205 5111 Codice
1239 5056 1359 5123 175,
1382 5060 1641 5126 Ejusdem
1669 5062 1807 5113 liber
1834 5061 1897 5114 de

292 5146 542 5215 febribus
582 5159 619 5197 a
667 5143 1027 5198 Constantino
1074 5151 1403 5201 translatus.
1454 5149 1526 5201 De
1574 5151 1783 5210 urinis,
1834 5150 1897 5201 de

294 5238 583 5290 elementis
596 5280 608 5290 .

368 5327 528 5381 Inter
546 5345 682 5381 mss.
710 5327 927 5381 codices
959 5325 1352 5380 Universitatis
1392 5324 1893 5393 Cantabrigiensis,

294 5416 486 5470 codice
527 5418 651 5472 391.
685 5418 741 5470 in
776 5433 902 5469 mss.
932 5416 1052 5468 codi
1090 5416 1213 5468 ibus
1245 5415 1460 5484 collegii
1514 5417 1549 5468 S
1607 5415 1897 5469 Trinitatis

294 5504 355 5559 in
377 5512 539 5576 parte
572 5506 921 5559 bibliotheca
952 5504 1209 5565 australi,
1233 5504 1429 5556 classis
1456 5502 1543 5567 23,
1578 5520 1720 5556 serie
1769 5504 1897 5557 infi-

300 5610 417 5659 ma,
450 5594 641 5648 codice
671 5596 722 5662 3,
759 5610 917 5649 num.
947 5597 998 5660 οι,
1030 5595 1188 5648 Liber
1214 5592 1505 5648 Graduum
1544 5593 1899 5648 Constantini

1979 4884 2042 4935 de
2068 4881 2273 4933 morbis
2297 4879 2565 4932 curandis
2598 4877 2900 4929 secundum
2929 4877 3167 4930 diversos
3192 4878 3430 4930 doctores
3469 4875 3580 4929 Ibi-

1978 4970 2131 5035 dem,
2163 4967 2351 5021 codice
2374 4963 2537 5031 6410,
2572 4966 2631 5019 in
2663 4982 2796 5019 mss.
2832 4964 3117 5019 codicibus
3139 4965 3325 5019 Caroli
3341 4963 3579 5035 Theyeri

1978 5058 2166 5112 codice
2193 5056 2282 5113 40.
2322 5057 2559 5109 Viaticus
2599 5055 2969 5115 Constantini,
3007 5060 3053 5107 et
3086 5056 3242 5107 Isaac
3266 5055 3328 5104 de
3366 5054 3571 5104 urinis.

1980 5146 2219 5209 Ibidem,
2237 5144 2427 5198 codice
2446 5142 2607 5204 6441,
2624 5143 2682 5196 in
2706 5142 3126 5196 msscodicibus
3138 5140 3321 5194 Caroli
3336 5138 3576 5209 Theyeri

1981 5235 2231 5306 ejusdem
2260 5232 2448 5286 codice
2470 5230 2558 5287 71.
2586 5234 3003 5287 Antidotarium
3044 5230 3415 5284 Constantini.
3457 5225 3575 5279 Ibi-

1981 5325 2128 5387 dem,
2152 5323 2339 5377 codice
2361 5321 2518 5383 6605,
2545 5322 2598 5374 in
2634 5338 2745 5373 mss
2795 5318 3075 5371 codicibus
3110 5315 3363 5385 ejusdem
3386 5315 3573 5369 Caroli

1980 5412 2218 5484 Theyt-ri
2248 5412 2435 5464 codice
2456 5409 2573 5465 235.
2594 5426 2746 5463 num.
2765 5410 2784 5457 Ἰ
2803 5409 3167 5471 ,Pnntegnurn
3200 5406 3572 5458 Constantini.

1981 5501 2217 5563 Ibidem,
2278 5500 2466 5553 codice
2496 5498 2653 5557 76H,
2709 5497 2765 5548 in
2814 5511 2942 5547 mss.
3001 5493 3280 5547 codicibus
3342 5492 3572 5547 Roberti

1980 5590 2349 5659 Burscough.,
2403 5587 2592 5641 codice
2639 5583 2725 5650 52,
2771 5599 2929 5637 num.
2970 5587 3025 5648 8,
3065 5584 3225 5637 Liber
3267 5586 3577 5637 urinarum
