4040 6182
467 288 604 348 1567

1668 289 2104 346 CARDINALIS
2141 286 2548 345 DEUSDEDIT

3604 273 3745 332 1568

460 415 806 471 Athanasius
836 416 1129 487 episcopus
1158 415 1568 470 Alexandrinus
1587 415 1779 470 scribit
1800 416 1859 469 Β.
1885 416 2054 471 Felici
2071 415 2125 475 A
2144 415 2338 475 locavi.
2369 413 2503 485 quia
2533 426 2671 482 pene
2700 424 2895 463 omnes
2920 407 3044 461 alia
3069 405 3222 467 bina,
3253 405 3376 458 alia:
3398 403 3563 474 plura
3589 402 3649 455 in
3682 414 3747 454 se

460 518 645 576 papae)
674 521 785 559 non
824 504 1028 558 debere
1057 503 1267 575 absque
1314 505 1552 559 Romani
1606 506 1884 576 pontiﬁcis
1929 522 2056 559 sen-

459 594 641 648 tentia
668 593 904 648 concilia
928 592 1218 652 celebrari.
1250 610 1351 648 nec
1380 595 1666 665 episcopos
1695 595 1974 656 damnari,
2003 600 2059 649 et

461 684 655 737 omnia
676 685 891 753 majora
917 683 1144 752 negotia
1174 683 1242 736 ad
1274 684 1523 752 ejusdem
1548 684 1824 753 judicium
1855 683 2058 738 debere

458 771 685 825 deferri.
713 771 823 825 Sed
847 776 904 825 et
933 771 1260 825 Sardicense
1285 771 1601 833 concilium,
1636 772 1783 842 quod
1814 769 1917 827 300
1947 773 2059 842 epi-

459 876 657 931 scopos
702 858 900 913 habuit
948 864 1091 913 teste
1121 859 1423 913 universali
1452 859 1685 929 synodo,
1728 876 1850 929 qum
1879 876 1913 913 a
1943 860 2061 914 suis

456 949 841 1003 conditoribus
870 954 1064 1003 octava
1089 948 1313 1012 dicitur,
1336 948 1581 1018 capitulo
1601 948 1654 1012 3,
1680 955 1737 1002 et
1757 951 1807 1011 4,
1829 954 1886 1003 et
1913 950 2049 1015 (Cor.

450 1050 529 1092 vn
571 1043 621 1091 et
660 1043 713 1101 κ)
742 1037 793 1101 6,
823 1044 880 1091 et
905 1036 957 1103 9,
990 1038 1186 1091 eadem
1229 1038 1446 1091 statuit.
1482 1043 1538 1091 et
1566 1038 1646 1091 ita
1680 1038 1828 1092 inter
1856 1045 2057 1093 czetera

455 1125 517 1180 Β.
539 1143 698 1198 papae
716 1126 863 1181 Julio
877 1127 1125 1198 scripsit:
1152 1129 1372 1195 Optima
1382 1144 1433 1179 ιη
1449 1132 1496 1180 ει
1513 1128 1668 1180 valde
1680 1131 2055 1195 congruentis-

452 1218 664 1270 simum
685 1233 790 1270 esse
819 1217 1113 1277 videbitur,
1144 1219 1194 1269 si
1223 1217 1296 1269 ad
1324 1220 1506 1283 caput,
1530 1217 1590 1269 id
1618 1218 1784 1269 estad
1815 1219 1869 1270 Β.
1905 1220 2056 1271 Petri

452 1307 688 1374 apostoli
697 1307 872 1358 sedem
883 1307 1194 1373 desingulis
1206 1306 1507 1372 quibusque
1517 1307 1818 1372 provinciis
1833 1307 2058 1359 Domini

452 1394 705 1460 referant
732 1395 1049 1446 sacerdotes.
1075 1393 1217 1447 Huic
1243 1398 1412 1445 etiam
1437 1398 1568 1446 ante
1596 1392 1750 1446 illam
1778 1394 2054 1464 synodum

450 1485 680 1536 tantum
708 1482 1033 1535 reverentia;
1057 1481 1127 1535 ab
1155 1482 1402 1551 antiquis
1430 1481 1690 1534 Patribus
1720 1482 1925 1551 legitur
1955 1482 2055 1535 im-

453 1587 693 1644 pensum
735 1571 925 1634 fuisse,
958 1576 1024 1624 ut.
1067 1570 1161 1624 ille
1198 1570 1436 1639 insignis
1466 1578 1680 1641 martyr
1718 1572 2049 1641 Cyprianus,

452 1659 730 1715 Africanae
756 1660 1051 1730 provinciae
1079 1659 1310 1729 primas,
1334 1661 1553 1729 legatur
1581 1659 1637 1712 in
1663 1659 1779 1713 suis
1805 1660 2055 1730 epistolis

2141 504 2365 573 negotia
2389 502 2708 559 continent;
2740 506 2797 552 et
2825 498 2873 551 si
2901 496 3209 551 secundum
3238 509 3533 547 numerum
3563 508 3743 561 nego-

2140 594 2347 647 tiorum
2376 594 2444 645 de
2470 591 2672 662 quibus
2700 595 2878 658 agunt
2901 586 3217 654 acciperent
3243 584 3565 637 sectionem.
3600 580 3744 634 mihi

2140 682 2387 736 laborem
2422 680 2747 752 plurimum.
2778 682 2835 731 et
2863 674 3181 729 auctoritati
3204 672 3467 726 afferrent
3496 671 3741 739 deroga-

2140 773 2351 825 tionem
2374 787 2385 820 :
2413 770 2649 840 ideoque
2673 783 2871 821 moneo
2890 765 3238 835 scriptorem.
3264 778 3331 814 ne
3366 764 3537 813 lector
3560 759 3743 829 gravi-

2140 867 2230 915 ter
2248 860 2583 921 offendatur,
2606 862 2670 911 ut
2688 873 2798 910 non
2817 855 2995 909 solum
3018 853 3075 907 in
3097 851 3486 905 emendatione
3507 847 3735 908 codicis,

2140 967 2333 1005 verum
2364 949 2534 1002 etiam
2566 947 2625 1000 in
2652 945 2907 1016 utrisque
2927 942 3178 997 numeris
3209 946 3359 993 recte
3381 957 3439 991 se
3469 937 3741 992 habendis

2139 1047 2196 1096 et
2222 1039 2541 1095 cautissime
2567 1034 2932 1090 emendandis
2952 1030 3302 1102 diligentiam
3323 1029 3609 1093 adhibeat,
3633 1028 3742 1080 sci-

2136 1132 2267 1184 licet
2292 1131 2349 1184 in
2368 1146 2434 1183 eo
2455 1130 2550 1200 qui
2580 1126 2901 1198 suppositus
2921 1131 3008 1178 est
3032 1121 3345 1193 quibusque
3370 1118 3653 1188 capitulis,
3680 1123 3741 1171 et

2136 1221 2271 1274 item
2298 1220 2357 1273 in
2386 1236 2451 1273 eo
2499 1217 2594 1289 qui
2623 1232 2722 1288 per
2755 1220 2937 1269 totum
2987 1212 3232 1267 codicem
3279 1208 3613 1280 praipositus
3652 1212 3741 1259 est

2138 1309 2371 1379 singulis
2399 1304 2878 1362 deﬂorationibus.
3196 1362 3201 1367 η

2208 1400 2380 1453 Porro
2410 1399 2456 1457 si
2487 1413 2598 1467 qua
2638 1396 2729 1449 hic
2760 1395 2986 1456 inserta,
3020 1390 3168 1463 quod
3206 1388 3373 1443 etiam
3402 1387 3460 1440 in
3492 1402 3736 1455 evange-

2137 1489 2282 1542 listis
2326 1504 2471 1557 saepe
2518 1484 2811 1554 contingit,
2853 1482 2960 1536 sibi
3002 1481 3234 1533 invicem
3265 1475 3551 1530 contraria
3581 1475 3736 1527 vide-

2136 1577 2383 1639 buntur;
2427 1574 2763 1630 discretione
2810 1570 3061 1626 adhibita
3106 1567 3265 1621 facile
3308 1563 3544 1635 patebit,
3588 1563 3739 1632 quod

2138 1683 2319 1736 neque
2349 1666 2473 1729 sibi,
2499 1681 2602 1718 nec
2632 1668 2787 1716 extra
2808 1660 3005 1732 positis
3030 1655 3323 1727 scripturis
3342 1653 3736 1707 adversentur.

450 1748 909 1819 presbyterorum
930 1754 987 1802 εἰ
1015 1748 1377 1801 ἀίεϐοῐιονυηὶ
1412 1749 1719 1801 Romanam
1748 1749 2050 1802 ECOleSiam
2072 1776 2116 1834 Β
2137 1755 2295 1819 Quod
2318 1755 2363 1808 si
2385 1758 2641 1825 patenter
2660 1749 2942 1804 adversari
2960 1745 3273 1816 contigerit,
3296 1742 3532 1795 inferior
3550 1747 3743 1793 aucto-

452 1844 582 1909 post
597 1837 926 1908 martyrium
942 1837 1171 1891 Fabiani
1184 1837 1619 1907 gubernantium
1633 1838 1859 1891 statutis
1874 1839 2052 1891 humi-

452 1926 586 1981 liter
606 1926 878 1996 paruisse,
902 1933 959 1979 et
985 1943 1179 1980 eorum
1210 1943 1332 1997 quae
1354 1927 1502 1997 apud
1527 1943 1686 1980 suam
1714 1927 2055 1996 provinciam

451 2018 814 2085 gerebantur)
834 2015 1061 2069 directis
1077 2016 1147 2069 ad
1170 2032 1264 2069 eos
1288 2016 1558 2086 epistolis,
1581 2017 1852 2071 rationem
1876 2018 2056 2071 reddi-

456 2102 626 2158 disse.
652 2105 798 2168 Quin
825 2105 995 2159 etiam
1015 2105 1165 2158 idem
1188 2106 1369 2159 clerus
1395 2105 1600 2175 legitur
1626 2106 1685 2159 in
1714 2106 1963 2176 epistolis
1985 2107 2056 2160 ad

457 2193 720 2246 eumdem
744 2194 1087 2265 Cyprianum
1110 2194 1315 2257 missis,
1341 2200 1396 2247 et
1424 2195 1494 2247 ad
1517 2194 1784 2255 Siciliam,
1811 2201 1867 2249 et
1886 2196 1956 2248 ad
1976 2196 2057 2249 di-

451 2295 645 2333 versas
676 2287 862 2351 partes
893 2282 1159 2351 epistolas
1189 2283 1477 2347 direxisse,
1506 2288 1563 2336 et
1592 2284 1838 2343 nondum
1871 2285 2057 2354 praesi-

456 2367 626 2422 dente
639 2370 897 2423 Cornelio
920 2387 1020 2440 pro
1037 2371 1463 2425 imminentibus
1483 2377 1617 2425 tunc
1633 2373 1872 2442 negotiis
1884 2373 2056 2427 etiam

455 2457 529 2511 ad
568 2458 960 2513 celebrandam
1006 2460 1196 2514 Romae
1226 2460 1503 2531 synodum
1538 2461 1827 2532 episcopos
1854 2479 2056 2517 convo-

456 2562 613 2601 casse
624 2588 635 2601 .

530 2635 665 2699 Quae
693 2652 821 2690 cum
865 2636 945 2690 ita
992 2637 1123 2698 sint,
1157 2637 1294 2690 satis
1333 2637 1565 2708 impium
1611 2638 1829 2692 videtur
1859 2654 2055 2708 quem-

454 2723 595 2778 libet
637 2725 733 2795 qui
764 2725 1083 2779 Christiano
1130 2727 1357 2779 nomine
1403 2727 1693 2795 glorietur,
1726 2727 2058 2781 Christianis

453 2813 805 2884 temporibus
836 2814 1100 2869 Romanae
1129 2815 1387 2868 Ecclesiae
1436 2815 1662 2869 monitis
1690 2832 1802 2869 non
1832 2816 2057 2887 acquie-

444 2919 634 2974 βοοκ-θ,
666 2920 794 2957 cum
823 2904 927 2958 sub
957 2904 1359 2975 persecutionis
1399 2905 1731 2958 crudelitate
1758 2905 1872 2959 Deo
1902 2905 2058 2975 digni

454 2992 748 3063 pontiﬁces
775 2998 892 3046 tam
922 2993 1119 3047 devote
1144 2994 1454 3064 paruerint.
1481 2994 1650 3049 etiam
1678 2994 1811 3047 dum
1841 3000 2060 3048 careret

452 3082 735 3153 pontiﬁce.
777 3081 1049 3135 Arbitrati
1095 3082 1299 3153 quippe
1335 3088 1468 3136 sunt
1502 3082 1698 3136 Patres
1727 3083 1927 3153 spiritu
1957 3083 2055 3137 Dei

450 3171 624 3242 pleni,
649 3170 841 3226 beatos
870 3172 1152 3241 apostolos
1184 3173 1413 3226 Petrum
1436 3179 1492 3226 et
1514 3173 1747 3227 Paulum
1770 3174 1826 3226 in
1848 3190 1914 3227 ea
1934 3191 2055 3227 ma-

446 3260 667 3331 gniﬁcis
697 3260 913 3313 meritis
946 3260 1127 3314 vivere
1165 3267 1222 3314 et
1263 3278 1518 3331 praeesse,
1551 3262 1853 3332 ﬁdemque,
1886 3280 2053 3333 quam

449 3352 522 3407 ab
551 3352 762 3406 eisdem
801 3354 1063 3423 suscepit,
1108 3370 1230 3425 quae
1260 3354 1317 3407 in
1349 3360 1468 3407 toto
1499 3355 1727 3415 mundo,
1766 3355 1959 3409 eodem
1986 3356 2047 3409 B.

449 3441 629 3496 Paulo
650 3446 972 3505 attestante,
989 3442 1325 3495 annuntiata
1345 3448 1430 3495 est
1445 3449 1501 3495 et
1517 3443 1763 3508 laudata,
1784 3442 1839 3495 in
1857 3443 2052 3496 eadem

447 3545 626 3600 usque
644 3530 703 3583 in
722 3531 923 3584 saecula
942 3548 1054 3584 non
1080 3531 1343 3595 deﬁcere;
1376 3531 1473 3584 sed
1505 3537 1568 3584 ut
1595 3531 1775 3585 eidem
1800 3531 1861 3584 B.
1888 3532 2052 3585 Petro

450 3617 791 3687 imperatum
839 3619 1038 3682 fuerat,
1077 3634 1477 3688 usquequaque
1518 3621 1728 3689 positos
1765 3620 1966 3673 fratres
1996 3620 2055 3674 in

452 3705 648 3759 eadem
679 3706 788 3759 ﬁde
816 3708 1167 3759 conﬁrmare.
1208 3707 1336 3760 Haec
1364 3707 1466 3760 etsi
1497 3708 1778 3761 interdum
1810 3709 2055 3762 adversis

450 3793 645 3847 mundi
666 3794 891 3848 ﬂatibus
911 3795 1267 3865 opprimitur,
1292 3795 1505 3849 meritis
1525 3801 1715 3849 tamen
1736 3795 2051 3867 principum

446 3883 849 3954 apostolorum,
884 3885 978 3954 qui
1014 3884 1070 3937 in
1100 3901 1166 3938 ea
1195 3890 1253 3938 et
1280 3886 1472 3938 vivunt
1498 3890 1555 3938 et
1591 3886 1908 3955 praesident,
1942 3904 2051 3940 non

445 3970 722 4027 obruitur.
757 3973 1032 4037 Quoniam
1064 3974 1166 4027 etsi
1217 3974 1518 4044 aliquando
1566 3975 1636 4028 ad
1665 3976 2053 4046 probationem

445 4070 623 4133 porta:
668 4062 831 4117 inferi
878 4063 1145 4117 adversus
1171 4080 1296 4117 eam
1326 4064 1530 4130 valent,
1560 4070 1749 4118 tamen
1778 4066 1910 4119 Jesu
1942 4066 2052 4119 Do-

446 4150 603 4204 mino
631 4158 829 4206 orante
861 4168 961 4223 pro
1009 4152 1117 4205 ﬁde
1163 4152 1316 4206 Petri
1355 4169 1425 4205 ne
1455 4153 1699 4218 deﬁciat,
1733 4155 2053 4207 nullatenus

446 4239 768 4310 praevalent.
786 4239 984 4310 Itaque
1002 4257 1104 4310 ego
1120 4242 1470 4295 auctoritatis
1488 4243 1664 4312 ipsius
1675 4243 2048 4313 privilegium,

2136 1846 2274 1898 ritas
2290 1843 2493 1915 potiori
2512 1843 2710 1896 cedere
2730 1839 2971 1895 debebit.
2988 1839 3185 1907 Itaque
3206 1834 3450 1904 primum
3467 1827 3737 1882 deﬂet-avi

2138 1950 2372 2005 qumque
2384 1933 2596 2002 optima
2613 1931 2682 1985 de
2700 1928 3033 2001 quibusdam
3052 1920 3464 1978 universalibus
3479 1917 3737 1989 synodis,

2138 2024 2196 2077 id
2216 2028 2301 2076 est
2329 2022 2572 2083 Nicaana,
2598 2019 2879 2091 Ephesina
2902 2016 3107 2087 prima,
3122 2007 3567 2066 Chalcedonensi
3589 2014 3645 2059 et
3664 2020 3737 2068 v1,

2138 2118 2195 2166 et
2222 2127 2322 2178 ΥΠ,
2358 2116 2414 2164 et
2443 2125 2556 2176 VIII,
2579 2126 2702 2180 quae
2730 2107 2936 2178 partim
2965 2122 2997 2158 a
3021 2109 3279 2173 quatuor.
3304 2099 3420 2152 sive
3437 2114 3472 2149 a
3489 2096 3739 2165 quinque

2138 2201 2490 2272 patriarchis,
2527 2199 2597 2252 ab
2640 2212 2833 2251 eorum
2878 2193 3083 2265 partim
3120 2187 3343 2242 vicariis
3368 2184 3474 2240 sub
3504 2184 3741 2237 diversis

2137 2290 2485 2361 temporibus
2509 2285 2900 2343 universaliter
2917 2282 3198 2336 celebrata
3209 2278 3381 2331 fuisse
3401 2278 3736 2328 noscuntur.

2137 2381 2217 2434 De
2248 2395 2486 2450 quarum
2513 2376 2869 2434 auctoritate,
2890 2373 3001 2427 nisi
3030 2371 3123 2441 qui
3156 2366 3420 2429 insaniat,
3446 2379 3618 2417 nemo
3641 2362 3740 2414 du-

2138 2469 2297 2523 bitat.
2331 2469 2438 2523 Sed
2470 2474 2527 2521 et
2551 2468 2620 2521 de
2651 2464 2882 2535 reliquis
2918 2459 3168 2515 conciliis
3205 2452 3595 2511 Orientalibus
3625 2466 3741 2504 non

2139 2559 2239 2613 abs
2264 2576 2324 2613 re
2344 2557 2533 2628 putavi
2560 2571 2683 2627 quae
2703 2570 2950 2623 congrua
2974 2550 3089 2603 visa
3104 2552 3237 2602 sunt
3256 2551 3541 2603 mutuare,
3562 2557 3597 2594 a
3620 2541 3741 2611 qui-

2138 2647 2243 2702 bus
2271 2647 2522 2701 videbam
2553 2647 2834 2699 Romanos
2877 2640 3169 2712 pontiﬁces
3206 2636 3264 2689 in
3310 2633 3429 2687 suis
3456 2630 3740 2688 constitu-

2139 2735 2404 2797 tionibus,
2431 2735 2577 2804 quod
2607 2739 2662 2785 et
2693 2731 2949 2785 curiosus
2980 2729 3153 2781 lector
3179 2720 3607 2793 deprehendere
3637 2736 3739 2788 po-

2137 2826 2289 2891 terit,
2312 2824 2703 2878 auctoritatem
2728 2821 3025 2888 accepisse.
3048 2818 3326 2870 Praeterea
3353 2809 3617 2882 quaedam
3646 2825 3741 2861 as-

2140 2913 2354 2984 sumpsi
2382 2914 2452 2967 de
2482 2909 2910 2980 Carthaginensi
2940 2906 3174 2979 synodo,
3208 2919 3330 2973 qua:
3371 2917 3407 2952 a
3431 2899 3541 2952 2υο
3574 2902 3633 2951 et
3681 2897 3739 2951 l7

2141 3003 2412 3074 episcopis
2436 3001 2538 3055 sub
2572 3017 2716 3072 papa
2744 2998 2960 3052 Zosimo
2990 3000 3116 3049 acta
3144 2998 3247 3055 est,
3281 2988 3655 3062 praesentibus
3683 2992 3747 3039 et

2140 3092 2314 3162 ipsius
2360 3092 2558 3160 legatis
2606 3089 2873 3144 Faustino
2922 3085 3199 3156 episcopo,
3245 3086 3302 3135 et
3347 3079 3635 3148 Philippo,
3685 3083 3747 3130 et

2136 3181 2323 3233 Asello
2354 3178 2711 3250 presbyteris,
2742 3178 2800 3230 in
2828 3191 2939 3246 qua
2975 3174 3182 3227 eisdem
3214 3167 3590 3242 praesentibus
3614 3182 3745 3219 con-

2138 3270 2364 3322 ﬁrmata
2391 3276 2525 3322 sunt
2549 3273 2606 3321 et
2630 3268 2842 3320 inserta
2865 3264 3045 3317 eidem
3070 3259 3304 3332 synodo,
3326 3257 3595 3312 Africana
3614 3272 3746 3309 con-

2136 3358 2264 3411 cilia
2313 3357 2545 3411 diversis
2596 3354 2888 3425 capitibus,
2929 3353 2997 3406 de
3043 3349 3245 3421 quibus
3288 3348 3652 3407 C(elestinus,
3687 3352 3743 3399 et

2138 3447 2527 3517 Symmachus,
2560 3452 2615 3499 et
2642 3443 2960 3498 Hadrianus
2981 3440 3235 3511 quaedam
3257 3436 3523 3490 videntur
3542 3435 3603 3489 in
3625 3434 3744 3488 suis

2136 3536 2374 3589 decretis
2402 3536 2668 3588 inserere.
2700 3535 2764 3586 Et
2794 3531 3059 3602 quoniam
3090 3527 3461 3591 adversarius,
3486 3525 3630 3578 dum
3659 3542 3745 3577 m-

2134 3625 2274 3679 tioni
2299 3624 2630 3680 succumbit,
2649 3622 3036 3676 auctoritatem
3058 3618 3314 3679 infamat,
3337 3616 3637 3669 sciendum
3658 3622 3745 3667 est

2138 3715 2403 3784 quoniam
2435 3713 2624 3767 omnia
2658 3711 2889 3765 concilia
2919 3709 3032 3762 sive
3070 3706 3426 3767 universalia,
3458 3706 3579 3757 sive
3610 3722 3743 3774 pro-

2138 3803 2415 3867 vincialia,
2444 3819 2566 3872 quae
2604 3806 2734 3855 ante
2765 3798 3274 3853 Chalcedonensem
3299 3793 3584 3864 synodum
3616 3800 3745 3845 acta

2134 3892 2376 3957 fuerant,
2402 3898 2597 3961 postea
2615 3890 2943 3944 conﬁrmata
2971 3893 3028 3940 et
3047 3884 3407 3940 corroborata
3425 3882 3666 3936 fuerunt
3686 3882 3743 3934 in

2136 3983 2329 4036 eadem
2357 3997 2475 4051 cap.
2502 3979 2555 4039 1,
2580 3979 2728 4049 quod
2750 3978 2829 4032 ita
2855 3994 2913 4031 se
2934 3975 3135 4029 habet:
3159 3976 3388 4039 Reguius
3409 3977 3743 4025 sanctorum

2135 4074 2369 4125 Patrum
2394 4086 2494 4138 per
2512 4071 2737 4135 singula
2765 4082 2914 4120 nunc
2936 4080 3104 4133 usque
3127 4064 3361 4116 concilia
3383 4064 3740 4125 constitutas,

2130 4162 2425 4227 proprium
2448 4160 2619 4211 robur
2642 4158 2883 4209 obtinere
2897 4155 3253 4207 decrevimus.
3267 4151 3409 4203 Nam
3433 4148 3748 4202 Chalcedo-

2135 4264 2308 4301 nense
2355 4246 2648 4301 concilium
2696 4261 2730 4298 a
2774 4242 2880 4299 630
2932 4240 3185 4296 Patribus
3222 4238 3326 4293 sub
3367 4238 3558 4291 Leone
3592 4254 3749 4308 papa.

447 4344 558 4399 quo
589 4329 739 4382 omni
783 4330 1085 4383 christiano
1124 4330 1243 4383 orbi
1286 4332 1629 4400 praeminet,
1664 4332 2051 4401 ignorantibus
2071 4401 2097 4404 _
2132 4344 2374 4404 gestum,
2395 4341 2478 4387 est
2500 4335 2622 4403 ejus
2642 4331 2994 4386 auctoritatis
3014 4346 3078 4383 ac
3098 4326 3483 4383 ﬁrmitudinis,
3506 4333 3573 4379 ut
3590 4328 3743 4395 quis-

446 4418 765 4488 patefacere
793 4419 1039 4489 cupiens.
1079 4418 1320 4472 Domino
1351 4420 1486 4472 mihi
1517 4438 1677 4491 opem
1710 4422 1941 4485 ferente,
1986 4439 2051 4476 ex
2070 4401 2116 4458 D
2136 4401 2260 4493 quis
2280 4425 2401 4493 ejus
2421 4401 2760 4476 soliditatem
2782 4437 2893 4474 non
2911 4424 3083 4473 tenet.
3105 4415 3403 4486 cujuslibet
3420 4415 3544 4469 vitae
3564 4423 3748 4485 atque

444 4506 616 4559 variis
630 4513 948 4561 sanctorum
966 4508 1193 4561 Patrum
1209 4517 1264 4560 et
1276 4509 1720 4562 Christianorum
1737 4511 2048 4581 principum

448 4596 896 4654 auctoritatibus.
921 4595 1228 4665 potioribus
1251 4596 1561 4667 quibusque
1584 4597 1639 4649 in
1662 4614 1833 4651 unum
1856 4616 2029 4669 conge

449 4681 571 4746 stis,
598 4699 840 4752 praesens
855 4684 1118 4737 detloravi
1134 4686 1462 4754 opusculum
1481 4686 1823 4755 quadrifaria
1842 4688 2052 4758 disper-

447 4769 613 4823 titum
635 4772 957 4841 partitione.
980 4773 1123 4826 Nam
1158 4773 1370 4843 primus
1398 4775 1536 4827 liber
1559 4775 1809 4829 continet
1839 4777 2054 4845 privile-

445 4858 603 4929 gium
661 4859 1013 4913 auctoritatis
1067 4862 1316 4930 ejusdem
1368 4863 1633 4917 Romanae
1680 4864 1932 4919 Ecclesiae
1987 4867 2055 4920 Et

446 4948 713 5019 quoniam
749 4947 990 5002 Ecclesia
1032 4950 1151 5002 sine
1186 4950 1332 5003 clero
1379 4968 1480 5005 suo
1529 4969 1651 5005 esse
1696 4969 1804 5005 non
1845 4960 2048 5023 potest,

444 5053 629 5108 neque
653 5038 837 5091 clerus
865 5037 1077 5108 absque
1108 5037 1274 5091 rebus
1295 5039 1495 5108 quibus
1514 5042 1904 5111 temporaliter
1926 5043 2053 5097 sub-

444 5126 641 5194 sistat;
676 5126 806 5180 huic
834 5126 1093 5196 subjunxi
1124 5127 1427 5182 secundum
1460 5137 1518 5181 et
1544 5131 1772 5183 tertium
1804 5131 1872 5184 de
1903 5132 2051 5185 clero

444 5222 502 5269 et
528 5216 697 5270 rebus
719 5216 967 5284 ejusdem
993 5216 1266 5270 Ecclesiae.
1283 5216 1424 5279 Quia
1447 5234 1575 5270 vero
1597 5218 1780 5271 saeculi
1804 5226 2050 5288 potestas

442 5304 542 5358 Dei
568 5305 870 5358 Ecclesiam
904 5305 1005 5358 sibi
1044 5307 1348 5376 subjugare
1376 5306 1589 5363 nititur.
1628 5307 1854 5360 libertas
1878 5309 2050 5377 ipsius

444 5399 501 5446 et
529 5393 662 5445 cleri
688 5400 742 5446 et
770 5410 958 5447 rerum
983 5396 1123 5464 ejus,
1151 5394 1314 5447 tertio
1336 5401 1391 5447 et
1416 5395 1651 5447 maxime
1676 5404 1875 5465 quarto
1904 5397 2045 5449 libro

444 5481 731 5534 evidenter
758 5484 1088 5537 ostenditur.
1134 5485 1394 5552 Singulas
1424 5492 1611 5536 autem
1655 5485 2046 5539 deflorationes

444 5568 575 5623 huic
585 5587 617 5623 ο
623 5570 741 5639 peri
749 5571 988 5626 insertas
993 5574 1014 5641 j
1025 5580 1156 5626 uxta
1166 5572 1418 5626 ordinem
1431 5572 1806 5642 capitulorum
1818 5574 2046 5627 minime

2134 4512 2369 4565 actionis
2399 4512 2618 4570 existat,
2654 4517 2717 4564 ut
2760 4510 2820 4563 Β.
2855 4508 3161 4577 Gregorius
3194 4506 3291 4569 ait,
3335 4504 3559 4556 etiamsi
3592 4504 3748 4573 lapis

2134 4617 2256 4654 esse
2279 4602 2550 4662 videatur,
2574 4606 2731 4653 extra
2762 4598 2860 4652 Dei
2889 4597 3185 4650 aediﬁcium
3209 4596 3412 4663 jaceat.
3439 4592 3549 4646 Sed
3580 4598 3641 4645 et
3672 4593 3747 4645 de

2134 4691 2467 4744 auctoritate
2477 4706 2750 4743 canonum
2765 4687 3143 4758 apostolorum
3155 4684 3267 4754 .qui
3279 4683 3702 4752 perClementei
3712 4701 3747 4735 η

2135 4780 2447 4832 Romanum
2476 4778 2792 4849 pontiﬁcem
2816 4777 2885 4829 de
2899 4779 3087 4828 Graeco
3109 4774 3166 4826 in
3188 4772 3448 4825 Latinum
3469 4770 3748 4823 translati

2135 4866 2418 4929 dicuntur,
2468 4882 2702 4936 quorum
2734 4864 2902 4917 etiam
2933 4862 3265 4916 auctoritate
3293 4874 3367 4913 v11
3398 4859 3750 4913 universalis

2134 4956 2383 5025 synodus
2407 4956 2634 5008 Patrum
2659 4967 2802 5007 CCCL
2831 4958 2888 5006 et
2914 4952 3061 5005 idem
3086 4950 3390 5020 Gregorius
3411 4949 3468 5001 in
3498 4965 3601 5000 suo
3634 4948 3752 5001 Rw

2132 5045 2310 5115 gistro
2334 5052 2417 5098 uti
2447 5045 2682 5107 videtur,
2702 5043 2771 5096 de
2795 5058 3052 5113 quorum,
3087 5041 3338 5111 inquam,
3370 5045 3427 5091 et
3455 5055 3752 5108 quorum-

2134 5132 2271 5185 libet
2298 5132 2535 5185 aliorum
2567 5148 2841 5185 canonum
2888 5129 3219 5183 auctoritate
3256 5127 3588 5180 Anastasius
3620 5126 3752 5179 Ro-

2135 5236 2313 5273 manae
2345 5220 2599 5273 Ecclesiae
2630 5218 3080 5271 bibliothecarius
3111 5218 3168 5269 in
3215 5216 3443 5286 prologo
3472 5214 3749 5283 ejusdem

2135 5323 2209 5361 \‘Il
2242 5308 2572 5361 universalis
2602 5308 2820 5377 synodi,
2859 5323 3025 5377 quam
3058 5306 3125 5359 de
3156 5306 3347 5359 Graeco
3378 5304 3434 5356 in
3463 5303 3750 5358 Latinum

2131 5398 2433 5454 transtulit,
2451 5398 2650 5449 Joanni
2677 5397 2798 5451 VIII
2821 5414 2977 5467 papae
2998 5396 3076 5449 ita
3096 5396 3319 5448 scribit:
3344 5396 3751 5447 Przdecessow

2129 5493 2301 5539 vestro
2346 5489 2442 5539 PP.
2475 5488 2747 5551 Stephano
2777 5492 2825 5537 et
2856 5488 3160 5552 apostolum
3200 5488 3373 5536 restro
3409 5484 3752 5535 decernam»

2131 5591 2243 5629 non
2265 5579 2487 5628 tantum
2508 5578 2645 5628 solos
2665 5577 3037 5641 apostolorum
3060 5575 3473 5641 quinquaginta
3492 5587 3750 5625 canam:
