4040 6182
312 303 455 363 1569
812 300 1259 358 FRAGMENTA
1295 300 1391 354 DE
1429 298 1870 354 PRIVILEGIIS
1907 298 2000 352 ET
2035 298 2542 354 AUCTORITATE
2580 297 2756 354 ROM.
2800 297 3087 356 ECCLES.
3454 302 3593 362 1570

300 435 542 488 Ecclesia
566 435 777 500 recipit,
814 436 993 499 utpote
1024 431 1288 484 tubarum
1317 426 1568 496 Spiritus
1593 429 1790 489 sancti,
1810 427 1901 478 sed
1924 430 1966 482 A
1983 426 2212 496 quidam
2226 426 2358 480 olim
2374 426 2432 479 in
2449 426 2544 480 Dei
2558 432 2613 480 et
2624 433 2945 481 sanctorum
2959 429 3191 484 Patrum
3204 431 3588 487 sanctionibus

301 527 473 578 etiam
487 525 743 576 omnium
764 520 1378 586 omm’noprobabilium
1398 520 1906 585 Patrum,etsacro—
1989 520 2375 584 contemptum
2414 515 2485 567 ad
2528 513 2614 568 sui
2647 517 3079 571 ostentationem
3111 525 3169 572 et
3196 520 3586 574 ascribendam

302 629 438 665 rum
460 613 825 664 conciliorum
847 612 1065 676 regulas
1078 614 1124 659 et
1156 610 1531 660 institutiones
1551 607 1818 667 admittit,
1837 606 1903 657 il-

304 704 391 754 las
401 702 681 753 duntaxat
694 716 810 766 qum
823 715 917 751 nec
935 704 1089 751 recte?
1104 699 1357 763 lidei,nec
1379 698 1533 749 bonis
1545 697 1791 748 moribus
1807 696 1901 747 ob-

304 791 582 849 viant,sed
594 804 690 842 nec
703 789 843 840 sedis
860 788 1115 841 Romanis
1125 788 1350 839 decretis
1364 786 1664 837 admodum
1677 786 1812 852 quid
1825 799 1906 836 re-

299 882 539 941 sultant,
563 880 701 945 quin
713 880 895 943 potius
914 877 1260 928 adversarios
1275 878 1519 941 potenter
1544 876 1899 940 impugnant,

299 968 581 1039 Epistolas
610 972 799 1020 autem
822 965 1128 1020 Clementis
1148 964 1217 1017 ad
1238 963 1528 1026 Jacobum,
1545 967 1741 1016 contra
1760 978 1903 1031 quas

299 1056 530 1128 quidam
551 1056 769 1127 garrire
781 1054 1059 1117 videntur,
1084 1052 1437 1107 authenticas
1453 1050 1757 1105 ostendunt
1773 1067 1899 1104 suc-

298 1162 554 1200 cessores
592 1146 713 1215 ejus
750 1144 1056 1198 Anacletus
1102 1148 1160 1196 et
1204 1141 1541 1205 Alexander,
1572 1146 1630 1194 et
1669 1140 1895 1211 quidam

295 1234 395 1289 alii
424 1235 736 1306 pontiﬁces,
780 1238 838 1288 et
880 1250 915 1287 a
962 1233 1078 1286 Deo
1109 1230 1444 1286 Benedictus
1494 1230 1897 1284 monachorum

293 1329 480 1393 pater,
516 1323 613 1393 qui
642 1339 708 1376 ex
734 1321 845 1376 illis
875 1322 1063 1393 plures
1095 1320 1404 1375 sententias
1438 1319 1497 1373 in
1526 1319 1645 1373 suis
1674 1317 1896 1388 scriptis

293 1411 635 1466 inseruerat.
651 1412 761 1466 Sed
777 1416 835 1465 et
852 1411 920 1465 de
937 1411 1257 1481 apostolicae
1278 1409 1426 1464 sedis
1445 1409 1781 1464 auctoritate
1801 1407 1894 1461 hic

292 1502 544 1571 plurima
571 1502 840 1572 congessi.
874 1500 1142 1565 Quaedam
1182 1500 1355 1554 etiam
1391 1500 1460 1553 de
1499 1498 1783 1568 opusculis
1816 1498 1886 1556 Β.

291 1591 649 1661 Hieronymi,
685 1591 847 1660 cujus
890 1589 1195 1660 eloquium.
1241 1594 1305 1642 ut
1353 1588 1700 1658 Augustinus
1729 1587 1798 1641 de
1827 1603 1892 1640 eo

290 1680 376 1734 ait
387 1679 901 1744 contraJulianum,
921 1678 990 1732 ab
1011 1677 1312 1733 Orientein
1334 1678 1695 1733 Occidentem
1714 1677 1894 1731 instar

1986 604 2090 657 sibi
2123 610 2409 657 ventosam
2442 604 2856 669 auctoritatem,
2872 623 2995 675 quas
3015 607 3184 661 nullis
3203 610 3487 663 canonicis
3508 612 3588 664 le-

1985 693 2148 762 gibus
2163 702 2311 746 stare
2335 699 2534 763 potest.
2557 693 2904 764 scripserunt
2924 694 3027 748 sibi
3046 712 3243 751 novam
3273 698 3585 752 ordinatio-

1987 800 2115 836 nem
2140 783 2374 836 Romani
2391 783 2695 853 pontiﬁcis:
2724 783 2782 836 in
2806 800 2917 854 qua
2937 801 3105 855 quam
3134 786 3391 846 nefanda,
3417 804 3587 859 quam

1988 873 2102 926 Deo
2132 871 2363 925 inimica
2396 877 2735 937 statuerunt,
2769 872 2969 926 horreo
3007 874 3269 931 scribere.
3304 876 3410 940 Qui
3448 877 3588 947 legit

1985 960 2282 1031 intelligat.
2319 960 2494 1014 Porro
2523 961 2592 1014 de
2623 961 2787 1014 modo
2837 962 3071 1016 docendi
3103 964 3358 1019 subditos
3402 982 3584 1036 pauca

1986 1054 2076 1108 hic
2102 1054 2316 1108 inserta
2344 1061 2479 1107 sunt
2502 1072 2513 1107 :
2533 1054 2799 1125 quoniam
2826 1059 2881 1108 et
2913 1054 3257 1111 laboriosum
3279 1064 3336 1112 et
3353 1057 3586 1113 alterius

1981 1144 2166 1215 operis
2187 1143 2493 1197 arbitratus
2513 1160 2635 1197 sum
2659 1144 2728 1197 ad
2762 1144 2867 1197 hoc
2883 1161 3103 1199 sacram
3133 1146 3410 1201 deﬂorare
3441 1147 3584 1203 Scri-

1980 1237 2226 1303 pturam.
2258 1231 2559 1286 Potissima
2610 1238 2801 1286 autem
2847 1233 2918 1286 ad
2948 1234 3007 1287 id
3060 1235 3245 1304 operis
3288 1236 3426 1290 mihi
3464 1237 3585 1292 visa

1978 1326 2111 1374 sunt
2142 1322 2524 1392 Evangelium,
2555 1327 2614 1376 et
2641 1323 3024 1392 apostolorum
3065 1324 3346 1394 Epistolae,
3378 1331 3436 1379 et
3464 1326 3584 1381 Cle-

1977 1410 2203 1475 mentis,
2240 1416 2297 1464 et
2325 1411 2606 1481 pastorale
2656 1411 2931 1482 Gregorii,
2975 1418 3033 1466 et
3070 1429 3241 1484 super
3284 1415 3585 1486 Evangelia

1978 1499 2221 1554 homiliaa
2261 1501 2513 1570 ejusdem
2557 1499 2645 1566 40,
2690 1507 2748 1555 et
2790 1499 2844 1566 8,
2898 1507 2954 1556 et
2981 1502 3016 1557 9
3041 1508 3097 1557 et
3135 1501 3216 1568 10,
3243 1521 3414 1576 super
3445 1505 3583 1561 Eze-

1977 1588 2236 1643 chielem.
2272 1589 2345 1643 Et
2375 1591 2636 1661 quoniam
2660 1591 2793 1645 dum
2817 1591 3078 1646 brevitati
3096 1594 3314 1656 studeo,
3337 1595 3581 1665 plurima

1975 1678 2136 1732 utilia
2176 1696 2266 1733 me
2306 1679 2591 1750 praeterire
2629 1681 2811 1743 doleo,
2846 1698 3045 1735 moneo
3075 1682 3358 1737 curiosum
3403 1685 3579 1740 lecto-

288 1769 429 1823 solis
459 1770 699 1840 refulget
750 1768 1014 1833 Quaedam
1045 1768 1115 1821 de
1144 1767 1423 1847 opusculis
1451 1766 1744 1821 beatorum
1774 1768 1887 1837 Cy-
1912 1784 2091 1845 Brem
2124 1774 2187 1821 ut
2212 1784 2339 1821 cum
2373 1774 2547 1830 vacat,
2580 1769 2668 1822 his
2697 1786 2730 1822 a
2756 1770 2959 1839 quibus
2990 1771 3105 1824 haec
3128 1770 3400 1826 deﬂorata
3442 1779 3578 1829 sunt

290 1858 498 1929 priani,
532 1858 826 1921 Ambrosii,
862 1857 1164 1927 Augustini
1195 1863 1252 1910 et
1280 1856 1516 1910 aliorum
1541 1858 1793 1910 Patrum.
1825 1856 1893 1909 Et

288 1947 628 2001 omnimodis
658 1965 887 2019 cperam
930 1946 1179 2018 impendi
1228 1952 1289 2000 ut
1338 1954 1525 1999 essent
1567 1945 1893 2016 plenissima

291 2038 629 2091 auctoritate
650 2055 772 2108 quae
794 2038 881 2091 hic
902 2036 1156 2105 congessi
1211 2035 1488 2099 Quoniam
1515 2035 1661 2089 sicut
1676 2035 1892 2105 aliquos

291 2126 498 2197 quibus
543 2128 661 2181 haec
699 2128 996 2197 placerent.
1035 2126 1113 2179 ita
1140 2142 1253 2178 non
1292 2125 1582 2179 defuturos
1620 2125 1890 2195 quosdam

292 2216 389 2286 qui
408 2216 498 2269 his
516 2216 850 2277 inviderent,
869 2232 981 2270 non
1001 2215 1272 2286 ignoravi.
1298 2216 1575 2269 Praeterea
1595 2214 1891 2285 antiquum

291 2304 547 2359 ordinem
579 2305 866 2360 electionis
895 2322 997 2359 seu
1033 2303 1468 2358 consecrationis
1483 2303 1720 2358 Romani
1750 2320 1889 2374 pon-

290 2395 460 2449 tiﬁcis
487 2400 546 2450 et
574 2394 710 2449 cleri
737 2395 861 2465 ejus
887 2394 1020 2448 huic
1057 2393 1213 2464 operi
1250 2393 1500 2447 inserere
1526 2392 1710 2447 libuit.
1742 2393 1890 2447 Nam

1975 1858 2221 1911 studium
2255 1857 2546 1923 adhibeat;
2580 1875 2689 1911 non
2710 1866 2775 1913 ut
2804 1859 3090 1913 deﬂoratis
3121 1860 3333 1931 aliquid
3368 1863 3578 1932 adjun-

1972 1952 2090 2017 gat.
2129 1947 2224 2000 sed
2269 1952 2331 2000 ut
2372 1964 2473 2001 suo
2524 1947 2799 2001 desiderio
2841 1948 3167 2002 satisfaciat.
3226 1951 3342 2004 Hoc
3380 1951 3572 2023 itaque

1975 2052 2116 2106 opus
2146 2042 2339 2090 vestrae
2379 2036 2705 2098 paternitati
2750 2037 3020 2099 dedicavi,
3055 2038 3203 2108 quod
3248 2055 3361 2093 non
3389 2042 3574 2096 solum

1973 2130 2180 2179 sanctae
2204 2127 2523 2196 apostolicae
2551 2126 2691 2188 sedi,
2733 2126 2827 2180 sed
2862 2126 3017 2179 omni
3047 2126 3303 2183 Ecclesiae
3333 2134 3390 2183 et
3420 2130 3575 2184 omni

1974 2214 2123 2267 clero
2153 2214 2509 2285 profuturum
2538 2214 2746 2285 putavi.
2785 2214 3029 2269 Obsecro
3070 2221 3262 2269 autem
3292 2216 3574 2287 legentem

1972 2302 2031 2356 in
2056 2303 2310 2359 Domino,
2338 2309 2402 2358 ut
2428 2319 2530 2375 pro
2558 2303 2700 2358 meis
2721 2302 3036 2358 excessibus
3061 2303 3132 2357 ad
3150 2304 3453 2361 Dominum
3482 2305 3573 2360 in-

1971 2392 2243 2448 tercedat.

1292 2720 2108 2835 FRAGMENTA
2199 2724 2573 2832 LIBRI
2661 2740 2666 2746 ’

289 2943 378 3005 De
409 2943 802 3024 privilegiis
824 2949 893 3008 et
921 2946 1325 3009 auctoritate
1352 2943 1666 3008 Ecclesiae
1683 2943 2001 3006 Romana!
2032 2948 2381 3025 statusque
2415 2943 2878 3019 ecclesiastici,
2899 2948 2966 3006 et
2986 2943 3312 3007 adversus
3329 2958 3566 3008 rerum

376 3032 994 3098 ecclesiasticarum
1011 3035 1388 3111 invasores,
1412 3032 1835 3096 Simoniacos
1852 3037 1920 3095 et
1937 3032 2427 3110 schismaticos,
2449 3032 2883 3096 Guihertinos
2907 3039 2974 3096 et
2995 3031 3462 3097 Henricianos.

945 3209 1181 3279 (BARON.
1211 3209 1421 3264 Annal.
1445 3209 1517 3263 ad
1542 3225 1634 3262 an.
1671 3205 1828 3271 1059,
1861 3223 1887 3260 n

1971 3206 2042 3273 :1;
2079 3203 2231 3273 1080,
2265 3223 2322 3260 n.
2344 3204 2412 3262 31
2442 3224 2457 3275 ;
2497 3204 2649 3273 1080,
2680 3224 2737 3262 n.
2771 3207 2880 3276 32.)

1058 3482 1104 3536 Ι.

575 3572 646 3625 De
675 3573 893 3625 Nirolaz'
909 3573 1163 3639 junioris
1188 3586 1338 3637 papa;
1366 3570 1591 3623 decreto.

354 3662 502 3715 Sunt
530 3666 721 3714 autem
772 3660 867 3731 qui
917 3658 1203 3728 objiciunt,
1248 3658 1541 3712 Nicolaum
1588 3657 1878 3711 Juniorem

281 3751 510 3803 decreto
552 3750 818 3820 synodico
866 3749 1129 3802 statuisse
1178 3753 1242 3801 ut
1286 3748 1527 3802 abeunte
1576 3748 1880 3817 apostolico

280 3839 570 3910 pontiﬁce,
616 3856 906 3892 successor
941 3839 1259 3908 eligeretur,
1294 3843 1350 3892 et
1378 3837 1576 3892 electio
1609 3839 1731 3907 ejus
1760 3838 1878 3907 regi

278 3929 689 3982 notiﬁcaretur.
724 3928 895 3982 Facta
936 3944 1064 3981 vero
1111 3926 1404 3991 electione,
1429 3933 1486 3980 et
1512 3932 1573 3980 ut
1602 3926 1758 3996 prius
1787 3926 1870 3980 di-

277 4024 433 4071 ctum
466 4024 575 4086 est,
606 4017 725 4088 regi
754 4018 1058 4080 notificata,
1086 4017 1168 4070 ita
1193 4017 1419 4070 demum
1470 4016 1714 4087 pontifex
1744 4032 1880 4070 con-

277 4114 618 4161 secraretur.
656 4107 815 4170 Quod
858 4106 904 4160 si
947 4106 1360 4160 admittendum
1401 4111 1504 4170 est,
1552 4111 1614 4159 ut
1662 4105 1878 4159 ratione

276 4196 490 4250 factum
545 4196 788 4259 dicatur,
842 4195 1135 4265 objicimus
1176 4196 1245 4248 ad
1296 4195 1401 4248 hoc
1453 4194 1875 4255 confutandam.

276 4287 577 4356 praefatum
608 4302 817 4355 regem,
851 4291 908 4339 et
931 4286 1231 4357 optimates
1279 4285 1400 4354 ejus
1431 4301 1489 4337 se
1520 4301 1587 4337 ea
1613 4284 1880 4337 constitu-

285 4376 441 4429 tione
473 4375 734 4445 indignos
758 4370 953 4428 fecisse
982 4393 993 4427 :
1029 4374 1296 4444 primum,
1333 4373 1481 4444 quod
1508 4379 1719 4443 postea,
1752 4389 1878 4426 cum

1895 3487 1938 3544 ο
1959 3485 2071 3545 tur,
2102 3486 2159 3534 et
2186 3487 2382 3551 postea
2401 3482 2787 3537 notiﬁcaretur
2814 3484 3256 3556 ipsi,pra3fatum
3286 3488 3559 3545 violantes

1962 3571 2267 3631 decretum,
2303 3572 2527 3641 elegere
2564 3573 2731 3642 (quod
2759 3573 2840 3627 eis
2870 3590 2980 3628 non
3015 3576 3230 3642 licebat)
3264 3579 3420 3649 prius
3448 3580 3558 3634 Ca-

1963 3659 2187 3713 daloum
2246 3660 2626 3726 Parmensem,
2670 3668 2864 3732 postea
2895 3664 3228 3720 Guibertum
3267 3668 3563 3723 Ravenna-

1963 3755 2097 3812 tem,
2130 3750 2426 3804 induentes
2452 3767 2546 3805 eos
2571 3752 2893 3822 apostolicis
2924 3752 3254 3825 insignibus,
3297 3764 3558 3812 vocantes

1965 3840 2317 3909 apostolicos,
2365 3846 2650 3910 apostatas
2692 3847 2749 3895 et
2796 3843 3128 3898 Antichristi
3168 3862 3561 3916 prrecursores.

1966 3927 2246 3982 Przeterea
2294 3935 2484 3982 autem
2533 3929 2799 3999 praefatus
2842 3930 3166 3999 Guibertus,
3208 3940 3308 3988 aut
3354 3935 3461 4000 sui,
3498 3941 3562 3989 ut

1960 4035 2074 4072 sua:
2099 4018 2246 4088 parti
2276 4018 2521 4071 favorem
2577 4019 2941 4085 ascriberent,
2985 4022 3241 4090 quaedam
3273 4022 3330 4075 in
3361 4024 3560 4077 eodem

1960 4108 2183 4161 decreto
2199 4106 2474 4170 addendo,
2500 4106 2753 4176 quaedam
2778 4108 3066 4166 mutando.
3096 4108 3177 4162 ita
3212 4108 3563 4164 illud‘reddi-

1961 4196 2167 4250 derunt
2191 4213 2226 4249 a
2252 4212 2313 4249 se
2337 4195 2635 4259 dissidens,
2661 4201 2723 4249 ut
2754 4201 2854 4250 aut
2882 4213 3078 4267 pauca,
3095 4203 3195 4251 aut
3211 4198 3367 4252 nulla
3380 4215 3563 4253 exem-

1961 4285 2140 4356 plaria
2195 4284 2300 4339 sibi
2352 4285 2749 4338 concordantia
2804 4285 3026 4339 valeant
3072 4286 3330 4340 inveniri.
3380 4288 3557 4352 Quale

1963 4382 2153 4428 autem
2183 4375 2469 4428 decretum
2497 4380 2599 4435 est,
2636 4374 2781 4445 quod
2813 4391 2848 4427 a
2875 4390 2936 4428 se
2957 4375 3039 4428 ita
3066 4374 3383 4447 discrepare
3411 4377 3562 4431 vide-

290 4464 558 4534 praafatus
587 4463 848 4517 Nicolaus
869 4463 1255 4517 Coloniensem
1278 4462 1756 4533 archiepiscopum
1784 4478 1884 4533 pro
1967 4468 2079 4528 tur,
2104 4466 2168 4515 ut
2186 4462 2318 4531 quid
2342 4461 2401 4514 in
2423 4477 2487 4514 eo
2513 4460 2867 4531 potissimum
2907 4462 3058 4517 credi
3088 4462 3312 4531 debeat,
3340 4464 3561 4534 ignore-

290 4553 406 4606 suis
426 4552 743 4606 excessibus
763 4551 1142 4622 corripuisset,
1165 4550 1625 4621 gravitertulere,
1643 4566 1885 4621 eumque
1966 4551 2193 4604 tur?....
2237 4549 2747 4604 Excommunicatio
2790 4555 2981 4605 autem
3039 4568 3164 4622 quas
3216 4552 3275 4606 in
3326 4553 3558 4623 praefato

290 4642 462 4712 hujus
487 4643 567 4695 rei
596 4641 779 4712 gratia
806 4644 1101 4712 (quantum
1132 4640 1187 4693 in
1220 4657 1279 4694 se
1308 4644 1446 4701 erat)
1481 4657 1515 4693 a
1544 4646 1753 4710 papatu
1785 4641 1883 4694 de-
1968 4639 2190 4694 decreto
2220 4638 2547 4693 terribiliter
2566 4638 2914 4710 profertur,a
2933 4640 3222 4709 Guiberto,
3255 4647 3356 4696 aut
3383 4658 3418 4697 a
3444 4642 3563 4699 suis

287 4748 549 4803 posuere,
568 4747 887 4801 nomenque
915 4730 1167 4800 ejusdem
1194 4728 1253 4783 in
1277 4745 1487 4783 canone
1517 4729 1882 4783 consecratio-
1964 4728 2277 4782 fautoribus
2302 4728 2482 4782 indita
2518 4729 2871 4783 solummodo
2907 4729 3174 4795 creditur,
3207 4731 3475 4802 quoniam
3502 4732 3563 4788 in

285 4822 373 4876 nis
404 4820 687 4875 nominari
724 4827 977 4877 vetuere;
1013 4819 1252 4889 ideoque
1295 4819 1583 4872 decretum
1628 4817 2554 4910 ejusdemDantiquioribushujus
2572 4817 3382 4891 decretiexemplaribuslonge
3397 4822 3562 4877 aliter

274 4913 410 4983 jure
428 4911 655 4965 irritum
683 4926 806 4964 esse
832 4907 1076 4974 debebit,
1101 4909 1213 4978 qui,
1232 4924 1357 4961 cum
1385 4924 1418 4961 a
1436 4913 1554 4962 toto
1579 4907 1712 4962 orbe
1738 4925 1883 4979 papa

276 5001 608 5059 haberetur,
629 5001 793 5069 juxta
813 4998 1140 5052 earumdem
1158 4997 1497 5051 sententiam
1510 4996 1719 5051 eisdem
1738 5015 1881 5069 papa

278 5108 398 5146 non
422 5091 547 5153 fuit,
582 5089 741 5161 quasi
770 5105 884 5142 non
925 5105 990 5142 ex
1029 5088 1150 5149 Dei,
1185 5087 1283 5141 sed
1328 5102 1394 5142 ex
1434 5104 1628 5141 eorum
1659 5092 1881 5142 tantum

276 5180 557 5253 penderet
600 5180 902 5241 voluntate,
935 5177 1257 5248 quempiam
1298 5177 1588 5248 quodlibet
1633 5194 1753 5231 esse
1794 5177 1881 5230 vel

278 5286 398 5326 non
431 5286 572 5324 esse.
606 5269 894 5322 Romanus
916 5266 1065 5321 enim
1097 5266 1361 5338 pontifex,
1393 5272 1457 5320 ut
1484 5265 1768 5336 sapientes
1786 5282 1883 5321 no-

279 5369 442 5429 runt,
462 5376 575 5415 non
605 5358 772 5413 modo
801 5358 1004 5429 deponi
1031 5373 1144 5410 non
1176 5360 1375 5426 potest,
1405 5356 1505 5410 sed
1525 5356 1692 5409 etiam
1715 5355 1879 5410 Chri-

278 5453 470 5505 stiano
497 5451 628 5521 jure
650 5466 684 5503 a
711 5447 961 5519 quolibet
993 5462 1105 5499 non
1151 5451 1335 5507 potest
1366 5445 1631 5516 judicari.
1667 5444 1879 5498 Deinde

279 5540 422 5612 quia
448 5556 576 5593 cum
605 5538 664 5591 in
691 5536 886 5590 eodem
914 5536 1138 5589 decreto
1168 5541 1395 5589 cautum
1424 5540 1591 5597 esset,
1610 5539 1671 5588 ut
1690 5534 1880 5588 Romae

275 5628 569 5702 pontiﬁcis
597 5625 796 5684 electio
824 5641 861 5680 a
888 5625 1144 5681 Romano
1193 5625 1341 5680 clero
1369 5628 1429 5680 et
1456 5623 1664 5698 populo
1693 5638 1885 5694 agere-

1966 4908 2223 4963 habetur.
2274 4906 2349 4961 Et
2388 4907 2506 4961 haec
2559 4907 2782 4977 quidem
2840 4924 3012 4979 super
3060 4925 3156 4963 eos
3210 4911 3416 4973 veniet,
3464 4911 3561 4982 qui

1965 5014 2090 5052 eam
2120 4998 2179 5051 in
2208 4997 2296 5051 sui
2324 4996 2568 5050 favorem
2621 4995 2828 5051 ibidem
2862 4998 3134 5064 indidere,
3174 5004 3231 5057 et
3271 5015 3441 5069 super
3465 5015 3559 5052 eos

1965 5085 2062 5157 qui
2105 5102 2229 5139 eam
2274 5084 2584 5138 timendam
2623 5084 2811 5139 dicere
2850 5092 3220 5157 praesumunt.
3268 5087 3449 5156 Super
3496 5085 3562 5138 il-

1963 5175 2047 5229 los
2095 5175 2342 5246 quidem,
2372 5180 2438 5228 ut
2465 5173 2718 5228 incidant
2760 5175 2819 5228 in
2866 5176 3081 5228 foveam
3136 5190 3301 5244 quam
3344 5173 3557 5239 fodere,

1965 5270 2020 5318 et
2063 5269 2128 5317 ut
2165 5263 2555 5335 apprehendat
2601 5280 2697 5317 eos
2748 5263 2931 5334 captio
2979 5277 3150 5332 quam
3185 5262 3552 5329 occultavere,

1965 5357 2071 5407 etc.

2724 5440 2796 5493 II.

2439 5533 2514 5585 De
2539 5529 2790 5585 Guiberto
2811 5527 3098 5595 antipapa.

2036 5623 2171 5677 Post
2214 5619 2466 5693 praestita
2515 5616 2744 5675 domino
2778 5632 2880 5673 suo
2908 5613 3109 5672 beata:
3152 5617 3439 5675 memoriae
3464 5634 3557 5675 se-
