4056 6188
432 296 565 377 1%‘7‘1
830 296 1266 374 amemus
1304 296 1707 374 D‘E‘UsﬁE‘DI‘r
1731 299 2015 376 autem.
2044 298 2152 373 'ﬁi:
2180 302 2381 376 iis“).
2420 304 2509 373 ΕΤ
2542 304 2754 373 sum.
2798 306 2973 375 non.
3012 308 3301 373 ECUL’ES.
3563 311 3699 374 1572

428 442 606 531 ptinio
628 442 905 513 Gregorio
937 428 1091 513 papae
1121 442 1407 531 fidelitatis
1427 426 1800 507 Sacramenta,
1902 445 2091 506 obs-’A
2110 453 2185 511 te,
2225 462 2367 500 caesa
2390 450 2540 500 sunt.
2566 436 2674 509 Qui
2705 445 2875 499 etiam
2896 446 3080 515 pulsis
3108 443 3399 503 catholicis
3423 443 3703 514 cpiscopis

430 528 701 609 dientiam
753 549 805 586 Ix
852 532 996 602 [VIII]
1050 528 1213 586 annis
1267 532 1591 607 exhibitam’,
1653 534 2023 606 apostolicum
2106 541 2163 589 et
2190 534 2503 593 abbatibus.
2534 534 2833 589 sceleratos
2865 541 2922 588 et
2952 535 3156 588 idiotas
3202 532 3440 603 singulis
3468 532 3703 585 civitati—

429 622 694 675 thronum
718 620 937 685 invasit,
965 627 1300 695 cooperante
1314 620 1671 677 sibillenrico
1695 624 2022 694 rege,Quem
2107 624 2228 687 bus,
2265 634 2317 678 et
2346 625 2719 684 xenodochiis,
2744 624 2827 676 vel
2857 622 3106 677 ecclesiis
3126 622 3396 691 singulos,
3410 620 3700 674 interdum

429 710 747 763 seducendo
862 709 1237 764 Simoniacam
1284 708 1560 775 haeresim,
1595 702 1650 766 in
1682 730 1849 783 quam
1876 713 2024 766 idem
2110 714 2300 768 autem
2332 712 2512 769 binos.
2530 714 2614 766 vel
2637 729 2853 767 annuos
2882 712 3143 783 praelatos
3163 709 3471 767 damnabili
3500 709 3703 779 prioris

430 798 707 877 Henricus
735 794 948 853 dudum
993 798 1287 866 inciderat,
1332 800 1663 872 profundius
1703 801 1945 877 impulit,
1970 809 2029 856 et
2111 809 2167 856 et
2197 804 2450 872 magistri
2478 803 2564 856 sui
2595 801 2850 856 Guiberti
2901 800 3147 854 Simonis
3186 799 3549 853 mercimonio
3577 796 3706 851 sub-

432 872 639 944 avertit
672 878 741 941 ab
762 887 1149 943 observatione
1163 891 1472 967 juramenti
1490 889 1639 967 quod
1672 872 1820 963 apud
1837 873 2027 967 Canu-

432 978 579 1033 slum
625 975 839 1031 Tusciae
886 976 1152 1048 oppidum
1196 962 1520 1050 praebuerat
1569 962 1750 1034 eidem
1797 964 2025 1034 domino

430 1056 589 1139 papae
608 1066 681 1120 ad
706 1052 1101 1135 integrandam
1132 1082 1323 1137 pacem
1351 1073 1407 1121 et
1429 1064 1706 1137 justitiam
1739 1068 1797 1121 in
1828 1072 2022 1137 regno,

430 1156 578 1228 quod
594 1152 783 1209 multa
811 1155 1074 1226 superbia
1099 1161 1154 1208 et
1176 1148 1393 1209 malitia
1408 1155 1872 1226 perturbaverat:
1904 1173 2029 1227 pro-

431 1248 560 1318 pter
585 1262 708 1316 quae
737 1245 927 1298 Omnia
947 1250 1081 1315 post
1109 1245 1345 1298 multam
1390 1240 1843 1316 deprecationem
1887 1247 2032 1315 ejus-

432 1321 561 1390 dein
591 1334 780 1389 domni
802 1321 988 1405 papae,
1019 1341 1086 1389 ut
1117 1335 1486 1404 resipisceret,
1530 1340 1587 1388 et
1621 1351 1767 1405 saepe
1792 1336 2030 1389 numero

430 1410 802 1487 vocationem,
817 1430 883 1477 ut
899 1423 1266 1489 satisfaceret,
1292 1412 1520 1477 tandem
1540 1422 1791 1494 primum
1812 1428 2031 1477 eXcoin-

434 1502 838 1577 municatione,
870 1499 1092 1576 deinde,
1134 1504 1243 1566 nisi
1285 1500 1681 1583 acquiesceret,
1728 1514 2033 1567 commina-

2107 892 2366 953 stituens,
2381 888 2889 962 depraedationibus
2908 894 3229 943 sanctorum
3254 889 3525 950 locorum,

2109 982 2421 1036 stianorum
2459 981 2565 1034 sibi
2610 984 2721 1034 nbn
2770 974 3098 1041 faventium,
3149 976 3261 1030 imo
3301 977 3477 1030 etiam
3514 975 3700 1029 faven-

2110 1071 2272 1132 tium,
2306 1055 2440 1123 dum
2471 1080 2583 1123 nun
2612 1062 2763 1123 esset
2798 1062 2893 1139 qui
2931 1074 3151 1121 armato
3175 1064 3491 1128 resisteret,
3535 1064 3700 1133 longe

2110 1161 2333 1230 lateque
2360 1160 2646 1213 voluntate
2684 1150 2909 1228 quidem
2941 1170 3053 1210 non
3083 1156 3270 1210 minus
3307 1170 3431 1208 suo,
3454 1155 3697 1217 Nerone,

2111 1250 2207 1325 sed
2240 1249 2435 1325 minus
2456 1238 2833 1319 possibilitate
2870 1240 3163 1315 grassatus
3204 1250 3310 1299 est.
3350 1243 3465 1298 Sed
3490 1241 3703 1313 gratiis

2112 1322 2247 1405 Deo,
2267 1322 2394 1409 qui,
2420 1324 2486 1391 ut
2510 1338 2592 1391 ait
2612 1326 2931 1408 Apostolus,
2962 1352 2990 1385 α
3017 1329 3577 1405 semper'triuuiphat
3598 1346 3705 1384 nos

2112 1410 2425 1481 in‘Cbristo
2453 1420 2610 1491 Jes'u,
2658 1445 2680 1476 ι
2704 1418 2975 1497 quoniam
3023 1424 3172 1479 idem
3211 1418 3540 1492 imperator,
3582 1421 3708 1489 ejus

2113 1518 2280 1580 Nero,
2309 1502 2379 1570 ab
2398 1531 2589 1579 uxore,
2620 1506 2800 1585 "quam
2840 1511 3190 1567 multiseDeo
3219 1517 3372 1571 teste
3386 1509 3706 1581 prostituit,

434 1603 595 1658 tione
616 1598 983 1673 depositionis
1012 1618 1046 1654 a
1072 1616 1266 1671 regno,
1292 1602 1523 1670 iterum,
1546 1601 1615 1654 ad
1640 1592 2028 1672 ju‘ramentum
2114 1610 2171 1659 et
2212 1604 2342 1659 ﬁliis
2392 1611 2622 1675 propter
2668 1619 2826 1657 suam
2868 1602 3256 1655 crudelitatem
3300 1599 3551 1662 relictus,
3592 1599 3710 1667 jam

436 1682 829 1747 satisfaciendo
858 1692 1181 1761 compulSus
1209 1697 1309 1744 est.
1345 1691 1453 1744 Sed
1486 1703 1695 1761 postea,
1731 1696 1794 1744 ut
1819 1679 2055 1744 dictumv
2113 1696 2342 1749 tandem
2381 1692 2494 1747 ndn
2535 1692 2839 1763 cujuslibet
2882 1690 3051 1760 regis,
3096 1696 3154 1745 et
3200 1689 3372 1753 ducis,
3415 1688 3532 1741 sive
3570 1702 3714 1740 mar-

435 1780 539 1844 est,
575 1792 607 1834 a
638 1781 866 1852 praefato
895 1770 1184 1845 Guiberto,
1219 1796 1358 1833 n0vo
1390 1780 1615 1834 Simone
1647 1782 1829 1849 Mago,
1863 1780 2033 1834 veluti

2115 1784 2347 1842 chionis,
2378 1784 2475 1836 sed
2504 1783 2673 1836 unius
2697 1781 2937 1841 feminae.
2969 1778 3183 1833 scilicet
3224 1777 3484 1848 gloriosae
3510 1781 3570 1829 et
3601 1776 3714 1829 Deo

435 1871 582 1925 alter
604 1856 754 1924 Nero
770 1856 1038 1924 seductus
1059 1880 1164 1933 est,
1193 1870 1405 1923 scilicet
1433 1870 1579 1939 quod
1608 1886 1718 1923 non
1750 1876 2035 1940 Oporteret
2116 1874 2332 1927 dilecta:
2355 1871 2653 1926 comitissze
2682 1862 2986 1933 Mathildis,
3019 1868 3414 1937 congressione
3441 1865 3582 1919 adeo
3622 1864 3717 1917 de-

435 1960 697 2014 eumdem
725 1947 894 2012 veluti
922 1965 1147 2012 tantum
1177 1974 1367 2027 regem
1382 1959 1700 2028 apostolica
1720 1958 1868 2012 sedis
1890 1958 2039 2029 judi-
2119 1948 2370 2015 bilitatus
2399 1962 2501 2024 est,
2543 1966 2609 2013 ut
2653 1959 2740 2011 vix
2758 1992 2761 1997 -
2780 1954 3299 2029 quinquagenarius
3344 1956 3583 2022 magnus
3598 1952 3721 2006 .Ro-

436 2049 523 2103 cio
548 2037 810 2119 cuiquam
838 2034 1181 2107 satisfacere,
1213 2064 1277 2101 ac
1322 2048 1367 2099 si
1400 2064 1510 2101 non
1549 2053 1697 2101 esset
1733 2048 1803 2101 de
1844 2047 2037 2102 ovibus
2121 2054 2416 2105 manorum
2442 2040 2750 2119 imperator
2777 2046 3021 2110 incedat,
3046 2047 3199 2115 justo
3223 2043 3587 2112 districtoque
3615 2041 3717 2095 Dei

435 2138 500 2193 B.
532 2132 706 2192 Petri.
744 2141 800 2190 et
838 2123 1099 2206 exceptus
1131 2124 1295 2189 ab‘ea
1333 2135 1697 2206 obligatione.
1727 2137 1795 2191 de
1826 2154 1937 2207 qua
1963 2138 2038 2190 ei-
2120 2140 2342 2207 judicio,
2374 2139 2475 2194 Dei
2505 2136 2995 2207 frequentissimus
3037 2133 3291 2187 venditor
3327 2138 3384 2185 et
3425 2131 3717 2201 abjurator

435 2225 565 2279 dem
600 2243 633 2279 a
668 2226 784 2281 Deo
823 2226 1069 2303 dicitur:
1112 2244 1134 2275 ι
1178 2224 1560 2295 Quodcunque
1587 2226 1846 2296 ligaveris
1870 2242 2041 2296 super
2121 2229 2361 2282 femineo
2392 2233 2756 2298 superaretur
2779 2225 3087 2294 triumpho,
3139 2223 3237 2293 qui
3273 2220 3387 2275 Dei.
3416 2236 3601 2274 suave.
3629 2219 3717 2288 ju-

433 2304 668 2380 terram,
686 2315 807 2368 erit
832 2310 1065 2384 ligatum
1099 2319 1153 2367 et
1182 2314 1242 2366 in
1271 2314 1431 2375 coelo,
1461 2334 1484 2363 ι
1511 2322 1616 2367 etc.
1640 2314 1905 2383 Ejusdem
1928 2313 2025 2368 ita-
2110 2335 2243 2389 gum
2276 2335 2309 2372 a
2331 2335 2392 2370 se
2423 2310 2740 2387 pro‘jiciens,
2786 2314 2931 2368 sicut
2960 2320 3123 2384 pater
3150 2313 3275 2381 ejus
3298 2309 3502 2374 Belial,
3529 2316 3588 2363 et
3616 2308 3717 2362 iin-

435 2420 545 2475 que
574 2403 836 2457 suasione
863 2403 1094 2473 przetata
1129 2402 1239 2456 duo
1264 2403 1589 2471 juramenta
1616 2405 2031 2473 transgredien-
2112 2425 2331 2462 memor
2349 2398 2500 2460 illius
2518 2404 2695 2458 sancti
2718 2402 2868 2473 regis
2886 2402 3011 2467 Job,
3036 2401 3133 2473 qui
3154 2402 3236 2455 ait
3258 2419 3270 2467 ;
3308 2420 3334 2451 ε(
3382 2399 3442 2454 Si
3467 2405 3716 2451 contem-

435 2492 546 2555 do;
583 2493 810 2557 iterum,
860 2507 1150 2562 quousque
1186 2491 1563 2561 resipisceret,
1616 2493 1874 2563 synodali
1904 2510 2033 2565 apo-
2114 2498 2199 2569 pSi
2241 2496 2520 2566 judicium
2558 2492 2749 2547 subire
2797 2508 2924 2545 cum
2965 2506 3124 2544 servo
3172 2505 3317 2543 meo.
3364 2505 3391 2539 ι
3443 2485 3513 2539 ad
3547 2486 3716 2539 satis-

435 2580 1045 2651 stolicéewsedis'judicio
1070 2579 1306 2633 vinculis
1345 2581 1723 2635 ana'thematis
1753 2582 2032 2652 obligatus
2113 2585 2431 2640 faciendum
2462 2583 2550 2636 his
2579 2596 2818 2652 quorum
2846 2578 3242 2633 infestissimus
3279 2574 3493 2630 exstitit
3529 2588 3717 2644 perse-

432 2675 539 2725 θεῖ·
2104 2680 2301 2747 ὶειιῐοιτκ
2329 2672 2479 2727 beati
2527 2670 2763 2741 apostoli
2818 2667 2970 2722 Petri
3008 2667 3211 2737 subjici
3261 2664 3601 2733 dedignatus
3628 2668 3716 2715 est

2103 2736 2443 2834 iudicia.-.
2504 2828 2507 2831 .
2576 2812 2623 2831 ..
2704 2820 2723 2833 η

2187 2853 2339 2906 Idem
2371 2866 2498 2904 vero
2519 2848 2842 2914 Guibertus,
2872 2846 2967 2918 qui
2999 2845 3176 2900 multo
3206 2842 3411 2898 rectius
3440 2857 3591 2914 papa
3616 2840 3713 2894 de-

490 2937 757 3001 Eandem
782 2935 1067 3006 praefatus
1113 2943 1410 3008 tyrannus,
1480 2937 1755 3001 Henricus
1801 2936 2077 3021 scilicet,”
2118 2958 2278 3001 mens
2299 2938 2747 3011 quamClemens
2762 2937 2870 3005 dici
2891 2935 3119 3009 debui“
3127 2935 3199 3000 l),
3217 2934 3276 2989 in
3295 2932 3564 3021 Oppidulo
3584 2946 3712 3021 suo,

435 3025 736 3089 induratus
749 3030 821 3079 .ut
838 3025 1077 3089 Pharao,
1096 3025 1305 3081 relictis
1324 3026 1395 3081 ad
1408 3027 1785 3081 resistendum
1813 3028 1873 3081 in
1890 3018 2038 3081 'Ger-
2056 3040 2100 3100 ο
2118 3031 2269 3101 quod
2295 3032 2612 3098 Argentum
2641 3026 2864 3091 dicitur,
2900 3024 3059 3096 quasi
3092 3024 3168 3095 ad
3206 3021 3307 3097 sui
3337 3018 3718 3075 munitionem

1183 2757 1285 2814 III.

860 2848 934 2902 De
968 2848 1203 2902 Henrico
1246 2854 1606 2915 persecutore.

439 3116 632 3170 mania
657 3115 853 3185 copiis,
887 3121 1179 3185 assumpto
1209 3115 1413 3185 partim
1436 3132 1555 3173 suo.
1591 3116 1794 3186 partim
1817 3117 1999 3170 condu
2017 3148 2031 3158 -

436 3203 594 3258 ctitio
619 3202 731 3257 sive
761 3203 1022 3272 gregario
1065 3203 1332 3267 exercitu,
1365 3203 1601 3257 Romam
1629 3207 1685 3256 et
1707 3203 2033 3258 suburbana

436 3293 562 3362 ejus
592 3290 1118 3362 deprzedationibus,
1154 3308 1218 3345 ac
1250 3291 1513 3355 incendii,
1544 3298 1601 3346 et
1630 3292 1875 3365 caedibus
1904 3294 2030 3363 qui-

436 3380 543 3435 bus
580 3380 774 3445 valuit,
809 3380 1178 3450 quadriennio
1209 3381 1534 3445 devastavit,
1576 3387 1633 3435 et
1673 3383 1899 3435 tandem
1930 3366 2032 3437 suo

438 3469 669 3525 Simone
698 3469 876 3539 magis
912 3469 1092 3547 pretio
1124 3486 1292 3540 quam
1334 3469 1384 3522 vi
1423 3470 1816 3532 inthronizato,
1848 3471 1919 3525 ab
1949 3489 2038 3527 eo-

438 3558 568 3621 dem
593 3558 1219 3628 imperialemcoronam
1246 3559 1478 3635 accepit.
1499 3560 1562 3614 Et
1584 3561 1751 3630 paulo
1775 3568 2033 3630 postcum

439 3646 638 3707 eodem
666 3646 903 3699 militari
947 3647 1469 3700 Northmannorum
1516 3665 1687 3702 manu
1729 3649 1888 3703 ducis
1926 3650 2035 3703 Ro-

438 3731 613 3799 berti,
641 3733 747 3803 qui
796 3733 853 3786 in
909 3734 1178 3787 auxilium
1229 3716 1441 3788 domini
1492 3753 1649 3806 papae
1692 3736 1947 3805 Gregorii
1978 3737 2037 3789 in

437 3820 684 3874 Adriano
710 3821 967 3891 degentis
990 3823 1206 3887 concite
1232 3823 1430 3888 adfuit,
1454 3825 1779 3895 turpissime
1808 3827 2035 3896 fugatus

440 3908 830 3981 abscessit.‘_E_t
858 3915 974 3964 tam
1010 3927 1125 3966 non
1164 3912 1499 3983 faventibus,
1536 3930 1705 3983 quam
1748 3931 1860 3968 non
1890 3931 2037 3973 com-

440 3997 995 4066 municantibusswi
1022 4017 1089 4054 ac
1115 4002 1232 4055 suis
1259 3982 1641 4071 complicibus,
1669 4009 1726 4057 et
1756 4004 2038 4067 Romaest

440 4088 794 4158 omniregno
832 4105 933 4143 suo
974 4089 1336 4144 saevissimam
1387 4096 1445 4143 et
1490 4090 1816 4146 diuturnam
1847 4094 2037 4148 intulit

439 4178 912 4251 persecutionem.

472 4266 698 4343 ~,Hujus
720 4267 810 4331 rei
842 4284 1015 4333 causa
1036 4275 1094 4331 et
1121 4268 1377 4331 Ecclesiae
1406 4285 1549 4340 pene
1566 4271 1919 4341 totiusregni
1948 4273 2043 4328 de-

442 4353 657 4422 solate,
670 4362 727 4421 et
740 4356 1062 4440 Qhristiana
1090 4358 1286 4427 religio
1311 4359 1613 4431 prOpemod
1626 4376 1731 4421 um,
1748 4360 2038 4431 dissipata,

443 4444 841 4515 etnonaginta
867 4446 1048 4509 millia
1074 4446 1367 4511 hominum
1408 4452 1466 4502 et
1500 4464 1570 4527 ‘eo
1608 4449 1851 4518 amplius
1878 4449 1935 4505 in
1965 4451 2043 4504 di-

441 4533 619 4588 versis
661 4533 1005 4605 regionibus,
1038 4538 1398 4607 pseudopapa
1428 4536 1697 4592 Guiberto
1735 4553 2040 4609 cooperan-

500 4756 821 4874 ‘(ljiEaIdem
846 4760 1383 4866 Leoobstiensisilib.
1419 4812 1502 4881 In,
1534 4828 1584 4867 c.

2112 3121 2259 3174 celsa
2279 3118 2419 3172 turri
2441 3116 2711 3170 fabricata
2726 3114 3079 3185 praestolatur
3102 3112 3447 3166 Simoniacos
3477 3109 3713 3178 angelos

2114 3225 2239 3263 cum
2263 3207 2356 3278 qui
2366 3207 2468 3261 bus
2496 3205 2751 3264 volando.
2772 3203 2827 3256 in
2843 3201 3223 3274 puditissimas
3236 3199 3460 3270 Stygias
3483 3198 3721 3269 paludes

2114 3303 2340 3351 corruat
2368 3294 2557 3348 fractis
2588 3290 3092 3353 cruribus,scilicet
3110 3289 3278 3342 rebus
3305 3288 3441 3348 suis,
3462 3288 3578 3341 Deo
3606 3301 3722 3339 no-

2115 3386 2200 3439 bis
2234 3384 2495 3457 prOpitio,
2547 3383 2666 3452 jam
2716 3378 3117 3451 propemodum
3160 3376 3480 3437 confractis,
3534 3382 3596 3429 et
3646 3374 3720 3428 ad

2119 3476 2357 3531 nihilum
2380 3472 2621 3526 redactis
2638 3517 2647 3527 .
2662 3469 2763 3523 Cui
2787 3485 2952 3522 nemo
2963 3467 3326 3538 apostolicam
3342 3465 3718 3518 reverentiam

2120 3565 2235 3619 sive
2264 3561 2639 3616 obedientiam
2669 3557 2922 3612 exhibuit
2957 3563 3162 3627 praeter
3191 3572 3357 3609 suum
3400 3553 3714 3623 Neronem,

2121 3660 2178 3707 et
2200 3652 2499 3705 sceleratos
2527 3634 2994 3716 complices‘ejus,
3036 3644 3120 3697 vel
3159 3643 3252 3723 qui
3284 3659 3345 3696 se
3374 3642 3455 3695 illi
3486 3649 3722 3713 propter

2120 3740 2435 3803 avaritiam,
2465 3757 2486 3787 ε
2533 3753 2658 3807 quae
2686 3740 2773 3789 est
2798 3733 3075 3788 idolorum
3115 3732 3382 3803 servitus,
3423 3752 3447 3782 ι
3481 3731 3566 3787 vel
3598 3747 3721 3801 per-

2116 3837 2306 3902 petuo,
2340 3828 2424 3881 vel
2450 3827 2524 3880 ad
2550 3830 2792 3895 tempus,
2810 3829 2971 3893 pacto
2992 3821 3362 3892 jurejurando
3392 3820 3716 3875 vendidere:

2118 3934 2357 3992 quorum
2407 3912 2655 3988 plurimi,
2703 3911 2906 3982 quibus
2952 3910 3189 3981 perﬁdia
3228 3910 3533 3981 claruerat,
3581 3909 3719 3963 dum

2118 4005 2457 4064 exsecranda
2489 4001 2765 4081 sacriﬁcia
2813 3999 3078 4061 celebrat,
3128 4016 3199 4070 ne
3246 3999 3605 4073 interessent
3623 4014 3722 4051 au-

2117 4095 2427 4167 fugiebant,
2463 4092 2703 4157 scientes
2731 4089 2997 4144 eumdem
3018 4088 3170 4161 nulli
3200 4089 3586 4161 Romanorum
3601 4104 3722 4157 suc-

2121 4185 2353 4241 cessisse
2383 4181 2730 4253 pontiﬁcum,
2758 4178 2856 4233 sed
2886 4177 3198 4251 pre‘scripto
3229 4176 3394 4251 modo
3424 4178 3724 4251 perjurum

2123 4282 2180 4329 et
2208 4275 2522 4328 invasorem
2565 4285 2632 4335 ac
2676 4262 3423 4343 Simoniacum.‘Henricum
3463 4266 3726 4337 videlicet

2059 4390 2107 4448 D
2124 4379 2312 4434 regem
2322 4402 2337 4430 ,
2360 4358 2589 4415 domino
2604 4355 2877 4427 Gregorio
2889 4372 3045 4427 papae
3065 4355 3236 4410 fuisse
3246 4346 3721 4427 superindictum,

2126 4459 2231 4509 etc.

2004 5278 2057 5315 ἔρα
2140 5283 2237 5315 -οπ
2254 5283 2399 5311 rum
2420 5288 2429 5299 ι
