4040 6182
276 293 419 352 1577

278 422 3219 457 Μ

1046 299 1352 356 JOANNIS
1390 301 1484 356 DE
1524 302 1947 363 GARLANDIA
1985 308 2174 364 OPUS
2214 309 2794 366 SYNONYMORUM.

3403 313 3427 371 1
3438 314 3542 373 578

3223 431 3550 464 *ιιι-

401 566 482 720 J
492 566 817 724 ΟΑΝ
825 571 935 724 Ν
946 570 1097 727 IS
1194 573 1398 725 DE
1497 572 2491 734 GARLANDIA
2586 580 3421 740 OPUSCULA

1128 837 1366 918 (Polyc.
1401 843 1664 916 LEYSER,
1699 842 1859 905 Hist.
1889 852 2048 924 poet.
2082 844 2418 922 medz'z'aevz',
2452 864 2516 924 p.
2550 845 2717 926 311.)

994 1172 1426 1310 OPUS
1519 1175 2839 1317 SYNONYMORUM.

273 1559 364 1612 Ad
392 1574 551 1614 mare
578 1575 650 1614 ne
676 1560 869 1615 videar
896 1562 1091 1617 latices
1124 1563 1359 1633 deferre,
1392 1566 1612 1621 camino

276 1645 621 1718 Igniculum,
656 1650 845 1704 densis
870 1657 929 1705 et
957 1651 1181 1707 frondes
1205 1654 1410 1708 addere
1440 1656 1626 1727 sylvis,

276 1737 609 1809 Hospitibus
637 1756 775 1810 pyra
806 1740 1083 1807 Calabris,
1123 1743 1258 1796 dare
1287 1744 1417 1797 vina
1440 1746 1616 1811 Leeeo,

275 1827 394 1884 Aut
424 1827 614 1881 Cereri
646 1828 853 1899 fruges,
882 1831 1079 1901 apibus
1099 1833 1230 1897 mel,
1263 1833 1347 1886 vel
1376 1835 1573 1904 thyma
1591 1835 1787 1906 pratis,

276 1916 457 1971 Poma
484 1918 570 1971 vel
596 1918 853 1984 Alcinno,
890 1920 973 1973 vel
1004 1921 1193 1974 mollia
1222 1922 1393 1975 thura
1422 1924 1635 1990 Sabaeo,

278 2006 375 2060 Ad
400 2013 651 2061 veterum
684 2025 848 2062 curas
868 2026 1002 2063 curo
1032 2011 1412 2080 superaddere
1440 2020 1677 2068 nostras.

282 2095 391 2150 Sed
425 2096 560 2150 dare
590 2098 674 2150 lac
699 2098 904 2168 pueris.
940 2116 1257 2170 proponens
1289 2118 1483 2171 pauca,
1518 2104 1754 2173 pusillis,

280 2184 433 2249 Quos
460 2185 640 2239 solum
673 2186 858 2242 ditant
886 2194 1154 2243 materna:
1184 2207 1421 2244 munera
1451 2192 1672 2261 linguae.

281 2274 571 2329 Sermonis
596 2275 781 2329 tribuo
805 2279 993 2347 pueris
1019 2280 1301 2333 elementa
1330 2281 1509 2343 latini,

283 2363 536 2427 Quorum
568 2365 934 2435 multiplicem
968 2368 1144 2421 lector
1169 2371 1539 2439 przrconspice
1571 2372 1836 2427 fructum.

280 2453 546 2523 Quisquis
575 2454 860 2508 abundare
881 2457 1036 2526 cupit
1064 2457 1119 2510 in
1151 2474 1411 2512 sermone
1444 2461 1637 2521 latino,

282 2544 469 2613 Atque
500 2559 806 2608 reservare,
849 2562 973 2615 quae
1014 2563 1170 2599 mens
1200 2548 1311 2601 cito
1342 2548 1552 2603 lubrica
1581 2550 1784 2617 fundit,

281 2632 465 2701 Eligat
492 2648 523 2685 e
555 2632 749 2686 multis
788 2633 873 2687 hic
906 2636 1210 2688 mutatoria
1238 2654 1454 2690 vocum.

278 2717 356 2773 Ut
380 2716 751 2771 diversimode
771 2735 890 2771 rem
913 2719 1250 2788 signiﬁcabit
1270 2723 1525 2787 eandem,

288 2803 497 2859 Edocet
523 2805 818 2876 aaquivocis
850 2824 989 2878 Opus
1022 2809 1143 2871 hoc,
1168 2826 1482 2881 synonyma
1508 2814 1754 2882 jungens

1889 1572 1942 1630 Α
1961 1568 2275 1623 Multivocis
2298 1569 2474 1640 prior,
2516 1569 2811 1640 aequivocis
2839 1587 2971 1642 pars
2993 1572 3175 1627 altera
3202 1573 3370 1641 cedit,

1963 1657 2039 1713 Ut
2064 1658 2365 1729 quaerenda
2394 1659 2515 1712 loco
2544 1665 2869 1715 statuantur
2892 1661 3117 1731 singula
3144 1667 3316 1717 certo.

1964 1748 2084 1801 Hoc
2112 1747 2393 1818 alphabeti
2419 1748 2680 1817 geminus
2711 1749 3062 1804 discriminat
3085 1751 3242 1806 ordo.

1961 1833 2227 1889 Pluribus
2246 1835 2453 1889 'ofﬁciis
2479 1840 2683 1890 anima
2706 1842 2841 1890 sunt
2865 1837 3094 1891 nomina
3123 1838 3319 1908 plura:

1961 1924 2106 1977 Dum
2135 1925 2304 1978 sentit
2334 1940 2549 1989 sensus,
2584 1924 2730 1978 ratio
2756 1925 2890 1979 dum
2920 1925 3157 1994 indicat;
3185 1932 3273 1981 est
3301 1942 3461 1983 mens

1966 2012 2112 2067 Dum
2125 2014 2259 2084 quid
2271 2029 2391 2067 com
2399 2013 2724 2081 memorat(l
2735 2012 2783 2083 3)
2794 2013 3035 2081 ;animus
3047 2015 3182 2070 dum
3199 2015 3414 2085 cogitat
3426 2014 3556 2087 (14);

3206 2102 3314 2175 [est
3339 2120 3437 2158 cor

1965 2189 2200 2253 Quando
2222 2191 2355 2261 quid
2378 2191 2631 2258 affectat;
2651 2207 2777 2244 cum
2808 2191 2928 2244 vult
2962 2195 3049 2245 est
3085 2191 3236 2246 dicta
3264 2192 3551 2253 voluntas.

1964 2277 2205 2348 Spiritus
2232 2286 2317 2333 est
2344 2281 2550 2337 anima.
2586 2295 2795 2335 manes.
2832 2279 3120 2348 perfectio,
3146 2280 3278 2346 vita,

1961 2366 2078 2433 Vis,
2112 2369 2454 2433 endelechia,
2488 2376 2712 2431 natura,
2738 2367 3007 2437 potentia,
3036 2367 3211 2422 virtus

1960 2452 2225 2518 Interior’,
2260 2459 2343 2511 vel
2376 2460 2572 2524 homo;
2598 2456 2875 2528 praedictis
2903 2456 3131 2510 additur
3160 2456 3362 2513 umbra
3381 2456 3520 2528 (15).

1963 2545 2139 2599 Orcus
2162 2546 2331 2599 habet
2360 2562 2553 2598 manes
2579 2543 2716 2609 ('16);
2751 2543 3045 2597 animabus
3087 2561 3321 2615 corpora
3343 2545 3556 2613 vivunt,

1964 2633 2208 2702 Spiritus
2237 2633 2294 2687 in
2327 2633 2481 2686 ccelis
2510 2652 2522 2698 ;
2549 2632 2760 2686 umbrae
2787 2648 2886 2701 per
2926 2631 3089 2685 busta
3136 2639 3410 2703 vagantur
3424 2633 3561 2705 (17).

1961 2721 2123 2782 Aula,
2159 2722 2318 2779 atria.
2354 2727 2555 2777 castra.
2578 2719 2785 2789 palatia
2813 2718 2968 2786 regia
2996 2734 3211 2787 regum.

1962 2807 2173 2877 Aliger,
2208 2808 2344 2861 ales.
2371 2810 2509 2869 avis,
2538 2806 2888 2876 Voluerisque
2916 2805 3160 2871 volatile,
3190 2824 3424 2879 praepes.

288 2891 580 2962 Versibus,
630 2901 689 2949 et
735 2896 927 2950 ricinis
967 2898 1098 2969 [lege
1127 2899 1314 2953 ricmis
1350 2917 1452 2969 pro
1496 2902 1792 2973 rhythmis]
1822 2883 1947 2957 utB
1970 2896 2027 2949 Si
2052 2896 2128 2949 Sit
2146 2896 2261 2948 avis
2294 2896 2476 2965 specie
2505 2895 2684 2965 capio,
2718 2895 2793 2948 sit
2819 2894 3008 2962 garrio
3043 2896 3311 2950 vinctum.

1258 2989 1473 3059 [vocum
1504 2991 1667 3059 c0pia
1696 2993 1880 3048 detur.

289 3072 573 3144 Exemplis
596 3074 764 3129 variis
789 3074 988 3139 brevis,
1011 3081 1068 3129 et
1096 3077 1387 3147 producta,
1421 3079 1667 3134 docetur.

284 3160 401 3217 Sub
435 3162 627 3215 multis
655 3163 843 3233 plures
871 3180 982 3227 res,
1015 3181 1183 3219 unam
1215 3183 1345 3220 voce
1375 3167 1479 3221 sub
1508 3184 1640 3223 una.

284 3251 360 3305 Ut
390 3252 514 3305 ﬁeri
544 3269 783 3323 semper,
814 3254 962 3324 quod
993 3255 1056 3308 fit
1079 3256 1429 3328 plerumque,
1462 3264 1745 3327 putamus.

282 3340 557 3395 Fallimus
587 3342 716 3396 hinc
744 3343 903 3405 alios,
939 3349 997 3398 et
1024 3344 1094 3397 ab
1124 3345 1259 3417 ipsis
1300 3347 1546 3400 fallimur
1574 3348 1702 3417 ipsi.

283 3430 385 3484 Est
412 3447 553 3502 Opus
577 3431 783 3485 idcirco
813 3448 1168 3502 cognoscere,
1205 3436 1448 3505 qualiter
1470 3442 1527 3490 et
1547 3454 1656 3507 quo

282 3520 605 3591 Equivocis
634 3521 705 3575 ab
730 3521 983 3577 univocis
1009 3540 1322 3595 synonyma
1354 3526 1581 3580 distent.

284 3609 581 3679 Significat
608 3611 817 3665 multas
848 3628 936 3666 res
965 3612 1132 3666 unius
1164 3614 1414 3668 rationis.

283 3698 614 3753 Univocum.
649 3700 795 3753 sicut
822 3698 990 3755 homo
1021 3701 1385 3772 particularia
1412 3704 1627 3774 signat;

280 3787 650 3857 Equivocum
673 3788 819 3844 celat
848 3789 951 3843 sub
981 3791 1176 3844 eadem
1209 3792 1455 3861 plurima
1482 3809 1633 3856 voce,

284 3874 538 3940 Quorum
568 3891 773 3929 nomen
793 3876 961 3941 idem,
990 3878 1132 3931 ratio
1161 3878 1381 3933 diversa
1409 3878 1513 3932 sub
1544 3879 1639 3933 illo
1671 3885 1774 3934 est.

284 3964 447 4028 Quod
472 3970 650 4031 natat,
672 3981 914 4035 aequore;
948 3967 1223 4037 splendet,
1258 3968 1316 4023 in
1344 3969 1569 4035 aethere;
1602 3970 1793 4032 latrat,
1823 3968 1882 4023 in

757 4099 760 4103 .
1606 4058 1765 4128 [ωείθ⁷

285 4142 581 4213 Signiﬁcat
606 4144 812 4217 triplici
841 4145 994 4199 canis
1019 4146 1137 4201 haec
1160 4146 1271 4201 tria
1298 4147 1400 4202 sub
1430 4148 1666 4203 ratione-

281 4231 513 4286 Diversa
544 4234 865 4303 signiﬁcant
889 4251 1005 4288 una
1032 4253 1345 4307 synonyma
1374 4255 1504 4292 voce
1540 4256 1551 4290 :

282 4320 361 4377 Ut
390 4337 613 4386 mucro;
637 4323 857 4392 gladius
882 4343 894 4384 ;
920 4325 1070 4378 ensis
1103 4343 1114 4376 :
1146 4341 1236 4379 res
1256 4342 1371 4379 una
1397 4332 1622 4380 vocatur

282 4410 641 4466 Nominibus.
675 4413 861 4468 Rebus
883 4414 970 4468 his
1000 4414 1194 4468 eadem
1229 4432 1317 4469 res
1349 4417 1710 4486 significatur.

285 4499 398 4555 Sed
431 4500 565 4569 quia
587 4500 845 4568 dactylici
866 4511 996 4556 sunt
1028 4504 1206 4556 multa
1231 4503 1501 4557 vocabula
1521 4504 1703 4570 metri,

286 4589 397 4653 Qui
425 4589 603 4658 legem
634 4589 854 4659 fugiant
881 4591 1036 4661 operi
1082 4590 1283 4661 quibus
1297 4598 1380 4645 est
1410 4609 1569 4662 opus,
1599 4592 1718 4646 isti:

286 4678 449 4742 Quod
483 4678 645 4733 breve
677 4680 893 4749 longari
925 4681 1122 4751 placet,
1158 4688 1214 4735 et
1235 4682 1460 4751 longum
1486 4681 1721 4735 breviari
1751 4700 1762 4734 :

285 4768 369 4822 De
393 4768 587 4821 multis
616 4769 837 4822 valeant
866 4773 931 4822 ut
957 4786 1146 4823 versus
1173 4777 1331 4840 parte
1361 4770 1550 4823 locari.

285 4856 415 4910 Non
437 4855 602 4909 aliter
628 4862 895 4927 poterunt
917 4874 1228 4929 synonyma
1256 4859 1587 4914 consociari.

286 4945 591 5000 Particulis
621 4963 762 5018 opus
790 4947 896 5001 hoc
919 4947 1130 5017 placuit
1156 4950 1437 5019 complere
1457 4947 1675 5003 duabus
1708 4965 1719 5001 :

358 5104 472 5181 (l3!
503 5106 629 5181 Non
652 5122 794 5181 ergo
817 5122 976 5163 mens
997 5107 1147 5161 dicta
1171 5109 1329 5179 quasi
1351 5110 1603 5164 eminens
1622 5126 1753 5181 pars
1770 5108 1888 5163 ani-

284 5177 386 5241 mi,
420 5182 483 5232 ut
507 5178 625 5231 vult
652 5177 847 5232 Faber.

364 5249 473 5314 (14)
504 5249 647 5322 Hinc
676 5249 906 5322 animus
924 5250 1149 5321 proprie
1171 5267 1281 5304 non
1307 5251 1453 5304 idem
1476 5256 1562 5306 est
1588 5252 1735 5322 quod
1764 5250 1887 5303 ani-

289 5336 405 5382 ma,
437 5325 513 5392 ut
531 5319 787 5390 perhibet
818 5319 1209 5392 Faberfcujus
1264 5339 1467 5377 nomen
1525 5324 1582 5376 in
1604 5319 1887 5377 secuturis

286 5391 518 5445 animad
530 5392 874 5445 versionibus
902 5391 1163 5447 reticebo.

369 5461 478 5535 (153)
504 5463 788 5535 Pleraeque
815 5464 1249 5535 signiﬁcationes
1269 5465 1487 5521 omissae
1510 5466 1566 5519 in
1597 5466 1813 5519 Lexico.

366 5531 480 5620 ('6)
511 5531 852 5620 Manes—ergo
869 5531 991 5589 non
1019 5543 1155 5591 sunt
1183 5537 1513 5609 simpliciter
1533 5537 1732 5593 animae
1762 5552 1886 5591 cor-
1906 5559 1957 5620 Β

287 5603 526 5679 poribus
553 5612 751 5660 exutae.

533 5704 798 5769 PATROL.
843 5706 961 5771 CL.

1966 2986 2261 3057 Auspicor,
2289 2984 2621 3057 auspicium,
2653 2984 2824 3039 simul
2852 3001 3093 3055 auspex;
3137 2986 3422 3057 Aucupor,
3454 3003 3561 3044 au-
3608 3040 3613 3043 _

3317 3071 3491 3147 [οθΡεο

1965 3165 2181 3234 Augur,
2209 3169 2267 3217 et
2285 3162 2606 3233 augurium,
2634 3161 2801 3216 simul
2833 3178 3099 3231 auguror,
3133 3162 3471 3221 efﬁciantur.

1964 3254 2067 3308 Dic
2085 3270 2263 3313 arcas,
2295 3252 2506 3319 thecas,
2537 3251 2723 3315 cistas,
2756 3251 2843 3304 vel
2871 3250 3095 3317 scrinia,
3129 3268 3343 3324 capsas.

1966 3342 2227 3413 Capsula,
2261 3341 2521 3411 capsella,
2545 3340 2616 3394 de
2646 3356 2813 3411 capsa
2831 3339 3181 3395 diminutiva.

1964 3431 2210 3496 Arduus,
2240 3430 2508 3493 excelsus,
2542 3431 2746 3493 celsus,
2779 3427 3054 3493 sublimis,
3079 3434 3137 3482 et
3162 3430 3331 3493 altus,

1967 3521 2251 3575 Summus.
2284 3526 2340 3573 et
2370 3521 2570 3584 elatus,
2603 3518 3077 3587 sublimatusque,
3111 3518 3348 3585 levatus,

1965 3610 2035 3664 Et
2060 3609 2142 3663 sic
2171 3608 2424 3662 sublatus
2456 3607 2735 3678 praedictis
2765 3606 3096 3661 associatur.

1964 3700 2276 3763 Aumz’lium,
2312 3697 2395 3750 vel
2425 3713 2613 3766 opem,
2637 3694 2905 3765 suffragia
2930 3694 3036 3758 dic,
3069 3695 3155 3749 vel
3174 3695 3397 3765 asilum,

1965 3786 2314 3845 Praesidium,
2347 3786 2433 3839 vel
2453 3785 2789 3851 subsidium,
2813 3783 3017 3854 quibus
3045 3784 3189 3839 adde
3212 3786 3499 3857 juvamen,

1966 3877 2067 3931 His
2097 3876 2506 3945 adjumentum,
2540 3875 2708 3929 simul
2736 3873 3017 3943 adjutoria
3038 3875 3263 3945 junges,

1968 3965 2069 4019 His
2090 3964 2491 4018 adminiculum
2524 3963 2693 4016 simul
2718 3961 2912 4026 addas,
2946 3961 3291 4030 opitulamen
3308 3964 3445 4036 (l8).

1966 4054 2035 4107 Et
2062 4053 2130 4106 de
2160 4051 2403 4122 prOpitio
2434 4051 2497 4104 ﬁt
2525 4050 2593 4104 de
2623 4046 2948 4120 propitiatio
2977 4061 3200 4103 nomen.

1964 4143 2224 4206 Torrens,
2284 4140 2515 4203 ﬂumen,
2575 4154 2742 4205 aqua,
2793 4133 3015 4201 ﬂuvius,
3061 4135 3236 4205 lacus,
3272 4138 3552 4211 undaque,
3620 4202 3623 4205 _

3202 4227 3451 4300 [lympha
3467 4248 3481 4297 ;

1963 4318 2066 4373 Dic
2093 4318 2260 4381 rivos,
2293 4316 2504 4381 latices,
2529 4320 2745 4387 puteos,
2771 4316 2861 4371 dic
2889 4320 3109 4387 stagna,
3131 4316 3399 4386 paludes;

1965 4409 2083 4465 Illis
2108 4407 2350 4462 addatur
2374 4405 2596 4469 animis,
2631 4405 2800 4459 simul
2820 4412 2989 4476 atque
3018 4406 3292 4459 fluentum

1966 4497 2163 4553 Amnis
2184 4496 2479 4565 jungatur,
2508 4496 2669 4564 Aqua
2697 4495 3019 4549 mediarana
3049 4492 3158 4561 (19)
3189 4499 3443 4554 vocatur.

1967 4589 2189 4647 Glarea,
2224 4586 2306 4638 vel
2329 4586 2572 4655 gyphus.
2605 4584 2713 4653 glis
2743 4591 2847 4647 est,
2878 4584 3093 4654 argilla,
3130 4583 3402 4639 bitumen.

1966 4679 2079 4735 Glis
2110 4674 2345 4740 animal;
2403 4676 2509 4740 glis
2559 4677 2714 4726 terra
2767 4678 2967 4740 tenax;
3025 4675 3134 4741 glis
3184 4673 3350 4744 lappa
3394 4689 3560 4730 voca-

3172 4758 3288 4831 [tur
3319 4780 3330 4814 :
3355 4758 3472 4831 (20)

1964 4857 2057 4911 Ri:
2085 4850 2202 4921 (‘21)
2230 4849 2467 4915 animal;
2492 4852 2567 4901 sis
2587 4853 2741 4902 terra
2758 4852 2926 4904 tenax
2950 4867 2963 4916 ;
2997 4852 3066 4904 tis
3089 4848 3260 4920 lappa
3284 4853 3516 4904 vocatur
3541 4866 3554 4901 :

1966 4944 2057 4999 Sic
2075 4956 2255 5012 genus
2275 4938 2437 4992 istius
2464 4936 2815 5007 dignoscitur
2839 4940 2896 4989 et
2920 4935 3221 5006 genitivus.

2037 5100 2150 5173 (17)
2178 5101 2303 5156 Non
2330 5116 2463 5173 ergo
2495 5116 2688 5154 manes
2718 5103 2869 5154 sunt.

2042 5172 2143 5242 (l8)
2172 5174 2336 5227 Deest
2360 5172 2414 5225 in
2449 5173 2662 5242 Lexico.

2042 5238 2144 5312 (19)
2170 5246 2293 5299 Νοη
2317 5244 2485 5297 habet
2503 5239 2970 5313 significationem
3001 5238 3256 5313 Lexicon:

2041 5308 2150 5383 (20)
2182 5317 2340 5370 Hunc
2367 5308 2591 5369 versum
2639 5315 2777 5367 citat
2814 5309 2994 5365 Faber
3014 5310 3077 5366 in
3123 5308 3342 5377 Lexico,
3375 5314 3563 5368 auctoo

1972 5405 2217 5464 remque
2231 5389 2353 5464 ejus
2382 5387 2516 5441 facit
2543 5384 2885 5464 Silvatic‘um:

2049 5454 2152 5531 αἱ)
2187 5454 2407 5515 Scilicet
2424 5456 2708 5530 genitivus
2739 5454 2928 5509 Gliris.
