4040 6182
239 237 370 306 153.1

226 361 451 424 Dicitur
477 358 737 424 assiduus
766 355 952 420 studio
973 353 1077 414 sibi
1109 353 1454 416 continuare,

227 450 449 504 Dicitur
479 447 734 501 assiduus
765 446 917 498 dives
946 443 1014 496 ab
1046 459 1167 496 asse
1199 443 1349 496 dato.

229 539 544 600 Calliditas,
577 535 803 594 astutia.
838 539 893 586 et
914 533 1153 592 cautela,
1189 531 1271 584 vel
1299 535 1470 591 astus,

231 628 331 681 His
354 626 655 697 prudentia
689 624 768 681 vel
798 622 1024 686 astutia,
1059 620 1301 676 versutia
1333 617 1702 673 consocietur.

231 717 438 786 Exigit,
474 733 538 768 ac
570 713 808 784 peragit.
839 711 989 772 facit,
1018 710 1188 770 efficit
1207 726 1272 762 ac
1294 714 1577 778 operatur,

230 806 448 867 Patrat,
473 804 608 873 agit,
645 801 906 870 complet,
941 803 1312 859 consummat,
1345 795 1579 866 perficit,
1613 794 1825 864 implet.

231 894 588 964 Exsequitur,
621 890 848 951 claudit,
883 887 1164 946 concludit
1184 886 1468 948 terminat,
1495 891 1663 954 atque

232 983 471 1042 Desidit,
508 987 564 1034 et
591 980 742 1044 sinit,
771 977 984 1032 medios
1014 976 1240 1032 deducit
1273 976 1331 1034 in
1357 980 1532 1032 actus.

234 1070 656 1140 Promptuaria,
691 1068 778 1122 vel
807 1067 1052 1126 cellaria.
1084 1066 1171 1120 dic
1201 1071 1481 1134 apotecas.

235 1162 316 1216 De
351 1160 532 1230 primo
558 1158 771 1229 primus
797 1157 891 1234 qui
925 1153 1313 1226 promptuaria
1341 1159 1544 1210 servat.

237 1251 339 1304 Est
363 1250 637 1320 apotheca
657 1248 876 1308 domus,
906 1246 996 1299 cui
1019 1245 1198 1301 victus
1228 1243 1469 1300 traditur
1489 1243 1688 1296 omnis.

235 1339 343 1393 Est
371 1338 685 1408 hypotheca
707 1337 784 1389 rei
816 1352 924 1390 non
950 1333 1168 1388 mobilis
1195 1349 1297 1391 nec
1317 1332 1516 1386 domus
1545 1346 1761 1386 arvum.

235 1429 448 1482 Rerum
483 1425 770 1488 mobilium
798 1424 1101 1481 traduntur
1130 1422 1364 1491 pignora
1397 1437 1604 1490 pugno.

238 1514 485 1584 Pignora
514 1521 773 1574 natorum
806 1513 1089 1575 dicuntur,
1126 1511 1356 1580 pignera
1388 1526 1594 1565 rerum.

240 1603 349 1657 Sed
382 1603 516 1672 quia
546 1603 630 1661 lex
660 1602 851 1656 docuit
878 1618 978 1670 pro
1018 1600 1246 1670 pignore
1271 1599 1503 1668 pignora
1530 1597 1680 1668 poni,

237 1693 560 1762 Nuncupat,
595 1692 856 1761 appellat,
886 1689 1264 1759 cognominat,
1289 1694 1345 1742 et
1375 1694 1531 1744 vocat
1563 1687 1689 1740 ista.

239 1781 545 1840 Vociferat,
581 1787 791 1842 censat.
828 1796 995 1834 sensu
1024 1779 1343 1847 junguntur
1379 1777 1594 1830 eodem.

241 1871 503 1941 Applicat
524 1870 809 1942 appellans
837 1868 1055 1938 appello
1087 1867 1315 1922 numine
1345 1865 1615 1935 quamvis.

245 1959 406 2014 Ostia
439 1976 560 2028 qua:
598 1964 830 2018 reserat,
857 1956 1055 2027 aperit,
1083 1956 1406 2026 panditque,
1441 1953 1697 2017 recludit,

247 2049 514 2118 Ejusdem
548 2065 745 2103 sensus
774 2047 1096 2116 depessulat
1117 2045 1345 2098 additur
1375 2044 1518 2098 istis.

249 2140 381 2192 llaec
408 2139 522 2191 tria
543 2138 735 2207 jungis
768 2156 778 2190 :
816 2141 1068 2206 usurpat,
1103 2141 1156 2190 et
1185 2134 1490 2204 prwsumit,
1526 2138 1583 2186 et
1614 2131 1801 2185 audet.

250 2229 463 2291 Sulcat,
500 2233 641 2290 arat.
672 2232 858 2280 versat
883 2224 1094 2295 glebas,
1131 2224 1280 2280 colit.
1317 2224 1520 2278 excolit
1544 2238 1727 2291 agros.

251 2318 438 2386 Alget,
472 2321 529 2376 et
557 2316 807 2386 algescit,
841 2315 1028 2383 friget,
1063 2313 1329 2383 frigescit,
1364 2318 1421 2366 et
1448 2312 1577 2365 inde

251 2405 509 2474 Algidus,
536 2423 601 2464 ac
627 2406 802 2474 algor,
831 2404 1043 2476 pariter
1073 2403 1244 2456 maris
1266 2403 1352 2456 ala
1383 2407 1631 2462 vocatur,

251 2496 333 2548 Ac
354 2495 656 2564 infrigatur
685 2494 963 2564 praedictis
991 2492 1324 2546 associatur.

257 2586 390 2647 Ara,
435 2585 519 2638 vel
542 2585 740 2645 altare,
774 2583 985 2639 domini
1017 2583 1098 2638 vel
1129 2597 1322 2636 mensa
1352 2585 1602 2643 vocatur,

259 2676 446 2743 Atque
476 2674 652 2744 tripos
679 2673 786 2728 dici
820 2672 1105 2731 consuevit
1131 2671 1406 2741 Apollinis
1434 2686 1551 2722 ara.

258 2765 403 2816 Aras
430 2762 733 2832 inspiciens
758 2762 888 2816 hinc
918 2761 1238 2818 detineatur
1260 2775 1518 2827 aruspex.

264 2851 476 2916 Induit,
509 2869 574 2904 ac
595 2851 793 2921 operit.
827 2850 1037 2909 amicit,
1067 2849 1252 2909 vestit,
1287 2847 1442 2915 tegit,
1477 2852 1648 2916 atque

257 2941 425 3007 Vetat
459 2960 469 2994 :
501 2940 777 3010 praedictis
807 2956 1032 3014 sensum
1062 2938 1306 3005 largitur
1336 2936 1597 2988 eundem.

264 3031 365 3084 Est
402 3029 622 3100 globus,
677 3035 846 3099 atque
902 3034 1106 3092 strues,
1161 3027 1244 3080 vel
1282 3042 1533 3090 acervus,
1576 3023 1889 3084 cumulus,‘

1593 3113 1790 3182 [agger

263 3208 362 3262 Est
399 3207 639 3278 glomus,
670 3207 801 3260 hinc
827 3207 1097 3276 glomere,
1130 3204 1317 3274 globo,
1369 3200 1638 3271 conglobo
1687 3199 1864 3255 nasci-

1489 3289 1610 3362 [tur
1637 3290 1788 3346 inde.

264 3386 368 3438 Dic
389 3385 766 3447 anachoritas,
798 3385 1064 3448 reclusos,
1097 3399 1161 3435 ac
1195 3381 1472 3439 eremitas.

266 3475 346 3529 Ex
367 3492 557 3530 eremo
590 3475 742 3529 venit
769 3475 878 3528 hic.
910 3475 1018 3528 Sed
1039 3474 1107 3527 ab
1136 3489 1246 3528 ana
1265 3471 1514 3526 nascitur
1535 3470 1684 3524 inde.

267 3564 414 3618 Hinc
438 3564 773 3620 anachoritae
804 3563 962 3632 quasi
991 3564 1156 3616 corde
1186 3578 1428 3630 superna
1459 3560 1724 3612 colentes.

267 3653 510 3706 Ambulo
535 3653 616 3704 vel
643 3653 891 3722 gradior,
917 3668 1002 3716 eo,
1040 3652 1195 3716 vado,
1228 3649 1572 3721 perambulo,
1604 3664 1793 3717 pergo,

268 3741 512 3794 Additur
542 3741 630 3793 his
661 3741 892 3810 spatior,
922 3741 1007 3794 vel
1037 3757 1256 3804 venero,
1293 3740 1375 3793 vel
1405 3737 1744 3808 proﬁciscor.

270 3831 418 3884 Dicit
445 3847 545 3883 ave
572 3830 816 3891 veniens,
845 3831 1014 3895 salve,
1040 3831 1272 3898 valeque
1301 3827 1585 3884 recedens.

271 3921 551 3985 Amussis,
587 3919 1070 3989 perpendiculum.
1104 3918 1253 3988 quod
1283 3917 1479 3985 regula
1506 3915 1712 3984 signat.

272 4009 420 4062 Hinc
446 4026 511 4063 ex
532 4009 806 4072 amussim
839 4009 987 4078 quod
1017 4008 1226 4063 dicitur
1254 4005 1658 4060 indubitanter.

275 4099 573 4156 Ccelestem
595 4099 686 4152 dic
715 4115 814 4170 ave
845 4098 946 4152 tibi
985 4098 1300 4168 signiﬁcare
1330 4095 1587 4156 salutem,

275 4187 462 4242 Unum
488 4204 739 4246 mu$sare
772 4187 976 4261 signat,
1013 4194 1069 4241 et
1095 4187 1242 4242 idem
1275 4183 1552 4238 dubitare.

278 4276 539 4346 Obliquo,
566 4277 748 4340 sinuo,
781 4293 965 4341 curvo,
993 4276 1160 4329 simul
1188 4291 1379 4346 arcuo,
1413 4272 1605 4341 linquo
1630 4288 1644 4324 :

280 4365 556 4420 Omnibus
587 4365 671 4418 his
696 4366 877 4422 verbis
907 4382 1103 4420 sensus
1137 4364 1293 4420 dedit
1320 4380 1454 4420 usus
1476 4360 1730 4419 eandem-

278 4455 575 4508 Balsamus
605 4462 690 4514 est
716 4455 914 4520 arbor;
945 4460 1077 4513 sunt
1104 4455 1356 4510 balsama
1376 4453 1525 4508 dicta
1556 4450 1799 4519 liquores
1825 4465 1838 4513 ;

275 4543 508 4598 Arboris
537 4551 804 4605 emanant
832 4544 1192 4614 opobalsama
1211 4543 1418 4599 cortice
1450 4555 1609 4597 cassa.

276 4633 355 4686 De
380 4632 533 4696 foliis
565 4633 762 4695 effecta
788 4633 930 4689 scias
959 4633 1309 4689 folibalsama
1334 4631 1537 4686 tristis.

275 4721 435 4775 Trita
465 4722 550 4782 vel
571 4721 750 4783 incisa
771 4722 983 4780 faciunt
1017 4723 1393 4779 colobalsama
1415 4721 1586 4790 ligna.

278 4811 374 4864 Est
405 4811 531 4863 vitis
558 4812 810 4872 Bacchus
842 4817 1013 4874 sator,
1047 4813 1163 4866 fore
1193 4811 1368 4867 bacha
1396 4816 1645 4865 sacratos

278 4899 602 4963 Quemlibet
631 4900 892 4977 insanum
924 4901 1184 4958 bacchari
1213 4902 1453 4958 dicimus
1485 4900 1629 4954 inde.

277 4989 488 5042 Vivunt
519 4989 716 5050 insane
748 4990 841 5059 qui
865 4990 1226 5058 bacchanalia
1255 4989 1462 5044 vivunt.

283 5081 829 5146 Sustentamentum,
861 5080 1140 5135 columen.
1174 5079 1339 5132 basis.
1377 5085 1544 5146 atque
1576 5077 1754 5144 figura

284 5169 389 5221 Pes
418 5168 642 5238 proprie
672 5168 878 5221 fruitur
906 5174 1245 5230 sustentans,
1279 5176 1446 5237 atque
1479 5167 1739 5219 columna

283 5258 522 5310 Basilius
543 5275 741 5326 graece,
777 5275 871 5310 rex
894 5258 1098 5312 dicitur
1129 5275 1246 5312 esse
1278 5258 1465 5311 latine.

286 5347 431 5399 Ilinc
469 5347 584 5399 scio
614 5347 907 5402 basilicum
933 5348 1104 5408 nasci,
1137 5348 1304 5400 simul
1333 5355 1387 5400 et
1420 5346 1761 5399 basiliscum.

282 5438 430 5491 Baro
451 5435 676 5490 baronis
703 5437 892 5506 gravis
918 5454 982 5490 ac
1011 5437 1328 5491 autenticus
1357 5442 1442 5490 est
1466 5435 1562 5488 vir.

285 5525 664 5603 Signatidem
691 5525 911 5594 barrus,
945 5526 1174 5597 elephas
1195 5525 1380 5590 simul,
1415 5530 1472 5580 et
1498 5525 1848 5594 elephantus,

1845 3351 1868 3367 δ

1469 227 1653 290 OPUS
1693 225 2269 289 SYNONYMORUM.

1842 355 1892 412 A
1912 351 2055 412 Nam
2084 350 2276 405 barres
2300 367 2498 418 grzece,
2527 368 2696 420 grave
2725 351 2927 404 dicituJ
2958 368 3079 404 esse
3101 353 3290 406 latine.

3367 227 3502 284 158%

1912 437 2239 508 Lanigeras.
2272 440 2355 492 vel
2385 457 2531 504 oves,
2567 440 2838 504 halantes,
2871 447 3039 510 atque
3071 442 3323 496 bidentes

1912 529 2160 582 Dicimus
2193 548 2202 581 :
2236 530 2486 599 ejusdem
2515 536 2598 582 tot
2625 531 2852 583 nomina
2884 541 3014 586 sunt
3042 533 3318 586 animalis.

1912 618 2070 671 Esset
2092 618 2149 670 in
2181 619 2266 670 his
2293 619 2336 671 si
2369 635 2481 672 non
2509 619 2708 672 vitaret
2734 620 2948 674 ovicula
2978 638 3215 675 versum.

1915 707 2139 759 Balteus
2171 707 2417 777 insignes
2440 716 2724 762 matronas
2758 726 2964 763 aureus
2993 711 3168 764 ambit
3208 729 3218 763 :

1913 795 2076 848 Hunc
2099 812 2236 850 auro
2268 797 2440 850 mixta
2468 803 2727 851 texerunt
2755 799 2934 852 serica
2963 800 3072 854 ﬁla.

1914 884 2069 948 Beta,
2108 886 2460 954 maguderim
2504 889 2722 940 caulem
2753 887 2842 940 dic
2871 906 2993 941 esse
3023 889 3354 957 secundum,

1915 973 2056 1030 Hinc
2084 974 2420 1043 adjectivum
2452 992 2654 1029 nomen
2687 975 2934 1030 betasius
2964 985 3163 1032 exstat.

1915 1063 2207 1132 Signiﬁcat
2235 1065 2382 1118 idem
2417 1064 2540 1117 bilis
2571 1066 2798 1128 oftensa,
2830 1083 3031 1120 rancor
3058 1074 3114 1121 et
3132 1068 3235 1122 ira.

1917 1153 2022 1206 Sed
2055 1154 2277 1223 proprie
2309 1154 2434 1208 bilis
2465 1165 2550 1208 est
2580 1156 2784 1208 humor
2805 1156 2949 1212 fellis
2973 1173 3218 1217 amarus.

1917 1241 1992 1294 Ex
2022 1242 2262 1310 geminis
2291 1244 2447 1297 libris
2473 1251 2696 1303 constat
2715 1263 2976 1300 mensura
3007 1247 3238 1302 bilibris.

1919 1330 2195 1384 Dicuntur
2220 1331 2422 1385 bifores
2448 1335 2688 1403 geminae
2716 1337 2883 1388 valvae
2914 1343 3198 1390 coeuntes.

1921 1419 2138 1480 Intono,
2172 1422 2258 1474 vel
2280 1439 2497 1488 resono,
2533 1424 2718 1488 reboo,
2755 1426 2958 1495 mugio,
2997 1427 3195 1481 clamo.

1920 1512 1966 1562 A
1995 1509 2100 1564 boo
2130 1510 2377 1563 buccella
2407 1518 2557 1573 sunt,
2594 1514 2814 1573 bucula.
2851 1515 3042 1580 bucca,
3078 1515 3294 1572 boatus.

1921 1599 2001 1651 De
2032 1616 2190 1662 cano,
2226 1600 2294 1654 de
2314 1600 2506 1662 bucca,
2534 1619 2662 1655 cum
2688 1603 2961 1664 buccinia,
2999 1605 3202 1658 bucula
3232 1604 3386 1659 furit.

1857 1670 1903 1734 Β
1923 1690 1997 1742 Os
2015 1690 2127 1742 oris
2152 1690 2341 1752 bucca,
2388 1691 2590 1753 minuit
2619 1693 2715 1746 sed
2739 1693 2973 1747 buccula
3002 1711 3248 1749 sensum.

1923 1780 2207 1833 Infantum
2232 1779 2450 1838 buccas.
2475 1782 2652 1836 ocella
2682 1783 2764 1835 vel
2794 1784 2983 1837 oscula
3013 1785 3184 1839 dicas.

1924 1867 2022 1918 Est
2052 1867 2298 1920 buccella
2329 1868 2483 1921 cibus
2515 1878 2786 1939 quantum
2828 1874 3000 1926 semel
3035 1873 3240 1944 accipis
3271 1889 3386 1927 ore.

1925 1957 2080 2010 Inter
2107 1973 2165 2010 se
2195 1957 2386 2022 lituus,
2419 1960 2572 2022 tuba,
2604 1959 2760 2018 tibia,
2789 1961 3022 2015 buccina
3043 1963 3276 2029 distant,

1927 2045 2003 2098 Ex
2030 2046 2167 2098 lituo
2196 2046 2424 2114 gracilis
2445 2064 2615 2109 sonus
2636 2049 2764 2113 exit,
2791 2051 3165 2119 grossiorillis

1927 2135 1975 2186 A
2001 2137 2358 2204 componenti
2389 2137 2623 2199 sortitur
2647 2137 2880 2194 buccina
2906 2156 3131 2194 nomen.

1931 2223 2106 2284 Bubo,
2140 2223 2428 2288 bubastus,
2453 2225 2572 2290 bos,
2603 2225 2808 2287 bostar,
2846 2227 3056 2290 bucria,
3081 2228 3253 2295 buris,

1930 2311 2196 2382 Bubalus,
2231 2320 2288 2365 et
2315 2312 2526 2375 bulcus,
2562 2314 2828 2374 bucrilus.
2863 2316 3140 2386 buglossa,
3174 2318 3468 2375 bubulcus.

1932 2402 2010 2454 De
2037 2401 2141 2454 bon
2166 2408 2433 2471 prazterea
2459 2404 2522 2456 ﬁt
2549 2403 2823 2464 bosforus,
2851 2414 3020 2476 atque
3053 2407 3263 2462 bootes.

1933 2492 2031 2544 Est
2062 2490 2250 2543 bostar
2278 2492 2446 2544 statio
2477 2492 2656 2560 bovis;
2684 2502 2769 2550 est
2801 2512 3099 2549 curvamen
3129 2497 3304 2550 aratri

1936 2581 2129 2646 Buris;
2164 2580 2436 2634 bubastus
2456 2583 2687 2636 tumidis
2717 2591 2804 2637 est
2833 2601 2940 2638 uva
2970 2586 3206 2639 racemis
3232 2605 3244 2653 ;

1936 2668 2042 2722 Bos
2074 2685 2278 2738 parvus
2299 2669 2536 2723 buculus
2561 2690 2572 2735 ;
2603 2673 2697 2724 sed
2733 2672 2967 2726 bubalus
2997 2682 3082 2727 est
3113 2674 3250 2728 bove
3278 2677 3478 2746 major,

1938 2759 2152 2812 Formae
2183 2759 2493 2812 consimilis
2523 2767 2608 2813 est
2627 2761 2858 2815 alterius
2882 2764 3105 2833 speciei.

1943 2847 2082 2899 Sunt
2109 2847 2285 2916 pisces
2317 2847 2488 2911 bulbi,
2519 2856 2745 2904 sumant
2768 2859 3025 2905 armenta
3057 2853 3305 2908 bubulci.

1944 2935 2161 3005 Lingua
2192 2936 2390 2990 bovina
2428 2943 2608 3000 sonat,
2634 2956 2867 3009 gramen
2899 2941 3159 3011 buglossa
3189 2927 3438 3000 vocatur.

1945 3025 2053 3078 Sed
2083 3032 2318 3080 cornuta
2346 3033 2509 3079 sonat
2533 3027 2800 3081 animalia
2839 3028 3025 3083 butria
3052 3047 3250 3099 graece.

1944 3114 2050 3167 Sed
2084 3114 2171 3166 via
2195 3114 2452 3168 bosforus
2481 3123 2565 3168 est
2583 3116 2738 3170 bovis
2763 3119 3045 3188 appellata
3071 3121 3329 3176 meantis.

1946 3204 2151 3256 Arctoo
2175 3203 2353 3256 deﬁxa
2377 3205 2503 3274 polo
2535 3211 2652 3263 stat
2677 3207 2839 3260 stella
2869 3207 3082 3263 bootes.

1948 3292 2046 3344 Est
2073 3293 2217 3356 bufo,
2243 3309 2399 3353 rana,
2435 3296 2797 3356 ranunculus,
2832 3302 3000 3366 atque
3019 3297 3237 3353 rubeta.

1949 3381 2045 3434 Est
2075 3381 2307 3435 bombex
2347 3383 2568 3442 vermis,
2605 3385 2816 3452 egestio
2845 3385 3052 3455 digerit
3072 3388 3118 3456 ej
3131 3405 3214 3441 us.

1950 3470 2158 3534 Serica,
2189 3473 2252 3523 ﬁt
2278 3472 2436 3524 testis
2463 3473 2626 3541 hujus
2650 3472 2967 3527 bombicina
2995 3477 3183 3531 vestis.

1949 3560 2150 3629 Turpis
2171 3560 2285 3613 avis
2306 3560 2471 3622 bubo,
2514 3562 2842 3631 turpissima
2871 3564 3056 3618 bellua
3083 3566 3234 3620 bufo.

1951 3650 2060 3702 Res
2089 3650 2281 3702 eadem
2305 3649 2474 3714 blata,
2506 3653 2935 3723 vespertilioque
2963 3661 3157 3709 vocata
3187 3675 3198 3708 :

1954 3739 2096 3791 Hinc
2120 3739 2436 3792 declamare
2454 3740 2674 3808 garritu
2696 3742 2769 3794 sit
2803 3741 3102 3796 blaterare.

1955 3827 2171 3881 Graecia
2197 3828 2486 3882 consuevit
2514 3827 2641 3882 beta
2661 3845 2799 3883 rana
2830 3832 3091 3896 vocitare,

1958 3917 2114 3971 Sicut
2133 3917 2191 3969 in
2223 3917 2438 3970 Isidoro
2460 3917 2728 3987 scriptum
2761 3921 3041 3989 reperitur
3063 3921 3244 3982 Ibero,

1957 4005 2026 4057 Et
2045 4005 2187 4057 bene
2210 4004 2260 4058 si
2288 4022 2551 4058 numeras
2580 4007 2850 4075 agredula
2873 4010 3136 4079 jungitur
3154 4011 3293 4067 istis.

1957 4093 2270 4146 Mercedem
2300 4111 2497 4147 cursus
2518 4093 2769 4148 bravium
2802 4096 3031 4152 victoria
3053 4100 3242 4166 donat,

1959 4184 2061 4236 Ast
2090 4182 2464 4237 imbrumatus
2484 4184 2666 4237 omnis
2687 4185 2780 4254 qui
2811 4187 3045 4257 negligit
3075 4185 3249 4246 escas.

1961 4272 2218 4336 Bractea,
2252 4272 2551 4337 bracteola,
2582 4274 2917 4329 tenuissima
2947 4278 3155 4332 lamina
3183 4280 3380 4336 fertur.

1960 4361 2161 4426 Imber,
2193 4362 2391 4426 hiems,
2420 4362 2641 4422 bruma,
2664 4363 2842 4418 tribus
2873 4366 2960 4419 his
2989 4385 3076 4420 res
3099 4385 3210 4422 una
3230 4377 3490 4425 vocatur:

1961 4451 2070 4506 Sed
2090 4468 2291 4506 nomen
2323 4452 2524 4505 bruma
2551 4453 2728 4506 trahit
2756 4471 2788 4507 a
2820 4454 3090 4510 brevitate
3117 4459 3355 4514 dierum.
3392 4441 3398 4447 i

1960 4541 2216 4610 Namque
2251 4541 2482 4594 brachos
2509 4559 2705 4610 graece,
2743 4543 2903 4596 breve
2947 4545 3151 4600 dicitur
3179 4565 3300 4602 esse
3327 4551 3497 4606 latine
3532 4573 3541 4606 :

1961 4630 2160 4682 Fertur
2187 4648 2381 4700 ymo-ra
2408 4630 2545 4691 dies.
2578 4634 2933 4702 Componunt
2958 4635 3071 4690 lizec
3092 4637 3202 4690 duo
3231 4623 3511 4706 brumam,

1957 4719 2190 4780 Brucus,
2223 4719 2496 4782 acelaber,
2521 4737 2609 4772 res
2640 4737 2751 4773 una.
2775 4723 2988 4795 locusta
3015 4733 3265 4784 vocatur.
3449 4713 3457 4718 ’

1961 4808 2101 4860 Ilinc
2132 4815 2248 4862 tres
2277 4815 2469 4860 astutos
2489 4809 2594 4861 tria
2620 4811 2847 4863 nomina
2879 4813 3016 4866 dant
3054 4816 3283 4870 animali
3319 4837 3328 4870 :

1960 4897 2113 4949 Tunc
2156 4897 2333 4950 brevis
2363 4906 2447 4950 est
2476 4897 2753 4958 bruchus;
2790 4918 2916 4953 cum
2950 4903 3017 4954 de
3050 4906 3248 4960 tellure
3281 4909 3516 4962 levatur.

1963 4986 2175 5038 Dicitur
2204 4986 2494 5040 acalabcr:
2530 4995 2821 5056 postquam
2857 4992 2912 5042 fit
2943 4993 3135 5046 adulta
3189 4997 3419 5048 locusta.

1962 5075 2200 5128 Nomine
2229 5077 2487 5128 concordi
2521 5078 2676 5145 quasi
2711 5079 2930 5148 limgam
2957 5081 3193 5136 dicimus
3223 5084 3437 5137 hastam

1965 5165 2287 5224 Conflictus,
2325 5165 2548 5222 bellum.
2584 5184 2938 5235 congressus,
2971 5177 3022 5221 ct
3053 5171 3159 5230 ala,
3191 5172 3455 5226 duellum.

1966 5254 2212 5317 Obsidio,
2249 5271 2414 5310 mars,
2449 5263 2614 5324 atque
2649 5257 2892 5308 rebellio.
2923 5259 3128 5326 prmlia,
3160 5277 3362 5328 pugna,

1969 5344 2112 5394 Sunt
2143 5344 2306 5398 acies.
2338 5362 2542 5411 guerra
2568 5346 2840 5410 pranlictis
2867 5348 3213 5403 associanda.

1970 5432 2063 5484 Est
2087 5433 2417 5490 fortunatus.
2441 5434 2588 5494 felix,
2611 5433 2956 5501 faustusque,
2984 5435 3199 5503 beatus,

1969 5522 2282 5576 Detrahens
2310 5528 2480 5592 atque
2509 5521 2681 5575 beans
2706 5522 2901 5580 trabea
2931 5523 3021 5580 dic
3039 5531 3098 5581 et
3114 5526 3421 5586 trabeatus.
