4056 6188
498 294 637 352 1583

495 419 608 474 Res
632 418 829 474 eadem
850 419 1148 473 femoralia
1175 423 1321 473 sunt.
1357 417 1716 490 perizomata,
1748 416 1986 471 brachaa.

497 510 543 561 A
575 507 768 561 bracos
800 506 1021 560 bracale
1053 507 1222 566 venit,
1249 506 1612 576 lumbareque
1633 506 1859 562 lumbis.

494 596 678 658 Fiber,
701 595 850 648 idem
881 603 1197 664 castorque,
1231 596 1405 663 giver,
1431 597 1672 647 casteria
1703 595 1862 664 cujus

495 685 662 739 Fiunt
693 684 935 738 testiculi
961 691 1235 737 castratos
1266 684 1507 737 dicimus
1527 691 1740 737 tamen.

491 773 678 828 Unum
707 773 991 843 significat
1021 773 1259 830 boletus.
1297 773 1514 835 tubera,
1549 773 1725 842 fungi.

493 861 646 928 Quos
668 863 882 917 fructus
905 869 1070 916 terrae
1099 861 1317 916 faciunt
1345 879 1649 916 concursus
1681 861 2016 932 pluviarum.

490 951 733 1007 Additur
751 967 1074 1022 asparagus.
1103 951 1204 1004 His
1233 967 1431 1004 sensus
1465 951 1724 1004 convenit
1750 967 1917 1004 unus.

489 1040 757 1112 Dragma,
798 1040 886 1093 vel
915 1055 1141 1104 aureus,
1177 1054 1331 1102 urna,
1359 1037 1664 1098 besantius,
1708 1044 1878 1110 atque
1907 1040 2090 1093 talen-

1809 1127 1978 1200 [tum

493 1218 602 1276 Sed
632 1218 925 1288 dragmam
953 1217 1178 1288 prOprie
1208 1215 1448 1287 speciem
1473 1217 1562 1269 dic
1584 1217 1847 1287 ponderis
1873 1235 2013 1272 esse.

489 1308 587 1363 Est
615 1315 880 1362 neutrum
905 1306 1143 1376 dragma
1173 1305 1294 1368 tibi,
1329 1306 1638 1376 dragmatis
1670 1311 1754 1360 est
1783 1307 2082 1376 genitivus.

489 1397 734 1461 Quaestio
765 1395 1136 1450 dramaticum
1163 1395 1314 1448 dicas
1335 1411 1516 1464 genus
1539 1411 1659 1447 esse
1691 1395 1954 1464 loquendi

487 1483 736 1554 Dragma
766 1483 942 1536 melos
964 1482 1200 1553 pondus,
1233 1482 1313 1535 sic
1335 1483 1646 1552 dragmatis
1675 1490 1762 1536 est
1783 1483 2080 1552 genitivus.

489 1571 600 1628 Sed
629 1573 706 1626 sit
731 1571 1008 1643 genitivus
1029 1571 1295 1640 dragmae,
1313 1572 1533 1642 pondus
1557 1571 1656 1624 tibi
1689 1573 1920 1626 denotat
1941 1591 2078 1627 esse.

482 1663 743 1727 Pulcher,
767 1662 1062 1721 formosus,
1099 1677 1380 1730 procerus.
1418 1661 1500 1713 vel
1531 1661 1834 1731 speciosus,

481 1753 738 1822 Agnosce
769 1763 1060 1821 prOcerem
1091 1767 1102 1800 :
1137 1751 1461 1802 Juvenalem
1495 1751 1714 1820 suscipe
1748 1758 1968 1806 testem.

487 1840 847 1911 Splendidus,
873 1840 1132 1909 egregius
1160 1839 1358 1902 forma,
1385 1841 1680 1910 specieque
1710 1848 1994 1904 venustus,

481 1930 814 1994 Prazclarus,
848 1929 1079 1988 nitidus,
1115 1927 1312 1989 bellus,
1344 1929 1663 1998 pariterque
1685 1929 1939 1982 decorus.

479 2019 826 2074 Cunctorum
855 2034 1149 2089 procerum
1183 2034 1384 2088 corpus
1403 2017 1490 2070 dic
1516 2034 1638 2070 esse
1671 2035 1982 2088 procerum.

478 2107 852 2178 Marsupium,
884 2107 1072 2169 bursa,
1101 2107 1332 2169 forulus,
1363 2106 1712 2176 loculusquc,
1745 2114 2009 2162 tumetra.

479 2198 581 2253 Est
609 2197 781 2261 canis,
812 2202 900 2251 est
927 2197 1167 2259 catulus,
1201 2197 1528 2266 leporarius,
1563 2203 1732 2266 atque
1781 2198 2078 2262 molossus,

477 2287 564 2342 Ne
584 2292 769 2340 metra
793 2285 1110 2356 precarium
1141 2285 1280 2338 odor
1301 2285 1523 2338 insecus
1554 2291 1702 2338 esset
1731 2285 1788 2338 in
1815 2285 1946 2340 illis.

471 2373 692 2441 Ether,
715 2380 773 2428 et
802 2374 1031 2438 aethera,
1063 2374 1244 2444 polus,
1278 2375 1477 2427 celum
1511 2373 1732 2427 dicatur
1759 2375 2038 2446 Olympus.

478 2463 578 2518 Est
605 2462 810 2516 latrina
835 2462 989 2516 locus
1016 2461 1189 2524 idem,
1211 2462 1555 2517 cacabunda.
1583 2463 1772 2517 cloaca

473 2551 669 2622 Signat
700 2551 847 2606 idem
873 2570 886 2616 ;
920 2551 1076 2622 quasi
1109 2552 1270 2604 triste
1301 2552 1490 2621 legens
1519 2552 1751 2622 tristega
1781 2557 2025 2607 vocatur.

473 2640 717 2701 Chorda,
751 2640 898 2705 fidis,
917 2640 1101 2694 restis.
1133 2648 1191 2694 et
1215 2640 1362 2716 funis
1391 2641 1804 2711 funiculusque,

475 2730 599 2794 Quo
629 2735 693 2784 tu
721 2729 1017 2798 suspendis
1043 2729 1196 2783 fures
1225 2730 1524 2799 torquinus
1551 2731 1807 2784 habetur.

469 2817 577 2874 Est
599 2824 884 2883 antemna,
919 2818 1144 2879 rudens,
1181 2825 1470 2872 amentum
1495 2819 1758 2888 jungitur
1786 2819 1928 2874 istis.

469 2907 572 2964 Dic
595 2925 630 2963 a
658 2908 800 2963 rudo
822 2908 1048 2962 rudens.
1087 2907 1312 2961 Fidicen
1345 2908 1470 2961 ﬁdis
1493 2914 1550 2962 et
1579 2925 1719 2962 cano
1748 2909 1976 2962 format.

471 2997 742 3053 Ambulat
761 2997 822 3052 in
849 2997 1004 3062 fune,
1035 2995 1398 3050 funambulus
1426 2997 1558 3051 inde
1587 3005 1832 3052 vocatur.

1683 292 1994 350 JOANNIS
2035 293 2130 349 DE
2169 293 2597 350 GARLANDIA

2100 417 2152 476 A
2175 421 2351 482 Quem
2383 417 2515 471 colit
2552 417 2774 471 assidue
2803 418 2958 472 venit
2988 419 3322 473 hortulanus
3359 419 3430 473 ab
3457 421 3644 488 horto,

3635 293 3777 354 1584

2174 506 2326 568 Vela,
2358 508 2442 560 vel
2474 508 2671 571 aulaea,
2713 507 2944 562 cortinae
2977 516 3111 560 sunt
3137 508 3456 576 anabastra,

2175 595 2416 648 Cortinae
2446 595 2652 649 limbus
2678 601 2764 649 est
2789 597 3166 666 peripetasma
3202 605 3446 652 vocatus.

2174 682 2422 736 Dicimus
2451 685 2654 744 aulaea,
2689 686 2834 754 quod
2867 686 3268 739 distenduntur
3301 687 3356 739 in
3387 687 3542 742 aula.

2175 773 2314 824 Cum
2347 771 2420 826 sit
2449 789 2557 826 ana
2589 789 2810 826 sursum
2842 773 3113 845 bachique
3141 775 3350 845 gradus
3377 792 3487 830 ana

2175 859 2471 914 Certamen
2498 862 2644 926 lites,
2681 862 2848 926 rixas,
2881 871 2938 916 et
2959 865 3150 934 jurgia
3170 865 3335 930 vites,

2176 947 2274 1000 Est
2299 949 2602 1014 contentio,
2637 950 2724 1003 vel
2753 950 3018 1005 distentio
3048 951 3422 1022 litigiumque,

2171 1036 2336 1090 Adsit
2361 1039 2563 1108 agonia
2593 1039 2816 1108 quando
2845 1041 3262 1111 conjungantur
3283 1041 3469 1112 agoni.

2173 1125 2272 1178 Est
2299 1143 2477 1187 coma,
2505 1127 2778 1191 caesaries,
2807 1128 2995 1192 crinis,
3039 1129 3204 1200 pilus,
3236 1137 3407 1200 atque
3434 1130 3692 1202 capillus.

2171 1214 2350 1268 Credo
2379 1217 2662 1270 cassariem
2687 1217 2937 1271 maribus
2967 1224 3158 1272 tamen
3196 1220 3638 1291 apprOpriatam.

2168 1303 2258 1356 Fit
2285 1304 2354 1357 de
2380 1314 2604 1376 compta
2633 1322 2792 1360 coma
2815 1307 3144 1361 mulieribus
3167 1309 3550 1379 appropriate.

2169 1393 2306 1446 Pars
2337 1393 2489 1462 prior
2521 1401 2604 1448 est
2629 1411 2824 1449 currus
2856 1395 3054 1466 capitis
3083 1396 3283 1450 derasa
3313 1397 3558 1468 pilorum

2167 1482 2434 1536 Anterior
2464 1484 2661 1553 capitis
2682 1501 2811 1554 pars
2832 1485 3004 1538 crinis
3033 1485 3208 1538 densa
3237 1487 3500 1556 pilorum,

2168 1569 2384 1623 Dicitur
2415 1571 2541 1624 hinc
2572 1589 2790 1634 currus,
2835 1573 2968 1643 quia
2997 1573 3394 1644 circumgestat
3431 1575 3659 1638 alauda,

2168 1659 2267 1712 Est
2299 1660 2438 1730 juba
2469 1661 2870 1731 quadrupedis,
2904 1679 3197 1732 porcorum
3220 1670 3341 1717 seta
3370 1670 3626 1726 vocatur,

2101 1738 2146 1796 Β
2167 1748 2576 1819 Cacsariemque
2610 1751 2734 1813 viri,
2762 1769 2978 1804 comam
3009 1753 3234 1822 proprie
3267 1753 3540 1807 mulieris.

2170 1837 2350 1905 Hujus
2374 1849 2426 1891 et
2458 1839 2608 1892 illius
2636 1839 2775 1892 bene
2805 1841 3012 1894 dicitur
3041 1859 3162 1894 esse
3188 1843 3446 1912 capillus.

2167 1925 2406 1988 Laurea,
2439 1943 2698 1988 cernane,
2732 1937 2942 1982 sertum
2972 1929 3249 1982 diadema.
3283 1947 3509 1996 corona,

2167 2016 2356 2068 Addas
2386 2017 2694 2076 aureolam,
2724 2035 2833 2088 quo
2865 2020 3054 2088 pavois
3084 2019 3164 2072 sic
3192 2020 3323 2072 data
3347 2019 3554 2073 dictam
3584 2038 3596 2086 ;

2168 2104 2237 2158 Et
2265 2105 2376 2158 duo
2407 2107 2554 2174 quod
2579 2107 2768 2160 demat
2787 2107 2952 2160 credo
2982 2107 3241 2160 diadema
3265 2122 3545 2174 vocatum,

2165 2193 2357 2247 Finem
2387 2195 2721 2264 principium
2749 2195 2890 2248 sicut
2913 2195 3044 2250 facit
3073 2213 3238 2250 omne
3263 2197 3588 2251 rotundum.

2163 2283 2381 2338 Utendo
2403 2285 2668 2352 generale
2693 2283 2784 2338 die
2814 2301 3064 2345 currum.
3102 2285 3579 2356 curriculumque,

2161 2372 2241 2426 De
2270 2372 2409 2426 veho
2437 2373 2772 2436 vehiculum,
2799 2375 2949 2444 quod
2979 2375 3231 2428 versibus
3250 2382 3337 2428 est
3362 2375 3634 2429 alienum.

2162 2460 2376 2512 Horum
2409 2460 2479 2513 do
2509 2464 2718 2531 species
2746 2462 2834 2515 hic
2858 2479 2982 2532 qua:
3011 2463 3325 2534 subscripta
3354 2470 3708 2534 sequuntur:

2162 2549 2383 2602 Reddas
2413 2551 2734 2621 quadrigas,
2761 2560 3050 2622 carpenta.
3079 2553 3166 2606 vel
3197 2554 3412 2616 esseda,
3448 2553 3624 2624 bigas,

2159 2639 2290 2692 Istis
2323 2639 2613 2709 pilentum,
2651 2641 2954 2711 fartagum,
2983 2644 3160 2712 junge
3191 2642 3486 2696 libramen.

2156 2728 2422 2787 Testudo.
2455 2729 2689 2790 cithara,
2727 2731 2940 2801 chelys,
2976 2739 3034 2784 et
3064 2733 3186 2802 lyra
3214 2732 3302 2786 dic
3341 2749 3538 2786 unum.

2157 2819 2204 2872 A
2225 2817 2440 2870 cithara
2468 2818 2734 2872 cithariso
2763 2821 2932 2886 venit,
2974 2820 3143 2874 simul
3180 2828 3236 2874 ct
3255 2822 3609 2877 citharaedus.

2157 2907 2301 2960 Hinc
2329 2907 2568 2978 lyricum
2599 2924 2845 2976 carmen,
2889 2909 3122 2980 lyricen,
3155 2911 3277 2982 lyra
3302 2928 3429 2966 cum
3469 2929 3612 2966 cano
3637 2911 3758 2967 for-

3583 3002 3751 3072 [mat.

473 3085 816 3154 Cantharus,
843 3092 899 3142 et
928 3091 1141 3158 patera,
1175 3086 1397 3150 calices,
1435 3087 1516 3139 vel
1538 3087 1756 3156 pocula,
1789 3099 1990 3151 crater,
2087 3057 2130 3116 C
2155 3085 2360 3139 Pollice
2388 3091 2560 3156 tango
2582 3087 2786 3156 lyram,
2809 3087 2952 3140 facio
2975 3103 3102 3141 cum
3127 3105 3351 3143 vomere
3383 3089 3586 3159 lyram.

474 3177 751 3248 Scyphus,
779 3176 926 3246 apud
961 3181 1176 3229 veteres
1209 3181 1528 3229 tractantur
1552 3192 1780 3236 cornua,
1816 3177 2048 3242 concha,

473 3265 714 3331 Cimbia,
743 3265 830 3319 vel
864 3265 1134 3326 calathos,
1166 3264 1462 3321 carthesia.
1494 3265 1786 3334 jungimus
1809 3265 1951 3318 istis.

471 3357 668 3428 Deque
693 3359 854 3426 spata
878 3355 1074 3408 credas
1101 3353 1181 3408 sic
1218 3353 1395 3408 dictos
1424 3370 1545 3407 esse
1576 3354 1870 3424 spadones.

473 3444 575 3499 Est
598 3443 891 3515 cophinus,
921 3443 1156 3508 calatus,
1185 3459 1311 3495 cum
1330 3451 1522 3512 sporta
1550 3443 1820 3512 sportula,
1849 3442 2069 3508 corbus,

474 3533 656 3598 Quam
688 3533 776 3586 lus
808 3531 1112 3603 quaxillum
1143 3531 1309 3584 simul
1337 3531 1460 3584 istis
1490 3531 1901 3584 associandum.

475 3621 717 3688 Fiscina,
743 3621 974 3683 ﬁscella,
1009 3636 1118 3689 quo
1140 3636 1336 3672 caseus
1365 3619 1646 3672 efﬁciatur

474 3710 590 3764 Vas
617 3716 720 3775 est,
751 3725 849 3762 vas
871 3707 1030 3761 lactis
1057 3708 1341 3772 multtum,
1375 3709 1751 3778 multraleque
1772 3709 1941 3768 dicas,

477 3798 638 3863 Quod
669 3798 738 3852 de
768 3797 1019 3866 mulgere
1048 3795 1154 3849 sibi
1183 3813 1388 3850 nomen
1413 3803 1634 3850 constat
1657 3797 1882 3851 habere.

476 3886 725 3952 Balteus,
758 3890 816 3940 et
839 3886 1162 3957 cropheum,
1195 3885 1483 3950 cinctoria,
1517 3886 1758 3956 cingula,
1788 3903 1944 3952 zona,

478 3977 624 4032 Sunt
652 3991 849 4038 ocreae,
871 3975 1082 4044 caligae,
1126 3991 1264 4044 quos
1294 3975 1394 4028 tibi
1421 3981 1608 4045 gestat
1627 3976 1883 4030 amictus.

478 4064 800 4132 Camisiam,
834 4065 1002 4118 simul
1029 4063 1330 4117 interulam
1361 4074 1479 4118 rem
1507 4065 1746 4119 dicimus
1777 4081 1968 4129 unam,

475 4155 718 4211 Additur
746 4153 836 4208 his
864 4153 1002 4207 alias
1029 4152 1360 4211 subuucula,
1393 4153 1646 4207 subirara
1667 4154 1855 4208 vestis.

479 4245 720 4308 Crudus,
753 4243 1012 4303 crudelis,
1037 4249 1314 4305 austerus,
1345 4247 1402 4296 et
1428 4242 1736 4313 improbus,
1768 4250 1945 4309 atrox,

385 4358 399 4370 ’
479 4335 575 4389 Est
604 4333 776 4396 ferus,
811 4337 985 4404 atque
1014 4332 1186 4395 ferox,
1219 4332 1519 4399 violentus,
1553 4331 1805 4399 acerbus,
1842 4339 1898 4386 et
1919 4349 2064 4396 acer,

477 4422 714 4494 Impius,
743 4420 996 4481 immitis.
1027 4437 1223 4482 saevus,
1252 4421 1541 4486 molestus,
1572 4428 1632 4475 et
1657 4438 1840 4494 asper,

477 4515 659 4585 Asper
683 4511 1029 4566 inhumanus
1075 4516 1179 4577 est,
1230 4515 1507 4582 tyrannus
1549 4527 1694 4576 sum,
1738 4517 1910 4582 atque
1940 4529 2071 4582 pro-

1764 4602 1994 4671 [tervus,

477 4692 710 4758 Torvus,
738 4690 1044 4748 indomitus
1060 4689 1148 4743 his
1167 4688 1448 4760 jungitur,
1480 4694 1650 4762 atque
1679 4707 1924 4745 severus.

479 4783 580 4839 Est
606 4781 829 4845 chorus,
849 4787 1018 4850 atque
1041 4779 1262 4844 cohors,
1283 4786 1606 4841 conventus,
1626 4781 1839 4847 concio,
1870 4787 2066 4849 coetus,

475 4873 580 4930 Dic
609 4868 911 4934 consortia,
943 4867 1326 4935 contubernia,
1359 4868 1560 4938 dicque
1588 4869 1870 4937 choream,

474 4963 704 5026 Turma,
739 4958 1000 5035 phalanx,
1032 4957 1450 5022 acies,socictur
1478 4974 1690 5013 cuneus
1709 4957 1852 5025 istis,

475 5055 575 5109 Est
603 5068 696 5106 sex
720 5054 1008 5104 centorum
1032 5047 1320 5116 sexaginta
1345 5048 1490 5116 legio
1521 5066 1638 5112 sex,

471 5142 550 5199 Ut
571 5155 866 5196 numerum
900 5153 1136 5208 peragas
1165 5153 1334 5206 super
1363 5137 1468 5190 hoc
1495 5154 1588 5191 sex
1618 5138 1791 5192 millia
1813 5140 2041 5209 jungas,

470 5231 580 5288 Sed
600 5229 1036 5302 quingentorum
1065 5231 1324 5279 caeterum
1355 5225 1444 5278 dic
1473 5243 1594 5280 esse
1619 5227 1923 5281 cohortem.

468 5323 806 5381 Conventus,
849 5315 1320 5375 conventiculum,
1349 5331 1548 5368 manus
1571 5316 1801 5370 additur
1833 5317 1953 5371 istis

465 5409 618 5473 Istis,
647 5406 961 5470 consilium,
993 5404 1162 5458 simul
1193 5411 1247 5457 et
1273 5404 1597 5457 constabula
1621 5405 1845 5472 jungas.

463 5497 753 5570 Cymbala,
785 5510 1076 5563 campana,
1107 5493 1253 5553 uola,
1289 5492 1917 5560 tintinnabulajungas.

459 5589 726 5657 Campus,
758 5583 994 5652 agellus,
1027 5598 1178 5651 ager,
1210 5597 1326 5646 rus,
1362 5582 1576 5641 hortus,
1607 5589 1664 5634 et
1690 5583 2062 5648 hortulus,ar—

1806 5671 1977 5742 [vum,

2152 3175 2372 3228 Deliros
2402 3175 2528 3229 inde
2559 3177 2744 3230 fatuos
2775 3192 3001 3229 censere
3033 3177 3299 3243 solemus,

2153 3263 2224 3318 Et
2250 3265 2491 3318 delirare
2513 3265 2798 3318 discordes
2831 3265 2960 3318 inde
2981 3270 3260 3320 teruntur.

2154 3352 2429 3423 Ambigit,
2466 3361 2523 3408 et
2541 3354 2779 3416 dubitat,
2811 3360 2869 3408 et
2897 3355 3148 3414 fluctuat,
3184 3354 3421 3420 haesitat,
3455 3355 3652 3422 haeret,

2155 3441 2271 3496 Nec
2299 3443 2406 3496 nisi
2439 3444 2718 3513 prazdlctis
2745 3459 2934 3496 musso
2955 3443 3274 3514 suppeditat
3300 3443 3444 3499 istis.

2156 3532 2252 3585 Est
2272 3532 2490 3596 domus,
2525 3539 2694 3603 atque
2735 3533 2920 3594 doma,
2957 3549 3222 3604 praesepe,
3266 3534 3632 3598 domuncula,
3666 3541 3756 3588 te-

3549 3624 3751 3693 letum,

2153 3711 2347 3775 dides,
2379 3711 2659 3778 radiculas,
2692 3711 3030 3768 habitacula.
3061 3711 3152 3764 dic
3170 3711 3462 3778 stationes,

2156 3800 2256 3854 llis
2276 3800 2665 3870 pastoforium,
2696 3799 2934 3868 magalo,
2969 3799 3195 3870 tuguria
3217 3801 3444 3870 jungas,

2154 3887 2346 3959 Atque
2378 3889 2612 3959 mapale,
2649 3905 2796 3950 casa,
2839 3889 2918 3940 sic
2936 3887 3150 3958 ypepis,
3189 3889 3403 3941 mansio
3427 3889 3632 3957 juncta

2153 3978 2282 4039 Lar,
2325 3983 2380 4032 et
2408 3977 2774 4042 domicilium,
2810 3977 2956 4047 quod
2979 3976 3112 4030 tecti
3139 3993 3270 4046 pars
3293 3993 3405 4030 una
3430 3984 3681 4044 vocatur,

2156 4067 2255 4120 Est
2283 4068 2440 4132 hera,
2471 4068 2556 4121 vel
2585 4067 2830 4130 domina,
2865 4065 3086 4130 mulier,
3121 4071 3402 4129 matrona,
3439 4067 3654 4138 virago.

2155 4157 2378 4220 Doctor,
2402 4157 2798 4218 etinstructor,
2827 4154 3090 4221 monitor,
3125 4155 3460 4226 paedagogus
3489 4163 3546 4210 et
3574 4162 3751 4222 actor,

2155 4247 2466 4309 Corrector,
2493 4245 2661 4298 simul
2692 4245 2778 4298 his
2807 4244 3144 4300 didascalus.
3179 4250 3348 4312 atque
3382 4245 3678 4314 magister.

2155 4333 2412 4398 Destruo,
2448 4333 2708 4394 dissolvo,
2741 4333 2996 4404 populor,
3029 4349 3426 4402 consumoque,
3462 4340 3644 4400 vasto,

2155 4423 2349 4485 Diruo,
2376 4423 2656 4494 dispergo,
2680 4423 2962 4484 subverto,
2993 4422 3371 4494 dilapidoque,

2154 4511 2254 4566 Dic
2283 4513 2502 4576 dumos,
2525 4512 2770 4569 frutices.
2795 4517 2850 4566 et
2879 4511 3065 4570 rubos.
3089 4511 3338 4574 arbusta,
3369 4512 3610 4580 frucetn,

2154 4601 2345 4672 Deque
2371 4601 2510 4656 rubo
2547 4602 2723 4656 dictas
2752 4601 2986 4655 bufones
3018 4601 3183 4656 crede
3213 4601 3459 4655 rubetas.

2153 4691 2390 4745 Arboris
2419 4698 2477 4744 et
2511 4691 2729 4746 fruticis
2760 4691 2881 4745 loca
2901 4696 3036 4744 sunt
3060 4689 3309 4754 arbusta,
3339 4689 3577 4749 fruceta.

2151 4779 2285 4844 Quae
2311 4789 2571 4834 crescunt
2597 4781 2777 4834 instar
2803 4779 3020 4834 fruticis
3051 4779 3318 4834 fruticare
3347 4778 3633 4836 videntur.

2149 4869 2386 4931 Divitiae,
2422 4871 2505 4924 vel
2525 4884 2678 4940 opes,
2704 4885 2923 4934 census,
2947 4869 3204 4940 pecunia,
3234 4885 3403 4940 gazae,

2151 4959 2249 5013 Est
2277 4959 2583 5031 opulentia,
2615 4959 2702 5012 vel
2731 4959 3025 5030 possessio.
3060 4959 3473 5029 peculiumque,

2152 5049 2262 5103 Res
2292 5055 2348 5102 et
2377 5049 2689 5120 proprietas
2717 5065 2728 5100 :
2763 5048 2894 5102 hinc
2921 5047 3326 5119 proprietarius
3351 5046 3486 5100 exit.

2153 5138 2308 5202 Esca,
2343 5138 2532 5208 dapes,
2565 5138 2761 5209 epulae,
2797 5135 2972 5198 cibus,
2997 5145 3167 5207 atque
3195 5135 3422 5199 cibaria,
3455 5137 3678 5206 pastus,

2154 5225 2367 5281 Pabula
2389 5234 2521 5280 sunt
2541 5227 2732 5286 etiam,
2765 5226 3034 5289 convivia,
3067 5226 3259 5287 victus,
3295 5231 3352 5278 et
3380 5241 3530 5284 esus,

2147 5317 2442 5370 Jentamen
2467 5334 2646 5376 mane,
2669 5315 2955 5384 jentacula
2986 5314 3224 5367 dicimus
3254 5313 3401 5376 inde,

2151 5405 2257 5458 Sed
2293 5413 2486 5458 contra
2518 5411 2802 5474 sumptum
2837 5403 3068 5456 veniunt
3091 5402 3325 5456 obsonia
3352 5417 3519 5471 saepe,

2149 5495 2340 5564 Atque
2372 5495 2463 5546 die
2491 5494 2672 5546 media
2694 5493 2790 5545 dat
2819 5492 3056 5563 prandia
3085 5491 3307 5545 debitus
3333 5489 3496 5545 ordo.

2144 5583 2242 5637 Est
2289 5583 2533 5654 sonipes,
2578 5583 2662 5638 vel
2714 5599 2893 5654 equus
2943 5583 3116 5649 ferus,
3172 5581 3601 5654 equiferusque,
3662 5596 3754 5634 ca-

3368 5666 3595 5742 [bellum
