4040 6182
316 348 461 407 1585
1493 377 1497 383 ·
1530 348 1713 405 OPUS
1754 350 1878 405 SYIV

1923 351 2333 407 )NYMORUM.

317 474 454 530 Istis
486 473 897 546 quadrupedes,
931 475 1099 531 simul
1121 478 1451 533 omissarius
1481 480 1675 548 addes,

312 563 418 619 Est
447 581 649 618 manus
682 581 920 635 magnus
945 567 1152 621 dextrae
1178 568 1490 622 dextrarius
1519 576 1702 639 aptus.

313 654 510 707 Redde
540 660 807 717 vectores,
837 672 937 709 nos
968 657 1206 711 dicimus
1240 675 1360 711 esse
1390 659 1637 712 verrdes.

312 742 567 796 Dicimus
598 744 900 809 eunuchos,
935 750 1227 811 castratos,
1262 746 1376 799 sive
1405 747 1702 816 spadones,

315 831 376 885 Si
408 832 555 902 quod
590 838 829 885 metrum
870 832 1016 886 sinet
1044 835 1131 887 his
1161 835 1549 889 cuintitulatus
1570 836 1626 890 in
1657 837 1815 895 istro.

315 921 606 975 Castratos
636 926 842 975 natura
868 922 1016 980 facit,
1051 924 1292 977 violenta
1312 925 1588 995 spadones

312 1008 499 1064 Efﬁcit
528 1009 875 1081 improbitas,
892 1012 1178 1066 eunuchos
1211 1014 1329 1066 sola
1350 1014 1626 1069 voluntas.

312 1098 560 1153 Vocibus
584 1099 672 1153 his
707 1116 905 1153 sensus
936 1100 1251 1155 verbalibus
1280 1103 1394 1155 acci
1439 1103 1483 1156 it
1501 1120 1646 1157 unus
1670 1122 1682 1155 :

313 1187 675 1258 Conjecturo,
700 1205 845 1253 reor,
877 1190 964 1242 vel
985 1190 1242 1260 conjicio,
1275 1192 1359 1244 vel
1390 1194 1607 1261 opinor,

313 1276 599 1345 Autumo,
626 1279 896 1347 conjecto,
919 1279 1006 1331 vel
1034 1279 1305 1350 suspicor,
1335 1281 1572 1344 aestimo,
1604 1283 1788 1337 credo.

313 1365 506 1431 Fossa,
547 1382 777 1436 specus,
820 1367 997 1433 fovea,
1048 1369 1344 1438 spelunca,
1387 1386 1639 1435 caverna,
1691 1373 1776 1425 vel
1818 1389 1914 1427 an-

1593 1465 1764 1514 trum.

1593 1465 1764 1514 trum.

314 1542 519 1598 Scrobs
547 1543 756 1599 scrobis
805 1549 891 1599 est
939 1546 1120 1612 fovea,
1171 1547 1268 1600 sed
1322 1546 1480 1601 scobs
1528 1459 1708 1604 scliobis
1737 1552 1916 1605 utitur

1772 1642 1906 1711 [illa.

311 1723 511 1785 Traco.
533 1725 837 1788 anfractus,
871 1741 1036 1779 cavus
1066 1724 1154 1778 his
1179 1725 1421 1779 addatur
1442 1726 1695 1798 abyssus,

310 1812 476 1866 Unde
505 1815 686 1867 fluunt
708 1814 932 1875 imbres,
958 1814 1081 1867 cceli
1112 1822 1415 1875 cataracta.
1448 1822 1684 1872 meatus.

312 1903 680 1973 Mancipium,
710 1905 972 1966 famulus,
1000 1911 1056 1958 et
1092 1906 1284 1967 cliens,
1315 1912 1370 1959 et
1409 1923 1579 1959 verna
1632 1907 1905 1975 minister,

315 1992 509 2061 Atque
542 1993 907 2059 ministratur,
933 2011 1089 2063 puer.
1114 1994 1341 2053 assecla,
1376 1996 1623 2057 vernula,
1657 2015 1866 2052 servus.

314 2081 555 2151 Satrapa
583 2083 860 2152 praedictis
892 2084 1269 2153 conjungitur.
1299 2088 1469 2152 atque
1509 2086 1751 2139 satelles.

314 2170 632 2231 Cancellus,
665 2188 853 2241 porus,
888 2173 1060 2231 forus,
1089 2180 1258 2241 atque
1283 2172 1547 2231 fenestra,
1582 2173 1850 2229 foramen.

312 2258 635 2313 Cancellum
660 2260 803 2313 muri
835 2262 1168 2330 quadratum
1193 2261 1314 2313 dico
1336 2264 1608 2327 foramen,

315 2346 383 2401 In
414 2365 524 2418 quo
553 2355 686 2402 sunt
708 2349 885 2403 solita:
916 2349 1018 2403 sibi
1047 2350 1328 2403 nidiﬁcare
1356 2351 1645 2405 columba).

315 2437 613 2491 Cancellus
637 2438 829 2509 templi
854 2455 984 2509 pars
1005 2439 1203 2492 intima
1224 2439 1432 2492 dicitur
1460 2458 1600 2493 esse.

1940 479 2240 541 AOccidit,
2271 484 2501 541 mactat,
2532 478 2827 548 extinguit,
2863 478 2977 532 sive
3006 480 3266 547 trucidat,

2001 571 2266 632 Sutl‘ocat,
2293 571 2533 638 jugulat.
2570 570 2835 630 funestat,
2879 569 2994 622 sive
3024 569 3271 638 sugillat,

2002 659 2322 723 Mortilicat,
2361 664 2602 719 truncat,
2638 658 2995 724 determinat,
3029 661 3396 716 exanimatve.

1999 749 2199 812 Janua,
2232 755 2413 818 porta,
2451 748 2649 800 bifores
2679 754 2811 800 sunt
2839 748 3002 809 ostia,
3036 750 3232 809 valvae.
3294 760 3305 777 ‘

2000 837 2309 899 Veneﬁcas,
2345 838 2588 907 magicas
2618 836 2788 898 dicas,
2824 837 3021 890 lamias
3052 855 3291 909 quoque,
3326 855 3505 910 sagas.

1998 926 2128 979 Istis
2160 927 2419 996 signatur
2448 927 2663 987 eadem,
2701 925 2903 996 quibus
2934 926 3264 981 associatur.

1996 1015 2139 1069 Hinc
2167 1016 2519 1073 incantatrix,
2558 1031 2787 1085 sagana,
2819 1015 3255 1085 praestitigatrix.

1996 1104 2227 1169 Histrio,
2255 1106 2339 1159 vel
2368 1106 2552 1176 palpo,
2586 1104 2808 1167 mimus,
2844 1104 2928 1157 vel
2954 1104 3339 1174 gesticulator,

1996 1193 2095 1246 Est
2122 1194 2306 1264 epulo,
2341 1193 2544 1247 nebulo
2568 1193 2869 1263 parasitus,
2912 1209 3125 1256 scurra,
3154 1193 3389 1264 legatur,

1996 1280 2086 1334 Sic
2113 1281 2507 1351 pantomimus,
2543 1281 2849 1344 comoedus,
2876 1281 2963 1333 vel
2987 1281 3286 1350 joculator,

1994 1370 2075 1424 De
2105 1378 2366 1441 serpente
2398 1387 2545 1441 nepa
2573 1370 2736 1423 dictis
2763 1370 2852 1423 his
2881 1370 3024 1424 adde
3054 1376 3304 1441 nepotes.

1995 1460 2146 1526 Calx,
2184 1476 2440 1530 scrupus,
2475 1467 2530 1513 et
2561 1459 2877 1530 scrupulus,
2913 1460 3086 1530 mola,
3116 1461 3385 1527 calculus,
3423 1466 3593 1532 atque

3309 1550 3585 1620 [molaris,

1994 1636 2250 1690 Addatur
2268 1637 2447 1690 cautis
2478 1653 2600 1707 quae
2629 1653 2775 1707 saepe
2805 1638 2870 1691 ﬁt
2895 1636 3055 1691 obvia
3082 1638 3290 1703 nautis,

1994 1727 2180 1787 Petra,
2212 1727 2408 1796 lapsis,
2437 1742 2654 1790 saxum,
2681 1726 2941 1796 populus,
2969 1726 3262 1797 silicesque
3314 1727 3560 1798 lapillus.

1929 1840 1973 1897 Β
1994 1815 2092 1867 Est
2119 1814 2344 1872 chorus.
2376 1821 2433 1867 et
2466 1819 2726 1879 stratum,
2779 1814 2975 1874 lectus,
3024 1814 3346 1871 choreuma.
3385 1814 3592 1885 graba-

3347 1906 3513 1975 [tum,

1989 1992 2309 2054 Accubitus,
2338 1992 2424 2044 his
2449 1992 2780 2045 dormitoria
2796 1994 2991 2062 junge,
3027 1993 3226 2048 cubile.

1990 2082 2215 2138 l’htebe.
2248 2082 2328 2133 vel
2355 2082 2505 2138 luna.
2542 2083 2826 2151 cyntania,
2860 2099 3044 2143 mena,

1990 2172 2069 2223 Ac
2101 2172 2316 2223 novitas
2338 2172 2483 2223 lunae
2516 2172 2816 2224 neumenia
2844 2171 3051 2224 dicitur
3077 2171 3223 2225 inde.

1991 2257 2238 2319 Cartula,
2277 2260 2358 2312 vel
2391 2266 2567 2318 carta.
2601 2261 2789 2321 codex,
2828 2259 2984 2318 liber.
3016 2266 3184 2329 atque
3222 2259 3462 2315 libellus.

1993 2347 2051 2402 Si
2078 2348 2242 2400 breve
2277 2348 2488 2417 longari
2525 2348 2656 2401 licet
2681 2356 2735 2400 et
2768 2349 2996 2417 longum
3030 2348 3295 2405 breviari.

1991 2437 2091 2490 His
2121 2438 2409 2490 codicillus
2439 2436 2820 2506 conjungitur.
2855 2445 3024 2506 atque
3051 2437 3313 2491 volumen
3338 2455 3350 2490 :

3453 344 3596 404 1586

1993 2526 2171 2579 Gustu
2204 2526 2475 2591 libellum,
2508 2526 2627 2578 visu
2660 2542 2927 2595 cognosce
2957 2525 3234 2584 libellum.

1993 2614 2254 2683 Subligar
2283 2621 2369 2667 est
2396 2614 2588 2683 ligula,
2621 2614 2828 2683 caligas
2850 2630 2972 2683 quae
2999 2614 3246 2683 subligat
3274 2613 3407 2681 alte,

319 2526 420 2580 Est
447 2528 754 2581 cancellare
786 2528 931 2597 quod
959 2545 1181 2599 semper
1205 2528 1525 2585 damnanda
1555 2535 1750 2584 notare
1773 2547 1786 2582 :

319 2615 564 2670 Nomina
590 2632 690 2686 per
718 2617 959 2670 medium
994 2619 1141 2688 quod
1170 2618 1357 2688 signat
1382 2619 1530 2671 linea
1560 2620 1749 2687 ducta,

313 2704 475 2769 Quod
503 2706 650 2758 male
688 2706 894 2776 scripta
914 2707 1061 2765 linit,
1095 2707 1225 2760 hinc
1254 2708 1621 2761 cancellarius
1647 2709 1780 2762 exit.
1991 2704 2171 2772 Junge
2197 2705 2334 2765 luto,
2369 2718 2610 2759 ccenum,
2642 2703 2846 2770 quibus
2871 2703 3013 2756 adde
3031 2703 3338 2769 volutabra,
3363 2703 3582 2772 limum,

309 2792 378 2848 In
406 2810 572 2848 cruce
603 2795 875 2849 cancellat
902 2812 1001 2865 pro
1034 2795 1194 2849 nobis
1223 2795 1451 2849 brachia
1479 2797 1759 2851 Christus.
1992 2791 2134 2844 Hinc
2157 2791 2521 2853 CCPnolentUS,
2560 2791 2770 2844 illimuS
2800 2791 3006 2844 dicitur
3034 2791 3183 2845 inde.

309 2882 545 2954 Raptor,
574 2885 660 2937 vel
692 2885 900 2954 praedo,
930 2885 1095 2940 latro.
1130 2886 1501 2951 latrunculus,
1536 2891 1593 2939 et
1615 2886 1730 2957 fur,
1987 2879 2088 2933 Dic
2116 2895 2294 2944 mare,
2334 2879 2424 2932 dic
2473 2880 2675 2946 salum,
2708 2879 2798 2932 dic
2840 2895 3083 2950 aequora,
3127 2880 3327 2951 dicque
3350 2879 3585 2951 profun-

308 2971 454 3026 Sunt
483 2978 540 3026 et
570 2973 883 3037 stratilites,
911 2973 1114 3044 abigei,
1146 2975 1499 3045 vespiliones.
3364 2969 3545 3039 [dum,

1992 3057 2094 3111 Hic
2123 3056 2376 3127 pelagus,
2408 3061 2664 3126 pontum.
2691 3055 2853 3119 freta,
2882 3058 3090 3127 jungas
3116 3057 3544 3126 bicaterassum,

314 3117 549 3220 Vis'p‘ilio
580 3150 739 3219 quasi
772 3150 819 3202 vi
851 3150 1096 3221 spolians
1122 3153 1190 3204 de
1212 3117 1341 3221 jure
1370 3158 1637 3219 voratur;
1669 3117 1680 3131 l
1920 3117 1964 3177 δ
1989 3146 2089 3200 Dic
2114 3117 2518 3216 amphitritem,
2548 3146 2678 3215 quia
2698 3117 2902 3199 circuit
2924 3117 3143 3200 etvterit
3170 3146 3383 3201 orbem.

302 3237 455 3302 Quos
484 3239 624 3291 clam
655 3240 945 3293 stratilites
978 3241 1135 3310 quasi
1162 3248 1339 3295 strata
1369 3241 1490 3294 dico
1522 3242 1793 3307 latentes;
1986 3236 2084 3289 Est
2139 3235 2425 3297 meretrix,
2474 3240 2743 3300 scortum,
2796 3234 2962 3297 thais,
3016 3235 3165 3306 lupa,
3228 3253 3416 3308 capra,
3471 3235 3585 3291 chi-

310 3327 419 3392 Qui
449 3343 621 3397 pecus
649 3334 706 3380 et
726 3329 965 3398 pecudes
1004 3329 1237 3398 abigunt
1266 3337 1397 3383 sunt
1428 3329 1644 3399 abigei;
3303 3326 3505 3397 [mera,

307 3413 696 3484 Raptoresque
727 3415 898 3468 maris
926 3416 1132 3486 pirates
1163 3434 1384 3487 quoque
1416 3418 1654 3470 dicimus
1684 3435 1827 3471 esse.
1984 3414 2117 3467 Post
2136 3430 2353 3475 novam,
2388 3419 2664 3484 prostans,
2699 3415 2930 3467 novaria
2950 3414 3212 3485 jungitur
3240 3414 3367 3469 illis.

303 3502 589 3559 Gratulor.
625 3505 830 3567 exulto,
864 3505 1150 3574 laetorque,
1179 3506 1513 3575 plaudoque,
1549 3506 1778 3567 resulto,
1984 3504 2261 3573 Gausape.
2301 3504 2566 3562 mensale,
2604 3520 2856 3572 mappas,
2891 3503 3244 3574 manutergia
3270 3504 3444 3567 dicas,

303 3590 535 3645 Gaudeo
559 3592 822 3662 tripudio.
856 3594 942 3645 vel
971 3610 1088 3645 ovo.
1125 3610 1249 3647 cum
1274 3595 1470 3663 jubilo.
1504 3596 1699 3665 psallo,
1982 3592 2171 3644 Addas
2205 3592 2440 3644 mancile
2466 3591 2727 3644 manibus
2758 3592 2904 3660 quod
2936 3593 3049 3644 tale
3079 3601 3326 3646 vocatur.

298 3680 604 3738 Jucundor.
637 3682 808 3734 simul
841 3682 1107 3746 exhilaro,
1143 3684 1217 3736 sit
1246 3684 1302 3736 in
1334 3684 1419 3736 his
1444 3686 1733 3737 hilaresco.
1980 3681 2138 3734 Miles
2163 3699 2352 3751 eques,
2385 3689 2530 3751 tyro,
2567 3680 2918 3751 tyrunculus.
2955 3690 3122 3751 atque
3154 3682 3410 3752 quirites,

301 3767 536 3823 Gladius
567 3771 859 3840 rumphea,
886 3772 970 3823 vel
1003 3772 1231 3831 framea,
1263 3773 1344 3824 vel
1375 3790 1584 3834 mucro,
1610 3774 1693 3826 vel
1722 3772 1889 3835 ensis,
1978 3772 2162 3839 Atque
2197 3770 2602 3840 neoptolemus,
2638 3786 2815 3822 novus
2846 3776 2931 3823 est
2959 3777 3220 3839 regnator
3248 3772 3306 3825 in
3337 3771 3468 3825 illis.

297 3856 552 3911 Additur
580 3859 668 3912 his
696 3859 828 3915 sica.
863 3859 1096 3914 sicarius
1120 3861 1231 3914 exit
1260 3860 1329 3913 ab
1352 3862 1465 3915 illa.
1978 3858 2294 3917 Materiam,
2322 3859 2405 3910 vel
2438 3858 2750 3919 materiem,
2785 3858 2874 3911 dic
2904 3875 3024 3912 esse
3053 3859 3348 3913 domorum
3370 3880 3388 3925 ,-

298 3944 399 3999 Est
418 3947 600 4009 stilus,
636 3954 691 4001 et
709 3949 1029 4018 graphium.
1053 3950 1301 4003 calamus
1322 3951 1686 4021 scriptoribus
1706 3958 1890 4022 aptus.
1975 3948 2020 4000 A
2054 3948 2294 4017 puritate
2318 3946 2467 3999 venit
2495 3947 2697 4016 paries,
2732 3964 2854 4016 quae
2874 3948 3134 4016 jungitur
3162 3948 3307 4002 istis.

297 4033 493 4105 Atque
524 4037 815 4107 pugillaris
842 4038 1022 4091 dictus
1051 4040 1305 4108 capiente
1337 4041 1565 4109 pugillo.
1980 4036 2088 4089 Sed
2120 4052 2308 4089 muros
2347 4035 2590 4105 proprie,
2622 4036 2706 4087 vel
2739 4038 2962 4097 mmnia,
2992 4035 3231 4088 dicimus
3256 4035 3429 4090 urbis.

298 4121 514 4176 Gibbus
546 4124 634 4178 vel
662 4131 880 4177 struma
910 4127 1132 4196 proprie
1164 4143 1293 4196 pars
1323 4128 1548 4196 turgida
1567 4127 1736 4181 dorsi.
1977 4122 2192 4176 Dicitur
2221 4139 2285 4175 ac
2315 4124 2543 4176 vallum.
2576 4122 2754 4192 palus,
2790 4139 2854 4174 ac
2887 4123 3089 4175 vimine
3118 4122 3327 4176 factum
3360 4141 3371 4175 :
3472 4163 3477 4167 ρ

297 4209 460 4265 Illinc
485 4211 771 4281 gibbosus.
804 4220 1117 4267 strumosus
1143 4215 1380 4268 dicimus
1410 4216 1581 4268 illinc.
1908 4233 1957 4292 D
1980 4212 2121 4265 Hinc
2150 4212 2416 4265 invallare
2446 4229 2535 4264 res
2564 4217 2649 4264 est
2676 4211 2961 4264 includere
2980 4212 3143 4265 vallo.

297 4299 539 4366 Horreo,
569 4300 830 4361 formido,
868 4309 1080 4367 metuo,
1108 4303 1414 4373 timeoque.
1446 4310 1740 4365 tremesco,
1980 4301 2233 4371 Sepibus,
2270 4308 2327 4353 et
2346 4300 2541 4371 septis,
2572 4300 2878 4353 includitur
2907 4300 3123 4365 hortus,
3148 4306 3206 4354 et
3242 4316 3458 4355 arvum.

297 4387 368 4441 Et
387 4394 592 4444 tremo.
627 4405 752 4442 cum
786 4406 976 4458 paveo.
1001 4392 1239 4461 trepido,
1272 4408 1574 4462 paveoque,
1610 4409 1839 4463 pavesco
1977 4392 2186 4459 lndago
2212 4390 2396 4450 silvas,
2431 4389 2582 4441 sil.is
2608 4395 2665 4441 et
2691 4388 2927 4442 latentia
2955 4388 3168 4442 claudit
3197 4406 3209 4442 :

1976 4479 2254 4549 Indagare
2285 4480 2414 4532 hinc
2442 4495 2530 4532 res
2559 4479 2850 4548 explorare
2877 4478 3135 4531 latentes.

1977 4569 2226 4632 lntimat,
2260 4569 2530 4631 insinuat,
2562 4568 2837 4632 enucleat,
2865 4574 3033 4637 atque
3054 4566 3281 4634 revelat,

1975 4659 2228 4728 lnsignat
2282 4658 2522 4727 retegit;
2554 4656 2828 4719 edisserit,
2864 4662 3033 4726 atque
3059 4656 3281 4723 retexit,

306 3061 583 3136 Tempore
615 3068 889 3115 nocturno
917 3062 1006 3115 fur
1036 3062 1239 3123 aufert,
1274 3064 1418 3117 latro
1441 3063 1642 3118 diurno
1668 3082 1681 3131 ;

297 4475 471 4546 Ignis,
508 4484 565 4531 et
593 4478 875 4547 igniculus
907 4480 1114 4533 format
1143 4481 1315 4547 focus,
1347 4490 1515 4550 atque
1544 4482 1817 4535 caminus.

296 4564 399 4619 Est
430 4583 620 4635 rogus,
652 4574 822 4637 atque
860 4569 999 4638 pira,
1034 4570 1321 4623 fornacula
1345 4571 1638 4639 jungimus
1666 4571 1792 4624 illis.

298 4652 557 4716 Insanus,
592 4657 908 4715 vehemens,
944 4674 1152 4719 vecors,
1199 4676 1454 4717 vesanus.
1491 4666 1547 4713 et
1572 4677 1783 4724 excors,

295 4742 496 4797 Secors
525 4750 583 4797 et
610 4744 841 4798 demens
892 4745 1156 4799 bachans.
1193 4754 1249 4800 et
1277 4749 1481 4801 stultus
1512 4754 1568 4801 et
1593 4765 1786 4801 amens
1974 4748 2230 4817 Duplicat
2262 4754 2318 4800 et
2346 4746 2558 4817 pandit,
2591 4763 2704 4799 aevo
2731 4745 2844 4808 dat,
2873 4745 3096 4815 promit,
3133 4752 3190 4799 et
3219 4744 3353 4813 edit,

291 4832 584 4896 Tartarus,
612 4834 884 4896 infernus,
920 4836 1162 4890 acheron
1207 4837 1331 4895 stix.
1366 4855 1546 4897 orcus,
1579 4854 1837 4894 avemus.
1974 4837 2236 4897 Nunciat,
2275 4836 2518 4906 exponit,
2543 4834 2808 4900 elucidat,
2843 4840 3014 4906 atque
3043 4840 3287 4902 serenat,

292 4920 393 4976 His
422 4922 674 4991 erebum,
706 4923 993 4977 baratrum
1040 4926 1408 4995 conjungunt,
1470 4933 1639 4997 atque
1684 4928 1891 4997 gehen—
1973 4925 2245 4996 Explicat,
2281 4931 2518 4981 exercet.
2552 4924 2820 4987 declarat,
2855 4924 2938 4977 vel
2970 4924 3313 4990 manifestat,

1708 5018 1885 5087 [nam.
1973 5014 2272 5086 Exprimit,
2308 5020 2365 5068 et
2392 5020 2624 5079 reserat,
2649 5013 2925 5084 prOpalat,
2960 5012 3174 5067 indicat
3209 5018 3380 5082 atque

295 5098 395 5152 Est
412 5099 638 5168 juncus,
675 5100 911 5171 scirpus,
944 5100 1171 5157 bibilus.
1204 5103 1452 5174 papirus,
1485 5104 1726 5173 arundo,
1974 5105 2237 5159 Nutiﬁcat
2269 5124 2281 5159 :
2320 5104 2501 5157 verbis
2535 5103 2618 5157 his
2647 5117 2846 5156 sensus
2876 5102 3134 5155 convenit
3161 5101 3330 5153 idem.

292 5186 436 5241 Cum
468 5203 662 5251 canna,
700 5190 949 5243 calamus
979 5191 1259 5261 prmdictis
1296 5193 1628 5247 associatur.
1975 5195 2228 5265 Expedit,
2266 5192 2486 5253 evolvit,
2516 5193 2717 5263 aperit,
2746 5192 3053 5261 nudatque,
3088 5188 3346 5242 recludit.

293 5275 491 5339 Sullio,
523 5277 764 5338 turiﬁco,
796 5279 1097 5349 sutiimigo.
1128 5297 1254 5333 cum
1287 5282 1488 5352 quibus
1518 5282 1662 5336 addo
1981 5284 2198 5345 Interit,
2234 5282 2530 5347 occumbit,
2564 5288 2799 5335 mortem
2825 5281 3012 5349 signat
3034 5278 3353 5345 violentam,

291 5362 556 5431 Incensa,
584 5382 812 5419 sensum
838 5368 993 5421 dedit
1018 5368 1137 5422 istis
1170 5386 1304 5423 usus
1335 5372 1595 5425 eundem.
1978 5374 2213 5439 Interit;
2239 5372 2499 5442 exspirat.
2537 5370 2792 5424 moritur.
2826 5367 3168 5436 defungitur.
3201 5372 3392 5437 atque,

291 5452 469 5507 Suﬂio
492 5454 752 5509 dematur
778 5458 925 5526 quod
957 5458 1036 5510 sic
1065 5468 1261 5512 autore
1287 5461 1574 5529 probatur,
1979 5461 2289 5516 Occumbit.
2326 5461 2407 5512 vel
2438 5460 2572 5521 obit,
2603 5456 2940 5519 dissolvitur.
2974 5455 3390 5525 exanimatque.

293 5542 360 5596 Et
390 5543 581 5595 sufﬁre
614 5546 795 5599 locum
827 5552 1054 5612 sumpta
1084 5549 1394 5617 proyriavit
1421 5566 1634 5604 acerra.
1978 5552 2062 5604 Ad
2085 5550 2398 5604 naturalem
2431 5546 2768 5599 concordant
2793 5550 2994 5597 caetera
3028 5548 3284 5597 mortem.

298 5632 606 5699 Interimit,
644 5635 892 5704 perimit,
922 5635 1210 5703 interﬁcit,
1235 5645 1293 5691 et
1321 5647 1504 5705 necat,
1536 5644 1710 5693 occat.
1980 5639 2214 5698 Excidit,
2254 5637 2495 5700 exhalat,
2529 5633 2748 5687 decedit
2767 5633 2846 5686 eis
2873 5634 3139 5689 sociatur.
