4040 6182
382 300 389 307 ’
442 324 585 383 1587
1621 324 1930 393 JOANNIS
1967 327 1977 382 ι

2133 326 2524 382 ιΑΒΙιΑΝΒΙΑ
3581 320 3728 383 1688

447 451 518 505 Et
545 455 705 521 potes
734 447 873 502 illud
904 447 1054 502 idem
1085 447 1373 518 complexa
1400 445 1586 501 dicere
1616 464 1745 501 voce
1779 468 1790 502 :
2054 455 2101 511 Α
2123 449 2183 503 Id
2213 458 2436 520 quoque
2454 447 2728 502 euniculis
2754 447 2894 502 dant
2910 448 3168 513 'cisi'mus',
3186 452 3247 501 et
3270 448 3525 504 lerbnes.

447 539 687 594 Tollitur
715 554 745 591 e
769 537 974 597 me‘dio,
1003 544 1219 590 naturae
1251 536 1441 589 debita
1470 536 1653 601 solvit,
2124 540 2322 592 Vestes
2354 553 2477 608 quae
2501 538 2710 591 fuerint
2736 537 2806 591 de
2834 537 2968 591 solis
3003 536 3246 608 pellibus
3268 538 3392 592 haec
3404 544 3548 592 sunt
3578 557 3592 591 :

448 630 678 683 Naturae
703 626 893 680 debita
925 631 1128 679 nostrae
1150 626 1418 695 generale
1445 625 1740 692 tributum,
2127 628 2435 691 Pellicium,
2468 643 2622 685 reno,
2656 626 2859 697 quibus
2881 626 3224 679 endromade
3248 627 3556 681 socientur.

451 717 666 771 Clausit
694 720 1023 786 prazsentem
1055 730 1317 785 supremo
1346 714 1540 768 funere
1560 715 1752 780 vitam,
2125 717 2397 770 Parvulus
2424 723 2480 769 et
2512 716 2690 785 pusio,
2715 732 2872 785 puer,
2892 715 3097 774 infans.
3120 722 3290 786 atque
3316 717 3577 787 pusillus,

454 805 691 860 Carcere
721 817 990 872 corporeo
1022 803 1303 856 resolutus
1333 803 1567 873 Spiritus
1598 803 1729 865 exit,
2127 805 2266 859 Inde
2288 805 2674 874 pusillanimes
2694 804 2874 857 animi
2905 804 3124 858 ratione
3153 805 3361 874 pusilli.

452 894 710 949 Mortuus
738 882 825 947 est
853 892 1062 946 mundo
1092 892 1340 945 victurus
1361 896 1555 962 postea
1585 891 1827 959 Christo,
2128 893 2487 963 Lethofagus,
2521 904 2735 964 cyrces,
2760 898 2898 947 sunt
2924 894 3343 947 acroceramina
3370 899 3576 966 syrtes,

455 981 756 1037 Praesentis
786 982 913 1035 vitae
934 997 1158 1034 cursum
1191 980 1425 1036 feliciter
1445 980 1786 1045 terminavit,
2133 982 2355 1037 Sirenes
2387 988 2474 1037 est
2500 991 2739 1052 cumque
2767 981 3081 1036 ceramina.
3110 982 3288 1043 scilla.
3316 983 3585 1037 'caribdis.

455 1072 538 1127 De
565 1087 830 1142 corporeo
858 1071 1089 1141 spiritus
1117 1087 1176 1124 se
1206 1070 1476 1123 relaxavit
1504 1071 1808 1141 ergastulo.
2131 1072 2404 1125 Fluminis
2434 1079 2520 1126 est
2548 1078 2756 1132 vortex,
2790 1072 2947 1141 ponti
2974 1072 3066 1125 dic
3085 1088 3207 1126 esse
3223 1072 3522 1127 'caribdim.

456 1161 667 1227 Funus,
691 1166 749 1214 et
777 1160 1030 1222 exitium,
1064 1160 1260 1224 letum,
1291 1176 1462 1221 mors,
1493 1159 1906 1230 excidiumque,
2131 1161 2321 1221 Pellis,
2353 1162 2627 1232 pellicula,
2661 1160 2827 1225 cutis,
2858 1168 3028 1232 atque
3055 1162 3317 1226 cuticula,
3350 1170 3566 1233 tergus.

456 1250 615 1305 Adde
645 1265 859 1315 necem,
892 1250 977 1302 vel
1006 1249 1335 1321 perniciem,
1358 1248 1526 1302 simul
1556 1254 1614 1302 et
1642 1248 1939 1311 libitinam,
2133 1250 2231 1304 Est
2258 1266 2384 1304 cum
2416 1267 2581 1303 carne
2609 1255 2765 1303 caret
2792 1257 2973 1313 cartu,
3002 1250 3149 1303 cutis
3172 1251 3504 1304 associatnr.

458 1339 560 1394 His
581 1338 818 1400 obitum,
849 1338 1018 1391 simul
1043 1337 1353 1403 interitum,
1385 1337 1710 1407 conjungito
1740 1337 1940 1404 fatum,
2134 1339 2233 1393 Est
2259 1354 2389 1391 caro
2418 1355 2544 1392 cum
2575 1355 2738 1391 coreo
2765 1344 3009 1408 tergum.
3037 1337 3140 1392 tibi
3164 1344 3390 1408 tergora
3414 1339 3601 1410 pellis.

459 1428 595 1493 Quae
626 1428 696 1481 de
727 1426 960 1480 mininie
986 1426 1175 1490 libeat,
1208 1426 1287 1479 sic
1314 1432 1400 1479 est
1428 1426 1647 1480 libitina
1678 1432 1888 1490 vocata,
2134 1427 2379 1487 Priscus.
2413 1432 2469 1480 et
2492 1430 2778 1497 antiquus,
2810 1442 3076 1487 annosus,
3114 1433 3171 1480 et
3196 1427 3563 1487 inveteratus,

460 1498 564 1572 llis
591 1515 1004 1579 exterminium,
1038 1515 1205 1568 simul
1237 1532 1490 1568 occasum
1520 1515 1764 1568 socieris.
2135 1516 2485 1586 Decrepitus,
2528 1516 2765 1577 vetulus,
2801 1523 2981 1579 vetus,
3010 1514 3412 1586 emeritusque,
3440 1516 3660 1583 senilis,

463 1606 563 1660 Est
588 1605 778 1669 linter,
810 1603 1048 1664 lembus,
1095 1604 1320 1673 scapha,
1354 1620 1537 1673 prora,
1571 1603 1813 1669 liburna,
1845 1602 2052 1656 faselus
2135 1606 2441 1675 Longrevus
2472 1606 2535 1658 fit
2564 1605 2623 1658 in
2655 1604 2759 1663 his,
2801 1604 2880 1657 sic
2909 1604 3201 1674 pristinus,
3238 1610 3406 1675 atque
3435 1610 3700 1659 metreta.

461 1695 651 1756 Navis,
680 1693 955 1753 navicula,
989 1693 1213 1763 puppis,
1248 1693 1403 1747 ratis.
1438 1699 1608 1763 atque
1633 1692 1823 1746 carina
2139 1695 2356 1765 Segnis,
2389 1695 2673 1764 inersque,
2708 1709 2881 1757 reses,
2916 1694 3092 1763 piger,
3136 1694 3367 1763 ignavus
3393 1711 3618 1765 quoque
3637 1695 3741 1748 Je-

462 1784 562 1840 Est
586 1800 713 1838 cum
747 1783 942 1845 classe,
975 1782 1194 1847 salaria,
1237 1770 1320 1835 vel
1352 1783 1637 1845 mortaria,
1662 1782 1878 1846 chelox,
2075 1769 2121 1827 Β
3590 1781 3739 1855 [38's,

464 1873 681 1933 Cimba.
713 1871 948 1925 biremis
978 1872 1058 1924 eis
1079 1872 1440 1941 conjungitur
1492 1876 1660 1940 atque
1687 1869 1960 1926 triremis.
2137 1873 2434 1944 Torpidus,
2477 1878 2535 1927 et
2576 1872 2817 1943 tepidus,
2857 1886 3100 1938 cessans,
3145 1877 3503 1944 torpensqu'e,
3536 1872 3744 1926 remis-

465 1963 646 2028 Quam
671 1960 818 2031 regit
856 1960 996 2014 ordo
1042 1961 1241 2030 triplex
1287 1961 1431 2014 hanc
1474 1960 1713 2014 dicimus
1743 1972 1863 2013 esse
1890 1958 2056 2012 trire-
3060 2030 3065 2035 ι
3582 1958 3743 2032 fans,

1828 2050 2021 2120 [mem.
2142 2053 2278 2122 Igne
2307 2052 2482 2105 animi
2510 2064 2738 2114 vacuus,
2762 2050 2997 2121 ignavus
3022 2050 3227 2105 dicitur
3254 2067 3394 2115 esse,

467 2143 759 2205 Strenuus,
784 2140 1083 2209 ingenuus,
1114 2139 1368 2202 illustris,
1404 2140 1490 2193 vel
1516 2152 1845 2209 generosus,
2145 2142 2427 2196 Desvescit
2455 2141 2635 2203 deses,
2668 2146 2722 2194 et
2753 2141 2904 2193 iners
2933 2140 3278 2193 dormitatin
3307 2145 3452 2202 arte,

466 2229 734 2298 Insignis,
777 2229 1097 2298 praeclarus,
1134 2233 1192 2281 et
1219 2229 1481 2298 inclytus,
1514 2228 1906 2298 egregiusque,
2145 2232 2280 2301 Igne
2310 2232 2430 2284 sine
2467 2237 2554 2284 est
2582 2230 2789 2299 segnis,
2819 2229 3027 2283 resides
3052 2245 3180 2282 reor
3205 2245 3241 2282 a
3260 2228 3562 2283 residendo

467 2318 600 2374 Istis
626 2324 916 2389 patronus,
951 2317 1259 2386 praesignis,
1293 2317 1495 2370 nobilis
1522 2317 1718 2371 assint.
2145 2320 2354 2383 Dictos,
2384 2320 2478 2373 sed
2510 2319 2702 2388 pigros
2736 2318 2970 2388 pedibus
2998 2334 3138 2388 quos
3159 2318 3398 2372 dicimus
3426 2334 3624 2388 aegros.

466 2408 671 2473 Lucus,
699 2407 857 2471 silva,
890 2422 1089 2459 nemus
1119 2422 1313 2470 unum,
1348 2406 1645 2475 virgulam,
1682 2406 1941 2471 viretum,
2145 2408 2330 2467 Libra.
2355 2408 2584 2469 librans,
2618 2408 3126 2477 trutina,p‘ensum.
3148 2408 3745 2480 p0ndusque,statera,

468 2497 598 2552 Istis
631 2495 923 2549 arbustum
945 2495 1223 2548 sociemus
1254 2494 1324 2547 ab
1362 2495 1561 2548 arbore
1589 2495 1819 2556 dictum,
2145 2499 2297 2552 Lanx
2322 2497 2510 2557 simul,
2543 2513 2796 2557 examen,
2825 2497 2933 2550 erit
2958 2496 3265 2566 aequilibris
3288 2497 3347 2549 in
3377 2495 3519 2549 istis.

472 2586 744 2642 Lucarius
772 2585 884 2639 luci
906 2591 1093 2638 custos
1114 2590 1220 2659 est.
1251 2583 1341 2637 hic
1370 2583 1490 2636 luce
1520 2583 1760 2637 lu‘catur.
2145 2589 2491 2658 Appensum,
2520 2591 2696 2639 Stater
2714 2592 2812 2639 est.
2843 2586 3138 2639 Trutinam
3166 2586 3258 2639 die
3285 2602 3410 2639 esse
3439 2590 3747 2642 stateram.

468 2676 646 2731 Necte
675 2690 893 2737 nemus,
925 2674 1065 2727 silva
1092 2672 1249 2737 sileo,
1284 2673 1381 2726 sed
1411 2673 1567 2726 luceo
1598 2673 1778 2725 lucus.
2148 2677 2397 2730 Examen
2425 2675 2546 2746 apis
2571 2681 2683 2741 est,
2717 2686 2949 2728 examen
2976 2674 3170 2744 lingua
3196 2675 3449 2729 bilancis.

471 2766 757 2827 Retracto,
786 2763 987 2822 refero,
1020 2769 1078 2816 et
1106 2769 1317 2825 retexo,
1349 2778 1630 2825 recenseo,
1659 2771 1848 2815 narro.
2148 2766 2341 2827 Rores,
2383 2772 2440 2818 et
2466 2764 2684 2835 pluviae,
2720 2763 2893 2817 nimbi
2923 2764 3209 2827 dicuntur,
3241 2769 3299 2818 et
3325 2763 3553 2824 imbres,

470 2852 738 2924 Negligit,
769 2857 828 2906 et
856 2851 1089 2922 spernit,
1124 2858 1588 2920 aspernaturque,
1622 2850 1846 2911 refutat,
2147 2853 2388 2908 Roscida
2416 2854 2485 2907 de
2512 2870 2638 2907 rore
2660 2853 2848 2918 fuerit,
2880 2853 2977 2906 sed
3000 2852 3285 2924 hybernus
3308 2852 3383 2906 ab
3406 2852 3613 2907 imbre.

472 2941 817 3002 Contemnit,
844 2940 1050 3006 renuit,
1080 2940 1247 2993 simul
1273 2939 1490 3005 abnuit,
1522 2946 1691 3009 atque
1720 2944 1963 3003 recusat,
2150 2942 2372 3012 Bajulo,
2407 2948 2586 3013 gesto,
2618 2943 2757 3007 fero,
2784 2947 3060 3006 sustento,
3091 2941 3338 3005 sublevo,
3362 2948 3562 3012 porto;

473 3032 566 3088 Sic
584 3029 957 3102 parvipendit,
987 3034 1046 3082 et
1073 3028 1367 3099 vilipendit
1393 3028 1452 3082 in
1482 3027 1620 3082 istis.
2089 3082 2134 3102 η
2154 3033 2346 3088 Gestio
2375 3032 2423 3085 si
2444 3033 2625 3102 cupio,
2657 3035 2816 3101 gesto
2847 3031 2894 3085 si
2922 3031 3174 3102 pondera
3199 3041 3387 3101 porto.

790 3082 973 3179 canto,
1008 3082 1191 3179 toral:
1204 3116 1515 3186 pulvinum,
1549 3116 1799 3182 culcitra,
1831 3114 2012 3177 lodex,
2085 3082 2134 3145 Ο
2356 3082 2722 3189 vel
2732 3082 2903 3179 adeo,

473 3211 576 3267 Est
601 3216 657 3264 et
685 3208 961 3281 plumare,
980 3207 1082 3260 sed
1113 3206 1254 3260 fulta
1274 3205 1558 3276 tapetibus
1588 3206 1782 3271 addas,
2154 3208 2443 3263 Praedictis
2472 3209 2716 3262 Socielur
2742 3225 2828 3272 eo,
2854 3207 2940 3261 vel
2968 3207 3195 3272 itinere,
3218 3206 3423 3261 verbis.

476 3300 617 3355 Cum
644 3296 899 3352 cervicali
924 3295 1295 3349 cervicidante
1324 3295 1584 3349 calorem.
2152 3299 2402 3369 Vestigo,
2426 3308 2667 3360 scrutor,
2705 3298 2952 3369 exploro,
2980 3308 3302 3367 quaeroque,
3330 3296 3527 3361 rimon,

475 3388 718 3453 Lunula,
744 3387 898 3447 luna,
926 3384 1269 3456 nychelides,
1299 3390 1547 3454 torques,
1591 3390 1650 3437 et
1676 3382 1924 3447 inaures,
2155 3388 2355 3444 Scitor,
2389 3388 2473 3442 vel
2500 3387 2756 3458 indagor,
2787 3393 3154 3458 praecunctor,
3188 3385 3442 3440 sciscitor
3466 3384 3640 3438 addo.

476 3479 784 3540 Flammea,
810 3474 1218 3538 ﬂammeolum,
1241 3489 1369 3526 cum
1405 3488 1547 3527 unca
1600 3473 1792 3538 fascia,
1818 3471 2070 3544 peplum,
2152 3477 2312 3542 Rete,
2345 3493 2574 3547 sagena,
2611 3476 2796 3546 plaga,
2829 3492 2958 3529 cum
2996 3480 3169 3533 casse,
3196 3472 3483 3544 sagenula,
3514 3472 3674 3537 lima,

476 3564 812 3623 Dextreolis.
836 3564 1010 3617 addas
1037 3562 1308 3620 armillas,
1332 3568 1502 3631 atque
1532 3562 1760 3626 monile,
2153 3564 2422 3634 Reteque.
2450 3564 2766 3623 reticulum,
2794 3564 2864 3617 de
2889 3564 3025 3618 retis
3053 3564 3197 3617 retia
3224 3563 3458 3623 dictum;

485 3655 575 3712 Sic
598 3666 724 3708 cum
752 3654 994 3714 cernale,
1028 3653 1265 3721 spinter,
1288 3653 1374 3706 vel
1404 3652 1785 3727 ﬁbula'mitra,
2156 3653 2297 3706 Hinc
2324 3653 2544 3706 irretire
2564 3654 2709 3724 quod
2742 3654 2948 3708 dicitur
2971 3654 3303 3723 illaqueare.

481 3744 759 3801 Annulus,
781 3748 837 3796 et
862 3757 1107 3811 gemma,
1133 3739 1370 3811 lymber,
1403 3740 1740 3803 ehiretheca,
1770 3740 1972 3799 thiara,
2156 3742 2438 3798 Rusticus.
2466 3743 2731 3812 agricola,
2766 3743 2940 3807 rudis,
2967 3742 3189 3805 ruralis,
3218 3739 3474 3811 agrestis,

482 3833 613 3888 Istis
639 3831 904 3902 pileolum
932 3830 1267 3899 coniungas,
1296 3835 1466 3899 angue
1488 3830 1766 3899 galerum,
2158 3830 2242 3893 Et,
2275 3847 2401 3884 cum
2432 3831 2693 3891 ruricola,
2717 3832 2962 3886 societur
2988 3831 3204 3885 villicus
3234 3829 3375 3883 istis.

480 3922 562 3977 De
589 3920 862 3975 tricatura
891 3917 1220 3972 mulieribus
1239 3924 1326 3972 est
1349 3926 1454 3972 sua
1488 3934 1644 3972 cura.
2157 3918 2431 3974 Custodes
2460 3919 2645 3973 ovium
2669 3936 2770 3973 nos
2798 3919 3037 3973 dicimus
3058 3919 3351 3989 opiliones,

481 4010 714 4072 Urceus,
745 4008 1025 4068 urceolus,
1050 4012 1135 4062 est
1163 4024 1326 4070 urna,
1362 4008 1448 4060 vel
1476 4008 1768 4078 amphora,
1799 4012 1965 4071 testa,
2156 4008 2643 4062 Archimandritos
2660 4015 2882 4062 constat
2898 4025 3037 4079 quos
3064 4022 3188 4062 esse
3217 4010 3459 4065 vocatos.

483 4100 609 4156 Olla
629 4099 717 4153 vel
747 4096 969 4169 hydria,
1002 4106 1097 4149 vas
1127 4096 1237 4151 vini
1268 4096 1357 4150 dic
1386 4113 1507 4151 esse
1530 4097 1811 4165 lagenam,
2158 4097 2331 4151 Mulio
2348 4098 2451 4151 sed
2481 4105 2670 4152 custos
2692 4098 2971 4152 mulorum
3002 4097 3212 4151 dicitur
3239 4113 3380 4159 esse,

483 4189 661 4246 Obba.
692 4188 779 4241 vel
804 4185 1177 4257 onopborum,
1206 4186 1376 4240 simul
1397 4202 1546 4251 orca,
1582 4186 1786 4247 ﬁdelia,
1815 4202 1910 4241 vas
1930 4190 2034 4252 est,
2158 4187 2243 4240 Ad
2276 4204 2415 4258 quos
2441 4204 2577 4241 cura
2596 4187 2767 4241 boum
2791 4191 3007 4257 spectat
3032 4186 3124 4239 die
3143 4202 3267 4239 esse
3294 4184 3591 4239 bubulcus.

481 4278 795 4349 Ampullas,
820 4275 1039 4347 phialas
1063 4275 1343 4346 prmdi'ctis
1372 4274 1734 4329 associamus.
2157 4277 2312 4330 Inter
2327 4292 2388 4330 se
2421 4276 2634 4329 distant
2653 4275 2820 4329 simul
2839 4275 3171 4333 orbiculum,
3202 4273 3548 4328 rotundum:

479 4366 707 4434 Fornix,
739 4365 1134 4437 prostibulum,
1166 4364 1419 4434 genedea
1468 4365 1715 4435 tUrpido,
1737 4365 1982 4435 lupinar.
2096 4366 2389 4460 Dllastam
2413 4365 2501 4418 dic
2519 4367 3023 4434 teretem,pb'mum
3047 4364 3136 4417 dic
3163 4379 3287 4417 esse
3316 4362 3645 4416 rotundum.

484 4458 715 4522 Sumen,
749 4461 806 4511 et
830 4456 1045 4519 arvina,
1072 4454 1346 4525 sagimen,
1376 4455 1679 4525 pinguedo,
1711 4454 1928 4524 Sagina,
2097 4452 2139 4460 ”
2159 4455 2411 4526 Efﬁgiem
2436 4455 2586 4527 pomi
2611 4455 2819 4509 retinet
2844 4455 2926 4508 sic
2953 4455 3191 4525 sphaera,
3225 4454 3311 4507 vel
3334 4452 3441 4514 ovi,

480 4546 794 4610 Abdomen;
828 4545 913 4599 vel
934 4545 1163 4615 adapes,
1193 4543 1472 4614 praedictis
1501 4543 1644 4598 adde
1672 4543 1948 4614 popisma,
2161 4544 2442 4614 Sphaerica
2469 4544 2538 4597 de
2564 4544 2782 4615 sphaera
2808 4543 2889 4597 sic
2917 4543 3167 4598 creditur
3185 4559 3307 4596 esse
3335 4548 3553 4596 vocata.

479 4634 769 4690 Praedictis
804 4634 1072 4704 tegedum
1098 4633 1428 4703 conjungas,
1462 4639 1632 4702 atque
1663 4638 1946 4703 proseuta.
2157 4633 2484 4703 Regredior,
2510 4639 2835 4703 repetoque,
2862 4633 3147 4695 remetior,
3170 4637 3339 4702 atque
3367 4637 3656 4687 revertor.

484 4723 734 4787 Sarcina,
762 4723 1063 4787 sarcinula,
1092 4722 1331 4792 pondus,
1363 4722 1702 4792 clitellaque,
1730 4722 1928 4788 fasces,
2157 4723 2446 4794 Repturio,
2480 4726 2687 4783 remeo,
2720 4722 3020 4792 redeoque,
3053 4737 3299 4781 recurro,
3333 4722 3583 4785 recursu,

481 4813 672 4869 Prima
702 4822 871 4883 quam
899 4812 1081 4866 fertur
1107 4811 1211 4865 sibi
1232 4812 1484 4882 pdsuis‘se
1512 4812 1771 4882 lagenam
2155 4813 2404 4874 Pessula,
2439 4819 2572 4867 sunt
2598 4812 2802 4873 obices,
2834 4826 3092 4883 seraque,
3127 4810 3417 4881 repagula,
3449 4814 3663 4862 vectes.

482 4901 681 4959 Cibum
714 4900 857 4972 quod
885 4906 1066 4966 notes,
1098 4899 1273 4955 fasces
1304 4901 1570 4955 dicuntur
1596 4902 1857 4965 honores,
2155 4902 2257 4957 Dic
2286 4914 2532 4973 parmas,
2562 4904 2803 4974 clypeos,
2826 4902 3026 4964 ancile,
3059 4901 3144 4954 vel
3172 4896 3367 4969 aegida,
3406 4903 3665 4963 scutum,

479 4991 853 5053 Fasciculum,
886 4995 943 5043 et
968 4996 1133 5055 ‘onus,
1156 4989 1378 5059 globus,
1412 4990 1587 5044 moles
1608 4996 1667 5045 et
1693 4996 1943 5045 acervus.
2154 4993 2333 5051 Pelta,
2362 4991 2720 5054 rotundatur,
2754 4991 2934 5062 clypei
2964 5007 3094 5060 pars
3124 4988 3294 5042 umbo
3320 4993 3575 5043 vocatur.

479 5083 681 5141 Panes.
708 5081 1031 5150 artiobo'pus',
1059 5078 1301 5149 pastilla,
1336 5078 1467 5141 liba,
1500 5079 1772 5150 placenta,
2157 5081 2255 5135 Est
2284 5081 2458 5141 callis,
2485 5086 2714 5141 trames,
2747 5086 2834 5134 est
2864 5077 3066 5141 orbita,
3102 5076 3322 5141 semita,
3357 5077 3521 5130 limes

478 5171 745 5242 Iungitur
772 5170 1083 5233 arthocrea,
1115 5169 1282 5222 simul
1313 5169 1674 5223 arthocaseus
1698 5168 1830 5236 illis,
2156 5171 2404 5231 Viculus,
2430 5177 2486 5224 et
2512 5170 2683 5229 vicus,
2720 5175 2807 5223 est
2834 5168 3058 5240 publica
3096 5173 3292 5226 strata,
3329 5166 3536 5236 platea,

477 5260 549 5315 Et
574 5260 707 5331 quia
724 5258 966 5313 materia
984 5258 1192 5312 fruitur
1221 5257 1337 5311 vice
1365 5258 1647 5311 materiati
2156 5261 2253 5314 Est
2278 5260 2487 5314 bivium
2521 5260 2606 5313 via
2629 5259 2851 5329 duplex,
2884 5264 2971 5311 est
2998 5255 3225 5311 trivium
3256 5256 3345 5308 via
3367 5255 3595 5325 triplex.

474 5349 717 5403 Additur
740 5350 829 5402 his
858 5348 1062 5404 simila.
1096 5348 1309 5418 pariter
1336 5348 1613 5417 similago,
1645 5346 1826 5417 siligo.
2155 5349 2393 5418 Sospita,
2430 5348 2779 5419 quadrivium
2808 5347 2898 5400 dic
2927 5355 3169 5417 quatuor
3197 5360 3319 5398 esse
3347 5344 3588 5409 viarum,

476 5436 676 5499 Pallia,
710 5438 954 5509 palliola,
988 5438 1204 5499 clamis,
1235 5454 1360 5491 cum
1383 5437 1609 5497 ciclade,
1647 5437 1814 5507 palla,
2151 5439 2197 5490 A
2224 5437 2365 5490 callo
2386 5437 2562 5501 callis,
2595 5437 2693 5490 sed
2723 5435 2794 5489 ab
2823 5435 2977 5497 orbe,
3010 5435 3074 5487 Iit
3101 5433 3301 5493 orbita,
3327 5430 3534 5485 turmis

473 5526 555 5579 Ac
584 5526 765 5588 abilis,
790 5526 1068 5581 manibus.
1105 5527 1405 5580 mantellus
1428 5525 1687 5595 jungitur
1714 5525 1846 5588 illis,
2149 5528 2197 5581 A
2220 5527 2554 5580 transcendo
2584 5526 2752 5591 venit,
2783 5524 2881 5578 sed
2914 5525 3020 5577 iter
3042 5524 3141 5576 dat
3159 5521 3362 5575 semita
3389 5520 3584 5574 Semis.

474 5614 625 5667 Dant
648 5614 819 5684 pelles
849 5615 1030 5684 pallis,
1065 5615 1266 5669 matrix
1290 5614 1448 5681 bene,
1489 5620 1548 5669 et
1568 5614 1887 5685 cirogallus,
2152 5616 2265 5681 Sol,
2291 5617 2456 5677 titan,
2491 5615 2747 5685 phoebus,
2771 5614 2970 5669 titulus
3005 5611 3157 5668 venit
3177 5611 3347 5674 hunc,
3379 5616 3441 5664 et
3465 5606 3750 5680 ephebus.
