4040 6182
403 261 539 322 1591
1729 258 1980 316 RUFINI

2079 257 2349 315 PISCOPI
3446 230 3453 247 “
3528 257 3674 316 1592

392 385 2013 420 Μ

2026 400 2349 410 ———-————.

1564 538 2501 650 FRAGMENTUM

989 803 1142 881 EX
1196 803 1540 879 LIBRO
1596 807 1740 877 DE
1798 806 2395 881 MYSTEBIIS
2454 807 3051 884 ECCLESL‘E.

1849 955 2148 974 ﬁ

1034 1088 1328 1141 Dedicatio.
1486 1072 1489 1077 ”
2002 1088 2047 1146 Α
2066 1086 2356 1141 Construit
2383 1086 2440 1140 in
2472 1087 2644 1147 caelis,
2676 1092 2733 1141 et
2759 1086 2966 1141 amoris
2996 1087 3279 1141 schemate
3305 1086 3501 1157 jungit

379 1176 587 1248 Anglia
619 1192 728 1247 quo
759 1175 957 1246 fulget,
986 1192 1094 1246 quo
1113 1176 1363 1245 gaudent
1383 1175 1621 1245 prsesule
1651 1175 1800 1230 claro
2061 1175 2450 1231 Fundamenta
2495 1177 2701 1231 locans.
2748 1179 2853 1231 Pes
2896 1183 2953 1231 et
2998 1176 3145 1232 basis
3173 1183 3260 1231 est
3300 1182 3461 1248 petra
3501 1175 3676 1231 Chri-

380 1265 702 1329 Londonim,
736 1283 845 1336 quo
871 1264 1116 1318 Parisius
1146 1270 1432 1318 scrutante
1461 1265 1717 1334 sophiam
3418 1266 3593 1336 [stus.

381 1355 644 1410 Florebat
672 1354 943 1408 studium.
979 1354 1138 1407 Basis
1165 1370 1358 1416 aurea,
1390 1353 1598 1422 fulgide
1626 1354 1815 1421 Fulco,
2063 1352 2403 1408 Circumstat
2431 1355 2615 1424 paries
2637 1355 2875 1426 populus
2902 1354 3149 1425 gentilis,
3180 1353 3461 1409 hebraaus.

380 1444 584 1498 Firmis
598 1442 863 1513 justitiaa:
901 1442 1169 1513 Mysteria
1191 1442 1409 1513 suscipe
1428 1460 1600 1497 sacrae
2062 1442 2285 1497 Christo
2314 1442 2560 1496 fundatis
2592 1461 2693 1513 per
2722 1451 2910 1514 partes
2940 1449 3185 1514 quatuor
3208 1442 3382 1497 orbis.

384 1531 661 1596 Ecclesiae,
704 1530 889 1585 studio
909 1531 1175 1585 distincta
1202 1537 1493 1601 metroque
1513 1532 1764 1586 Joannis.
2062 1531 2250 1586 Sancti
2280 1532 2539 1601 quadrati
2570 1532 2785 1602 lapides
2805 1537 2957 1589 sunt.
2989 1532 3132 1586 celte
3155 1531 3266 1595 (35)
3288 1531 3465 1603 politi.

384 1620 585 1676 Tutius
613 1624 679 1674 ut
707 1619 931 1674 veniant
960 1620 1019 1673 in
1048 1625 1303 1690 apertum
1330 1620 1519 1690 judice
1539 1625 1697 1675 tanto
2064 1621 2352 1685 Quadrata
2382 1621 2609 1675 stabiles
2642 1621 2865 1686 virtute,
2900 1622 3140 1692 poloque
3171 1622 3352 1692 parati

386 1708 645 1781 Mystica,
674 1707 922 1761 Parisius
948 1708 1078 1762 licet
1103 1706 1220 1762 haec
1249 1709 1483 1762 recitata
1509 1709 1836 1779 probentur,
2064 1709 2310 1764 Artiﬁcis
2338 1710 2543 1763 summi
2574 1710 2853 1781 praedocta
2885 1711 3085 1781 pollice
3133 1710 3385 1775 Quorum

382 1796 707 1870 Exposcunt
729 1796 933 1851 subtile
969 1802 1133 1851 tuum
1156 1798 1245 1868 pie
1273 1803 1467 1868 pastor
1491 1815 1746 1865 acumen,
2065 1798 2304 1862 Quidam
2336 1804 2651 1869 portantur,
2686 1816 2789 1853 nec
2820 1805 3071 1870 portant:
3106 1799 3478 1870 simpliciores

385 1886 492 1954 Qui
517 1902 674 1942 sacer
691 1885 940 1940 instituis
961 1902 1149 1941 sacros
1168 1892 1224 1940 et
1250 1904 1412 1940 sacra
1440 1887 1746 1942 ministros.
2067 1887 2212 1942 Sunt
2234 1887 2353 1941 isti:
2392 1888 2642 1947 Portant.
2676 1894 2999 1959 portantur:
3031 1894 3165 1943 sunt
3195 1889 3525 1944 mediocres.

910 1975 966 2028 Μ
969 1977 1173 2043 ῃδίεντά
1208 1976 1466 2029 Ecclesia.
2065 1975 2209 2029 Sunt
2237 1980 2293 2028 et
2320 1981 2627 2046 portantes,
2661 1992 2772 2030 non
2798 1976 3034 2047 portati:
3063 1977 3277 2030 Tamen
3300 1976 3358 2030 hi
3389 1980 3527 2030 sunt

388 2064 488 2119 Est
514 2063 715 2119 domus
743 2063 977 2118 ecclesia
1009 2062 1248 2117 Domini.
1281 2064 1545 2117 Summus
1574 2063 1732 2118 faber
1760 2064 1917 2119 illam
2072 2064 2279 2131 Sancti,
2314 2082 2453 2136 quos
2483 2066 2742 2121 Christus
2771 2066 2842 2119 ad
2862 2066 2993 2120 caeli
3018 2065 3206 2120 sidera
3232 2070 3443 2136 portat.

388 2152 469 2207 Ex
488 2152 660 2222 petris
688 2151 845 2221 vivis,
873 2152 1102 2222 quadris
1130 2151 1453 2223 pariterque
1480 2153 1756 2207 rotundis.

854 2498 1618 2574 FRAGMENTUM
1693 2499 1999 2571 LIBRI
2077 2499 2221 2571 DE
2299 2500 3216 2573 ORTHOGRAPHIA.

1849 2718 2196 2736 —

396 2843 455 2899 Si
483 2843 609 2915 quis
631 2843 690 2898 in
711 2843 944 2899 ecclesia
961 2845 1100 2915 legis
1125 2862 1361 2917 usquam
1392 2846 1621 2901 verbula
1650 2846 1793 2911 diva,
2076 2847 2202 2901 Non
2228 2847 2307 2899 sic
2328 2845 2555 2898 detenta
2583 2843 2720 2896 mihi
2759 2844 2969 2897 tradita
2996 2844 3242 2914 quinque
3266 2845 3502 2899 talenta.

396 2932 471 2988 Ut
498 2932 638 2987 vites
659 2933 814 2995 vitia,
848 2934 923 2988 sis
952 2935 1146 2989 doctus
1174 2935 1231 2989 in
1263 2936 1682 3006 orthographia.
2075 2934 2143 2989 In
2173 2942 2228 2988 te
2259 2952 2385 3005 spes
2415 2933 2636 2987 Christe
2660 2949 2785 2985 mea
2815 2933 3023 3001 figitur,
3050 2940 3113 2985 ut
3131 2933 3271 2986 liber
3293 2933 3425 2989 iste.

396 3021 615 3092 Inspice
644 3023 690 3076 si
718 3040 964 3093 prosum.
999 3041 1086 3078 me
1114 3042 1183 3078 ne
1214 3026 1298 3078 fac
1330 3025 1666 3079 invidiosum
2076 3023 2184 3077 Per
2203 3030 2257 3077 te
2287 3022 2594 3093 completus
2625 3020 2716 3084 sit,
2749 3027 2805 3073 te
2826 3021 3109 3074 tulsimine
3137 3024 3331 3086 fretus,

396 3108 624 3164 Invidiae
656 3119 827 3167 mete.
865 3113 981 3166 Nec
1008 3113 1231 3166 laudem
1266 3130 1452 3184 quaero
1485 3121 1679 3183 poetae,
2076 3113 2215 3167 Cum
2245 3113 2319 3165 sit
2347 3112 2635 3181 scripturae
2666 3112 2787 3164 tons
2808 3111 2991 3171 omnis
3019 3111 3210 3164 littera
3239 3112 3381 3179 iure,

402 3196 671 3262 Quamvis
700 3200 775 3253 sit
793 3217 973 3255 rarus.
1004 3202 1087 3255 Ne
1106 3202 1179 3256 sit
1208 3202 1345 3256 mihi
1377 3220 1573 3256 sensus
1603 3219 1821 3257 avarus.
2076 3202 2359 3271 Principio
2388 3201 2535 3271 quod
2557 3200 2633 3253 sit
2651 3200 2720 3253 de
2746 3217 2805 3253 se
2836 3199 3094 3253 tractatio
3120 3200 3316 3271 possit,
3350 3205 3457 3253 etc.

473 3303 576 3375 (35)
603 3306 785 3362 Celtes
815 3314 902 3362 est
925 3309 1207 3379 quoddam
1226 3309 1663 3365 instrumentum
1690 3315 1883 3380 aptum
1916 3308 1987 3362 ad
2014 3308 2381 3363 scindendum
2411 3308 2640 3378 lapides.
2678 3307 2763 3361 Ita
2790 3308 2981 3378 glossa
3010 3324 3110 3361 ms.
3146 3308 3218 3361 ad
3247 3307 3309 3364 h.
3344 3307 3389 3361 l.

387 3482 3382 3542 Eg

1796 3665 1876 3709 AB
1917 3666 2083 3711 ANNO
2129 3666 2278 3712 MLVI

1668 3996 1717 4018 ,
1749 3856 2326 3991 RUFINI

1047 4142 1734 4268 INCERTPE
1863 4145 2279 4268 SEDIS
2399 4148 2634 4271 EPI

1448 4144 1734 4268 ὶΤλἘ
1863 4145 2279 4268 SEDIS
2399 4148 3043 4272 EPISCOPI

1193 4420 1477 4554 DE
1577 4417 2143 4557 ΒΟΝΟ
2242 4420 2855 4560 PACIS

1731 4704 2041 4775 LIBRI
2114 4701 2341 4776 DUO

757 4972 843 5044 (Β.
870 4972 935 5029 Ρ.
957 4973 1228 5031 Bernardi
1252 4977 1403 5034 Pezu
1432 4980 1762 5036 Bibliotheca
1789 4983 2039 5043 ascetica,
2072 4985 2208 5037 tom.
2244 4981 2339 5048 1X,
2371 4978 2711 5046 Ratisbonm,
2744 4973 2900 5045 1726,
2937 4974 3111 5046 iii-12,
3137 4990 3265 5047 pag.
3290 4972 3365 5043 3.)

1669 5293 2407 5394 MONITUM.

472 5501 628 5583 Nihil
657 5504 1111 5583 ascetfedulcius.
1147 5508 1488 5583 nihilmagis
1511 5508 1887 5562 necessarium
1923 5525 2075 5578 pace.
2106 5526 2212 5578 qua
2242 5505 2495 5583 interiori
2519 5522 2630 5583 qua
2649 5504 2933 5583 exteriori,
2954 5508 3149 5573 utpote
3178 5500 3297 5554 sine
3325 5517 3436 5570 qua
3459 5500 3694 5583 pietatis

404 5573 654 5626 studium
673 5590 771 5628 nec
799 5576 1035 5631 feliciter
1062 5573 1533 5652 suseipi,‘nec'diu
1561 5580 1866 5635 admodum
1898 5573 2154 5635 constare
2186 5586 2390 5652 potest.
2419 5578 2500 5631 De
2530 5573 2635 5631 hac
2685 5583 2862 5647 agunt
2903 5575 3034 5642 duo,
3068 5590 3207 5645 quos
3252 5589 3367 5643 prae
3422 5573 3697 5628 manibus
