4040 6182
325 319 460 378 1593
614 326 623 329 -
1411 280 1414 285 ’
1461 322 1557 378 DE
1593 323 1793 380 BONO
1831 323 2059 380 PACIS.
2102 354 2167 365 —
2209 324 2348 380 LIB.
2388 325 2433 380 1.
3458 328 3593 386 1594

320 444 515 526 babes,
545 447 734 526 Ruﬁni
762 446 1005 526 episcopi
1027 445 1240 526 Libelli,
1277 447 1480 526 quibus
1510 448 1778 526 pleraque
1808 449 1994 526 omnia
2026 450 2386 526 continentur
2408 468 2530 522 qua:
2559 452 2789 523 quidem
2822 468 2856 526 a
2877 452 3076 526 mediae
3105 454 3288 508 aetatis
3316 454 3589 526 scriptore

321 518 391 571 de
415 519 558 572 bono
575 520 727 588 pacis
748 519 855 572 dici
884 524 1159 588 poterant.
1186 519 1375 588 Stylus
1406 520 1690 573 nonnullis
1720 522 1854 574 locis
1868 521 2138 575 obscurus
2160 529 2217 576 et
2235 518 2518 576 involutus
2548 518 2631 577 est
2655 534 2774 577 tum
2802 524 2934 577 vitio
2956 525 3232 581 codicum.
3258 532 3377 579 tum
3403 518 3590 581 saeculi

322 590 431 667 sui,
451 591 732 667 undecimi
762 590 981 667 scilicet
1001 607 1035 641 a
1062 589 1287 667 Qhﬁristo
1318 598 1469 667 nato,
1496 608 1605 660 quo
1637 593 1890 667 ﬂoruisse
1917 594 2177 667 Ruﬁnum
2205 599 2416 647 certum
2446 602 2533 667 est
2560 612 2622 647 ex
2650 599 2770 661 eius
2801 596 3038 665 epistola
3066 600 3477 667 nuncupatoria
3514 599 3586 653 ad

320 661 550 715 Petrum
577 661 856 725 abbatem,
890 661 987 737 qui
1017 660 1086 737 ad
1118 660 1466 737 Cassinensis
1497 664 2238 737 monasteriipraefecturam
2268 682 2415 719 anno
2449 664 2590 720 1056
2621 660 2963 737 assumptus,
3002 660 3271 721 eamdem'
3290 669 3584 724 Frederico

321 749 448 809 mox
480 749 627 809 anno
656 732 910 809 sequenti
940 731 1130 809 gessit,
1169 733 1523 809 testeLeone
1554 734 1797 809 Ostiensi
1832 734 1931 788 lib.
1961 749 2003 787 II
2028 737 2298 809 ⁸ΟΙρνοηίιδί
2337 740 2668 793 Uasinensis.
2704 731 2831 807 cap:
2865 738 2929 792 92
2974 746 3030 791 et
3060 756 3215 809 seqq.
3248 740 3421 808 Cujus
3452 757 3582 794 vero

321 803 799 881 sedisepiscopus
816 803 904 855 hic
940 803 1171 881 Rufinus
1196 803 1382 864 fuerit,
1416 803 1513 857 diu
1544 806 1917 881 multumque,
1948 806 2047 881 sed
2082 807 2595 881 frustra,4quzesivi,
2630 803 2788 862 nullo
2816 810 2935 879 ejus
2966 803 3209 863 nominis
3236 803 3494 881 episcopo
3526 812 3584 866 in

319 874 537 953 Uglielli
570 875 932 953 ltaliancIa
963 874 1160 927 alibive
1189 880 1530 953 occurrente,
1570 877 1662 946 qui
1693 874 1917 946 quidem
1952 877 2116 931 Petro
2147 878 2336 953 abbati
2350 874 2689 953 Atlasinensis
2721 874 2937 953 coaevus
2965 898 3087 934 esse.
3113 874 3359 952 potuerit
3409 883 3587 953 Opus-

318 947 521 1020 culum_
538 962 602 999 ex
637 946 825 1020 codice
849 946 1249 1020 Tegernseensi
1280 953 1658 1020 trecentorum
1691 964 1969 1001 annorum
2001 950 2294 1020 exscripsit
2316 950 2398 1004 vir
2430 951 2875 1005 humanissimus
2901 954 2965 1005 A.
3001 953 3065 1006 R.
3102 946 3168 1005 D.
3206 955 3264 1006 P.
3302 946 3590 1008 Bonaven-

318 1022 450 1095 tura
490 1017 829 1095 Pergholl‘er,
870 1018 1545 1095 ascetaﬁTegernseensis,
1578 1020 1740 1088 cujus
1778 1021 2166 1089 apographum
2187 1017 2412 1095 :deinde
2446 1040 2578 1095 cum
2610 1023 2720 1076 alio
2752 1024 3036 1095 quopiam,
3072 1025 3281 1078 recenti
3314 1042 3482 1078 manu
3512 1026 3584 1080 ad

319 1087 490 1141 ﬁnem
511 1089 799 1153 cujusdam
825 1088 1032 1141 codicis
1064 1087 1490 1157 Bambergensis
1518 1087 1763 1151 exarato,
1798 1087 2128 1157 mecumque
2154 1092 2223 1145 ab
2254 1093 2634 1148 eruditissimo
2664 1087 2785 1147 νὶνὸ
2821 1087 2903 1148 Jo.
2937 1095 3222 1149 Friderico
3259 1096 3583 1152 Schannato

317 1158 536 1228 pridem
566 1159 997 1224 communicato,
1037 1175 1071 1213 a
1099 1176 1209 1230 quo
1241 1166 1429 1213 tamen
1460 1161 1735 1231 posterior
1760 1161 1985 1216 libellus
2011 1158 2223 1228 aberat,
2249 1165 2481 1218 contuli.

1314 1343 2950 1365 -—-———-—-——————_———-—

1332 1499 1832 1633 LIBER
1940 1500 2575 1636 P‘IMUS

784 1899 1055 1954 INCIPIT
1095 1899 1445 1955 EPISTOLA

309 2005 398 2059 Ad
433 2007 799 2061 venerabilem
846 2008 1221 2062 Cassinensem
1267 2010 1515 2061 abbatem
1559 2010 1621 2061 in
1651 2010 1909 2075 opusculo

524 2079 597 2131 De
621 2079 754 2131 bono
781 2081 932 2145 pacis
950 2094 984 2130 α
1009 2082 1270 2145 magistro
1304 2081 1498 2146 Ruﬁno
1529 2080 1687 2132 edito.

383 2166 750 2221 Sanctissimo
780 2168 955 2223 Patri.
989 2172 1043 2221 et
1072 2167 1299 2221 domino
1330 2185 1394 2221 ac
1435 2167 1776 2222 benefactori
1802 2183 1906 2220 suo

309 2256 655 2327 permaximo
686 2257 895 2322 Pareo,
921 2257 1018 2311 Dei
1048 2258 1233 2327 gratia
1262 2257 1564 2311 venerabili
1584 2256 1907 2311 Cassinensi

312 2344 519 2408 abbati,
553 2347 819 2411 RUFINUS,
846 2350 963 2399 tam
997 2347 1223 2400 humilis
1248 2363 1415 2417 quam
1443 2346 1658 2400 inutilis
1690 2345 1906 2416 episco-

310 2450 417 2504 pus
445 2440 501 2489 et
529 2434 815 2505 indignus,
848 2435 1274 2506 tranquillitatis
1314 2442 1520 2507 optatae
1564 2435 1732 2489 ferias
1774 2451 1907 2507 pro-

310 2523 538 2578 mereri.

382 2614 523 2668 Cum
553 2618 684 2667 ante
715 2630 918 2684 paucos
946 2614 1050 2668 hos
1074 2613 1193 2669 dies
1224 2620 1451 2685 propter
1478 2614 1782 2684 quamdam
1813 2630 1906 2668 oc-

311 2703 666 2774 cupationem
690 2703 1007 2758 domesticae
1032 2704 1352 2758 necessitati
1381 2704 1904 2768 consciam,coenam

312 2792 481 2846 altius
511 2792 850 2846 distulissem
906 2792 1054 2845 intra
1075 2793 1268 2864 nigras
1296 2798 1522 2846 tandem
1558 2792 1736 2846 noctis
1756 2798 1910 2845 tene-

310 2879 440 2934 bras
472 2880 925 2935 recumbentibus
954 2897 1172 2935 mecum
1205 2882 1487 2952 aliquibus
1508 2882 1796 2950 fratribus,
1820 2898 1909 2935 ve-

310 2974 440 3023 strae
462 2968 827 3024 beatitudinis
848 2969 1086 3036 epistola
1115 2971 1456 3040 supervenit,
1491 2987 1612 3042 quae
1642 2973 1747 3043 ipsi
1778 2974 1907 3046 qui-

309 3050 434 3111 dem
480 3074 684 3112 mensae
727 3057 839 3111 laeti
879 3058 1109 3111 luminis
1138 3059 1492 3128 splendorem
1539 3062 1763 3129 attulit;
1809 3063 1907 3117 sed

1923 1900 2338 1959 Aartiﬁcialem
2369 1903 2513 1955 hanc
2551 1902 2815 1972 paginam
2856 1901 2937 1955 De
2977 1900 3124 1955 bono
3153 1901 3481 1967 concordiae,
3528 1906 3581 1957 et

1966 1991 2177 2062 'operis
2207 1995 2264 2045 et
2308 1992 2580 2062 temporis
2625 1992 2907 2046 succincta
2952 1991 3242 2055 brevitate,
3297 1991 3585 2063 descripsi,

1991 2098 2159 2153 quam
2206 2098 2332 2134 mox
2380 2080 2817 2135 venerabilitatis
2863 2086 3059 2136 vestrae
3106 2081 3277 2136 statui
3324 2081 3586 2136 manibus

1989 2170 2352 2235 offerendam,
2386 2169 2683 2224 obsecrans
2728 2170 3112 2224 vehementius
3157 2178 3213 2224 et
3258 2187 3357 2241 per
3405 2171 3584 2225 Deum

1989 2259 2163 2313 totius
2185 2259 2449 2312 bonitatis
2478 2259 2783 2324 obtestans,
2816 2276 2886 2313 ne
2915 2260 3413 2330 compilamentum
3434 2259 3586 2314 istud

1990 2353 2121 2402 ante
2150 2348 2389 2417 vulgetis
2415 2348 2474 2401 in
2503 2348 2786 2418 publicum
2807 2364 2975 2418 quam
3006 2348 3145 2402 illud
3171 2349 3450 2418 sagaciter
3467 2364 3589 2419 per-

1991 2436 2248 2507 quiratis,
2277 2442 2340 2489 ut
2359 2437 2404 2489 si
2421 2436 2630 2507 aliquid
2663 2436 2719 2490 in
2742 2454 2808 2490 eo
2829 2435 3158 2506 castigabile
3177 2436 3410 2507 reperiri
3439 2437 3584 2492 forte

1989 2526 2255 2597 potuerit,
2288 2527 2373 2579 vel
2404 2542 2500 2579 vos
2534 2526 2654 2596 ipse
2682 2525 2941 2579 clementi
2975 2526 3250 2579 charitate
3280 2526 3581 2598 corrigere.

1989 2616 2075 2669 vel
2105 2615 2241 2668 mihi
2262 2615 2552 2669 remittere
2580 2615 2887 2684 dignemini
2916 2615 3327 2685 corrigendum.

2524 2757 2764 2824 Empticit
2801 2760 3044 2824 epistola.

2062 2880 2191 2934 CAP.
2236 2879 2283 2933 Ι.
2317 2910 2384 2919 -
2423 2882 2496 2934 De
2524 2886 2867 2934 sacramento
2899 2882 3067 2949 hujus
3094 2883 3340 2935 nominis
3371 2881 3504 2935 Pax.

2064 2970 2147 3023 De
2170 2970 2317 3024 bono
2347 2970 2496 3041 pacis
2533 2971 2809 3040 integram
2844 2969 3155 3024 volentibus
3202 2970 3407 3025 habere
3441 2971 3586 3026 noti-

1991 3058 2144 3120 tiam,
2181 3060 2526 3114 ordinarium
2558 3066 2717 3114 estut
2739 3059 2917 3131 primo
2930 3060 2998 3113 de
3025 3059 3105 3112 rei
3132 3060 3582 3132 nomine,postea

308 3147 523 3218 paratis
561 3148 677 3217 jam
724 3147 1114 3218 pulmentariis
1159 3147 1392 3200 acrioris
1432 3150 1649 3218 saporis
1682 3146 2056 3206 miscuithe
2087 3165 2147 3201 re
2180 3149 2421 3203 nominis
2458 3149 2716 3202 doctrina
2761 3154 3125 3219 proponatur.
3180 3150 3398 3210 Νοωβη
3450 3164 3583 3219 ergo

307 3236 730 3289 condimentum
800 3236 1093 3290 Eminebat
1123 3236 1271 3289 enim
1302 3236 1378 3289 ibi
1411 3237 1755 3308 dignationis
1783 3258 1907 3295 ves-

305 3330 407 3379 traa
450 3325 650 3396 petitio
693 3325 919 3395 exigens
966 3341 1135 3394 quam
1166 3325 1447 3388 ardenter,
1492 3332 1553 3379 ut
1585 3344 1651 3380 ea
1680 3345 1802 3397 quae
1827 3329 1908 3383 De

304 3414 454 3469 bono
492 3414 648 3485 pacis
686 3414 753 3468 ad
793 3414 1119 3467 instantiam
1160 3414 1493 3467 venerabilis
1527 3416 1727 3470 Sorani
1758 3418 1908 3489 epis-

305 3503 430 3573 copi
462 3503 701 3574 sparsim
738 3503 1014 3574 vulgoque
1052 3508 1442 3565 tractaveram,
1469 3503 1621 3558 vobis
1651 3505 1707 3559 in
1741 3508 1909 3562 unius

307 3592 436 3646 libri
468 3592 859 3663 corpusculum
874 3592 1197 3645 doctrinalis
1227 3600 1572 3647 coarctarem
1596 3601 1907 3664 ;quatenus

306 3698 340 3734 a
365 3681 807 3735 discordantium
829 3697 1128 3735 causarum
1159 3680 1520 3747 tumultibus,
1556 3682 1759 3752 quibus
1792 3691 1909 3738 tam

303 3770 538 3841 provida
580 3787 749 3839 quam
782 3770 876 3840 pia
902 3770 1278 3823 sollicitudine
1307 3787 1454 3840 saepe
1500 3771 1771 3826 interesse
1820 3790 1907 3827 co-

300 3858 524 3929 gimini,
549 3859 850 3929 aliquando
871 3859 1232 3928 respirantes,
1253 3858 1440 3928 ipsum
1471 3860 1721 3915 libellum
1746 3862 1907 3916 Pacis

302 3947 590 4002 haberetis
612 3965 727 4019 prae
758 3948 954 4012 oculis,
982 3948 1076 4018 qui
1096 3948 1164 4001 de
1197 3948 1438 4018 pectoris
1463 3950 1633 4002 vestri
1655 3951 1903 4005 sacrario

305 4037 498 4091 omnia
538 4036 789 4106 priorum
838 4037 1087 4095 rixarum
1133 4037 1368 4107 vestigia
1394 4038 1574 4092 lectus
1602 4045 1901 4101 everreret,

305 4131 363 4179 et
390 4125 594 4179 intima
612 4130 807 4180 vestrae
836 4126 1039 4180 mentis
1068 4126 1391 4197 praecordia,
1427 4127 1580 4181 velut
1609 4128 1906 4197 cujusdam

303 4215 451 4285 prati
482 4215 734 4268 viriditas
759 4216 1037 4285 perlectus
1070 4215 1367 4268 animaret.

1992 3237 2158 3306 hujus
2200 3237 2335 3291 boni
2382 3241 2495 3292 Paw
2535 3238 2760 3302 dicitur,
2813 3238 2961 3308 quod
3007 3238 3204 3309 utique
3248 3237 3582 3292 vocabulum

1989 3332 2211 3380 aeternae
2238 3326 2530 3380 Trinitatis
2555 3327 2844 3397 egregium
2871 3327 3579 3398 exprimitsacramentum.

1992 3415 2109 3467 Hoc
2139 3415 2287 3468 enim
2328 3432 2530 3469 nomen
2561 3416 2875 3469 declinatur
2903 3416 3149 3486 quidem,
3177 3416 3274 3470 sed
3307 3416 3363 3469 in
3392 3417 3584 3487 plura-

1993 3503 2206 3557 litatem
2237 3521 2347 3558 non
2378 3504 2713 3564 deﬂectitur,
2738 3505 3035 3559 discretam
3054 3505 3206 3559 illam
3234 3508 3293 3558 in
3316 3504 3431 3558 Deo
3460 3503 3588 3559 sub-

1994 3592 2308 3662 imaginans
2341 3594 2633 3647 unitatem.
2662 3594 2725 3647 ln
2749 3610 2858 3663 qua
2875 3593 3087 3647 scilicet
3107 3599 3164 3647 et
3182 3593 3444 3647 discretio
3465 3609 3588 3664 per-

1992 3697 2258 3735 sonarum
2290 3686 2395 3745 est,
2432 3687 2489 3735 et
2517 3682 2685 3735 unius
2724 3682 3093 3752 ejusdemque
3121 3686 3338 3735 natura;
3368 3681 3588 3752 simpli-

1991 3768 2130 3823 citas
2159 3771 2503 3824 observatur.
2548 3771 2703 3824 Sicut
2746 3770 2922 3841 igitur
2950 3770 3055 3824 hoc
3083 3787 3288 3824 nomen
3319 3770 3377 3823 in
3407 3769 3588 3824 tribus

1990 3864 2285 3928 permanet
2307 3859 2507 3912 litteris
2528 3865 2584 3912 et
2603 3858 2714 3911 alia
2724 3857 2931 3933 Ilittera
2957 3864 3043 3912 est
3063 3858 3126 3923 P,
3155 3858 3266 3911 alia
3294 3859 3361 3924 A,
3385 3858 3498 3911 alia
3516 3858 3585 3924 X,

1991 3963 2114 4016 quae
2142 3952 2278 4000 sunt
2306 3963 2419 4000 una
2457 3947 2626 4000 dictio
2656 3963 2767 3999 non
2806 3947 3056 4000 resoluta
3082 3948 3140 3999 in
3171 3946 3446 4016 pluralem
3477 3962 3587 3999 nu-

1991 4052 2207 4089 merum
2246 4036 2374 4103 (non
2413 4036 2562 4088 enim
2609 4051 2772 4105 paces
2817 4035 3095 4099 dicimus),
3129 4035 3209 4087 sic
3233 4040 3290 4087 et
3318 4034 3500 4087 deitas
3528 4034 3589 4087 in

1987 4124 2169 4177 tribus
2198 4124 2450 4194 personis
2475 4123 2747 4186 consistit,
2784 4128 2848 4176 ut
2876 4123 2951 4176 sit
2981 4122 3093 4176 alia
3120 4138 3365 4194 persona
3394 4122 3585 4187 Pater,

1989 4211 2102 4264 alia
2148 4211 2342 4277 Filius,
2391 4217 2445 4265 et
2474 4211 2587 4264 alia
2614 4210 2855 4281 Spiritus
2885 4215 3136 4263 sanctus.
3186 4209 3295 4272 Qui
3326 4212 3441 4262 tres
3474 4224 3589 4262 non

376 4303 511 4366 Quae
541 4303 806 4357 nimirum
858 4304 1156 4374 praeceptio
1208 4320 1319 4357 non
1364 4302 1711 4358 indifﬁcilem
1769 4305 1967 4368 mihiC
1992 4301 2181 4371 plures
2210 4301 2487 4363 essentia-2,
2519 4300 2615 4353 sed
2658 4316 2770 4353 una
2796 4298 3057 4363 essentia,
3085 4315 3232 4352 unus
3262 4298 3401 4352 deus
3429 4303 3581 4352 sunt.

304 4392 621 4446 molestiam
644 4393 1035 4463 perplexitatis
1061 4392 1498 4462 injecit,timenti
1516 4410 1584 4446 ne
1601 4400 1700 4447 aut
1719 4393 1906 4448 inobe—

304 4481 530 4535 dientiae
557 4498 689 4536 reus
722 4498 922 4546 essem,
956 4482 1002 4536 si
1050 4482 1193 4535 tanti
1242 4481 1425 4535 Patris
1460 4484 1627 4551 jussa
1653 4489 1905 4537 contem-

303 4587 517 4633 nerem,
557 4578 657 4625 aut
684 4571 1019 4625 temeritatis
1050 4577 1185 4624 nota
1214 4587 1528 4641 perurerer,
1577 4572 1624 4625 si
1664 4572 1734 4625 ad
1784 4589 1905 4626 rem

302 4661 533 4714 omnino
565 4661 704 4714 meis
725 4662 996 4732 imparem
1017 4659 1230 4713 viribus
1260 4660 1618 4714 accessissem
1642 4668 1736 4725 ;ut
1758 4661 1905 4714 vide-

303 4748 435 4803 licet
475 4749 699 4820 pinguis
738 4751 906 4819 hujus
948 4748 1187 4802 tarditas
1242 4749 1453 4818 ingenii
1495 4753 1553 4802 et
1596 4750 1905 4803 enormitas

301 4838 437 4892 labii
467 4855 581 4892 non
603 4839 775 4893 dolati
806 4838 1128 4892 celebrioris
1162 4838 1411 4891 materia:
1440 4839 1701 4892 volumen
1731 4838 1905 4892 cude-

301 4933 409 4993 ret,
443 4928 754 4981 caelandum
783 4927 1045 4998 capitulis
1067 4933 1124 4980 et
1137 4926 1317 4980 titulis
1346 4925 1745 4980 rubricandum
1794 4927 1904 4981 Sed

300 5017 451 5071 inter
480 5017 619 5071 istas
646 5016 951 5070 dubietatis
996 5016 1291 5085 angustias
1338 5015 1537 5068 melius
1569 5015 1798 5069 demum
1829 5015 1907 5069 vi-

301 5121 428 5159 sum
468 5110 555 5158 est
601 5111 662 5158 ut
704 5104 1155 5176 praesumptionis
1198 5104 1454 5171 neglecta
1498 5103 1799 5169 calumnia,
1825 5104 1907 5157 in-

295 5194 560 5264 junctum
593 5193 729 5247 mihi
754 5191 899 5265 'opus
930 5194 1159 5265 aggredi
1192 5210 1303 5247 non
1329 5209 1569 5257 vererer,
1603 5193 1784 5246 sciens
1818 5210 1905 5247 me

300 5283 515 5337 crimen
570 5282 991 5353 ingratitudinis
1041 5285 1415 5343 incursurum,
1459 5283 1503 5335 si
1538 5299 1637 5352 per
1657 5283 1902 5352 aliquem

301 5373 535 5425 modum
563 5373 718 5427 vobis
747 5373 1118 5443 inobsequens
1132 5374 1345 5433 fierem,
1374 5388 1533 5442 aquo
1557 5380 1673 5425 tam
1704 5372 1900 5435 multa,

302 5467 418 5514 tam
449 5463 707 5531 grandia,
754 5470 869 5515 tam
913 5462 1393 5533 opportunissima
1436 5462 1740 5532 impetrare
1784 5461 1904 5529 jam

302 5552 487 5604 merui
519 5553 717 5605 solatia
741 5551 988 5621 pietatis.

376 5640 591 5694 Vestris
636 5641 813 5711 igitur
853 5642 1107 5714 imperiis
1155 5641 1419 5714 primitus
1464 5638 1902 5703 subsecundans,

2060 4390 2122 4455 P,
2150 4390 2282 4460 quia
2311 4390 2495 4460 prima
2516 4390 2704 4443 littera
2733 4395 2836 4451 est,
2869 4389 3095 4442 Patrem
3129 4387 3314 4441 innuit
3339 4388 3434 4452 ;A,
3463 4403 3586 4458 quae

1988 4477 2173 4531 media
2218 4478 2418 4531 Filium
2442 4502 2452 4538 ς
2481 4478 2545 4538 Χ,
2572 4494 2694 4547 qua;
2714 4477 2770 4530 in
2789 4475 3002 4530 ultimis
3026 4476 3272 4546 ponitur,
3306 4476 3586 4541 Spiritum

1988 4573 2244 4620 sanctum
2292 4568 2690 4637 quamproprie
2728 4571 3095 4636 repraesentat
3161 4567 3332 4619 Porro
3379 4564 3591 4636 duplici

1988 4656 2205 4709 ratione
2238 4655 2299 4713 P.
2336 4657 2516 4709 Patris
2548 4671 2847 4725 personam
2873 4653 3143 4707 insinuat.
3178 4654 3367 4708 Prima
3393 4671 3460 4707 ea
3480 4659 3587 4721 est,

1988 4746 2136 4815 quod
2169 4745 2337 4815 hujus
2368 4760 2592 4805 nomen,
2627 4743 2839 4797 scilicet
2882 4750 3040 4813 pater
3079 4742 3148 4796 ab
3178 4759 3244 4796 ea
3272 4743 3463 4797 littera
3501 4744 3592 4797 in-

1987 4834 2141 4905 cipit.
2160 4834 2437 4899 Secunda,
2456 4832 2586 4902 quia
2608 4848 2734 4886 cum
2756 4832 2880 4886 duas
2904 4832 3105 4886 litterae
3130 4831 3264 4897 sint,
3295 4849 3417 4903 quae
3439 4832 3591 4887 labia

1988 4938 2310 4992 compressa
2350 4921 2726 4992 discOpulant,
2773 4921 3029 4974 videlicet
3076 4922 3117 4974 P
3146 4926 3203 4974 et
3227 4921 3287 4979 Β,
3312 4922 3446 4974 dum
3479 4921 3587 4973 im-

1988 5012 2233 5083 pressius
2263 5012 2324 5081 [ﬂ
2353 5010 2750 5080 compressius]
2781 5010 2848 5063 ad
2886 5010 3243 5064 formandum
3268 5010 3311 5063 P
3342 5025 3512 5078 quam
3542 5008 3585 5061 Β

1988 5100 2139 5154 labia
2168 5101 2287 5170 ipsa
2316 5099 2693 5168 stringuntur,
2728 5097 3060 5169 expressiori
3084 5115 3221 5151 sono
3255 5113 3315 5150 se
3343 5096 3413 5150 ad
3444 5095 3584 5148 ell‘u-

1988 5190 2200 5243 sionem
2228 5187 2481 5258 ejusdem
2510 5188 2660 5241 vocis
2688 5188 2966 5257 aperiunt.
3016 5186 3171 5240 Sicut
3202 5201 3333 5253 ergo
3385 5185 3441 5236 in
3481 5183 3592 5249 ista

1988 5280 2175 5332 littera
2197 5278 2377 5346 magis
2406 5277 2733 5347 panduntur
2762 5275 2926 5337 labia,
2953 5280 3016 5327 ut
3047 5290 3145 5326 vox
3183 5273 3306 5342 ipsa
3344 5272 3586 5326 formata

1990 5367 2304 5437 proferatur
2330 5386 2341 5419 :
2366 5367 2445 5419 sic
2473 5367 2683 5429 omnia,
2718 5382 2839 5434 quas
2870 5363 3023 5433 prius
3065 5362 3119 5415 in
3152 5362 3357 5414 abditis
3385 5362 3586 5416 divinae

1990 5456 2372 5526 dispositionis
2424 5456 2580 5525 quasi
2623 5470 2793 5507 sonus
2842 5451 3005 5511 vocis,
3058 5451 3223 5504 corde
3264 5456 3586 5520 conceptus,

1990 5548 2292 5607 latuerant,
2344 5544 2574 5597 formari
2626 5549 2681 5595 et
2733 5542 2883 5594 velut
2920 5540 3125 5610 aperiri
3158 5557 3258 5610 per
3287 5539 3588 5593 creationis

1992 5634 2273 5706 opiﬁcium
2293 5632 2645 5686 inchoarunt.
2664 5630 2836 5699 Cujus
2866 5629 3166 5683 creationis
3194 5628 3592 5686 auctoritatem
