4040 6182
370 303 514 364 1599
1702 315 1953 371 RUFINI
1996 314 2323 373 EPISCOPI
3502 312 3655 373 16ῦο

371 436 437 487 ut
470 430 617 488 sicut
642 450 747 506 ego
777 434 836 490 in
865 438 1137 494 mundum
1156 438 1361 494 missus
1390 455 1581 510 pacem
1597 438 1804 495 mundo
1836 439 1963 493 red-
1981 441 2274 501 Anuimus
2315 440 2586 494 veraciter
2630 440 2921 511 appellari.
2975 440 3132 505 Quod
3190 442 3247 496 in
3314 441 3530 513 psalmo
3594 445 3655 496 et

373 523 507 589 didi,
542 524 621 577 ita
659 531 714 578 et
746 543 891 580 vosa
919 545 1008 582 me
1030 529 1187 581 missi
1236 529 1339 595 eis,
1389 529 1589 600 quibus
1625 530 1961 600 evangeliza-
2046 531 2343 599 Evangelio
2361 547 2487 584 eum
2518 531 2756 599 legimus
2787 532 3145 601 profitentem
3174 551 3185 585 :
3212 550 3239 584 α
3268 532 3425 586 Sicut
3458 532 3653 602 proxi-

372 614 585 679 veritis,
626 615 794 685 hujus
825 617 977 687 pacis
1035 618 1279 671 ministri
1324 619 1448 672 sitis
1496 620 1742 674 dicentes
1779 638 1789 672 :
1846 641 1867 671 ι
1900 622 1963 674 In
2046 636 2200 673 mum
2229 630 2282 673 et
2315 621 2457 674 sicut
2486 619 2715 672 fratrem
2747 628 3000 673 nostrum
3031 620 3110 673 ita
3142 621 3581 691 complacebam.
3622 642 3648 671 ι

374 719 765 774 quamcunque
785 706 1012 759 domum
1031 707 1329 769 intrabitis.
1354 725 1463 779 pax
1487 709 1615 762 huic
1635 710 1883 773 domui,»
1905 717 1967 764 ut
2050 709 2117 761 Et
2145 726 2155 760 :
2188 728 2211 760 «
2247 708 2349 770 Ite,
2378 709 2636 763 nuntiate
2659 709 2925 764 fratribus
2953 710 3112 775 meis,
3139 716 3203 764 ut
3230 717 3356 765 eant
3402 715 3462 765 in
3498 713 3657 767 Gali-

370 790 431 845 in
459 792 614 850 vobis
644 795 887 849 mundus
928 814 1055 851 vere
1096 798 1434 868 completum
1476 799 1771 868 intelligat.
1820 802 1967 870 quod
2052 802 2228 851 (aiant.
2268 817 2289 847 ι

372 882 507 935 olim
538 899 639 953 per
658 900 928 953 organum
950 887 1337 957 propheticum
1363 888 1699 941 cantabatur
1718 907 1764 940 ζα
1788 889 1967 952 Quam
2120 888 2371 958 Denique
2426 904 2540 941 non
2596 888 2825 958 indigne
2864 904 3058 959 pacem
3088 890 3255 944 istam
3299 890 3658 946 aeterniorem

372 972 594 1041 pulchri
623 989 793 1043 super
818 982 1034 1029 montes
1054 977 1223 1047 pedes
1244 977 1744 1046 evangelizantium
1768 978 1961 1032 bona!»
2024 976 2235 1046 _priore
2286 977 2593 1047 posuimus.
2636 979 2871 1031 Pactum
2909 979 3059 1032 enim
3105 979 3256 1033 illius
3312 980 3491 1051 pacis,
3544 997 3658 1051 quo

374 1059 558 1129 Hujus
579 1064 730 1131 pacis
761 1070 988 1133 pactum
1042 1082 1166 1119 cum
1220 1066 1333 1119 Deo
1386 1066 1622 1136 quisque
1661 1066 1966 1121 reformare
2050 1066 2204 1136 prior
2232 1067 2474 1137 pOpulus
2503 1067 2832 1121 conciliatus
2878 1069 3114 1122 Domino
3152 1068 3465 1132 videbatur,
3506 1068 3661 1139 quod

372 1151 747 1218 cognoscitur,
796 1169 924 1206 cum
968 1153 1365 1208 abrenuntiare
1407 1155 1627 1208 diabolo
1657 1161 1714 1209 et
1753 1157 1970 1226 pompis
2053 1154 2263 1209 scilicet
2308 1174 2409 1227 per
2437 1157 2800 1227 patriarchas,
2844 1174 2944 1228 per
2973 1158 3172 1227 legem,
3223 1174 3321 1227 per
3349 1158 3662 1228 prophetas

375 1238 499 1307 ejus
529 1237 585 1292 in
616 1240 738 1310 ipso
764 1243 1142 1297 conversionis
1173 1262 1286 1298 sua:
1316 1244 1622 1315 primordio
1650 1246 1965 1315 pollicetur.
2052 1259 2177 1295 Cum
2211 1244 2291 1297 eis
2321 1245 2543 1312 inierat,
2575 1246 2752 1316 culpis
2791 1262 2987 1299 eorum
3035 1245 3401 1306 merentibus,
3432 1245 3516 1298 ίῐτ
3538 1254 3664 1298 tum

372 1325 456 1380 De
485 1328 644 1397 cujus
691 1330 841 1399 pacti
885 1332 1337 1401 praevaricatione
1379 1334 1636 1387 dolenter
1685 1334 1969 1406 Propheta
2048 1334 2255 1387 factum
2307 1338 2409 1395 est,
2456 1339 2512 1387 et
2568 1351 2673 1405 pax
2720 1351 2832 1401 qua
2877 1333 2982 1387 sibi
3039 1350 3133 1388 eos
3181 1340 3417 1404 paterno
3472 1335 3665 1388 favore

377 1414 555 1468 dicit:
605 1435 631 1469 «
674 1418 801 1472 Vidi
848 1436 960 1474 non
1006 1428 1290 1476 servantes
1342 1428 1569 1493 pactum
1620 1429 1679 1477 et
1731 1425 1977 1478 tabesce-
2056 1421 2423 1490 conjunxerat
2450 1423 2741 1487 dissoluta,
2758 1424 2923 1493 juxta
2949 1424 3096 1494 quod
3120 1440 3294 1477 unum
3329 1441 3393 1477 ex
3414 1424 3497 1478 eis
3520 1424 3668 1493 legi-

375 1502 526 1558 bam.
562 1524 588 1557 »
2058 1526 2182 1564 mus
2212 1520 2648 1583 conquerentem
2673 1531 2686 1566 :
2715 1535 2735 1564 ι
2764 1514 2996 1568 Irritum
3018 1516 3229 1568 factum
3248 1520 3335 1568 est
3353 1519 3607 1585 pactum,
3637 1534 3663 1566 ι

2058 1602 2295 1669 projecit
2323 1602 2594 1667 civitates,
2627 1620 2739 1657 non
2770 1605 3051 1674 reputavit
3080 1604 3393 1657 hominess
3429 1605 3573 1658 Item
3607 1604 3669 1658 in

2056 1689 2333 1745 Jeremia:
2375 1713 2395 1742 ι
2432 1694 2534 1759 Ne,
2569 1693 2769 1763 inquit.
2803 1693 3121 1747 consoleris
3148 1711 3261 1750 eos.
3296 1693 3429 1764 quia
3458 1691 3671 1746 abstuli

1991 1770 2248 1848 Bpacem
2282 1798 2462 1835 meam
2508 1800 2540 1836 a
2588 1784 2792 1852 populo
2842 1783 2971 1848 isto,
3007 1782 3087 1836 ait
3137 1782 3430 1838 Dominus.
3485 1783 3670 1851 Hujus

449 1863 690 1918 Pulchre
706 1881 835 1919 vero
852 1866 1175 1921 melioribus
1186 1869 1598 1923 conditionibus
1614 1870 1758 1924 hanc
1778 1888 1969 1940 pacem
2056 1874 2241 1921 autem
2258 1871 2408 1939 pacis
2421 1872 2619 1937 foedus,
2640 1872 2786 1941 quod
2807 1873 3089 1925 mediante
3116 1872 3339 1925 Christo
3371 1872 3520 1925 Deus
3538 1888 3669 1925 cum

378 1950 623 2007 diximus
656 1954 1018 2009 reformatam
1075 1958 1202 2011 Haec
1232 1959 1379 2011 enim
1407 1976 1510 2029 pax
1533 1960 1717 2029 priore
1747 1960 1971 2013 univer-
2056 1957 2300 2012 Ecclesia
2339 1961 2554 2019 statuit.
2590 1962 2949 2031 sempiternis
2979 1967 3169 2015 manet
3198 1961 3419 2031 legibus
3466 1962 3672 2014 conﬁr-

377 2041 570 2109 salior,
614 2044 837 2097 afﬁnior
865 2050 921 2098 et
950 2046 1210 2100 aeternior
1230 2054 1330 2100 est.
1360 2048 1485 2101 Fuit
1508 2048 1785 2118 siquidem
1811 2049 1972 2102 istius
2055 2053 2290 2108 matum.
2332 2050 2803 2118 quemadmodum
2831 2051 2889 2103 in
2923 2051 3204 2104 Ezechiele
3238 2049 3547 2120 spopondit
3578 2050 3671 2102 di-

379 2130 531 2199 pacis
576 2132 631 2184 in
657 2134 1099 2202 praecedentibus
1130 2136 1382 2206 patribus
1411 2138 1763 2206 aliquantula
1800 2138 1970 2189 rcfor-
2058 2152 2188 2189 cens
2222 2155 2232 2188 :
2264 2156 2287 2187 «
2324 2139 2490 2191 David
2524 2156 2718 2192 servus
2745 2157 2918 2199 meus.
2960 2140 3063 2192 hoc
3107 2145 3210 2199 est,
3241 2139 3523 2199 Christus.
3560 2137 3671 2190 erit

378 2219 572 2285 matio,
598 2228 664 2274 ut
690 2228 825 2291 puta
854 2223 911 2276 in
932 2223 1089 2285 Abel,
1115 2225 1182 2277 ad
1211 2242 1376 2294 quem
1411 2225 1674 2279 Dominus
1692 2234 1748 2279 et
1766 2227 1835 2278 ad
1857 2227 1976 2294 ejus
2058 2225 2314 2296 princeps
2335 2244 2527 2281 eorum
2560 2228 2615 2280 in
2649 2235 3001 2298 perpetuum.
3036 2235 3090 2281 et
3123 2229 3247 2296 ejus
3278 2228 3663 2282 interventu.»

381 2322 620 2362 munera
649 2310 855 2379 legitur
885 2314 1212 2382 respexisse,
1239 2314 1366 2366 etin
1388 2314 1571 2367 Enoch
1593 2316 1794 2378 etNoe,
1821 2322 1974 2368 uter-
2058 2312 2379 2378 subaudias,
2430 2333 2455 2365 «
2490 2317 2795 2386 percutiam
2834 2316 2945 2369 illis
2996 2315 3176 2369 foedus
3204 2314 3378 2385 pacis,
3433 2324 3667 2384 pactum

377 1644 515 1703 CAP.
547 1647 615 1701 V.
646 1678 709 1691 —
735 1650 1005 1717 Quomodo
1025 1668 1134 1720 pan:
1158 1654 1255 1706 Dei
1278 1655 1353 1707 ad
1380 1655 1625 1708 homines
1655 1658 1976 1709 melioribus

747 1725 818 1775 sit
847 1726 1252 1778 conditionibus
1284 1728 1607 1792 reformata.

382 2412 490 2467 que
521 2398 806 2467 quoniam,
832 2401 978 2454 sicut
1002 2402 1426 2463 scribitur,cum
1451 2403 1687 2457 Domino
1719 2403 1974 2457 ambula-

379 2484 477 2538 vit.
537 2487 599 2540 In
647 2487 929 2542 Abraham
988 2507 1229 2561 quoque,
1287 2492 1356 2545 de
1414 2509 1523 2561 quo
1575 2493 1796 2557 dicitur,
1848 2493 1980 2563 quia

387 2592 411 2623 ί
437 2575 676 2629 credidit
693 2577 975 2631 Abraham
1001 2580 1113 2633 Deo
1130 2586 1185 2633 et
1201 2587 1522 2651 reputatum
1537 2588 1622 2634 est
1640 2582 1690 2635 ei
1716 2582 1786 2635 ad
1809 2583 1979 2651 justi-

379 2663 540 2729 tiam,
574 2670 630 2718 et
659 2666 870 2720 amicus
899 2668 996 2721 Dei
1020 2670 1332 2740 appellatus
1359 2677 1461 2726 est.
1502 2690 1524 2720 ι
1559 2670 1625 2724 In
1656 2671 1774 2739 ipso
1806 2671 1975 2724 etiam

379 2754 605 2823 populo,
643 2755 737 2824 qui
784 2756 853 2810 de
905 2757 1075 2827 hujus
1123 2760 1298 2829 patris
1346 2760 1552 2813 lumbis
1598 2761 1971 2831 progignitur.

378 2846 548 2912 gente
570 2842 826 2898 videlicet
850 2845 1235 2904 Hebraeorum.
1288 2848 1453 2918 hujus
1483 2848 1634 2919 pacis
1676 2849 1973 2902 reviruisse

381 2931 633 2985 amicitia
662 2938 896 2988 eatenus
924 2935 1236 3000 videbatur,
1271 2944 1333 2991 ut
1361 2938 1481 3008 ipse
1507 2938 1778 2992 Dominus
1798 2955 1974 3008 gene-

379 3019 655 3074 rationem
702 3022 856 3076 illam
890 3026 1158 3096 populum
1198 3026 1303 3080 sibi
1346 3026 1682 3097 peculiarem
1744 3028 1966 3089 faceret,

2057 2403 2463 2472 sempiternum
2488 2404 2595 2457 erit
2623 2405 2723 2457 eis.
2751 2424 2779 2456 ››

2062 2544 2193 2600 CAP.
2222 2545 2314 2599 VI.
2351 2575 2416 2585 —
2459 2547 2532 2599 De
2576 2549 2819 2671 quadlqm
2861 2547 2985 2631 alia
3016 2562 3146 2615 pace
3190 2549 3340 2599 inter
3386 2547 3559 2600 Deum
3617 2552 3667 2601 et

2756 2634 3014 2671 ormnem.

2756 2634 3014 2671 οηηηεηι.

2132 2759 2230 2811 Est
2249 2763 2307 2813 et
2325 2758 2436 2812 alia
2468 2760 2728 2829 quaedam
2757 2776 2861 2831 pax
2887 2760 3174 2822 secretior,
3209 2758 3357 2812 inter
3400 2757 3581 2812 Deum
3611 2764 3669 2813 et

2058 2847 2343 2902 hominem
2392 2848 2591 2902 divinae
2641 2850 2944 2919 Scriptura
2999 2848 3337 2902 testimoniis
3382 2849 3666 2915 innotata,

2056 2953 2183 2989 cum
2203 2936 2457 2990 videlicet
2482 2937 2792 3007 spiritualis
2824 2938 2907 2990 vir
2936 2938 3082 2992 bona
3110 2937 3313 2991 merita
3340 2937 3667 2991 divinorum

2058 3026 2415 3095 praemiorum
2446 3026 2673 3095 subjicit
2708 3027 3011 3096 majestati.
3057 3027 3340 3080 aestimans
3372 3027 3670 3096 passiones

382 3124 622 3181 eumque
653 3112 831 3166 lilium
847 3089 1010 3168 suum
1033 3089 1467 3185 primogenitum
1489 3117 1799 3187 appellaret
1814 3089 2034 3187 juxtaC
2058 3089 2227 3184 hujus
2248 3116 2518 3185 temporis
2544 3089 2696 3169 nullo
2728 3089 2891 3169 modo
2929 3116 3235 3186 condignas
3415 3116 3482 3168 ad
3510 3116 3671 3169 futu-

380 3197 518 3252 illud
550 3200 720 3254 Exodi
756 3218 765 3253 :
795 3220 819 3252 «
854 3202 1028 3257 Filius
1057 3221 1213 3258 meus
1239 3206 1648 3275 primogenitus
1670 3206 1869 3262 Israel.
1911 3225 1934 3257 »

455 3288 563 3342 Sed
593 3295 741 3343 certe
774 3292 1147 3359 particularis,
1180 3301 1236 3347 et
1272 3311 1383 3347 non
1419 3295 1747 3348 universalis
1779 3296 1975 3365 hujus-

381 3378 532 3431 modi
553 3396 657 3449 pax
688 3386 829 3434 erat.
872 3382 998 3436 Non
1035 3382 1180 3435 enim
1213 3383 1381 3453 hujus
1412 3383 1561 3453 pacis
1595 3383 1829 3453 pignora
1862 3400 1977 3436 om-

382 3467 568 3533 nibus,
586 3469 681 3522 sed
704 3469 815 3523 illis
831 3476 1056 3525 tantum
1086 3473 1171 3525 vel
1198 3473 1309 3525 illis
1329 3472 1600 3542 patribus,
1636 3479 1692 3525 et
1720 3473 1818 3526 uni
1857 3479 1979 3526 tan-

380 3561 503 3610 tum
535 3559 740 3628 pOpulo
761 3560 1192 3629 praestabantur.
1229 3561 1416 3613 divino
1448 3578 1546 3630 per
1572 3562 1717 3613 hunc
1748 3562 1974 3615 modum

382 3645 606 3715 eloquio
636 3647 982 3717 exprimente
1018 3667 1029 3701 :
1062 3670 1081 3700 ι
1116 3650 1211 3703 Dic
1232 3650 1422 3704 domui
1454 3652 1644 3715 Israel,
1670 3652 1759 3703 dic
1786 3652 1975 3705 domui

381 3733 544 3788 Juda.
581 3752 606 3785 ι
638 3735 793 3789 Tunc
823 3737 972 3789 enim
1005 3744 1171 3791 notus
1221 3743 1441 3792 tantum
1494 3740 1550 3792 in
1598 3740 1791 3793 Judzea
1826 3739 1976 3794 Deus

384 3826 524 3883 erat.
549 3821 607 3875 in
630 3821 803 3876 Israel
832 3826 1224 3880 tantummodo
1260 3843 1524 3896 magnum
1548 3845 1751 3881 nomen
1774 3830 1980 3898 ejus.et

381 3909 459 3963 ibi
486 3910 545 3965 in
570 3928 704 3982 pace
731 3912 911 3967 factus
941 3920 1027 3967 est
1045 3915 1199 3969 locus
1229 3917 1351 3986 ejus
1380 3922 1437 3970 et
1464 3917 1523 3970 in
1545 3916 1679 3971 Sion
1707 3918 1981 3971 duntaxat

381 3999 656 4055 habitatio
677 4005 818 4073 ejus.

453 4089 852 4145 Reconciliatio
888 4109 1017 4146 vero
1046 4093 1393 4164 pacis,quam
1418 4094 1742 4148 mediatoris
1772 4094 1980 4148 Christi

383 4177 727 4249 dispensatio
758 4182 1362 4251 procuravit.omnihus
1384 4184 1611 4236 omnino
1637 4183 1982 4253 promittitur
2013 4253 2016 4255 Α

384 4272 441 4321 et
461 4269 711 4328 offertur.
734 4272 1038 4324 secundum
1062 4272 1207 4341 quod
1229 4272 1320 4325 ille
1339 4272 1654 4342 loquiturin
1678 4273 1974 4342 PrOpheta:

2057 3220 2177 3256 ram
2208 3204 2466 3272 gloriam.
2501 3222 2624 3275 quae
2655 3205 2995 3258 revelabitur
3046 3207 3103 3258 in
3145 3204 3321 3258 nobis.
3378 3204 3454 3257 De
3501 3206 3668 3273 cujus

2059 3293 2211 3362 pacis
2234 3294 2434 3357 forma,
2454 3302 2508 3346 et
2539 3293 2682 3347 bello
2706 3294 2851 3363 quod
2876 3295 3019 3346 hanc
3042 3310 3229 3364 pacem
3270 3294 3538 3363 praevenit
3568 3293 3671 3346 illa

2059 3382 2325 3451 parabola
2355 3382 2575 3435 Domini
2609 3382 2900 3435 texebatur
2923 3402 2969 3435 :a
3007 3383 3142 3446 Quis
3174 3399 3267 3435 rex
3298 3382 3481 3435 iturus
3508 3398 3666 3435 com-

2058 3471 2282 3523 mittere
2293 3470 2499 3524 bellum
2515 3472 2580 3524 ad
2591 3488 2779 3524 versus
2796 3471 2968 3524 alium
2993 3487 3180 3539 regem
3204 3476 3227 3521 ?
3240 3471 3438 3523 Nonne
3459 3470 3666 3522 sedens

2059 3560 2215 3629 prius
2243 3567 2551 3630 computat,
2584 3560 2629 3613 si
2661 3560 2836 3629 possit
2862 3576 2987 3613 cum
3037 3560 3227 3612 decem
3275 3557 3523 3611 millibus
3568 3574 3667 3611 oc-

2058 3665 2284 3701 currere
2326 3649 2375 3700 ei
2415 3649 2510 3719 qui
2538 3666 2663 3702 cum
2695 3649 2891 3717 viginti
2927 3648 3175 3701 millibus
3225 3648 3376 3701 venit
3430 3647 3502 3699 ad
3560 3646 3669 3699 se?

2058 3737 2321 3807 Alioquin
2351 3738 2533 3791 adhuc
2562 3738 2656 3791 illo
2689 3738 2851 3807 longe
2881 3743 3083 3806 agente
3142 3736 3482 3806 legationem
3540 3735 3667 3788 mit.

2060 3832 2185 3879 tens
2224 3833 2386 3895 rogat
2411 3843 2496 3889 ea,
2530 3843 2654 3896 quae
2686 3827 2836 3897 pacis
2868 3832 3015 3880 sunt.
3047 3845 3072 3879 ›)

2135 3916 2247 3968 Rex
2282 3915 2547 3968 adversus
2604 3915 2776 3969 alium
2810 3932 2997 3985 regem
3046 3914 3254 3967 bellum
3295 3917 3479 3983 parat,
3539 3928 3670 3965 cum

2062 4003 2265 4073 aliquis
2286 4021 2345 4056 se
2365 4004 2692 4057 salvandum
2727 4004 2841 4056 suis
2880 4004 3095 4057 meritis
3118 4008 3361 4073 reputat.
3388 4001 3495 4056 Sed
3516 4005 3671 4054 certe

2063 4109 2173 4146 non
2206 4092 2660 4145 salvabiturtalis
2684 4109 2775 4146 rex
2808 4108 2908 4162 per
2937 4092 3170 4145 multam
3195 4092 3458 4145 virtutem
3480 4106 3673 4154 suam,

2067 4201 2092 4234 α
2122 4182 2393 4235 universae
2424 4182 2571 4235 enim
2598 4181 2834 4250 justitiae
2863 4187 3067 4235 nostrae
3110 4181 3165 4233 in
3198 4183 3501 4250 conspectu
3538 4177 3673 4243 Dei,

2063 4270 2370 4324 secundum
2402 4271 2758 4340 Prophetam,
2776 4276 2907 4323 sunt
2928 4269 3087 4340 quasi
3112 4285 3331 4339 pannus
3355 4273 3679 4320 menstrua-

389 4376 411 4408 ι
448 4357 644 4412 Creavi
674 4359 915 4413 fructum
949 4360 1225 4414 labiorum
1270 4378 1482 4435 pacem,
1533 4378 1724 4431 pacem
1766 4361 1850 4414 his
1883 4362 2149 4463 quiDtae.
2180 4378 2206 4412 ι)
2241 4360 2380 4413 Cum
2428 4359 2621 4413 decem
2672 4358 2919 4412 millibus
2959 4365 3093 4411 tunc
3137 4359 3251 4411 Deo
3284 4356 3410 4427 quis
3454 4355 3674 4421 obviat,

383 4446 569 4516 longe,
594 4454 652 4501 et
678 4465 870 4519 pacem
903 4450 987 4503 his
1018 4451 1110 4520 qui
1129 4467 1320 4520 prope.
1336 4470 1355 4499 ι
1382 4450 1559 4513 Quam
1579 4450 1747 4503 etiam
1778 4450 1977 4504 divina:
1996 4444 2042 4463 "
2062 4465 2188 4501 cum
2213 4464 2445 4518 operum
2470 4451 2667 4501 merita
2690 4447 2964 4518 superbus
2979 4447 3189 4515 jactat?
3207 4446 3315 4500 Sed
3342 4446 3488 4499 Deus
3505 4444 3677 4515 quasi

384 4536 537 4607 pacis
567 4538 990 4592 universitatem
1023 4546 1080 4592 et
1107 4541 1307 4593 Petrus
1361 4540 1592 4602 notavit,
1634 4556 1759 4592 cum
1791 4539 1933 4592 dixit
1963 4557 1974 4591 :
2063 4554 2186 4590 cum
2246 4537 2530 4607 duplicato
2568 4553 2802 4590 numero
2834 4542 3030 4589 contra
3075 4552 3203 4589 eum
3233 4540 3403 4595 venit,
3441 4533 3677 4603 quando

389 4644 411 4673 α
440 4626 505 4678 In
535 4627 769 4680 veritate
789 4628 1035 4698 comperi
1063 4627 1194 4699 quia
1234 4644 1344 4681 non
1376 4634 1461 4681 est
1492 4645 1857 4698 personarum
1886 4645 1979 4681 ac-
2062 4625 2150 4678 vix
2177 4626 2232 4678 in
2274 4627 2392 4678 solo
2434 4633 2692 4696 paratum
2717 4641 2906 4695 opere.
2939 4624 3009 4677 de
3040 4640 3207 4694 opere
3238 4622 3407 4675 simul
3438 4621 3681 4674 discutit

386 4719 578 4783 ceptor
602 4714 770 4776 Deus.
791 4716 886 4769 sed
911 4719 969 4770 in
998 4717 1151 4770 omni
1175 4723 1361 4786 gente.
1396 4718 1491 4787 qui
1522 4717 1683 4770 timet
1721 4719 1895 4770 Deum
1927 4722 1982 4770 et
2066 4720 2123 4767 et
2152 4715 2509 4784 cogitatione.
2559 4715 2704 4768 Dum
2743 4714 2935 4783 itaque
2979 4713 3163 4766 adhuc
3210 4728 3310 4783 per
3338 4711 3680 4765 dilationem

387 4808 653 4871 operatur
675 4803 979 4871 justitiam.
1030 4804 1118 4858 hic
1161 4814 1421 4874 acceptus
1470 4811 1555 4857 est
1600 4804 1703 4857 illi.
1736 4804 1980 4857 Verbum
2059 4802 2253 4872 judicii
2286 4804 2449 4873 longe
2483 4820 2610 4856 eum
2632 4802 2931 4867 credimus,
2950 4801 3287 4871 legationem
3305 4799 3412 4853 sibi
3438 4814 3682 4869 precum

386 4889 543 4943 misit
564 4890 693 4945 ﬁliis
723 4892 895 4944 lsrael
916 4893 1259 4946 annuntians
1278 4910 1472 4963 pacem
1490 4910 1590 4963 per
1603 4895 1629 4946 J
1636 4909 1794 4947 esum
1817 4892 1980 4946 Chri-

385 4984 556 5033 stum.
583 4981 682 5034 Hic
721 4986 807 5034 est
834 4980 1104 5033 Dominus
1134 4981 1404 5034 omnium.
1438 5000 1459 5031 ι

455 5067 714 5122 Afﬁniori
744 5085 966 5139 quoque
995 5068 1253 5122 amicitia":
1283 5068 1502 5121 vinculo
1531 5068 1589 5121 in
1620 5067 1789 5139 hujus
1818 5068 1988 5121 refor-

385 5160 635 5213 matione
676 5160 847 5229 pacis,
899 5174 1021 5228 quae
1069 5174 1170 5228 per
1217 5158 1501 5211 Christum
1552 5158 1697 5211 facta
1726 5164 1828 5223 est,
1874 5159 1986 5211 Deo

387 5249 710 5303 refoederari
738 5249 994 5302 homines
1023 5252 1370 5301 meruerunt.
1408 5247 1550 5299 Nam
1591 5263 1717 5300 cum
1746 5246 1899 5316 prius
1929 5246 1988 5298 in

387 5338 723 5408 quibusdam
756 5337 1016 5391 Patribus
1062 5343 1283 5390 tantum
1332 5336 1498 5389 amici
1548 5336 1645 5389 Dei
1693 5335 1983 5399 fuerimus,

387 5445 538 5481 nunc
568 5444 667 5497 per
698 5428 1063 5481 mediatorem
1120 5427 1426 5489 Christum,
1475 5426 1568 5495 qui
1617 5441 1841 5478 carnem
1894 5442 1987 5477 no-

388 5525 562 5571 stram
596 5518 791 5570 deitati
834 5533 948 5569 sum
990 5516 1151 5569 unire
1181 5516 1444 5585 dignatus
1484 5522 1587 5575 est,
1624 5530 1733 5566 non
1767 5520 1988 5566 tantum

390 5607 555 5668 amici
597 5607 722 5677 Dei,
751 5607 851 5660 sed
897 5606 1070 5659 etiam
1107 5607 1230 5674 ejus
1267 5606 1470 5659 fratres
1496 5612 1554 5659 et
1580 5603 1820 5675 proximi
1852 5602 1991 5657 obti-

2070 4892 2377 4958 mittamus,
2410 4898 2672 4961 rogantes
2697 4909 2763 4945 ea
2785 4908 2907 4961 quze
2929 4890 3080 4961 pacis
3105 4896 3255 4954 sunt,
3290 4895 3348 4942 et
3376 4889 3632 4941 dicentes
3663 4905 3678 4939 :

2074 5000 2095 5031 ι
2149 4982 2232 5034 Ne
2262 4982 2436 5034 intres
2466 4980 2521 5033 in
2565 4980 2843 5049 judicium
2882 4996 3008 5033 cum
3057 4995 3215 5032 servo
3259 4984 3378 5037 tuo,
3411 4977 3679 5042 Domine,

2070 5071 2203 5141 quia
2232 5087 2342 5124 non
2367 5070 2767 5140 justiﬁcabitur
2803 5069 2858 5121 in
2889 5074 3191 5139 conSpectu
3233 5073 3332 5120 tuo
3378 5066 3563 5119 omnis
3591 5065 3685 5118 vi—

2070 5177 2225 5214 νεηε.
2256 5180 2281 5212 ))

2349 5248 2481 5302 CAP.
2516 5247 2705 5301 VII.-—
2727 5249 2799 5301 De
2822 5263 2950 5315 pace
2978 5247 3189 5299 diaboli
3211 5245 3285 5298 ad
3314 5260 3385 5297 se.

2143 5338 2492 5409 Simplicium
2542 5337 2762 5390 aurium
2809 5336 3077 5388 offensam
3141 5338 3416 5393 metuens,
3473 5345 3683 5399 pacem

2072 5427 2275 5481 diaboli
2297 5427 2365 5479 ad
2397 5444 2455 5479 se
2486 5426 2693 5478 nullam
2726 5425 2991 5487 dicerem,
3043 5422 3150 5476 nisi
3201 5438 3324 5474 eam
3358 5424 3613 5473 notatam
3647 5434 3689 5471 3

2074 5516 2312 5571 Domino
2339 5517 2641 5569 invenirem
2682 5533 2692 5566 :
2722 5535 2743 5562 σ
2779 5514 2919 5567 Cum
2961 5512 3119 5565 fortis
3149 5516 3401 5564 armatus
3431 5507 3690 5561 custodit

2072 5606 2280 5660 atrium
2305 5621 2492 5669 suum,
2523 5604 2579 5658 in
2610 5619 2747 5673 pace
2776 5608 2910 5658 sunt
2936 5600 3146 5667 omnia,
3178 5615 3300 5668 qua
3338 5595 3608 5669 possidet.
3650 5615 3682 5647 υ
