4040 6182
347 293 482 355 1601

1491 295 1586 350 DE
1623 293 1820 350 BONO
1863 295 2091 350 PACIS.
2135 324 2200 335 —
2239 293 2376 348 LIB.
2418 293 2464 348 Ι.

3475 297 3614 356 1602

346 423 478 477 Haec
515 437 621 492 pax
662 419 872 475 diaboli
905 421 1058 475 aliud
1088 419 1228 474 nihil
1262 425 1385 474 erat
1427 436 1593 490 quam
1624 437 1820 474 secura
1846 438 1938 490 ge-
1957 420 2088 482 Ade
2127 418 2394 482 lunatico,
2429 417 2562 489 quia
2610 433 2738 472 cum
2788 419 3018 475 vidisset
3055 421 3381 486 Dominum,
3416 425 3610 479 statim

301 543 306 547 ε
345 509 498 563 neris
520 509 747 562 humani
781 510 1080 580 possessio,
1109 525 1278 578 quam
1313 508 1565 562 videlicet
1595 525 1784 578 pacem
1817 509 1940 562 dia-

345 599 474 652 bolo
493 615 604 652 non
627 599 864 669 propriae
885 599 1106 652 virtutis
1130 598 1398 668 potentia,
1425 598 1518 650 sed
1553 597 1787 666 ignaviae
1817 614 1942 650 nos-

343 693 448 742 trae
468 688 747 741 stoliditas
778 687 1141 757 comparavit.
1173 687 1426 740 Timidus
1451 693 1536 739 est
1559 687 1706 739 enim
1745 685 1940 739 diabo-

344 777 472 843 lus;
501 777 616 846 qui,
651 777 698 830 si
728 776 778 830 ei
810 777 1112 838 resistitur,
1145 774 1408 829 continuo
1457 775 1707 842 fugatur,
1740 793 1940 828 secun-

346 865 482 920 dum
515 865 658 936 quod
693 863 934 919 Jacobus
974 865 1057 918 ait
1085 882 1098 918 :
1151 883 1175 916 «
1207 865 1471 918 Resistite
1499 865 1746 933 diabolo,
1776 869 1833 918 et
1861 864 1972 918 fu-.

344 953 464 1026 giet
491 971 526 1008 a
544 953 718 1008 vobis.
759 972 782 1004 ι

422 1042 534 1097 Sed
566 1049 870 1114 antequam
903 1059 999 1096 rex
1019 1042 1328 1096 altissimus
1361 1044 1523 1097 Jesus
1562 1042 1818 1096 Christus
1847 1059 1946 1114 per

347 1131 826 1203 dispensationem
855 1131 1040 1186 carnis
1066 1132 1288 1186 diabolo
1313 1131 1516 1186 bellum
1538 1132 1827 1192 indiceret.
1854 1148 1946 1185 ne-

347 1237 443 1274 mo
473 1221 567 1292 qui
600 1219 702 1274 sibi
731 1221 1020 1274 resisteret
1043 1221 1421 1291 comparebat.
1452 1223 1660 1275 Omnes
1697 1221 1845 1274 enim
1887 1221 1944 1274 in

349 1311 474 1380 ejus
503 1309 819 1364 clientelam
847 1309 1276 1364 declinaverunt.
1314 1310 1438 1364 Non
1461 1317 1582 1364 erat
1611 1310 1706 1380 qui
1739 1310 1948 1364 faceret

348 1397 582 1462 bonum,
605 1415 716 1453 non
741 1405 863 1452 erat
899 1416 1075 1469 usque
1103 1400 1170 1452 ad
1215 1415 1410 1453 unum.
1447 1399 1577 1453 Ideo
1607 1399 1666 1453 in
1702 1399 1943 1470 quadam

349 1489 505 1559 pacis
534 1489 835 1542 securitate
855 1488 960 1542 sibi
981 1506 1047 1542 ea
1065 1489 1213 1542 facta
1242 1495 1526 1558 sunt,quae
1541 1489 1670 1558 jure
1699 1495 1946 1559 cmperat

348 1577 650 1648 tyrannico
676 1577 981 1648 possidere,
1005 1577 1180 1632 donec
1204 1577 1442 1631 ferocior
1461 1595 1526 1631 eo
1548 1577 1946 1642 superveniens

348 1683 545 1737 pacem
591 1666 770 1736 ipsius
808 1672 1114 1736 rumperet,
1147 1672 1204 1718 et
1237 1671 1352 1719 tam
1385 1665 1590 1719 atrium
1621 1667 1742 1735 ejus
1775 1682 1943 1736 quam

2023 509 2256 578 Spiritus
2285 505 2636 560 conturbavit
2656 524 2804 569 eum,
2821 513 2877 562 et
2897 509 3064 563 elisus
3086 511 3143 564 in
3175 518 3383 566 terram
3407 515 3617 568 voluta»-

2027 596 2208 652 batur.
2235 603 2291 650 et
2321 596 2556 649 Domino
2573 595 2806 664 jubente
2835 599 3180 660 exclamavit,
3209 606 3266 654 et
3293 601 3615 673 discerpens

2025 703 2152 740 eum
2179 685 2470 756 exiit,quia
2488 686 2786 756 saepedum
2810 689 3057 742 converti
3077 689 3143 742 ad
3171 691 3466 744 Dominum
3494 698 3617 760 post

2025 783 2311 846 peccatum
2332 775 2605 840 volumus,
2639 775 3006 846 amplioribus
3031 795 3064 832 a
3097 779 3320 833 diabolo
3352 781 3616 836 cruciati-

2025 865 2126 919 bus
2155 865 2572 935 impugnantur.

2096 953 2246 1007 Talis
2278 969 2380 1024 pax
2413 953 2620 1007 diaboli
2647 955 2718 1008 ad
2750 955 3032 1010 hominem
3056 957 3277 1028 requies
3295 964 3381 1013 est
3400 965 3456 1013 et
3475 976 3620 1014 som-

2026 1057 2132 1094 nus
2164 1041 2452 1104 Beliemot,
2485 1042 2579 1112 qui
2632 1061 2656 1095 α
2688 1043 2790 1096 sub
2820 1044 3021 1099 umbra
3049 1046 3261 1100 dormit
3297 1047 3356 1101 in
3402 1053 3617 1103 secreto

2027 1130 2226 1184 calami
2259 1131 2316 1184 in
2342 1131 2481 1184 locis
2513 1131 2893 1186 humentibus.
2931 1153 2955 1184 ι
2988 1137 3032 1188 Α
3063 1152 3172 1205 quo
3203 1136 3396 1207 utique
3419 1154 3617 1209 sopore

2029 1235 2155 1272 eum
2189 1219 2433 1272 excitant
2454 1226 2510 1272 et
2536 1223 2602 1272 ad
2623 1237 2868 1290 pugnam
2889 1230 3208 1292 provocant,
3234 1226 3330 1295 qui
3349 1225 3620 1281 virtutum

2027 1307 2228 1362 studiis
2244 1309 2362 1378 jam
2385 1325 2635 1379 quaerere
2656 1311 2830 1363 Deum
2855 1317 3071 1381 parant.
3103 1313 3256 1367 Unde
3275 1315 3378 1368 Job
3394 1315 3463 1368 de
3484 1315 3620 1386 ipsis

2028 1415 2202 1468 agens
2223 1397 2358 1452 dicit
2379 1416 2426 1451 εσ
2452 1398 2791 1452 Maledicant
2811 1401 2881 1463 ei,
2902 1400 2997 1471 qui
3022 1402 3362 1458 maledicunt
3374 1404 3505 1472 diei,
3524 1405 3620 1476 qui

2027 1487 2212 1558 parati
2243 1495 2375 1541 sunt
2403 1489 2672 1542 suscitare
2700 1488 3021 1544 Leviathan.
3058 1510 3084 1543 »

2241 1633 2378 1686 CAP.
2404 1633 2498 1687 IX.
2535 1665 2582 1674 -—
2625 1635 2696 1687 De
2725 1650 2852 1702 pace
2878 1639 3205 1704 angelorum
3231 1639 3306 1690 ad
3331 1655 3404 1692 se.

349 1755 580 1809 domum
629 1755 881 1808 funditus
925 1755 1208 1825 spoliaret.
1243 1753 1462 1808 Atrium
1503 1761 1692 1808 autem
1743 1749 2004 1808 domusB
2095 1757 2404 1827 Proposita)
2427 1757 2804 1812 distinctionis
2841 1761 3016 1815 series
3037 1762 3225 1833 exigit,
3258 1771 3322 1818 ut
3351 1765 3616 1834 postilla,

349 1843 562 1898 diaboli
605 1845 714 1898 vita
745 1844 1051 1898 carnalium
1093 1852 1216 1910 est;
1251 1844 1452 1898 domus
1479 1847 1619 1914 ejus,
1672 1843 1938 1897 infernus.
2031 1863 2152 1917 quae
2179 1847 2248 1899 de
2279 1863 2408 1916 pace
2433 1847 2530 1900 Dei
2555 1849 2637 1901 vel
2669 1848 2874 1902 diaboli
2933 1851 3232 1921 dupliciter
3258 1853 3520 1918 diximus,
3553 1857 3622 1910 de

351 1934 509 1988 Sicut
537 1934 686 1988 enim
710 1934 768 1986 in
801 1934 1028 1986 domum
1060 1933 1305 1987 intratur
1343 1951 1442 2004 per
1470 1933 1697 2000 atrium,
1739 1935 1817 1986 sic
1851 1949 1948 2002 per
2030 1952 2163 2005 pace
2193 1936 2522 2004 angelorum
2553 1937 2623 1990 ad
2654 1955 2732 2003 se,
2757 1937 2862 1991 hoc
2890 1946 2992 2000 est,
3026 1941 3174 1994 inter
3197 1959 3275 2008 se,
3295 1944 3444 2014 quod
3461 1961 3622 2016 expe-

349 2024 634 2078 carnalem
669 2023 837 2076 vitam
871 2023 1212 2094 pertingitur
1235 2024 1303 2076 ad
1330 2023 1629 2076 infernum.
1655 2023 1727 2076 Ut
1755 2022 1946 2093 itaque
2029 2025 2131 2090 dit,
2164 2025 2527 2079 disseramus.
2567 2026 2695 2088 Pax,
2731 2044 2853 2097 quae
2875 2028 3022 2082 inter
3041 2031 3269 2100 angelos
3291 2049 3412 2086 esse
3440 2035 3622 2088 credi-

351 2113 678 2186 prosperius
699 2113 927 2166 domum
958 2128 1116 2165 suam
1141 2111 1398 2165 diabolus
1421 2111 1701 2182 possideat
1721 2111 1778 2164 in
1801 2111 1946 2165 atrio

355 2221 416 2257 se
445 2203 730 2256 custodem
761 2201 1067 2272 locat,quia
1091 2201 1294 2254 idcirco
1317 2201 1600 2254 carnalem
1631 2200 1801 2254 vitam
1826 2217 1953 2271 sug-

353 2309 550 2364 gerere
567 2292 856 2354 nititur,ut
877 2289 1256 2344 abundantius
1271 2290 1340 2343 de
1357 2291 1698 2360 perditorum
1715 2307 1950 2342 numero

355 2382 609 2436 infernus
639 2381 942 2451 repleatur.
968 2380 1146 2443 Quam
1169 2379 1459 2432 dissimilis
1491 2395 1592 2449 pax
1616 2379 1724 2432 ista
1743 2377 1950 2432 diaboli

355 2471 426 2524 ab
455 2487 540 2533 ea,
577 2487 746 2541 quam
778 2469 960 2540 primo
983 2468 1292 2539 posuimus,
1329 2485 1462 2538 pace
1491 2467 1590 2521 Dei
1620 2469 1632 2520 l
1668 2468 1768 2522 Illa
1799 2468 1950 2522 enim

357 2576 578 2614 summe
609 2558 774 2620 bona,
807 2559 928 2612 haec
955 2574 1175 2611 summe
1207 2557 1479 2628 pessima;
1509 2557 1623 2618 illa,
1648 2559 1795 2611 sicut
1817 2574 1953 2628 prae-

357 2649 622 2712 diximus,
647 2648 770 2702 fons
795 2654 881 2700 est
896 2647 1076 2700 omnis
1096 2653 1300 2700 sanctae
1320 2647 1646 2713 concordiae,
1665 2646 1783 2701 haec
1813 2663 1954 2700 vena

359 2738 543 2792 omnis
563 2736 854 2792 discordiae
883 2735 1098 2790 homini
1133 2736 1416 2790 nociturae.

499 2881 633 2935 CAP.
671 2879 820 2934 VIII.
854 2908 924 2918 —
943 2881 1015 2932 De
1039 2895 1170 2946 pace
1201 2880 1412 2932 diaboli
1434 2879 1507 2932 ad
1538 2879 1804 2932 homines.

431 3005 645 3059 Deinde
666 3003 872 3058 diaboli
900 3003 971 3056 ad
1001 3003 1254 3056 homines
1275 3019 1381 3074 pax
1401 3008 1487 3056 est
1511 3001 1798 3056 diabolicae
1824 3017 1953 3072 pra-

2029 2119 2142 2177 tur,
2175 2120 2261 2167 est
2281 2131 2512 2168 concors
2537 2115 2596 2168 in
2625 2115 2722 2169 Dei
2755 2119 3188 2182 venerationem,
3223 2121 3620 2192 cognitionem,

2033 2203 2502 2272 dilectionemque
2531 2205 2868 2274 progressio,
2887 2212 2944 2260 et
2970 2208 3258 2277 gradualis
3275 2212 3529 2282 quaedam
3553 2214 3625 2268 ad

2033 2288 2298 2342 inferiora
2331 2290 2668 2359 suggressio.
2699 2291 2778 2344 De
2818 2309 2929 2362 qua
2972 2310 3106 2364 pace
3150 2296 3438 2368 Scriptura
3481 2298 3627 2354 beati

2035 2378 2137 2431 viri
2179 2379 2313 2444 (Job.
2367 2383 2488 2446 xxv)
2529 2395 2640 2432 non
2693 2379 2870 2434 tacuit
2917 2399 2928 2434 :
2967 2401 2992 2432 ‹‹
3031 2382 3302 2449 Potestas,
3335 2387 3540 2459 inquit,
3571 2393 3629 2444 et

2033 2472 2216 2521 terror
2244 2467 2393 2538 apud
2417 2484 2544 2521 eum
2568 2473 2672 2526 est.
2697 2469 2791 2538 qui
2819 2469 2952 2524 facit
2978 2473 3335 2529 concordiam
3361 2476 3418 2530 in
3449 2477 3628 2532 subli-

2035 2556 2240 2622 mibus,
2270 2579 2292 2604 ι
2325 2556 2430 2609 hoc
2458 2563 2544 2610 est
2571 2557 2629 2610 in
2658 2559 2890 2628 angelis.

2105 2644 2292 2698 Prima
2307 2644 2584 2714 siquidem
2607 2653 2664 2698 et
2685 2647 2928 2701 maxima
2939 2648 3217 2704 discordia
3235 2651 3385 2706 inter
3397 2655 3628 2726 angelos

2035 2733 2244 2787 exstitit
2301 2733 2524 2803 quando
2555 2733 2791 2799 Lucifer,
2822 2737 2918 2806 qui
2959 2754 3122 2792 mane
3147 2739 3452 2805 oriebatur,
3483 2744 3626 2798 divi-

2033 2822 2228 2877 nitatis
2269 2821 2484 2892 apicem
2517 2822 2781 2877 invadere
2808 2825 3074 2894 cogitavit
3091 2827 3282 2883 dicens
3317 2849 3328 2882 :
3355 2849 3382 2884 α
3413 2832 3625 2888 Ponam

2036 2911 2224 2966 sedem
2246 2928 2427 2964 meam
2445 2911 2514 2964 ad
2539 2912 2858 2982 aquilonem
2875 2920 2930 2968 et
2951 2931 3046 2970 ero
3067 2916 3268 2972 similis
3279 2920 3622 2977 Altissimo.»

2035 3001 2190 3054 Tunc
2219 3000 2368 3053 enim
2402 3019 2427 3052 α
2451 2999 2658 3054 factum
2689 3008 2776 3056 est
2803 3003 3058 3073 praelium
3089 3022 3355 3076 magnum
3384 3009 3441 3064 in
3463 3013 3624 3078 caelo,

362 3094 548 3148 vitatis
601 3099 658 3147 et
686 3093 948 3146 humanae
999 3093 1302 3146 voluntatis
1330 3092 1590 3146 vitiorum
1643 3066 2013 3145 intercessuC
2037 3089 2338 3143 Michaelet
2360 3091 2681 3160 angeliejus
2703 3091 3102 3161 praeliabantur
3131 3112 3257 3150 cum
3288 3099 3550 3166 dracone,
3573 3066 3631 3157 et

359 3183 735 3238 concordatio.
757 3183 936 3246 Quam
961 3197 1154 3252 pacem
1181 3197 1364 3234 sermo
1395 3187 1555 3234 notat
1573 3181 1950 3252 prOpheticus,

356 3273 594 3343 loquens
613 3272 669 3326 in
701 3271 924 3324 vocibus
952 3271 1294 3342 perfidorum
1322 3288 1334 3326 ε
1377 3289 1401 3320 α
1434 3269 1841 3333 Percussimus,
1871 3269 1960 3322 in-

361 3363 586 3434 quiunt.
620 3361 800 3414 foedus
829 3377 958 3414 cum
991 3365 1193 3418 morte,
1235 3379 1260 3411 »
1295 3359 1400 3412 hoc
1439 3364 1544 3424 est,
1576 3358 1798 3412 diabolo
1840 3376 1866 3409 «
1899 3363 1957 3412 et

360 3471 484 3510 cum
517 3452 739 3506 inferno
796 3450 1032 3506 fecimus
1085 3455 1329 3520 pactum,
1392 3453 1448 3502 et
1497 3448 1622 3500 ideo
1672 3447 1955 3516 ﬂagellum

361 3542 664 3605 inundans,
699 3556 824 3593 cum
855 3539 1164 3597 transierit.
1202 3555 1311 3591 non
1344 3536 1526 3590 veniet
1567 3553 1737 3607 super
1771 3553 1891 3590 nos.
1928 3555 1950 3586 ι

365 3633 505 3686 Cum
530 3630 680 3684 enim
703 3628 906 3682 videris
933 3628 1250 3698 quempiam
1275 3626 1480 3680 diaboli
1501 3625 1766 3680 satellitio
1783 3625 1957 3678 fcede-

363 3728 572 3782 ratum,
605 3721 726 3789 ejus
748 3737 848 3790 per
873 3719 1062 3772 omnia
1093 3717 1232 3770 votis
1253 3716 1522 3775 alludere.
1557 3715 1795 3768 dilatare
1815 3715 1959 3768 vide-

364 3809 495 3862 licet
521 3809 770 3877 linguam
794 3806 850 3859 in
901 3805 1197 3858 maledicta
1241 3809 1298 3857 et
1325 3804 1531 3874 turpia,
1573 3808 1630 3856 et
1666 3801 1958 3870 indulgere

365 3897 621 3957 luxuriae,
653 3896 877 3950 adolere
907 3894 1218 3958 libidinem,
1243 3893 1607 3964 cupiditatem
1635 3890 1954 3951 incendere,

365 3985 716 4042 iracundiam
771 3985 1142 4045 inﬂammare,
1193 3982 1411 4036 noveris
1462 3981 1631 4034 talem
1673 3979 1958 4032 hominem

367 4077 549 4131 foedus
605 4073 883 4146 pepigisse
940 4088 1067 4126 cum
1119 4078 1320 4125 morte.
1355 4070 1406 4124 id
1441 4076 1526 4123 est
1566 4069 1804 4131 diabolo,
1839 4067 1955 4138 qui,

370 4165 638 4238 quoniam
679 4161 1001 4233 hujusmodi
1029 4161 1088 4215 in
1114 4161 1267 4214 nullo
1296 4159 1401 4214 sibi
1441 4157 1783 4213 contrarium
1827 4173 1961 4210 con-

370 4254 536 4327 Spicit
565 4252 726 4324 quasi
754 4267 947 4322 pacem
978 4267 1104 4304 cum
1142 4266 1206 4303 eo
1244 4249 1392 4311 colit,
1428 4265 1529 4302 nec
1558 4246 1963 4302 tentationibus

2037 3179 2204 3232 draco
2237 3179 2521 3250 pugnabat
2541 3185 2598 3232 et
2616 3181 2799 3250 angeli
2825 3183 2967 3252 ejus,
2986 3189 3043 3236 et
3061 3200 3172 3238 non
3195 3189 3626 3260 praevaluerunt,

2038 3285 2220 3338 neque
2251 3269 2402 3322 locus
2433 3269 2673 3339 amplius
2699 3269 2957 3326 inventus
2987 3280 3074 3326 est
3097 3291 3293 3330 eorum
3323 3277 3381 3331 in
3415 3280 3573 3333 cmlo.
3598 3297 3628 3333 ι

2039 3357 2183 3410 Nam
2217 3359 2492 3428 projectus
2535 3365 2622 3412 est
2656 3358 2823 3414 draco
2853 3360 2945 3413 ille
2975 3378 3234 3432 magnus.
3269 3367 3364 3436 qui
3399 3374 3633 3423 vocatur

2040 3445 2295 3500 diabolus
2321 3453 2377 3499 et
2398 3447 2590 3511 Satan,
2618 3449 2899 3517 projectus
2925 3457 3028 3515 est,
3062 3451 3312 3522 inquam,
3333 3455 3392 3509 in
3420 3461 3630 3513 terram

2040 3540 2097 3588 et
2129 3535 2314 3604 angeli
2360 3536 2482 3605 ejus
2521 3553 2645 3589 cum
2679 3553 2744 3589 eo
2792 3537 2948 3591 missi
2996 3545 3146 3594 sunt.
3191 3541 3455 3598 Praelium
3501 3563 3632 3602 vero

2041 3625 2210 3680 istud.
2245 3625 2390 3694 quod
2441 3625 2587 3678 inter
2633 3625 2861 3694 angelos
2891 3627 3016 3684 fuit.
3064 3646 3177 3684 non
3206 3634 3516 3702 putandum
3548 3642 3634 3690 est

2039 3713 2247 3766 factum
2275 3713 2553 3767 materiali
2581 3714 2748 3778 ferro,
2775 3716 2874 3768 sed
2901 3715 3266 3774 intellectuali
3287 3723 3494 3788 studio,
3520 3741 3632 3779 non

2039 3801 2430 3856 commissione
2445 3818 2754 3864 armorum,
2777 3804 2872 3856 sed
2889 3807 3288 3864 contrarietate
3308 3811 3630 3880 affectuum,

2041 3891 2196 3952 dum,
2213 3897 2484 3961 quantum
2510 3890 2764 3944 diabolus
2792 3897 2848 3946 et
2863 3895 2985 3962 ejus
3005 3897 3302 3968 complices
3319 3917 3418 3970 per
3436 3908 3635 3973 typum

2041 3980 2314 4050 superbiae
2335 3987 2530 4034 contra
2559 3981 2736 4034 Deum
2770 3981 2940 4034 erecti
2971 3991 3121 4045 sunt,
3147 3991 3364 4040 tantum
3399 3989 3635 4044 Michael

2043 4068 2259 4138 sibique
2313 4069 2526 4122 similes
2564 4085 2664 4140 per
2715 4070 3047 4125 humilitatis
3091 4073 3442 4130 devotionem
3489 4079 3634 4149 regis

2043 4157 2237 4212 aeterni
2266 4157 2462 4226 subjici
2493 4157 2742 4228 imperiis
2788 4159 3098 4228 elegerunt.
3132 4160 3206 4215 Et
3232 4161 3356 4218 ideo
3404 4165 3528 4220 istis
3577 4167 3636 4222 in

2044 4247 2182 4301 caelo
2205 4246 2501 4300 sublimius
2533 4262 2702 4317 quam
2734 4250 2888 4318 prius
2916 4247 3156 4305 fuerant.
3191 4255 3636 4325 remanentibus,

372 4362 499 4399 eum
534 4342 868 4414 aggrediens
898 4356 1000 4394 nec
1029 4338 1423 4392 afflictionibus
1451 4345 1725 4392 sternens.
1783 4337 1960 4400 Quem
1979 4335 2125 4437 Dilli
2149 4336 2355 4389 exclusi
2385 4341 2534 4400 sunt,
2571 4337 2628 4390 in
2656 4341 2818 4390 terrae
2861 4337 3032 4407 hujus
3061 4339 3260 4395 ultima
3288 4351 3631 4400 corruentes.

372 4435 418 4488 si
451 4433 734 4487 interdum
753 4447 976 4485 sursum
991 4429 1180 4483 oculos
1201 4429 1416 4498 erigere
1434 4427 1576 4481 velle
1597 4425 1959 4489 subsenserit,

373 4533 454 4585 ut,
486 4539 610 4594 quae
633 4527 841 4576 aeterna
861 4519 1130 4588 sunt.jam
1155 4518 1518 4589 appetat,jam
1543 4515 1770 4570 delicias
1791 4515 1962 4574 odiat.

367 4616 490 4686 jam
523 4613 874 4667 honestatem
897 4609 1148 4662 induere.
1163 4607 1442 4678 justitiam
1467 4623 1677 4670 amare,
1703 4604 1966 4676 amplecti

374 4701 798 4764 continentiam,
823 4705 878 4754 et
897 4697 1178 4754 luxuriam
1201 4698 1393 4768 fugere
1415 4697 1822 4762 meditetur,tux
1837 4693 1968 4748 bata

374 4794 568 4848 statim
596 4791 759 4846 istius
785 4789 936 4842 modi
966 4787 1118 4859 pacis
1156 4787 1277 4858 lege
1299 4785 1431 4840 totis
1482 4785 1694 4840 irarum
1725 4782 1968 4838 stimulis

375 4882 733 4938 recedentem
757 4877 1130 4951 persequitur.
1153 4877 1302 4930 Mille
1323 4876 1590 4930 adversus
1611 4891 1739 4928 eum
1763 4873 1970 4927 machi-

376 4973 486 5037 nis,
517 4969 672 5025 mille
698 4967 920 5023 saevitia:
949 4967 1129 5020 utitur
1166 4964 1532 5036 argumentis,
1567 4962 1769 5034 quibus
1785 4962 1970 5032 ipsum

377 5061 450 5116 ab
475 5063 632 5115 arcta
658 5057 746 5111 via
763 5073 886 5128 quae
907 5055 976 5109 ad
1001 5055 1170 5109 vitam
1197 5053 1406 5124 dirigit,
1429 5053 1500 5108 ad
1527 5052 1772 5124 amplam
1797 5056 1974 5105 retra-

377 5150 477 5205 hat
508 5164 631 5220 quae
660 5144 816 5200 ducit
844 5144 910 5198 ad
947 5149 1204 5198 mortem.

453 5236 612 5302 Quod
661 5234 795 5290 olim
842 5233 899 5288 in
933 5232 1060 5287 ﬁliis
1109 5231 1284 5286 Israel
1332 5229 1436 5284 sub
1491 5229 1802 5284 Pharaonis
1836 5230 1975 5300 jugo

378 5323 768 5384 laborantibus
789 5322 970 5394 typice
999 5320 1435 5376 monstrabatur.
1467 5320 1542 5373 Ex
1564 5336 1674 5390 quo
1703 5319 1849 5372 enim
1881 5335 1980 5388 per

382 5417 620 5486 Moysen
651 5413 986 5466 sollicitatus
1024 5419 1109 5464 est
1141 5412 1378 5470 Pharao,
1413 5415 1476 5462 ut
1499 5409 1765 5479 populum
1786 5407 1976 5462 dimit-

383 5506 552 5568 teret,
579 5501 736 5556 duris
764 5518 858 5554 eos
875 5499 1042 5567 cmpit
1067 5515 1296 5570 operum
1317 5498 1565 5567 auguriis
1587 5497 1842 5566 fatigare.
1868 5497 1978 5550 lloc

382 5595 535 5649 idem
554 5590 616 5646 in
639 5590 936 5662 Evangelio
957 5589 1272 5660 expressius
1293 5585 1641 5658 signabatur,
1664 5583 1760 5641 ubi
1779 5584 1984 5640 dicitur

2051 4445 2076 4476 «
2103 4425 2298 4480 Omnis
2327 4425 2476 4478 enim
2509 4425 2604 4495 qui
2625 4441 2683 4478 se
2715 4425 2976 4480 humiliat
3000 4427 3355 4498 exaltabitur,
3375 4437 3431 4487 et
3461 4435 3558 4504 qui
3579 4453 3638 4490 se

2049 4515 2258 4568 exaltat
2287 4513 2692 4568 humiliabitur.
2728 4535 2754 4565 ι)

2119 4601 2238 4656 Illis
2273 4603 2462 4673 igitur,
2489 4603 2584 4674 qui
2614 4619 2784 4657 causa
2809 4603 3101 4660 discordiae
3133 4607 3377 4676 fuerant,
3421 4611 3501 4665 sic
3528 4629 3643 4668 coe-

2051 4691 2275 4745 lestium
2307 4691 2440 4762 lead.
2474 4693 2694 4758 Tegern.
2721 4691 3061 4764 coelestibus]
3085 4695 3290 4752 finibus
3311 4701 3640 4771 exturbatis,

2053 4779 2165 4844 isti,
2200 4779 2678 4850 tranquillissima;
2699 4779 2922 4835 deitatis
2954 4799 3175 4854 semper
3212 4787 3458 4844 vultibus
3497 4793 3642 4846 assi-

2053 4875 2284 4934 stentes,
2308 4875 2527 4923 aeternae
2538 4869 3006 4939 pacisadinvicem
3025 4875 3247 4943 gaudiis
3259 4879 3644 4948 perfruuntur.

2055 4959 2238 5030 Hujus
2267 4959 2418 5029 pacis
2439 4957 2736 5012 concordia
2762 4957 2820 5012 in
2847 4959 2958 5014 illis
2983 4961 3202 5018 duobus
3223 4966 3510 5022 cherubim
3542 4986 3646 5024 au-

2055 5048 2165 5102 reis
2195 5047 2541 5119 signabatur,
2575 5064 2714 5118 quos
2739 5047 3008 5104 Dominus
3032 5051 3090 5106 in
3113 5055 3339 5108 oraculo
3360 5057 3646 5126 ponendos

2056 5137 2278 5191 censuit
2316 5136 2526 5191 mutuis
2547 5153 2608 5191 se
2638 5136 2884 5192 vultibus
2903 5139 2961 5192 in
2990 5140 3440 5211 propitiatorium
3463 5161 3649 5217 respe-

2059 5231 2268 5280 cturos.
2326 5226 2435 5280 Per
2491 5226 2778 5280 cherubim
2831 5244 3074 5298 namque
3118 5229 3300 5284 omnis
3345 5240 3650 5290 conventus

2061 5315 2327 5384 angelicae
2361 5315 2573 5369 militiae
2596 5317 2744 5370 velut
2768 5332 2803 5368 a
2822 5323 2980 5386 parte
3005 5323 3186 5371 totum
3213 5321 3545 5378 ostenditur.
3580 5325 3652 5380 Hi

2065 5405 2276 5459 mutuis
2303 5422 2362 5458 se.
2382 5405 2626 5458 vultibus
2645 5406 2700 5458 in
2733 5404 3182 5474 propitiatorium
3211 5409 3474 5466 dicuntur
3501 5415 3654 5486 aspi-

2063 5511 2207 5554 cere,
2243 5511 2368 5548 cum
2397 5493 2848 5548 concordissimis
2877 5495 3083 5551 animis
3108 5497 3164 5552 in
3195 5498 3344 5555 illius
3370 5519 3654 5574 superetn-

2065 5583 2223 5639 lestis
2263 5583 2593 5639 hierarchiae
2634 5583 2994 5654 participium
3023 5587 3333 5647 creduntur
3367 5594 3654 5656 anhelare.
