4056 6188
433 299 578 362 1607

1767 296 2018 354 RUFINI
2059 295 2390 355 EPISCOPI

3565 295 3711 355 1608

426 431 486 484 in
517 428 806 500 apertione
833 424 1060 480 secundi
1083 423 1254 493 sigilli
1283 421 1438 482 vidit.
1461 423 1594 493 quia
1622 423 1701 477 illi
1731 424 1827 495 qui
1861 425 2022 479 sede-
2041 431 2086 486 A
2111 427 2191 480 ait
2225 444 2236 478 :
2273 445 2297 477 α
2330 426 2442 479 Pax
2476 423 2653 478 multa
2673 423 3036 494 diligentibus
3070 425 3249 494 legem
3267 423 3710 489 tuam,Domine,

425 519 522 573 bat
550 534 720 588 super
751 533 955 587 equum
1003 514 1212 571 rufum.
1255 513 1470 566 scilicet
1513 514 1753 574 Christo,
1781 514 1876 584 qui
1921 515 2030 568 hu-

428 623 593 661 mana
625 623 793 659 carne
823 604 1010 658 vestiri
1044 603 1234 666 voluit,
1269 603 1370 662 illi,
1408 603 1661 672 inquam,
1699 603 1896 656 datum
1920 610 2022 666 est,

427 702 490 751 ut
519 701 768 750 sumeret
791 709 985 764 pacem
1015 693 1082 745 de
1098 698 1250 744 terra
1277 699 1332 744 et
1356 691 1590 744 invicem
1615 692 2028 746 seinterﬁciant

427 784 704 848 homines,
738 789 794 837 et
809 783 974 836 datus
1004 788 1090 835 est
1121 781 1168 834 ei
1185 781 1406 850 gladius
1427 781 1850 850 magnuslianc
1865 781 2030 852 zEgy-

428 875 672 946 ptiorum
703 889 920 942 pacem,
954 887 1122 941 quam
1150 871 1267 940 ipse
1291 870 1560 924 Dominus
1575 877 1706 922 ante
1723 869 2030 924 diremerat

427 980 529 1035 per
550 963 857 1033 apostolos,
890 967 1084 1031 postea
1113 959 1352 1012 divortio
1379 975 1490 1012 non
1515 959 1730 1012 minore
1761 959 1982 1028 disjecit
2010 977 2022 1024 ;

432 1070 455 1102 ι
491 1051 646 1104 misit
664 1050 900 1120 sagittas
930 1065 1062 1102 suas
1091 1053 1147 1101 et
1176 1047 1466 1117 dissipavit
1493 1064 1607 1107 eos,
1641 1047 1866 1117 fulgura
1889 1047 2028 1100 mul-

427 1139 718 1211 tiplicavit,
753 1136 1108 1192 conturbavit
1131 1153 1244 1199 eos,
1274 1161 1292 1182 ιι
1319 1135 1466 1190 sicut
1489 1134 1544 1188 in
1573 1152 1686 1188 uno
1716 1151 1929 1201 eorum,
1955 1136 2028 1189 vi-

429 1229 631 1283 delicet
647 1227 840 1290 Paulo,
875 1225 1063 1280 licebit
1091 1226 1156 1278 ad
1167 1224 1503 1295 vertere.qui
1523 1225 1690 1294 hujus
1712 1225 1916 1295 iniqua
1937 1241 2030 1294 pa-

431 1319 510 1372 cis
529 1316 905 1378 concordiam,
947 1315 1090 1368 sicut
1118 1315 1174 1367 in
1195 1313 1369 1384 gestis
1393 1314 1744 1384 apotolorum
1768 1314 2025 1383 legimus,

433 1407 849 1479 sapientissimo
865 1403 1186 1459 calliditatis
1199 1409 1533 1473 argumento
1557 1403 2030 1457 dissolvit.Sciens

433 1497 583 1551 enim
607 1495 750 1566 quod
775 1493 1228 1566 persequentium
1255 1509 1434 1546 seuna
1453 1509 1582 1562 pars
1595 1492 2030 1546 Sadducaorum

433 1585 699 1640 existeret
771 1585 951 1637 altera
980 1582 1410 1646 Pharisaeorum,
1449 1581 1779 1634 exclamavit
1818 1582 1874 1635 in
1905 1598 2030 1635 con-

433 1674 560 1730 cilio
585 1691 596 1727 :
627 1693 653 1724 ιι
679 1672 797 1726 Viri
827 1673 1047 1738 fratres,
1083 1687 1185 1741 ego
1211 1671 1528 1724 Pharisaus
1549 1688 1693 1730 sum.
1728 1671 2008 1724 ﬁliusPha

2113 522 2170 569 et
2197 532 2308 568 non
2337 522 2421 568 est
2445 514 2554 567 illis
2586 513 2937 568 scandalum.
2956 512 3092 567 ):Ubi
3125 530 3224 583 per
3243 513 3567 566 scandalum
3586 529 3718 566 con-

2113 605 2360 658 scientiae
2391 602 2784 656 ollendiculum
2809 602 3012 655 debere
3054 601 3291 672 intelligi
3335 602 3525 656 nullus
3569 601 3714 655 divi-

2114 709 2315 746 norum
2349 693 2565 764 peritus
2609 691 2952 744 voluminum
2995 691 3293 760 ignorabit.
3319 691 3476 744 Tunc
3521 697 3713 744 autem

2113 798 2168 834 m
2181 783 2298 835 ulta
2323 789 2408 834 est
2421 799 2524 852 pax
2538 781 2715 852 legem
2733 781 2834 834 Dei
2855 780 3232 850 diligentibus,
3254 797 3378 834 cum
3396 796 3506 833 non
3530 780 3716 832 solum

2113 888 2214 942 pro
2245 871 2578 924 innocentia
2612 871 2754 924 bono
2805 869 2986 924 securi
3028 875 3160 924 sunt
3215 887 3250 923 a
3293 870 3584 940 supplicio,
3615 869 3715 923 sed

2112 961 2280 1013 etiam
2313 977 2411 1030 pro
2443 959 2664 1013 virtutis
2706 959 2904 1012 merito
2935 959 3045 1013 lati
3076 958 3715 1030 pramiumprastolan-

2110 1050 2414 1112 tur.Quam
2437 1065 2627 1120 pacem
2645 1049 2854 1102 Paulus
2867 1049 3290 1102 Colossensibus
3311 1048 3562 1118 Optabat,
3585 1065 3716 1102 cum

2110 1137 2351 1192 diceret:
2398 1159 2420 1189 ι
2460 1138 2526 1191 Et
2555 1154 2658 1207 pax
2691 1137 2920 1204 Christi,
2968 1157 2989 1188 ι
3033 1137 3089 1191 id
3125 1143 3230 1200 est,
3261 1154 3428 1208 quam
3455 1137 3715 1191 Christus

2112 1227 2310 1280 habuit
2347 1233 2403 1280 et
2432 1227 2585 1280 dedit
2616 1226 2840 1288 habere,
2880 1246 2901 1278 ι
2948 1227 3192 1280 exsultet
3219 1226 3275 1280 in
3316 1227 3579 1280 cordibus
3622 1243 3717 1280 ve-

2112 1316 2466 1370 stris.nllanc
2489 1333 2680 1387 pacem
2715 1316 2846 1370 mali
2879 1332 2988 1369 non
3025 1315 3251 1378 habent,
3287 1333 3428 1387 quos
3443 1333 3548 1370 nec
3567 1315 3717 1369 bona

2112 1405 2452 1459 conscientia
2481 1405 2589 1460 sibi
2620 1406 2896 1472 conciliat,
2929 1422 3032 1459 nec
3069 1406 3270 1458 mentis
3318 1405 3713 1476 tranquillitas

2113 1501 2356 1548 serenat.
2391 1495 2499 1548 Pro
2529 1495 2691 1564 cujus
2719 1493 2974 1548 absentia
3007 1495 3161 1566 pacis
3192 1501 3451 1564 peccator
3477 1493 3720 1548 simulet

2113 1584 2390 1655 panitens
2428 1583 2780 1653 ingemiscit:
2818 1602 2844 1636 ί
2871 1585 2996 1638 Νοη
3029 1590 3132 1650 est,
3152 1585 3336 1655 inquit
3360 1601 3468 1654 pax
3497 1582 3719 1636 ossibus

2114 1675 2255 1728 meis
2275 1690 2307 1727 a
2337 1673 2477 1728 facie
2508 1681 2862 1744 peccatorum
2893 1691 3204 1728 meorum.»
3236 1673 3340 1728 Ubi
3357 1690 3458 1744 per
3475 1689 3608 1726 ossa
3625 1689 3718 1726 na-

437 1765 695 1818 risaoum
752 1762 831 1816 De
879 1778 977 1832 spe
1017 1767 1072 1814 et
1110 1760 1518 1813 resurrectione
1548 1777 1650 1828 ego
1695 1759 1934 1829 judicor.
1969 1744 2327 1816 EtBturales
2367 1761 2568 1816 anima
2600 1763 2853 1822 virtutes.
2889 1779 3012 1833 qua
3056 1763 3229 1816 fortes
3269 1767 3465 1815 contra
3489 1765 3721 1832 peccata

437 1870 562 1908 cum
586 1853 692 1906 hoc
728 1851 982 1914 dixisset,
1009 1851 1159 1903 facta
1199 1855 1287 1902 est
1323 1849 1772 1918 dissensiointer
1799 1848 1944 1909 illos,
1979 1852 2036 1902 et

435 1943 620 1997 soluta
643 1948 728 1996 est
747 1938 1364 1994 multitudo.Sadducai
1383 1938 1531 1991 enim
1552 1955 1665 1992 non
1697 1938 1892 1991 dicunt
1912 1954 2032 1992 esse

435 2031 924 2088 resurrectionem.
961 2045 1142 2098 neque
1188 2028 1472 2097 angelum,
1513 2044 1692 2098 neque
1736 2027 2023 2098 spiritum.

436 2121 706 2175 Pharisai
737 2126 927 2173 autem
947 2125 1252 2187 utrumque
1283 2116 1532 2170 fatentur
1584 2137 1606 2164 ››
1625 2117 1762 2169 Ecce
1793 2115 2036 2186 qualiter

435 2211 506 2264 ad
536 2209 864 2280 hujusmodi
897 2223 1088 2260 vocem
1108 2205 1268 2259 Pauli
1307 2213 1500 2258 contra
1525 2205 1760 2258 invicem
1775 2204 2036 2275 reprobo-

435 2315 561 2352 rum
588 2298 756 2352 turba
786 2295 1147 2366 disjungitur,
1173 2294 1469 2348 consilium
1499 2293 1805 2364 dissipatur
1829 2313 1840 2358 ;
1865 2294 2034 2348 dum-

437 2404 546 2459 que
567 2388 623 2442 in
652 2387 792 2440 duas
819 2383 1487 2456 partestumultuantium
1512 2382 1814 2436 multitudo
1837 2381 2038 2452 dispel-

435 2477 592 2542 litur,
627 2475 799 2529 Paulo
827 2472 1098 2528 evadendi
1127 2472 1362 2526 facultas
1405 2471 1675 2542 aperitur.
1708 2471 2040 2542 Eripiuntur

437 2565 588 2620 enim
597 2564 758 2636 justi,
791 2563 925 2617 dum
949 2561 1276 2615 dividuntur
1307 2559 1383 2630 inj
1395 2560 1522 2614 usti.
1558 2561 1794 2631 Propter
1814 2560 1959 2630 quod
1981 2565 2038 2614 et

439 2656 500 2710 in
531 2654 673 2708 mari
705 2652 913 2714 Rubro,
945 2651 1078 2705 dum
1109 2650 1166 2703 in
1190 2649 1333 2703 duas
1355 2656 1542 2720 partes
1569 2650 1719 2702 unda
1748 2649 2031 2708 dividitur,

441 2745 748 2800 electorum
780 2741 986 2814 populo
1008 2740 1080 2794 ad
1099 2745 1310 2794 terram
1334 2739 1720 2810 promissionis
1741 2739 1848 2793 iter
1869 2757 1930 2793 ex
1937 2739 2040 2811 pli-

439 2839 618 2890 catur.
1031 2876 1038 2888 ι

514 2921 654 2976 Inde
685 2927 772 2976 est
799 2919 949 2991 quod
972 2918 1086 2980 ille,
1116 2917 1211 2989 qui
1243 2918 1526 2988 elongavit
1544 2917 2036 2988 fugiens,tuncde-

2116 1869 2239 1906 esse
2267 1852 2600 1914 debuerant,
2623 1853 2956 1906 innuuntur.

2189 1941 2294 1994 Sed
2336 1957 2504 2011 quam
2531 1957 2736 2011 magna
2768 1940 3066 1994 multitudo
3096 1956 3348 2011 superna
3377 1939 3714 2005 dulcedinis,

2115 2046 2284 2100 quam
2308 2036 2566 2100 prompta
2586 2031 2795 2084 viscera
2812 2029 3011 2082 divina
3033 2028 3255 2100 pietatis
3273 2029 3284 2081 !
3301 2029 3547 2082 Tantum
3566 2029 3718 2082 enim

2116 2119 2270 2190 pacis
2294 2119 2648 2186 beneﬁcium,
2674 2119 2822 2190 quod
2853 2135 2952 2190 per
2980 2118 3186 2172 multas
3227 2117 3432 2170 diaboli
3481 2117 3717 2170 insidias

2117 2215 2378 2279 peccator
2403 2208 2743 2278 perdiderat,
2777 2225 2877 2279 per
2894 2225 3060 2262 unam
3080 2207 3262 2260 cordis
3291 2206 3720 2276 compunctiun-

2118 2299 2298 2352 culam
2327 2298 2461 2368 [βοά.
2500 2299 2642 2364 Teg.,
2677 2314 2774 2368 per
2816 2313 2990 2351 unum
3024 2297 3206 2350 cordis
3253 2296 3576 2366 compuncti
3625 2312 3720 2349 su-

2119 2387 2508 2458 spirium].per
2527 2403 2698 2440 unam
2717 2387 3003 2441 oculorum
3023 2387 3386 2456 lacrymulam
3419 2385 3718 2456 reconqui-

2119 2477 2214 2530 rit.
2249 2476 2326 2528 Ad
2360 2475 2506 2546 quod
2539 2475 3036 2528 demonstrandum
3057 2475 3193 2528 illud
3211 2475 3278 2528 de
3300 2475 3603 2543 Evangelio
3624 2491 3721 2528 no-

2118 2565 2203 2618 bis
2221 2563 2464 2617 sufﬁciat
2491 2565 2875 2634 proexemplo.
2909 2563 3053 2628 Quid
3084 2563 3234 2617 enim
3281 2563 3357 2616 ibi
3409 2563 3710 2634 peccatrici

2122 2653 2344 2708 femina
2373 2653 2442 2706 de
2462 2653 2566 2706 hac
2596 2670 2729 2723 pace
2757 2653 2966 2706 dictum
3025 2652 3150 2706 est?
3204 2652 3483 2722 quomodo
3539 2652 3676 2722 legis
3697 2650 3722 2702 ?

2123 2743 2366 2813 qualiter
2389 2741 2492 2795 sibi
2525 2741 2817 2812 panitenti
2847 2757 2880 2794 a
2907 2740 3148 2794 Domino
3167 2757 3495 2810 responsum
3529 2738 3722 2794 audis?

2125 2852 2146 2883 ι
2175 2832 2357 2893 Fides,
2385 2831 2486 2892 ait,
2510 2831 2648 2885 fides
2679 2836 2778 2884 tua
2805 2836 2862 2884 te
2889 2831 3099 2884 salvam
3133 2829 3426 2893 fecit,vade
3444 2830 3503 2883 in
3525 2847 3714 2900 pace.)

2119 2922 2232 2976 Pax
2252 2921 2363 2974 ista
2391 2937 2426 2974 a
2454 2937 2588 2991 pace
2614 2920 2708 2974 illa
2741 2921 3036 2979 malorum,
3065 2936 3097 2972 ο
3136 2926 3406 2990 quantum
3438 2919 3718 2989 disjungi-

444 3028 598 3067 mum
628 3027 686 3065 se
716 3010 929 3064 salvum
961 3007 1086 3062 fieri
1114 3024 1148 3060 a
1178 3013 1511 3078 tempestate
1565 3013 1777 3078 sperat,
1806 3007 1852 3060 si
1893 3009 2038 3062 male
2063 3061 2102 3082 η
2121 3010 2248 3064 tur?
2279 3027 2444 3082 quam
2475 3010 2760 3064 contraria
2779 3009 3092 3063 differentia
3122 3009 3192 3061 ab
3218 3009 3366 3062 illius
3411 3009 3565 3078 pacis
3612 3024 3720 3062 na-

441 3102 719 3155 conﬂuam
740 3099 1017 3153 unitatem
1043 3097 1188 3150 Deus
1217 3095 1430 3149 dividat
1452 3108 1464 3143 :
1483 3116 1505 3146 ι
1532 3096 2039 3167 Exspectabam,in-

445 3191 584 3261 quit,
611 3205 762 3252 eum,
792 3187 889 3258 qui
921 3203 1010 3240 me
1033 3185 1251 3239 salvum
1275 3185 1484 3238 faceret
1505 3201 1538 3238 a
1567 3185 1766 3256 pusillo
1778 3186 1966 3239 animo
1985 3192 2042 3241 et

439 3283 794 3350 tempestate.
830 3295 856 3328 υ
881 3275 1040 3340 Quod
1065 3281 1130 3329 ut
1161 3275 1276 3338 fiat,
1312 3294 1334 3324 ι
1368 3274 2040 3344 praecipita,Domine,eos

441 3373 499 3423 et
529 3367 748 3437 linguas
769 3381 964 3420 eorum
995 3363 1232 3423 divide,»
1267 3363 1415 3416 sicut
1431 3363 1747 3433 gigantum,
1782 3363 2036 3436 quos[ut]

441 3457 824 3530 praediximus,
844 3452 993 3507 labia
1020 3451 1357 3505 divisisti.Et
1387 3451 1455 3504 de
1486 3452 1697 3504 crudeli
1723 3469 1881 3506 servo
1900 3453 2040 3506 dixit

445 3545 577 3618 quia
600 3544 856 3598 videlicet
881 3563 901 3593 ι
937 3541 1126 3594 veniet
1163 3539 1435 3594 Dominus
1475 3541 1620 3594 servi
1663 3540 1814 3594 illius
1850 3541 1907 3596 in
1947 3541 2038 3595 die

441 3651 551 3706 qua
571 3650 683 3688 non
704 3637 910 3703 sperat,
938 3635 996 3683 et
1019 3629 1156 3682 hora
1177 3645 1290 3698 qua
1311 3629 1489 3682 nescit
1519 3635 1575 3682 et
1597 3629 1805 3682 dividet
1831 3647 1978 3683 eum.
2007 3650 2032 3683 »

441 3723 598 3777 Tunc
629 3721 778 3774 enim
801 3734 1041 3788 nequam
1065 3733 1258 3770 servus
1283 3718 1433 3788 apud
1459 3735 1519 3771 se
1549 3718 1800 3772 videlicet
1841 3719 2039 3772 dividi-

439 3817 556 3871 tur,
589 3826 716 3864 cum
747 3824 845 3879 per
873 3806 1091 3860 diversa
1113 3807 1875 3878 contrariaquediscerpitur,
1909 3825 2036 3862 cum

440 3899 501 3954 in
527 3897 761 3953 infernis
791 3903 850 3951 et
879 3893 1168 3948 moriendo
1215 3913 1437 3966 semper
1479 3897 1658 3950 vivere
1705 3903 1763 3950 et
1807 3898 2036 3952 vivendo

441 4005 667 4060 semper
688 3986 832 4040 mori
855 3983 1207 4039 miserrimus
1229 3992 1547 4054 courgetur,
1603 3986 1776 4056 ﬁtque
1828 3987 1932 4040 hoc
1985 3987 2037 4041 ei

441 4076 852 4135 intolerabilius
883 4075 952 4128 de
981 4079 1179 4140 morte,
1215 4075 1364 4145 quod
1394 4074 1516 4146 ipsa
1529 4091 1678 4128 mors
1708 4092 1932 4147 semper
1952 4083 2040 4130 est

442 4169 564 4223 sine
585 4171 784 4220 morte.

444 4276 576 4329 CAP.
603 4272 723 4328 XV.
751 4299 814 4310 -—
856 4273 924 4326 De
958 4285 1091 4338 pace
1143 4271 1506 4392 conficientia,
1553 4286 1722 4339 quam
1773 4271 1861 4325 hic
1907 4272 2037 4325 boni

1082 4343 1225 4394 passi
1255 4346 1371 4394 ant.

1077 4356 1371 4408 possmmt.

2121 3106 2252 3155 tura
2276 3099 2612 3171 separatur?
2641 3099 2743 3152 llla
2767 3099 2916 3153 enim
2947 3114 3051 3168 pax
3081 3097 3430 3152 tumultuosa
3459 3103 3564 3151 est.
3597 3097 3720 3152 hac

2123 3189 2346 3261 quieta;
2380 3190 2476 3243 illa
2496 3189 2712 3250 vanida,
2751 3189 2868 3242 hac
2907 3188 3160 3251 sincera;
3189 3187 3284 3241 illa
3328 3186 3566 3252 tristior,
3601 3187 3722 3240 hac

2115 3278 2444 3348 jucundior;
2477 3278 2573 3332 illa
2612 3278 2850 3350 trepida.
2896 3277 3013 3331 hac
3068 3293 3294 3344 secura;
3331 3276 3576 3347 denique
3620 3276 3722 3330 illa

2121 3373 2393 3423 aternum
2423 3368 2570 3440 parit
2583 3367 2942 3438 supplicium,
2961 3367 3076 3421 hac
3087 3373 3368 3438 perpetua
3388 3366 3723 3436 salutisglo—

2122 3457 2262 3510 riam
2293 3457 2452 3511 nobis
2483 3461 2852 3528 promeretur.

2190 3547 2430 3600 Pulchre
2464 3563 2654 3616 pacem
2673 3545 2836 3600 istam
2855 3544 3150 3609 sinceram,
3174 3545 3444 3616 quietam,
3461 3560 3722 3598 securam

2116 3635 2536 3707 jucundamque
2569 3633 2941 3706 pradixerim.
2971 3633 3283 3688 Nihilenim
3302 3651 3407 3705 pax
3440 3633 3720 3693 ista,nihil

2121 3723 2406 3786 vanitatis,
2436 3724 2575 3777 nihil
2631 3722 2803 3777 habet
2843 3723 3155 3777 d010sitatis
3188 3722 3721 3776 admistum.Tenax

2121 3817 2208 3865 est
2235 3813 2380 3866 enim
2415 3812 2709 3866 sinceritas
2739 3819 2795 3866 et
2814 3812 3066 3866 veritatis
3093 3828 3316 3882 semper
3351 3811 3717 3879 conscientia,

2120 3905 2178 3954 et
2204 3917 2331 3954 cum
2353 3901 2582 3954 fallatur
2605 3899 2926 3971 aliquando,
2960 3899 3154 3954 fallere
3198 3905 3389 3954 tamen
3444 3900 3570 3970 ipsa
3607 3917 3720 3955 non

2119 3989 2290 4044 novit.
2314 3989 2452 4044 Inde
2481 3995 2565 4044 est
2587 3989 2732 4060 quod
2757 3989 2850 4044 ille
2882 3989 2978 4059 qui
3009 3989 3213 4043 veritas
3233 3996 3339 4046 est.
3375 4007 3508 4044 cum
3533 3990 3718 4060 judex

2119 4077 2369 4131 omnium
2399 4075 2686 4142 residebit,
2715 4076 2888 4130 solius
2917 4075 3289 4141 conscientia,
3329 4092 3455 4146 qua
3488 4077 3718 4131 mentiri

2119 4182 2232 4220 non
2288 4165 2513 4236 poterit,
2564 4165 2946 4220 testimonium
2990 4165 3320 4234 acceptabit.
3381 4165 3532 4219 sicut
3581 4165 3720 4220 dicit

2117 4255 2446 4324 Apostolus:
2481 4273 2508 4308 (ι
2538 4253 2944 4309 Testimonium
2961 4254 3227 4308 reddente
3245 4254 3354 4308 illis
3374 4255 3722 4309 conscientia

2118 4342 2388 4413 ipsorum.
2429 4364 2449 4392 ι
2483 4343 2681 4408 Quieta
2704 4350 2790 4396 est
2817 4343 2934 4397 hac
2961 4360 3086 4414 pax,
3121 4343 3290 4396 nullis
3335 4344 3584 4398 attonita
3625 4361 3720 4398 ru—

513 4435 596 4488 De
623 4449 758 4504 pace
779 4446 947 4502 quam
997 4428 1129 4482 mali
1158 4428 1367 4482 habent
1399 4428 1544 4500 apud
1575 4446 1654 4490 se,
1699 4431 2036 4486 documento
2055 4416 2103 4474 D
2122 4432 2387 4494 moribus.
2412 4433 2580 4486 nullis
2602 4433 2814 4502 agitata
2834 4432 3188 4486 tumultibus.
3209 4431 3379 4486 nullis
3401 4433 3722 4488 afﬂictioni-

443 4523 740 4598 praposito
763 4522 881 4591 jam
913 4519 982 4573 de
1012 4534 1147 4590 pace
1178 4517 1473 4581 bonorum,
1507 4517 1560 4571 id
1588 4526 1674 4572 est
1721 4536 1886 4590 quam
1916 4521 2036 4591 qui-

443 4614 584 4668 libet
599 4613 786 4682 justus
805 4609 1013 4664 habere
1038 4609 1187 4661 intra
1201 4623 1258 4660 se
1273 4607 1540 4673 creditur,
1567 4607 1888 4663 dissertatio
1903 4611 2036 4664 sub-

439 4703 734 4773 jungatur.
759 4699 902 4752 Huic
923 4697 1064 4768 paci,
1114 4697 1258 4750 sicut
1302 4697 1690 4768 pramisimus,
1745 4699 1882 4752 lata
1911 4715 2040 4754 con-

445 4790 690 4846 scientiae
746 4786 1018 4841 securitas
1067 4785 1295 4838 titulum
1344 4785 1680 4856 laudemque
1725 4787 2032 4859 diSpensat.

443 4880 597 4934 Lata
625 4882 812 4932 autem
833 4882 969 4930 tunc
987 4891 1116 4928 vere
1141 4881 1228 4928 est
1253 4874 1613 4936 conscientia,
1631 4893 1756 4930 cum
1775 4877 1845 4941 ei,
1870 4894 2037 4948 quem

445 4967 694 5024 defendit
717 4963 1006 5020 acerrime.
1036 4961 1324 5016 blanditur
1351 4963 1521 5016 etiam
1560 4963 1628 5017 de
1655 4964 1858 5018 virtute
1913 4966 2037 5019 Non

446 5057 595 5113 enim
611 5057 740 5110 lata
765 5051 1116 5108 conscientia
1138 5059 1409 5105 securitas
1425 5057 1528 5112 est,
1553 5053 1939 5124 vituperabilia
1957 5055 2037 5108 tu-

444 5163 598 5218 gere.
630 5145 688 5199 ni
719 5149 778 5198 et
795 5143 868 5196 ad
899 5139 1201 5195 laudabilia
1229 5140 1476 5194 studium
1505 5141 1860 5196 accendatur.
1891 5142 2034 5196 Nam

445 5241 512 5292 ut
535 5235 760 5296 dicitur,
793 5229 1073 5285 abstinere
1101 5246 1136 5282 a
1183 5229 1334 5283 malo
1377 5229 1517 5284 vitat
1554 5247 1796 5300 poenam.
1831 5232 2036 5285 bonum

447 5325 629 5380 facere
657 5327 904 5376 meretur
928 5319 1172 5390 palmam
1219 5318 1379 5382 Quod
1421 5319 1776 5374 conscientia
1821 5319 2039 5374 blandi-

448 5419 700 5469 mentum
717 5415 978 5481 expertus
990 5407 1558 5478 fuerat,quidicebat:
1590 5428 1612 5458 ι
1637 5409 1828 5462 Gloria
1848 5417 2042 5464 nostra

448 5504 566 5559 hac
595 5508 680 5557 est
703 5498 1088 5555 testimonium
1119 5497 1476 5552 conscientia
1505 5503 1708 5552 nostra
1764 5518 1788 5550 J)

520 5594 604 5650 De
622 5593 728 5648 hac
751 5605 890 5664 pace
916 5587 1271 5646 conscientia
1310 5587 1546 5661 loquens
1573 5587 2042 5662 Psalmigrapbus

2118 4521 2222 4576 bus
2251 4523 2601 4586 conturbata,
2624 4522 2754 4592 quia
2781 4527 2845 4575 ut
2873 4521 2918 4575 si
2948 4521 3237 4575 tribulatio
3267 4521 3452 4575 carnis
3479 4522 3721 4578 circum-

2119 4627 2279 4664 secus
2314 4611 2618 4681 obstrepat,
2653 4610 2697 4663 si
2729 4609 2920 4664 mundi
2947 4609 3130 4664 rabies
3165 4609 3474 4664 forinsecus
3501 4611 3716 4674 saviat,

2119 4700 2286 4769 hujus
2313 4711 2502 4754 tamen
2545 4716 2834 4770 possessor
2862 4699 3015 4770 pacis
3035 4699 3278 4758 animus.
3311 4698 3490 4754 beata
3513 4701 3722 4771 quietis

2120 4805 2344 4859 semper
2371 4788 2500 4842 otiis
2531 4788 2791 4860 potietur.
2826 4788 2984 4852 Quod
3009 4789 3271 4842 Habacuc
3291 4788 3722 4844 breviteradno-

2119 4876 2460 4930 tavitdicens
2483 4875 2908 4946 :cRequiescam
2925 4875 2982 4929 in
3003 4875 3094 4928 die
3111 4874 3492 4930 tribulationis
3506 4893 3665 4931 mea.
3692 4898 3715 4928 ι

2121 4966 2190 5019 Et
2219 4966 2490 5020 Dominus
2517 4965 2588 5018 ad
2614 4963 2919 5036 discipulos
2947 4982 2959 5017 ε
3005 4981 3032 5016 οι
3065 4964 3213 5028 Hac,
3246 4963 3449 5034 inquit,
3499 4966 3722 5020 locutus

2119 5071 2242 5108 sum
2275 5053 2449 5119 vobis,
2483 5053 2613 5108 utin
2639 5070 2729 5107 me
2750 5069 2941 5124 pacem
2960 5051 3401 5114 habeatisn,cum
3423 5054 3485 5107 in
3507 5055 3720 5109 mundo

2119 5159 2442 5213 pressuram
2463 5141 2759 5196 habebitis.
2787 5142 2940 5196 Idem
2981 5157 3204 5211 quoque
3232 5146 3289 5194 et
3314 5141 3578 5196 Michaas
3595 5143 3721 5214 pul-

2119 5231 2252 5285 chro
2283 5231 2526 5302 quodam
2556 5231 2838 5284 schemate
2867 5229 3158 5301 pradixit:
3199 5249 3220 5280 ι
3255 5230 3324 5284 Et
3350 5230 3478 5292 erit,
3515 5231 3718 5302 inquit,

2124 5321 2260 5392 ipse,
2288 5341 2314 5372 ι)
2343 5320 2553 5374 scilicet
2582 5319 2872 5380 Dominus,
2903 5339 2924 5369 ι
2952 5319 3112 5373 nobis
3135 5335 3258 5389 pax.
3292 5319 3563 5389 Assyrius
3591 5337 3723 5375 cum

2122 5409 2339 5464 venerit
2368 5409 2424 5464 in
2453 5415 2663 5464 terram
2695 5415 2942 5463 nostram
2968 5416 3026 5462 et
3050 5407 3347 5462 calcaverit
3374 5407 3434 5461 in
3455 5408 3722 5464 domibus

2124 5499 2356 5555 nostris.
2412 5519 2436 5550 ο
2470 5497 2755 5569 Assyrius,
2817 5498 2911 5569 qui
2953 5497 3150 5552 Latine
3199 5496 3404 5551 dicitur
3451 5514 3720 5566 arguens,

2123 5587 2332 5646 diaboli
2359 5587 2685 5661 praeformat
2703 5587 3032 5660 imaginem.
3057 5588 3312 5658 Arguere
3348 5585 3504 5645 enim
3550 5603 3723 5645 accu-
