4040 6182
284 278 422 338 1609
1416 279 1510 336 DE
1545 279 1742 336 ΒΟΝΟ
1779 279 1918 334 PAO

2005 319 2008 333 .
2042 307 2108 324 -
2148 280 2288 335 LIB.
2327 281 2374 341 Ι.

3408 281 3549 338 1610

280 422 409 462 sare
435 410 540 461 est.
578 406 649 461 Et
674 406 800 477 quis
824 405 1005 476 magis
1031 405 1377 460 accusatoris
1410 410 1497 461 est
1533 404 1738 477 dignus
1773 421 1869 460 co-
1887 413 1939 473 Α
1957 409 2149 460 turum
2196 404 2477 476 sperabat,
2523 421 2654 460 cum
2692 405 2906 461 diceret
2937 423 2951 460 :
2994 422 3022 458 ι
3052 406 3119 460 In
3161 419 3298 476 pace
3323 403 3384 459 in
3410 402 3552 476 idip-

279 494 549 566 gnomine
570 511 740 566 quam
771 494 862 549 ille
890 494 951 549 in
980 511 1148 565 quem
1177 512 1279 550 vox
1297 495 1769 566 triumphantium
1789 494 1880 548 de-
1961 509 2088 548 sum
2137 494 2434 558 dormiam,
2485 499 2543 549 et
2584 493 2950 566 requiescam.
2982 513 3012 545 io
3062 494 3132 548 Et
3168 493 3394 548 Simeon
3423 510 3553 548 cum

283 584 565 655 promitur
591 583 942 654 angelorum.
962 603 984 634 ι
1009 583 1153 648 Quia
1176 586 1455 654 projectus
1483 583 1876 654 est,inquiunt,
1959 581 2296 637 benedicens
2325 584 2503 638 Deum
2533 588 2762 638 caneret
2790 603 2802 637 :
2835 604 2856 634 ι
2880 584 3040 640 Nunc
3064 582 3302 637 dimittis
3331 598 3554 637 servum

285 679 579 728 accusator
620 673 860 727 fratrum
908 678 1250 738 nostrorum,
1299 673 1394 744 qui
1427 673 1728 727 accusabat
1755 673 1880 726 illos
1960 675 2144 737 tuum,
2172 671 2427 734 Domine,
2460 672 2768 728 secundum
2797 671 3027 728 verbum
3058 677 3220 729 tuum
3249 672 3308 725 in
3340 687 3494 742 pace.
3523 688 3550 723 ι)

286 767 422 816 ante
449 766 812 832 conspectum
843 761 944 815 Dei
986 762 1165 816 nostri
1207 761 1298 816 die
1327 778 1392 815 ac
1417 767 1596 816 nocte.
1640 763 1704 816 In
1732 766 1885 815 terra

287 855 484 905 nostra
512 856 570 904 et
591 849 869 913 domibus,
886 869 915 902 ι)
936 849 996 904 in
1021 849 1223 921 quibus
1251 851 1430 905 calcat
1457 850 1742 922 Assyrius,
1761 867 1884 905 car-

288 939 381 994 nis
425 943 631 994 nostraa
665 938 948 993 domicilia
994 939 1326 1014 figurantur.
1370 940 1527 994 Tunc
1565 955 1697 1010 ergo
1726 938 1886 993 nobis

293 1032 382 1082 est
409 1043 534 1098 pax,
568 1043 697 1082 cum
717 1027 983 1098 Assyrius
1009 1027 1069 1080 in
1092 1032 1300 1081 terram
1330 1033 1582 1082 nostram
1599 1027 1814 1081 venerit
1832 1032 1889 1081 et

293 1115 595 1170 calcaverit
649 1115 707 1168 in
751 1114 1009 1170 domibus
1048 1116 1276 1182 nostris,
1322 1115 1455 1187 quia
1501 1115 1756 1170 diabolus
1785 1115 1890 1170 etsi

294 1220 500 1276 corpus
520 1203 698 1259 sancti
722 1204 828 1258 viri
853 1204 1055 1274 aﬂligit
1074 1205 1160 1258 vel
1187 1205 1432 1276 perimit,
1457 1213 1679 1260 aeternae
1697 1210 1890 1259 tamen

296 1292 452 1364 pacis
486 1292 737 1364 requiem
773 1308 1065 1364 nunquam
1095 1293 1261 1348 tollit.
1303 1293 1463 1348 Unde
1490 1293 1628 1348 illud
1656 1293 1725 1348 de
1754 1294 1892 1347 Pro-

297 1380 504 1436 verbiis
529 1381 799 1451 sapientis
829 1398 842 1434 :
879 1401 906 1433 «
938 1383 1064 1436 Non
1095 1381 1544 1446 contristabitur,
1569 1382 1754 1453 inquit
1777 1383 1895 1452 jus-

297 1473 410 1533 tus,
448 1469 724 1540 quidquid
753 1469 805 1523 ei
834 1469 1114 1524 acciderit.
1144 1489 1169 1522 »
1211 1470 1342 1525 Ideo
1389 1475 1576 1525 autem
1618 1486 1726 1542 pax
1753 1470 1890 1536 haec,

296 1556 573 1612 Dominus
601 1556 825 1622 dicitur,
842 1557 976 1628 quia
997 1574 1110 1613 non
1131 1558 1240 1613 nisi
1265 1575 1366 1630 per
1393 1560 1516 1630 ejus
1531 1559 1774 1630 gratiam
1789 1572 1897 1630 pax

303 1643 466 1700 istius
486 1644 640 1698 modi
667 1644 974 1700 obtinetur.

2037 759 2169 814 Haec
2198 761 2346 814 enim
2377 761 2526 830 apud
2572 766 2894 814 sanctorum
2928 760 3148 814 animos
3177 765 3263 814 est
3297 758 3557 829 perfectas

1966 851 2118 918 pacis
2145 849 2460 914 concordia,
2493 849 2540 903 si
2569 849 2779 909 omnia,
2801 866 2926 920 quae
2953 849 3011 903 in
3039 848 3266 902 homine
3293 847 3562 911 sunt,sci-

1966 936 2098 992 licet
2125 937 2374 1008 spiritus,
2407 953 2605 992 sensus
2634 944 2691 992 et
2726 938 2966 1002 animus,
3011 938 3070 991 id
3115 937 3298 1008 ipsum
3337 952 3563 1008 semper

1970 1025 2240 1094 sentiant,
2270 1026 2374 1080 hoc
2403 1031 2487 1080 est
2533 1027 2590 1080 in
2628 1027 2880 1098 appetitu
2910 1027 3140 1097 superni
3167 1025 3301 1080 boni
3329 1025 3562 1080 indiffe-

1969 1116 2116 1170 renti
2144 1115 2478 1170 conveniant
2505 1115 2813 1171 voluntate.
2854 1115 2988 1180 Quaz
3014 1115 3207 1187 utique
3228 1114 3378 1186 pacis
3403 1131 3562 1171 sum-

1971 1220 2066 1257 ma
2089 1205 2264 1274 quaeri
2307 1204 2396 1259 hic
2426 1209 2628 1275 potest,
2658 1204 2756 1258 sed
2793 1204 3031 1258 inveniri
3068 1220 3427 1275 nequaquam
3461 1220 3565 1275 po-

1973 1298 2106 1348 test.
2140 1291 2497 1364 Concupiscit
2519 1293 2668 1347 enim
2697 1293 2788 1347 hic
2817 1309 2948 1347 caro
2976 1292 3243 1348 adversus
3279 1291 3566 1364 spiritum,

1975 1387 2034 1436 et
2060 1381 2291 1453 spiritus
2319 1381 2587 1436 adversus
2606 1397 2853 1444 carnem,
2883 1386 2947 1436 ut
2969 1397 3082 1436 non
3101 1397 3446 1454 quaecunque
3464 1397 3569 1437 nos

1976 1471 2252 1535 volumus,
2285 1470 2386 1524 illa
2413 1469 2703 1525 faciamus.
2736 1469 2954 1541 Quippe
2988 1476 3046 1525 et
3089 1470 3210 1542 ipse
3238 1472 3409 1526 etiam
3447 1489 3568 1528 ma-

1976 1576 2122 1630 gnus
2157 1559 2385 1625 Paulus,
2429 1559 2526 1630 qui
2572 1564 2768 1630 raptus
2809 1559 2869 1612 in
2899 1559 3128 1614 tertium
3150 1561 3350 1615 caelum
3388 1559 3574 1617 istius-

1979 1647 2132 1702 modi
2161 1647 2314 1719 pacis
2343 1647 2622 1719 primitias
2665 1646 3026 1713 delibaverat,
3078 1648 3263 1704 adhuc
3303 1649 3362 1704 in
3405 1666 3575 1706 carne

372 1734 584 1789 Secura
611 1734 814 1788 deinde
843 1740 931 1789 est
958 1735 1078 1790 hzec
1107 1751 1234 1807 pax,
1274 1735 1333 1789 in
1363 1752 1474 1807 qua
1503 1736 1654 1790 velut
1680 1735 1739 1790 in
1770 1751 1897 1790 arce
1915 1736 1962 1796 B
1979 1737 2187 1798 vivens,
2239 1737 2590 1808 aliquantula
2634 1737 2783 1808 apud
2814 1753 2874 1791 se
2903 1737 3212 1792 luctamina
3236 1737 3570 1805 sustinebat,

301 1823 550 1894 quadam
570 1839 729 1878 mens
749 1823 932 1894 posita
959 1823 1206 1878 adversa:
1229 1823 1630 1879 dominationis
1657 1829 1900 1879 terrores

301 1910 556 1982 despicit,
589 1911 772 1966 minas
796 1911 1038 1984 despuit,
1061 1913 1369 1967 contemnit
1388 1912 1672 1979 ferociam,
1700 1917 1758 1967 et
1786 1929 1904 1966 om-

302 2015 436 2056 nem
466 1999 695 2054 omnino
725 2001 1020 2056 contrariae
1065 2000 1411 2056 fortitudinis
1446 2002 1599 2055 velut
1639 2001 1904 2072 stipulam

304 2098 597 2166 computat
624 2094 960 2149 saevitatem.
991 2095 1074 2150 De
1106 2111 1218 2166 qua
1245 2093 1548 2149 securitate
1571 2093 1710 2148 illud
1744 2094 1904 2148 Salo-

310 2183 496 2238 monis
549 2183 932 2253 intelligitur:
973 2203 995 2235 ι
1028 2183 1223 2238 Justus
1279 2183 1439 2254 quasi
1488 2182 1576 2236 leo
1619 2182 1904 2236 confidens

307 2270 522 2343 absque
541 2276 760 2325 terrore
789 2271 912 2326 erit.
955 2290 978 2322 ι
1009 2271 1192 2342 Hujus
1222 2271 1372 2341 pacis
1402 2271 1702 2324 securitate
1728 2270 1905 2324 fretus

309 2365 453 2426 erat,
489 2359 584 2430 qui
610 2360 796 2414 dicere
824 2364 1047 2431 poterat
1077 2377 1089 2413 :
1128 2380 1150 2412 ι
1186 2359 1245 2414 Si
1273 2359 1582 2414 consistant
1609 2359 1906 2413 adversum

1981 1825 2229 1881 sentiens
2269 1825 2440 1881 aliam
2483 1825 2664 1896 legem
2701 1824 2760 1880 in
2791 1825 3059 1880 membris
3084 1825 3222 1890 suis,
3254 1843 3576 1897 repugnan-

1981 1919 2099 1969 tem
2127 1913 2238 1985 legi
2266 1913 2468 1969 mentis
2493 1931 2624 1978 suae,
2655 1918 2721 1968 ut
2743 1930 2856 1968 non
2886 1914 3036 1985 quod
3066 1914 3252 1978 vellet,
3302 1915 3407 1970 hoc
3443 1931 3578 1987 age-

1983 2008 2090 2070 ret,
2122 2003 2219 2057 sed
2251 2003 2398 2074 quod
2427 2003 2619 2070 nollet,
2651 2003 2857 2057 invitus
2887 2007 3256 2074 perpetraret.

2056 2091 2216 2155 Quod
2245 2091 2476 2162 pulchre
2505 2092 2748 2146 Joannes
2782 2091 2841 2146 in
2883 2091 3219 2163 Apocalypsi
3246 2097 3446 2148 notare
3482 2109 3581 2148 vo-

1985 2178 2112 2243 luit,
2143 2179 2278 2234 dum
2322 2179 2545 2250 scripsit
2583 2180 2716 2250 quia
2757 2199 2782 2232 ι
2818 2179 3029 2234 factum
3073 2185 3160 2235 est
3195 2180 3484 2236 silentium
3521 2181 3584 2238 in

1987 2267 2124 2320 coelo
2166 2266 2327 2338 quasi
2371 2267 2558 2321 media
2588 2267 2747 2321 hora.
2790 2286 2814 2317 ι
2847 2267 2907 2322 Si
2935 2268 3135 2323 caelum
3159 2268 3321 2323 sedes
3358 2269 3460 2324 Dei
3497 2273 3586 2325 est

1982 2355 2147 2425 juxta
2175 2355 2311 2409 illud
2344 2371 2356 2406 :
2387 2374 2411 2406 ε
2439 2355 2654 2410 Οωὶιιω
2686 2355 2824 2408 mihi
2854 2356 3015 2410 sedes
3035 2361 3139 2422 est,
3172 2357 3364 2412 anima
3391 2362 3585 2414 autem

309 2465 402 2503 me
431 2453 635 2511 castra,
668 2464 781 2502 non
808 2447 1030 2502 timebit
1052 2465 1150 2502 cor
1175 2464 1385 2513 meum,
1400 2455 1458 2502 et
1473 2447 1519 2502 si
1540 2448 1800 2517 insurgat
1814 2448 1908 2501 ad-
1983 2443 2124 2512 justi
2147 2461 2174 2496 ι
2206 2443 2511 2498 secundum
2539 2443 2885 2516 Scripturam
2903 2465 2924 2496 ι
2942 2446 3102 2500 sedes
3122 2451 3208 2500 est
3226 2447 3535 2518 sapientiai,
3551 2463 3581 2499 ι

309 2551 533 2591 versum
563 2552 653 2590 me
675 2537 947 2607 praelium,
976 2535 1036 2590 in
1055 2538 1162 2590 hoc
1189 2552 1292 2606 ego
1321 2534 1618 2606 sperabo.»
1639 2535 1723 2588 Ad
1739 2550 1908 2605 quam
1990 2530 2047 2584 id
2077 2537 2163 2585 est
2190 2532 2311 2596 Dei,
2343 2533 2477 2602 quid
2506 2533 2614 2587 erit
2643 2535 3076 2604 consequentius
3101 2551 3269 2606 quam
3298 2536 3434 2590 utin
3447 2535 3586 2590 cmlo

313 2624 466 2696 pacis
490 2624 849 2678 securitatem
880 2630 938 2679 et
979 2624 1180 2678 Petrus
1217 2623 1569 2694 respiciebat,
1601 2639 1727 2677 cum
1758 2623 1909 2676 dice-
1987 2619 2128 2688 justi
2162 2620 2407 2674 animam
2439 2621 2678 2692 intelligi
2707 2624 3072 2693 reputemus?
3104 2645 3128 2671 .‹
3158 2623 3457 2678 Silentium
3485 2624 3588 2695 igi-

315 2718 442 2767 ret:
481 2733 503 2763 ι
539 2713 676 2777 Quis
710 2719 814 2778 est,
847 2713 944 2783 qui
966 2713 1124 2766 vobis
1153 2719 1368 2771 noceat,
1393 2713 1439 2766 si
1468 2712 1599 2766 boni
1619 2711 1910 2766 aamulato-
1991 2713 2088 2761 tur
2117 2708 2276 2778 quasi
2304 2709 2537 2762 dimidia
2565 2710 2704 2763 hora
2734 2729 2760 2762 »
2802 2710 2860 2765 in
2890 2712 3027 2765 caalo
3070 2712 3318 2778 auditur,
3361 2712 3492 2783 quia
3527 2712 3588 2768 in

317 2817 408 2855 res
428 2801 645 2856 fueritis
664 2801 690 2854 ?
713 2820 738 2853 ν
774 2801 871 2856 Est
899 2801 1049 2855 enim
1084 2817 1243 2855 mens
1268 2801 1410 2870 justi
1437 2801 1590 2854 velut
1617 2799 1913 2854 sublimior
1993 2795 2184 2849 anima
2210 2795 2312 2849 viri
2342 2796 2520 2850 sancti
2543 2815 2567 2848 «
2600 2797 2852 2862 dimidia,
2887 2817 2916 2850 η
2943 2799 3047 2852 hoc
3074 2804 3178 2864 est,
3201 2815 3314 2853 non
3343 2799 3591 2870 perfecta

317 2906 452 2961 pars
480 2889 697 2954 mundi,
720 2906 843 2960 quae
872 2891 1010 2943 caelo
1030 2889 1304 2943 confinior
1332 2889 1390 2942 in
1413 2887 1618 2942 nubem
1635 2904 1746 2942 non
1767 2886 1914 2958 cogi-
1996 2899 2118 2936 esse
2149 2883 2238 2936 hic
2266 2883 2485 2954 requies
2504 2883 2770 2938 creditur.
2789 2885 2901 2938 Pax
2928 2902 3060 2955 ergo
3082 2886 3209 2950 ista,
3234 2886 3293 2940 in
3311 2887 3591 2958 quanulla

314 2984 430 3040 tur,
463 2979 521 3032 in
558 2983 950 3049 tempestatem
1000 2994 1114 3032 non
1158 2978 1365 3049 agitur,
1404 2993 1515 3031 non
1559 2981 1815 3031 versatur
1855 2975 1915 3030 in
1944 3045 1973 3049 Δ
1997 2977 2083 3025 est
2109 2971 2259 3026 inter
2285 2987 2510 3026 carnem
2538 2978 2596 3026 et
2622 2972 2883 3044 spiritum
2913 2975 3372 3044 repugnantia,in
3399 2975 3590 3032 futuro

319 3065 624 3129 turbinem,
667 3045 781 3120 non
829 3066 1092 3136 mugiunt
1128 3045 1220 3119 ibi
1240 3065 1510 3128 tonitrua,
1545 3081 1657 3119 non
1687 3045 1976 3120 saeviuntC
1999 3059 2160 3114 nobis
2215 3060 2566 3131 promittitur
2604 3062 2992 3125 condonanda,
3035 3063 3255 3118 dicente
3302 3063 3542 3119 Domino
3572 3087 3588 3122 :

319 3153 582 3220 fulmina,
627 3155 857 3209 ﬂamina
891 3171 1004 3208 non
1023 3155 1348 3225 jurgantur.
1379 3154 1470 3209 Sic
1500 3160 1558 3208 et
1576 3153 1773 3208 beatus
1802 3153 1920 3207 ani-

321 3260 470 3308 mus,
499 3245 662 3314 cujus
691 3243 1038 3298 conversatio
1087 3245 1147 3297 in
1193 3243 1348 3298 caelis
1394 3249 1504 3300 est.
1560 3243 1739 3297 Tanto
1768 3241 1916 3296 enim

319 3333 441 3405 jam
484 3333 707 3386 virtutis
759 3332 1004 3387 culmine
1049 3331 1342 3387 subvectus
1390 3331 1618 3397 eminet,
1659 3337 1724 3386 ut
1750 3330 1919 3385 nullis

321 3437 575 3492 unquam
607 3421 887 3475 minarum
917 3420 1249 3491 fragoribus,
1277 3419 1448 3475 nullis
1476 3427 1753 3475 terrorum
1783 3419 1923 3472 nim-

323 3510 410 3565 bis
442 3507 610 3582 [cod.,
646 3511 768 3578 Teg.
823 3508 1138 3579 imbribus],
1181 3509 1352 3564 nullis
1389 3508 1663 3563 bellorum
1703 3507 1924 3562 diluviis

325 3599 451 3668 ejus
481 3599 656 3670 possit
686 3598 924 3653 ﬁrmitas
952 3599 1196 3665 concuti,
1228 3598 1501 3654 serenitas
1529 3596 1924 3664 obnubi,tran-

327 3686 578 3758 quillitas
604 3685 944 3757 perturbari.

398 3775 656 3846 Denique
689 3775 938 3844 jucunda
966 3774 1086 3829 haec
1117 3791 1225 3844 pax
1255 3780 1357 3841 est,
1382 3792 1504 3846 qua;
1529 3774 1784 3828 videlicet
1812 3790 1922 3846 quo

328 3863 513 3934 magis
541 3863 613 3916 ad
643 3879 909 3934 prospera
953 3863 1307 3918 contrahitur
1335 3870 1392 3918 et
1431 3864 1502 3918 ad
1533 3863 1766 3917 adversa
1792 3879 1924 3934 pro-

329 3951 512 4007 fusius
558 3951 845 4013 dilatatur,
874 3951 1128 4022 gaudens
1166 3951 1226 4006 in
1272 3951 1513 4015 damnis,
1546 3953 1829 4006 exsultans
1866 3951 1926 4005 in

2004 3168 2028 3200 ι
2054 3149 2254 3202 Pacem
2285 3149 2537 3220 relinquo
2567 3149 2740 3213 vobis.
2781 3167 2974 3222 pacem
3020 3168 3205 3206 meam
3251 3152 3324 3207 do
3360 3151 3534 3208 vobis.
3563 3171 3588 3205 ι

2002 3237 2086 3291 Do
2115 3244 2304 3292 autem
2325 3255 2427 3309 pro
2447 3240 2583 3292 dabo
2611 3239 2820 3293 dictum
2852 3247 3074 3312 oportet
3099 3242 3380 3313 cognosci,
3399 3257 3596 3297 secun-

2002 3325 2138 3379 dum
2169 3342 2338 3397 quam
2378 3327 2617 3381 formam
2647 3327 2868 3383 dicendi
2896 3335 2954 3383 et
2979 3346 3171 3401 supra,
3216 3347 3345 3386 cum
3375 3330 3446 3385 de
3474 3329 3594 3385 ovi-

2002 3411 2108 3468 bus
2159 3415 2500 3486 loqueretur,
2550 3411 2850 3471 subnexuit
2880 3436 2898 3472 :
2936 3441 2953 3466 ι
2992 3419 3062 3473 Et
3087 3435 3190 3490 ego
3228 3419 3401 3474 vitam
3437 3424 3596 3474 teter-

2004 3519 2136 3557 nam
2175 3503 2247 3558 do
2275 3504 2377 3558 eis.
2418 3523 2446 3557 »
2479 3505 2737 3559 Christus
2766 3505 2957 3578 itaque
2993 3507 3162 3561 aliam
3189 3523 3381 3579 pacem
3406 3507 3598 3563 electis

2005 3591 2123 3646 suis
2153 3591 2422 3663 relinquit
2448 3593 2506 3648 in
2537 3593 2642 3647 hoc
2677 3595 2902 3657 sazculo,
2932 3600 2990 3650 et
3020 3596 3190 3650 aliam
3217 3596 3376 3651 dabit
3401 3595 3598 3668 procul

2005 3679 2175 3735 dubio
2205 3683 2261 3735 in
2279 3682 2490 3736 futuro.
2523 3683 2811 3754 Relinquit
2832 3684 2986 3738 illam
3009 3685 3273 3750 mediam,
3297 3702 3420 3757 quae
3430 3684 3602 3741 bono.

2004 3784 2133 3823 rum
2178 3775 2282 3837 est,
2335 3770 2496 3825 dabit
2538 3771 2684 3826 hanc
2712 3772 2959 3841 tertiam,
3007 3790 3180 3846 quam
3207 3791 3330 3830 esse
3359 3773 3602 3830 diximus

2004 3857 2318 3913 beatorum.

2083 3947 2316 4002 Mirifice
2344 3965 2476 4003 vero
2507 3965 2619 4004 non
2647 3949 2824 4017 illam,
2857 3967 3027 4021 quam
3065 3951 3155 4006 hic
3185 3952 3472 4024 relinquit,
3503 3953 3602 4008 sed

330 4040 614 4112 periculis,
648 4040 1001 4095 subsannans
1039 4041 1331 4112 supplicia,
1363 4040 1624 4095 deridens
1662 4045 1924 4094 mortem.
2009 4034 2155 4089 hanc
2189 4037 2674 4107 perfectissimam,
2709 4055 2878 4109 quam
2917 4045 3052 4094 tunc
3087 4039 3264 4108 dabit,
3309 4041 3605 4096 nominare

333 4129 497 4185 Unde
526 4134 754 4184 resonat
797 4145 898 4183 vox
939 4129 1036 4183 illa
1073 4129 1330 4200 gratiﬁca
1364 4145 1378 4183 :
1419 4147 1448 4180 α
1477 4130 1540 4184 In
1567 4128 1928 4184 tribulatione
2011 4140 2171 4178 suam
2200 4125 2376 4180 voluit
2415 4143 2427 4178 :
2477 4145 2501 4177 ε
2535 4126 2759 4192 Pacem,
2792 4127 2994 4198 inquit,
3044 4145 3228 4184 meam
3268 4129 3339 4184 do
3373 4128 3547 4185 vobis.
3576 4149 3602 4182 ι

334 4217 589 4271 dilatasti
615 4233 722 4270 me.
751 4235 778 4269 ν
812 4217 970 4271 Hanc
995 4217 1146 4289 pacis
1157 4217 1571 4288 jucunditatem
1592 4223 1648 4271 et
1668 4215 1932 4271 securita-
1950 4280 1990 4289 ﬁ
2013 4213 2176 4268 Nunc
2207 4213 2357 4268 enim
2384 4215 2484 4269 Dei
2513 4231 2726 4286 pacem,
2754 4215 2809 4269 id
2847 4227 2950 4283 est,
2983 4218 3206 4289 qualem
3235 4219 3385 4274 Deus
3412 4217 3602 4285 habet,

335 4309 450 4360 tem
485 4305 699 4376 pariter
723 4305 984 4375 exprimit
995 4280 1178 4359 .homo
1206 4304 1386 4359 bonus
1417 4305 1641 4360 dicens:
1664 4327 1690 4353 η
1718 4307 1844 4360 Νοη
1863 4304 1932 4358 ti-
1950 4280 1996 4338 ι)
2014 4302 2225 4356 habere
2264 4319 2378 4356 non
2405 4280 2724 4373 possumus;
2762 4304 2878 4375 qui.
2926 4280 3072 4361 έὶεἶιῐ
3119 4307 3470 4378 praemissum
3497 4280 3604 4375 est;

336 4393 518 4449 mebis
559 4392 957 4456 calamitatem,
991 4410 1118 4448 cum
1150 4393 1389 4461 venerit;
1420 4394 1477 4448 in
1507 4395 1651 4448 fame
1680 4400 1737 4449 et
1764 4392 1935 4447 vasti-

336 4487 459 4536 tate
483 4481 696 4536 ridebis
723 4489 780 4536 et
798 4482 1007 4537 bestias
1020 4490 1184 4537 terra;
1214 4499 1326 4537 non
1356 4483 1703 4542 formidabis.
1731 4483 1938 4537 etscies

340 4571 490 4642 quod
521 4587 715 4642 pacem
746 4571 952 4626 habeat
968 4571 1394 4627 tabernaculum
1415 4578 1594 4626 tuum.
1622 4592 1645 4623 ι
1676 4572 1721 4627 Ο
1745 4588 1938 4643 pacem

340 4659 759 4729 admirabilem,
792 4677 962 4730 quam
989 4666 1048 4714 et
1075 4661 1172 4731 qui
1201 4677 1312 4714 non
1343 4661 1529 4725 habet,
1563 4667 1693 4716 sunt
1725 4659 1937 4722 miseri,

342 4755 402 4804 et
434 4749 532 4820 qui
561 4749 789 4814 habent,
819 4749 919 4803 filii
952 4749 1053 4804 Dei
1085 4749 1716 4820 merenturnuncupari.
1736 4769 1762 4801 «
1785 4748 1943 4804 Beati

344 4838 496 4894 enim
530 4838 771 4908 pacifici,
803 4838 1068 4909 quoniam
1099 4838 1200 4892 filii
1229 4837 1330 4892 Dei
1359 4837 1736 4894 vocabuntur!
1774 4857 1797 4888 )

347 4927 483 4982 CAP.
535 4927 680 4983 XVI.
723 4953 788 4966 -
828 4929 902 4982 De
937 4943 1070 4996 pace
1109 4928 1392 4982 beatorum
1430 4928 1505 4981 ad
1538 4943 1594 4981 se
1632 4930 1771 4996 ipsos
1817 4931 1948 4982 tunc

1013 5016 1283 5071 habenda.

421 5101 788 5158 Vocabuntur
819 5108 1012 5160 autem
1039 5109 1174 5158 tunc
1201 5103 1303 5158 Dei
1324 5103 1444 5170 filii,
1466 5104 1691 5174 quando
1721 5103 1817 5158 illa
1837 5109 1952 5159 ter-

350 5190 434 5246 tia
464 5207 592 5262 pax,
618 5193 832 5248 scilicet
855 5192 1092 5248 rationis
1111 5196 1169 5248 et
1191 5192 1593 5260 sensualitatis,
1625 5192 1793 5249 beata
1819 5210 1952 5248 con-

352 5279 540 5335 sensio
589 5281 922 5352 prolucebit.
973 5280 1091 5337 Ista
1133 5297 1262 5354 pax,
1300 5281 1771 5354 quemadmodum
1812 5299 1956 5354 pra:-

351 5374 736 5426 monstratum
785 5376 890 5436 est,
933 5387 1046 5426 non
1093 5369 1354 5425 omnibus
1408 5369 1588 5434 bonis,
1642 5370 1739 5427 sed
1779 5371 1957 5426 beatis

353 5459 771 5522 tantummodo.
795 5459 854 5514 id
885 5465 989 5524 est,
1008 5460 1128 5530 jam
1156 5459 1226 5514 de
1255 5459 1465 5515 mundo
1493 5460 1756 5532 egressis,
1785 5459 1956 5516 ascri-

352 5545 530 5618 bitur,
545 5563 716 5624 quam
735 5548 818 5605 vir
838 5549 1029 5622 justus
1051 5549 1113 5609 in
1134 5553 1330 5608 monte
1356 5548 1588 5607 demum
1617 5565 1680 5607 se
1697 5565 1957 5608 consecu-

597 5648 871 5714 Punon.
913 5649 1032 5716 CL.

2016 4390 2194 4444 rixam
2221 4391 2521 4462 quamdam
2563 4392 2897 4448 intrinsecus
2925 4395 3286 4451 sustinemus.
3315 4397 3471 4452 Tunc
3507 4413 3610 4452 au-

2018 4486 2131 4534 tem
2165 4497 2323 4534 suam
2350 4497 2543 4552 pacem
2570 4481 2732 4536 nobis
2759 4482 2916 4537 dabit
2944 4485 3234 4551 Dominus,
3279 4503 3407 4541 cum
3445 4487 3505 4542 in
3533 4487 3612 4542 si-

2020 4570 2315 4624 millimam
2342 4569 2544 4624 divinae
2583 4570 2705 4642 paci
2745 4573 3099 4628 concordiam
3129 4590 3352 4646 corpus,
3383 4575 3616 4647 spiritus

2023 4666 2082 4714 et
2103 4659 2294 4714 anima
2323 4659 2740 4731 conspirabunt,
2773 4660 3030 4716 videlicet
3055 4668 3120 4716 ut
3141 4664 3618 4734 quemadmodum

2023 4750 2083 4804 in
2107 4749 2315 4803 deitate
2340 4754 2499 4803 tanta
2537 4766 2640 4820 pax
2668 4754 2773 4815 est,
2817 4749 2962 4804 sicut
3004 4751 3063 4805 in
3100 4752 3280 4807 initiis
3308 4754 3621 4824 praelibavi-

2027 4853 2174 4901 mus,
2199 4837 2347 4909 quod
2373 4837 2433 4892 in
2461 4837 2642 4891 tribus
2685 4853 2796 4892 una
2836 4837 3170 4908 substantia,
3204 4859 3317 4897 una
3341 4845 3615 4908 voluntas,

2031 4931 2089 4981 et
2115 4942 2230 4980 una
2265 4927 2490 4998 penitus
2536 4926 2723 4998 operis
2767 4927 3039 4983 adoratur
3081 4931 3408 4996 auctoritas,
3457 4933 3539 4988 ita
3566 4939 3626 4988 et

2034 5021 2152 5070 haec
2180 5015 2290 5069 tria
2317 5021 2474 5069 tanta
2521 5015 2628 5070 sibi
2664 5021 2800 5071 tunc
2840 5019 3142 5074 credantur
3185 5021 3337 5091 pacis
3377 5021 3626 5076 amicitia

2036 5104 2345 5175 conjugari,
2379 5111 2442 5160 ut
2468 5111 2672 5176 praeter
2696 5105 2818 5173 hoc,
2849 5108 2997 5179 quod
3024 5108 3192 5163 unius
3211 5109 3624 5179 quodammodo

2037 5199 2254 5248 naturae
2294 5192 2683 5265 intelligentur
2720 5196 2788 5267 [c.
2836 5197 2917 5263 T.,
2958 5196 3369 5267 quodammodo
3396 5199 3627 5255 nomine

2038 5279 2174 5356 int.]
2205 5282 2346 5344 ﬁeri,
2369 5282 2491 5354 ipso
2521 5283 2716 5357 utique
2743 5300 2974 5356 corpore
3003 5285 3062 5339 in
3086 5290 3350 5342 naturam
3369 5287 3625 5358 spiritus,

2039 5371 2185 5427 sicut
2211 5379 2442 5428 sanctus
2477 5372 2687 5428 Paulus
2719 5372 2938 5438 asserit,
2968 5372 3298 5441 transitura,
3328 5373 3480 5432 idem
3505 5393 3631 5434 om-

2038 5461 2170 5516 nino
2198 5467 2333 5518 tunc
2362 5461 2588 5534 sapiant
2630 5467 2687 5516 et
2722 5461 2871 5516 circa
2907 5459 3058 5516 idem
3085 5477 3308 5535 semper
3343 5480 3505 5538 opus,
3537 5481 3630 5522 su-

2036 5565 2226 5624 perne
2243 5550 2453 5609 scilicet
2481 5549 2662 5619 laudis
2688 5547 3027 5608 sacrificium
3053 5558 3417 5625 occupentur.

3316 5651 3391 5718 lii
