4056 6188
256 268 395 331 i618

1400 265 1495 319 DE
1531 263 1728 321 BONO
1767 265 1995 323 PACIS.
2036 296 2098 304 —
2141 266 2276 327 Lib.
2321 270 2392 322 ll.

3392 273 3531 330 1614

250 396 425 466 hujus
445 380 631 465 pravi
651 392 940 472 societatis
976 391 1162 472 fmdus
1193 390 1554 445 invitantium
1585 407 1595 441 :
1634 409 1657 439 «
1690 390 1850 472 Veni,
1871 391 2240 450 Amultitudo
2261 393 2649 453 ventilantium
2678 402 2750 449 te.
2780 416 2804 449 ι)
2824 396 2925 451 Ubi
2960 397 3225 452 subaudit
3247 397 3531 455 Romano-
3592 434 3605 443 κ

251 483 533 554 inquiunt,
567 482 693 535 veni
732 467 1044 541 nobiscum,
1066 467 1397 532 insidiemur
1421 476 1700 546 sanguini,
1734 468 1856 530 abs-

252 572 558 626 condamus
578 569 891 625 tendiculas
925 574 1121 622 contra
1151 567 1447 627 insontem,
1481 560 1856 634 deglutiamus

259 676 408 725 eum,
442 660 586 714 sicut
618 644 888 719 infernus,
938 657 1236 720 viventem,
1290 670 1512 708 omnem
1554 653 1855 724 pretiosam

260 748 634 803 substantiam
673 748 973 819 rapiemus,
1006 738 1361 816 implebimus
1411 742 1611 795 domus
1638 750 1859 797 nostras

259 837 479 908 spoliis.
511 838 732 891 Sortem
753 836 915 890 mitte
944 834 1253 890 nobiscum.
1286 831 1635 901 marsupium
1683 848 1859 886 unum

259 926 335 981 sit
358 926 613 981 omnium
642 931 913 980 nostrum.
957 944 979 975 ι

338 1015 471 1069 Haec
491 1015 903 1073 communicata
924 1014 1133 1068 scelera
1152 1000 1279 1070 ideo
1295 1004 1365 1067 ab
1382 1012 1464 1068 eis
1494 1010 1858 1068 committun-

258 1109 355 1158 tur
381 1104 671 1167 audacius,
697 1104 827 1174 quia
862 1120 971 1157 non
1005 1109 1093 1157 est
1124 1102 1375 1164 interim,
1400 1119 1511 1173 quo
1534 1101 1725 1173 judice
1753 1117 1861 1172 pu-

260 1192 509 1249 niantur.
534 1212 555 1243 ι
579 1192 722 1257 Quia
740 1192 993 1253 enim,ut
1030 1191 1113 1245 ait
1154 1178 1536 1257 Ecclesiastes,
1577 1207 1690 1244 non
1728 1206 1859 1261 pro-

259 1281 558 1336 ferturcito
578 1288 771 1335 contra
797 1266 974 1335 malos
1002 1286 1300 1346 sententia,
1337 1279 1461 1335 ideo
1505 1272 1716 1350 absque
1746 1270 1860 1334 ullo

261 1368 467 1424 timore
488 1370 587 1423 ﬁlii
607 1370 900 1424 hominum
921 1371 1249 1441 perpetrant
1275 1362 1441 1424 mala‘.
1477 1388 1499 1419 ι

336 1506 467 1568 σιμ.
498 1504 567 1566 ν.
595 1526 667 1553 εδ
696 1508 971 1581 Quomodo
990 1511 1235 1579 12.26pm
1252 1520 1351 1581 per
1377 1513 1784 1565 contumaciam

923 1597 1199 1667 ﬁrmetur.

1939 482 2063 531 rum
2088 478 2414 543 exercitu"),
2436 486 2543 535 non
2566 490 2793 554 propter
2808 484 3189 555 etigﬁitate'm.
3210 488 3312 541 sed
3338 490 3532 545 nume-

1940 568 2226 622 rositatem
2269 570 2402 639 [cod.
2424 573 2835 643 numerositati]
2868 574 3079 643 pulveri
3110 582 3525 646 comparatur”.

2014 656 2169 712 Sicut
2198 665 2385 711 autem
2401 660 2661 727 quaelibet
2683 660 3084 716 combustibilis
3106 665 3343 718 materia
3356 668 3535 736 majus

1941 738 2229 816 profundit
2257 744 2596 809 incendium,
2616 749 2663 802 si
2693 748 2813 803 tota
2832 751 3001 804 simul
3031 756 3198 821 quam
3229 753 3273 806 si
3303 750 3537 810 ditersis

1942 830 2195 905 partibus
2212 840 2504 891 exuratur:
2538 838 2618 891 sic
2638 842 2694 891 et
2714 839 2991 893 malorum
3025 836 3312 895 collectam
3342 842 3537 897 multi-

1940 922 2192 976 tudinem
2222 940 2286 977 eo
2314 925 2541 993 gravior
2569 925 2843 981 districtio
2868 924 2993 981 uret
3017 927 3074 982 in
3105 930 3395 1000 supplicio,
3426 940 3536 1002 quo

1942 1011 2126 1080 major
2147 1027 2269 1063 eam
2300 1024 2572 1066 numerus
2602 1018 2874 1068 memerat
2915 1015 2973 1069 in
3004 1017 3250 1087 peccato.
3283 1017 3424 1073 Inde
3453 1025 3541 1074 est

1941 1093 2130 1152 divina
2151 1100 2247 1153 illa
2268 1090 2633 1171 P’rzeCeptoris
2661 1104 2971 1161 Sententia:
3000 1126 3022 1156 ι
3047 1105 3306 1177 Colligite
3328 1108 3539 1162 mania

1942 1186 2000 1241 et
2028 1186 2197 1258 rigate
2219 1204 2285 1242 ea
2313 1188 2371 1242 in
2399 1182 2690 1245 fasciculos
2704 1191 2775 1245 ad
2794 1191 3255 1249 comburendum.
3290 1206 3324 1248 ν

1944 1330 2072 1385 Car.
2104 1328 2226 1386 VH.
2261 1356 2327 1372 -
2369 1334 2521 1400 Quod
2542 1336 2803 1389 adversus
2827 1336 2970 1391 hanc
2994 1354 3187 1405 pacem
3213 1356 3310 1394 nos
3330 1356 3539 1412 semper

1937 1436 1947 1445 ’
2392 1437 2499 1475 esse
2517 1429 2759 1490 oporteat
2778 1426 3099 1492 impacatos.

2012 1542 2149 1598 Ecce
2197 1550 2399 1627 “paceni
2438 1536 2664 1619 Egypti
2712 1546 2864 1602 vides
2918 1546 3253 1620 expOS‘ittttn‘i
3286 1557 3540 1625 qumte

1942 1633 2201 1704 persequi
2224 1638 2497 1705 oporteat,
2530 1646 2645 1690 no‘n’
2673 1630 2956 1707 amplecti.
2993 1636 3151 1694 Tunc
3176 1643 3327 1696 enim
3358 1636 3541 1699 Solam

334 1723 588 1795 Denique
616 1723 665 1777 si
690 1723 771 1776 vis
809 1723 951 1777 scire
977 1722 1217 1807 qualiter
1243 1712 1411 1810 han‘q
1418 1722 1717 1793 pessimam
1751 1739 1852 1792 pa-
1876 1716 2055 1802 BDeo
2087 1721 2196 1775 eris
2226 1722 2487 1792 paciﬁcus
2537 1736 2663 1805 cum
2697 1725 2967 1780 adversus
3020 1729 3163 1782 hanc
3200 1736 3397 1800 pac‘em
3421 1746 3544 1803 per-

261 1829 388 1867 cem
417 1813 607 1866 ﬁrmet
631 1812 1003 1869 contumacia.
1024 1812 1330 1866 Dominum
1359 1812 1540 1883 ipsum
1572 1810 1862 1865 dediaboli
1942 1810 2155 1865 stiteris
2180 1810 2510 1881 impa’catu‘s.
2537 1810 2665 1866 Haec
2688 1812 2773 1867 est
2794 1814 2940 1868 enim
2967 1826 3073 1885 pax
3100 1815 3214 1877 illa,
3235 1821 3543 1874 secundum

260 1917 499 1972 corpore
523 1900 724 1955 audias
748 1904 1182 1970 proponenter'n:
1224 1921 1246 1951 ι
1274 1901 1491 1969 Corpus
1523 1890 1673 1954 illius
1705 1900 1863 1971 quasi

262 1996 421 2044 scuta
443 1989 651 2044 insilia.
675 2009 697 2040 ι
714 1989 777 2043 In
799 1990 979 2043 scutis
996 1989 1117 2043 istis
1141 1978 1397 2044 fusilibus
1429 1986 1561 2059 quid
1591 1986 1743 2042 aliud
1760 1990 1867 2044 nisi

262 2078 631 2149 reprobarum
667 2074 940 2134 mentium
988 2068 1198 2132 duritia
1227 2066 1599 2149 designatur?
1638 2070 1717 2132 De
1758 2095 1871 2150 qua

268 2172 329 2222 et
348 2167 678 2222 lamentatio
702 2168 958 2222 Jereniiaa
994 2183 1106 2221 non
1143 2167 1321 2221 tacuit
1349 2156 1669 2221 ludaeorum
1694 2167 1869 2237 perti-

266 2257 486 2311 naciam
516 2257 573 2309 in
604 2256 864 2327 passione
893 2244 1119 2311 Domini
1149 2272 1468 2310 memorans
1508 2261 1566 2309 et
1609 2256 1870 2312 condem-

266 2362 413 2400 nam
442 2364 455 2399 :
494 2364 517 2397 ι
553 2332 720 2400 Dabis
748 2346 829 2400 eis
856 2354 1081 2400 scutum
1110 2334 1292 2399 cordis
1330 2340 1576 2399 laborem
1610 2350 1793 2398 tuum.
1842 2365 1865 2396 ι

270 2435 442 2489 Scuta
458 2441 647 2488 autem
664 2434 850 2489 fusilia
866 2433 922 2487 in
948 2422 1288 2504 excipiondis
1303 2431 1634 2501 sagittarum
1668 2426 1871 2487 ictibus

267 2520 503 2576 robusta
519 2527 669 2585 sunt,
694 2522 795 2576 sed
814 2538 948 2576 casu
963 2520 1217 2591 fragilia;
1251 2520 1385 2573 ictui
1416 2520 1641 2591 quidem
1664 2516 1870 2574 ferien-

267 2611 413 2665 tium
432 2610 662 2665 minime
676 2598 902 2673 cedunt,
923 2610 1020 2664 sed
1040 2626 1140 2664 suo
1181 2626 1241 2663 se
1260 2608 1418 2679 lapsu
1443 2626 1542 2678 per
1557 2604 1874 2679 fragmenta

270 2699 684 2754 comminuunt.
701 2701 916 2770 Corpus
935 2716 1070 2769 ergo
1090 2694 1297 2752 diaboli
1314 2688 1568 2750 collectio
1601 2702 1687 2750 est
1719 2697 1874 2767 pravi

269 2788 512 2851 concilii,
532 2776 669 2842 dum
693 2789 871 2842 malos
888 2805 989 2861 per
1014 2787 1445 2842 obstinationem
1465 2780 1635 2838 duros
1666 2784 1874 2855 sagitta

273 2876 450 2930 divini
481 2876 633 2930 verbi
662 2893 775 2931 non
798 2877 1025 2947 trajicit,
1046 2892 1185 2948 quos
1205 2881 1397 2928 tamen
1432 2872 1552 2927 vitae
1595 2870 1873 2944 fragilitas

271 2964 523 3035 quotidie
551 2963 777 3036 frangit.

1947 1900 2174 1954 modum
2209 1899 2541 1964 theoricum,
2587 1912 2759 1971 quam
2789 1900 3105 1958 S‘ichemitae
3136 1910 3263 1959 cum
3290 1907 3464 1961 Iacob
3487 1913 3546 1962 et

1950 1989 2098 2042 ﬁlius
2123 1991 2243 2058 ejus
2274 1990 2605 2043 contrahere
2636 1991 2937 2061 cupiebant
2968 2011 2978 2045 :
3011 2012 3035 2045 α
3060 1994 3544 2064 Negoticnmmn-

1952 2076 2169 2148 quiunt,
2197 2076 2251 2130 in
2279 2078 2452 2131 terra.
2471 2082 2527 2131 et
2553 2082 2848 2133 exerceant
2882 2088 3023 2134 eam.
3057 2082 3188 2152 quia
3216 2088 3461 2154 spatiosa
3488 2090 3546 2140 et

1951 2164 2068 2218 lata
2097 2160 2404 2220 cultoribus
2460 2166 2693 2236 indiget.
2754 2164 2924 2222 Filias
2966 2182 3164 2224 eorum
3208 2172 3546 2243 accipiemus

1950 2270 2171 2309 uxores.
2192 2254 2248 2307 et
2279 2258 2499 2308 nostras
2528 2252 2607 2309 illi
2641 2256 2918 2311 dabimus.
2956 2276 2981 2305 Ir
3012 2260 3123 2313 Sed
3160 2274 3271 2331 quo
3299 2264 3417 2317 telo
3440 2264 3548 2318 hi1-

1945 2342 2039 2410 jus
2068 2342 2221 2411 pacis
2253 2342 2461 2397 foedera
2489 2348 2676 2415 spreta
2698 2342 2830 2412 sint,
2862 2344 3063 2402 d‘iVinze
3089 2344 3349 2405 lectionis
3365 2352 3549 2406 scies-

1953 2428 2089 2483 tiam
2122 2436 2231 2483 non
2263 2432 2467 2509 eVadit.

2023 2516 2108 2572 ᾹΙ)
2142 2520 2305 2590 hujus
2333 2521 2485 2590 pacis
2515 2514 2809 2577 concordia
2838 2526 2894 2577 et
2943 2518 3041 2579 illa
3070 2540 3183 2581 non
3214 2527 3553 2585 abhorrebat

1954 2606 2218 2666 afﬁnitas,
2238 2623 2405 2677 quam
2436 2604 2726 2680 Josapliat,
2755 2626 2849 2666 rex
2869 2610 3033 2676 Juda,
3064 2626 3189 2669 cum
3220 2616 3391 2688 impio
3419 2626 3551 2689 rege

1954 2690 2145 2749 Achab
2166 2697 2455 2766 copulasse
2466 2692 2818 2753 describitur.
2842 2718 2865 2750 ι
2882 2701 3027 2767 Fuit,
3057 2701 3259 2773 inquit,
3281 2705 3553 2775 1088th

1955 2780 2107 2836 dives
2128 2787 2184 2837 et
2213 2783 2453 2854 inclytus
2474 2788 2733 2850 multum,
2753 2794 2811 2841 et
2828 2788 3101 2843 afﬁnitate
3122 2792 3455 2861 coniunctus
3467 2798 3554 2848 est

1956 2862 2174 2931 Achab.
2206 2872 2604 2944 descenditque
2634 2875 2705 2928 ad
2736 2890 2863 2929 eum
2892 2882 3019 2947 post
3047 2892 3224 2933 annos
3273 2881 3332 2934 in
3362 2882 3555 2936 Sama-

1956 2959 2118 3012 riam.
2158 2978 2184 3012 n
2218 2954 2323 3015 Pro
2355 2978 2465 3033 qua
2492 2970 2552 3015 re
2574 2979 2701 3017 eum
2744 2962 3012 3020 Dominus
3053 2968 3305 3038 increpat
3333 2982 3434 3040 per
3470 2968 3554 3025 vi-

344 3054 501 3108 Hanc
530 3014 732 3124 prav:
745 3053 979 3108 unitatis
1009 3051 1361 3107 concordiam
1386 3048 1659 3105 Dominus
1690 3047 1744 3102 in
1768 3046 1871 3102 Job
1890 3014 1934 3071 C
1957 3040 2183 3101 dentem
2214 3068 2225 3102 :
2267 3072 2292 3097 οι
2320 3014 2497 3122 Impia
2529 3050 2740 3123 praibes
2767 3050 3054 3115 auxiliuin,
3081 3059 3138 3110 et
3166 3014 3268 3122 bis,
3302 3014 3398 3129 qbi
3427 3060 3557 3114 ode-

274 3142 508 3205 notavit,
539 3159 669 3197 cum
694 3143 763 3196 de
792 3142 1098 3197 Leviathan
1128 3157 1228 3211 per
1256 3141 1497 3209 ﬁguram
1537 3138 1830 3211 pmposuit
1858 3156 1868 3190 :

282 3250 306 3282 ο
339 3230 595 3285 Membra
621 3232 875 3286 carnium
909 3233 1029 3300 ejus
1081 3228 1420 3284 cohaerentia
1456 3248 1476 3278 ι
1508 3227 1612 3280 sibi
1662 3226 1873 3280 Carnes

274 3320 556 3391 siquidem
602 3314 911 3374 Leviathan
939 3336 1135 3373 omnes
1165 3317 1434 3388 reprobos
1481 3314 1869 3385 intelligimus,

277 3425 421 3483 quos
453 3396 526 3463 ad
560 3409 905 3463 soliditatem
946 3407 1251 3478 spiritualis
1285 3405 1410 3460 vita:
1441 3416 1738 3473 assUrgere
1775 3420 1876 3473 per

276 3496 618 3552 desiderium
657 3514 771 3551 non
820 3497 1093 3551 videmus.
1128 3492 1382 3549 Membra
1440 3492 1690 3546 carnium
1722 3498 1873 3557 sunt,

278 3585 376 3655 qui
401 3586 611 3640 eisdem
644 3602 900 3656 perverse
922 3584 1239 3655 agentibus,
1274 3590 1330 3636 et
1349 3598 1409 3635 se
1435 3576 1507 3634 ad
1524 3579 1874 3651 iniquitatem

278 3674 721 3746 praecedentibus
746 3676 1185 3744 conjunguntur.
1216 3673 1361 3725 sicut
1389 3670 1561 3725 etiam
1600 3687 1699 3740 per
1731 3673 1877 3739 Apo-

279 3763 486 3817 stolum
515 3763 585 3816 de
622 3763 908 3817 Dominico
956 3779 1189 3833 corpore
1244 3762 1487 3815 dieitur:
1529 3779 1550 3810 ι
1602 3757 1715 3813 Vos
1745 3759 1879 3812 estis

282 3866 489 3921 corpus
511 3850 746 3914 Christi,
774 3854 833 3905 et
862 3851 1116 3904 membra
1145 3850 1213 3904 de
1243 3849 1520 3905 membro.
1560 3870 1584 3900 »
1617 3849 1699 3901 Ad
1739 3844 1882 3900 hanc

285 3939 682 3993 exsecrabilem
714 3956 907 4010 pacem
939 3939 1034 3993 illa
1065 3940 1309 4010 pertinet
1346 3937 1596 3991 amicitia
1625 3952 1792 4007 quam
1822 3936 1883 3988 in

282 4028 543 4097 passione
560 4029 732 4081 etiam
751 4029 999 4083 Herodes
1030 4044 1157 4081 cum
1190 4016 1369 4081 Pilato
1403 4026 1607 4095 legitur
1631 4023 1875 4077 inivisse.

1954 3140 2089 3190 runt
2118 3137 2435 3201 Dominum,
2461 3140 2708 3195 amicitia
2732 3139 3027 3212 jun‘geris?
3058 3158 3083 3194 ι
3116 3142 3244 3200 Non
3261 3148 3557 3203 enimcum

1955 3225 2276 3280 odientibus
2306 3218 2483 3281 Deum
2518 3226 2687 3283 ullius
2717 3232 2979 3286 amicitia:
3028 3230 3289 3288 habenda
3314 3240 3401 3290 est
3420 3248 3558 3291 con-

1955 3314 2164 3379 cordia,
2199 3317 2376 3386 magis
2405 3324 2592 3371 autem
2625 3320 3017 3390 opponendum
3046 3318 3254 3389 odium,
3284 3326 3557 3395 quemad-

1956 3402 2183 3455 modum
2216 3400 2452 3459 faciebat
2482 3404 2655 3462 Da‘vid
2707 3407 2895 3463 dicens
2928 3429 2938 3462 :
2990 3426 3015 3460 ι
3044 3408 3247 3466 Nonne
3292 3415 3389 3484 qui
3428 3414 3557 3469 ode-

1959 3496 2094 3544 runt
2110 3498 2182 3555 te,
2206 3489 2463 3556 Domine,
2490 3494 2717 3549 oderam
2732 3496 2875 3561 illos,
2900 3503 2956 3553 et
2976 3501 3411 3571 superinimiCos
3426 3508 3556 3558 tuos

1959 3579 2309 3634 tabescebam
2330 3578 2355 3635 7
2378 3580 2627 3637 Perfecto
2643 3582 2770 3637 o‘dio
2820 3585 3048 3641 oderam
3086 3587 3229 3654 illos,
3252 3592 3311 3643 ct
3340 3591 3555 3645 inimici

1960 3668 2091 3722 facti
2121 3675 2252 3723 sunt
2280 3670 2435 3723 mihi.
2467 3690 2489 3721 ι

2034 3754 2190 3810 Hanc
2214 3758 2403 3828 itaque
2429 3759 2796 3829 perniciosam
2848 3778 3041 3833 pacem
3088 3765 3279 3836 gladio
3318 3768 3472 3822 verbi
3499 3774 3559 3824 et

1962 3845 2161 3899 ardore
2190 3846 2360 3899 divini
2388 3848 2506 3911 zeli,
2526 3848 2844 3920 ubicunque
2862 3852 3109 3907 invenies
3129 3860 3184 3908 et
3205 3858 3434 3926 poteris,
3454 3870 3555 3928 pro

1962 3934 2046 3987 tui
2070 3934 2279 4003 gradus
2307 3934 2699 4006 oiﬁciodisjice
2731 3940 2787 3991 et
2811 3938 2985 3993 adure
3017 3945 3269 4012 excinplo
3297 3946 3555 4014 magistri

1962 4020 2045 4074 tui
2067 4024 2123 4075 et
2146 4022 2387 4083 Domini,
2415 4024 2529 4093 qui.
2550 4025 2694 4078 sicut
2716 4028 3109 4097 praemisimus,
3132 4031 3384 4100 gladium
3405 4034 3557 4087 venit

284 4116 428 4169 Nam
459 4122 514 4169 et
532 4116 667 4170 facti
686 4122 819 4171 sunt
844 4116 1011 4170 amici
1036 4116 1093 4170 in
1122 4114 1221 4170 illa
1247 4115 1356 4181 die,
1390 4130 1521 4168 cum
1562 4119 1731 4167 antea
1766 4112 1880 4166 irri-
1959 4110 2019 4163 in
2049 4116 2258 4163 terram
2290 4112 2531 4175 mittere,
2566 4126 2679 4183 quo
2704 4110 2868 4183 ilUjUS
2907 4117 3056 4185 pacis
3076 4116 3347 4187 ligamina
3378 4121 3554 4175 disco-

284 4204 417 4281 mici
439 4210 605 4259 erant
625 4205 692 4259 ad
732 4204 995 4261 invicem.
1039 4224 1061 4255 ι

1960 4198 2138 4263 irent;
2163 4197 2310 4269 quod
2332 4214 2461 4251 eum
2493 4214 2713 4271 quoque
2743 4199 3018 4256 facturum
3050 4204 3216 4276 longo
3247 4214 3378 4261 ante
3406 4213 3554 4262 tern-

286 4280 423 4349 CAP.
460 4293 551 4347 Vl.
585 4321 655 4333 —
693 4295 883 4362 Qualis
910 4294 1076 4362 huius
1089 4295 1243 4361 pacis
1263 4294 1334 4346 sit
1363 4293 1582 4359 fructus
1611 4294 1657 4343 et
1679 4292 1874 4343 exitus.
1963 4294 2097 4359 pore
2125 4286 2283 4340 testis
2312 4280 2669 4343 ﬁdelissimus
2699 4291 2941 4344 asseruit
2971 4292 3143 4347 isaias
3178 4314 3189 4347 :
3223 4310 3250 4347 α
3284 4297 3420 4350 Ecce
3441 4296 3553 4351 Do-

358 4381 519 4436 Hanc
534 4381 789 4436 eamdem
806 4382 1089 4453 sacrilegae
1109 4380 1262 4452 pacis
1285 4379 1553 4434 unionem
1573 4376 1749 4449 stupae
1765 4378 1881 4431 col-
1897 4364 1945 4426 Β
1966 4375 2153 4429 minus
2178 4374 2439 4430 ascendet
2462 4390 2630 4447 super
2650 4376 2857 4433 nubem
2890 4379 3085 4445 leVem,
3129 4388 3186 4436 et
3212 4383 3560 4454 ingredietur

286 4471 517 4525 iectitie
537 4470 681 4525 liber
702 4470 1121 4526 Ecclesiasticus
1139 4471 1453 4538 conﬁgurat
1484 4487 1495 4521 :
1523 4485 1549 4520 ι
1577 4466 1773 4537 Stupa.
1795 4465 1885 4519 in-

289 4560 439 4632 quit,
465 4559 698 4615 collecta
724 4576 1012 4631 synagoga
1039 4558 1409 4631 peccantium,
1443 4558 1500 4611 et
1528 4572 1886 4610 consumma-

287 4648 371 4702 tio
396 4648 623 4702 illorum
654 4649 882 4702 ﬂamma
911 4648 1076 4718 ignis.
1117 4667 1144 4701 io
1177 4640 1337 4707 Ecce,
1386 4646 1443 4699 in
1500 4662 1667 4716 quem
1716 4643 1887 4699 finem

289 4736 616 4808 porrigitur.
632 4743 689 4790 et
727 4753 894 4807 quem
926 4746 1177 4791 meretur
1200 4735 1444 4789 fructum
1465 4730 1762 4787 concordia
1798 4749 1890 4787 re-

290 4824 596 4897 proborum
621 4825 960 4881 lFlammam
981 4824 1235 4879 videlicet
1253 4823 1400 4894 ignis
1421 4821 1883 4893 inextinguibilis,

293 4918 354 4969 et
376 4919 493 4968 tam
519 4914 782 4968 immensi
824 4930 992 4985 quam
1030 4911 1404 4985 importabilis
1434 4908 1675 4966 incendii
1705 4910 1886 4965 ustio-

292 5020 446 5059 nem.
470 5005 599 5059 Non
618 5004 767 5060 enim
789 5010 969 5078 stupe:
990 5003 1401 5059 consummatio
1430 5000 1520 5057 hic
1557 5000 1627 5057 ad
1652 5017 1891 5073 peccan-

293 5094 440 5148 tinm
470 5093 731 5148 ardorem
762 5094 1118 5164 componitur
1143 5109 1243 5163 pro
1275 5088 1551 5146 tenuitate
1598 5096 1655 5145 et
1698 5106 1893 5144 evane-

295 5181 510 5237 scentia
536 5182 800 5247 incendii,
838 5170 937 5237 sed
968 5199 1067 5254 pro
1116 5181 1408 5236 velocitate
1460 5197 1525 5233 ac
1572 5179 1894 5249 integritate

296 5270 578 5342 supplicii,
612 5270 1087 5342 quemadmodum
1118 5276 1285 5341 stupa
1315 5268 1386 5323 ad
1415 5266 1695 5337 integrum
1729 5266 1895 5322 simul

298 5356 632 5415 etvelociter
645 5364 1053 5424 concrematur,
1070 5360 1233 5429 juxta
1267 5374 1435 5429 quem
1466 5356 1692 5409 modum
1714 5364 1897 5410 sermo

298 5446 437 5504 alibi
465 5434 607 5503 dicit
643 5448 1033 5520 propheticus:
1095 5465 1120 5499 α
1147 5440 1241 5501 Vae
1283 5444 1473 5501 Ariell
1508 5440 1678 5517 (Ariel
1707 5443 1899 5498 civitas

299 5541 395 5594 est
410 5537 937 5610 qliamexpugnavit
952 5530 1169 5608 David.)
1204 5534 1327 5597 Erit
1345 5535 1493 5589 sicut
1507 5528 1689 5605 pulvis
1715 5533 1902 5588 tenuis

1966 4462 2292 4535 Egyptum,
2317 4466 2373 4518 et
2404 4462 2775 4521 movebuntur
2789 4466 3089 4523 simulacra
3103 4471 3329 4543 Egypti
3356 4486 3391 4526 ει
3417 4473 3558 4528 facie

1968 4553 2110 4623 ejus,
2142 4556 2199 4606 et
2223 4569 2319 4606 cor
2344 4550 2567 4625 {Egypti
2598 4554 2844 4610 tabescet
2865 4557 2925 4610 in
2958 4558 3141 4612 medio
3167 4562 3306 4630 eius,
3340 4568 3399 4617 et
3424 4579 3559 4618 con-

1969 4652 2195 4695 currere
2221 4641 2423 4696 taciam
2442 4640 2732 4725 [Egyptios
2748 4646 3017 4701 adversus
3042 4646 3349 4720 Egyptios.
3385 4664 3417 4705 ν

2040 4784 2168 4838 Cap.
2204 4782 2513 4840 ναι-υτ
2532 4802 2665 4856 pace
2682 4790 3009 4859 Babylonia,
3034 4797 3086 4847 at
3110 4797 3354 4862 qualiter
3369 4812 3490 4853 eam

2538 4876 2711 4942 faciat
2732 4880 2979 4946 iustitia.

2042 4996 2241 5054 Pacem
2268 4992 2516 5072 Egypti,
2544 5000 2609 5055 ut
2633 4999 2710 5055 ab“
2733 5003 2951 5070 animis,
2976 5006 3055 5060 sic
3084 5018 3119 5061 a
3149 5009 3337 5063 verbis
3362 5010 3561 5064 amodo

1974 5088 2344 5153 seciudentes,
2390 5089 2464 5143 ad
2506 5090 3009 5148 considerationem
3060 5097 3219 5166 pacis
3241 5097 3561 5169 Babylonia

1976 5176 2283 5231 Veniamus.
2311 5176 2492 5247 Hujus
2522 5179 2675 5249 pacis
2713 5180 3095 5237 testimonium
3127 5196 3455 5255 expressum
3481 5191 3569 5242 est

1976 5266 2035 5319 in
2056 5264 2315 5331 Ieremia,
2368 5280 2478 5335 quo
2527 5266 2672 5322 filios
2716 5271 3229 5341 transmigrationis
3274 5273 3568 5330 admonuit

1979 5371 2081 5427 pro
2102 5366 2234 5425 pace
2294 5350 2615 5425 Babylonia!
2669 5354 2960 5427 deprecari
2987 5372 3003 5412 ε
3044 5378 3070 5410 «
3101 5360 3344 5425 Qum‘rﬂe
3370 5376 3569 5434 pacem

1982 5442 2240 5509 civitatis,
2272 5443 2347 5498 ad
2404 5456 2573 5516 quam
2626 5445 3033 5516 transmigrare
3052 5460 3153 5504 vos
3176 5451 3298 5516 feci,
3338 5459 3393 5507 et
3413 5458 3571 5509 orate

1982 5540 2084 5606 pro
2111 5540 2179 5590 ea
2208 5530 2282 5589 ad
2306 5524 2633 5603 Dominum,
2664 5530 2797 5605 quia
2837 5534 2904 5590 in
2946 5548 3082 5611 pace
3125 5537 3277 5596 illius
3333 5541 3446 5597 erit
3470 5556 3582 5615 pax
