4056 6188
577 324 724 383 1615

1903 311 2155 370 RUFINI
2194 310 2527 368 EPISCOPI

3712 315 3852 376 1616

573 449 748 505 vobis.
765 464 791 500 ι
808 447 982 516 Cujus
1008 443 1160 516 pacis
1188 446 1246 496 et
1269 440 1478 496 Paulus
1501 436 1759 494 meminit
1781 435 1852 492 ad
1867 434 2132 491 Hebraeos
2157 434 2413 495 :Asavit.
2441 435 2578 490 Inde
2596 441 2793 508 postea
2820 453 3012 493 rerum
3044 439 3398 510 cupiditates,
3418 440 3700 495 bonorum
3719 439 3849 496 libi-

579 558 603 589 α
626 539 827 592 Pacem
849 532 1151 605 sequimini
1179 548 1307 585 cum
1337 528 1613 584 omnibus.
1653 549 1676 576 1

643 625 897 695 Denique
927 619 1187 692 exigenti,
1225 618 1468 688 qualiter
1512 617 1657 670 hanc
1710 632 1904 686 pacem
1944 613 2166 684 justitia

570 714 757 781 faciat,
776 729 904 768 cum
927 726 1071 771 eam,
1087 709 1234 763 sicut
1248 706 1595 778 praelibatum
1623 710 1726 770 est,
1762 703 2004 758 mundus
2026 719 2160 757 con-

568 802 741 865 ciliet,
768 799 991 872 justitia
1017 814 1146 852 vero
1176 795 1476 850 virtutibus
1503 793 1762 864 applicet,
1781 792 1918 846 satis
1937 791 2164 846 dabitur

568 891 628 946 in
657 891 807 945 hunc
835 887 1063 942 modum
1089 905 1102 953 ;
1143 885 1292 956 quod
1338 882 1595 937 videlicet
1625 881 1906 952 justitiam
1937 881 2025 934 hic
2049 897 2161 935 non

569 990 688 1036 tam
716 978 962 1033 divinam
986 981 1088 1030 aut
1112 973 1397 1046 politicam
1414 987 1583 1042 quam
1609 970 1923 1025 naturalem
1941 975 2162 1040 oportet

569 1067 830 1138 intelligi,
863 1082 986 1138 quae
1007 1064 1117 1118 alio
1131 1061 1358 1117 nomine
1385 1059 1620 1130 aequitas
1645 1058 1986 1113 nominatur.
2031 1059 2160 1112 Haec

569 1174 766 1214 omnes
785 1155 1043 1210 homines
1068 1169 1134 1207 ex
1161 1167 1275 1205 uno
1307 1154 1540 1220 parente
1582 1155 1744 1202 natos
1783 1164 2036 1211 cernens,
2077 1147 2158 1200 eis

566 1247 721 1303 velut
746 1243 1030 1318 germanis
1058 1240 1311 1296 omnium
1353 1254 1543 1292 rerum
1586 1253 1750 1291 usum
1799 1253 2155 1291 communem

565 1336 786 1404 statuit,
810 1347 1168 1389 communem
1198 1327 1501 1400 quamdam
1531 1326 1762 1380 domum
1788 1325 2050 1380 omnibus
2071 1327 2159 1381 his

565 1425 873 1481 decernens
889 1419 1084 1476 mundi
1109 1419 1277 1489 hujus
1299 1414 1766 1487 speciosissimam
1785 1413 2156 1482 mansionem,

565 1514 636 1570 de
664 1529 777 1586 qua
812 1511 1088 1582 propheta
1110 1506 1397 1577 loquitur:
1436 1525 1457 1554 ι
1495 1503 1541 1558 O
1562 1503 1734 1558 Israel
1766 1519 1934 1574 quam
1953 1519 2157 1573 magna

562 1609 651 1662 est
681 1603 883 1657 domus
913 1597 1135 1655 Domini
1202 1601 1259 1649 et
1321 1594 1518 1664 ingens
1574 1593 1728 1647 locus
1791 1593 2160 1664 possessionis

563 1694 719 1765 ejus!
760 1711 783 1743 ι
815 1691 1020 1759 Magna
1050 1685 1240 1751 nimis,
1274 1683 1394 1737 sine
1448 1680 1638 1741 dubio.
1672 1687 1758 1735 est
1785 1681 1987 1736 domus
2024 1682 2153 1749 ista,

2246 523 2424 586 dines,
2447 525 2834 580 contentiones
2885 532 2943 581 et
2981 528 3194 598 jurgia,
3248 527 3635 600 bellorumque
3665 536 3848 584 certa-

2245 613 2400 666 mina
2433 615 2778 684 prodierunt,
2799 632 2920 686 quae
2946 617 3142 688 utique
3167 618 3442 672 malorum
3475 619 3596 672 lues
3629 618 3843 689 expiari

2245 717 2534 772 nunquam
2564 704 2788 774 poterit,
2818 705 2928 758 nisi
2951 705 3256 777 aliquando
3276 707 3334 760 in
3355 707 3620 760 humanis
3653 712 3845 778 pecto-

2243 789 2399 844 ribus
2429 792 2534 845 hac
2559 792 2961 847 rescintillante
2983 794 3207 863 justitia
3256 795 3327 848 ad
3379 795 3704 865 quamdam,
3737 795 3842 849 etsi

2243 895 2354 934 non
2367 879 2642 951 integram
2651 920 2664 947 ,
2673 882 2876 936 veteris
2888 883 3307 937 communitatis
3319 884 3562 954 gratiam
3578 884 3845 938 redeatur

2241 979 2306 1022 ut
2324 974 2480 1039 puta,
2502 969 2603 1040 [ut,
2627 969 2745 1041 qui]
2787 970 2997 1025 inimici
3024 977 3189 1026 erant
3215 972 3286 1026 ad
3315 972 3575 1040 invicem,
3615 973 3712 1043 qui
3749 989 3841 1028 re-

2241 1055 2432 1122 belles,
2459 1058 2554 1129 qui
2570 1058 2778 1124 hostes,
2801 1060 2896 1129 qui
2913 1059 3051 1114 nihil
3071 1077 3319 1131 unquam
3340 1061 3410 1115 de
3437 1061 3683 1116 terrenis
3713 1077 3841 1115 con-

2240 1146 2486 1200 corditer
2506 1148 2872 1218 possederunt
2895 1150 3015 1218 jam
3045 1149 3464 1220 subpullulante
3492 1149 3553 1203 in
3580 1149 3663 1204 eis
3682 1154 3839 1204 natu-

2238 1234 2371 1288 ralis
2393 1236 2628 1305 justitiae
2655 1237 2919 1307 aequitate
2968 1237 3241 1292 misceant
3283 1238 3524 1303 animos,
3563 1237 3839 1292 amicitias

2241 1328 2300 1377 et
2317 1323 2622 1379 afﬁnitates
2646 1327 2910 1397 jungant,
2944 1327 3200 1396 quamvis
3218 1327 3483 1398 alloquiis
3501 1332 3559 1382 et
3586 1325 3836 1381 moribus

2238 1428 2351 1466 non
2381 1413 2652 1484 incipiant
2681 1415 3071 1471 communibus
3094 1417 3282 1486 potiri.

2313 1500 2457 1556 Huic
2487 1508 2646 1556 tanto
2666 1502 2831 1570 bono,
2851 1504 3002 1575 quod
3021 1505 3294 1558 naturalis
3302 1503 3528 1574 justitia
3546 1511 3829 1575 operatur,

2239 1590 2484 1645 nilaliud
2505 1591 2730 1662 dignius
2751 1609 2920 1663 quam
2943 1609 3148 1647 nomen
3163 1594 3314 1664 pacis
3333 1594 3834 1664 aptabimus,dum-

2238 1679 2404 1733 modo
2428 1679 2518 1733 hic
2545 1696 2658 1734 non
2711 1697 2906 1752 pacem
2954 1683 3287 1749 Jerusalem,
3318 1683 3488 1753 quod.
3529 1682 3680 1736 sicut
3716 1690 3830 1736 tra-

558 1799 682 1855 quae
711 1779 911 1834 divites
939 1777 1108 1831 simul
1139 1779 1194 1828 et
1218 1787 1511 1844 pauperes,
1545 1769 1758 1824 nobiles
1785 1786 1911 1824 cum
1942 1770 2154 1840 ignobi-
2177 1781 2216 1842 Β
2236 1768 2502 1822 ctandum
2531 1774 2725 1836 restat,
2758 1769 3066 1841 majoribus
3091 1770 3332 1825 exsultat
3360 1770 3601 1837 meritis,
3621 1772 3720 1825 sed
3743 1787 3834 1841 pa-

555 1871 721 1936 libus,
740 1884 903 1924 senes
929 1882 1057 1921 cum
1082 1860 1401 1934 junioribus
1418 1859 1546 1914 sinu
1565 1859 1928 1929 capacissima
1943 1859 2154 1930 colligit

555 1965 615 2015 et
643 1956 942 2014 concludit.

625 2048 805 2113 Quam
836 2046 1098 2099 decorum
1123 2039 1295 2094 habet
1315 2038 1432 2091 haec
1462 2035 1664 2090 domus
1692 2035 2142 2102 fundamentum,

549 2144 715 2193 terra;
744 2134 941 2204 utique
969 2128 1345 2200 superﬁciem,
1379 2123 1650 2188 candidis,
1684 2124 2000 2194 purpureis,
2041 2140 2145 2178 au-

546 2225 678 2289 reis,
709 2220 978 2294 puniceis,
999 2224 1058 2273 et
1074 2217 1314 2299 aliorum
1345 2214 1497 2268 mille
1525 2212 1776 2266 colorum
1805 2212 2038 2267 floribus
2060 2213 2144 2266 lo-

546 2311 813 2368 ricatam!
845 2309 1025 2374 Quam
1075 2302 1516 2376 pulcherrimum
1556 2299 1724 2354 habet
1751 2304 1982 2365 tectum,
2016 2301 2141 2355 coeli

542 2401 754 2458 scilicet
772 2397 992 2460 faciem,
1013 2393 1306 2448 stellarum
1334 2389 1519 2444 choris
1557 2389 1710 2442 velut
1726 2388 2026 2458 gemmatis
2056 2390 2139 2443 la-

541 2489 792 2563 queariis
819 2486 1200 2556 obfulgentem
1222 2483 1232 2534 ε
1258 2481 1324 2535 In
1343 2480 1451 2533 hac
1470 2478 1636 2532 domo
1648 2483 1861 2546 quanta
1881 2493 1946 2532 ex
1975 2478 2140 2533 arbu-

541 2580 644 2636 stis
665 2583 721 2634 et
738 2574 985 2632 fontibus
996 2571 1105 2626 cibi
1126 2577 1400 2642 potusque
1420 2566 1698 2621 habentur
1713 2567 2099 2637 promptuaria
2121 2570 2133 2622 ἔ

540 2673 764 2742 quantae
793 2681 860 2719 ex
889 2661 1025 2733 ipsis
1075 2664 1132 2713 et
1180 2656 1412 2711 ﬂoribus
1442 2660 1498 2709 et
1527 2653 1713 2708 herbis
1743 2654 2135 2708 odoraminum

535 2751 974 2830 myrrhothecee!
1022 2750 1086 2804 1n
1134 2747 1238 2800 hac
1266 2746 1433 2798 domo
1480 2760 1579 2814 per
1615 2749 1835 2814 noctem
1874 2743 2138 2814 splendor

533 2848 684 2903 luna:
713 2861 814 2917 pro
843 2843 1074 2897 lucerna
1102 2841 1206 2900 est,
1257 2839 1314 2888 et
1343 2849 1444 2904 per
1493 2831 1641 2886 diem
1673 2832 1825 2885 calor
1860 2832 1992 2886 solis
2030 2849 2130 2902 pro

529 2936 962 3008 hypocaumate,
993 2927 1089 2981 illo
1113 2922 1370 2978 videlicet
1389 2919 1677 2984 aestuario,
1716 2920 1864 3008 quod
1893 2919 2128 2975 hiberno

2234 1871 2375 1916 cem,
2397 1857 2466 1910 de
2485 1874 2594 1928 qua
2606 1859 2876 1929 cepimus
2912 1875 3100 1930 agere,
3119 1876 3313 1930 pacem
3347 1858 3558 1913 scilicet
3590 1859 3830 1930 Babylo-

2231 1944 2339 1998 niae
2352 1959 2678 2016 reputemus
2707 1954 3095 2003 memoratam.
3126 1949 3458 2019 Quanquam
3490 1947 3600 2001 dici
3623 1949 3824 2012 valeat,

2229 2033 2472 2088 divinam
2489 2035 3187 2106 quodammodojustitiam
3209 2053 3403 2107 pacem
3426 2036 3825 2108 Babylonicam

2227 2123 2470 2193 operari,
2497 2123 2542 2178 si
2570 2124 2847 2190 advertas,
2877 2141 3071 2179 omnes
3094 2125 3350 2180 homines
3371 2126 3630 2196 ejusdem
3654 2141 3828 2196 gene-

2225 2209 2304 2264 ris
2323 2227 2444 2266 esse
2472 2229 2585 2266 non
2609 2219 2832 2268 tantum
2861 2231 2960 2284 per
2979 2213 3161 2268 carnis
3180 2215 3382 2284 legem,
3405 2215 3503 2269 sed
3532 2215 3708 2269 etiam
3729 2230 3826 2285 per

2224 2299 2326 2354 Dei
2373 2300 2824 2356 similitudinem.
2869 2320 2894 2353 «ι
2927 2303 3110 2374 Ipsius
3157 2303 3326 2369 enim,
3366 2303 3554 2374 inquit
3591 2305 3819 2367 Aratus,

2197 2394 2201 2400 ‘
2222 2387 2398 2459 ipsius
2422 2395 2479 2443 et
2503 2406 2683 2460 genus
2710 2407 2924 2446 sumus.
2942 2392 3132 2446 Genus
3147 2408 3281 2463 ergo
3305 2409 3431 2447 cum
3448 2393 3630 2446 simus
3649 2393 3768 2456 Dei,
3798 2411 3819 2441 ι

2221 2483 2278 2530 et
2307 2477 2654 2533 nobilissima
2681 2479 2781 2534 Dei
2801 2479 3050 2550 imagine
3078 2497 3274 2535 omnes
3303 2481 3518 2552 pariter
3546 2481 3823 2552 exemple~

2221 2582 2365 2631 mur,
2404 2567 2499 2637 qui
2527 2574 2687 2621 tanta
2717 2569 2948 2623 unimur
2974 2569 3362 2632 similitudine,
3387 2569 3544 2624 nulla
3568 2586 3819 2640 unquam

2219 2660 2414 2708 contra
2445 2656 2680 2711 invicem
2708 2657 3038 2712 deberemus
3070 2659 3304 2712 rixantis
3325 2659 3496 2712 animi
3527 2658 3818 2713 dissimili-

2217 2742 2416 2796 tudine
2436 2742 2680 2808 obviare,
2701 2746 3177 2814 quemadmodum
3194 2751 3252 2800 et
3272 2762 3402 2800 aves
3440 2747 3698 2817 ejusdem
3718 2763 3818 2816 ge-

2216 2830 2367 2884 neris
2396 2831 2592 2886 amicae
2619 2831 2723 2886 sibi
2753 2841 2904 2898 sunt,
2932 2833 3151 2888 hostilis
3178 2833 3329 2888 inter
3369 2852 3430 2889 se
3460 2834 3576 2889 odii
3606 2835 3817 2888 discoro

2211 2919 2361 2973 diam
2391 2921 2722 2975 nescientes.
2742 2941 2768 2974 α
2801 2922 3063 2976 Volatilia
3095 2942 3120 2973 »
3156 2923 3486 2989 enim,sicut
3523 2922 3812 2977 Proverbii

528 3007 785 3095 tempore
817 3013 1210 3074 anhelantibus
1250 3008 1566 3065 consuescit
1592 3007 1817 3078 ignibus
1845 3009 2122 3079 vaporari.
2210 3007 2485 3078 scriptum
2513 3010 2777 3080 vulgavit,
2816 3029 2838 3060 ι
2871 3010 2944 3064 ad
2972 3010 3297 3064 similiasibi
3322 3012 3735 3070 conveniunt.»

530 3115 596 3170 In
623 3113 729 3167 hac
753 3111 921 3164 domo
949 3121 1049 3177 pro
1070 3099 1290 3156 lectulis
1302 3100 1410 3153 tori
1439 3097 2122 3167 sternunturgraminum,
2149 3097 2194 3155 ϐ
2284 3097 2444 3160 Quod
2472 3098 2519 3152 si
2549 3098 2651 3152 tibi
2681 3115 2782 3168 per
2809 3099 2911 3152 has
2934 3099 3179 3154 rationes
3194 3097 3398 3172 [haud]
3421 3101 3670 3156 aestimes
3684 3119 3811 3173 per-

527 3208 587 3259 et
603 3218 704 3274 pro
719 3195 1148 3254 vernacularum
1162 3187 1444 3259 obsequiis
1457 3191 1829 3257 spontaneum
1846 3185 2126 3240 elementa

527 3292 774 3348 offerunt
810 3283 1162 3340 famulatum.

597 3379 689 3435 Sic
738 3382 928 3432 autem
976 3372 1175 3426 domus
1215 3367 1324 3422 ista
1368 3362 1684 3420 communis
1721 3367 1808 3416 est
1843 3361 2119 3424 omnibus,

524 3470 673 3526 sicut
689 3468 976 3536 ingressus
990 3466 1047 3514 et
1063 3473 1322 3529 egressus
1351 3453 1421 3508 ab
1449 3452 1910 3524 ipsaindill‘erens
1939 3451 2123 3505 omni-

523 3559 629 3614 bus
657 3553 970 3615 exhibetur,
1003 3543 1477 3619 quemadmodum
1510 3540 1746 3610 Sapiens
1791 3540 2126 3594 monstravit

523 3647 716 3702 dicens
749 3661 761 3696 :
799 3662 822 3693 ι
855 3641 990 3695 Sum
1021 3635 1245 3706 quidem
1273 3637 1331 3686 et
1353 3648 1458 3701 ego
1480 3629 1733 3683 mortalis
1763 3629 1948 3691 homo,
1971 3629 2127 3682 simi-

522 3735 594 3790 lis
623 3730 901 3791 omnibus,
930 3743 995 3780 ex
1024 3737 1230 3794 genere
1262 3727 1486 3773 terreno
1526 3718 1694 3780 illius,
1731 3717 1826 3787 qui
1859 3717 2010 3788 prior
2041 3717 2124 3771 fa-

523 3829 648 3879 ctus
675 3825 783 3884 est,
812 3822 866 3872 et
891 3815 949 3868 in
986 3817 1179 3872 ventre
1222 3807 1417 3863 matris
1465 3808 1739 3877 ﬁguratus
1794 3822 1920 3859 sum
1951 3823 2118 3873 caro;

522 3914 718 3968 decem
764 3904 1044 3962 mensium
1093 3909 1345 3971 tempore
1377 3895 1706 3967 coagulatus
1745 3911 1871 3949 sum
1901 3895 1959 3948 in
1989 3912 2121 3950 san-

521 4001 694 4075 guine
713 4014 780 4052 ex
802 3993 1017 4051 semine
1035 3988 1302 4052 hominis,
1333 3991 1390 4041 et
1417 4001 1520 4055 ego
1549 3990 1716 4039 natus
1744 3984 1932 4054 accepi
1959 4000 2115 4038 com-

523 4072 754 4146 munem
783 4098 992 4144 aerem,
1015 4085 1072 4134 et
1093 4079 1151 4132 in
1171 4076 1432 4132 similiter
1458 4074 1664 4128 factam
1684 4072 1864 4128 decidi
1879 4081 2108 4140 terram,

523 4185 582 4236 et
610 4177 849 4250 primam
875 4186 1067 4225 vocem
1095 4165 1333 4222 similem
1360 4161 1619 4218 omnibus
1647 4161 1809 4216 emisi
1851 4162 2103 4232 plorans.

520 4249 700 4324 Nemo
730 4263 880 4318 enim
910 4277 976 4314 ex
1001 4256 1226 4327 regibus
1266 4251 1420 4307 aliud
1448 4250 1648 4306 habuit
1675 4249 1984 4304 nativitatis
2011 4251 2114 4304 ini-

2206 3201 2456 3248 suasum.
2487 3203 2680 3257 pacem
2710 3188 2854 3241 hanc
2883 3204 2983 3258 per
3006 3188 3287 3258 justitiam
3315 3188 3479 3254 effici,
3503 3206 3680 3260 super
3706 3191 3811 3246 hoc

2209 3274 2408 3328 saltem
2439 3281 2774 3344 argumenta
2796 3275 3146 3330 satisfaciant
3177 3276 3622 3348 Scripturarum.
3663 3279 3810 3334 Dicit

2209 3362 2358 3415 enim
2379 3364 2778 3434 prophetarum
2799 3363 3176 3419 nobilissimus
3214 3383 3227 3419 :
3264 3383 3291 3416 ι(
3325 3364 3450 3419 Erit
3476 3383 3623 3437 opus
3646 3369 3809 3437 justi-

2206 3450 2298 3504 tia:
2313 3468 2438 3520 pax,
2454 3458 2512 3505 et
2530 3453 2713 3506 cultus
2734 3453 2970 3522 justitia;
2990 3453 3295 3508 silentium.
3327 3478 3346 3500 ι
3373 3454 3441 3508 Et
3463 3455 3664 3518 David,
3679 3473 3805 3511 cum

2205 3539 2274 3593 de
2302 3540 2587 3595 nascituro
2605 3541 2726 3595 caeli
2760 3542 2910 3612 Rege
2941 3542 3136 3596 laudes
3171 3550 3532 3613 proponeret.
3552 3544 3804 3601 dicturus

2207 3627 2276 3681 de
2297 3645 2431 3698 pace
2453 3646 2622 3700 quam
2653 3629 2710 3683 in
2731 3631 2974 3684 adventu
3005 3631 3128 3700 ejus
3163 3631 3405 3685 mundus
3445 3632 3657 3688 habere
3689 3651 3803 3688 me-

2207 3717 2340 3783 ruit,
2363 3718 2432 3771 de
2455 3717 2678 3787 justitia
2698 3719 2850 3772 velut
2892 3720 3013 3788 ejus
3057 3735 3224 3773 causa
3255 3725 3386 3773 ante
3416 3723 3692 3790 praemisit
3715 3723 3799 3776 di-

2205 3821 2336 3858 cens
2367 3827 2380 3862 :
2412 3825 2433 3856 (
2471 3806 2700 3860 Orietur
2725 3806 2782 3859 in
2813 3807 3010 3860 diebus
3031 3808 3152 3877 ejus
3199 3808 3437 3877 justitia.
3473 3829 3498 3860 ι
3530 3810 3674 3864 Dein
3711 3829 3799 3865 se-

2204 3893 2398 3964 quitur
2428 3911 2439 3947 :
2478 3911 2505 3946 ι
2530 3893 2599 3948 Et
2623 3893 2969 3949 abundantia
2995 3894 3166 3965 pacis.
3200 3913 3228 3948 ι
3251 3898 3395 3951 Item
3421 3896 3593 3951 alibi:
3625 3919 3653 3950 ι
3671 3899 3796 3954 Jus-

2201 3981 2327 4036 titia
2363 3987 2420 4036 et
2447 3998 2554 4053 pax
2580 3982 2883 4054 complexa:
2908 3988 3042 4036 sunt
3066 3999 3147 4037 se.
3173 4002 3200 4036 ν

2195 4125 2322 4180 CAP.
2357 4124 2449 4179 IX.
2491 4153 2553 4165 —
2595 4126 2719 4192 Qua
2741 4127 2812 4178 sit
2837 4125 3179 4186 humanitas,
3207 4141 3397 4195 pacem
3426 4130 3596 4183 istam
3617 4133 3786 4185 alens.

2265 4247 2608 4303 Humanitas
2627 4254 2838 4314 autem,
2861 4265 2974 4320 qua
2993 4250 3108 4304 haec
3124 4249 3443 4322 Babyloniae
3474 4268 3584 4322 pax
3597 4253 3786 4314 alitur,

519 4358 680 4414 tium.
716 4354 873 4409 Unus
925 4363 1057 4418 ergo
1103 4342 1369 4398 introitus
1412 4346 1498 4394 est
1527 4339 1599 4393 ad
1628 4338 1799 4392 vitam
1829 4344 1886 4392 et
1914 4338 2174 4421 similisD
2199 4337 2454 4409 quaedam
2476 4339 2850 4392 humanarum
2871 4338 3266 4392 necessitatum
3279 4339 3542 4394 collativa
3556 4341 3790 4398 subven-

522 4447 722 4504 exitus.
752 4463 776 4492 ι
809 4437 959 4497 Nudi
996 4434 1145 4490 enim
1198 4447 1394 4485 omnes
1438 4427 1740 4493 nascimur,
1783 4425 1917 4482 nudi
1947 4428 2114 4481 mori-

523 4551 680 4600 mur;
700 4528 1014 4586 nullainter
1026 4521 1296 4577 cadavera
1312 4517 1546 4571 divitum
1567 4531 1990 4587 pauperumque
2004 4515 2116 4569 dis-

521 4618 844 4688 cretio,nisi
871 4613 1022 4686 quod
1053 4611 1196 4665 forte
1229 4608 1409 4662 dirius
1439 4606 1616 4660 fetent
1661 4621 1856 4659 eorum
1878 4621 2115 4675 corpora

519 4727 690 4784 quam
715 4708 972 4762 istorum.

593 4797 754 4862 Quod
775 4809 906 4848 vero
932 4786 1249 4846 istiusmodi
1297 4783 1571 4840 naturalis
1601 4781 1823 4852 justitia
1850 4781 2108 4837 omnibus

519 4886 709 4945 omnia
724 4882 918 4938 fecerit
929 4876 1266 4941 communia,
1288 4891 1355 4928 ex
1385 4873 1480 4927 illo
1505 4871 1670 4926 verbo
1697 4871 2105 4926 desumendum

517 4983 622 5042 est,
655 4991 766 5047 quo
789 4971 1016 5032 dicitur,
1037 4961 1502 5022 communicantis
1539 4959 1682 5015 bona
1711 4977 1812 5015 sua
1844 4977 1971 5015 cum
2000 4977 2105 5015 cae-

515 5068 656 5128 teris
694 5065 753 5120 in
782 5061 1048 5118 saaculum
1100 5055 1285 5110 8:2qu
1329 5067 1660 5125 permanere
1693 5067 1703 5102 :
1740 5071 1765 5098 α
1805 5049 2101 5121 Dispersit,

514 5157 673 5216 dedit
707 5149 1067 5228 pauperibus,
1096 5143 1320 5216 justitia
1364 5143 1486 5212 ejus
1538 5144 1729 5194 manet
1755 5139 1811 5228 in
1836 5139 2102 5194 smculum

509 5227 719 5305 seculi.
746 5263 774 5296 ιο
807 5241 950 5296 Item
979 5255 1048 5292 ex
1074 5234 1316 5306 quodam
1347 5228 1644 5286 Proverbio
1677 5245 1691 5282 :
1727 5246 1753 5279 ι
1783 5227 1898 5283 Rex
1910 5229 2100 5298 justus

2197 4427 2275 4484 tio
2295 4434 2400 4494 est,
2427 4444 2538 4498 qua
2567 4427 2785 4481 diversa
2811 4426 3133 4481 mortalium
3184 4426 3429 4482 conditio
3459 4429 3547 4482 vel
3577 4433 3787 4486 mutuis

2195 4521 2391 4590 adjuta
2414 4518 2715 4588 suffragiis,
2746 4517 2832 4571 vel
2852 4516 3084 4571 alternis
3102 4521 3416 4571 sustentata
3433 4521 3785 4574 commerciis

2193 4609 2486 4664 retinetur.
2509 4606 2665 4672 Quod
2681 4611 2873 4661 autem
2885 4607 2997 4660 tale
3017 4611 3122 4660 est.
3143 4606 3532 4661 Militesarmis
3553 4615 3788 4664 tuentur

2190 4699 2450 4762 rusticos,
2484 4696 2679 4752 rustici
2702 4695 2964 4767 operibus
2989 4694 3226 4766 agrariis
3245 4695 3396 4750 cibos
3421 4697 3658 4752 student
3686 4701 3785 4753 mi-

2188 4787 2380 4842 litibus
2405 4785 2711 4858 providere.
2746 4783 2889 4838 Item
2917 4801 3043 4839 cum
3070 4799 3307 4854 regnum
3335 4783 3474 4838 illud
3503 4784 3780 4856 frugibus,

2191 4875 2296 4930 hoc
2324 4875 2702 4930 odoramentis
2731 4873 3010 4943 indigeat;
3051 4889 3176 4928 cum
3199 4871 3482 4943 provincia
3531 4873 3629 4927 illa
3663 4892 3785 4930 me-

2187 4963 2358 5024 tallis.
2382 4963 2764 5027 haectexturis;
2783 4978 2908 5016 cum
2927 4960 3080 5032 regio
3118 4960 3216 5014 illa
3257 4959 3443 5031 lignis,
3478 4960 3598 5016 haec
3629 4979 3781 5017 mar-

2185 5051 2436 5107 moribus
2455 5057 2637 5122 egeat,
2651 5051 2841 5121 sicque
2855 5067 2954 5122 per
2973 5050 3084 5104 alia
3098 5049 3323 5104 millena
3349 5065 3562 5119 genera
3588 5069 3779 5107 rerum

2184 5141 2432 5196 humana
2448 5139 2761 5195 mortalitas
2783 5139 3022 5193 vicissim
3047 5137 3153 5193 sibi
3176 5154 3316 5209 Opus
3346 5137 3553 5193 habeat
3573 5140 3779 5196 subve-

2184 5230 2323 5292 nire,
2354 5230 2623 5302 processit
2650 5227 2991 5292 humanitas,
3025 5243 3135 5298 qua
3174 5227 3296 5296 jam
3341 5225 3398 5278 in
3421 5241 3562 5296 pace
3591 5227 3775 5300 Baby-

511 5335 678 5407 ενίείι
697 5340 926 5394 terram»
969 5327 1053 5381 Vir
1081 5339 1282 5378 “Varus
1311 5321 1564 5374 destruet
1592 5333 1736 5372 eam-
1761 5336 1788 5370 ι
1825 5316 1967 5371 Cum
1997 5317 2100 5407 ita-
2179 5318 2341 5372 lonia;
2361 5317 2582 5372 foederis
2599 5317 2875 5372 alternam
2904 5314 3197 5407 penuriam
3246 5314 3464 5407 alterna
3492 5315 3774 5407 copiaihis

506 5402 624 5499 que
643 5424 761 5478 hzec
773 5412 1278 5490 justitianaturalis
1295 5409 1568 5464 mundum
1595 5407 1778 5478 ipsum
1799 5411 1856 5460 et
1881 5405 2085 5499 omnia,
2174 5407 2679 5499 permutationibus
2709 5411 3070 5499 sustentaret,
3109 5403 3228 5499 sine
3267 5402 3467 5474 quibus
3506 5406 3770 5499 panista

504 5491 628 5587 qua
659 5511 717 5566 in
747 5526 815 5564 ea
840 5511 990 5572 sunt,
1020 5499 1302 5559 censuerit
1329 5513 1450 5552 esse
1478 5495 1816 5558 communia,
1851 5493 2087 5548 avaritia
2169 5497 2424 5566 neglecta
2461 5497 2760 5564 decideret,
2793 5493 3266 5567 quemadmodum
3313 5491 3588 5546 connexio
3629 5493 3768 5566 lapi-

495 5581 857 5678 postmodum
884 5592 1302 5670 possessionum
1323 5588 1458 5660 jura
1484 5585 1544 5641 in
1573 5583 1826 5656 singulos
1851 5583 2082 5655 dispen-
2165 5582 2303 5639 dum
2329 5583 2390 5639 in
2417 5583 2650 5640 aediﬁcio
2691 5583 2954 5655 formato,
2999 5584 3061 5640 in
3088 5599 3198 5656 quo
3240 5581 3449 5638 vicario
3485 5583 3765 5656 complexi
