4040 6182
338 240 480 300 1817

1475 249 1568 306 DE
1603 251 1800 309 ΒοΝο
1839 251 2066 309 PACIS.
2113 280 2177 292 —
2216 250 2352 336 LIB.
2395 251 2468 307 Π.

3474 247 3613 308 1618

332 365 554 439 lapides
573 365 916 438 innituntur,
943 370 993 426 si
1019 373 1200 428 muris
1237 371 1523 430 hiantibus
1543 392 1604 431 se
1631 375 2238 451 complectiAconsilio
2268 392 2389 431 suo.
2422 396 2442 428 ο
2475 376 2618 432 Item
2641 389 2814 448 super
2856 374 3054 431 eodem
3101 373 3392 446 Scriptura
3425 369 3565 430 dicit
3588 357 3609 400 ³
3691 383 3694 386 ’

332 456 624 525 desierint,
652 461 912 516 universa
941 467 1226 518 structura
1244 463 1406 520 citius
1427 465 1749 524 subruetur.

2014 483 2043 518 α
2073 466 2190 521 Rex
2221 465 2490 537 insipiens
2529 465 2725 537 perdet
2745 466 3016 537 populum
3043 479 3230 530 suum,
3261 469 3320 518 et
3350 461 3604 518 civitates

408 548 482 603 Ut
508 554 696 605 autem
729 550 858 605 huic
886 552 1225 607 humanitati
1251 553 1404 608 locus
1432 557 1550 619 ﬁat,
1583 563 1714 612 ante
1738 558 1929 613 omnia
2008 553 2475 610 inhabitabuntur
2495 571 2594 625 per
2619 569 2846 609 sensum
2877 553 3295 625 prudentium.»
3312 551 3605 607 Etinlibro

331 652 475 707 opus
502 644 588 692 est
625 638 830 710 lingua;
883 639 1026 695 inire
1071 641 1348 707 notitiam,
1391 643 1510 698 sine
1565 662 1678 716 qua
1724 663 1924 717 parum
2009 643 2351 714 Sapientia:
2390 641 3422 712 «Sidelectaminisedibusetsceptris
3440 656 3603 711 reges

325 725 560 794 prodest
587 727 657 781 ad
681 728 974 783 sociandos
995 729 1251 785 homines
1271 731 1395 787 haec
1427 731 1720 788 subventio
1750 736 1924 790 colla-
2006 733 2219 803 p0puli,
2235 731 2452 802 diligite
2465 731 2819 800 sapientiam,
2838 736 2904 786 ut
2917 730 3232 801 regnetisin
3246 735 3599 801 perpetuum,

322 813 460 867 tiva.
494 815 784 880 Quomodo
825 818 974 872 enim
1007 819 1092 872 vel
1123 821 1335 875 mutuis
1365 821 1654 878 sublevare
1702 823 1918 892 officiis,

323 901 415 955 vel
443 903 604 958 utilia
624 910 882 960 mutuare
901 909 1237 963 commercia
1259 914 1544 980 poterunt,
1572 912 1667 982 qui
1683 912 1810 966 aliis
1829 929 1923 967 ne-

2002 821 2159 876 Tunc
2187 840 2213 875 »
2246 820 2417 885 enim,
2471 820 2614 874 sicut
2667 819 3102 874 facundissimus
3151 819 3347 873 doctor
3385 817 3603 888 scribit,

2009 929 2031 961 (
2055 916 2191 964 tunc
2216 909 2403 964 felices
2423 916 2556 963 sunt
2619 907 2962 980 respublicse,
2993 924 3121 962 cum
3151 913 3250 961 aut
3283 907 3600 979 philosophi

321 991 617 1047 cessitates
639 1010 770 1048 suas
791 993 1089 1050 verborum
1105 1003 1392 1068 nequeunt
1412 999 1918 1069 signiﬁcationibus
2002 1003 2260 1069 regnant,
2292 1004 2392 1052 aut
2429 1014 2589 1068 reges
2614 997 3245 1069 philosophantur.»—¢
3277 995 3597 1050 Erudimini

315 1079 602 1151 explicare
616 1081 642 1134 ?
671 1082 1156 1146 Quemadmodum
1178 1102 1289 1140 non
1303 1087 1713 1142 humanitatem
1737 1091 1915 1162 magis

314 1185 486 1239 quam
517 1170 930 1227 immanitatem
950 1174 1154 1244 ignotae
1183 1175 1391 1247 lingua:
1420 1179 1707 1233 consuevit
1733 1197 1907 1250 gene-

313 1273 443 1312 rare
506 1259 820 1326 diversitas,
875 1261 1019 1316 sicut
1069 1264 1410 1334 prapheticae
1455 1267 1908 1326 comminationis

310 1348 538 1402 oraculo
567 1355 913 1405 monstratur
937 1370 948 1404 :
985 1372 1008 1403 ι
1043 1353 1179 1407 Ecce
1197 1370 1302 1424 ego
1328 1355 1601 1410 adducam
1622 1374 1792 1430 super
1810 1376 1907 1414 vos

303 1442 532 1505 gentem
558 1437 628 1492 de
656 1438 981 1510 longinquo,
1011 1441 1212 1495 domus
1261 1444 1454 1508 Israel,
1499 1445 1580 1499 ait
1612 1447 1900 1515 Dominus,

299 1531 536 1594 gentem
565 1526 1102 1598 robustam,gentem
1121 1531 1599 1604 antiquam,cujus
1619 1535 1904 1606 ignorabis

297 1613 580 1684 linguam,
613 1631 716 1669 nec
740 1613 1020 1687 intelliges
1045 1618 1180 1689 quid
1205 1620 1486 1691 loquatur.
1519 1645 1543 1670 ι.

1997 1105 2150 1158 ergo,
2184 1087 2280 1158 qui
2302 1087 2572 1157 judicatis
2610 1092 2840 1140 terram.
2875 1107 2898 1138 ι

2065 1176 2264 1230 Pacem
2290 1180 2480 1229 autem
2501 1175 2669 1229 istam
2701 1175 2851 1245 regis
2880 1175 3122 1229 maxime
3154 1174 3454 1245 prudentia
3467 1189 3596 1228 con-

1991 1265 2262 1331 firmabit,
2294 1265 2342 1318 si
2364 1280 2458 1317 rex
2490 1264 2609 1334 ipse
2638 1267 2818 1335 perito
2874 1263 3316 1334 dispensationis
3352 1262 3587 1318 consilio

1989 1353 2142 1407 omni
2161 1352 2356 1423 generi
2379 1352 2691 1421 hominum,
2723 1351 2926 1422 quibus
2954 1357 3176 1424 praeest,
3195 1352 3349 1406 omni
3373 1351 3579 1417 ordini,

1986 1442 2139 1495 omni
2166 1441 2341 1507 sexui,
2371 1441 2526 1495 omni
2556 1441 2731 1505 aetati,
2764 1439 2916 1494 salvo
2946 1445 3137 1494 tamen
3158 1439 3449 1511 privilegio
3473 1439 3584 1492 disc

1987 1531 2207 1601 ciplime
2233 1530 2526 1602 (scriptum
2557 1535 2643 1583 est
2662 1529 2836 1583 enim:
2875 1549 2897 1580 ε
2922 1529 3288 1600 Disciplinam
3345 1528 3404 1582 in
3449 1543 3585 1599 pace

1985 1625 2206 1673 servate
2233 1619 2388 1686 filii»)
2422 1618 2501 1672 ita
2525 1635 2584 1672 se
2607 1617 2958 1672 tractabilem
2989 1623 3047 1672 et
3066 1617 3216 1672 velut
3253 1617 3583 1688 popularem

373 1702 662 1767 Quantum
696 1705 813 1759 haec
842 1706 1163 1762 humanitas
1189 1709 1260 1762 ad
1278 1689 1667 1767 niutriendam
1705 1732 1896 1785 pacem
1922 1689 1968 1749 B
1985 1707 2300 1771 indulserit,
2327 1712 2393 1761 ut
2422 1707 2664 1761 favorem
2690 1723 2914 1778 semper
2938 1706 3222 1778 publicum
3234 1705 3442 1760 habere
3461 1722 3582 1761 me-

291 1793 618 1847 necessaria
631 1799 716 1847 est
744 1794 895 1849 inter
920 1812 1080 1866 reges
1107 1803 1163 1851 et
1217 1800 1468 1869 populos,
1535 1803 1795 1872 prmlatos
1842 1812 1899 1859 et

291 1879 572 1946 subditos,
607 1888 666 1936 ut
694 1899 725 1936 a
757 1900 888 1954 rege
920 1885 1236 1954 praebeatur
1279 1889 1485 1958 pOpulo
1540 1891 1726 1958 tuitio,
1761 1899 1818 1948 et
1863 1913 1897 1949 a

290 1971 505 2040 populo
535 1971 650 2041 regi
680 1971 923 2026 civilium
952 1973 1301 2029 functionum
1331 1977 1652 2046 pensitatio,
1688 1983 1894 2037 refera-

289 2066 407 2112 tur.
437 2079 462 2111 α
486 2060 618 2114 Ideo
648 2061 821 2126 enim,
867 2062 1054 2134 inquit
1078 2065 1396 2135 Apostolus,
1429 2072 1487 2121 et
1523 2068 1736 2124 tributa
1756 2089 1892 2142 prae-

289 2146 485 2203 statis.
517 2170 538 2196 ι
575 2149 845 2205 Praelatus
883 2151 1121 2206 subditis
1161 2154 1520 2224 providentiae
1556 2159 1889 2215 sollicitudi-

288 2250 446 2303 nem,
477 2237 682 2292 subditi
706 2240 935 2310 przelato
963 2241 1314 2297 devotionem
1345 2243 1675 2302 obedientize
1728 2249 1891 2305 debe-

289 2323 432 2378 bunt
464 2325 884 2392 exhibere.Quaa
897 2329 1090 2400 utique
1113 2331 1244 2384 hinc
1262 2332 1392 2386 inde
1416 2339 1532 2388 tam
1573 2340 1890 2394 necessaria

288 2412 656 2470 subventione
693 2425 1051 2482 concurrunt,
1086 2426 1148 2474 ut
1177 2421 1415 2475 alterum
1445 2423 1566 2476 sine
1595 2425 1772 2482 altero
1794 2447 1887 2484 ne-

289 2509 462 2573 queat
491 2505 1040 2580 perdurare.Quippe
1069 2511 1190 2564 sine
1222 2514 1572 2582 providentia
1601 2533 1796 2587 regum
1820 2536 1885 2574 ac

285 2593 591 2663 praesidum
621 2613 721 2666 pro
750 2599 897 2652 caede
924 2607 1155 2670 paratur
1181 2603 1438 2672 populus,
1471 2611 1526 2658 et
1542 2605 1664 2660 sine
1694 2609 1884 2678 populi

286 2680 556 2752 obsequio
579 2701 775 2754 regum
821 2703 884 2741 ac
941 2690 1296 2759 praelatorum
1345 2692 1595 2748 omnium
1637 2694 1882 2766 dignitas

284 2771 584 2825 evanescit.
607 2773 766 2828 Unde
795 2792 919 2829 cum
960 2793 1055 2831 rex
1079 2777 1600 2851 instituitur,pactio
1621 2785 1879 2854 quaedam

279 2860 456 2913 tacita
481 2861 628 2916 inter
647 2879 774 2918 eum
793 2871 850 2918 et
869 2867 1133 2936 populum
1157 2867 1350 2934 initur,
1374 2880 1436 2924 ut
1450 2876 1507 2924 et
1523 2887 1615 2925 rex
1634 2873 1878 2929 humane

470 2953 756 3065 polpulum,
783 2958 840 3007 et
869 2956 1108 3026 populus
1133 2973 1323 3028 regem
1343 2960 1808 3018 statutistributis
1822 2970 1879 3019 et
1894 3001 1938 3065 C

276 3037 646 3094 inlationibus
663 3043 980 3098 meminerit
995 3047 1263 3100 venerari.
1302 3048 1418 3102 Hoc
1438 3055 1525 3102 est
1542 3049 1680 3104 illud
1697 3052 1875 3108 lmdus

275 3126 426 3196 quod
453 3129 951 3186 Joiadassacerdos
975 3134 1125 3188 inter
1160 3152 1349 3205 regem
1379 3137 1510 3192 Joas
1529 3144 1586 3192 et
1605 3141 1872 3210 populum

271 3215 302 3268 J
308 3215 421 3270 uda
446 3219 676 3291 pepigit,
704 3222 850 3276 sicut
879 3223 1113 3277 historia
1132 3224 1348 3295 Regum
1373 3227 1564 3280 tradit.

345 3306 590 3363 Fovetur
617 3327 750 3381 ergo
780 3329 881 3383 per
908 3312 1052 3366 hanc
1099 3313 1470 3369 humanitatis
1513 3316 1868 3372 collationem

267 3397 418 3453 inter
445 3416 608 3470 reges
638 3408 695 3455 et
719 3401 971 3472 pupulos,
1001 3402 1152 3456 inter
1200 3403 1462 3473 praelatos
1521 3410 1578 3458 et
1615 3405 1867 3462 subditos

268 3486 614 3559 Babyloniae,
643 3489 699 3543 id
730 3495 814 3544 est
869 3491 1168 3546 mundanae
1218 3492 1370 3563 pacis
1399 3495 1715 3558 concordia,
1742 3514 1865 3568 quae

263 3577 314 3630 si
354 3577 681 3649 aliquando,
711 3585 776 3634 ut
803 3581 964 3642 solet,
987 3581 1226 3634 ducatur
1257 3583 1625 3654 contemptui,
1676 3590 1738 3638 ut
1778 3587 1863 3640 vel

261 3665 362 3737 qui
383 3666 641 3733 subsunt,
675 3668 860 3723 debita
883 3670 1107 3723 servitia
1133 3677 1341 3741 negent
1368 3672 1863 3742 superioribus,vel

257 3757 586 3826 superiores
604 3757 893 3813 inferiores
922 3759 1139 3830 legibus
1161 3759 1464 3830 subjiciant
1489 3768 1859 3832 tyrannorum

255 3843 698 3915 obsurgentibus
724 3847 855 3902 inde
895 3849 1318 3919 Oppressionum
1373 3867 1438 3903 ac
1487 3851 1855 3906 rebellionum

255 3933 445 3999 malis,
479 3941 707 4006 repente
727 3937 894 3990 simul
915 3954 1040 3990 cum
1077 3954 1212 4008 pace
1241 3939 1322 3992 vis
1351 3939 1692 4009 prmlationis
1741 3942 1854 3994 sol-

252 4023 426 4090 vitur,
445 4030 502 4078 et
521 4042 757 4096 regnum
777 4027 945 4081 etiam
964 4033 1395 4094 transmutatur,
1420 4029 1567 4083 sicut
1584 4030 1854 4100 scriptum

250 4113 513 4193 est,‘quia
541 4131 777 4184 regnum
808 4132 843 4169 a
859 4121 1027 4186 gente
1041 4117 1098 4169 in
1114 4122 1343 4187 gentem
1373 4118 1713 4172 transfertur
1732 4136 1856 4189 pro-

246 4202 738 4328 pterdinljustitias,
753 4210 808 4258 et
834 4205 1088 4276 injurias,
1115 4211 1172 4260 et
1199 4207 1590 4274 contumelias,
1609 4207 1854 4262 etdiver-

246 4289 345 4327 sos
422 4292 455 4328 o
480 4291 562 4328 os.

245 4289 345 4327 80$
384 4289 562 4329 αοιοε.

244 4415 385 4469 CAP.
419 4416 488 4475 X.
522 4447 588 4458 —
617 4417 890 4486 Quomodo
915 4433 1014 4486 per
1039 4420 1402 4488 prudentiam
1433 4421 1540 4474 hac
1567 4437 1678 4490 pas:
1711 4423 1850 4475 acci-

809 4494 929 4559 piat
961 4494 1304 4557 ﬁrmitatem.

317 4631 601 4687 Caeterum
622 4633 866 4704 qualiter
882 4651 988 4703 pax
1002 4634 1112 4688 ista
1128 4650 1229 4705 per
1239 4635 1596 4704 prudentiam
1611 4635 1851 4706 accipiat

237 4715 599 4782 firmitatem,
622 4735 720 4772 rex
751 4720 1016 4774 Salomon
1035 4719 1138 4773 tibi
1160 4721 1413 4791 exemplo
1443 4721 1533 4784 sit,
1568 4721 1664 4791 qui
1714 4736 1845 4790 pru-

231 4805 611 4860 dentissimus
639 4807 930 4878 sapientiae
951 4812 1089 4862 ‘suaa
1117 4808 1364 4862 consiliis
1420 4826 1522 4880 per
1562 4809 1845 4880 octoginta

229 4911 524 4949 annorum
553 4897 858 4961 volumina,
887 4897 1032 4951 sicut
1073 4898 1300 4968 Josephi
1333 4905 1530 4953 narrat
1581 4899 1838 4965 historia,

227 4998 480 5052 regnum
502 4983 606 5036 sibi
635 4984 693 5038 in
723 5001 860 5054 pace
885 4985 1355 5056 tranquillissima
1382 4987 1595 5057 pariter
1617 4987 1842 5043 robora-

226 5071 314 5125 vit
346 5077 406 5124 et
425 5071 764 5127 felicissima.
798 5075 973 5143 Cujus
1009 5075 1162 5145 pacis
1219 5074 1424 5129 bonum
1476 5093 1667 5130 semen
1720 5078 1840 5148 ejus

224 5159 492 5214 Roboam
520 5177 620 5231 per
646 5161 1030 5234 insipientiam
1063 5164 1323 5234 perdidit,
1357 5181 1593 5235 regnum
1625 5165 1841 5220 faciens

221 5247 589 5320 bipartitum,
625 5251 694 5305 de
725 5268 836 5322 quo
896 5251 1037 5306 liber
1086 5253 1164 5306 ait
1216 5253 1654 5321 Ecclesiasticus,
1706 5256 1840 5327 quia

227 5357 253 5390 α
281 5339 462 5392 ﬁnem
482 5339 678 5394 habuit
700 5341 964 5395 Salomon
986 5358 1112 5395 cum
1145 5342 1400 5413 patribus
1425 5344 1561 5408 suis,
1595 5349 1652 5397 et
1704 5345 1835 5398 reli-

221 5428 361 5500 quit
388 5438 516 5498 post
543 5445 603 5482 se
623 5428 693 5482 de
714 5430 928 5483 semine
945 5447 1046 5484 suo
1065 5432 1364 5485 stultitiam
1384 5433 1562 5502 genti,
1585 5437 1641 5486 et
1657 5433 1839 5486 immi-

220 5522 438 5572 nutum
474 5533 508 5571 a
536 5519 856 5588 prudentia,
899 5519 1170 5602 Roboam,
1224 5519 1320 5590 qui
1370 5520 1574 5574 avertit
1611 5526 1838 5605 gentem

1871 4318 1919 4376 D

1979 1803 2188 1858 reatur,
2225 1797 2369 1850 sicut
2397 1796 2761 1851 Octavianum
2790 1796 2984 1850 fecisse
3013 1796 3330 1866 Augustum
3370 1795 3583 1850 Roma-

1976 1903 2177 1940 norum
2207 1886 2576 1955 vulgaverunt
2621 1884 2889 1949 historiae,
2924 1889 3153 1955 propter
3182 1884 3329 1954 quod
3368 1885 3578 1955 longar-

1975 1973 2114 2028 viori
2144 1975 2346 2028 saeculo
2370 1989 2500 2027 eum
2523 1972 2814 2043 paciﬁcum
2844 1973 3095 2026 tenuisse
3121 1972 3422 2043 imperium
3451 1979 3575 2027 tra-

1974 2068 2288 2116 ctaverunt.
2322 2063 2529 2116 Caveat
2557 2078 2689 2132 ergo
2746 2061 3052 2132 prudenter
3105 2060 3200 2132 qui
3239 2061 3446 2132 populo
3492 2062 3579 2116 vel

1971 2151 2127 2222 genti
2149 2151 2473 2221 praeﬁcitur,
2498 2167 2569 2204 ne
2591 2150 2724 2204 dum
2766 2150 2865 2204 uni
2890 2149 3132 2204 consulit
3159 2149 3329 2220 parti,
3354 2155 3575 2220 partem

1973 2241 2139 2294 aliam
2162 2240 2430 2310 negligat.
2461 2239 2579 2293 Hoc
2601 2239 2753 2293 enim
2783 2255 2904 2292 rem
2959 2237 3490 2309 perniciosissimam
3514 2239 3575 2293 in

1969 2330 2176 2400 populo
2204 2334 2416 2394 causat,
2448 2328 2661 2382 scilicet
2697 2327 2988 2385 invidiam.
3020 2326 3354 2381 seditionem
3402 2332 3574 2399 atque

1968 2417 2323 2482 discordiam,
2347 2417 2481 2472 dum
2524 2417 2619 2487 qui
2650 2415 2908 2470 omnibus
2949 2415 3208 2486 imperat,
3239 2432 3353 2470 non
3392 2417 3568 2484 omni,

1967 2507 2064 2560 sed
2104 2505 2269 2560 unius
2288 2505 2581 2576 cujusdam
2612 2504 2768 2573 eligit
2797 2503 3134 2558 utilitatibus
3167 2504 3477 2574 providere.

2037 2595 2178 2649 Item
2209 2610 2401 2665 pacem
2424 2594 2589 2647 istam
2611 2593 2848 2646 aliorum
2878 2592 3173 2663 prudentia
3189 2593 3564 2660 confirmabit,

1965 2682 2031 2748 si,
2073 2683 2224 2736 inter
2252 2699 2391 2753 quos
2420 2681 2664 2755 pax.h2ec
2683 2680 2978 2734 conciliata
3008 2685 3113 2744 est,
3145 2680 3225 2733 ita
3253 2687 3470 2750 cautos,
3489 2682 3571 2736 ita

1963 2771 2271 2842 morigeros
2287 2788 2346 2824 se
2357 2769 2722 2824 habuerintin
2742 2769 3076 2822 alterutrum
3097 2769 3310 2822 utnihil
3333 2770 3562 2824 omnino

1960 2863 2054 2924 sit,
2085 2862 2142 2915 in
2164 2878 2274 2932 quo
2302 2877 2403 2931 per
2416 2876 2510 2914 eos
2532 2859 2823 2930 pacislaasa
2844 2857 3054 2912 fmdera
3070 2857 3398 2926 videantur;
3419 2877 3560 2931 quo-

1960 2951 2111 3004 niam
2139 2949 2244 3004 etsi
2274 2966 2375 3020 per
2400 2950 2632 3019 alicujus
2659 2947 2942 3002 levitatem
2964 2947 3244 3002 modicum
3273 2947 3398 3002 laedi
3415 2948 3561 3005 forte

1958 3039 2277 3109 contigerit,
2311 3054 2423 3091 non
2468 3041 2593 3107 post
2645 3035 2783 3101 dies,
2818 3034 2917 3088 sed
2975 3034 3262 3100 continuo,
3293 3052 3422 3090 cum
3469 3052 3562 3091 res

1956 3127 2140 3181 adhuc
2168 3141 2310 3180 nova
2332 3130 2434 3190 est,
2466 3140 2568 3178 nec
2596 3121 2904 3193 majoribus
2939 3122 3266 3177 exacerbata
3310 3123 3553 3194 injuriis,

1954 3215 2219 3286 prudenti
2248 3213 2473 3268 debebit
2496 3212 2744 3266 remedio
2765 3211 3053 3281 integrari,
3077 3211 3259 3266 instar
3276 3212 3555 3268 membro-

1954 3322 2101 3370 rum,
2131 3322 2254 3375 quae
2283 3303 2464 3375 primo
2493 3301 2703 3355 inflicto
2728 3301 2956 3355 vulnere
2982 3317 3016 3355 a
3044 3301 3354 3356 continenti
3394 3319 3552 3356 com-

1950 3411 2093 3466 page
2121 3393 2398 3465 incipiunt
2425 3392 2583 3445 hiatu
2613 3389 2857 3461 quodam
2869 3389 3058 3443 dirimi
3089 3409 3102 3458 ;
3128 3389 3333 3461 quibus
3347 3391 3396 3446 si
3416 3408 3554 3447 con-

1946 3483 2130 3538 festim
2157 3482 2362 3554 peritia
2391 3479 2688 3534 accesserit
2718 3479 3069 3544 medicantis,
3103 3479 3175 3533 ad
3201 3495 3425 3534 carnem
3457 3497 3555 3535 re-

1944 3573 2157 3643 liquam
2195 3569 2488 3625 resolidari
2517 3569 2636 3622 sine
2666 3568 3019 3622 deformitate
3070 3573 3353 3638 poterunt.
3386 3570 3548 3634 Quod

1943 3678 2056 3715 non
2089 3661 2215 3724 erit,
2249 3659 2297 3713 si
2324 3659 2385 3712 in
2414 3664 2635 3729 tempus
2667 3657 2973 3728 plurimum
3002 3657 3324 3726 hujusmodi
3369 3675 3550 3714 reme-

1942 3749 2097 3804 dium
2129 3750 2437 3803 differatur.
2472 3750 2519 3801 A
2550 3763 2662 3818 qua
2685 3746 2966 3800 sententia
3006 3746 3254 3800 alienum
3301 3762 3414 3802 non
3461 3753 3548 3802 est

1942 3839 2090 3908 quod
2119 3839 2199 3892 ait
2227 3837 2564 3908 Apostolus:
2593 3855 2616 3886 ι
2654 3835 2750 3889 Sol
2793 3851 2905 3888 non
2949 3834 3168 3889 occidat
3216 3850 3388 3906 super
3432 3837 3542 3892 ira-

1934 3927 2198 3980 cundiam
2230 3931 2494 3980 vestram.
2533 3943 2555 3973 ι

1936 4068 2064 4124 ΟΜ».
2095 4069 2189 4124 XI.
2218 4097 2285 4112 —
2322 4068 2670 4191 Di/ferentifE
2691 4068 2842 4188 inti?“
2881 4080 3074 4133 pacem
3120 4067 3432 4134 Babylonia:
3487 4072 3538 4120 et

2671 4153 2776 4191 arm
2804 4154 2842 4190 ι.

2669 4153 2842 4206 sypn-

2009 4280 2215 4351 Magna
2251 4279 2569 4334 dill‘erentia
2591 4295 2697 4350 pax
2716 4279 2834 4332 haec
2852 4277 2922 4331 ab
2941 4277 3167 4349 [Egypti
3186 4292 3322 4348 pace
3341 4276 3536 4335 discri-

1936 4369 2203 4435 minatur,
2259 4385 2406 4434 cum,
2465 4368 2610 4422 sicut
2663 4367 2877 4421 dictum
2919 4372 3022 4432 est,
3066 4368 3384 4437 respuenda
3435 4368 3534 4423 illa

1931 4475 2155 4530 semper
2181 4458 2274 4524 sit,
2303 4458 2420 4511 haec
2445 4455 2761 4527 appetenda
2787 4454 2989 4525 saepius
3030 4458 3087 4508 et
3139 4455 3392 4522 colenda,
3416 4472 3530 4511 non

1932 4552 2151 4601 tantum
2180 4563 2308 4601 cum
2334 4545 2656 4599 domesticis
2686 4549 2743 4598 et
2771 4542 3045 4605 fidelibus,
3077 4543 3175 4597 sed
3194 4544 3367 4598 etiam
3398 4561 3529 4600 cum

1931 4635 2232 4701 extraneis,
2263 4651 2388 4689 cum
2416 4633 2667 4688 barbaris
2709 4638 2767 4687 et
2816 4631 3069 4703 paganis.
3103 4631 3160 4686 Si
3214 4632 3369 4686 enim
3422 4649 3530 4704 pax

1929 4725 2038 4780 ista
2063 4725 2168 4779 coli
2198 4740 2325 4778 cum
2377 4721 2696 4776 infidelibus
2740 4737 2853 4775 non
2903 4719 3152 4786 deberet,
3181 4719 3342 4775 Isaac
3396 4738 3527 4778 cum

1925 4813 2229 4878 Abimelec,
2260 4811 2540 4867 Ochozath
2570 4816 2624 4864 et
2653 4810 2884 4864 Phichol
2921 4808 3198 4864 Geraritis
3220 4809 3404 4865 foedus
3427 4827 3530 4866 cur

1924 4903 2143 4973 ageret?
2168 4902 2226 4956 Si
2259 4917 2364 4972 pax
2387 4900 2494 4954 ista
2513 4915 2641 4954 cum
2665 4897 2988 4953 inﬁdelibus
3007 4898 3113 4953 coli
3141 4914 3254 4953 non
3273 4898 3522 4965 deberet,

1921 4991 2160 5062 populus
2190 4989 2363 5043 Israel
2401 5005 2436 5041 a
2472 5003 2604 5057 rege
2635 4987 2810 5040 Edom
2839 4992 2898 5040 et
2925 4986 3114 5042 Sehon
3151 5003 3284 5057 rege
3325 4987 3523 5039 Amor-

1922 5080 2200 5133 rhazorum
2231 5077 2339 5131 iter
2359 5077 2654 5148 pacificum
2676 5091 2777 5130 cur
2804 5075 3115 5147 quazsiisset
3139 5080 3163 5126 Ρ
3188 5073 3248 5127 Si
3278 5089 3384 5143 pax
3412 5073 3523 5126 ista

1921 5168 2028 5221 coli
2054 5183 2181 5221 cum
2200 5165 2521 5220 infidelibus
2551 5181 2664 5219 non
2697 5163 2943 5229 deberet,
2978 5161 3250 5216 Dominus
3278 5160 3337 5214 in
3367 5161 3519 5215 Deu-

1921 5255 2232 5311 teronomio
2262 5271 2362 5325 per
2381 5253 2615 5325 Moysen
2645 5269 2818 5324 quare
2846 5251 3092 5306 diceret:
3121 5268 3146 5300 α
3171 5247 3234 5303 Si
3261 5248 3428 5303 iveris
3447 5248 3520 5303 ad

1919 5343 2344 5416 expugnandam
2384 5342 2686 5404 civitatem,
2717 5341 2918 5394 offeres
2937 5339 2989 5391 ei
3018 5336 3264 5408 primum
3297 5352 3517 5407 pacem.

1921 5433 1980 5488 Si
2011 5433 2300 5504 receperit,
2334 5437 2390 5484 et
2410 5430 2693 5501 aperuerit
2711 5427 2813 5482 tibi
2843 5431 3054 5498 portas,
3076 5431 3312 5480 cunctus
3346 5442 3522 5497 popu-

1920 5521 2028 5587 lus,
2070 5521 2168 5591 qui
2197 5521 2255 5575 in
2274 5535 2341 5573 ea
2367 5525 2470 5585 est,
2493 5515 2812 5571 salvabitur.
2843 5534 2869 5567 υ
