4040 6182
325 292 465 354 “Il

1473 299 1568 352 DE
1604 297 1801 362 notio
1839 282 2067 364 P5616.
2108 321 2180 344 .-.-
2213 281 2352 362 LIB.
2395 296 2467 349 Π.

3432 261 3605 377 an

395 419 481 476 Ad
536 419 642 478 hoc
671 419 847 490 igitur
899 420 1217 488 huiusmodi
1267 421 1524 480 homines
1553 420 1924 493 impugnandi
1944 424 1992 484 Α
2010 420 2263 480 tumdem
2295 420 2350 480 in
2368 425 2426 476 te
2453 419 2692 486 Domino
2711 424 2814 485 tuo
2833 419 3020 486 licere.
3042 437 3063 474 ι
3089 415 3340 485 Et—Jesus
3356 414 3552 486 Sirach
3586 434 3600 480 ;

321 514 479 574 sunt,
514 514 579 564 ut
613 509 697 565 vel
718 525 843 566 cum
876 508 1012 576 ipsis
1043 523 1335 578 poenarum
1355 512 1740 581 etperimonto
1768 527 1921 566 coer-

323 599 471 660 citis.
513 597 596 654 vel
627 596 827 656 saltem
851 612 976 657 cum
997 598 1142 660 aliis.
1175 615 1369 659 eorum
1401 600 1652 668 exemplo
1683 599 1919 654 eruditis

322 703 430 759 pax
454 691 708 746 servetur
753 685 1066 746 incolumis.
1124 687 1208 743 Ad
1241 688 1346 744 hoc
1383 689 1531 747 enim
1561 688 1913 744 solummodo

323 776 531 840 bellum
579 774 860 845 publicum
890 775 1126 844 geritur.
1160 776 1230 830 ob
1262 778 1364 837 hoc
1394 783 1709 836 tractantur
1738 794 1918 844 arma.

324 862 395 916 ob
413 864 518 920 hoc
546 863 698 922 leues
727 862 944 922 dictant
971 865 1265 934 supplicia,
1301 871 1367 924 ut
1397 865 1604 925 bonum
1645 866 1797 936 pacis
1822 883 1924 936 per

325 952 518 1009 omnia
547 957 776 1011 maneat
805 951 1104 1012 illibatum.

327 1095 458 1150 CAP.
490 1091 608 1160 XV.
661 1123 725 1134 —
767 1095 838 1148 De
889 1096 1066 1149 tribus
1097 1097 1177 1148 rel
1208 1100 1450 1162 quatuor
1480 1095 1744 1164 gradibus
1769 1100 1922 1170 pacis

962 1186 1278 1237 mundanae.

398 1307 600 1361 Tribus
630 1313 817 1361 autem
848 1308 1115 1378 gradibus
1145 1325 1249 1378 pax
1279 1309 1391 1364 ista
1413 1311 1702 1371 mundana
1733 1329 1922 1382 proca.

327 1395 425 1452 dit.
466 1396 654 1454 Primo
693 1397 842 1456 enim
891 1403 975 1454 est
1006 1414 1108 1468 pax
1138 1397 1310 1460 orbis,
1357 1407 1550 1469 postea
1596 1417 1700 1470 pax
1743 1401 1916 1465 urbis,

327 1483 528 1541 deinde
556 1499 660 1552 pax
687 1483 906 1540 domus.
937 1483 1041 1542 Ille
1064 1486 1363 1554 generalis,
1396 1486 1506 1548 ista
1555 1487 1752 1554 civilis,
1806 1489 1921 1548 hinc

328 1572 650 1630 domestica.
685 1573 797 1628 Pax
829 1589 962 1642 ergo
1005 1573 1155 1634 orbis
1185 1575 1445 1630 habenda
1476 1583 1561 1638 est
1598 1579 1765 1636 etiam
1789 1594 1918 1636 cum

326 1661 658 1732 peregrinis,
690 1679 795 1732 pax
845 1662 999 1724 urbis
1028 1680 1157 1722 cum
1203 1664 1436 1729 civibus,
1477 1682 1581 1734 pax
1613 1666 1921 1728 domestica

328 1765 454 1803 cum
476 1749 819 1820 propinquis.

2006 529 2027 560 ε
2064 509 2121 563 Si
2153 515 2235 566 est
2267 509 2366 564 tibi
2404 526 2615 577 servus,
2671 509 2747 568 sit
2786 508 2888 570 tibi
2931 507 3090 577 quasi
3140 505 3331 570 anima
3385 509 3501 571 tua,
3537 510 3595 558 et

2001 598 2160 667 quasi
2192 599 2443 666 fratrem,
2475 598 2554 656 sic
2579 615 2706 658 eum
2733 602 2932 664 tracta.
2972 615 2993 645 ι

2073 685 2161 744 Ita
2192 693 2382 746 tamen
2407 685 2531 758 quis
2549 687 2949 758 benignitatem
2973 701 3107 756 erga
3135 683 3405 750 familiam
3437 699 3598 748 suam

2004 782 2274 843 exerceat,
2333 792 2402 831 ne
2448 776 2755 846 disciplina;
2785 775 3028 843 vigorem
3077 773 3301 848 penitus
3349 771 3596 836 emittat.-

2003 864 2128 918 Non
2159 865 2307 916 enim
2332 865 2516 918 minus
2548 864 2731 917 mollis
2762 862 3019 925 remissio
3049 878 3218 937 quam
3249 877 3442 924 severa
3466 876 3598 924 exa-

2006 952 2252 1019 cerbatio
2284 954 2436 1024 pacis
2464 953 2782 1018 domesticae
2814 951 3169 1010 concordiam
3199 946 3600 1012 vacuabit..sic-

2006 1049 2070 1098 ut
2099 1042 2156 1095 in
2180 1042 2352 1108 David
2379 1048 2600 1113 gestum
2629 1058 2751 1098 esse
2781 1041 3121 1110 agnoscitur.
3165 1037 3308 1112 Quia
3346 1037 3495 1102 enim
3536 1035 3600 1102 li-

2005 1131 2345 1196 lioslicentia
2373 1131 2626 1188 molliore
2642 1136 2997 1194 tractaverat,
3019 1129 3296 1197 Quantam
3321 1128 3598 1194 confusio-

2005 1237 2153 1285 nem,
2187 1226 2460 1290 quantum
2489 1219 2838 1286 scandalum,
2873 1223 3147 1293 quantum
3178 1215 3489 1296 periculum
3529 1234 3596 1284 eg;

2003 1308 2092 1364 his
2120 1314 2314 1379 postea
2341 1325 2540 1380 passus
2578 1309 2768 1380 fuerit,
2801 1324 2997 1378 regum
3025 1323 3139 1372 non
3168 1311 3392 1368 veretur
3415 1306 3596 1372 histo-

2002 1399 2088 1453 ria
2117 1399 2429 1462 dilfamare.
3005 1428 3008 1432 .
3622 1409 3624 1412 τ

2074 1487 2248 1544 Porro
2276 1504 2403 1542 cum
2434 1503 2539 1558 pax
2578 1485 2885 1546 domestica
2932 1483 3248 1550 membrum
3296 1485 3369 1548 sit
3418 1484 3593 1550 civilis
3620 1542 3628 1546 ..

2001 1577 2170 1644 pacis.
2201 1576 2248 1630 si
2281 1593 2384 1646 pax
2410 1575 2719 1632 domestica
2765 1591 2800 1637 a
2839 1574 3161 1638 domesticis
3194 1573 3452 1642 violanda
3495 1574 3588 1652 sit.

2001 1680 2072 1720 ne
2101 1665 2273 1730 civilis
2305 1671 2516 1736 pereat,
2547 1664 2656 1721 erit
2681 1670 2814 1726 tunc
2834 1680 2940 1738 pax
2970 1663 3277 1726 domestica
3309 1662 3456 1729 inter
3492 1679 3594 1739 ρῃτ

1937 1757 2144 1837 Btrem
2184 1760 2243 1812 et
2288 1755 2465 1820 ﬁlium
2509 1753 2890 1820 distrahenda,
2937 1752 3411 1830 quemadmodum
3468 1751 3594 1818 illos

400 1838 470 1897 Et
489 1839 754 1908 quoniam
783 1857 953 1910 supra
983 1841 1194 1900 dictum
1228 1847 1331 1906 est,
1365 1841 1688 1914 Babyloniae
1725 1859 1920 1913 pacem
2003 1843 2291 1914 scripsisse
2337 1844 2597 1913 legimus,
2629 1843 2725 1913 qui
2756 1842 2826 1898 de
2852 1847 3010 1903 statu
3055 1841 3374 1919 reipublice;
3399 1841 3594 1906 facunv

328 1929 778 1986 communionem
819 1946 1006 1986 rerum
1054 1931 1295 1999 exigere,
1333 1931 1535 1992 idcirco
1581 1932 1722 1988 scire
1771 1932 1918 1997 licet,

329 2015 477 2084 quod
499 2017 555 2068 in
585 2017 832 2085 quolibet
864 2018 1061 2080 horum
1086 2020 1364 2088 graduum
1397 2037 1585 2083 rerum
1609 2021 1920 2085 communiv

327 2107 606 2164 cationem
639 2123 739 2175 pax
771 2107 1011 2175 flagitat.
1051 2107 1162 2166 P-ax
1181 2110 1481 2177 generalis.
1520 2116 1584 2173 ut
1609 2116 1745 2179 puta
1773 2111 1924 2172 inter

327 2209 506 2263 regna
534 2205 591 2255 et
641 2196 954 2264 provincias
1011 2197 1291 2260 nundinas
1337 2215 1663 2258 communes
1693 2199 1826 2252 facit
1866 2205 1924 2260 et

330 2283 580 2351 linguas;
610 2299 712 2353 pax
743 2285 918 2344 civilis
952 2285 1154 2348 forum,
1206 2288 1418 2348 fanum.
1461 2288 1612 2360 leges
1657 2295 1714 2344 et
1753 2305 1922 2358 quasa

330 2371 460 2428 dam
482 2373 942 2435 consuetudines;
963 2391 1065 2444 pax
1087 2375 1392 2437 domestica
1409 2376 1920 2440 fundum,domum,

331 2461 644 2521 convictum
693 2468 751 2523 et
795 2463 853 2516 in
883 2465 1157 2533 oonjugiis
1188 2465 1522 2529 thalamum,
1554 2467 1924 2535 sepulcraque

332 2556 389 2606 et
419 2558 787 2611 monumenta
817 2554 1115 2622 majorum.

403 2639 516 2698 Pax
546 2657 670 2698 vero
714 2643 1014 2711 generalis,
1050 2657 1219 2712 quam
1247 2642 1416 2700 etiam
1445 2659 1570 2700 cum
1613 2643 1923 2712 peregrinis

333 2727 648 2788 habendam
679 2747 800 2786 esse
821 2731 1082 2796 diximus.
1115 2731 1247 2791 item
1281 2732 1351 2788 ad
1395 2748 1610 2801 eaquae
1649 2732 1792 2792 cives
1820 2734 1922 2790 tta—

331 2817 518 2878 derat.
544 2820 681 2882 haec.
710 2821 939 2891 inquam
975 2837 1098 2891 pax.
1133 2821 1391 2890 quamvis
1427 2821 1789 2880 domesticam
1814 2837 1926 2884 non

2003 1932 2130 1988 dius
2155 1933 2599 2002 disputaverunt.

2075 2022 2158 2080 Ne
2204 2037 2334 2078 vero
2386 2028 2615 2091 putares
2643 2019 3007 2086 domesticam
3055 2035 3248 2090 pacem
3295 2019 3509 2086 nullam
3559 2037 3594 2084 δ

2007 2109 2296 2179 Scriptura
2323 2127 2480 2162 sacra
2503 2110 2724 2162 laudem
2747 2109 3013 2178 recipere.
3034 2108 3159 2162 ideo
3179 2108 3597 2176 Ecclesiasticus

2005 2198 2073 2251 de
2100 2198 2222 2268 ipsa
2249 2199 2500 2268 loquitur
2526 2217 2536 2250 :
2573 2219 2594 2248 ι
2623 2199 2683 2251 In
2718 2197 2898 2250 tribus
2937 2204 3019 2250 est
3042 2196 3448 2266 beneplacitum
3481 2196 3596 2268 spi-

2006 2287 2139 2340 ritui
2173 2303 2448 2356 meoque:
2476 2293 2608 2340 sunt
2646 2285 2878 2356 probata
2908 2301 3094 2342 coram
3124 2287 3238 2339 Deo
3269 2290 3326 2338 et
3355 2286 3597 2342 homini-2

2005 2374 2108 2428 bus
2142 2394 2152 2428 :
2190 2376 2501 2430 Concordia
2531 2376 2792 2438 fratrum,
2819 2390 2981 2428 amor
3005 2375 3406 2444 proximorum,
3431 2381 3488 2429 et
3514 2375 3601 2429 vir

2007 2470 2063 2518 et
2092 2464 2296 2520 mulier
2315 2463 2420 2529 sibi
2449 2464 2881 2530 consentientes.
2910 2481 2937 2522 υ

2005 2606 2135 2660 CAP.
2170 2607 2341 2660 XVII.
2378 2637 2442 2650 ι-
2473 2609 2544 2664 De
2575 2609 2912 2674 quibusdam
2937 2571 3328 2667 accidentibus,
3355 2621 3455 2675 per
3476 2622 3598 2675 qua

2153 2711 2266 2763 par
2289 2699 2512 2768 privata
2542 2697 2823 2757 turbatur,
2856 2701 2904 2748 et
2933 2711 3126 2748 eorum
3157 2697 3416 2750 remedio.

2080 2819 2330 2888 Denique
2356 2819 2558 2888 duplex
2596 2819 2712 2872 haec
2758 2835 2882 2889 pax,
2925 2819 3232 2872 domestica
3279 2820 3509 2891 scilicet.
3543 2825 3603 2888 ﬁt

333 2908 618 2964 contineat
649 2908 1075 2969 habitationem.
1104 2910 1149 2966 si
1174 2916 1365 2969 tamen
1404 2910 1553 2968 inter
1575 2911 1795 2980 aliquos
1824 2910 1926 2964 du-
2008 2909 2211 2970 affectu
2244 2908 2549 2971 domestico
2574 2907 2816 2974 amicata
2845 2907 2982 2976 (haec
3019 2913 3105 2972 est
3123 2909 3278 2978 enim
3307 2909 3428 2991 ipsa
3457 2909 3600 2974 arni-

333 2998 566 3050 mestico
602 3005 997 3068 promoventur
1029 2999 1250 3061 affectu.
1283 2998 1499 3068 privata
1531 3016 1633 3068 pax
1667 3000 1747 3061 ﬁt,
1782 3000 1927 3058 ami-
1945 3053 1987 3080 η
2010 2997 2166 3065 citis)
2208 2996 2340 3058 haee.
2393 2997 2643 3066 inquam.
2694 3012 2799 3066 P8X
2845 3001 3054 3069 quanto
3098 3003 3183 3056 est
3227 2997 3602 3080 coniunctior,

333 3085 590 3154 citiaeque
619 3087 721 3141 sibi
751 3087 912 3144 dulce
942 3103 1148 3148 nomen
1177 3088 1453 3148 attitulat.
1481 3088 1638 3146 Unde
1660 3088 1849 3148 evenit
1869 3085 1989 3141 utu
2012 3102 2076 3147 eo
2114 3085 2403 3148 consuevit
2449 3085 2925 3155 frequentioribus
2966 3085 3407 3155 dissensionibus
3452 3088 3602 3152 lace,

335 3173 504 3260 etiam
539 3181 773 3260 quartus
801 3176 1010 3244 gradus
1042 3182 1308 3244 exsurgat
1337 3176 1516 3236 tribus
1546 3177 1931 3246 superioribus
2012 3175 2143 3239 rari,
2177 3181 2259 3239 ut,
2293 3173 2444 3230 verbi
2471 3174 2672 3244 gratia,
2699 3174 3009 3242 iracundia,
3035 3174 3388 3243 verbositate,
3420 3177 3601 3260 magis

336 3258 698 3320 adunandus.
753 3260 1028 3323 videlicet,
1083 3267 1145 3314 ut
1175 3260 1269 3330 qui
1300 3266 1467 3318 antea
1523 3277 1716 3331 pacem
1755 3260 1924 3331 orbis,
2011 3270 2197 3324 autem
2231 3263 2502 3327 susurrio,
2552 3264 2679 3333 plus
2719 3263 2965 3329 Convicio
3009 3264 3094 3324 vel
3141 3265 3501 3346 impmperio,
3535 3258 3608 3334 et.

332 3345 490 3404 urbis
519 3355 576 3406 et
603 3349 803 3408 domus
832 3349 1058 3408 familiae
1106 3349 1575 3418 computavimus.
1623 3350 1681 3410 in
1727 3356 1929 3419 quarto
2011 3354 2188 3416 multo
2209 3353 2450 3422 amplius
2481 3352 2762 3422 superbia,
2805 3352 3103 3420 dolositate
3131 3369 3197 3420 ac
3225 3345 3606 3423 denudatione

330 3436 511 3504 gradu
527 3453 720 3506 pacem
743 3438 1006 3496 amicitiae
1029 3455 1420 3501 numeremus:
1449 3455 1571 3507 quin
1585 3438 1778 3508 utique
1794 3438 1930 3506 agni-
2010 3441 2283 3512 mysterii.
2319 3447 2394 3508 et,
2418 3441 2566 3511 quod
2597 3457 2767 3513 super
2786 3442 2902 3502 haec
2928 3441 3116 3508 omnia
3152 3443 3475 3518 malignum,
3503 3461 3606 3526 per

332 3524 464 3578 citis
478 3525 1181 3589 vicissitudinestudiorum
1199 3527 1622 3596 olﬂciorumque
1651 3528 1855 3590 colitur
1873 3534 1931 3581 et
2011 3531 2305 3591 mulierem
2336 3546 2609 3600 nequam;
2644 3546 2766 3601 qua:
2798 3530 3022 3603 singula
3060 3531 3342 3608 Sapientis
3367 3524 3602 3600 Proveh

332 3619 576 3674 tenetur.
601 3615 864 3685 Alioquin
885 3616 1038 3677 nullo
1060 3623 1220 3685 pacto
1241 3615 1498 3676 amicitiae
1523 3625 1804 3681 momenta
1820 3616 1926 3680 du-

331 3702 558 3768 rabunt,
600 3704 707 3762 nisi
735 3721 800 3760 ex
831 3710 1072 3774 utraque
1101 3710 1259 3774 parte
1302 3703 1550 3769 ofﬁciosa
1596 3712 1814 3764 constet
1841 3706 1928 3764 af-e

331 3791 518 3852 factio.

501 3933 636 3994 CAP.
667 3935 819 4004 XVI.
859 3968 910 3977 —
945 3937 1015 3990 De
1042 3940 1190 3992 statu
1206 3941 1360 4016 pacis
1390 3937 1710 3990 domestica.

403 4060 548 4123 Quia
575 4077 704 4118 vero
727 4061 908 4121 omnis
933 4062 1134 4120 domus
1176 4062 1451 4132 particula
1483 4063 1735 4131 quaedam
1783 4063 1924 4120 civi-

2008 3620 2099 3674 bia
2123 3626 2410 3682 notarunt.

2080 3709 2296 3770 Dicitur
2323 3708 2470 3774 enim
2502 3709 2559 3762 in
2591 3707 2904 3774 Proverbiis
2931 3732 2943 3781 ;
2995 3727 3023 3767 α
3077 3710 3257 3778 Homo
3302 3727 3602 3784 pervorsus

2009 3798 2242 3862 suscitat
2269 3797 2489 3864 lites,et
2515 3796 2780 3856 verbosus
2809 3804 3036 3871 separat
3057 3799 3556 3878 principesaltem
3587 3819 3601 3872 ξ

2013 3886 2432 3948 Ecclesiasticus
2467 3904 2478 3937 :
2516 3905 2540 3942 (ς
2572 3886 2814 3948 Susurro
2857 3891 2914 3944 et
2946 3885 3210 3960 bilinguis
3246 3889 3600 3955 maledictus.

2011 3976 2215 4028 Multos
2256 3974 2404 4027 enim
2458 3972 2704 4026 turbavit
2759 3991 2948 4043 pacem
2981 3974 3269 4036 habentes.
3325 3995 3348 4028 ι
3404 3977 3601 4042 Item;

2014 4081 2041 4118 α
2067 4065 2246 4127 Homo
2277 4063 2578 4128 iracundus
2607 4061 2856 4124 incendit
2881 4062 3059 4130 litem.
3093 4069 3150 4126 et
3180 4063 3237 4125 in
3273 4063 3457 4130 medio
3501 4080 3604 4148 pa-

330 4149 466 4208 tetis
502 4154 605 4214 est,
655 4150 837 4208 omnis
885 4158 1074 4210 autem
1119 4168 1247 4220 pars
1297 4151 1542 4211 universi
1592 4152 1750 4221 cujus
1794 4169 1924 4222 pars
2009 4168 2126 4206 cem
2157 4151 2484 4217 habentium
2519 4149 2785 4214 immittet
2819 4149 3162 4216 inimicitias,
3219 4168 3246 4212 η
3298 4151 3364 4208 Et
3410 4151 3594 4216 item:

333 4244 437 4301 est,
461 4238 842 4308 integritatem
879 4241 1139 4303 refertur,
1165 4240 1334 4298 debet
1363 4241 1432 4300 ad
1464 4257 1718 4301 normam
1753 4241 1928 4300 civilis
2013 4260 2038 4298 (ί
2072 4241 2300 4304 Mittens
2324 4239 2563 4310 lapidem
2591 4239 2648 4304 in
2670 4238 2914 4304 volatilia
2937 4239 3163 4314 dejiciet
3184 4239 3298 4302 illa.
3325 4240 3414 4306 Sic
3432 4246 3489 4308 et
3503 4239 3600 4320 qui

335 4326 488 4396 pacis
522 4344 626 4396 pax
668 4327 897 4388 fermarl
937 4329 1266 4391 domestica,
1312 4335 1376 4390 ut
1418 4329 1563 4386 sicut
1607 4329 1782 4392 civilis
1825 4330 2349 4432 pachonViciatur
2376 4329 2555 4393 amico
2591 4345 2712 4395 suo,
2745 4327 2994 4388 dissolvit
3020 4328 3326 4396 amicitiam
3366 4328 3603 4399 Adamis

331 4416 574 4485 publicis
605 4424 967 4470 conservatur
995 4418 1231 4486 legibus,
1266 4419 1344 4470 sic
1391 4424 1447 4471 et
1487 4435 1591 4487 pax
1621 4418 1928 4480 domestica

332 4504 566 4574 privatis
583 4506 981 4565 traditionibus
1002 4507 1254 4576 legitime
1274 4506 1808 4575 gubernetur.Unde
1827 4508 1928 4560 sic-

332 4599 395 4652 ut
418 4593 510 4652 ille
535 4595 629 4664 qui
663 4610 853 4664 penem
885 4595 1163 4664 publicam
1193 4603 1400 4658 tuetur.
1435 4603 1592 4666 pater
1620 4598 1812 4674 patriae
1838 4597 1924 4658 di-

334 4683 513 4742 eitur;
545 4683 624 4741 sic
653 4691 711 4741 et
730 4684 822 4753 qui
858 4701 1049 4753 pacem
1079 4684 1444 4747 domesticam
1485 4685 1649 4755 regit,
1678 4686 1926 4760 paterfa-

333 4770 519 4830 milias
549 4772 758 4831 meruit
780 4773 1113 4840 nuncupari.

406 4859 475 4918 Et
503 4861 768 4930 quoniam
797 4869 1055 4931 respectu
1085 4861 1310 4922 familiai
1339 4878 1454 4924 suae
1493 4863 1670 4932 patris
1701 4863 1924 4927 nomine

332 4955 616 5011 censetur,
648 4949 809 5004 decet
830 4950 1022 5014 etiam,
1049 4950 1309 5011 omnibus
1330 4951 1504 5006 servis
1525 4951 1661 5011 suis,
1678 4950 1773 5021 qui
1798 4967 1925 5020 pars

331 5037 560 5098 familias
597 5044 730 5096 sunt
760 5039 976 5108 paterni
1003 5039 1206 5098 favoris
1245 5040 1603 5099 clementiam
1643 5039 1923 5106 exhibere,

334 5135 612 5195 quatenus
635 5128 850 5186 occasio
873 5127 1164 5186 turbandae
1185 5129 1502 5186 domesticae
1524 5128 1676 5199 pacis
1705 5128 1928 5182 subtra-

330 5216 518 5274 hatur.
555 5219 602 5272 Λ
630 5233 741 5288 qua
770 5217 1051 5276 sententia
1079 5234 1192 5276 non
1239 5217 1494 5278 discedit.
1525 5219 1672 5287 quod
1701 5218 1928 5287 quidam

331 5305 572 5374 vulgatis
595 5306 947 5366 auctoritatis
975 5305 1196 5376 sapiens
1227 5306 1459 5364 tradidit
1491 5321 1501 5355 :
1535 5325 1559 5357 ((
1585 5307 1674 5370 Sic
1694 5323 1818 5366 cum
1843 5307 1928 5370 in...

338 5393 546 5453 feriere
603 5393 772 5458 vivas.
826 5395 1298 5464 quemadmodum
1356 5395 1700 5465 superiorem
1743 5401 1928 5460 tecum

337 5483 522 5541 vivere
559 5483 752 5541 velles.
788 5484 1018 5548 Quoties
1064 5485 1120 5543 iu
1149 5492 1395 5544 mentem
1444 5484 1613 5550 venit,
1656 5491 1928 5554 quantum

331 5571 440 5636 tibi
466 5572 530 5629 in
555 5588 778 5632 servum
805 5577 970 5634 tuum
996 5573 1178 5640 uocat,
1212 5573 1399 5637 veniat
1425 5574 1486 5636 in
1513 5579 1782 5640 mentem.
1802 5579 1934 5639 tam

2009 4436 2136 4481 cum
2169 4419 2297 4480 etsi
2331 4417 2662 4488 produxeris
2712 4417 2984 4491 gladium.
3037 4433 3150 4479 non
3179 4417 3480 4489 desperes;
3513 4422 3599 4482 est

2009 4509 2159 4573 enim
2189 4524 2494 4577 regressus.
2531 4505 2614 4570 Ad
2648 4506 2890 4570 amicum
2915 4505 2961 4567 si
3004 4506 3294 4584 aperueris
3326 4523 3389 4573 οξ
3415 4506 3599 4584 triste.

2009 4615 2120 4658 non
2150 4598 2392 4665 timeas;
2429 4602 2516 4650 est
2543 4595 2691 4656 enim
2737 4595 3113 4660 concordatio,
3151 4601 3378 4674 excepto
3409 4596 3600 4664 QODYi?

2008 4687 2112 4747 cio,
2169 4685 2525 4756 improperio,
2589 4690 2647 4742 et
2689 4682 2972 4759 superbia,
3008 4690 3065 4750 et
3108 4685 3362 4758 mysterii
3390 4685 3600 4753 revela:

2007 4775 2160 4832 tione
2189 4781 2245 4837 et
2275 4775 2439 4844 plaga
2457 4773 2650 4834 dalosa
2677 4791 2689 4828 :
2721 4773 2778 4830 in
2806 4772 2891 4832 bis
2921 4771 3180 4838 omnibus
3206 4773 3438 4852 caugiet
3457 4773 3603 4842 exui:

2008 4879 2124 4916 cus.
2169 4863 2225 4916 Si
2256 4861 2626 4916 denudaveris
2648 4859 2920 4913 absconsa
2948 4861 3121 4926 illius,
3152 4877 3264 4915 non
3298 4878 3604 4936 persequax

2009 4951 2086 5020 ris
2110 4958 2236 5021 post
2255 4966 2403 5014 eum.
2435 4949 2590 5006 Sicut
2621 4949 2715 5019 qui
2744 4948 2979 5014 dimittit
2997 4966 3155 5018 avom
3186 4950 3254 5016 de
3285 4966 3453 5016 manu
3474 4945 3597 5015 Sua,

2009 5040 2088 5094 sic
2115 5037 2464 5108 dereliquisti
2515 5038 2830 5113 proximum
2880 5044 3062 5106 tuum,
3105 5043 3162 5106 et
3203 5053 3314 5106 non
3354 5052 3481 5104 eum
3513 5052 3604 5103 cae

2012 5128 2145 5198 pies.
2191 5127 2470 5190 Maledicti
2521 5134 2605 5182 est
2651 5127 3040 5195 concordatis;
3099 5124 3386 5192 denudare
3433 5121 3602 5193 amici

2013 5216 2299 5288 mysteria.
2325 5214 2642 5285 desperatio
2664 5222 2748 5278 est
2768 5215 2968 5281 anima
2997 5212 3254 5277 inﬁdelis.
3285 5229 3312 5276 ρ

2083 5305 2163 5372 De
2197 5303 2431 5362 muliere
2462 5321 2588 5362 vero
2612 5303 2816 5357 ibidem
2847 5299 3334 5382 adiungiturquia
3358 5298 3603 5370 «mulier

2013 5394 2173 5454 fortis
2209 5393 2451 5454 oblectat
2481 5392 2659 5456 virum
2691 5406 2877 5454 suum,
2923 5379 2976 5451 et
3003 5381 3179 5454 annos
3209 5379 3332 5450 vitae
3359 5388 3508 5456 illius
3545 5389 3606 5460 in

2013 5500 2148 5560 pace
2173 5481 2439 5552 implebit.
2480 5500 2499 5536 ι
2537 5479 2693 5544 Sicut
2722 5483 2908 5542 autem
2929 5476 3128 5544 beatus
3152 5484 3240 5546 est
3268 5477 3364 5562 qui
3391 5476 3608 5546 habitat

2016 5589 2146 5640 eum
2174 5571 2412 5640 muliere
2443 5574 2688 5636 sensata,
2735 5566 2814 5634 sic
2866 5583 2898 5630 e.
2941 5567 3159 5638 diverso,
3191 5588 3214 5632 ς
3249 5563 3609 5638 mmmam.
