4040 6182
432 313 564 376 [623

1751 314 1972 372 RUFIN
1976 314 2002 371 Ι
2025 313 2370 372 ‘EPISCOPI

3552 312 3699 370 1624

423 437 779 515 inquitJeo'ni
797 443 854 496 et
873 437 1098 494 draconi
1111 437 1349 510 placebit
1367 438 1546 508 magis
1557 454 1727 510 quam
1745 437 2002 493 habitare
2015 436 2282 502 Adivinis
2313 437 2549 508 eloquiis
2577 438 2794 510 respice
2849 437 3144 495 Israelem.
3194 439 3394 495 Nonne
3440 438 3522 505 hi,
3553 436 3697 493 dum

423 549 551 588 cum
574 530 809 585 muliere
836 545 1097 600 nequam,
1129 547 1154 580 ι›
1178 545 1244 582 ea
1269 527 1534 593 maxime,
1570 544 1693 597 qua;
1718 527 2013 582 verborum

422 619 760 694 procacitate
793 617 1061 672 continua
1106 617 1223 670 viro
1255 616 1444 687 quieto
1473 622 1529 670 et
1559 616 1788 686 paciﬁco
1837 619 2013 671 mole-

425 710 595 765 etiam
623 706 831 779 ingerit
857 723 1024 778 quam
1046 721 1317 759 amaram.
1346 705 1506 758 Unde
1536 704 1730 777 [sicut]
1769 724 1792 756 ε
1823 722 2011 760 ascen-

422 815 519 854 sus
546 807 816 852 arenosus
845 794 902 849 in
945 795 1180 866 pedibus
1228 793 1496 858 veterani,
1532 793 1611 847 sic
1660 793 1864 848 mulier
1910 795 2014 849 lin-

420 893 596 959 gnata
623 885 838 940 homini
859 884 1069 954 quieto.
1107 903 1130 934 ι

493 977 578 1032 Ne
595 975 770 1046 igitur
796 990 897 1045 per
919 971 1244 1042 hujusmodi
1270 987 1376 1043 pax
1397 971 1656 1026 amicitiae
1667 971 2008 1043 familiaeque

421 1069 740 1137 rumpatur,
791 1062 1082 1117 iracundia
1123 1079 1223 1133 per
1259 1060 1768 1124 mansuetudinem,
1804 1078 1906 1132 per
1933 1062 2013 1116 lo-

421 1155 631 1229 quendi
659 1151 1063 1225 parcimoniam
1100 1149 1406 1204 verbositas
1444 1149 1789 1206 excludatur.
1833 1151 2013 1205 Aures

419 1244 704 1316 sapiamus
735 1259 770 1296 a
801 1240 1088 1309 susurriis,
1118 1256 1180 1294 os
1226 1238 1296 1293 ab
1325 1238 1584 1292 omnibus
1631 1238 1890 1292 conviciis
1919 1256 2014 1310 op-

419 1333 683 1406 pilemus,
714 1331 869 1386 nullo
900 1346 1070 1401 super
1096 1329 1339 1383 amicum
1369 1328 1671 1382 efferamur
1691 1328 2006 1398 supercilio,

420 1423 608 1480 nullas
638 1422 697 1476 in
721 1436 850 1475 eum
876 1418 1089 1473 fraudis
1131 1417 1431 1471 moliamur
1457 1415 1711 1480 insidias,
1745 1432 1848 1470 nec
1875 1417 2016 1471 ami-

422 1527 617 1568 corum
646 1513 881 1574 secreta,
915 1523 1036 1578 quae
1065 1505 1341 1570 novimus,
1362 1505 1562 1575 lingua
1591 1505 1881 1576 pruriente
1912 1506 2013 1560 de-

422 1601 722 1657 nudemus.
755 1597 884 1651 Haec
913 1596 1061 1650 enim
1096 1595 1225 1657 tria,
1265 1593 1477 1648 scilicet
1503 1593 1875 1651 inimicitiam.
1908 1595 2013 1650 du-

423 1690 734 1764 plicitatem
764 1691 821 1740 et
843 1683 1136 1757 perﬁdiam
1163 1682 1424 1737 amicitia:
1443 1698 1657 1736 venena
1683 1683 1803 1737 fore
1829 1685 2014 1754 explo-

2097 543 2288 598 pacem
2319 527 2468 581 inter
2495 544 2554 581 se
2576 527 2853 583 haberent
2870 534 2928 583 et
2950 530 3022 583 ad
3053 528 3361 583 Dominum
3391 528 3696 582 unanimes

2096 616 2546 686 ingemiscerent.
2580 617 2651 671 de
2677 617 2916 690 Egypto
2940 617 3112 672 eximi
3141 617 3317 688 signis
3338 617 3697 688 triumphan-

2095 703 2245 759 tibus
2265 705 2628 760 meruerunt?
2647 706 2800 761 Mare
2829 707 2968 761 vidit
2995 724 3091 761 eos
3109 706 3349 762 sociatos
3369 712 3426 761 et
3447 705 3691 776 aufugit,

2096 797 2500 848 convertuntur
2545 800 2677 848 ante
2724 811 2819 849 eos
2849 795 3086 850 ﬂumina
3111 801 3422 849 retrorsum
3467 794 3698 864 cognati

2095 883 2270 937 maris
2298 882 2581 937 imitantia
2607 884 2964 945 famulatum,
2997 885 3199 939 calum
3232 900 3416 938 escam
3438 883 3698 937 esurien-

2055 1001 2073 1018 -
2095 971 2265 1033 tibus,
2296 978 2456 1042 petra
2482 977 2675 1042 potum
2704 972 3024 1027 sitientibus
3054 973 3481 1029 subministrat.
3513 971 3699 1025 Beata

2096 1061 2213 1115 haec
2235 1077 2374 1130 gens
2404 1066 2543 1124 erat,
2566 1061 2725 1130 cujus
2772 1061 3046 1116 Dominus
3089 1063 3239 1117 Deus
3269 1077 3486 1126 eorum,
3528 1060 3700 1132 plena

2095 1149 2332 1220 populis,
2360 1150 2549 1219 opima
2576 1149 2806 1212 divitiis,
2855 1156 2911 1204 et
2961 1150 3176 1205 viribus
3221 1150 3545 1205 fortissimis
3577 1155 3698 1204 tam

2095 1237 2361 1292 roborosa
2372 1243 2436 1292 ut
2454 1254 2600 1292 unus
2625 1239 2778 1293 mille
2799 1239 3109 1307 invaderet,
3126 1245 3182 1294 et
3198 1239 3309 1293 duo
3348 1239 3542 1293 decem
3566 1239 3698 1293 mil-

2095 1325 2171 1380 lia
2197 1332 2660 1382 transmoverent.

2166 1415 2368 1470 Postea
2412 1432 2562 1479 vero,
2612 1417 2836 1488 quando
2866 1417 3145 1472 scandalis
3183 1418 3354 1488 coepit
3378 1433 3446 1471 ac
3475 1417 3697 1471 dissen-

2095 1503 2344 1559 sionibus
2371 1505 2581 1575 urgeri,
2611 1511 2668 1559 et
2691 1507 2748 1560 in
2783 1513 2974 1577 partes
3004 1507 3194 1572 dividi,
3214 1512 3585 1578 posteaquam
3607 1507 3697 1560 Je-

2097 1592 2326 1648 roboam
2347 1599 2404 1648 et
2419 1594 2670 1649 Roboam
2691 1595 2934 1650 diarchae
2957 1596 3303 1667 prodierunt.
3317 1602 3693 1667 posteaquam

2096 1683 2366 1737 factiones
2397 1687 2455 1737 et
2483 1683 2806 1750 seditiones,
2840 1690 3206 1756 posteaquam
3239 1701 3379 1756 puer
3407 1685 3581 1755 ηοεμῆ
3606 1701 3696 1738 se-

421 1751 534 1835 rati
555 1775 752 1848 judicii
773 1751 878 1830 est.
907 1773 1049 1828 Dein
1078 1778 1133 1826 et
1161 1779 1244 1833 tu,
1269 1771 1364 1842 qui
1393 1771 1620 1842 privatae
1633 1772 1832 1826 domus
1853 1751 2010 1828 actus
2028 1751 2078 1814 Β
2101 1772 2336 1835 niorem,
2366 1772 2629 1842 ignobilis
2653 1751 2989 1828 honoratum
3015 1751 3316 1837 oﬂ’endere,
3333 1775 3389 1828 in
3424 1751 3560 1845 quid
3593 1774 3698 1827 de-

421 1869 730 1940 dispensas,
767 1862 1020 1918 mulieris
1061 1861 1146 1914 vel
1176 1861 1364 1915 uxoris
1392 1866 1505 1914 tuae
1533 1861 1870 1931 proterviam
1901 1862 2011 1915 im-

420 1972 622 2030 perare
649 1967 940 2025 nunquam
984 1948 1322 2004 consentias.
1374 1948 1654 2019 Scriptum
1708 1954 1796 2002 est
1840 1949 2012 2014 enim,

423 2046 558 2120 quia
583 2062 609 2097 «
640 2043 865 2108 mulier,
895 2040 944 2095 si
990 2039 1296 2111 primatum
1347 2036 1571 2104 habeat,
1619 2037 1902 2092 contraria
1931 2044 2019 2093 est

422 2135 542 2190 viro
567 2149 689 2189 suo.
725 2152 750 2183 ι

423 2277 556 2333 CAP.
586 2270 792 2330 XVIII.
838 2297 909 2312 —
954 2269 1232 2336 Quantam
1261 2268 1531 2320 bonorum
1560 2271 2042 2348 consequentz'am_

841 2374 959 2430 paa:
987 2357 1590 2425 habeathabylonica“

491 2487 868 2544 Monstratum
897 2486 986 2538 est
1015 2497 1161 2544 ecce,
1196 2477 1398 2552 quibus
1426 2478 1607 2532 modis
1637 2493 1744 2550 pax
1781 2478 2018 2550 Babylo-

421 2577 550 2644 niae,
586 2573 786 2630 mundi
818 2572 1047 2639 scilicet,
1081 2568 1338 2624 contrahi
1363 2566 1565 2622 debeat
1592 2571 1646 2621 et
1674 2569 2012 2622 conservari.

422 2667 705 2732 Quantam
733 2667 922 2716 autem
945 2659 1218 2713 bonorum
1247 2656 1645 2728 temporalium
1673 2672 2014 2727 consequen-

419 2756 560 2810 tiam
589 2752 796 2808 habeat
822 2766 928 2822 pax
952 2749 1064 2804 ista
1081 2746 1388 2812 mundana,
1413 2745 1678 2816 exemplis
1691 2751 1878 2816 potest
1896 2745 2018 2800 mil-

416 2842 566 2900 libus
595 2840 842 2897 edoceri.

493 2929 922 3002 Quamprimum
975 2941 1110 2997 ergo
1152 2925 1212 2978 in
1243 2924 1362 2996 ipso
1407 2927 1526 2977 toto
1565 2923 1776 2976 mundo
1822 2939 2016 2994 pacem

425 3021 728 3096 quamdam
750 3016 1067 3072 naturalem
1088 3014 1399 3079 considera,
1417 3029 1529 3084 qua
1565 3012 1793 3084 superni
1816 3029 2017 3068 manus

423 3109 679 3167 Artiﬁcis
708 3107 1055 3162 diversarum
1081 3108 1414 3158 naturarum
1447 3102 1723 3155 elementa
1747 3101 1806 3154 in
1837 3118 2016 3156 unum

420 3200 607 3271 coegit
633 3213 833 3268 corpus
861 3210 1176 3265 assurgere,
1201 3197 1258 3246 et
1298 3207 1527 3262 prorsus
1555 3191 1784 3245 dissona
1809 3191 1867 3244 in
1897 3197 2019 3244 tan-

418 3295 539 3344 tam
569 3286 770 3343 statuit
799 3282 1226 3339 consonantiam
1255 3281 1524 3351 aspirare,
1560 3286 1626 3334 ut
1645 3279 1751 3333 nisi
1785 3279 2017 3333 alterius

421 3375 597 3448 ligata
625 3374 888 3430 subsidiis
907 3389 1020 3427 non
1041 3370 1311 3426 subsistat
1362 3369 1579 3424 Caelum
1602 3368 1751 3422 enim
1768 3367 1875 3421 nisi
1907 3369 2019 3421 exi-

421 3472 615 3532 steret,
641 3480 753 3536 quo
785 3463 976 3518 lumen
999 3460 1282 3527 funderet,
1312 3475 1424 3513 non
1462 3456 1712 3512 haberet.
1745 3456 1878 3510 Acri
1907 3473 2018 3511 cce-

420 3556 539 3611 lum
567 3555 811 3609 colorem
836 3550 1096 3610 exhibet;
1120 3565 1220 3602 aer
1245 3553 1456 3602 terram
1484 3547 1634 3600 fovet
1660 3545 2018 3611 imbribus,et

421 3643 640 3700 cunctis
659 3638 1044 3694 animantibus
1064 3638 1234 3691 vitam
1267 3634 1470 3690 tribuit
1505 3634 1831 3705 respiratus.
1857 3637 2019 3704 Aqua

421 3731 606 3786 ﬂuviis
630 3729 864 3799 irrigat;
897 3743 1020 3798 quae
1043 3726 1240 3796 utique
1271 3730 1328 3778 et
1357 3723 1481 3794 ipsa
1509 3739 1624 3777 non
1661 3722 2014 3789 subsisteret,

425 3819 474 3874 si
492 3835 617 3873 eam
660 3826 827 3872 terra:
871 3815 1080 3869 fundus
1108 3813 1343 3868 ultimus
1384 3829 1496 3866 non
1518 3817 1755 3869 teneret.
1787 3811 2018 3866 Talibus

423 3907 599 3979 igitur
625 3903 846 3976 legibus
864 3902 1134 3957 foederata
1162 3902 1441 3956 elementa
1469 3916 1663 3972 pacem
1688 3898 1898 3953 habent
1921 3899 2018 3953 de-

424 4013 619 4052 coram
644 3999 704 4050 et
721 3999 1070 4066 perpetuam.

497 4085 659 4150 Quod
677 4084 726 4138 si
754 4082 1026 4138 dissensio
1047 4081 1235 4152 aliqua
1255 4080 1522 4135 adversus
1542 4096 1601 4133 se
1618 4078 1748 4133 huic
1768 4079 2018 4133 materiae

422 4177 744 4245 generetur,
772 4175 830 4225 et
868 4170 1143 4226 seditione
1171 4169 1361 4240 aliqua
1389 4167 1725 4222 solutionem
1765 4167 1851 4221 sui
1897 4183 2017 4221 me-

423 4263 634 4317 ditetur
661 4261 779 4315 haec
800 4259 1081 4322 machina,
1111 4258 1198 4312 vel
1238 4258 1286 4312 si
1317 4257 1504 4311 divino
1534 4261 1678 4310 nutu
1706 4255 1920 4326 aliquid
1949 4271 2016 4309 ex

2096 1863 2330 1926 veniret,
2366 1861 2499 1932 quid
2551 1862 2701 1933 passi
2751 1863 2883 1925 sint,
2918 1869 2976 1917 et
3022 1869 3272 1918 veterum
3330 1863 3584 1917 historiae
3641 1867 3701 1917 et

2096 1951 2564 2007 Threnirecitant
2591 1953 2864 2007 Jeremiaa.
2890 1953 3033 2007 Nam
3067 1953 3317 2024 undique
3354 1953 3412 2006 in
3452 1969 3549 2006 eos
3583 1951 3704 2005 bel-

2097 2042 2281 2096 lorum
2320 2039 2504 2094 rabies
2530 2046 2584 2094 et
2613 2040 2748 2095 ferri
2797 2042 3066 2096 eﬂ'renata
3096 2042 3340 2105 licentia,
3383 2041 3518 2095 urbs
3556 2057 3698 2112 prae-

2101 2129 2254 2184 clara
2280 2127 2676 2200 prosternitur,
2699 2129 2972 2200 templum
3001 2129 3408 2183 sanctiﬁcatum
3433 2127 3700 2200 profana-

2099 2225 2214 2285 tur,
2257 2233 2422 2271 nemo
2443 2217 2742 2272 miseretur
2769 2217 3016 2284 senibus,
3033 2235 3198 2272 nemo
3221 2217 3549 2284 infantibus,
3575 2216 3701 2271 abs-

2103 2323 2211 2378 que
2240 2311 2495 2378 respectu
2509 2306 2745 2376 juvenes
2772 2307 3148 2371 trucidantur,
3187 2307 3461 2362 matronis
3499 2306 3583 2360 nil
3613 2322 3702 2359 ve-

2099 2395 2398 2458 recundiae,
2421 2395 2499 2448 nil
2522 2394 2752 2465 pudoris
2776 2395 3086 2466 virginibus
3116 2402 3456 2450 reservatur.
3482 2396 3546 2449 In
3571 2395 3702 2465 ipsa

2099 2490 2289 2538 autem
2319 2483 2627 2549 obsidione,
2660 2489 2963 2554 antequam
2995 2501 3055 2538 se
3079 2485 3371 2538 traderent
3397 2485 3454 2538 in
3488 2500 3700 2538 manus

2096 2572 2287 2644 gladii,
2320 2578 2435 2626 tam
2481 2572 2686 2626 infesta
2707 2572 3107 2628 cruciabuntur
3131 2574 3321 2628 inedia
3359 2580 3422 2630 ut
3457 2574 3517 2628 in
3544 2573 3701 2628 fame

2099 2663 2260 2715 ﬁeret
2286 2661 2449 2715 famis
2477 2660 2787 2715 remedium
2829 2662 3090 2716 solatium
3138 2663 3526 2717 dulcissimum
3555 2663 3700 2717 libe-

2097 2766 2323 2815 rorum;
2353 2750 2424 2804 ad
2451 2755 2763 2804 extremum
2793 2766 2827 2803 a
2854 2750 3050 2821 patriae
3088 2751 3295 2805 ﬁnibus
3331 2752 3543 2806 turbati
3597 2769 3702 2823 per

2102 2855 2294 2893 omnes
2323 2838 2726 2909 disperguntur
2753 2839 3084 2909 provincias,
3107 2845 3328 2894 aaternae
3357 2840 3705 2911 captivitatis

2100 2927 2386 2982 miseriam
2415 2927 2791 2998 deplorantes.
2815 2929 2974 2993 Ecce,
3000 2929 3095 2999 qui
3123 2933 3257 2982 sunt
3283 2928 3575 2984 discordiae
3592 2929 3708 2983 exi-

2102 3023 2195 3071 tus
2224 3023 2281 3071 et
2302 3017 2522 3071 fructus
2551 3017 2910 3071 dissidiorum
2934 3019 2946 3070 l

2175 3106 2252 3160 Ex
2279 3106 2691 3160 contrariorum
2739 3106 3028 3160 eﬂectibus
3081 3122 3234 3176 ergo,
3286 3112 3564 3177 quantum
3624 3107 3704 3160 sit

2101 3195 2271 3264 hujus
2293 3194 2444 3265 pacis
2474 3194 2703 3259 bonum,
2731 3196 2848 3265 jam
2874 3195 3079 3249 clarius
3105 3195 3374 3250 videmus.
3403 3196 3518 3249 Pax
3545 3196 3708 3250 enim

2099 3284 2217 3337 haec
2269 3282 2528 3354 producit
2584 3283 3006 3354 rempublicam.
3040 3291 3319 3355 propagat
3363 3284 3706 3354 potentiam,

2100 3371 2366 3425 fortiﬁcat
2401 3387 2596 3441 regna,
2629 3370 2920 3425 libertates
2969 3370 3249 3437 nobilitat,
3305 3372 3495 3426 condit
3522 3373 3706 3444 leges,

2100 3461 2203 3514 alit
2228 3465 2398 3524 artes,
2443 3460 2692 3514 illustrat
2719 3461 2978 3525 honores,
3027 3460 3358 3531 religionem
3391 3461 3553 3525 fovet,
3588 3462 3710 3516 im-

2099 3549 2218 3619 plet
2253 3547 2471 3616 urbem,
2515 3548 2854 3619 multiplicat
2881 3547 3149 3614 sobolem,
3182 3549 3348 3602 altrix
3391 3554 3476 3602 est
3504 3551 3709 3620 pueri-

2101 3637 2211 3698 tize,
2232 3637 2408 3691 tutrix
2438 3637 2846 3698 adolescentiae,
2869 3638 3220 3707 juventutem
3255 3637 3518 3702 laetiﬁcat,
3548 3639 3709 3692 cani-

2101 3725 2237 3780 tiem
2279 3726 2613 3780 condecorat
2654 3726 2978 3780 senectutis.
3033 3727 3190 3790 Quod
3236 3732 3419 3780 totum
3470 3743 3536 3780 ex
3583 3743 3706 3782 uno

2103 3814 2404 3885 Scriptum
2432 3815 2758 3868 testimonio
2797 3815 3060 3885 colligere
3098 3814 3200 3868 tibi
3231 3821 3334 3868 est.
3374 3816 3514 3869 Cum
3546 3817 3705 3870 enim

2103 3903 2340 3958 Genesis
2370 3903 2638 3973 dejurgio
2659 3903 2808 3957 inter
2835 3909 3088 3974 pastores
3118 3904 3342 3958 Geraraa
3369 3910 3425 3958 et
3443 3912 3706 3975 pastores

2101 3993 2258 4047 Isaac
2287 3997 2498 4063 ageret,
2527 3992 2781 4062 adjunxit
2814 3992 2962 4062 quod
3005 4012 3028 4043 cr
3079 3993 3322 4063 primum
3354 4000 3610 4063 puteum,
3675 4016 3698 4046 ι

2101 4082 2170 4136 de
2199 4098 2308 4152 quo
2338 4081 2504 4135 rixati
2532 4087 2681 4147 sunt,
2694 4100 2720 4132 «
2742 4081 2956 4134 vocavit
2980 4081 3134 4135 Isaac
3155 4082 3533 4144 Calumniam,
3557 4104 3581 4134 υ
3608 4101 3709 4138 se-

2099 4171 2343 4225 cundum
2372 4173 2731 4225 Inimicitias.
2763 4170 3014 4236 tertium,
3046 4170 3116 4223 de
3147 4186 3256 4241 quo
3277 4186 3388 4224 non
3416 4171 3526 4225 fuit
3553 4172 3708 4228 rixa-

2097 4260 2196 4323 tio,
2242 4260 2619 4314 Latitudinem
2668 4258 2994 4312 nominavit.
3043 4259 3113 4312 Et
3150 4259 3414 4313 Salomon
3445 4260 3502 4314 in
3554 4261 3708 4315 Pro-

421 4351 533 4405 ista
561 4365 699 4421 pace
728 4354 1037 4415 moveatur,
1072 4347 1120 4401 si
1145 4347 1229 4400 vel
1260 4363 1416 4400 mare
1437 4347 1717 4407 eﬂ'erveat,
1753 4344 1838 4397 vel
1861 4348 2014 4397 terra
2031 4387 2079 4444 D
2098 4347 2301 4402 verbiis
2329 4366 2339 4400 :
2383 4365 2411 4400 α
2461 4347 2568 4411 Qui
2596 4347 2972 4418 ineuntpacis
3001 4347 3255 4414 consilia,
3302 4354 3570 4419 sequetur
3601 4367 3708 4404 eos

424 4437 735 4512 quatiatur,
753 4438 800 4492 si
822 4437 1170 4508 perniciosus
1200 4435 1380 4489 imber
1403 4434 1642 4499 decidat,
1661 4438 1761 4487 aut
1779 4433 1862 4486 sol
1881 4431 2013 4486 sub-
2033 4431 2077 4444 "
2097 4437 2385 4507 gaudium,
2423 4455 2448 4487 ι

421 4535 605 4584 tracta
633 4530 756 4583 luce
785 4527 1045 4598 refugiat,
1080 4526 1127 4580 si
1157 4542 1256 4581 aer
1290 4524 1583 4580 ardoribus
1626 4522 2010 4590 excandescat,

422 4622 525 4672 aut
544 4618 695 4672 ultra
715 4633 1038 4671 mensuram
1065 4615 1151 4671 sui
1181 4620 1387 4669 natura
1432 4614 1578 4685 ignis
1608 4616 1894 4678 exaestuet,
1925 4629 2016 4665 ex-

423 4705 636 4760 cidium
663 4705 784 4760 sine
812 4705 983 4760 dubio
1004 4705 1199 4759 mundi
1223 4704 1598 4774 interitusque
1623 4701 2012 4772 putatur,dum

421 4793 635 4849 bonum
663 4794 815 4863 pacis
871 4794 1279 4848 elementorum
1330 4793 1435 4847 hac
1464 4791 1738 4847 seditione
1790 4789 2017 4844 subver-

421 4884 586 4939 titur.

495 4973 572 5029 Ut
590 4977 780 5027 autem
810 4971 1068 5026 omittam
1097 4988 1272 5042 regna
1305 4976 1363 5025 et
1393 4972 1630 5042 p0pulos
1663 4970 2012 5035 innumeros,

418 5068 484 5119 ut
521 5063 782 5118 omittam
809 5061 1084 5122 civitates,
1117 5060 1361 5114 familias
1390 5076 1454 5112 ac
1483 5061 1698 5122 domos,
1732 5076 1857 5129 quae
1900 5075 2014 5113 om-

415 5153 514 5208 nia
544 5169 642 5224 per
669 5168 861 5223 pacem
894 5156 949 5205 et
973 5149 1327 5204 concordiam
1359 5155 1621 5203 constant
1663 5166 1761 5219 per
1791 5148 2011 5201 dissen-

419 5241 636 5296 sionem
661 5258 787 5296 vero
820 5241 1114 5296 solvuntur
1143 5247 1198 5294 et
1229 5244 1484 5309 pereunt.
1509 5245 1572 5292 ut
1590 5246 1806 5292 taceam
1840 5237 2010 5290 etiam

419 5329 489 5384 de
520 5331 636 5400 ipsa
680 5330 836 5389 urbe,
871 5347 994 5401 qua:
1049 5329 1219 5398 prTus,
1254 5328 1385 5381 dum
1446 5326 1501 5380 in
1551 5343 1614 5380 ea
1648 5342 1750 5395 pax
1799 5325 2007 5379 ﬂoruit.

417 5418 648 5473 domina
673 5419 779 5473 fuit
829 5419 1043 5472 uiundi.
1078 5435 1224 5471 nunr
1247 5424 1434 5471 autem
1471 5433 1608 5486 pene
1649 5417 1797 5484 ju-et
1827 5413 2011 5467 humi-

421 5507 556 5560 liata
599 5508 966 5562 seditionibus
1018 5516 1068 5562 et
1118 5507 1276 5561 lii-liis
1322 5505 1575 5559 civilibus
1617 5511 2007 5572 (unquassuta,

415 5601 503 5662 ut,
524 5596 778 5665 inquam,
804 5598 996 5652 omnia
1024 5599 1134 5650 ista
1164 5607 1517 5668 praeteream,
1559 5595 1631 5648 ad
1673 5593 2010 5652 taiiiiliarem

2165 4525 2322 4579 Adde
2342 4525 2490 4596 quod
2511 4542 2618 4596 pax
2651 4525 2759 4580 ista
2777 4525 2869 4579 via
2899 4524 3153 4596 quaedam
3183 4531 3242 4580 et
3278 4527 3430 4581 scala
3457 4533 3561 4594 est,
3595 4546 3712 4599 per

2096 4631 2265 4685 quam
2296 4615 2367 4668 ad
2391 4631 2583 4686 pacem
2603 4615 2917 4668 Jerusalem
2937 4614 3298 4668 obtinendam
3323 4615 3704 4686 pertingitur;

2097 4702 2210 4757 imo
2241 4704 2298 4757 in
2334 4721 2470 4774 pace
2505 4703 2617 4757 ista
2643 4720 2748 4774 pax
2776 4703 3091 4762 Jerusalem
3127 4703 3453 4768 includitur,
3493 4709 3552 4758 et
3581 4722 3714 4759 ser-

2096 4797 2277 4854 vatur,
2311 4793 2455 4846 sicut
2479 4808 2650 4863 supra
2670 4809 2736 4846 ex
2774 4792 2955 4846 verbis
2979 4792 3236 4846 Jeremiaa
3271 4793 3433 4846 licuit
3459 4793 3707 4849 intueri.

2099 4881 2168 4934 Et
2188 4881 2396 4935 Paulus
2419 4882 2491 4935 ad
2509 4881 2865 4936 Timotheum
2879 4898 2980 4952 pro
3001 4881 3107 4935 hac
3144 4898 3282 4952 pace
3321 4898 3483 4935 orare
3507 4883 3707 4939 docet:

2101 4987 2127 5023 α
2160 4969 2402 5025 Obsecro
2430 4971 2604 5040 igitur
2632 4971 2876 5042 primum
2905 4971 3158 5024 omnium
3203 4970 3325 5024 ﬁeri
3356 4970 3712 5028 obsecratio-

2097 5075 2217 5123 nes,
2267 5059 2570 5124 orationes,
2625 5058 3051 5129 postulationes,
3085 5058 3402 5128 gratiarum
3443 5061 3714 5116 actiones

2096 5163 2196 5217 pro
2225 5147 2506 5212 omnibus,
2562 5146 2901 5206 hominibus,
2925 5163 3024 5216 pro
3070 5146 3294 5216 regibus
3326 5152 3382 5201 et
3409 5147 3710 5214 omnibus,

2096 5237 2191 5307 qui
2232 5237 2285 5290 in
2332 5237 2678 5290 sublimitate
2709 5244 2842 5290 sunt
2877 5236 3186 5297 constituti,
3239 5242 3296 5289 et
3337 5236 3586 5304 quietam
3645 5245 3718 5293 et

2093 5327 2456 5396 tranquillum
2493 5327 2658 5379 \itam
2691 5341 2925 5395 agamus
2959 5325 3012 5376 in
3036 5324 3185 5376 omni
3210 5327 3418 5394 pietate
3448 5332 3505 5378 et
3530 5327 3713 5380 casti-

2091 5422 2226 5467 tate.
2263 5437 2284 5465 ι)
2325 5417 2454 5467 lmle.
2483 5424 2564 5467 est
2598 5418 2740 5484 qumi
2769 5415 3035 5466 l)n.ninu$
3067 5422 3257 5466 noster
3283 5430 3473 5482 pacem
3512 5414 3715 5469 Eccle-

2094 5504 2190 5557 siae
2242 5504 2477 5557 daturus
2518 5504 2838 5564 tld\cllit’ll5,
2885 5512 3098 5556 tantum
3149 5503 3199 5555 ei
3249 5518 3439 5572 pacem
3474 5509 3716 5572 paravit

2092 5602 2156 5645 ut
2174 5593 2422 5647 auferret
2448 5594 2592 5647 bella
2622 5608 2798 5661 usque
2823 5593 2895 5645 ad
2932 5593 3074 5645 ﬁnes
3105 5599 3284 5651 terrae,
3315 5607 3512 5644 arcum
3554 5608 3707 5647 con-
