4040 6182
286 349 435 411 1625

1431 349 1526 406 DE
1562 347 1760 406 BONO
1797 346 2026 404 PACIS.
2064 376 2135 390 —
2170 347 2310 404 LIB.
2349 347 2421 404 ll.

3428 343 3565 403 1626

287 481 520 542 tereret,
569 492 734 532 arma
779 477 1185 548 confringeret,
1233 480 1291 531 et
1325 478 1487 530 scuta
1524 473 2284 543 combureretAjuncturam
2299 470 3168 532 subministrationis,secundum
3181 469 3563 543 operationem

289 586 430 640 igni.

289 693 421 748 CAP.
453 693 600 748 XIX.
636 722 702 734 —
740 693 813 746 De
835 707 966 761 pace
1001 693 1328 755 Jerusalem,
1362 693 1459 746 hoc
1499 695 1572 746 est
1619 691 1882 744 Ecclesia).

361 799 485 853 Jam
527 799 668 852 hora
692 802 778 852 est
804 803 869 852 ut
893 798 963 852 de
991 813 1126 869 pace
1153 797 1490 860 Jerusalem,
1532 797 1637 850 hoc
1665 802 1752 850 est
1783 797 1884 850 Ec-

285 888 491 949 clesiae,
533 903 658 958 quae
703 887 939 941 dicenda
978 892 1126 951 sunt,
1176 892 1562 941 annectamus.
1601 887 1719 940 Pax
1751 885 1878 952 ista,

283 976 437 1031 sicut
460 993 562 1031 nos
582 977 952 1048 praeposuisse
972 976 1353 1045 meminimus,
1386 975 1718 1030 Christianae
1731 975 1885 1046 pacis

283 1066 588 1120 concordia
637 1071 741 1129 est,
799 1067 959 1135 cujus
999 1070 1344 1120 monstrator
1380 1069 1438 1119 et
1477 1065 1723 1118 monitor
1763 1070 1886 1118 erat

284 1154 518 1214 Paulus.
552 1171 678 1209 cum
710 1155 922 1209 diceret
955 1173 966 1208 :
993 1155 1160 1209 «Non
1190 1161 1275 1209 est
1292 1170 1526 1226 regnum
1556 1154 1658 1208 Dei
1688 1170 1816 1208 esca
1830 1165 1886 1208 et

283 1249 476 1316 potus,
509 1245 606 1298 sed
622 1244 849 1315 justitia
876 1253 934 1298 et
963 1261 1088 1315 pax.
1123 1245 1320 1315 Itaque
1359 1260 1482 1315 qua:
1526 1243 1679 1315 pacis
1727 1248 1878 1305 sunt,

284 1339 590 1389 sectemur.
637 1354 659 1384 ι
708 1333 778 1387 Et
822 1350 1019 1388 rursus
1057 1333 1129 1388 ad
1156 1333 1513 1388 Timotheum
1549 1348 1562 1386 :
1598 1351 1625 1384 α
1657 1332 1884 1386 Sectare

279 1423 588 1492 justitiam,
641 1422 828 1488 fidem,
872 1421 1200 1487 amicitiam,
1235 1422 1566 1475 charitatem
1605 1427 1662 1475 et
1689 1437 1884 1491 pacem

286 1527 418 1565 cum
450 1511 556 1574 his,
599 1511 696 1582 qui
741 1511 1001 1564 invocant
1041 1511 1343 1564 Dominum
1373 1511 1442 1565 de
1465 1510 1632 1564 corde
1662 1526 1822 1580 puro.
1857 1527 1883 1560 ι

364 1601 688 1656 Evidentius
712 1605 902 1655 autem
933 1601 1002 1654 de
1031 1601 1135 1654 hac
1162 1616 1296 1671 pace
1311 1600 1611 1670 discipulos
1636 1617 1888 1654 commo-

289 1688 464 1744 nebat
494 1689 764 1742 Dominus
799 1709 810 1740 :
846 1707 868 1739 ‹
919 1686 1152 1753 Habete,
1177 1687 1380 1758 inquit,
1424 1688 1482 1742 in
1515 1687 1670 1742 vobis
1698 1689 1799 1750 sal,
1832 1693 1889 1742 et

1967 562 2026 616 in
2055 578 2378 617 mensuram
2425 563 2589 617 unius
2614 564 2885 632 cujusque
2907 561 3144 616 membri
3195 565 3563 630 augmentum

1967 651 2215 722 corporis
2244 651 2378 704 facit
2405 651 2462 704 in
2492 651 2920 705 aedificationem
2971 651 3058 704 sui
3104 651 3162 705 in
3205 649 3499 704 charitate.
3535 665 3563 702 n

1968 739 2125 794 Idem
2154 756 2376 811 quoque
2405 745 2462 794 et
2487 740 2698 794 eisdem
2726 756 2869 812 pene
2896 738 3077 794 verbis
3103 755 3233 794 eum
3257 739 3328 792 ad
3361 738 3556 793 Colos-

1967 845 2158 884 senses
2181 829 2470 901 scripsisse
2498 829 2764 901 reperies.

2038 920 2296 974 Charitas
2325 935 2460 990 ergo
2489 924 2592 979 est,
2629 935 2752 989 quae
2780 917 3032 972 membra
3064 917 3272 972 Christi
3300 916 3561 983 viviﬁcat,

1966 1014 2136 1080 atque
2152 1025 2219 1062 ea
2237 1009 2295 1062 in
2315 1025 2489 1062 unum
2509 1024 2710 1078 corpus
2724 1007 2956 1061 foederat
2972 1011 3029 1060 et
3043 1006 3360 1060 concordat.
3371 1006 3563 1061 «Unde

1965 1099 2200 1152 sollicite
2221 1104 2438 1152 servate
2457 1097 2734 1151 unitatem
2755 1096 2985 1167 spiritus
3015 1098 3069 1151 in
3087 1095 3308 1150 vinculo
3329 1095 3503 1166 pacis.
3529 1114 3557 1148 ν

1968 1189 2085 1242 Hoc
2116 1194 2202 1240 est
2225 1186 2362 1241 illud
2389 1185 2616 1240 beatum
2645 1201 2788 1240 arcae
2818 1187 2936 1240 Noe
2960 1185 3233 1248 bitumen,
3265 1201 3376 1254 quo
3407 1184 3563 1254 ligna

1965 1279 2090 1348 ipsa
2129 1277 2379 1331 collinita
2426 1275 2679 1330 tenacius
2715 1292 2891 1346 aquas
2928 1276 3176 1346 irrepere
3214 1272 3409 1328 diluvii
3447 1288 3559 1327 non

1966 1365 2205 1421 sinebat.
2229 1367 2360 1420 Haec
2385 1371 2470 1420 est
2498 1365 2760 1436 ligatura,
2795 1381 2906 1434 qua
2925 1381 3040 1418 una
3053 1363 3313 1434 superius
3341 1361 3564 1432 copula-

1970 1462 2063 1510 tur
2089 1472 2246 1515 ansa.
2278 1471 2401 1525 quae
2439 1453 2780 1508 humanitati
2808 1453 3076 1507 deitatem
3104 1451 3383 1515 inﬁbulat,
3413 1450 3563 1504 linea

1970 1562 2140 1616 quam
2169 1544 2440 1598 Dominus
2472 1543 2528 1597 in
2557 1550 2711 1597 terra
2737 1542 3030 1613 disposuit,
3082 1547 3138 1595 et
3181 1540 3466 1594 hominem
3504 1538 3564 1592 in

1971 1635 2220 1689 caelestia
2247 1633 2623 1688 translevavit.

2041 1725 2172 1779 Haec
2200 1740 2332 1794 ergo
2361 1723 2480 1776 sola
2501 1729 2602 1784 est,
2647 1740 2770 1794 quae
2799 1721 3054 1777 Ecclesiae
3081 1723 3353 1791 aggregat
3383 1717 3572 1772 unita-

286 1794 486 1883 Pa???)
515 1777 723 1883 habetﬁ
746 1777 893 1883 inter
919 1793 1099 1883 vos'n’
1131 1775 1196 1830 In
1227 1778 1343 1830 sale
1390 1777 1680 1877 sapifmtiaa
1712 1777 1952 1878 {108tst
1971 1775 2523 1883 tem—:i—m—o‘ipsaest
2550 1775 3050 1871 Ecclesizevunitas.
3076 1775 3387 1864 tirnicauilla
3418 1805 3570 1861 vide-

287 1865 533 1936 intelligi
565 1865 1001 1919 condimentum.
1037 1865 1170 1930 Quae
1194 1871 1384 1920 autem
1408 1866 1594 1921 verior
1611 1867 1887 1938 sapientia

292 1971 466 2028 quam
505 1971 589 2016 ea,
651 1955 721 2008 de
762 1971 873 2025 qua
915 1953 1196 2020 scribitur,
1243 1955 1376 2026 quia
1431 1977 1457 2004 σι
1522 1956 1888 2026 praedicamus

291 2045 585 2099 Christum
599 2043 700 2098 Dei
723 2043 984 2098 virtutem
1007 2050 1063 2098 et
1078 2043 1414 2115 sapientiam
1435 2043 1460 2096 ‘?
1481 2064 1502 2093 ι
1521 2046 1889 2099 Mandaturus

293 2150 430 2204 ergo
458 2133 528 2187 de
557 2133 662 2186 hac
690 2149 845 2203 pace,
892 2133 961 2187 de
1004 2134 1122 2187 sale
1166 2133 1519 2204 przemonuit,
1551 2135 1686 2204 quia
1726 2151 1892 2189 nemo

292 2239 493 2294 pacem
525 2222 689 2276 istam
720 2228 972 2276 meretur
998 2221 1226 2288 habere,
1270 2223 1378 2276 nisi
1428 2223 1522 2294 qui
1553 2223 1707 2294 prius
1735 2224 1894 2278 Chri-

294 2318 448 2366 stum
477 2311 713 2382 elegerit
742 2327 842 2382 per
867 2311 1035 2364 ﬁdem
1070 2311 1127 2365 in
1151 2313 1314 2366 corde
1339 2328 1440 2366 suo
1467 2313 1769 2383 suscipere.
1796 2313 1894 2368 Est

296 2400 449 2455 enim
477 2399 616 2471 ipse,
649 2405 713 2454 ut
757 2399 972 2453 dudum
1015 2398 1276 2464 diximus,
1327 2400 1479 2471 pacis
1517 2401 1687 2471 hujus
1714 2401 1893 2456 cenci-

294 2489 469 2542 liator
499 2494 555 2542 et
585 2493 800 2553 auctor,
838 2507 859 2539 ι
897 2488 1082 2549 Pater,
1124 2488 1308 2559 inquit
1332 2490 1618 2559 eloquium
1647 2505 1889 2555 sacrum,

296 2578 476 2632 futuri
496 2577 704 2642 saeculi,
734 2577 990 2648 princeps
1018 2577 1190 2648 pacis.
1224 2595 1250 2629 ιι

406 2685 539 2739 CAP.
573 2684 1042 2751 XX.—Quomodo
1067 2700 1180 2752 pax
1207 2687 1314 2738 ista
1335 2701 1438 2752 per
1465 2687 1796 2741 charitatem

941 2757 1252 2822 raderetur.

365 2861 527 2927 Quod
553 2865 742 2916 autem
766 2877 869 2932 per
894 2861 1250 2920 charitatem.
1286 2862 1434 2916 sicut
1454 2863 1890 2934 praelibavimus,

291 2969 400 3025 pax
430 2953 542 3006 ista
572 2957 950 3013 construatur,
983 2952 1230 3022 psalmus
1247 2951 1386 3005 mihi
1399 2952 1558 3006 testis
1587 2957 1672 3006 est
1695 2972 1739 3007 ε(
1768 2953 1894 3008 Fiat

1971 1903 2102 1956 licet
2128 1900 2498 1962 inconsutilis,
2527 1899 2771 1971 desuper
2794 1905 3055 1954 contexta
3083 1915 3183 1970 per
3210 1902 3413 1957 totum,
3448 1911 3562 1950 non

1971 1991 2240 2046 divisione
2269 1991 2337 2045 ad
2361 1992 2570 2062 plures,
2594 1991 2692 2045 sed
2718 1991 2788 2044 ad
2816 2006 2992 2044 unum
3023 1993 3174 2042 sorte
3203 1984 3557 2057 perveniens.

1975 2080 2033 2136 Si
2055 2079 2303 2134 tunicam
2336 2080 2480 2133 hanc
2503 2085 2723 2134 tantum
2751 2095 2900 2133 unus
2923 2077 3178 2147 accipiat,
3203 2089 3368 2128 nemo
3400 2077 3561 2144 putet

1973 2187 2034 2224 se
2082 2169 2288 2223 habere
2323 2169 2675 2233 charitatem,
2709 2167 2805 2238 qui
2857 2167 2915 2221 in
2958 2166 3176 2221 unitate
3214 2179 3326 2218 non
3370 2164 3564 2216 manet

1975 2259 2248 2314 Ecclesiae.
2299 2257 2421 2311 Imo
2477 2257 2634 2311 nulla
2686 2263 2772 2310 est
2809 2254 3158 2318 via'salutis,
3191 2252 3379 2307 nullus
3407 2250 3565 2304 locus

1974 2348 2228 2411 remedii,
2257 2347 2369 2400 illis
2397 2347 2688 2411 nimirum,
2721 2345 2866 2416 quod
2889 2343 3174 2398 catholicae
3193 2339 3426 2396 unitatis
3445 2355 3571 2409 gre-

1975 2437 2148 2491 mium
2171 2453 2283 2490 non
2310 2435 2572 2502 includit,
2593 2435 2740 2506 quod
2761 2431 3004 2504 praefatae
3023 2447 3164 2485 arcae
3184 2431 3302 2483 Noe
3325 2430 3570 2499 ﬁgurata

1974 2530 2136 2580 notat
2154 2523 2409 2582 historia.
2443 2525 2654 2578 Omnes
2681 2523 2852 2587 enim,
2885 2521 2979 2591 qui
3018 2527 3176 2574 extra
3204 2534 3329 2572 eam
3358 2515 3568 2587 reperti

1975 2621 2128 2678 sunt,
2161 2613 2324 2685 aquis
2339 2612 2744 2683 castigantibus
2755 2611 3062 2682 perierunt.
3088 2607 3147 2660 Id
3164 2608 3350 2678 ipsum
3372 2606 3568 2675 loque-

1973 2704 2142 2756 batur
2172 2701 2400 2755 Paschae
2429 2700 2760 2772 mysterium
2793 2718 2805 2750 :
2839 2717 2865 2750 α
2899 2697 2965 2751 In
3004 2713 3136 2759 una,
3169 2695 3371 2765 inquit,
3401 2694 3569 2746 domo

1976 2791 2322 2853 comedetur,
2369 2806 2472 2843 nec
2520 2790 2788 2843 efferatur
2824 2788 2894 2840 de
2931 2784 3193 2839 carnibus
3239 2784 3362 2853 ejus
3409 2786 3568 2835 extra

1973 2881 2138 2935 fores.
2175 2900 2199 2932 ι)
2233 2881 2445 2934 Games
2473 2879 2624 2932 enim
2653 2877 2784 2947 agni
2811 2873 3088 2929 Dominici
3116 2871 3366 2943 corporis
3393 2869 3568 2924 sacri-

1974 2971 2162 3024 ficium
2187 2968 2588 3040 przeludebant.
2623 2967 2739 3019 Hoc
2776 2970 2965 3018 autem
2990 2961 3324 3018 sacriﬁcium
3345 2965 3429 3013 est
3441 2957 3571 3012 uni-

289 3059 398 3114 Pax
427 3041 488 3095 in
519 3041 722 3095 Virtute
752 3047 869 3094 ma'
904 3058 928 3092 ))
964 3039 1047 3094 lbi
1096 3039 1322 3094 Virtutis
1369 3040 1594 3095 nomine
1636 3041 1889 3113 τθείηαηι
1917 3106 1952 3114 ,.
1973 3059 2107 3114 tatis
2150 3039 2539 3113 ecclesiastica:
2582 3053 3062 3110 evidentissimum
3129 3055 3566 3105 sacramentum.

288 3131 564 3185 νίηιιιυηι
591 3129 842 3183 omnium
863 3129 1110 3199 intellise
1136 3129 1490 3195 charitatem.
1523 3147 1646 3200 quae
1668 3106 1891 3202 ρῖηορνίθ
1911 3106 1954 3165 C
1973 3106 2129 3202 ἧξῖη
2154 3106 2608 3201 eaeeae;
2630 3106 2816 3197 ea
2835 3106 3024 3196 divina
3069 3139 3232 3194 lectio
3259 3137 3564 3210 praesigna-

287 3220 470 3274 virtus
501 3218 704 3273 idcirco
735 3217 959 3283 dicitur,
993 3218 1126 3288 quia
1150 3218 1308 3272 fortis
1334 3224 1420 3272 est
1438 3224 1502 3273 ut
1529 3236 1680 3272 mors
1711 3219 1891 3285 (fortis

291 3309 442 3364 enim
475 3313 561 3362 est
597 3313 662 3361 ut
691 3323 842 3361 mors
878 3307 1126 3375 dilectio)
1155 3307 1246 3361 cui
1277 3307 1464 3362 nullus
1488 3308 1720 3369 resistit,
1761 3325 1888 3362 cum

290 3397 464 3461 venit,
493 3397 591 3466 qui
626 3395 844 3461 occidit,
871 3395 1020 3466 quod
1049 3395 1195 3448 male
1223 3395 1458 3465 luimus,
1478 3401 1543 3450 ut
1575 3396 1728 3450 aliud
1748 3396 1890 3450 bene

291 3486 495 3541 simus.

365 3574 666 3630 Enimvero
688 3572 931 3644 qualiter
948 3571 1093 3626 hanc
1109 3587 1301 3643 pacem
1325 3572 1492 3627 faciat
1510 3573 1892 3639 charitas,non

294 3665 432 3719 latet
461 3662 706 3733 aliquem
740 3661 885 3714 sacri
915 3661 1210 3714 voluminis
1224 3661 1483 3716 notitiam
1513 3663 1885 3732 profitentem.

293 3753 381 3806 Ita
418 3766 667 3820 namque
696 3755 782 3803 est
809 3748 1051 3802 charitas
1083 3749 1141 3802 in
1170 3749 1274 3802 hac
1303 3766 1459 3820 pace,
1490 3749 1634 3803 sicut
1662 3749 1893 3820 spiritus

1971 3236 2071 3300 vit,
2101 3253 2229 3290 cum
2257 3235 2467 3290 diceret
2509 3252 2520 3286 :
2559 3252 2581 3282 ε
2620 3234 2844 3287 Patrem
2869 3236 3031 3285 tuum
3057 3236 3115 3284 et
3138 3234 3378 3282 matrem
3409 3233 3566 3281 tuam

1973 3331 2031 3380 et
2044 3341 2266 3379 omnem
2282 3323 2673 3394 cognationem
2688 3327 2844 3376 tuam
2866 3317 3239 3389 congregabis
3261 3317 3316 3371 in
3337 3316 3567 3370 domum

1971 3421 2150 3470 tuam.
2183 3413 2290 3478 Qui
2328 3413 2535 3466 ostium
2574 3411 2775 3465 domus
2802 3416 2913 3463 tum
2944 3423 3206 3478 egressus
3230 3405 3418 3460 fuerit.
3443 3421 3570 3459 san-

1971 3503 2097 3573 guis
2125 3502 2298 3573 ipsius
2327 3501 2434 3555 erit
2455 3500 2513 3554 in
2544 3505 2713 3571 caput
2749 3500 2888 3569 ejus.
2923 3516 2950 3550 ι

2047 3592 2285 3662 Propter
2340 3591 2508 3660 hujus
2558 3589 2708 3659 pacis
2753 3604 2818 3641 ac
2855 3585 3090 3642 unitatis
3131 3583 3412 3638 vinculum
3444 3581 3568 3652 ipsa

1974 3686 2158 3734 mater
2187 3679 2433 3733 Ecclesia
2465 3697 2490 3728 α
2522 3694 2635 3731 una
2661 3675 2921 3731 columba
2971 3695 2992 3726 ι
3037 3673 3261 3737 dicitur,
3289 3691 3316 3724 ι
3343 3670 3510 3726 unica
3540 3691 3565 3719 ι

1975 3770 2145 3824 etiam
2175 3767 2506 3838 simpliciter
2549 3766 2899 3838 appellatur;
2936 3783 2962 3816 ς(
3005 3779 3121 3818 una
3161 3768 3246 3816 est
3287 3760 3434 3814 enim
3476 3775 3572 3813 co-

294 3838 482 3893 νίιδιίε
509 3839 568 3892 in
599 3853 850 3907 εοιῬοῐῈο
883 3836 1368 3926 ραθφδάωοάαω
1401 3837 1550 3891 enim
1577 3837 1635 3891 in
1664 3854 1896 3908 οοῐῬοΓθ
1976 3857 2170 3912 lumba
2207 3836 2356 3921 mea,
2399 3836 2642 3926 perfecta
2681 3870 2824 3908 mea.
2875 3873 2897 3904 ι
2943 3854 3012 3907 Et
3044 3851 3217 3906 David
3245 3851 3306 3904 in
3338 3865 3467 3904 voce

296 3927 503 3999 spiritu
531 3933 828 3996 vegetante
867 3925 1122 3979 membra
1158 3925 1368 3992 vivunt,
1411 3932 1468 3979 et
1504 3927 1658 3980 velut
1700 3943 1890 3998 pacem

1982 3947 2115 4016 vice]
2144 3945 2365 3999 Domini
2395 3944 2615 3998 unicam
2647 3959 2808 3996 suam
2837 3948 2963 3996 orat
2988 3958 3021 3994 a
3049 3939 3282 3994 canibus
3309 3944 3368 3992 et
3395 3937 3576 3991 leoni-

297 4016 604 4088 quamdam
623 4015 1077 4086 soliditatemque
1099 4015 1422 4085 propaginis
1441 4016 1704 4077 retinent,
1713 4015 1890 4070 absce-

1982 4035 2086 4090 bus
2115 4034 2340 4088 liberari
2367 4033 2558 4087 dicens
2588 4051 2635 4084 ε(
2666 4033 2747 4086 De
2769 4047 2940 4084 manu
2955 4029 3111 4083 canis
3123 4029 3344 4082 unicam
3364 4040 3568 4088 meam,

298 4105 468 4159 dente
498 4109 688 4158 autem
719 4103 921 4174 spiritu
950 4103 1093 4156 mori
1109 4119 1176 4157 ea
1206 4119 1430 4158 necesse
1451 4110 1538 4158 est
1566 4111 1622 4157 et
1649 4104 1895 4171 dissolvi,
1981 4129 2038 4178 et
2066 4141 2100 4177 δ
2119 4123 2372 4177 leonibus
2401 4122 2624 4176 unicam
2657 4119 3004 4175 meamogmc
3019 4117 3152 4172 υηίο
3165 4121 3268 4178 εει,
3287 4130 3398 4184 qua
3421 4111 3573 4183 apud

295 4195 376 4248 sic
402 4201 462 4248 et
489 4192 734 4247 Charitas
763 4193 883 4246 sola
905 4197 1010 4257 est,
1051 4209 1172 4262 quae
1197 4192 1339 4246 filios
1368 4193 1628 4247 Ecclesiae
1648 4192 1706 4246 in
1729 4194 1899 4263 hujus
1979 4212 2324 4266 Ezechielem
2340 4211 2451 4264 duo
2480 4211 2652 4280 ligna,
2683 4209 2923 4280 populus
2947 4222 3149 4276 nempe
3171 4203 3494 4258 ,Ῐιιάεθοηιω
3515 4205 3573 4254 et

297 4283 453 4353 pacis
499 4281 815 4336 consolidat
862 4281 1110 4348 unitate,
1156 4297 1268 4352 qua
1303 4282 1596 4336 recedente
1641 4297 1748 4352 pax
1789 4283 1890 4336 ista

1982 4301 2255 4371 gentium,
2287 4300 2366 4354 sic
2409 4301 2729 4369 junguntur
2772 4311 2951 4350 unum
3001 4294 3073 4348 ad
3115 4293 3357 4346 alterum
3405 4294 3470 4343 ut
3505 4303 3572 4341 ex

296 4371 650 4426 discinditur.
684 4371 761 4424 Ex
794 4385 907 4440 quo
925 4370 1059 4424 licet
1078 4378 1308 4441 propter
1335 4377 1688 4425 sacramenta
1716 4371 1896 4426 eccle-

295 4460 526 4514 siastica
551 4459 728 4530 ipsius
756 4459 1006 4529 corporis
1043 4458 1369 4513 simulatam
1389 4460 1666 4530 tantisper
1688 4461 1896 4514 retinet

297 4549 712 4620 compaginem,
737 4564 839 4618 per
862 4552 1152 4618 peccatum
1183 4554 1375 4601 tamen
1403 4549 1536 4605 odii.
1569 4547 1719 4619 quod
1742 4565 1896 4602 mors

300 4644 389 4692 est
425 4638 648 4703 animae,
682 4653 908 4690 sensum
932 4637 1156 4707 penitus
1174 4637 1446 4691 amittunt
1468 4638 1612 4692 vitae.

370 4727 532 4791 Quod
574 4726 780 4780 Doctor
813 4726 1070 4795 gentium
1115 4725 1175 4780 in
1217 4727 1503 4781 nonnullis
1534 4727 1896 4798 epistolarum

298 4831 535 4870 suarum
588 4814 725 4868 locis
771 4815 992 4884 argutis
1039 4814 1350 4869 rationibus
1379 4816 1713 4887 explanavit,
1763 4817 1897 4871 dum

299 4905 451 4959 inter
494 4902 749 4957 membra
795 4903 1005 4957 Christi
1045 4909 1102 4957 et
1141 4909 1330 4974 partes
1374 4905 1607 4958 humani
1651 4905 1898 4976 corporis

302 4996 602 5064 cognatam
639 4991 942 5045 admodum
973 4991 1402 5047 similitudinem
1448 4993 1653 5064 posuit,
1697 4994 1768 5048 ad
1800 4995 1901 5049 Co-

299 5081 544 5135 rinthios
574 5080 800 5150 quidem
824 5080 904 5133 ita
936 5099 982 5133 ε(
1008 5080 1161 5135 Sicut
1189 5082 1338 5135 enim
1360 5098 1562 5153 corpus
1593 5098 1769 5137 unum
1792 5089 1898 5149 est,

301 5176 358 5225 et
377 5169 633 5223 membra
664 5167 832 5222 habet
859 5169 1060 5235 multa,
1093 5171 1483 5225 omniaautem
1506 5171 1760 5225 membra
1775 5189 1900 5226 cor-

295 5258 466 5329 poris,
496 5273 622 5312 cum
652 5257 767 5310 sint
787 5257 1163 5324 multa,unum
1195 5266 1385 5313 tamen
1413 5276 1615 5331 corpus
1644 5267 1795 5316 sunt.
1819 5261 1900 5314 ita

296 5355 352 5400 et
381 5346 655 5401 Christus.
723 5345 935 5399 I-tenim
984 5346 1042 5399 in
1078 5363 1190 5400 uno
1237 5348 1439 5418 spiritu
1480 5365 1674 5403 omnes
1711 5365 1813 5404 nos
1839 5349 1897 5403 in

299 5453 474 5490 unum
510 5435 771 5506 baptizati
794 5452 988 5489 sumus
1055 5456 1074 5486 ι
1125 5437 1206 5490 Ad
1243 5438 1510 5507 Ephesnos
1546 5446 1734 5490 autem
1767 5438 1848 5491 sic
1880 5455 1890 5490 :

301 5543 328 5576 α
364 5529 694 5580 Cres-camus
727 5525 781 5577 in
815 5524 908 5577 illo
939 5525 1035 5594 qui
1058 5532 1143 5578 est
1169 5535 1354 5596 caput,
1390 5526 1666 5591 Christus,
1701 5541 1764 5579 ex
1787 5545 1897 5596 quo

296 5619 484 5667 totum
511 5629 713 5682 corpus
740 5619 1094 5682 compactum
1123 5620 1182 5667 et
1204 5629 1515 5668 connexum
1544 5628 1646 5684 per
1673 5630 1899 5668 omnem

1979 4389 2198 4444 duobus
2218 4405 2392 4443 unum
2425 4387 2562 4458 ligni
2591 4403 2792 4457 corpus
2824 4388 3096 4456 appareat
3118 4381 3485 4452 glutinatum.

1979 4533 2116 4587 CAP.
2148 4529 2298 4586 XXI.
2329 4559 2399 4571 —
2431 4531 2573 4597 Quid
2617 4532 2688 4581 sit
2722 4531 2897 4596 pictas
2921 4529 3219 4596 proposita,
3253 4529 3301 4576 et
3331 4524 3573 4592 qualiter

2316 4604 2434 4670 ipsa
2449 4616 2639 4669 pacem
2668 4601 2886 4653 nutriat
2903 4601 3228 4654 Jerusalem.

2059 4726 2335 4780 Pietatem
2395 4741 2543 4790 vero,
2604 4741 2716 4794 qua
2767 4740 2959 4794 pacem
3005 4722 3321 4777 Jerusalem
3368 4717 3576 4774 nutriri

1981 4815 2244 4879 diximus,
2305 4830 2476 4885 opera
2529 4813 2925 4867 misericordiae
2988 4812 3216 4866 credere
3281 4810 3570 4874 debemus,

1981 4904 2182 4975 quibus
2210 4903 2269 4957 in
2309 4902 2706 4974 temporalium
2743 4918 2843 4955 seu
2871 4901 3253 4973 spiritualium
3299 4899 3575 4954 bonorum

1980 4992 2220 5064 penuria
2249 4992 2305 5045 in
2331 4992 2568 5045 invicem
2595 4991 2846 5045 fraterna
2871 4991 3145 5044 charitate
3172 4987 3570 5049 succurrimus,

1980 5081 2051 5134 de
2081 5080 2282 5151 quibus
2309 5080 2522 5134 dictum
2551 5086 2638 5134 est
2671 5097 2718 5133 ς(
2752 5081 2964 5150 Rogata
2985 5097 3108 5149 quae
3130 5079 3198 5131 ad
3226 5091 3420 5148 pacem
3440 5079 3575 5127 sunt

1981 5169 2310 5224 Jerusalem.
2349 5188 2373 5220 ι)
2408 5169 2579 5232 Quasi
2606 5167 2934 5240 [diceretur]
2971 5187 2981 5220 :
3018 5168 3064 5221 Ο
3094 5182 3210 5226 vos.
3243 5163 3337 5233 qui
3365 5160 3572 5215 sedetis

1980 5259 2040 5312 in
2063 5257 2294 5328 judicio,
2326 5264 2521 5328 rogate
2568 5258 2980 5327 interrogantes
3027 5269 3171 5314 eam,
3205 5266 3327 5323 qua
3354 5255 3488 5304 sunt
3514 5255 3574 5304 et

1980 5347 2167 5400 valent
2195 5347 2264 5400 ad
2297 5363 2488 5417 pacem
2521 5347 2875 5400 nutriendam
2905 5341 3235 5396 Jerusalem.

2054 5438 2128 5490 Ex
2161 5453 2270 5507 quo
2302 5438 2539 5490 latenter
2569 5438 2819 5489 innuitur
2855 5432 3002 5502 quod
3035 5431 3139 5496 illi,
3171 5429 3264 5500 qui
3300 5427 3575 5484 sedebant

1979 5543 2150 5597 super
2177 5526 2339 5580 sedes
2381 5525 2670 5578 duodecim
2707 5521 3010 5592 judicaturi
3059 5519 3350 5574 duodecim
3393 5519 3573 5573 tribus

1980 5614 2174 5681 Israel,
2193 5614 2548 5684 potissimum
2568 5613 2638 5665 de
2658 5609 2915 5681 operibus
2935 5609 3452 5678 pietatis,utrumne
3472 5608 3575 5662 sci-
