4040 6182
389 322 530 380 1029

1523 325 1616 378 DE
1653 322 1848 378 BONO
1886 320 2114 376 PAGIS.
2157 347 2224 361 -
2261 317 2400 373 LIB.
2440 319 2513 373 II.

387 449 702 503 nentservi.
723 448 882 504 Unde
897 465 1045 503 unus
1064 465 1256 516 eorum
1275 448 1361 504 ait
1381 467 1396 502 :
1414 468 1436 499 ι
1461 448 1585 502 Non
1605 447 1978 517 nosmetipsos
1997 450 2041 506 Α
2129 443 2373 497 Bcontra
2399 458 2505 514 pax
2538 440 2849 497 Jerusalem
2877 455 2991 513 quo
3015 439 3383 512 multipiidor
3424 454 3492 495 ac
3526 437 3651 495 dlu-

386 537 1182 608 prwdicamus,sedDominum
1200 541 1646 592 nostrumlesum
1665 537 1973 600 Christum,

388 643 490 680 nos
509 633 696 680 autem
728 644 916 681 servos
941 635 1152 681 vestros
1181 645 1282 702 per
1309 629 1518 682 Iesum.
1556 647 1578 677 ι
1610 627 1675 680 Et
1709 626 1980 678 Dominus

389 716 458 769 ad
486 716 787 786 discipulos
813 735 824 769 :
854 741 877 767 (ι
911 717 1017 782 Qui
1046 717 1280 770 voluerit
1297 717 1448 770 inter
1477 733 1570 770 vos
1602 716 1814 786 primus
1836 730 1978 777 esse,

388 803 497 857 erit
516 819 708 856 servus
739 810 941 858 vester.
980 826 999 853 ι
1035 807 1174 859 Cum
1216 806 1388 872 enim,
1441 804 1585 858 sicut
1627 803 1977 875 pmmissum

385 899 490 956 est,
506 907 698 963 pacem
721 894 888 946 istam
902 895 1146 948 charitas
1166 901 1315 964 agat,
1337 910 1499 948 amor
1522 901 1710 947 autem
1740 892 1977 962 gradum

386 979 620 1042 nesciat,
653 996 865 1042 omnes,
902 985 993 1053 qui
1024 983 1193 1052 hujus
1223 983 1377 1052 pacis
1403 983 1612 1036 findere
1670 982 1794 1035 nexi
1823 987 1974 1038 sunt.

387 1064 616 1135 paribus
633 1065 739 1118 sibi
759 1066 1066 1120 studebant
1084 1067 1282 1120 ofﬁciis
1301 1066 1634 1123 subservire.
1653 1067 1816 1142 juxta
1830 1066 1974 1134 quod

389 1153 596 1206 Paulus
625 1153 706 1206 ait
727 1154 796 1207 ad
825 1155 1058 1210 Galatas
1085 1175 1096 1209 :
1121 1175 1148 1208 ι
1181 1155 1628 1210 Percharitatcm
1649 1154 1978 1225 spiritusin-

385 1239 561 1294 vicem
589 1242 911 1297 servientes.
939 1262 965 1294 ι)

459 1329 601 1382 Item
649 1348 754 1400 pax
799 1333 1109 1386 Jerusalem
1151 1350 1374 1387 onmem
1417 1335 1660 1388 remittit
1687 1334 1976 1403 injuriam,

388 1417 532 1470 sicut
559 1420 720 1472 testis
749 1429 833 1473 est
861 1421 1040 1475 oratio
1063 1423 1158 1475 illa
1183 1423 1527 1493 quotidiana,
1561 1439 1671 1493 qua
1704 1423 1973 1475 dicimus:

389 1525 419 1556 α
447 1506 678 1560 Dimitte
708 1508 867 1562 nobis
888 1510 1075 1564 debita
1122 1521 1332 1572 nostra,
1364 1513 1508 1565 sicut
1536 1520 1591 1565 et
1620 1528 1720 1564 nos
1749 1511 1978 1565 dimitti-

388 1610 514 1648 mus
546 1597 888 1652 debitoribus
935 1601 1160 1654 nostris.
1201 1623 1222 1648 ι
1271 1602 1382 1654 Pax
1437 1601 1752 1671 Babyloniae
1793 1601 1974 1668 legem

388 1685 602 1747 statuit,
640 1694 702 1738 ut
730 1687 952 1756 injuriis
982 1699 1288 1760 opponeret
1308 1691 1592 1744 talionem.
1631 1689 1772 1742 Item
1794 1689 1976 1760 Baby-

2061 533 2282 587 turnior
2303 532 2496 590 fuerit.
2528 532 2801 585 virtutum
2845 531 3046 585 merita
3085 529 3300 584 virilius
3341 529 3646 585 mborabit.

2063 622 2298 692 Propter
2315 621 2461 690 quod
2497 621 2694 674 Petrus
2722 620 2858 674 dicit
2885 619 3143 673 ﬁdelibus
3175 639 3186 673 :
3219 636 3246 669 α
3279 618 3476 672 Gratia
3497 618 3650 672 vobis

2062 715 2119 763 et
2150 726 2256 780 pax
2285 709 2710 780 multiplicetur.
2737 729 2761 760 »
2797 709 2864 763 Et
2883 709 3089 762 Paulus
3114 709 3232 778 jam
3263 723 3373 761 non
3402 709 3647 777 longam,

2065 798 2162 851 sed
2190 805 2514 868 perpetuam
2545 813 2740 868 pacem
2788 796 3378 852 Thessalonicensibus
3429 803 3654 867 empta-

2060 887 2157 940 bat
2181 907 2194 940 :
2229 906 2254 939 α
2279 889 2299 941 ἰ
2308 903 2404 958 pse
2432 893 2622 940 autem
2663 887 2937 940 Dominus
2966 885 3118 958 pacis
3145 887 3243 940 det
3271 884 3424 939 vobis
3454 899 3650 956 pacem

2061 976 2458 1047 sempiternam
2479 977 2539 1030 in
2568 976 2720 1030 omni
2753 977 2889 1030 loco.
2927 997 2950 1025 ι

2133 1066 2215 1119 Ad
2245 1071 2556 1119 extremum
2585 1071 2646 1118 et
2675 1065 2771 1118 illa
2800 1080 2912 1118 non
2950 1064 3140 1119 tenuis
3189 1063 3508 1118 differentia
3544 1067 3651 1128 est,

2064 1155 2208 1226 quod
2228 1154 2524 1208 mundanae
2543 1155 2692 1225 pacis
2707 1154 3063 1217 consociatio,
3091 1153 3332 1206 maxime
3352 1169 3475 1224 qua
3505 1152 3654 1207 inter

2063 1243 2398 1297 domesticos
2420 1251 2476 1297 et
2491 1242 2699 1296 amicos
2719 1244 3186 1313 transigitur,quo
3217 1241 3436 1296 dulcior
3462 1241 3648 1303 ﬁxerit,

2061 1349 2126 1385 eo
2147 1333 2322 1402 ipsius
2337 1332 2636 1402 disjunctio
2652 1332 2870 1390 ultima.
2893 1349 3015 1402 quze
3027 1348 3127 1409 per
3156 1338 3391 1385 mortem
3423 1333 3488 1385 iit
3502 1346 3654 1384 ama-

2061 1421 2176 1473 rior
2194 1429 2572 1492 computatur.
2599 1423 2713 1474 Nec
2729 1421 2877 1474 enim
2900 1420 3018 1474 ﬁeri
3043 1427 3243 1492 potest,
3263 1426 3326 1473 ut
3354 1421 3474 1489 ejus
3503 1436 3654 1474 mors

2061 1509 2220 1562 nobis
2247 1511 2414 1564 nimis
2435 1526 2624 1564 amara
2657 1527 2766 1563 non
2789 1510 2881 1574 sit,
2927 1511 3086 1579 cujus
3119 1509 3233 1562 vita
3263 1509 3431 1562 nimis
3471 1509 3652 1563 dulcis

2062 1599 2369 1652 exstiterat.
2405 1600 2572 1669 Atqui
2603 1599 2988 1653 ecclesiastica:
3038 1599 3188 1669 pacis
3224 1597 3386 1652 beata
3413 1598 3654 1651 societas

2061 1705 2161 1758 per
2192 1694 2429 1741 mortem
2462 1704 2573 1741 non
2591 1688 3046 1748 distrahitur,sed
3080 1694 3332 1741 mutatur
3352 1687 3407 1740 in
3434 1687 3648 1741 melius.

388 1771 551 1826 loniae
577 1774 728 1842 pacis
759 1776 1018 1837 cultores,
1046 1778 1190 1831 sicut
1241 1794 1412 1848 supra
1469 1785 1843 1831 monstratum
1871 1784 1977 1842 est,
1998 1799 2043 1857 Β
2065 1776 2222 1829 Unde
2255 1777 2463 1836 ﬁdeles,
2495 1778 2599 1830 hac
2630 1777 2893 1830 societate
2915 1777 3375 1838 concordes,cum
3407 1776 3654 1845 aliquem

391 1875 523 1928 erga
540 1877 652 1920 eos,
680 1863 770 1931 qui
797 1864 1073 1933 publicam
1097 1882 1288 1936 pacem
1307 1867 1978 1936 violant,impacatisunt;
2067 1865 2135 1918 de
2164 1865 2280 1919 suis
2308 1866 2632 1930 extulerint,
2665 1866 2769 1919 nisi
2792 1871 3065 1937 quantum
3116 1865 3373 1919 naturale
3403 1864 3655 1919 debitum

391 1949 485 2018 qui
515 1966 642 2003 vero
675 1951 845 2021 hujus
874 1957 1022 2023 pacis
1072 1973 1418 2028 possessores
1448 1963 1598 2021 sunt,
1626 1943 1811 2010 etiam
1855 1973 1981 2010 cum
2066 1953 2431 2008 humanitatis
2456 1956 2723 2025 exposcit,
2751 1955 2917 2008 nullis
2948 1955 3272 2008 afficiuntur
3299 1955 3652 2026 moenoribus,

388 2038 706 2092 odientibus
728 2057 916 2111 pacem
950 2045 1165 2113 pacifici
1195 2062 1315 2098 esse
1344 2062 1455 2098 non
1511 2046 1794 2099 desinunt.
1837 2047 1980 2099 Nam
2065 2043 2160 2096 sed
2191 2044 2372 2113 magis
2393 2045 2634 2114 quodam
2665 2045 2886 2098 interno
2911 2044 3118 2113 gaudio
3173 2043 3574 2113 praecedentem
3597 2041 3654 2096 in

392 2144 418 2173 ‹‹
447 2142 573 2179 cum
606 2127 711 2192 his,
755 2130 850 2199 qui
871 2133 1112 2184 oderunt
1165 2149 1376 2202 pacem,
1435 2151 1586 2187 eram
1632 2134 1913 2204 pacificus.
1947 2153 1975 2185 η
2062 2133 2302 2201 patriam
2333 2133 2543 2186 socium
2577 2141 3017 2203 prosequuntur,
3048 2133 3288 2186 scientes
3328 2131 3476 2202 quod
3502 2146 3653 2185 mors

387 2215 539 2277 Quos
563 2225 771 2282 tamen,
823 2235 950 2273 cum
996 2222 1227 2292 reliquis
1275 2224 1471 2276 salutis
1527 2223 1835 2293 periculum
1869 2239 1980 2276 non
2062 2237 2172 2275 non
2193 2223 2584 2300 scopulus,sed
2605 2227 2917 2292 portusest,
2935 2223 3171 2276 honesta
3193 2221 3383 2275 missio
3434 2221 3651 2285 militis,

389 2303 642 2368 timetur,
666 2323 790 2360 cum
811 2310 902 2378 pia
921 2312 1217 2366 severitate
1232 2313 1605 2383 persequitur,
1629 2330 1738 2366 non
1751 2313 1975 2383 quidem

390 2393 523 2446 mali
549 2397 713 2457 ierro,
733 2397 831 2450 sed
857 2399 1136 2468 spirituali
1164 2401 1351 2470 gladio
1372 2402 1577 2454 feriens
1591 2401 1974 2454 rebellantem.

391 2481 533 2534 Nam
566 2491 627 2536 ut
654 2486 734 2538 ait
759 2489 1076 2558 Apostolus,
1114 2511 1135 2541 ι
1171 2507 1329 2544 arma
1371 2499 1575 2544 nostra:
1615 2491 1828 2544 militiae
1865 2506 1979 2544 non

390 2579 524 2624 sunt
549 2576 814 2638 carnalia,
847 2577 944 2630 sed
975 2580 1225 2648 potentia
1285 2580 1418 2634 Deo.
1475 2601 1497 2630 ιο
1537 2582 1637 2634 Pia
1681 2580 1981 2634 severitate

393 2659 600 2714 idcirco
631 2667 932 2733 posuerim,
958 2669 1086 2736 quia
1105 2668 1182 2722 sic
1211 2669 1266 2722 in
1301 2687 1414 2732 eos,
1459 2671 1555 2738 qui
1583 2670 1804 2722 obnoxii
1828 2675 1978 2731 sunt,

393 2751 740 2807 extrinsecus
757 2756 1134 2811 anathematis
1164 2765 1245 2811 est
1267 2759 1573 2812 exercenda
1601 2758 1884 2823 severitas,
1922 2763 1986 2811 ut

390 2844 582 2894 tamen
612 2842 947 2898 intrinsecus
978 2863 1111 2916 erga
1145 2848 1270 2900 illos
1301 2848 1562 2902 fraternas
1593 2848 1885 2901 charitatis
1911 2847 1984 2900 vi-

392 2944 548 2982 scera
568 2947 679 2984 non
709 2941 1061 3004 rumpantur.
1099 2937 1256 2990 Unde
1286 2937 1492 2990 Paulus
1524 2937 1982 2990 Thessalonicen-

390 3017 574 3072 sibus:
605 3044 625 3068 ιι
653 3021 872 3092 Siquis,
897 3024 1098 3095 inquit,
1127 3042 1237 3079 non
1269 3026 1542 3080 obedierit
1572 3027 1739 3080 verbo
1766 3034 1977 3088 nostro,

390 3122 491 3175 per
519 3108 810 3178 epistolam
842 3113 991 3166 hunc
1037 3119 1246 3178 notate,
1297 3122 1354 3169 et
1395 3132 1466 3170 ne
1512 3114 1985 3169 commisceamini

391 3213 516 3251 cum
551 3199 667 3264 illo,
701 3207 759 3253 ut
793 3203 1187 3264 confundatur,
1223 3211 1280 3257 et
1309 3204 1479 3258 nolite
1506 3204 1665 3274 quasi
1698 3204 1986 3258 inimicum

392 3293 672 3357 reputare,
704 3290 800 3342 sed
831 3292 1093 3361 corripite
1125 3299 1188 3346 ut
1215 3293 1465 3347 fratrem.
1501 3311 1528 3345 ιι

463 3377 603 3430 ltem
625 3379 776 3452 pacis
796 3379 1112 3451 Babyloniae
1132 3382 1373 3435 cultores
1401 3398 1484 3441 ea,
1502 3399 1625 3452 quae
1645 3381 1820 3451 ipsius
1834 3381 1984 3451 pacis

390 3463 537 3518 bona
558 3475 708 3532 sunt,
726 3468 830 3521 sibi
851 3469 1106 3523 sufiicere
1150 3471 1508 3530 aestimantes.
1537 3471 1613 3524 nil
1644 3471 1793 3524 ultra
1829 3487 1984 3540 quae-

391 3561 526 3607 runt
555 3557 638 3609 vel
657 3564 946 3627 appetunt.
973 3559 1060 3613 Sic
1081 3560 1308 3630 quidam
1341 3577 1410 3614 ex
1433 3561 1568 3630 ipsis
1597 3561 1797 3614 dixisse
1845 3561 1983 3629 legi-

392 3649 486 3696 tur
518 3663 528 3696 :
569 3664 593 3695 (ι
628 3646 751 3700 Fiat
777 3655 998 3701 tantum
1027 3667 1130 3719 pax
1161 3656 1217 3704 et
1244 3650 1448 3703 veritas
1471 3651 1527 3703 in
1556 3649 1755 3703 diebus
1787 3650 1980 3703 meis.»

394 3733 576 3808 Hujus
598 3741 785 3788 autem
815 3738 965 3806 pacis
996 3738 1341 3792 amatoribus
1396 3740 1632 3793 meliora
1683 3743 1809 3809 post
1843 3740 1986 3792 hanc

391 3811 562 3876 vitam
629 3825 968 3894 possidenda
1028 3828 1445 3900 relinquuntur,
1507 3827 1983 3900 quemadmodum

392 3909 662 3984 scriptum
693 3916 942 3986 reperies
970 3935 1018 3970 τί(
1035 3917 1310 3980 Quoniam
1342 3924 1472 3972 sunt
1501 3918 1750 3989 reliquiae
1771 3916 1984 3971 homini

395 4004 644 4073 pacifica.
678 4028 702 4052 ι

2063 2327 2278 2364 merces
2333 2311 2535 2381 operis,
2603 2311 2778 2364 aditio
2835 2311 3199 2365 haereditatis.
3271 2311 3412 2364 Nam
3463 2332 3484 2357 ι
3526 2323 3652 2364 cum

2058 2399 2280 2452 dederit
2305 2397 2524 2453 dilectis
2569 2399 2686 2453 suis
2731 2414 3017 2462 somnum,
3062 2413 3188 2452 ecce
3219 2398 3517 2453 hereditas
3543 2398 3655 2452 Do-

2061 2503 2220 2540 ωιηι,
2251 2507 2276 2537 ι)

2062 2585 2194 2638 ΟΜ».
2230 2585 2422 2640 XXIV.
2470 2616 2532 2626 ——
2574 2586 2646 2639 De
2676 2589 2852 2640 tribus
2883 2590 3159 2648 articulis,
3193 2590 3392 2656 quibus
3417 2603 3529 2656 pax
3557 2585 3657 2640 Ec-

2600 2661 2770 2710 clesia!
2789 2663 3125 2711 continetur.

2134 2753 2338 2808 Tribus
2357 2760 2548 2808 autem
2582 2745 2832 2809 articulis
2880 2757 3031 2809 velut
3059 2756 3222 2810 trinis
3251 2756 3653 2824 i‘undamentis,

2063 2843 2274 2896 scilicet
2295 2843 2422 2896 iidei
2437 2844 2672 2908 unitate,
2688 2845 2990 2898 voluntatis
3012 2845 3658 2912 unanimitate,morum-

2062 2947 2170 3002 que
2198 2931 2591 2986 conformitate
2621 2949 2726 3003 pax
2754 2933 2862 2987 ista
2886 2932 3206 2988 subnititur.

2145 3021 2222 3074 De
2238 3020 2418 3090 primo
2433 3021 2670 3075 articulo
2699 3021 2964 3076 scribitur
2983 3023 3053 3076 ad
3096 3024 3377 3078 Romanos
3408 3041 3420 3078 :
3455 3041 3481 3076 α
3509 3025 3657 3081 Deus

2071 3115 2258 3163 autem
2276 3109 2391 3179 spei
2407 3110 2620 3180 repleat
2643 3127 2735 3164 vos
2768 3111 2921 3165 omni
2956 3113 3164 3181 gaudio
3195 3119 3250 3167 et
3285 3129 3421 3184 pace
3449 3113 3508 3168 in
3537 3130 3658 3170 cre-

2069 3197 2272 3251 dendo.
2306 3217 2326 3247 ι
2352 3199 2432 3252 De
2483 3199 2788 3254 voluntatis
2845 3201 3214 3256 unanimitate
3273 3202 3420 3256 idem
3455 3203 3662 3259 Paulus

2068 3287 2327 3357 superius
2354 3286 2604 3342 dixerat:
2636 3306 2663 3342 ι
2697 3289 2844 3343 Deus
2875 3296 3061 3344 autem
3091 3292 3375 3361 patientiae
3395 3297 3450 3346 et
3475 3291 3660 3348 solatii

2065 3376 2163 3428 det
2191 3376 2344 3429 vobis
2373 3392 2567 3446 sapere
2597 3378 2653 3430 in
2695 3379 3027 3433 alterutrum
3077 3380 3316 3451 idipsum
3352 3381 3660 3435 secundum

2067 3466 2258 3518 .lesum
2273 3465 2578 3528 Christum,
2604 3473 2668 3520 ut
2696 3469 2992 3522 unanimes
3015 3486 3126 3523 uno
3165 3485 3262 3523 ore
3283 3469 3661 3524 honoriﬁcetis

2068 3552 2266 3606 Deum.
2292 3574 2313 3602 ι
2344 3556 2418 3607 De
2434 3555 2822 3610 oonformitate
2854 3574 3072 3612 morum
3107 3559 3225 3629 ipse
3255 3558 3402 3614 idem
3443 3559 3663 3630 monuit

2068 3640 2508 3712 Philippenses,c
2525 3650 2586 3698 ut
2604 3644 2772 3702 idem.
2789 3646 3369 3728 inquit,sapiamus,et
3386 3647 3443 3702 in
3463 3648 3660 3703 eadem

2070 3732 2265 3799 regula
2282 3747 2728 3802 permaneamus.
2759 3755 2781 3784 ι
2820 3731 2923 3789 Ubi
2953 3737 3180 3791 nomine
3206 3739 3412 3807 regula:
3441 3737 3662 3793 confor-

2071 3818 2322 3872 mitatem
2350 3821 2536 3875 innuit
2566 3822 2706 3876 vitae.
2735 3824 3024 3879 Etenimin
3040 3841 3210 3880 unam
3245 3826 3374 3880 ﬁdei
3405 3841 3662 3882 normam

2067 3923 2283 3969 omnes,
2311 3909 2406 3979 qui
2433 3916 2566 3964 sunt
2605 3911 2831 3972 Christi.
2871 3914 3224 3968 conveniunt.
3267 3915 3425 3979 Quod
3459 3915 3662 3970 visibili

2065 3997 2183 4064 jam
2206 3998 2539 4051 documento
2556 4001 2949 4078 percipimus,d
2958 4019 3050 4055 um
3071 4003 3255 4056 videre
3272 4004 3664 4074 est,quomodo

466 4093 605 4146 Item
631 4111 736 4176 pax
762 4093 1084 4166 Babyloniae
1106 4098 1556 4168 persecutionum
1573 4098 1985 4151 immunitatem
2005 4112 2055 4170 ι’)
2077 4092 2190 4176 φη)
2213 4086 2349 4139 varii
2371 4087 2554 4141 ουίιυε
2568 4094 2782 4158 gemes,
2806 4095 2921 4142 tam
2944 4090 3169 4144 ἀίεεοτη
3188 4092 3374 4145 “mus
3392 4107 3510 4148 om-
3545 4095 3663 4147 tam

394 4182 612 4249 tribuit;
644 4201 747 4251 pax
766 4185 1075 4239 Jerusalem
1096 4188 1422 4256 patientiam
1441 4193 1660 4241 tantum
1685 4188 1856 4258 exigit
1885 4186 1986 4242 ad-

394 4284 703 4335 versorum.
725 4270 881 4334 Quod
903 4273 1136 4338 innuere
1154 4275 1348 4340 voluit,
1397 4277 1492 4346 qui
1526 4268 1987 4344 virtutesnume-

397 4372 546 4422 rans,
565 4366 690 4428 post
708 4376 898 4430 pacem
929 4363 998 4416 de
1036 4363 1307 4434 patientia
1327 4381 1452 4418 mox
1476 4365 1716 4436 subjecit
1747 4379 1758 4412 ε
1795 4389 1818 4414 ιι
1853 4365 1990 4420 Fru-

398 4451 522 4500 ctus
543 4455 731 4502 autem
761 4451 991 4531 spiritus
1010 4452 1272 4512 Charitas.
1311 4455 1600 4524 gaudium,
1633 4471 1737 4526 pax
1769 4455 1990 4526 patien-

399 4536 497 4588 tia.
525 4555 551 4588 ι
596 4539 851 4609 Amplius
883 4559 892 4589 :
928 4542 1041 4594 Pax
1072 4543 1388 4612 Babylonia:
1417 4544 1463 4596 si
1493 4536 1868 4616 tranquillior,
1902 4562 1992 4598 co-

400 4626 629 4695 piosior,
662 4630 960 4698 perennior
1005 4631 1191 4694 fuerit,
1253 4633 1309 4685 in
1346 4633 1687 4699 luxuriosam
1737 4635 1905 4688 nimis
1937 4642 1994 4689 et

398 4716 781 4782 effeminatam
805 4719 1152 4774 remollietur
1179 4721 1515 4792 voluptatem
1539 4725 1700 4793 juxta
1728 4724 1878 4777 illam
1908 4742 1992 4790 sa-

398 4804 588 4871 tyricae
618 4808 1069 4877 reprehensionis
1096 4810 1480 4877 acrimoniam,
1515 4830 1637 4884 quae
1675 4813 1994 4884 aspergitur

400 4893 456 4946 in
485 4894 766 4949 Romanos
799 4916 810 4949 :

468 5059 765 5110 Praestabat
790 5064 966 5112 castas
995 5061 1226 5114 humilis
1249 5064 1489 5116 Fortuna
1519 5065 1742 5117 Latinas

472 5146 779 5212 Quondam,
817 5164 912 5202 nec
940 5153 1092 5202 vitiis
1121 5155 1369 5218 contingi
1393 5168 1569 5220 parva
1589 5157 1840 5208 sinebant

476 5235 628 5287 Tecta
661 5237 814 5288 labor
842 5242 1127 5306 somnique
1158 5242 1335 5294 breves
1363 5247 1410 5294 et
1439 5245 1632 5295 vellere
1666 5245 1848 5300 Tusco.

480 5323 724 5386 Vcs-ator,
758 5328 1015 5394 duraeque
1040 5345 1241 5382 manus
1267 5346 1332 5382 ac
1355 5333 1645 5398 proximus
1675 5333 1805 5384 Urbi

467 5414 731 5472 Annibal,
767 5419 814 5466 et
854 5421 1057 5468 stantes
1086 5419 1300 5471 Gallina
1331 5426 1486 5472 turre
1517 5423 1733 5472 mariti.

470 5501 636 5554 Nunc
658 5506 917 5570 patimur
940 5507 1109 5572 longe
1123 5510 1276 5574 pacis
1309 5510 1478 5574 mala,
1504 5512 1694 5562 savior
1713 5513 1889 5563 armis

473 5592 723 5644 Luxuria
746 5595 1032 5654 incumbit,
1069 5599 1379 5666 victumque
1399 5601 1695 5652 ulciscitur
1721 5600 1921 5652 orbem.

2078 4175 2298 4228 diversa
2339 4176 2653 4245 linguarum
2677 4178 2962 4232 schemata
2983 4179 3039 4232 in
3070 4180 3321 4249 ejusdem
3349 4195 3663 4236 consonan-

2071 4263 2208 4316 tiam
2238 4264 2528 4318 uniuntur.
2549 4267 2757 4320 Omnes
2778 4269 2950 4324 enim.
2984 4268 3077 4338 qui
3110 4269 3430 4323 Christiana
3456 4271 3666 4343 profes-

2071 4352 2229 4406 sione
2243 4370 2553 4412 censemur.
2588 4355 2752 4409 unius
2784 4357 3004 4410 Domini
3031 4372 3228 4412 sumus
3257 4359 3472 4421 famuli,
3498 4359 3664 4414 unius

2073 4443 2312 4516 pastoris
2333 4460 2480 4511 oves,
2499 4444 2666 4498 unius
2691 4446 2879 4518 gregis
2912 4447 3136 4502 milites.
3167 4447 3324 4506 Unus
3367 4464 3469 4510 nos
3499 4448 3667 4515 Pater

2070 4531 2284 4601 genuit,
2303 4548 2416 4584 una
2436 4539 2614 4589 mater
2629 4534 2871 4594 Ecclesia
2920 4537 3192 4609 concepit,
3225 4534 3390 4590 unius
3417 4535 3665 4607 agnosci-

2074 4637 2202 4674 mur
2224 4622 2473 4692 corporis
2506 4622 2772 4676 membra.

2144 4709 2204 4762 In
2238 4709 2540 4763 voluntatis
2572 4727 2700 4764 vero
2728 4711 3049 4766 unanimem
3083 4713 3435 4769 concordiam
3473 4719 3532 4769 et
3553 4730 3669 4770 mo-

2073 4815 2195 4852 rum
2227 4799 2480 4853 eamdem
2513 4800 2932 4856 similitudinem
2964 4818 3073 4857 non
3105 4819 3299 4858 omnes
3335 4817 3667 4859 concurrere

2072 4888 2260 4940 statim
2284 4904 2507 4941 necesse
2527 4895 2632 4950 est,
2660 4889 2745 4942 his
2757 4907 2974 4945 morum
3009 4898 3066 4945 et
3091 4893 3394 4946 voluntatis
3423 4890 3666 4962 exceptis

2073 4977 2350 5048 capitulis,
2376 4994 2497 5047 quae
2513 4983 2629 5031 tam
2647 4980 2979 5050 evangelicae
2991 4997 3160 5050 quam
3191 4981 3502 5052 apostolicae
3532 4993 3666 5049 pre-

2075 5066 2347 5136 ceptionis
2397 5067 2622 5120 decreta
2665 5069 2873 5138 scripta
2902 5070 3182 5138 tacitaque
3211 5074 3535 5132 sanxerunt,
3575 5083 3666 5121 se-

2075 5156 2318 5208 cundum
2343 5155 2488 5234 quod
2519 5157 2693 5210 totius
2724 5157 3024 5211 Christiani
3042 5158 3266 5226 generis
3287 5161 3494 5210 statum
3526 5173 3667 5227 opus

2077 5251 2162 5298 est
2190 5245 2507 5299 indissimili
2564 5248 2865 5301 voluntatis
2915 5255 2970 5300 et
3016 5247 3183 5299 moris
3239 5244 3376 5299 facie
3406 5244 3664 5300 colorari.

2075 5335 2229 5390 Alias
2251 5343 2461 5398 autem,
2486 5336 2614 5389 licet
2634 5337 2861 5388 novella!
2878 5335 3128 5388 Ecclesiae
3166 5335 3308 5389 filios
3339 5334 3588 5388 moribus
3613 5342 3672 5390 et

2076 5424 2282 5477 animis
2313 5424 2788 5478 conformissimos
2817 5424 2988 5477 fuisse
3020 5424 3277 5491 legamus
3311 5445 3333 5474 ι
3363 5423 3672 5478 multitudi-

2079 5512 2165 5566 nis
2187 5512 2334 5566 enim
2357 5511 2700 5566 credentium
2735 5517 2858 5564 erat
2879 5527 2976 5565 cor
3005 5527 3179 5566 unum
3202 5520 3259 5567 et
3285 5513 3475 5567 anima
3503 5525 3619 5567 una
3640 5533 3666 5566 ι»

2080 5602 2288 5655 nostris
2313 5607 2501 5654 tamen
2526 5599 2871 5671 temporibus
2906 5606 3029 5657 tum
3058 5607 3287 5674 propter
3303 5601 3672 5673 fragilitatem
