4040 6182
353 315 494 376 1631

1665 325 1915 385 BUFINI
1953 325 2288 384 EPISCOPI
2349 385 2351 389 .

3496 320 3638 381 1632

357 440 798 504 hominum,tum
811 443 979 499 etiam
991 444 1413 502 disseminatum
1430 464 1533 520 per
1550 454 1733 508 totum
1755 449 1948 508 orbem
1969 455 2016 513 A
2034 454 2464 524 concrepantem
2494 453 2700 505 nostra
2727 453 3019 521 nequeunt
3045 463 3214 505 aures
3257 447 3632 520 distinguere,

359 531 822 588 numerositatem
850 533 1220 599 credentium,
1245 553 1386 608 quos
1414 539 1581 593 unius
1611 541 1834 611 penitus
1854 557 1951 595 vo-

361 621 595 676 luntatis
625 626 682 675 et
694 622 866 675 moris
895 624 1166 693 qualitate
1183 625 1413 680 formari
1434 627 1505 681 ab
1521 629 1674 683 omni
1692 630 1951 684 humanae

357 708 745 780 possibilitatis
780 709 1042 766 facultate
1063 730 1231 784 quam
1275 716 1439 786 longe
1467 722 1567 770 est.
1605 719 1730 772 Non
1757 735 1951 774 omnes

356 797 416 852 in
445 799 702 853 eamdem
729 800 1080 856 affectionem
1109 808 1165 857 et
1191 805 1566 860 moralitatem
1593 813 1818 874 coeunt,
1851 808 1949 862 sed

356 887 483 942 aliis
511 887 624 942 alia
652 889 875 960 placent
896 896 952 945 et
980 891 1206 956 habent,
1265 900 1426 948 extra
1455 912 1622 966 quam
1653 897 1699 950 si
1729 898 1950 968 aliquos

356 992 535 1048 usque
552 977 691 1031 adeo
715 995 818 1048 pax
839 979 1174 1050 istaligavit,
1194 987 1258 1036 ut
1295 982 1375 1038 eis
1395 1001 1505 1038 non
1527 989 1745 1039 tantum
1774 987 1949 1041 animi

359 1065 760 1134 assensionem,
786 1068 883 1122 sed
898 1069 1068 1123 etiam
1086 1070 1354 1125 domicilii
1383 1071 1785 1129 habitationem
1810 1075 1950 1128 indi-

357 1153 582 1208 viduam
613 1155 904 1226 largiatur,
929 1157 998 1212 de
1019 1158 1222 1229 quibus
1251 1161 1522 1232 scriptum
1557 1167 1643 1216 est
1675 1181 1685 1215 :
1723 1181 1747 1214 α
1780 1164 1947 1230 Deus,

359 1242 454 1313 qui
479 1242 732 1298 habitare
759 1245 892 1299 facit
912 1246 1080 1301 unius
1109 1248 1283 1302 moris
1313 1249 1368 1303 in
1392 1250 1692 1305 domo.»Et
1705 1252 1909 1306 iterum
1935 1271 1946 1305 :

363 1349 388 1382 «
414 1332 550 1386 Ecce
580 1349 749 1403 quam
780 1333 987 1390 bonum
1034 1341 1090 1389 et
1145 1353 1312 1407 quam
1355 1339 1668 1408 jucundum
1696 1341 1951 1395 habitare

353 1420 556 1476 fratres
577 1422 634 1475 in
655 1439 850 1476 unum.
880 1443 903 1475 ι
949 1425 1016 1479 Et
1045 1424 1103 1479 in
1136 1426 1480 1497 Evangeliis:
1518 1451 1540 1477 ι
1592 1429 1696 1483 Ubi
1725 1430 1836 1485 duo
1868 1431 1951 1484 vel

357 1514 473 1564 tres
495 1513 819 1582 congregati
839 1513 1051 1568 fuerint
1070 1514 1130 1568 in
1147 1515 1372 1569 nomine
1403 1532 1546 1582 meo,
1584 1517 1661 1571 ibi
1693 1535 1795 1589 ego
1825 1537 1950 1574 sum

355 1597 416 1652 in
441 1599 626 1653 medio
657 1617 868 1655 eorum.
917 1622 942 1653 »

429 1687 565 1742 ΟΑΡ.
600 1690 837 1742 XXV.—
873 1693 944 1745 De
963 1693 1297 1747 dissensione
1327 1696 1491 1748 Pauli
1519 1701 1570 1749 et
1592 1698 1872 1751 Barnabas.

2034 540 2510 613 quemadmodum
2531 539 2821 610 scripsisse
2843 539 3051 593 inventi
3070 545 3222 601 sunt,
3246 539 3340 610 qui
3355 538 3632 592 ccelorum

2032 629 2252 685 arcanis
2283 629 2472 684 oculos
2491 628 2825 682 domesticos
2844 627 3182 698 injecerunt:
3202 628 3422 699 quia,ut
3439 627 3626 692 aiunt,

2031 725 2261 791 propter
2272 723 2514 773 veterem
2530 717 2989 771 consuetudinem
3006 733 3139 786 erga
3151 717 3425 788 crepitum
3443 713 3628 781 illum,

2033 807 2129 878 qui
2159 823 2221 860 ex
2274 806 2457 878 prima
2508 805 2799 860 nativitate
2847 805 3120 866 resonuit,
3154 821 3260 860 usu
3303 803 3639 876 quotidiano

2030 897 2382 966 oppletarum
2412 894 2634 949 aurium
2676 909 2875 948 sensus
2929 892 3241 955 obsurduit,
3293 893 3405 947 imo
3436 893 3635 948 minus

2033 984 2152 1053 ejus
2171 984 2489 1038 auscultare
2515 999 2814 1054 possumus
2836 982 3310 1046 melodiam,sicut
3328 981 3386 1034 in
3409 982 3634 1036 officina

2033 1073 2314 1126 metallica
2342 1071 2584 1126 assiduis
2615 1071 2968 1143 operantium
2998 1069 3202 1125 ictibus
3226 1076 3498 1124 contusus
3541 1070 3638 1124 he-

2035 1161 2210 1214 bescit
2236 1161 2484 1216 auditus.
2512 1161 2599 1214 Ad
2627 1159 2777 1231 quod
2815 1159 3071 1222 forsitan,
3116 1159 3425 1214 secundum
3456 1159 3636 1213 fidem

2033 1250 2380 1318 historicam,
2408 1249 2546 1304 illud
2579 1248 2842 1320 pertinet,
2874 1249 3021 1320 quod
3045 1248 3316 1303 Dominus
3344 1248 3401 1302 in
3429 1247 3536 1302 Job
3555 1248 3638 1302 di-

2031 1338 2113 1392 xit
2141 1358 2153 1392 :
2189 1358 2212 1390 ι
2243 1338 2381 1402 Quis
2401 1337 2688 1392 enarrabit
2707 1337 2975 1390 cmlorum
3003 1336 3300 1402 rationem,
3325 1342 3382 1390 et
3398 1353 3638 1390 concen-

2034 1432 2154 1481 tum
2182 1427 2306 1481 cmli
2329 1428 2454 1498 quis
2479 1427 2726 1480 dormire
2754 1425 2976 1486 faciet»
3007 1424 3329 1488 subaudias,
3351 1425 3460 1479 nisi
3491 1425 3636 1493 ego?

2034 1516 2289 1570 Dormire
2310 1515 2514 1586 quippe
2525 1515 2648 1568 caeli
2678 1526 2983 1568 concentus
3001 1515 3117 1568 Deo
3147 1513 3382 1568 faciente
3403 1514 3633 1580 dicitur,

2035 1605 2258 1675 quando
2277 1606 2629 1676 planetarum
2658 1609 2844 1658 motus
2864 1603 2958 1656 ille
2987 1602 3346 1657 harmonicus
3373 1603 3456 1656 sic
3483 1619 3642 1656 sum-

2036 1693 2114 1748 mi
2147 1695 2376 1765 Opificis
2405 1699 2528 1748 arte
2558 1693 2898 1764 compositus
2928 1695 3018 1746 est
3054 1696 3120 1746 ut
3169 1708 3366 1746 sonum
3401 1691 3636 1762 quidem

427 1776 679 1848 Denique
701 1778 747 1832 si
800 1778 978 1850 ipsam
1019 1780 1337 1836 animorum
1389 1784 1744 1838 concordiam
1801 1766 2487 1840 interBtonantissimum
2510 1783 2735 1847 habeat,
2779 1781 2875 1836 sed
2924 1781 3190 1835 humanis
3219 1779 3452 1834 auribus
3481 1780 3642 1834 velut

351 1867 537 1936 justos
555 1866 904 1922 dissensione
928 1869 1072 1923 forte
1101 1871 1292 1942 aliqua
1323 1873 1604 1926 vulnerari
1625 1875 1944 1944 contigerit,

356 1969 470 2007 non
497 1953 607 2008 erit
628 1955 1038 2025 desperandum
1067 1958 1348 2022 continuo,
1376 1977 1477 2014 nec
1514 1962 1602 2016 his
1628 1963 1950 2016 dissidenti-

357 2040 462 2096 bus
510 2043 942 2111 detrahendum,
983 2047 1116 2117 quia
1162 2048 1331 2102 etiam
1383 2050 1542 2104 Pauli
1593 2058 1650 2104 et
1680 2051 1949 2107 Barnabas

359 2131 683 2186 societatem
716 2135 1090 2204 evangelicam
1123 2137 1405 2206 quondam
1445 2139 1683 2209 legimus
1705 2139 1952 2194 funiculo

357 2221 1197 2294 disjunctam,quemadmodum
1212 2228 1482 2298 scriptum
1504 2235 1591 2284 est
1617 2230 1750 2300 quia
1766 2250 1789 2280 «
1816 2231 1954 2284 Bar-

361 2310 537 2366 nabas
565 2313 738 2367 voluit
761 2329 950 2368 secum
981 2330 1266 2370 assumere
1293 2318 1588 2380 Joannem,
1623 2319 1719 2388 qui
1748 2335 1953 2390 cogno-

359 2401 612 2456 minatur
658 2404 915 2472 Marcus;
950 2405 1159 2459 Paulus
1220 2412 1408 2460 autem
1440 2406 1676 2476 rogabat
1699 2424 1849 2470 eum,
1891 2415 1956 2464 ut

366 2491 462 2562 qui
481 2491 831 2547 discessisset
857 2492 927 2547 ab
970 2495 1052 2548 eis
1103 2496 1172 2549 de
1217 2495 1550 2567 Pamphilia,
1582 2503 1637 2550 et
1667 2514 1779 2551 non
1822 2498 1958 2552 isset

364 2596 491 2634 cum
517 2580 598 2634 eis
621 2580 679 2634 in
717 2598 878 2652 opus,
903 2599 1015 2636 non
1031 2583 1234 2638 debere
1254 2583 1445 2655 recipi.
1479 2585 1744 2640 Factaest
1766 2592 1955 2642 autem

363 2667 655 2733 dissensio,
681 2669 760 2724 ita
777 2677 840 2724 ut
859 2671 1211 2726 discederent
1227 2673 1296 2726 ab
1317 2673 1636 2734 invicem,ct
1666 2675 1955 2730 Barnabas

365 2757 589 2829 quidem
613 2766 902 2830 assumpto
921 2759 1111 2815 Marco
1148 2762 1717 2834 navigaretCyprum.
1747 2765 1954 2818 Paulus

363 2863 495 2902 vero
514 2848 689 2903 electo
713 2849 828 2903 Sila
846 2850 1126 2921 profectus
1145 2857 1250 2914 est,
1283 2851 1524 2906 traditus
1558 2853 1755 2921 gratiae
1782 2853 1882 2907 Dei
1921 2870 1954 2906 a

359 2936 646 2992 fratribus.
678 2956 704 2989 n
723 2938 898 3002 Quem
911 2940 1158 2994 Marcum
1178 2947 1370 3011 postea
1387 2941 1592 2995 Paulus
1617 2942 1674 2995 in
1695 2942 1955 2996 affectum

363 3027 660 3098 recipiens,
680 3026 862 3098 ipsum
895 3029 1064 3082 etiam
1109 3030 1532 3084 Colossensibus
1561 3031 1779 3085 studuit
1801 3048 1955 3085 com-

363 3117 628 3170 mendare
657 3117 848 3170 dicens
875 3131 887 3164 ε
923 3136 947 3168 ‹‹
984 3118 1203 3172 Salutat
1233 3136 1327 3173 vos
1365 3119 1723 3173 Aristarchus
1752 3137 1954 3175 conca-

361 3206 548 3278 ptivus
576 3223 755 3268 meus,
789 3212 847 3259 et
874 3207 1098 3260 Marcus
1140 3207 1508 3262 consobrinus
1555 3207 1844 3274 Barnabae,
1885 3210 1956 3264 de

365 3311 474 3366 quo
500 3295 793 3366 accepistis
821 3296 1108 3359 mandata,
1147 3317 1168 3346 ι
1202 3297 1356 3366 prius
1386 3295 1661 3359 videlicet,
1695 3313 1862 3368 quam
1880 3298 1958 3352 di-

363 3384 650 3439 scessisset
681 3384 817 3438 (haec
859 3399 1009 3438 enim
1063 3389 1314 3455 mag...)
1346 3406 1366 3436 ι
1403 3385 1451 3439 si
1482 3385 1695 3440 venerit
1745 3387 1815 3441 ad
1837 3405 1955 3456 vos,

361 3472 596 3543 excipite
625 3471 806 3526 illum.
842 3491 869 3526 ι

433 3559 581 3624 Quia
592 3561 767 3630 igitur
780 3561 1166 3616 ecclesiastica,-
1183 3563 1334 3633 pacis
1359 3560 1786 3620 fundamentum
1812 3581 1954 3634 prae-

364 3649 590 3720 cipuum
612 3649 751 3702 fides
772 3655 875 3711 est,
901 3651 945 3702 si
967 3651 1269 3720 aliquando
1292 3651 1440 3705 inter
1471 3653 1724 3706 membra
1749 3653 1958 3708 Christi

365 3754 476 3791 non
495 3737 720 3807 quidem
754 3738 939 3790 hostili
970 3738 1219 3801 dissidio,
1261 3741 1357 3793 sed
1392 3741 1679 3795 simultate
1709 3742 1959 3795 fraterna

365 3826 604 3894 alicujus
634 3826 1007 3880 contentionis
1033 3829 1262 3897 querela
1303 3828 1562 3884 subsiliat
1579 3831 1728 3902 (quae
1767 3837 1959 3884 tamen

362 3913 763 3968 mediocritatis
783 3914 990 3969 limites
1005 3932 1116 3969 non
1139 3917 1385 3982 excedat)
1408 3933 1518 3972 non
1540 3925 1627 3972 est
1647 3919 1959 3974 timendum

292 4073 302 4084 ⁸
363 4002 588 4075 penitus
622 4021 633 4056 :
663 4003 793 4074 quia
822 4003 982 4058 facile
1011 4005 1196 4058 curari
1223 4013 1458 4076 possunt
1508 4007 1623 4062 haec
1647 4009 1857 4078 jurgia,
1899 4010 1956 4062 in

365 4092 568 4164 quibus
579 4108 680 4146 nec
696 4092 824 4146 ﬁdei
846 4109 971 4163 pax,
989 4109 1091 4147 nec
1108 4094 1336 4164 pietatis
1367 4096 1570 4149 veritas
1601 4097 1948 4156 collabescit.

365 4183 496 4236 Haec
523 4181 670 4236 enim
695 4181 876 4251 magis
904 4181 1079 4236 dissui
1111 4199 1278 4253 quam
1312 4183 1551 4238 discindi
1582 4186 1832 4256 putanda
1871 4193 1958 4240 est

362 4271 612 4326 fraterna
631 4271 948 4340 concordia,
963 4271 1021 4324 in
1037 4288 1150 4342 qua
1165 4272 1456 4326 charitatis
1478 4289 1611 4328 usus
1627 4273 1952 4337 remittitur,

363 4377 466 4416 nec
494 4361 686 4416 odium
712 4361 986 4415 irritatur.

364 4512 498 4567 CAP.
530 4513 726 4568 XXVI.
745 4541 808 4553 —
841 4513 1114 4579 Quomodo
1130 4527 1242 4579 pas:
1271 4515 1377 4565 ista
1405 4515 1617 4580 angelis
1645 4516 1832 4567 suavis
1859 4518 1952 4574 est,

789 4589 837 4637 et
861 4585 1198 4637 (temonibus
1227 4585 1516 4637 terribilis.

437 4713 798 4769 Admirabilis
813 4714 1048 4769 nimium
1067 4731 1172 4786 pax
1193 4715 1318 4779 ista,
1335 4721 1393 4769 et
1411 4720 1529 4769 tota
1567 4716 1733 4770 laude
1753 4718 1958 4772 solem-

366 4803 472 4864 nis,
508 4818 629 4872 quae
641 4802 824 4856 suavis
843 4804 1076 4873 angelis,
1107 4804 1376 4858 terribilis
1386 4804 1572 4858 existit
1587 4805 1954 4860 daemonibus.

366 4893 464 4947 Est
482 4890 634 4945 enim
655 4907 760 4962 pax
783 4891 1040 4945 Ecclesiae
1055 4892 1254 4946 similis
1280 4893 1359 4946 illi
1376 4894 1589 4948 ccelesti
1604 4899 1660 4947 et
1673 4895 1957 4964 primariae

364 4979 670 5036 harmonia:
686 4979 768 5032 vel
793 4979 966 5032 motui
981 4980 1332 5050 planetarum
1347 4989 1560 5051 septem
1578 5000 1756 5054 usque
1779 4985 1958 5040 orien-

364 5076 480 5125 tem
513 5067 883 5124 currentium.
920 5067 1107 5121 Dulcis
1139 5070 1392 5138 quaedam
1435 5078 1491 5124 et
1517 5072 1680 5142 plena
1705 5073 1956 5142 gratissi-

364 5174 471 5212 me
500 5156 825 5211 sonoritatis
855 5171 955 5210 vox
985 5155 1258 5216 redditur,
1291 5173 1419 5210 cum
1448 5159 1652 5213 scissus
1695 5162 1869 5214 aether
1897 5161 1955 5216 in

365 5246 488 5317 ipso
517 5246 901 5300 sonorantium
953 5245 1306 5315 planetarum
1354 5252 1467 5299 tam
1509 5248 1952 5314 artificiabiliter,

365 5340 482 5389 tam
513 5334 865 5406 aequabiliter
891 5340 1057 5388 acuta
1086 5351 1211 5388 cum
1260 5335 1523 5404 gravibus
1553 5342 1850 5406 temperat,
1893 5345 1956 5393 ut

367 5432 668 5477 concentus
691 5424 819 5476 inde
836 5423 1110 5478 formetur
1127 5423 1204 5478 sic
1234 5424 1614 5483 suavissimus.
1641 5427 1786 5495 quod
1821 5426 1956 5480 inef-

364 5511 610 5565 fabiliter
623 5513 841 5566 vincere
863 5513 1296 5567 habeatomnem
1316 5515 1477 5567 dulco
1487 5515 1528 5567 ri
1559 5515 1956 5570 modulaminis

367 5600 725 5667 cantilenam.
739 5601 918 5681 Quem
936 5610 1128 5657 tamen
1146 5611 1361 5666 motum
1381 5603 1957 5672 orbium,immensius

1973 3079 2017 3141 C

2031 1889 2132 1943 per
2157 1873 2338 1927 somni
2368 1872 2751 1943 quietudinem
2780 1870 3094 1924 obsilescat.

2105 1963 2263 2028 Quod
2297 1969 2486 2016 autem
2512 1960 2896 2014 ecclesiasticae
2927 1959 3079 2030 pacis
3107 1958 3463 2012 concordiam
3505 1974 3635 2012 mo-

2031 2051 2355 2106 dulatarum
2379 2067 2572 2104 vocum
2621 2049 2939 2102 concinnati
2991 2047 3306 2118 comparari
3353 2052 3638 2118 oporteat,

2037 2141 2283 2212 optimus
2299 2140 2550 2210 psalmus
2566 2138 2774 2191 clamat
2793 2157 2804 2191 :
2833 2157 2854 2187 α
2874 2137 3124 2191 Laudate
3137 2153 3264 2190 eum
3283 2135 3341 2189 in
3362 2143 3642 2207 tympano

2037 2237 2096 2284 et
2121 2231 2311 2294 choro,
2341 2227 2568 2281 laudate
2591 2243 2721 2280 eum
2750 2226 2807 2280 in
2857 2225 3081 2279 chordis
3131 2231 3190 2279 et
3217 2241 3452 2294 organo.
3478 2243 3505 2276 ι
3532 2223 3642 2278 Ubi

2037 2336 2138 2391 per
2165 2319 2419 2382 chorum,
2452 2316 2586 2387 quia
2636 2316 2878 2387 plurium
2931 2331 3126 2368 vocum
3173 2313 3344 2368 habet
3376 2313 3641 2367 adunan-

2035 2409 2195 2474 tiam,
2228 2405 2616 2461 ecclesiasticae
2644 2404 2953 2458 concordiae
3007 2403 3196 2458 unitas
3250 2403 3554 2472 figuratur,
3583 2402 3641 2455 in

2037 2498 2183 2552 hanc
2206 2495 2650 2557 similitudinem,
2678 2494 2807 2565 quia
2837 2493 2984 2547 sicut
3002 2492 3060 2546 in
3090 2493 3413 2564 pluralitate
3439 2508 3638 2545 vocum

2039 2605 2104 2642 eo
2134 2587 2349 2641 dulcior
2377 2584 2674 2639 harmonia
2701 2585 2784 2646 fit,
2819 2599 2929 2654 quo
2978 2598 3088 2636 non
3139 2598 3203 2636 ex
3261 2581 3495 2646 eisdem,
3539 2582 3641 2635 sed

2038 2676 2271 2731 diversis
2300 2676 2452 2729 sonis
2505 2681 2702 2727 cantus
2758 2688 2904 2726 unus
2960 2671 3354 2741 compingitur,
3385 2670 3466 2724 sic
3492 2678 3553 2724 et
3581 2670 3640 2724 in

2037 2764 2423 2820 ecclesiastica;
2435 2761 2586 2834 pacis
2616 2766 2766 2815 statu
2797 2775 2864 2813 eo
2885 2764 2972 2812 est
3000 2759 3296 2812 concordia
3326 2757 3638 2828 pulchrior,

2037 2871 2146 2925 quo
2172 2870 2284 2908 non
2317 2868 2513 2906 omnes
2567 2849 2849 2913 omnibus,
2899 2848 2998 2902 sed
3059 2847 3263 2917 singuli
3301 2846 3544 2916 singulis
3583 2851 3643 2901 et

2036 2943 2270 2997 diversis
2297 2941 2494 2996 officiis
2516 2939 2599 2994 uti
2629 2938 2732 2993 sub
2751 2954 2864 2992 uno
2896 2936 3187 2990 charitatis
3214 2935 3520 2989 sociamine
3549 2935 3640 2989 di-

2036 3039 2402 3104 gnoscantur.
2437 3029 2669 3094 Qualem
2689 3027 2895 3081 etenim
2910 3033 3139 3098 putares
3155 3031 3215 3079 tu
3237 3025 3496 3079 Ecclesia
3513 3041 3640 3078 esse

2038 3121 2415 3182 concordiam,
2453 3119 2500 3172 si
2529 3117 2729 3172 docere
2783 3115 2991 3170 vellent
3028 3131 3244 3180 omnes,
3275 3114 3322 3167 si
3350 3113 3640 3167 exhortari

2039 3208 2324 3280 singuli,si
2347 3209 2759 3278 eleemosynam
2791 3205 3038 3259 tribuere
3066 3203 3332 3267 universi,
3357 3207 3414 3256 et
3432 3209 3641 3257 caetera

2039 3299 2109 3353 ab
2133 3299 2386 3370 apostolo
2415 3301 2712 3350 numerata
2731 3293 2952 3348 officia?
2985 3310 3107 3363 quae
3143 3291 3333 3346 omnia
3354 3291 3398 3344 si
3420 3291 3479 3345 in
3497 3308 3643 3345 uno-

2039 3387 2289 3460 quolibet
2303 3386 2469 3441 simul
2505 3389 2712 3450 essent,
2729 3399 2920 3438 eorum
2943 3381 3194 3436 omnium
3219 3380 3501 3452 deperiret
3522 3383 3640 3435 uti-

2038 3477 2188 3540 litas,
2220 3476 2352 3530 dum
2383 3491 2549 3528 nemo
2600 3473 2670 3527 ab
2717 3473 2827 3527 alio
2883 3470 3174 3542 reciperet,
3205 3487 3316 3541 quo
3370 3470 3490 3541 ipse
3519 3487 3639 3524 non

2039 3573 2246 3638 egeret,
2291 3564 2482 3634 sicque
2531 3567 2885 3616 evanesceret
2913 3576 3018 3631 pax
3047 3559 3324 3624 Ecclesiae,
3365 3575 3536 3630 quam
3579 3560 3638 3614 in

2040 3655 2209 3709 dandi
2242 3659 2299 3707 et
2327 3652 2634 3722 accipiendi
2663 3651 2871 3722 pietate
2897 3649 3305 3719 disputavimus
3335 3649 3636 3702 contineri.

2113 3744 2273 3797 Nunc
2303 3741 2476 3811 igitur
2522 3741 2655 3794 dum
2710 3746 2774 3792 tu
2825 3737 2964 3791 mihi
3013 3737 3280 3791 nescienti
3319 3736 3637 3790 doctrinam

2041 3830 2329 3901 praedicas,
2367 3835 2423 3882 et
2445 3845 2546 3898 ego
2577 3827 2679 3881 tibi
2705 3826 2893 3896 egenti
2909 3825 3176 3879 alimenta
3199 3825 3640 3895 dispendo,dum

2041 3919 2148 3972 iste
2177 3918 2257 3972 illi
2295 3919 2352 3971 in
2373 3917 2583 3987 templo
2605 3921 2747 3980 orat,
2772 3915 2865 3968 ille
2886 3914 2979 3968 isti
3006 3915 3062 3968 in
3084 3914 3344 3985 praetorio
3364 3914 3641 3983 postulat,

2040 4014 2098 4062 et
2117 4007 2196 4060 sic
2225 4024 2325 4077 per
2352 4006 2571 4076 reliqua
2600 4005 2850 4074 ejusdem
2885 4003 3057 4067 modi,
3099 4009 3234 4056 tunc
3264 4002 3640 4073 plurimorum

2013 4095 2290 4150 fidelium
2317 4105 2482 4165 grata
2524 4093 2838 4155 concordia,
2889 4092 3042 4146 velut
3082 4091 3386 4144 multarum
3436 4107 3641 4144 vocum

2041 4185 2297 4239 blandior
2325 4183 2681 4254 componitur
2699 4181 3013 4235 harmonia.
3052 4178 3184 4234 Haec
3204 4186 3291 4233 est
3319 4179 3416 4232 illa
3440 4180 3642 4233 fortas-

2039 4274 2118 4327 sis
2148 4273 2380 4339 musica,
2414 4287 2582 4342 quam
2615 4270 2848 4340 Sapiens
2872 4268 3132 4340 prohibet
3155 4267 3416 4338 impediri
3450 4285 3465 4321 :
3494 4286 3519 4318 ι
3556 4268 3640 4320 Ne

1971 4393 2020 4451 υ
2039 4362 2624 4451 impediasmusicam.
2643 4379 2666 4409 ι
2713 4359 2909 4451 Quam.
2925 4357 3198 4428 impedire
3223 4356 3348 4426 quis
3363 4355 3641 4451 intelligi-

2040 4457 2153 4516 tur,
2166 4468 2291 4505 cum
2304 4450 2609 4504 fraternam
2629 4447 2780 4518 pacis
2800 4445 3030 4500 turbare
3050 4444 3474 4499 consonantiam
3487 4444 3546 4498 in
3555 4461 3642 4498 ve-

2041 4541 2213 4594 nitur.
2237 4539 2490 4610 Denique
2518 4553 2628 4591 non
2651 4536 2827 4590 otiose
2857 4536 2916 4588 in
2942 4535 3112 4588 choro
3149 4534 3278 4594 isto,
3309 4533 3415 4587 hoc
3445 4539 3529 4587 est
3579 4535 3637 4587 in

2041 4629 2260 4684 unitate
2283 4629 2434 4700 pacis
2446 4625 2830 4681 ecclesiastica:
2851 4624 3069 4678 divinas
3084 4639 3284 4676 canere
3298 4622 3497 4676 laudes
3533 4623 3642 4676 ad-

2041 4733 2356 4777 monemur,
2381 4719 2510 4787 quia
2532 4716 2708 4769 Deum
2728 4730 2892 4767 nemo
2915 4712 3144 4770 laudare
3165 4711 3436 4777 creditur,
3473 4728 3640 4766 nemo

2038 4805 2180 4860 bene
2199 4821 2446 4876 unquam
2463 4802 3067 4874 operaricognoscitur,
3100 4800 3148 4854 si
3169 4807 3328 4854 extra
3373 4801 3638 4853 ecclesia-

2039 4895 2190 4950 sticae
2222 4895 2372 4966 pacis
2400 4894 2708 4947 claustrum
2740 4895 3026 4960 evagetur.

2111 4984 2188 5037 Ex
2226 4983 2312 5036 his
2359 4998 2492 5052 ergo
2549 4981 2730 5050 liquet
2771 4978 3051 5050 quomodo
3098 4976 3362 5030 fraternae
3395 4977 3639 5031 societas

2038 5071 2190 5144 pacis
2208 5069 2571 5126 concinnitati
2589 5084 2854 5122 sonorum
2875 5067 3060 5120 affinis
3082 5071 3186 5119 est.
3214 5064 3477 5128 Qualiter
3505 5083 3638 5119 vero

2038 5160 2331 5216 concentui
2353 5161 2704 5231 planetarum
2739 5156 2811 5210 sit
2841 5155 3061 5212 similis,
3113 5153 3208 5207 ille
3253 5153 3396 5207 scire
3427 5156 3634 5226 potuit,

2039 5251 2134 5322 qui
2166 5249 2356 5320 [novit,
2388 5245 2514 5320 cur]
2551 5247 2661 5300 veri
2688 5245 2788 5299 ﬁlii
2833 5244 2954 5306 Dei,
2995 5260 3062 5296 ex
3093 5243 3296 5313 quibus
3334 5245 3641 5298 concordia

2038 5340 2145 5392 ista
2172 5337 2544 5408 componitur,
2574 5333 2880 5388 luminibus
2903 5331 3024 5386 ραιιί
3056 5337 3473 5401 comparentur.
3494 5333 3640 5387 Dicit

2036 5427 2183 5480 enim
2216 5425 2512 5496 Apostolus
2542 5423 2608 5476 ad
2642 5421 2962 5492 hujusmodi
2989 5439 3000 5472 :
3039 5438 3064 5469 (ί
3097 5419 3170 5473 Ut
3199 5419 3320 5472 sitis
3349 5419 3474 5472 sine
3502 5437 3643 5490 que.-

2038 5517 2152 5568 rela
2174 5523 2232 5568 et
2259 5514 2539 5585 simplices
2569 5512 2668 5565 filii
2700 5511 2820 5575 Dei,
2853 5516 2911 5563 et
2939 5509 3060 5562 sine
3102 5507 3538 5578 reprehensione
3580 5509 3641 5562 in

2038 5603 2225 5657 medio
2253 5602 2496 5658 nationis
2525 5616 2710 5670 pravae
2743 5605 2799 5654 et
2833 5613 3126 5668 perversae,
3179 5601 3328 5649 inter
3364 5611 3510 5666 quos
3548 5596 3643 5651 lu-
