4056 6188
414 247 551 308 1633

409 375 548 430 cetis
565 375 714 430 sicut
739 375 1042 430 luminaria
1061 375 1120 429 in
1144 375 1372 430 mundo.
1409 393 1436 428 υ
1464 375 1541 430 Ex
1571 381 1782 447 septem
1814 374 2001 447 planc-
2021 375 2072 434 A

408 463 484 518 tis
513 463 608 518 ille
640 469 944 519 concentus
961 464 1222 529 efﬁcitur,
1247 469 1304 518 et
1333 480 1433 534 per
1460 465 1844 536 septiformem
1877 463 2004 534 Spi-

409 553 553 607 ritus
595 553 774 608 sancti
803 553 1045 624 gratiam
1092 553 1242 623 pacis
1289 559 1496 608 nostraa
1524 553 1763 608 societas
1784 569 2006 608 concor-

409 641 596 695 datur.
629 642 839 696 Versus
868 642 1139 696 orientem
1173 648 1357 696 motus
1382 643 1476 695 ille
1496 644 1800 697 concinnus
1830 642 2001 708 vadit,

410 731 546 800 quia
573 731 757 784 omnis
783 731 1058 801 regularis
1088 730 1321 785 unitatis
1359 731 1682 785 fraternitas
1724 731 1795 785 ad
1833 731 2002 784 ﬁnem

409 819 931 885 consummationis,
987 819 1272 874 Christum
1329 820 1577 891 respicit,
1627 820 1696 874 de
1726 836 1837 891 quo
1866 819 2003 873 scri-

408 914 568 978 ptum
599 912 722 962 est:
761 929 784 960 ι
819 909 956 963 Ecce
984 908 1068 961 vir
1095 909 1281 962 oriens
1306 924 1510 962 nomen
1539 909 1681 978 ejus.
1718 929 1742 959 ι
1787 908 2008 962 Dormit

408 1001 713 1051 concentus
744 996 840 1051 ille
874 997 1134 1063 cmlestis,
1163 997 1296 1051 dum
1337 997 1396 1051 in
1418 996 1827 1068 tranquillitate
1853 997 2004 1067 pacis

411 1094 615 1140 nostrae
643 1085 964 1156 spirituales
983 1085 1107 1150 viri,
1137 1102 1172 1139 a
1199 1085 1394 1140 mundi
1424 1085 1626 1140 secreti
1646 1085 2001 1151 tumultibus,

408 1175 644 1228 internae
669 1174 957 1244 sapientia:
983 1173 1258 1244 profunda
1270 1175 1785 1240 meditantur,sicut
1797 1191 2006 1245 sponsa

409 1261 468 1316 in
499 1279 630 1318 voce
675 1263 875 1318 talium
922 1264 1136 1334 Sponso
1177 1264 1480 1334 respondet
1526 1263 1718 1317 dicens
1763 1282 1774 1316 :
1813 1281 1839 1315 «
1890 1263 2006 1332 Ego

409 1350 648 1417 dormio,
680 1359 738 1406 et
765 1368 862 1406 cor
890 1368 1076 1406 meum
1103 1351 1318 1422 vigilat.
1356 1371 1379 1403 ι

480 1440 636 1495 Sicut
662 1446 852 1495 autem
882 1441 1178 1495 harmonia
1206 1439 1303 1494 illa
1329 1440 1570 1495 caelestis
1599 1439 1761 1495 nobis
1795 1439 2006 1510 imper-

412 1528 690 1599 ceptibilis
719 1536 823 1594 est,
840 1528 1241 1598 distinguibilis
1261 1535 1450 1584 autem
1470 1535 1527 1584 et
1553 1529 1732 1584 dulcis
1750 1545 2006 1598 supernas

409 1617 732 1687 regioni,sic
753 1623 809 1671 et
825 1617 1156 1672 Christianae
1185 1618 1470 1672 societatis
1499 1618 1849 1688 spiritualem
1871 1633 2004 1671 con-

1547 249 1644 306 DE
1679 248 1876 306 BONO
1914 246 2143 304 PACIS.
2187 276 2251 288 -
2291 242 2428 304 LIB.
2469 249 2544 305 II.

3544 256 3682 316 1634

2367 373 2510 430 CAP.
2547 373 2799 429 XXVIII.
2830 401 2888 416 —
2915 377 2988 430 De
3011 381 3162 446 pacis
3191 385 3390 437 osculo.

2158 459 2316 516 Inter
2341 462 2530 517 omnia
2557 468 2748 517 tamen
2770 463 2923 536 pacis
2942 465 3123 536 signa,
3148 485 3271 539 quze
3291 471 3507 528 actibus
3529 478 3683 531 tran-

2086 549 2365 620 siguntur,
2401 553 2743 622 praecipuum
2771 559 2828 608 et
2854 555 3032 624 magis
3060 573 3382 628 expressum
3403 568 3490 617 cst
3517 580 3680 620 oscu-

2087 637 2225 704 lum,
2272 655 2383 693 non
2431 640 2552 694 dico
2583 641 2758 711 pedis,
2811 649 2911 696 aut
2959 644 3178 712 frontis,
3229 654 3328 702 aut
3377 651 3548 717 auris,
3583 659 3684 708 aut

2087 727 2322 782 alterius
2352 727 2608 794 membri,
2644 730 2742 784 sed
2772 731 2886 784 oris
2908 737 3320 791 tantummodo.
3349 738 3493 802 Quia
3530 742 3681 796 enim

2087 815 2419 881 evidentius,
2470 834 2571 888 per
2616 818 2728 872 oris
2769 820 3013 875 ofﬁcium
3076 840 3245 894 quam
3305 843 3406 897 per
3457 835 3683 886 caetero-

2088 919 2215 958 rum
2245 905 2626 960 membrorum
2658 913 2799 962 nutu
2849 910 3022 964 animi
3062 919 3251 968 votum
3292 917 3675 986 exprimimus,

2086 991 2212 1046 ideo
2241 1009 2342 1064 per
2379 995 2632 1048 osculum
2684 995 2796 1049 oris
2844 998 2995 1068 pacis
3039 997 3450 1072 beneplacitum
3495 1008 3681 1078 aptius

2086 1079 2441 1136 adnotamus.

2157 1170 2336 1224 Datur
2365 1170 2516 1240 pacis
2551 1171 2862 1227 Jerusalem
2894 1176 3147 1230 osculum
3179 1177 3448 1237 fratribus
3476 1183 3532 1239 in
3573 1186 3679 1240 Ec-

2089 1257 2258 1311 clesia
2287 1274 2397 1311 non
2429 1259 2680 1328 qualibet
2703 1261 2860 1323 hora,
2892 1263 2990 1316 sed
3013 1263 3070 1317 in
3109 1265 3284 1321 missa
3321 1277 3448 1339 post
3476 1272 3681 1329 immo-

2089 1347 2358 1402 lationem
2389 1349 2636 1419 quidem.
2665 1351 2762 1404 sed
2793 1357 2924 1406 ante
2961 1356 3372 1425 susceptionem
3405 1361 3682 1420 Dominici

2088 1437 2354 1508 corporis.
2391 1436 2547 1500 Quod
2582 1440 2832 1494 osculum
2863 1441 3110 1512 primum
3140 1461 3174 1498 a
3203 1448 3491 1504 sacerdote
3521 1453 3682 1507 mini-

2089 1525 2221 1578 stris
2244 1525 2506 1590 traditur,
2537 1533 2600 1581 ut
2631 1528 2828 1582 exinde
2861 1547 2962 1600 per
2991 1547 3086 1586 eos
3124 1533 3182 1586 in
3214 1541 3445 1592 cmteros
3482 1556 3682 1612 expen-

2087 1613 2272 1668 datur.
2308 1613 2375 1668 In
2417 1631 2570 1686 pace,
2621 1633 2788 1687 quam
2834 1619 2988 1689 prius
3035 1623 3294 1678 sacerdos
3324 1625 3540 1692 tribuit,
3573 1647 3681 1701 pax

408 1707 706 1761 tinentiam
750 1707 1006 1762 homines
1048 1707 1363 1762 mundiales
1410 1708 1694 1777 ignorant,
1731 1706 2006 1772 (animalis
2027 1701 2190 1785 BDei
2217 1704 2287 1757 ad
2316 1720 2438 1768 nos,
2464 1711 2656 1759 nostra
2688 1707 2900 1762 scilicet
2927 1711 3324 1778 reconciliatio,
3352 1731 3416 1768 ex
3448 1733 3560 1787 qua
3573 1735 3682 1790 pax

409 1795 563 1849 enim
594 1795 762 1849 homo
790 1812 902 1849 non
934 1795 1173 1866 percipit
1199 1813 1265 1850 ea
1286 1812 1408 1867 quae
1421 1801 1554 1849 sunt
1569 1795 2004 1866 spiritus)quam

409 1889 600 1938 tamen
631 1883 859 1956 superni
888 1884 1054 1949 cives,
1086 1885 1191 1938 hoc
1220 1890 1324 1948 est,
1353 1884 1537 1954 angeli
1565 1884 1883 1938 distinctius
1904 1900 2007 1938 no-

410 1978 555 2036 tant,
583 1989 822 2044 eamque
847 1973 998 2027 velut
1027 1972 1329 2042 quamdam
1366 1971 1544 2026 dulcis
1583 1972 1848 2026 carminis
1886 1988 2008 2026 mo-

411 2059 723 2116 dulantiam
751 2067 930 2132 gratae
958 2061 1294 2132 acceptionis
1322 2061 1554 2116 auribus
1574 2062 1892 2116 auscultant
1922 2078 2006 2115 se-

411 2150 657 2204 cundum
705 2151 842 2204 illud
891 2150 1108 2205 Cantici
1155 2150 1502 2205 canticorum
1549 2151 1619 2204 ad
1653 2149 1954 2205 Ecclesiam
1990 2167 2001 2201 :

416 2257 443 2289 α
473 2238 609 2302 Quae
634 2239 853 2294 habitas
882 2239 940 2293 in
972 2239 1168 2305 hortis,
1201 2239 1366 2294 amici
1396 2239 1719 2294 auscultant
1747 2245 1821 2304 te,
1859 2259 1882 2290 ι
1917 2239 2005 2292 di-

412 2332 602 2381 centes
631 2327 836 2398 singuli
872 2344 883 2378 :
921 2346 946 2379 α
975 2327 1084 2381 Fac
1111 2344 1202 2382 me
1231 2327 1427 2382 audire
1454 2344 1646 2382 vocem
1673 2333 1884 2382 tuam.»
1903 2327 2008 2382 Ubi

413 2415 639 2468 nomine
677 2415 984 2468 amicorum
1029 2415 1260 2486 spiritus
1306 2415 1558 2469 caelestes
1603 2415 1905 2486 intelligas,
1939 2416 2008 2470 de

414 2502 615 2573 quibus
642 2503 700 2557 in
731 2503 1028 2573 Evangelio
1072 2503 1283 2557 mentio
1328 2503 1585 2564 habetur,
1626 2504 1760 2574 quia
1794 2504 2007 2558 scilicet

413 2607 540 2645 cum
569 2598 760 2662 pastor
786 2608 944 2645 ovem
971 2591 1201 2657 invenit,
1241 2612 1263 2642 ι
1290 2592 1518 2646 veniens
1547 2593 1776 2646 domum
1806 2609 2006 2647 convo-

411 2685 500 2733 cat
527 2680 740 2733 amicos
763 2685 821 2734 et
847 2680 1058 2734 vicinos
1087 2680 1276 2734 dicens
1313 2696 1325 2734 :
1369 2681 1851 2750 Congratulamini
1895 2681 2005 2734 mi-

412 2767 488 2833 hi,
522 2768 654 2838 quia
681 2769 868 2822 inveni
897 2785 1052 2822 ovem
1085 2785 1290 2835 meam,
1322 2786 1445 2840 qua:
1475 2770 1658 2840 periit.
1689 2790 1715 2823 n

483 2856 736 2928 Denique
761 2857 906 2911 sicut
933 2856 1148 2926 angelis
1171 2857 1469 2911 concordia
1506 2858 1885 2912 ecclesiastica
1922 2863 2007 2913 est

415 2950 598 3015 grata,
633 2945 712 3000 ita
761 2946 1124 3011 daemonibus,
1166 2952 1231 3000 ut
1258 2946 1692 3016 praelibavimus,
1735 2948 2006 3002 formido-

2089 1792 2401 1847 Jerusalem
2431 1794 2638 1864 pendet
2660 1801 2717 1850 et
2737 1796 2954 1862 nititur,
2971 1798 3314 1870 designatur.
3334 1803 3508 1874 Cujus
3527 1808 3682 1878 pacis

2090 1883 2342 1936 osculum
2377 1883 2639 1953 primitus
2680 1887 2938 1940 sacerdos
2983 1888 3165 1955 oﬁ‘ert,
3198 1892 3331 1962 quia
3360 1911 3465 1965 pax
3491 1913 3681 1953 recon-

2090 1970 2392 2026 ciliationis
2430 1989 2531 2043 per
2563 1973 2967 2030 ecclesiasticos
2992 1979 3250 2047 praelatos
3277 1982 3438 2038 nobis
3465 2001 3682 2042 annun-

2086 2058 2228 2113 tiata
2245 2065 2332 2115 est
2352 2066 2408 2114 et
2432 2060 2670 2128 indulta,
2693 2061 3116 2135 sicutscriptum
3143 2074 3229 2123 est
3255 2083 3266 2117 :
3301 2088 3327 2122 α
3360 2072 3680 2146 Suscipiant

2087 2154 2306 2202 montes
2337 2165 2530 2220 pacem
2563 2151 2788 2220 populo.
2827 2170 2849 2201 ι
2893 2153 3050 2208 Unde
3080 2171 3226 2210 unus
3255 2174 3325 2212 ex
3355 2160 3441 2215 his
3471 2165 3680 2219 monti-

2091 2235 2215 2300 bus,
2248 2237 2408 2308 quasi
2452 2238 2621 2308 hujus
2651 2239 2904 2293 osculum
2935 2242 3085 2311 pacis
3114 2243 3419 2302 Corinthiis
3442 2250 3680 2307 offerens

2089 2325 2274 2395 inquit
2307 2343 2318 2378 :
2356 2347 2376 2377 α
2411 2326 2576 2380 Dedit
2621 2326 2781 2381 nobis
2820 2329 3150 2399 mysterium
3190 2335 3681 2398 reconciliationis.

2089 2411 2198 2466 Pro
2231 2413 2452 2468 Christo
2478 2431 2610 2484 ergo
2627 2415 2909 2486 legatione
2939 2417 3244 2488 fungimur,
3265 2427 3536 2494 tanquam
3565 2428 3681 2483 Deo

2089 2501 2417 2556 exhortante
2449 2519 2548 2574 per
2572 2519 2692 2557 nos.
2727 2503 3100 2561 Obsecramus
3127 2525 3230 2578 pro
3260 2511 3502 2582 Christo,
3529 2535 3551 2567 ι
3577 2517 3682 2574 hoc

2089 2596 2175 2644 est
2194 2591 2308 2644 vice
2337 2592 2479 2661 ejus,
2515 2609 2542 2642 ‹‹
2571 2593 3013 2648 reconciliamini
3055 2597 3186 2650 Deo.
3222 2618 3248 2651 ›)

2159 2676 2234 2731 Et
2263 2677 2525 2747 quoniam
2579 2696 2685 2750 pax
2733 2681 2841 2735 ista
2880 2682 2937 2735 in
2970 2683 3175 2738 Christi
3205 2693 3387 2742 morte
3416 2706 3679 2746 consum-

2089 2771 2243 2818 mata
2263 2772 2365 2831 est,
2394 2772 2544 2820 recte
2567 2774 2692 2837 post
2715 2769 3185 2840 immolationem,
3207 2789 3330 2844 qua:
3358 2778 3556 2832 mortis
3576 2780 3682 2834 Do-

2087 2852 2304 2907 minicaa
2355 2855 2684 2910 memoriam
2724 2857 3017 2928 imaginat,
3047 2860 3214 2931 hujus
3245 2865 3397 2934 pacis
3426 2868 3680 2923 osculum

2088 2943 2346 2998 sacerdos
2374 2943 2527 2998 libat.
2563 2945 2706 3009 Quia
2736 2963 2865 3001 vero
2894 2948 3030 3002 illud
3059 2951 3333 3020 osculum,
3357 2956 3504 3024 quod
3535 2962 3682 3028 post-

415 3032 551 3087 losa.
583 3034 740 3089 Sicut
758 3033 906 3088 enim
939 3034 1319 3089 Romanorum
1349 3041 1661 3090 castrorum
1688 3037 1833 3091 acies
1870 3042 2005 3091 tunc
2025 3070 2070 3132 ο
2091 3047 2158 3085 ea
2187 3032 2633 3087 communicatur
2662 3034 2720 3088 in
2765 3036 3034 3106 singulos.
3069 3038 3330 3096 fraterna:
3360 3045 3512 3113 pacis
3543 3062 3678 3100 con-

415 3121 586 3177 ﬁebat
618 3122 862 3177 inimicis
898 3122 1182 3187 terribilis,
1217 3124 1444 3193 quando
1491 3141 1614 3194 qua;
1641 3125 1797 3194 prius
1827 3125 2006 3179 divisa
2029 3120 2070 3132 “
2088 3120 2278 3174 cordia
2306 3121 2744 3182 demonstratur.
2765 3123 2890 3178 ideo
2917 3131 3046 3180 ante
3069 3130 3482 3199 susceptionem
3498 3149 3684 3189 sacra-

415 3227 516 3281 per
544 3211 732 3282 plures
763 3211 1046 3282 pugnabat
1085 3212 1328 3277 ordines,
1369 3217 1564 3283 postea
1587 3213 1798 3282 junctis
1821 3213 2004 3268 corni-

414 3297 518 3352 bus
540 3299 811 3370 impetum
840 3300 1098 3354 mittebat
1117 3301 1175 3354 in
1200 3302 1388 3355 hostes
1412 3320 1424 3368 ;
1446 3301 1524 3355 sic
1558 3301 1827 3356 nimirum
1858 3309 1915 3357 et
1944 3303 2003 3357 in

416 3385 749 3441 Christianae
780 3388 990 3443 militiae
1035 3388 1308 3459 praesidiis
1341 3389 1432 3458 agi
1463 3390 1774 3459 putandum
1804 3396 1907 3456 est,
1941 3397 2006 3445 ut

417 3474 672 3530 videlicet
699 3493 744 3529 ει
771 3493 871 3547 per
902 3477 1146 3547 aliquam
1179 3477 1526 3532 occasionem
1557 3478 1732 3532 divisa
1759 3480 2005 3534 Ecclesia

414 3571 607 3618 contra
630 3563 988 3619 tenebrarum
1017 3566 1293 3637 principes
1313 3583 1413 3637 per
1443 3573 1629 3638 partes
1657 3567 1865 3622 bellare
1886 3574 2004 3623 ten-

415 3653 635 3716 taverit,
670 3654 854 3708 minus
873 3654 1063 3708 timori
1095 3654 1186 3716 sit,
1221 3660 1277 3707 et
1303 3654 1372 3708 ob
1409 3655 1513 3708 hoc
1535 3655 1748 3709 tardius
1779 3656 1847 3710 de
1877 3673 2006 3711 con-

415 3742 591 3796 traria
637 3742 962 3796 fortitudine
1010 3741 1296 3796 victoriam
1342 3743 1703 3808 nanciscitur,
1736 3744 2004 3799 terribilis

416 3836 604 3884 autem
638 3831 736 3884 ﬁat
779 3830 1070 3901 vincatque
1112 3830 1394 3896 facillime,
1435 3831 1482 3884 si
1511 3832 1759 3886 adunata
1779 3849 2004 3888 concor-

413 3919 508 3973 dia
535 3918 882 3989 spiritualem
910 3925 1106 3973 contra
1137 3919 1352 3973 hostem
1383 3921 1725 3990 promoverit
1753 3927 2002 3977 armatu-

415 4024 558 4062 ram.
591 4007 750 4072 Quod
792 4008 987 4078 utique
1025 4007 1084 4061 in
1122 4023 1188 4061 ea
1218 4007 1452 4078 Sapiens
1481 4009 1767 4064 admirans
1796 4018 1853 4064 et
1888 4011 2007 4066 lau-

416 4097 556 4152 dans
603 4097 683 4151 ait
713 4113 726 4148 :
762 4113 788 4148 (
831 4097 964 4161 Quae
995 4102 1081 4152 est
1124 4097 1254 4164 ista,
1304 4113 1428 4167 quae
1461 4099 1820 4169 progreditur
1849 4100 2009 4171 quasi

417 4202 624 4240 aurora
669 4201 1032 4256 consurgens,
1070 4185 1306 4256 pulchra
1336 4191 1400 4240 ut
1426 4185 1579 4251 luna,
1611 4187 1788 4243 electa
1814 4194 1879 4244 ut
1907 4190 2010 4257 sol,

427 4273 692 4330 terribilis
719 4282 784 4329 ut
811 4279 1120 4329 castrorum
1151 4274 1300 4328 acies
1327 4274 1586 4329 ordinata
1604 4276 1628 4329 ?
1646 4295 1674 4330 ι

433 4472 562 4528 CAP.
595 4469 824 4528 XXVII.
852 4500 912 4511 —
932 4474 1004 4528 De
1034 4474 1209 4541 signis
1233 4474 1382 4542 pacis
1411 4479 1526 4528 tam
1553 4472 1812 4530 humana:
1848 4491 2018 4544 quam

1030 4548 1414 4600 ecclesiasticae.

501 4705 675 4776 Signa
704 4710 913 4764 autem.
947 4705 1150 4776 quibus
1175 4711 1292 4759 tam
1313 4722 1420 4777 pax
1439 4705 1548 4760 ista
1583 4721 1753 4777 quam
1785 4707 2018 4780 Babylo-

429 4793 554 4848 nica
574 4793 862 4865 quaeritur,
885 4793 1074 4858 datur,
1105 4795 1334 4864 ligatur,
1367 4793 1720 4856 discernitur,
1764 4795 2016 4851 multifa-

427 4882 514 4936 ria
543 4887 694 4936 sunt.
723 4882 848 4936 Alia
871 4882 1019 4936 enim
1047 4881 1245 4947 verbis,
1281 4882 1394 4936 alia
1422 4881 1611 4951 rebus,
1650 4883 1761 4937 alia
1798 4884 2016 4940 actibus

429 4970 798 5042 explicantur.
819 4971 1038 5036 Verbis,
1057 4977 1121 5025 ut
1140 4977 1297 5041 puta,
1328 4970 1780 5037 salutationibus,
1812 4973 2019 5043 pactio-

429 5059 612 5125 nibus,
656 5060 1028 5130 juramentis,
1082 5059 1266 5126 rebus,
1320 5061 1794 5131 quemadmodum
1848 5063 2015 5130 lauri,

430 5149 586 5204 olivae
616 5149 925 5219 palmaeque
943 5149 1299 5206 ramusculis.
1326 5149 1486 5204 Unde
1511 5150 1697 5221 palma
1725 5151 1885 5222 quasi
1925 5169 2021 5224 pa-

430 5238 510 5294 cis
538 5238 688 5292 alma
711 5237 781 5292 ab
807 5239 1138 5310 etymologis
1177 5245 1554 5310 nuncupatur.
1594 5239 1844 5305 Actibus,
1877 5241 2022 5296 sicut

431 5327 490 5382 in
527 5327 908 5398 complexione
937 5327 1314 5393 dexterarum.
1347 5328 1407 5382 in
1435 5328 1852 5383 coacervatione
1880 5329 2021 5400 lapi-

432 5417 588 5481 dum,
632 5420 688 5468 et
733 5414 792 5468 in
831 5414 944 5468 ictu
982 5415 1359 5470 sacriﬁcandze
1404 5415 1640 5470 victimae
1677 5417 2020 5472 consuetudo

431 5504 705 5562 vetustior
727 5507 1053 5576 usurpatur.

2086 3211 2262 3262 menti
2280 3209 2636 3275 tribuitur,ut
2656 3212 2912 3267 videlicet
2939 3215 3093 3270 omni
3110 3216 3334 3272 deterso
3365 3220 3494 3276 odio
3515 3239 3681 3278 mun-

2085 3297 2220 3351 dum
2250 3299 2433 3352 cordis
2463 3307 2809 3370 praeparetur
2853 3303 3175 3374 hospitium,
3218 3307 3276 3360 in
3310 3311 3457 3379 quod
3486 3311 3681 3367 Domi-

2086 3401 2192 3439 nus
2205 3385 2422 3456 ingredi
2452 3387 2622 3456 eligat
2650 3394 2708 3442 et
2735 3389 3017 3447 habitare.
3057 3393 3209 3447 Istud
3234 3400 3319 3449 est
3347 3396 3483 3452 illud
3514 3416 3680 3455 oscu-

2085 3474 2224 3539 lum,
2257 3475 2406 3545 quod
2435 3476 2642 3531 Paulus
2670 3478 2727 3531 in
2758 3478 3136 3534 Romanorum
3176 3488 3234 3536 et
3263 3484 3679 3544 Corinthiorum

2086 3561 2515 3616 salutationibus
2557 3564 2756 3618 statuit
2785 3566 3131 3621 offerendum
3167 3587 3178 3622 :
3216 3587 3242 3621 ¢
3277 3571 3548 3640 Salutate,
3592 3577 3680 3631 in-

2086 3650 2226 3721 quit,
2273 3652 2511 3706 invicem
2553 3653 2610 3706 in
2651 3654 2842 3708 osculo
2873 3662 3084 3719 sancto,
3123 3676 3150 3710 1o
3193 3658 3298 3713 hoc
3326 3667 3413 3715 est
3440 3661 3676 3732 sincero,

2085 3756 2197 3793 non
2219 3741 2434 3806 ﬁctitio,
2469 3742 2633 3812 quale
2662 3742 2768 3796 fuit
2804 3744 2960 3799 Judae
2990 3746 3262 3814 osculum,
3297 3766 3408 3820 quo
3437 3753 3682 3822 prodidit

2085 3830 2446 3894 Salvatorem,
2480 3831 2644 3900 quale
2665 3837 2722 3885 et
2743 3832 2882 3887 illud
2909 3833 3071 3894 Joab.
3097 3835 3192 3906 qui
3218 3838 3483 3895 Amasam
3513 3845 3674 3913 quasi

2087 3915 2411 3971 demulcens
2477 3918 2666 3972 osculo
2719 3921 2994 3989 percussit
3035 3921 3093 3976 in
3147 3923 3344 3993 latere,
3385 3933 3443 3982 et
3485 3929 3683 3986 effudit

2089 4004 2358 4059 intestina
2387 4007 2529 4076 ejus,
2567 4013 2625 4061 et
2660 4012 2917 4062 mortuus
2956 4013 3057 4065 est.

2094 4147 2224 4205 CAP.
2258 4149 2452 4203 XXIX.
2483 4179 2538 4189 --
2565 4151 2634 4204 De
2659 4150 2744 4202 his
2773 4153 2873 4218 qui
2891 4166 3081 4219 pacem
3113 4155 3342 4209 turbant
3367 4159 3679 4216 ecclesiasti-

2189 4235 2309 4273 cam
2339 4225 2391 4273 et
2419 4222 2754 4288 fraternam,
2790 4222 2854 4274 de
2877 4227 3094 4289 peccato
3121 4240 3312 4279 eorum
3341 4233 3389 4280 et
3406 4244 3589 4296 paena.

2171 4346 2352 4415 Hujus
2380 4346 2555 4400 osculi
2583 4347 2931 4413 conﬁctores,
2971 4348 3309 4404 schismatici
3350 4354 3591 4411 maxime
3628 4363 3686 4414 et

2033 4424 2083 4483 D
2100 4434 2346 4489 hazretici
2371 4435 2633 4489 credendi
2647 4441 2799 4500 sunt,
2828 4436 2920 4507 qui
2948 4452 3060 4490 non
3083 4437 3374 4504 columbae,
3397 4443 3494 4497 sed
3511 4447 3683 4516 corvi,

2099 4540 2211 4578 non
2239 4524 2391 4594 agni,
2422 4525 2520 4579 sed
2549 4524 2666 4596 lupi
2695 4525 2886 4579 oscula
2912 4525 3238 4596 deﬁgentes,
3253 4529 3570 4588 castitatem
3591 4552 3687 4607 pa-

2099 4613 2178 4668 cis
2208 4613 2595 4668 ecclesiasticae
2635 4613 2892 4684 polluunt
2934 4619 2992 4668 et
3019 4625 3404 4687 corrumpunt.
3441 4621 3575 4678 dum
3605 4625 3688 4680 illi

2100 4703 2358 4758 scissuris
2392 4703 2678 4768 dirimere,
2708 4703 2803 4757 isti
2831 4701 3114 4758 erroribus
3139 4705 3424 4762 catholicae
3453 4711 3686 4769 unitatis

2098 4791 2414 4863 discerpere
2451 4791 2806 4846 concordiam
2843 4807 2957 4846 non
2990 4799 3272 4862 verentur,
3306 4796 3376 4852 ad
3405 4798 3510 4855 hoc
3532 4799 3690 4857 blan-

2098 4881 2336 4949 dientes,
2364 4887 2427 4936 ut
2452 4881 2675 4952 rapiant
2701 4886 2759 4936 et
2785 4881 3056 4937 occidant.

2170 4973 2244 5025 At
2273 4970 2690 5026 subversionem
2739 4970 2904 5025 istam
2946 4972 3099 5043 pacis
3121 4973 3286 5029 ludus
3323 4973 3529 5031 Ismael
3559 4995 3688 5034 cum

2101 5063 2258 5116 Isaac
2290 5060 2655 5131 praesignasse
2667 5059 3103 5131 traditur,quem
3131 5062 3324 5116 ludum
3350 5067 3690 5133 persecutio-

2101 5165 2229 5203 nem
2271 5149 2572 5219 Apostolus
2609 5148 2922 5203 nominavit
2956 5167 2968 5202 :
3015 5167 3041 5199 ar
3084 5149 3372 5212 Quomodo
3397 5156 3550 5219 tunc,
3593 5155 3688 5226 qui

2103 5238 2410 5293 secundum
2462 5254 2688 5292 carnem
2752 5244 2919 5292 natus
2981 5237 3183 5301 fuerat,
3249 5240 3692 5310 persequebatur

2104 5345 2250 5394 eum,
2285 5328 2380 5399 qui
2409 5327 2715 5382 secundum
2749 5326 3008 5396 spiritum
3043 5346 3055 5378 :
3086 5326 3166 5379 ita
3208 5341 3266 5380 et
3306 5343 3473 5382 nunc.
3506 5347 3530 5382 ι
3556 5331 3692 5396 Quae

2104 5417 2361 5472 videlicet
2379 5415 2688 5488 persecutio
2720 5413 2970 5468 timenda
2990 5414 3116 5484 plus
3137 5420 3223 5468 est
3249 5431 3420 5485 quam
3450 5434 3535 5486 ea,
3568 5437 3692 5492 qua:

2105 5511 2298 5579 aperta
2345 5502 2768 5579 impugnatione
2793 5506 3105 5576 grassatur.
3148 5502 3389 5563 Facilior
3427 5514 3516 5564 est
3541 5509 3693 5568 enim
