4040 6182
365 209 503 269 1635

1682 205 1938 261 ΒΗΓΙΝῙ
1970 205 2300 262 Εριεοονι

3479 205 3629 266 1636

363 338 569 403 cautio,
601 335 700 390 ubi
727 334 1023 410 manifesta
1067 333 1328 387 formido.
1375 333 1508 386 Plus
1537 337 1725 386 autem
1752 333 1953 386 timen-
1969 335 2019 394 Α
2036 333 2165 387 fecit
2194 333 2336 387 Core
2356 338 2413 388 et
2446 334 2722 415 ducentos
2741 332 3150 416 quinquaginta
3177 329 3345 393 viros,
3378 330 3628 416 quicum

365 428 470 484 dus
495 433 582 481 est
599 431 656 478 et
680 423 957 499 cavendus
985 421 1266 485 inimicus,
1290 437 1416 476 cum
1448 421 1692 475 latenter
1711 421 1946 492 obrepit,

367 533 494 573 cum
523 531 622 585 per
652 512 799 583 pacis
824 511 1124 580 imaginem
1160 509 1389 564 occultis
1416 509 1593 580 serpit
1612 509 1947 575 accessibus,

366 622 434 660 eo
462 603 675 671 majora
711 601 947 654 daturus
987 585 1237 653 vulnera.
1272 614 1383 668 quo
1425 598 1612 654 minus
1641 599 1764 668 ejus
1792 597 1954 651 mali-

361 692 550 764 gnitas
576 691 760 744 fuerat
787 693 1228 755 praemonstrata.

435 781 598 835 Tales
653 778 922 832 scissuras
963 775 1262 846 Apostolus
1309 775 1502 828 videns
1541 774 1598 830 in
1649 774 1955 828 Corinthiis

365 867 774 942 progerminari
811 885 825 919 :
862 888 887 914 ι
927 865 1186 925 Obsecro,
1222 864 1426 933 inquit,
1471 880 1566 917 vos
1600 862 1827 927 fratres,
1860 879 1957 934 per

365 974 571 1016 nomen
619 949 846 1016 Domini
891 954 1021 1006 Jesu
1071 952 1303 1016 Christi,
1351 957 1414 1004 ut
1453 952 1510 1004 id
1547 953 1728 1022 ipsum
1759 951 1954 1006 dicatis

366 1065 581 1113 omnes,
614 1054 672 1102 et
699 1062 809 1101 non
840 1046 952 1100 sint
985 1045 1043 1098 in
1065 1043 1216 1098 vobis
1243 1043 1600 1098 schismata.»
1617 1045 1768 1108 Quas
1783 1044 1952 1098 etiam

366 1141 428 1193 in
454 1137 559 1192 reti
587 1135 893 1210 apostolico
919 1133 1131 1205 signari
1160 1132 1570 1203 cognoscimus,
1598 1132 1744 1202 quod
1771 1132 1954 1202 rumpi

366 1244 483 1299 pra
523 1223 886 1279 multitudine
927 1221 1160 1292 piscium
1208 1223 1387 1274 Lucas
1431 1221 1782 1278 memoravit.
1807 1221 1954 1275 Fieri

367 1322 558 1370 autem
587 1311 912 1383 hujusmodi
938 1312 1175 1364 haereses
1197 1315 1253 1363 et
1280 1309 1653 1363 dissensiones
1686 1309 1955 1363 Dominus

366 1403 603 1475 patitur,
633 1409 715 1464 ut,
739 1400 874 1475 dum
905 1405 1120 1452 mentes
1141 1404 1362 1452 nostras
1389 1398 1635 1451 veritatis
1655 1398 1955 1452 discrimen

367 1491 672 1553 examinat,
707 1488 951 1560 probata:
981 1487 1109 1540 ﬁdei
1152 1487 1446 1555 integr'tas
1489 1486 1742 1540 serenius
1785 1477 1957 1540 clare-

366 1585 508 1636 scat.
541 1600 565 1631 ι
601 1579 858 1648 Oportet,
902 1579 984 1630 ait
1028 1576 1348 1646 Apostolus,
1396 1575 1634 1628 haereses
1682 1591 1824 1639 esse,
1871 1580 1952 1638 ut,

2035 438 2099 475 eo
2125 421 2416 475 incensum
2442 411 2767 476 offerebant.
2797 442 2817 470 ι
2843 405 3096 474 Similem
3129 435 3346 488 pinnam
3373 405 3629 474 Ecclesiae

2036 494 2369 564 divisoribus
2394 511 2498 564 sub
2527 512 2602 564 im
2613 499 2946 582 precationis
2961 524 3093 561 voce
3120 502 3400 577 Propheta
3419 495 3633 560 denun—

2035 598 2142 652 tiat
2173 617 2183 650 :
2223 618 2247 650 «
2291 585 2493 652 Veniat
2531 616 2681 652 mors
2712 615 2880 668 super
2926 598 3070 658 illos,
3108 604 3162 649 et
3191 587 3539 648 descendant
3575 595 3634 648 in

2037 687 2318 741 infernum
2353 688 2618 751 viventes,
2666 687 2929 757 quoniam
2979 683 3232 755 nequitia
3270 683 3327 736 in
3375 680 3634 754 hospitiis

2037 792 2231 829 eorum
2283 765 2342 829 in
2389 765 2572 828 medio
2629 792 2843 830 eorum.
2895 793 2923 824 )›
2979 774 3111 836 Quae
3161 789 3289 825 vero
3338 772 3636 842 nequitia?

2041 883 2064 914 ι
2099 849 2394 929 Quoniam,
2428 864 2632 934 inquit,
2656 863 3179 918 contaminaverunt
3204 851 3632 914 Testamentum

2038 953 2184 1022 ejus,
2239 975 2266 1004 ν
2326 957 2496 1007 sacrae
2546 945 2804 1007 videlicet
2860 945 3159 1022 Scripturze
3212 941 3500 1020 eloquium
3549 949 3634 1004 ita

2038 1027 2284 1112 quidem.
2331 1049 2415 1098 ut,
2449 1063 2470 1094 ι
2501 1029 2668 1096 divisi
2693 1027 2762 1095 ab
2803 1041 2886 1095 ira
2917 1032 3103 1093 vultus
3133 1040 3274 1109 ejus,
3313 1060 3332 1089 ι
3368 1039 3472 1091 hoc
3521 1033 3628 1102 est,

2037 1131 2283 1195 Domini,
2312 1121 2498 1185 divino
2538 1131 2623 1184 eis
2657 1131 2933 1185 irascente
2956 1129 3166 1196 judicio
3197 1123 3463 1182 adversus
3494 1124 3635 1180 invi-

2037 1237 2156 1274 cem
2181 1220 2452 1274 contrarii
2488 1219 2694 1274 erroris
2734 1219 2976 1273 malitias
3006 1223 3323 1280 erexerunt,
3354 1223 3419 1270 ut
3459 1207 3631 1269 Arius

2038 1309 2095 1362 in
2127 1309 2448 1372 Sabellium,
2484 1299 2762 1379 Eutychos
2798 1309 2856 1361 in
2887 1299 3230 1370 Nestorium,
3263 1302 3633 1376 praedestina-

2037 1403 2128 1450 tus
2157 1397 2215 1451 in
2253 1397 2558 1468 Pelagium,
2595 1405 2654 1452 et
2691 1398 2750 1452 in
2783 1398 3113 1468 Carpoticen
3153 1397 3518 1452 Manicheam-.3.
3563 1396 3637 1450 Et

2038 1487 2304 1556 quoniam
2332 1487 2411 1540 sic
2435 1475 2692 1541 dissoluti
2726 1493 2877 1550 sunt,
2904 1506 2929 1537 «
2952 1503 3057 1541 nec
3073 1485 3392 1555 compuncti
3426 1505 3452 1535 ιι
3475 1490 3632 1548 sunt,

2040 1576 2293 1645 quamvis
2321 1582 2518 1629 contra
2561 1593 2621 1630 se
2663 1565 2898 1629 diversis
2945 1565 3300 1644 dogmatibus
3340 1563 3635 1631 dimicent,

368 1669 463 1744 qui
484 1667 700 1745 probati
731 1672 881 1727 sunt,
906 1663 1182 1718 manifesti
1209 1665 1362 1717 fiant.
1393 1684 1418 1715 ι)
1448 1662 1607 1717 Multi
1638 1664 1788 1716 enim
1816 1664 1954 1734 lupi,
1981 1665 2365 1744 Bglomeratis
2391 1671 2579 1718 tamen
2619 1664 2843 1719 malitiae
2891 1653 3094 1718 studiis
3134 1650 3466 1718 Christiana:
3513 1651 3640 1716 uni-

367 1759 499 1812 dum
525 1756 770 1812 Ecclesia
787 1755 1093 1825 tranquilla
1123 1760 1227 1816 est,
1259 1752 1390 1822 agni
1431 1758 1701 1821 putantur
1721 1759 1777 1805 et
1805 1769 1954 1814 oves,

367 1847 466 1900 filii
496 1845 804 1899 creduntur
824 1850 876 1896 et
905 1841 1246 1896 fratres.Sed
1270 1857 1395 1894 cum
1423 1849 1615 1911 postea
1644 1840 1958 1894 schismati-

364 1923 470 1989 bus
499 1941 555 1988 et
584 1929 886 1988 hasresibus
925 1930 1182 1985 Ecclesia;
1209 1929 1441 2000 coeperit
1467 1929 1688 1999 requies
1719 1915 1952 1993 turbari,

366 2013 728 2078 latesceutem
759 2022 938 2085 illam,
969 2023 1025 2074 et
1040 2025 1402 2089 supputatam
1427 2018 1634 2071 mentis
1649 2018 1958 2088 nequitiam

367 2103 426 2166 in
456 2111 740 2184 publicum
789 2109 1207 2178 despumantes,
1255 2108 1378 2176 jam
1422 2114 1682 2177 patenter
1711 2107 1958 2160 insontes

368 2201 644 2272 quosdam
684 2199 979 2261 dilaniant,
1023 2203 1407 2268 putanturque
1445 2196 1514 2249 de
1549 2195 1790 2252 Beclesia
1827 2203 1960 2250 tunc

368 2289 582 2359 egredi,
624 2305 763 2358 quos
792 2294 982 2340 tamen
1012 2291 1231 2339 constat
1269 2285 1340 2338 de
1368 2278 1609 2338 Ecclesia
1639 2275 1961 2338 nullatenus

367 2377 645 2431 exstitisse
669 2377 832 2445 juxta
871 2374 1011 2428 illud
1046 2373 1280 2427 Joannis
1317 2373 1602 2444 Apostoli:
1633 2393 1653 2422 ε
1687 2374 1762 2426 Ex
1801 2372 1960 2426 nobis

368 2465 646 2528 exierunt,
682 2463 780 2517 sed
812 2479 925 2516 non
953 2469 1116 2516 erant
1155 2479 1219 2514 ex
1257 2459 1436 2514 nobis.
1473 2462 1616 2515 Nam
1645 2461 1692 2515 si
1721 2461 1962 2515 fuissent

368 2570 432 2607 ex
453 2550 1287 2622 nobispermansisseututique
1308 2549 1614 2603 nobiscum.
1640 2569 1666 2599 ιι
1693 2550 1958 2620 Concepti

368 2641 577 2697 etenim
607 2640 930 2710 hujusmodi
955 2647 1114 2694 utero
1138 2639 1336 2691 matris
1358 2637 1634 2694 Ecclesia.
1656 2646 1957 2708 antequam

366 2732 770 2795 formarentur,
812 2730 1026 2784 viscera
1063 2733 1488 2799 quassaverunt,
1519 2733 1578 2781 et
1615 2729 1696 2782 sic
1723 2727 1958 2781 abortivi

366 2821 584 2877 excussi
611 2827 766 2876 sunt.
800 2839 826 2872 ι
855 2819 1097 2872 Alienati
1127 2822 1262 2871 sunt
1292 2837 1314 2868 ))
1349 2817 1524 2880 enim,
1552 2823 1614 2869 ut
1646 2805 1854 2869 Psalmi
1877 2831 1958 2868 re-

2039 1754 2171 1807 tatis
2199 1754 2552 1807 concordiam
2590 1753 2955 1815 insectantur,
2994 1760 3056 1806 ut
3101 1752 3194 1805 isti
3227 1767 3446 1822 quoque
3476 1749 3640 1803 casui

2040 1843 2424 1914 propheticum
2457 1831 2592 1900 illud
2639 1843 2940 1902 adhaereat,
2967 1859 3076 1913 quo
3106 1829 3311 1895 dicitur
3349 1827 3641 1894 Manasses

2040 1931 2299 2002 persequi
2335 1917 2618 2001 Ephraim,
2661 1921 2924 2002 Ephraim
2965 1921 3282 1995 Manassen,
3328 1928 3499 1982 simul
3529 1926 3638 1997 ipsi

2040 2026 2232 2073 tamen
2259 2021 2284 2074 1
2293 2007 2482 2072 udam.

2112 2109 2256 2162 Dein
2283 2108 2364 2161 illi
2394 2124 2616 2178 quoque
2654 2107 2772 2178 qui,
2821 2123 2932 2162 non
2965 2107 3086 2162 dico
3133 2095 3413 2176 generalis
3444 2095 3638 2158 Eccle-

2042 2197 2158 2256 siae,
2193 2197 2288 2250 sed
2322 2197 2566 2267 plurium
2614 2187 2700 2250 vel
2741 2183 2980 2251 duorum
3026 2189 3226 2250 saltem
3273 2189 3639 2248 concordiam

2042 2285 2318 2344 dividunt,
2333 2274 2416 2338 vel
2445 2286 2542 2355 qui
2569 2285 2719 2339 inter
2747 2302 2806 2339 se
2835 2285 3093 2339 fraternae
3128 2275 3417 2339 charitatis
3439 2298 3639 2352 pacem

2042 2373 2154 2426 odii
2186 2374 2460 2427 fermento
2485 2381 2872 2444 corrumpunt,
2905 2374 2962 2428 in
2989 2380 3207 2428 reatum
3239 2389 3408 2443 quam
3439 2367 3638 2442 culpa-

2041 2460 2211 2515 bilem
2261 2449 2535 2528 incidant,
2582 2463 2726 2517 ratio
2785 2461 3122 2517 manifestat.
3172 2464 3282 2526 Qui
3323 2463 3476 2516 enim
3537 2478 3640 2531 per

2041 2551 2228 2604 odium
2254 2551 2516 2606 fraternis
2546 2553 2856 2606 dilectionis
2883 2553 3120 2622 gratiam
3153 2553 3636 2606 exhauriunt.tam

2040 2640 2135 2693 diu
2167 2639 2376 2693 nullius
2414 2640 2546 2693 boni
2586 2641 2770 2711 operis
2815 2641 2928 2696 Deo
2950 2641 3282 2695 sacrificium
3315 2641 3634 2704 immolant,

2040 2745 2207 2798 quam
2234 2729 2330 2782 diu
2371 2745 2406 2782 a
2430 2729 2663 2783 fratrum
2694 2731 2966 2784 charitate
2994 2731 3343 2784 discordant.
3397 2717 3640 2799 PrOpter

2040 2817 2186 2887 quod
2217 2817 2286 2870 de
2328 2818 2486 2878 Cain,
2526 2819 2624 2892 qui
2666 2835 2790 2872 cum
2832 2819 3003 2872 fratre
3048 2835 3240 2888 pacem
3285 2835 3386 2888 per
3414 2818 3639 2872 invidiae

369 2913 538 2966 vellat
564 2911 876 2972 oraculum,
902 2930 921 2958 ι
959 2907 1190 2962 alienati
1221 2910 1356 2960 sunt
1388 2912 1708 2976 peccatores
1727 2904 1797 2958 ab
1833 2907 2219 2977 ute-Czelum
2253 2923 2365 2960 non
2396 2907 2653 2970 habebat,
2685 2907 2966 2966 scribitur,
2994 2908 3128 2978 quia
3159 2928 3179 2958 ι
3217 2907 3287 2960 sd
3318 2906 3472 2988 Cain;
3487 2911 3548 2960 et
3565 2906 3639 2960 ad

365 3017 454 3065 ro,
482 3005 817 3054 erraverunt
839 3015 874 3051 a
891 3003 1102 3057 ventre,
1137 2995 1310 3049 locuti
1335 3005 1470 3048 sunt
1496 2994 1654 3048 falsa.
1692 3014 1714 3042 ι

2038 3012 2276 3048 munera
2305 2996 2428 3065 ejus
2456 2995 2728 3050 Dominus
2759 3013 2871 3050 non
2901 2997 3160 3067 respexit.
3193 3016 3214 3046 ι
3261 2996 3328 3049 Et
3359 2996 3418 3049 in
3452 2996 3637 3049 Evan-

436 3089 676 3144 Demum
715 3092 832 3140 tam
881 3083 1212 3139 detestabile
1247 3089 1334 3136 est
1361 3083 1468 3136 hoc
1504 3087 1814 3152 peccatum,
1847 3093 1964 3154 quo
2035 3084 2183 3153 'gelio
2217 3101 2228 3134 :
2264 3102 2286 3134 (ι
2315 3084 2393 3147 Si,
2416 3084 2616 3156 inquit,
2653 3085 2818 3138 offers
2848 3102 3054 3138 munus
3082 3091 3240 3138 tuum
3272 3084 3343 3137 ad
3372 3085 3640 3148 altare,et

367 3177 745 3232 ecclesiastica
769 3174 1070 3229 concordia
1103 3173 1364 3233 foedatur,
1411 3177 1471 3226 ut
1506 3170 1767 3240 quaelibet
1796 3170 1960 3240 culpa

367 3267 476 3321 alia
498 3265 754 3336 judicata
782 3264 852 3317 ad
883 3264 1101 3334 pondus
1131 3262 1299 3332 hujus
1327 3260 1578 3314 criminis
1614 3260 1750 3312 levis
1778 3265 1836 3313 et
1873 3276 1958 3313 ve-

367 3356 534 3410 nialis
561 3360 874 3408 censeatur.
904 3352 1073 3420 Pejus
1091 3355 1178 3404 est
1203 3350 1352 3403 enim
1371 3349 1522 3402 istud
1549 3348 1759 3402 crimen
1786 3348 1957 3402 etiam

367 3448 594 3516 peccato
625 3441 909 3496 Christum
941 3438 1288 3508 negantium.
1315 3437 1396 3491 lbi
1413 3436 1561 3490 enim
1583 3437 1764 3506 potuit
1787 3436 1957 3490 tuisse

368 3532 697 3594 necessitas,
737 3530 826 3583 hic
857 3545 1004 3598 saepe
1031 3527 1269 3581 obnoxia
1297 3532 1383 3580 est
1411 3527 1666 3579 voluntas
1701 3543 1714 3590 ;
1744 3525 1802 3578 in
1833 3525 1958 3578 aliis

369 3621 594 3675 offensis
614 3620 781 3673 unius
809 3619 953 3670 forte
982 3616 1183 3669 animae
1211 3615 1478 3668 damnum
1501 3621 1606 3676 est,
1630 3614 1717 3667 hic
1747 3615 1961 3684 pericu-

371 3709 490 3760 lum
521 3707 755 3761 vertitur
785 3705 1177 3775 plurimorum,
1220 3712 1277 3756 et
1304 3719 1430 3755 cum
1461 3702 1751 3770 contingat
1785 3702 1959 3755 semel

371 3796 723 3866 delinquere,
767 3791 1156 3846 scliismaticus
1184 3790 1532 3844 convincitur
1561 3790 1810 3860 quotidie
1837 3806 1960 3860 pee-

369 3900 516 3938 caro.
569 3883 730 3938 Adeo
775 3887 964 3935 autem
1012 3881 1178 3950 hujus
1207 3879 1678 3950 praevaricationis
1706 3893 1959 3932 excessus

366 3971 600 4043 grandis
631 3977 716 4024 est
739 3976 803 4024 ut
829 3985 931 4022 nec
958 3985 1058 4040 per
1087 3965 1418 4038 sanguinem
1450 3967 1630 4021 valeat
1672 3967 1962 4035 indulgen-

367 4061 503 4114 tiam
545 4059 874 4131 promereri,
921 4056 1394 4128 quemadmodum
1437 4055 1818 4109 facundissimi
1850 4055 1960 4124 Cy-

368 4146 554 4221 priani
574 4146 1182 4218 martyrioconse'crata
1200 4144 1352 4196 dicta
1377 4139 1686 4196 auctoritas
1711 4161 1729 4197 :
1751 4163 1776 4192 ι(
1797 4141 1963 4195 Ine:-

2039 3173 2116 3226 ibi
2155 3173 2480 3226 recordatus
2521 3173 2695 3228 fueris
2737 3174 2884 3245 quod
2926 3174 3102 3228 frater
3145 3181 3276 3228 tuus
3319 3174 3490 3228 habet
3538 3175 3640 3227 ali-

2039 3260 2172 3329 quid
2205 3261 2470 3315 adversus
2499 3271 2572 3322 te.
2593 3263 2848 3332 relinque
2878 3262 2956 3316 ibi
2981 3279 3185 3317 munus
3215 3269 3374 3316 tuum
3399 3253 3475 3315 ad
3499 3262 3641 3316 alta-

2040 3365 2119 3413 re,
2153 3355 2210 3402 et
2258 3349 2394 3402 vade
2444 3350 2599 3420 prius
2639 3351 2984 3406 reconciliari
3032 3351 3190 3405 fratri
3235 3363 3353 3415 tuo,
3402 3359 3462 3405 et
3500 3358 3640 3404 tunc

2040 3437 2266 3491 veniens
2295 3439 2433 3491 offer
2463 3456 2668 3492 munus
2687 3447 2868 3494 tuum.
2897 3460 2920 3492 »

2113 3526 2217 3580 Eos
2249 3543 2396 3586 vero.
2420 3529 2514 3598 qui
2549 3528 2696 3582 inter
2724 3530 2928 3583 fratres
2965 3529 3299 3588 discordiam
3329 3531 3633 3593 seminant,

2039 3615 2294 3668 videlicet
2336 3632 2694 3682 susurrones,
2727 3635 2896 3688 quam
2939 3619 3154 3688 grande
3187 3626 3476 3690 peccatum
3516 3635 3640 3689 pre-

2042 3711 2177 3762 mat,
2212 3704 2336 3774 quis
2363 3705 2718 3759 dissimulare
2747 3708 2987 3760 audeat?
3032 3707 3171 3762 Cum
3211 3709 3362 3760 enim
3396 3709 3544 3761 Deus
3583 3713 3641 3760 et

2041 3791 2304 3845 diabolus
2329 3809 2550 3846 summa
2593 3811 2728 3864 erga
2753 3795 2988 3848 invicem
3017 3799 3387 3866 repugnantia
3418 3804 3640 3850 contra-

2041 3879 2229 3934 dicant
2257 3880 2420 3941 (sicut
2459 3882 2612 3935 enim
2657 3883 2769 3936 Deo
2799 3883 2936 3936 nihil
2985 3891 3069 3936 est
3097 3885 3398 3954 pretiosius
3426 3885 3636 3938 virtute

2041 3968 2375 4030 dilectionis,
2405 3970 2485 4023 sic
2519 3970 2662 4024 nihil
2691 3971 3120 4026 desiderabilius
3163 3972 3388 4025 diabolo
3424 3974 3637 4026 exstin-

2045 4045 2228 4111 ctione
2259 4059 2569 4114 charitatis.
2617 4059 2906 4113 Exstincto.
2943 4077 3187 4131 namque
3225 4062 3500 4115 charitate
3540 4079 3641 4116 caa-

2045 4151 2298 4200 terarum
2321 4147 2587 4202 virtutum
2605 4149 2808 4202 chorus
2822 4149 3354 4219 dilabitur,quarum
3381 4151 3640 4204 omnium

369 4237 610 4308 piabilis,
644 4235 828 4306 inquit
856 4241 913 4288 et
950 4235 1137 4304 gravis
1179 4233 1345 4302 culpa
1375 4232 1670 4287 discordia!
1699 4241 1800 4286 nec
1829 4249 1961 4286 san-
1981 4241 2227 4323 Dmater
2249 4235 2494 4290 Charitas
2524 4254 2646 4290 esse
2674 4237 2888 4306 scitur),
2923 4238 3072 4292 unde
3091 4246 3328 4300 constat,
3360 4239 3510 4308 quod
3550 4256 3641 4292 su-

367 4327 545 4397 guino
558 4326 684 4380 ablu
695 4325 831 4389 itur,
851 4337 955 4377 nec
975 4321 1250 4393 martyrio
1262 4327 1554 4392 purgatur.
1580 4340 1612 4373 ι

441 4414 792 4486 Supplicium
815 4423 944 4465 vero
983 4423 1201 4474 mum,
1255 4410 1352 4480 qui
1386 4409 1563 4480 ipsius
1591 4407 1853 4463 Ecclesiae
1884 4409 1966 4462 si-

368 4509 473 4560 cut
493 4503 849 4575 prmissus;
891 4505 1004 4566 est,
1047 4498 1428 4570 dispagsiaant,
1472 4499 1559 4552 vel
1587 4497 1758 4551 etiam
1785 4498 1961 4552 revol-

373 4593 506 4646 hmt
524 4589 905 4651 concordiam,
952 4604 1123 4658 quam
1168 4587 1474 4642 vehemens
1512 4587 1605 4649 sit,
1638 4587 1878 4641 Datham
1907 4593 1965 4641 et

371 4678 584 4733 Lbiron
612 4684 674 4732 ot
693 4678 836 4732 Coro
861 4691 1016 4730 mors
1042 4693 1184 4730 nova
1206 4690 1274 4730 ae
1299 4675 1526 4746 penitus
1555 4675 1833 4744 stupenda
1861 4691 1962 4729 nos

371 4767 586 4821 edocet.
624 4767 774 4820 Nam
816 4766 950 4834 quia
989 4765 1390 4819 dissensionem
1429 4764 1490 4818 in
1529 4764 1740 4834 populo
1782 4765 1964 4818 tacere

371 4854 557 4910 conati
586 4861 739 4919 sunt,
773 4860 926 4907 terra
945 4852 1309 4924 compagibus
1347 4852 1536 4923 ruptis
1558 4852 1866 4914 dissiliens,
1885 4869 1968 4906 se-

371 4960 550 5016 seque
573 4943 636 4998 in
670 4943 863 4996 sinum
891 4942 1194 5011 largiorem
1221 4941 1481 5012 aperiens
1517 4942 1670 4995 vivos
1715 4957 1814 4996 eos
1839 4957 1967 4995 cum

370 5033 637 5089 omnibus
661 5032 779 5087 suis
805 5031 1078 5101 profundo
1105 5047 1208 5085 ore
1232 5030 1464 5090 voravit,
1491 5030 1965 5100 quemadmodum

370 5138 537 5178 sacra
575 5120 815 5177 Numeri
839 5119 1094 5191 depingit
1117 5119 1375 5182 historia,
1413 5120 1545 5189 quia
1578 5139 1605 5170 α
1636 5119 1866 5190 dirupta
1884 5123 1970 5172 est

378 5215 535 5266 terra
560 5211 672 5266 sub
693 5209 930 5282 pedibus
957 5223 1178 5270 eorum,
1211 5213 1268 5262 ot
1306 5209 1564 5279 aperiens
1591 5225 1653 5262 es
1681 5225 1845 5264 mum
1879 5209 1971 5262 de-

377 5300 603 5370 ﬂutivit
629 5316 724 5354 eos
767 5315 901 5353 cum
925 5297 1306 5352 tabernaculis
1331 5297 1454 5352 slsis
1476 5303 1534 5351 et
1555 5297 1817 5352 universa
1843 5297 1972 5352 sub-

377 5391 614 5455 stantia,
671 5388 1198 5460 “summio
1241 5388 1494 5443 viventes
1557 5390 1622 5445 in
1685 5379 1967 5445 infernum

377 5481 566 5551 operti
584 5480 786 5536 hunc.
802 5478 912 5535 Sed
938 5487 1005 5533 et
1019 5495 1290 5549 egressura
1309 5477 1462 5550 ignis
1477 5497 1515 5535 ι
1539 5479 1968 5536 Demiaointsr-

2043 4339 2358 4386 surronem,
2395 4325 2490 4394 qui
2531 4327 2844 4396 spargendo
2889 4327 3080 4380 odium
3131 4327 3460 4380 charitatem
3494 4329 3643 4397 peri-

2044 4411 2166 4475 mit,
2192 4428 2258 4464 eo
2290 4413 2467 4482 magis
2496 4414 2644 4467 Deus
2674 4420 2994 4468 exsecratur
3019 4415 3164 4485 quod
3191 4415 3512 4469 adversario
3533 4433 3638 4471 suo

2043 4490 2264 4554 diabolo
2293 4500 2350 4554 in
2383 4494 2485 4555 hoc
2515 4503 2778 4574 nequitia:
2807 4503 3113 4558 famulatur
3143 4511 3328 4575 opere,
3362 4505 3514 4575 quod
3541 4524 3638 4560 su-

2045 4605 2145 4659 per
2163 4591 2354 4644 omnia
2373 4591 2491 4662 ipse
2520 4593 2770 4646 noscitur
2791 4593 3047 4646 diabolus
3068 4610 3278 4647 amare.

2120 4678 2190 4732 Et
2223 4678 2431 4734 iterum
2465 4679 2524 4734 in
2553 4681 2870 4735 Proverbiis
2903 4682 3226 4736 Salomonis
3253 4701 3266 4736 :
3299 4701 3327 4735 ι
3357 4683 3466 4738 So:
3483 4691 3636 4746 sunt,

2047 4783 2170 4837 qua
2201 4768 2324 4822 odit
2358 4769 2648 4830 Dominus,
2685 4775 2743 4823 et
2771 4771 3074 4840 septimum
3103 4771 3419 4826 detestatur
3450 4773 3641 4826 animo

2049 4855 2172 4925 eius
2197 4874 2210 4908 :
2235 4857 2428 4910 oculos
2453 4857 2740 4924 sublimes,
2778 4859 3028 4929 linguam
3054 4859 3402 4921 mendacem,
3437 4877 3641 4915 manus

2049 4944 2404 4999 eﬂ‘uadentes
2437 4947 2772 5016 sanguinem
2818 4948 3136 5011 innoxium,
3164 4963 3262 5002 cor
3311 4950 3642 5004 machinaus

2049 5033 2421 5102 cogitationes
2444 5035 2735 5105 pessimas,
2762 5037 2930 5107 pedes
2953 5037 3163 5091 veloces
3192 5037 3266 5091 ad
3297 5039 3642 5093 currendum

2050 5121 2106 5174 in
2137 5122 2378 5182 malum.
2417 5123 2797 5192 proferentem
2837 5125 3149 5187 mendacia,
3178 5132 3382 5180 testem
3413 5126 3642 5195 falsum,

2052 5215 2110 5263 et
2137 5226 2285 5273 eum,
2311 5212 2406 5281 qui
2435 5213 2678 5266 sem-inst
2703 5212 2851 5267 inter
2877 5213 3086 5268 fratres
3107 5214 3470 5268 discordias.-
3497 5213 3646 5268 Hinc

2053 5305 2164 5364 est,
2187 5316 2320 5354 eum
2353 5307 2616 5372 apostata
2659 5303 2954 5373 proprium
2979 5319 3188 5357 nomen
3213 5303 3431 5374 antiqu
3465 5303 3645 5357 hostis

2049 5389 2148 5452 sit,
2172 5406 2408 5444 susurro
2443 5391 2590 5446 sicut
2634 5391 2692 5444 ia
2719 5392 3096 5446 minutione
3121 5392 3410 5446 discordiae
3435 5391 3647 5446 diaboli

2049 5478 2228 5534 haeres
2252 5485 2357 5548 est,
2383 5478 2466 5534 ita
2489 5481 2610 5551 ejus
2639 5487 2697 5535 et
2713 5481 2772 5536 in
2799 5482 3028 5538 nomine
3055 5483 3357 5554 apostasia
3383 5498 3648 5554 ooequus
