4040 6182
1678 482 2520 616 ADDENDA.

709 742 875 832 (Col.
919 747 1126 828 hujus
1157 746 1531 812 voluminis
1567 751 1764 824 1147,
1799 752 1956 830 post
1983 747 2324 813 Wilhelmi
2355 747 2862 829 Hirsaugiensis
2901 745 3481 833 Constitutiones).

1187 1047 1889 1162 SANC'I'I
1963 1050 3023 1158 WILHBLMI

1612 1273 1945 1334 ABBATIS
1989 1274 2594 1336 HIRSAUGIENSIS

866 1458 1588 1556 PREFATIO
1667 1459 1811 1552 IN
1886 1459 2143 1555 SUA
2217 1459 3198 1558 ASTRONOMICA
3253 1462 3339 1516 (θ’

1776 1671 1991 1760 (Circa
2027 1693 2138 1739 an.
2188 1672 2415 1757 1073.)

850 1869 1070 1944 [Edidit
1099 1870 1162 1924 R.
1199 1868 1262 1924 P.
1293 1867 1616 1924 Bernardus
1644 1868 1774 1935 Paz,
1812 1867 1960 1922 Thes.
1991 1867 2236 1923 anecdot.
2270 1871 2471 1923 noviss.
2503 1872 2640 1924 tom.
2675 1869 2744 1939 V,
2774 1874 2937 1942 parte
2964 1885 3004 1940 Ι,
3036 1889 3165 1945 pag.
3198 1872 3347 1947 259.]

548 2159 734 2215 Divini
750 2157 935 2229 operis
951 2157 1192 2229 quadam
1213 2156 1304 2212 die
1323 2153 1601 2228 completa
1620 2153 1836 2224 synaxi,
1855 2157 2060 2225 optata
2073 2151 2128 2212 A
2145 2153 2430 2208 ctuatione
2457 2151 2966 2226 tua,'fcharissime,
2995 2157 3202 2213 tacitus
3231 2159 3529 2215 considero
3561 2157 3742 2229 quali-

471 2249 675 2321 quietis
694 2249 880 2318 gratia
891 2248 1248 2301 secretiorem
1273 2247 1459 2300 locum
1483 2245 1640 2316 petii,
1658 2243 1752 2298 ubi
1782 2243 2058 2314 meipsum

471 2338 612 2392 mihi
637 2344 768 2392 ante
798 2337 987 2391 oculos
1008 2336 1212 2390 mentis
1244 2351 1469 2406 ponere,
1503 2343 1560 2388 et
1582 2334 1917 2388 miserabilis
1936 2333 2058 2388 vita

469 2426 914 2498 superﬂuitatem
949 2425 1108 2495 quasi
1132 2424 1433 2495 judiciaria
1462 2423 1810 2478 districtione
1847 2423 2059 2476 exami-

468 2531 607 2569 nare
635 2515 845 2569 liceret.
875 2514 1137 2568 Discussa
1166 2530 1299 2584 ergo
1329 2530 1455 2566 mox
1478 2512 1768 2584 qualitate,
1802 2513 1982 2566 multa
2000 2511 2057 2566 in

468 2620 558 2658 me
592 2602 1071 2674 reprehensibilia,
1105 2603 1282 2656 multa
1312 2618 1550 2656 marore
1581 2607 1638 2656 et
1665 2602 1819 2655 luctu
1849 2601 2059 2670 dignis-

467 2693 632 2759 sima,
666 2693 845 2746 multa
876 2707 1012 2745 sane
1044 2707 1215 2762 prava
1251 2696 1308 2744 et
1337 2707 1556 2761 aspera,
1581 2689 1794 2760 viaeque
1832 2689 2058 2743 Domini

466 2780 656 2834 minus
679 2779 990 2850 composita
1006 2778 1367 2850 deprehendi,
1385 2778 1532 2832 inter
1549 2795 1671 2848 qua
1701 2778 1940 2848 speciale
1964 2778 2059 2831 do-

466 2869 604 2922 loris
634 2874 1000 2938 augmentum
1033 2868 1097 2938 [f.
1113 2867 1552 2938 argumentum],
1573 2866 1900 2937 caterisque
1926 2883 2058 2936 pas-

465 2956 688 3012 sionum
720 2957 983 3011 oneribus
1013 2957 1425 3028 quodammodo
1455 2956 1683 3026 gravius
1709 2955 1844 3009 illud
1861 2971 2058 3009 occur-

467 3045 543 3100 rit
556 3046 766 3112 animo,
789 3046 938 3117 quod
956 3046 1142 3100 nescio
1164 3061 1275 3116 qua
1305 3045 1534 3098 violenti
1557 3044 1728 3098 divini
1758 3049 1930 3099 nutus
1957 3060 2058 3114 po-

464 3135 648 3189 tentia
676 3141 919 3200 coactus,
938 3135 1008 3188 ad
1039 3135 1212 3188 totius
1234 3134 1462 3203 quidem
1481 3133 1795 3204 quadruvii,
1817 3133 2059 3186 maxime

467 3229 656 3278 autem
688 3224 755 3278 ad
789 3223 1146 3278 astronomia
1176 3223 1425 3278 studium
1452 3239 1541 3276 me
1567 3222 1790 3293 penitus
1812 3221 2061 3276 contule-

464 3312 572 3366 rim
605 3330 619 3367 :
661 3319 719 3367 et
755 3313 903 3384 quod
943 3312 1191 3378 interim,
1233 3312 1368 3366 dum
1415 3312 1474 3365 in
1526 3311 1721 3364 eadem
1762 3310 2058 3380 disciplina

465 3402 605 3456 mihi
633 3401 738 3456 soli
759 3401 1016 3456 laborare
1045 3417 1466 3472 proposueram,
1483 3401 1772 3471 inopinata
1794 3416 2059 3470 quorum-

2139 2248 2230 2298 ter
2265 2243 2534 2314 antiquus
2581 2245 2827 2311 coluber,
2876 2245 2948 2300 ad
2991 2247 3180 2302 omnia
3219 2265 3446 2320 semper
3493 2248 3741 2303 caelestis

2138 2335 2335 2404 gratia
2389 2351 2626 2390 munera
2664 2335 2886 2391 invidia
2924 2339 3152 2392 venenis
3189 2338 3558 2394 inﬁciendum
3589 2340 3743 2394 ober-

2141 2439 2292 2488 rans,
2311 2424 2428 2478 hac
2447 2441 2671 2496 quoque
2695 2424 2856 2480 nobis
2883 2425 3152 2482 divinitus
3181 2429 3389 2482 donata
3404 2428 3733 2484 violandum

2141 2513 2465 2583 arrepserit.
2508 2515 2597 2567 Me
2635 2513 2787 2567 enim
2825 2515 2944 2584 jam
2976 2514 3072 2570 diu
3106 2523 3486 2587 opportunum
3512 2522 3740 2589 tempus

2143 2603 2213 2656 ad
2242 2603 2301 2656 id
2329 2618 2580 2672 quarere
2596 2603 2978 2672 prasentiens,
2997 2611 3063 2658 ut
3077 2621 3144 2658 ea
3166 2622 3288 2675 qua
3310 2607 3371 2660 in
3391 2607 3597 2661 eadem
3619 2613 3739 2661 arte

2143 2691 2288 2745 mira
2330 2699 2387 2745 et
2414 2691 2484 2745 ab
2521 2692 2770 2746 humana
2810 2691 3119 2748 subtilitate
3157 2710 3337 2766 usque
3376 2696 3547 2750 modo
3588 2696 3741 2751 inde-

2139 2781 2418 2852 prehensa
2455 2780 2603 2834 Deus
2639 2780 2742 2834 tibi
2785 2781 3068 2847 revelavit,
3112 2783 3532 2853 jucundissima
3571 2785 3738 2839 colla-

2137 2869 2292 2923 tione
2330 2869 2725 2940 perdiscerem,
2767 2875 2824 2923 et
2860 2871 3050 2925 omnia
3085 2872 3288 2927 litteris
3324 2873 3737 2939 commendari,

2140 2957 2332 3028 sicque
2349 2958 2635 3012 communi
2651 2958 3031 3014 studiosorum
3056 2961 3182 3015 usui
3203 2962 3524 3017 transfundi
3540 2963 3740 3017 darem

2140 3046 2458 3108 consilium,
2501 3053 2697 3101 contra
2723 3046 2901 3118 ipsius
2931 3050 3202 3119 propositi
3233 3051 3615 3106 intentionem
3635 3051 3745 3106 huc

2141 3142 2265 3207 post
2299 3141 2353 3189 te
2373 3135 2538 3189 modo
2568 3136 2886 3191 venientem
2913 3139 3217 3194 calliditate
3246 3156 3351 3194 sua
3379 3156 3744 3212 praoecupa-

2141 3225 2220 3278 vit
2256 3223 2361 3278 sub
2399 3229 2657 3295 pretextu
2697 3226 2986 3297 religionis
3024 3227 3356 3283 innocentia
3393 3236 3507 3284 tua
3547 3230 3744 3284 volens

2141 3329 2466 3383 suggerere,
2505 3319 2784 3384 quatenus
2822 3316 3170 3370 Dominicam
3211 3319 3507 3388 pecuniam
3567 3318 3742 3372 humo

2141 3402 2338 3456 malles
2382 3401 2648 3467 infodere,
2693 3419 2861 3475 quam
2899 3405 3162 3459 humanis
3209 3407 3553 3476 profectibus
3596 3407 3740 3461 mulo

463 3491 616 3555 dam,
646 3490 816 3546 etiam
846 3490 1334 3562 peritissimorum,
1359 3489 1705 3560 inquietarer
1722 3488 2052 3559 frequentia:
2079 3491 2500 3562 Btiplicandam
2530 3492 2774 3546 tradere.
2805 3493 2952 3557 Quin
2982 3511 3104 3565 age,
3133 3500 3190 3548 et
3213 3512 3471 3550 errorum
3501 3497 3628 3566 ejus
3666 3496 3739 3550 si-

466 3580 746 3650 quodque,
773 3579 908 3633 dum
936 3579 1022 3634 his
1049 3579 1288 3649 singulis
1307 3595 1342 3632 a
1365 3595 1455 3632 me
1483 3585 1548 3632 ut
1568 3579 1636 3631 ad
1670 3578 1848 3648 ipsam
1877 3585 2058 3632 artem

465 3667 916 3732 introducantur,
945 3667 1314 3738 exigentibus,
1335 3667 1562 3720 obedire
1591 3667 1924 3729 studuerim,
1945 3683 2056 3722 non

465 3756 649 3810 solum
679 3773 712 3810 a
741 3773 997 3828 supernae
1013 3755 1504 3826 contemplationis
1519 3755 1867 3820 celsitudine,
1883 3756 1980 3810 sed
2000 3761 2058 3810 et

465 3860 501 3898 a
523 3843 711 3899 debito
741 3844 1065 3916 quotidiana
1079 3843 1362 3898 servitutis
1376 3844 1478 3898 Dei
1505 3843 1688 3914 gradu
1711 3860 1802 3898 me
1822 3843 2054 3898 viderim

459 3933 760 4004 dejectum.

533 4025 734 4095 Itaque
759 4040 886 4078 cum
916 4024 1034 4078 hac
1062 4039 1285 4078 mecum
1314 4023 1480 4078 anxia
1506 4024 1886 4094 pervolverem
1898 4021 2052 4076 solli-

464 4111 731 4180 citudine,
775 4113 1137 4168 charissimus
1166 4118 1219 4167 et
1250 4113 1407 4166 valde
1437 4111 1638 4166 unicus
1667 4111 1805 4165 mihi
1835 4111 1881 4167 Ο
1913 4111 2052 4182 [alia

463 4218 667 4256 manus
695 4207 848 4257 notat
875 4221 886 4255 :
922 4201 1192 4271 Otochus]
1209 4201 1630 4272 superveniens,
1655 4217 1856 4271 meque
1875 4199 2052 4254 solita

463 4289 780 4346 dilectionis
826 4292 1052 4346 intuens
1108 4289 1419 4355 alacritate,
1479 4289 1743 4344 continuo
1806 4288 2051 4343 tristitia

462 4396 691 4436 causam
737 4381 988 4452 inquirit.
1041 4380 1144 4434 Cui
1173 4397 1276 4450 ego
1308 4396 1428 4433 rem
1466 4379 1630 4434 fateri
1668 4384 1945 4445 metuens,
1987 4394 2053 4432 eo

463 4471 612 4542 quod
636 4471 754 4542 ipse
801 4471 1018 4541 primus
1048 4469 1248 4523 secreti
1278 4469 1387 4522 mei
1429 4468 1646 4522 delator
1672 4467 1742 4521 ad
1772 4467 2053 4538 publicam

463 4560 742 4630 pradicta
761 4559 899 4613 artis
911 4558 1333 4629 occupationem
1350 4557 1564 4628 potenti
1587 4559 1836 4621 ﬂamma,
1859 4560 2053 4626 utpote

461 4646 657 4702 intima
675 4647 782 4702 sibi
803 4649 1122 4703 devinctum
1145 4646 1420 4701 charitate
1440 4645 1681 4700 maxime
1711 4643 2047 4711 incenderit,

463 4733 699 4806 ambage
727 4737 971 4807 quadam
1001 4736 1375 4797 dissimulare,
1418 4740 1476 4788 et
1511 4733 1582 4788 ab
1610 4751 1675 4789 eo
1713 4733 2054 4789 abscondere

461 4825 693 4877 tentavi.
757 4825 865 4878 Sed
922 4825 1056 4897 quia
1093 4825 1175 4879 rei
1225 4825 1514 4880 veritatem
1570 4825 1757 4880 subita
1799 4831 1855 4880 et
1899 4831 2056 4880 extra

463 4910 869 4967 abundantiam
921 4914 1106 4968 cordis
1153 4915 1284 4969 ﬁcta
1323 4915 1690 4970 similitudine
1741 4931 1931 4970 coram
1969 4931 2054 4970 sa-

462 5000 655 5072 piente
689 5001 1077 5074 [abscondere]
1114 5003 1340 5058 difficile
1369 5010 1472 5058 est.
1509 5003 1602 5058 ille
1631 5021 1758 5058 mox
1787 5005 2052 5072 sentiens,

462 5096 521 5146 et
569 5091 780 5146 fraudis
834 5109 1098 5163 arguens,
1157 5093 1338 5147 amica
1387 5093 1556 5164 capit
1610 5093 2054 5164 importunitate,

463 5180 598 5251 quid
628 5180 915 5248 haberem,
949 5197 1217 5254 quaerere,
1253 5186 1311 5235 et
1351 5197 1422 5235 ne
1456 5182 1651 5236 multis
1678 5199 1886 5251 morer,
1925 5199 2053 5239 con-

460 5276 623 5325 sueta
664 5271 894 5325 tandem
943 5271 1236 5326 charitatis
1265 5270 1530 5326 violentia
1566 5287 1758 5326 verum
1798 5273 2048 5328 extorsit.

461 5359 569 5424 Qui
598 5359 821 5431 cognita
850 5377 912 5415 re
941 5361 1134 5416 statim
1159 5359 1455 5415 subridens
1485 5359 1567 5414 ait
1599 5377 1610 5414 :
1662 5381 1686 5413 (
1724 5359 1793 5416 In
1822 5362 1926 5416 hac
1955 5363 2056 5418 ﬂu-

2141 3581 2408 3636 nuamine
2457 3580 2631 3634 virilis
2681 3583 3011 3637 constantia
3063 3582 3246 3638 orbita
3282 3584 3548 3652 transito,
3588 3602 3737 3656 sape

2138 3669 2487 3741 propositum
2504 3669 2712 3740 dialogi
2728 3687 2953 3725 cursum
2969 3672 3394 3742 aggrediamur:
3421 3689 3594 3744 quem
3611 3691 3734 3744 ego,

2139 3758 2186 3812 si
2211 3757 2448 3829 jusseris
2484 3757 2584 3824 ita,
2624 3763 2689 3812 ut
2727 3759 2893 3814 hodie
2923 3760 3038 3814 Deo
3063 3761 3212 3815 inter
3247 3778 3350 3816 nos
3389 3762 3580 3817 medio
3609 3779 3740 3818 con-

2137 3863 2260 3902 sum
2268 3852 2455 3902 matus
2471 3847 2997 3913 fuerit,divinaitem
3010 3857 3293 3904 annuente
3305 3850 3494 3920 gratia
3509 3851 3737 3922 scriptis

2135 3952 2408 4008 exponam
2446 3955 2458 3989 :
2485 3936 2676 4008 sicque
2698 3941 2757 3992 et
2782 3937 3061 3992 diuturna
3089 3939 3352 3993 desiderii
3373 3939 3486 3994 mei
3513 3940 3735 3994 satisfa.

2135 4023 2280 4078 ciam
2317 4025 2732 4096 exspectationi,
2781 4032 2839 4081 et
2882 4026 3222 4094 theoretica,
3256 4043 3425 4098 quam
3463 4034 3621 4083 totus
3647 4029 3734 4084 in-

2132 4114 2336 4176 tendis,
2356 4114 2644 4168 securitati
2668 4115 2897 4169 reddam
2919 4116 3262 4187 expeditum.
3278 4117 3423 4181 Quia
3438 4118 3590 4172 enim
3607 4118 3735 4174 illas

2142 4219 2268 4256 vere
2298 4201 2587 4257 mirandas
2608 4203 3033 4259 adinventiones
3053 4211 3182 4260 tuas
3209 4205 3595 4276 probabilibus
3609 4209 3736 4277 jam

2133 4291 2460 4347 deformasti
2486 4291 2898 4356 instrumentis,
2938 4293 2986 4347 si
3017 4294 3238 4348 easdem
3261 4295 3465 4350 litteris
3504 4313 3736 4366 quoque

2135 4379 2371 4450 exprimi
2397 4380 2612 4447 feceris,
2654 4381 2954 4436 maximam
2982 4383 3360 4438 studiosorum
3388 4386 3638 4455 gratiam
3676 4391 3738 4440 et

2134 4467 2540 4541 beneplacitam
2579 4487 2680 4542 pro
2733 4477 2928 4526 sancta
2971 4472 3159 4543 quiete
3201 4473 3418 4528 veniam
3475 4474 3738 4546 ipsorum

2133 4558 2361 4630 dignam
2385 4559 2707 4615 mereberis.
2739 4579 2765 4612 ν

2207 4648 2461 4715 Memini,
2494 4649 2744 4720 inquam,
2776 4655 2853 4716 te,
2882 4649 3208 4706 charissime
3229 4651 3422 4717 frater,
3443 4653 3552 4708 hoc
3593 4654 3739 4710 mihi

2136 4737 2362 4814 salubre
2393 4742 2561 4793 antea
2587 4738 2807 4793 dedisse
2835 4739 3146 4794 consilium.
3184 4741 3292 4796 Sed
3321 4742 3457 4813 quia
3488 4760 3741 4814 prasens

2139 4831 2275 4881 atas
2298 4807 2448 4881 inter
2469 4827 2798 4882 innumeras
2819 4827 3078 4883 vitiorum
3097 4829 3274 4885 furias
3311 4831 3618 4887 maximam
3641 4850 3743 4905 pa.-

2140 4915 2278 4969 titur
2297 4914 2588 4982 invidiam,
2611 4915 2797 4978 timui,
2825 4915 3020 4976 fateor,
3044 4933 3115 4971 ne
3134 4917 3183 4971 si
3202 4923 3376 4974 tanta
3403 4936 3516 4986 res,
3537 4928 3742 4993 utpote

2138 5001 2209 5057 ab
2241 5003 2490 5075 antiquis
2515 5004 2861 5076 philosophis
2904 5022 3007 5077 pro
3033 5005 3363 5062 difﬁcultate
3389 5009 3478 5063 sui
3507 5017 3611 5064 aut
3644 5011 3742 5066 in-

2137 5099 2301 5149 tacta
2339 5098 2440 5148 aut
2467 5098 2630 5149 tacta
2673 5099 2732 5148 et
2779 5093 2838 5148 in
2885 5093 3056 5149 dubio
3101 5095 3326 5162 relicta,
3357 5102 3459 5152 aut
3484 5103 3651 5153 tacta
3681 5105 3742 5153 et

2137 5189 2409 5249 tractata,
2446 5183 2543 5237 sed
2573 5181 2759 5237 minus
2809 5189 2975 5237 cauta
3025 5183 3356 5255 probatione
3386 5186 3580 5252 ﬁnita,
3629 5187 3739 5242 sub

2134 5288 2375 5344 persona
2400 5271 2631 5326 vilitatis
2661 5287 2799 5326 mea
2823 5271 3549 5346 proferantur,quibusdam
3573 5276 3739 5332 fasti-

2135 5361 2227 5417 dio
2249 5360 2382 5428 sint,
2407 5376 2522 5416 non
2542 5360 2748 5416 studio.
2763 5365 2821 5414 et
2841 5360 3024 5431 magis
3045 5361 3366 5433 depravata
3387 5379 3559 5436 quam
3589 5382 3741 5422 vera

533 5517 604 5592 (1)
625 5520 860 5580 Exstant
886 5521 947 5580 in
971 5539 1156 5580 coavo
1181 5522 1299 5580 fere
1325 5521 1518 5580 codice
1545 5523 2075 5597 Emmerammensi,
2099 5523 2201 5582 sed
2227 5523 2333 5582 sub
2351 5523 2524 5581 ﬁnem
2540 5521 2763 5580 mutila.
