4040 6182
331 271 468 330 1641

887 276 1249 333 ADDENDA.
1297 307 1360 320 —
1401 277 1466 333 S.
1508 276 1828 336 WILHEM.
1868 275 2214 334 HIRSAUG.
2255 275 2480 334 PREF.
2521 278 2603 335 IN
2637 276 3054 337 ASTRONOM.

3471 280 3606 339 1642

327 399 692 473 deprehensae
735 408 947 459 temere
983 405 1053 459 ab
1100 405 1180 459 eis
1217 403 1560 476 judicentur,
1605 401 2125 475 praesertimAejus
2144 403 2460 476 Evangelia,
2485 405 2661 477 signis
2711 409 2766 463 et
2804 405 3076 477 prodigiis
3122 405 3266 475 ejus,
3309 405 3603 477 discipulo-

326 507 455 545 cum
475 491 635 546 nobis
662 495 951 548 monachis
981 495 1120 550 nihil
1146 495 1393 549 liberalis
1438 493 1682 549 scientiae
1719 497 1922 564 praeter

326 580 664 636 Psalterium
693 583 861 638 licere
883 589 1157 639 asserant.

393 670 553 726 Tunc
571 672 698 726 ille:
741 698 756 719 -
795 674 940 737 Quid
965 679 1047 740 tu,
1089 673 1187 738 ait,
1218 691 1412 729 eorum
1442 674 1527 728 vel
1566 673 1742 728 ullam
1783 671 1918 726 facis

324 760 689 827 mentionem,
714 763 808 832 qui
840 762 1083 817 inimicis
1111 763 1292 818 crucis
1348 762 1554 817 Christi
1592 761 1671 816 nil
1719 765 1921 833 putant

323 851 625 917 auctorale,
667 852 776 906 nisi
816 853 962 923 quod
1014 853 1120 923 ipsi
1177 853 1482 907 secundum
1530 869 1590 907 se
1643 855 1920 915 statuunt,

321 938 570 994 volentes
590 941 772 994 lucem
792 941 1152 1012 professionis
1180 949 1402 1007 nostras,
1438 940 1942 996 sanctissimorum'

319 1027 552 1084 Patrum
569 1029 772 1100 jubere
791 1036 992 1098 ortam,
1017 1031 1322 1102 caliginosa
1339 1031 1619 1102 dogmatis
1638 1030 1724 1086 sui
1740 1035 1923 1084 muta-

317 1117 472 1174 tione
501 1118 830 1174 obfuscare?
858 1121 1002 1175 Nam
1033 1121 1079 1174 si
1110 1122 1460 1176 Psalmorum
1484 1121 1606 1175 sola‘
1629 1117 1790 1174 nobis
1819 1135 1932 1189 pe-r

317 1207 450 1262 ritia
476 1209 738 1276 sufﬁciat,
770 1211 940 1274 unde,
959 1227 1172 1281 quaeso,
1197 1211 1372 1265 Vetus
1399 1216 1458 1265 et
1480 1211 1700 1265 Novum
1727 1210 1916 1265 Testa-

319 1303 596 1365 mentum,
628 1299 778 1354 unde
805 1300 938 1353 Vita
959 1303 1206 1364 Patrum,
1244 1301 1392 1355 unde
1425 1299 1764 1356 Collationes
1810 1299 1917 1354 Pa-

317 1389 493 1457 trum,
507 1387 656 1442 unde
667 1388 961 1460 Dialogum
982 1388 1258 1459 Gregorii,
1283 1390 1533 1461 aliosque
1548 1408 1612 1445 ex
1635 1399 1912 1463 praecepto

317 1476 497 1530 sancti
537 1477 817 1533 Benedicti
856 1495 955 1549 per
1001 1495 1251 1536 annuum
1309 1480 1594 1540 circulum
1647 1481 1913 1552 legendos

315 1565 532 1620 codices
552 1566 864 1639 intelligere
884 1571 1232 1640 poterimus?
1263 1570 1462 1626 Nonne
1509 1588 1766 1625 summus
1819 1571 1913 1626 ille

316 1659 448 1724 post
478 1656 761 1726 apostolos
808 1657 1063 1714 Ecclesiae
1115 1661 1400 1731 plantator
1441 1660 1817 1732 Hieronymus
1855 1661 1912 1715 in

2002 495 2409 564 rumqueejus,
2443 511 2544 549 nec
2570 512 2683 550 non
2723 495 2974 550 omnium
3008 493 3264 550 Ecclesiae
3308 492 3601 551 doctorum

1999 581 2182 636 verbis
2201 587 2260 637 et
2276 583 2544 654 exemplis
2571 584 2643 638 ad
2674 583 2732 638 id
2773 584 3083 639 humanum
3127 600 3307 654 genus
3341 599 3601 656 provoca-

2001 669 2159 737 verit,
2183 677 2461 742 quatenus
2487 673 2771 728 caelestem
2817 672 3002 727 vitalis
3028 673 3292 744 spiraculi
3321 679 3380 728 et
3397 673 3598 728 simili-

2001 760 2214 814 tudinis
2234 761 2333 816 Dei
2359 762 2762 817 sublimitatem
2791 762 3148 818 haereditaria
3183 762 3357 817 animi
3393 763 3600 821 virtute

2003 849 2139 903 velit
2166 851 2531 922 repossidere.
2560 852 2768 907 Verum
2799 854 2971 907 etiam
3005 853 3162 923 cujus
3181 852 3436 907 innatam
3467 871 3597 908 san-

2003 939 2254 994 ctitatem
2273 940 2486 996 imitari
2514 941 2801 1008 debemus,
2835 942 3127 1013 physicum
3165 958 3386 1014 quoque
3414 943 3599 999 scien-

2002 1027 2094 1082 tiae
2116 1030 2238 1101 ejus
2271 1047 2508 1086 acumen
2562 1031 2768 1096 studia,
2791 1048 2900 1103 quo
2938 1048 3255 1102 possumus,
3280 1033 3439 1103 sequi
3481 1049 3598 1088 non

1999 1119 2180 1173 solum
2202 1119 2471 1183 licet,sed
2491 1124 2549 1175 et
2589 1120 2867 1185 omnibus,
2917 1121 3013 1192 qui
3062 1121 3302 1192 practice
3345 1122 3595 1177 viventes

1996 1208 2271 1262 talentum
2292 1209 2503 1280 ingenii
2532 1227 2566 1263 a
2591 1209 2833 1264 Domino
2862 1211 3145 1266 consecuti
3173 1216 3325 1280 sunt,
3357 1211 3428 1266 ab
3484 1212 3591 1266 hoc

1995 1297 2253 1352 exercitio
2272 1298 2577 1355 subsistere
2597 1299 2686 1354 fas
2701 1313 2818 1354 non
2849 1303 2950 1355 est.

2065 1387 2368 1443 Videamus
2387 1393 2576 1444 autem
2605 1389 2652 1443 si
2675 1389 2965 1460 sapientiae
2978 1389 3026 1460 ej
3037 1406 3100 1444 us
3119 1389 3454 1461 plenitudini
3474 1389 3594 1446 haec

1995 1476 2068 1531 de
2085 1493 2204 1548 qua
2229 1478 2450 1548 agimus
2463 1478 2763 1550 disciplina
2792 1478 3035 1533 defuerit
3052 1479 3111 1533 in
3153 1477 3294 1533 libro
3325 1480 3594 1535 Collatia-

1995 1581 2148 1631 num,
2182 1566 2273 1637 qui
2297 1568 2552 1622 maximae
2572 1567 2924 1622 auctoritatis
2937 1567 3193 1634 habetur,
3219 1568 3300 1622 ita
3320 1568 3593 1640 scriptum

1997 1660 2112 1708 est:
2153 1675 2174 1706 ι
2205 1656 2290 1708 Ab
2320 1656 2418 1710 illa
2444 1673 2576 1710 vera
2611 1656 2854 1728 physicae
2891 1657 3256 1728 philosophiae
3299 1657 3596 1729 disciplina

315 1744 560 1798 homiliis
581 1750 633 1798 et
657 1747 1094 1816 expositionibus
1123 1751 1240 1805 suis
1261 1751 1466 1821 sepius
1495 1751 1707 1804 eisdem
1755 1767 1910 1819 usus,
1931 1723 1976 1782 B
1995 1744 2249 1799 homines
2278 1746 2625 1813 exciderunt,
2685 1763 2854 1816 quam
2903 1746 3118 1816 primus
3152 1747 3320 1801 homo
3353 1747 3466 1811 ille,
3499 1746 3598 1818 qui

314 1834 483 1904 hujus
503 1852 653 1890 venae
674 1838 961 1891 metallum
983 1839 1913 1912 purissimaadivinieloquiimassae
1997 1835 2384 1890 universarum
2440 1841 2772 1890 naturarum
2817 1835 3229 1890 institutionem
3278 1852 3307 1890 e
3359 1837 3595 1908 vestigio

312 1925 562 1979 conﬁat?
607 1924 664 1980 Si
711 1927 1031 1982 dulcisonus
1090 1929 1182 1982 ille
1239 1930 1450 1984 caelesti
1498 1930 1650 1983 verbi
1687 1929 1913 1985 tubicen
1997 1924 2328 1981 subsecutus
2357 1929 2458 1987 est.
2494 1927 2678 1996 potuit
2717 1925 3002 1979 eVidenter
3030 1925 3326 1995 attingere,
3374 1931 3430 1980 et
3476 1927 3594 1982 suis

313 2013 618 2084 Gregorius
638 2017 942 2073 dialecticae
956 2019 1092 2072 artis
1107 2035 1305 2089 expers
1327 2019 1381 2072 in
1397 2019 1698 2073 universali
1719 2037 1907 2074 rerum
1997 2017 2235 2086 posteris
2246 2021 2398 2072 certa
2417 2015 2637 2071 ratione
2649 2012 3266 2087 transmittere,quippe
3282 2015 3377 2086 qui
3397 2016 3594 2070 mundi

311 2104 553 2158 essentia
582 2105 858 2177 triplicem
891 2109 1002 2162 vim
1030 2109 1233 2163 animae
1271 2109 1601 2179 ignorasset,
1655 2109 1789 2180 quid
1841 2110 1910 2164 de

309 2195 407 2251 illo
451 2199 788 2270 Evangelia:
826 2219 853 2251 ‹‹
898 2202 1106 2256 Euntes
1152 2201 1211 2255 in
1266 2201 1538 2256 mundum
1587 2203 1909 2282 universum

309 2286 608 2356 predicate
627 2287 995 2361 Evangelium
1014 2291 1166 2344 omni
1188 2297 1375 2346 creatu
1384 2307 1476 2355 res,
1493 2310 1519 2344 ι
1538 2307 1694 2362 aeque
1711 2292 1912 2363 jucun-

307 2374 443 2430 dum
471 2375 850 2433 intonuisset?
881 2379 1173 2451 Exponens
1201 2397 1444 2452 namque
1465 2382 1578 2435 ait:
1614 2401 1643 2434 ι(
1673 2381 1910 2453 Lapides

310 2466 592 2532 sunt,.sed
611 2483 716 2522 nec
747 2469 937 2523 vivunt
981 2486 1083 2524 nec
1126 2469 1395 2524 sentiant.
1443 2470 1688 2526 Arbusta
1734 2479 1901 2534 sunt;

311 2552 502 2610 Vivunt
529 2557 896 2628 quidem,sed
933 2575 1044 2613 non
1084 2561 1370 2614 sentiunt.
1407 2561 1580 2616 Bruta
1639 2562 1908 2617 animalia

309 2648 469 2697 sunt:
496 2643 706 2711 vivunt,
739 2646 1010 2710 sentiunt,
1053 2648 1149 2702 sed
1189 2665 1302 2702 non
1331 2648 1675 2703 discernunt.
1711 2650 1908 2720 Angeli

307 2738 475 2788 sunt:
509 2733 718 2799 vivunt,
749 2735 1002 2790 sentiunt
1026 2743 1084 2791 et
1115 2737 1456 2792 discernunt.
1491 2739 1686 2793 Omnis
1716 2745 1903 2794 autem

301 2827 575 2876 creaturae
595 2823 805 2894 aliquid
831 2824 998 2880 habet
1017 2826 1203 2880 homo.
1227 2827 1419 2880 Habet
1437 2828 1587 2881 enim
1607 2844 1906 2883 commune

305 2906 425 2966 esse
455 2929 584 2966 cum
614 2913 912 2984 lapidibus,
935 2915 1117 2970 vivere
1156 2933 1283 2970 cum
1337 2916 1653 2982 arboribus,
1694 2919 1905 2974 sentire

1993 2105 2169 2176 ipsius
2197 2107 2489 2160 infantiam
2541 2106 2725 2160 adhuc
2771 2111 3024 2160 teneram
3068 2111 3126 2160 et
3181 2105 3594 2177 quodammodo

1994 2197 2364 2266 palpitantem
2392 2195 2705 2266 rudemque
2760 2199 3158 2266 conspexerat:
3212 2200 3268 2248 et
3318 2195 3375 2248 in
3426 2211 3594 2266 quem

1995 2290 2154 2339 tanta
2187 2285 2290 2339 fuit
2308 2301 2422 2340 non
2443 2285 2626 2339 solum
2657 2284 2948 2356 sapientiae
2960 2283 3272 2354 plenitudo,
3293 2284 3394 2338 sed
3423 2283 3596 2338 etiam

1989 2376 2175 2445 gratia
2198 2373 2504 2446 prophetiae
2532 2373 2734 2428 divinae
2763 2372 2860 2426 illa
2878 2373 3258 2428 insufﬂatione
3286 2374 3590 2441 transfusa,

1990 2468 2054 2517 ut
2071 2480 2182 2518 non
2203 2464 2384 2519 solum
2401 2462 2832 2534 omnigenarum
2853 2460 3160 2516 bestiarum
3183 2466 3351 2533 atque
3369 2476 3598 2532 serpen-

1989 2552 2131 2607 tium
2152 2553 2368 2607 furores
2387 2552 2651 2623 virusque
2676 2551 3142 2617 discerneret,sed
3164 2550 3335 2605 etiam
3355 2551 3595 2606 virtutes

1990 2641 2290 2696 herbarum
2320 2646 2376 2695 et
2404 2640 2669 2695 arborum
2697 2640 3062 2711 lapidumque
3089 2645 3341 2705 naturas,
3364 2655 3430 2693 ac
3448 2644 3595 2694 tem-

1993 2747 2189 2799 porum
2208 2713 2447 2785 necdum
2468 2729 2826 2800 expertarum
2841 2727 3249 2782 vicissitudines
3264 2727 3591 2798 partiretur,

1991 2819 2070 2874 ita
2095 2825 2158 2874 ut
2181 2819 2430 2891 potuerit
2458 2818 2768 2874 efﬁcaciter
2799 2817 2985 2872 dicere
3014 2835 3025 2870 :
3064 2837 3086 2869 ι
3123 2817 3395 2871 Dominus
3441 2816 3598 2871 dedit

1994 2932 2019 2983 ᾳ
2054 2909 2192 2963 mihi
2214 2925 2408 2963 eorum
2437 2925 2561 2980 quae
2587 2911 2718 2962 sunt
2738 2907 3030 2961 scientiam
3060 2922 3272 2972 veram,
3326 2911 3392 2960 ut
3419 2905 3594 2963 sciam

303 3018 429 3056 cum
462 3003 819 3070 animalibus,
861 3005 1173 3076 intelligere
1203 3023 1331 3060 cum
1369 3007 1603 3077 angelis.
1639 3007 1696 3062 Si
1727 3004 1964 3078 igiturC
1991 3017 2017 3052 α
2043 2998 2474 3074 ,ἀίεροεὶῐίοηθιη
2495 2997 2645 3052 orbis
2671 3001 2970 3057 terrarum,
3007 3000 3063 3050 9t
3080 2996 3327 3050 νίτίαίθδ
3345 2996 3596 3051 elemen'

301 3106 600 3147 commune
649 3093 817 3148 habet
844 3095 1056 3166 aliquid
1085 3112 1211 3150 cum
1257 3096 1409 3150 omni
1440 3103 1699 3151 creatura
1736 3098 1903 3154 homo

296 3180 460 3250 juxta
488 3183 701 3253 aliquid
757 3185 940 3240 omnis
995 3175 1254 3241 ereatura
1293 3187 1482 3241 homo.
1532 3188 1699 3242 Omni
1746 3204 1898 3260 ergo,

299 3278 574 3327 creaturae
603 3273 938 3344 praedicatur
958 3277 1338 3347 Evangelium,
1389 3293 1514 3332 cum
1545 3277 1648 3330 soli
1687 3278 1902 3333 homini

300 3362 656 3433 praedicatur.
697 3385 718 3413 ι
753 3365 906 3419 Licet
930 3365 1195 3420 nimirum
1227 3372 1285 3420 et
1321 3383 1448 3420 vere
1491 3367 1650 3420 decet
1679 3384 1779 3422 nos
1807 3385 1903 3422 sa:-

303 3452 552 3505 cu‘larem
585 3452 993 3523 philosophiam
1020 3455 1408 3524 investigando
1447 3471 1646 3509 aurum
1678 3457 1735 3510 in
1783 3457 1902 3511 luta

301 3557 569 3612 quaerere.
604 3543 904 3614 Egyptum
950 3545 1211 3614 spoliare,
1267 3541 1573 3600 odoriferos
1599 3545 1816 3600 fructus
1845 3546 1902 3599 in

300 3631 480 3700 spinis
509 3648 758 3702 carpere,
791 3634 837 3687 si
877 3639 1069 3689 tamen
1093 3634 1354 3689 effossum
1388 3635 1811 3689 tibi-metallum
1833 3635 1900 3689 ad

295 3721 758 3791 purgatissimum
790 3724 935 3776 sacri
965 3725 1173 3795 eloquii
1227 3725 1554 3780 thesaurum
1603 3728 1902 3783 transfera-

297 3826 422 3864 mus
446 3829 459 3877 ;
495 3811 542 3864 si
571 3811 762 3866 evulsa
787 3810 889 3865 tibi
907 3812 1186 3882 plantaria
1206 3813 1353 3866 inter
1371 3814 1795 3884 pigmentiferas
1816 3834 1902 3870 ar-

295 3898 459 3955 bores
489 3900 610 3971 agri
640 3900 824 3971 pleni,
854 3918 1018 3972 quem
1049 3901 1332 3956 benedixit
1357 3905 1648 3972 Dominus,
1682 3906 1899 3960 decenti

296 3989 493 4043 ordine
521 4006 900 4044 conseramus.
961 3991 1031 4045 Et
1085 3992 1132 4045 si
1185 3993 1416 4062 profana
1458 3993 1704 4056 illorum,
1761 4012 1900 4066 quos

295 4078 452 4145 dicis,
488 4094 552 4132 eo
581 4095 760 4150 usque
775 4087 1109 4152 prorumpat
1133 4081 1372 4149 insania,
1398 4088 1460 4136 ut
1487 4090 1899 4140 sacrosanctam

294 4172 585 4222 tantorum
613 4168 862 4224 virorum
883 4170 1025 4235 ideo,
1047 4170 1180 4240 quia
1210 4171 1465 4225 monachi
1513 4172 1754 4240 fuerant,
1797 4191 1900 4228 au-

296 4258 617 4312 ctoritatem
647 4264 943 4326 nauseant,
977 4260 1241 4314 validiore
1253 4261 1444 4315 .adhuc
1472 4262 1690 4316 ratione
1720 4279 1781 4317 os
1803 4279 1900 4318 eo-

1993 3108 2017 3142 -x
2050 3095 2258 3153 torum,
2277 3088 2502 3143 initium
2517 3093 2574 3142 et
2589 3086 3131 3142 consummationem
3157 3090 3214 3138 et
3230 3085 3594 3142 medietatem

1989 3197 2012 3232 ,ι
2045 3183 2383 3250 temporum,
2416 3177 2863 3232 vicissitudinum
2891 3174 3314 3230 immutationes
3353 3180 3409 3228 et
3445 3174 3592 3229 divi-

1991 3288 2013 3318 ι
2047 3269 2231 3323 siones
2255 3273 2596 3339 temporum,
2645 3282 2922 3320 annorum
2961 3281 3159 3318 cursus
3190 3269 3246 3318 et
3296 3263 3590 3318 stellarum

1989 3378 2014 3412 α
2044 3358 2693 3429 dispositiones,naturas
2705 3353 3035 3409 animalium
3051 3359 3107 3407 et
3124 3353 3236 3408 iras
3255 3352 3586 3421 bestiarum,

1990 3469 2011 3500 ι
2050 3448 2156 3501 vim
2188 3447 2491 3518 spirituum
2512 3451 2568 3500 et
2595 3443 3052 3500 constitutionem
3078 3441 3390 3508 hominum,
3427 3441 3589 3496 diffe-

1989 3555 2014 3588 «
2049 3537 2260 3590 rentias
2282 3536 2549 3590 arborum
2574 3541 2636 3589 et
2654 3535 2889 3588 virtutes
2939 3533 3216 3599 radicum,
3244 3537 3300 3586 et
3321 3548 3586 3603 quaecun-

1991 3646 2014 3679 ι
2051 3643 2159 3696 que
2189 3630 2323 3681 sunt
2343 3624 2692 3691 abscondita,
2723 3623 2782 3678 in
2811 3628 3076 3695 promptu
3105 3621 3356 3692 cognovi.
3393 3642 3416 3672 ι
3449 3621 3587 3678 Ecce

1987 3733 2052 3770 ex
2084 3732 2252 3786 quam
2276 3714 2670 3786 limpidissimo
2693 3715 2848 3768 fonte
2877 3729 2978 3768 nos
3006 3712 3117 3783 [ad]
3151 3711 3326 3766 totius
3346 3711 3589 3782 quadru-

1985 3806 2054 3858 vii
2087 3805 2439 3876 disciplinam
2492 3820 2594 3875 per
2624 3802 2881 3856 naturale
2929 3800 3221 3872 ingenium
3275 3802 3436 3872 quasi
3487 3818 3589 3872 per

1982 3895 2236 3966 quaedam
2256 3893 2565 3965 spiramina
2576 3892 2746 3946 etiam
2766 3889 2924 3944 inviti
2943 3890 3283 3944 attrahimur
3307 3891 3318 3942 !
3345 3891 3588 3961 Ideoque

1983 3985 2262 4050 omnibus,
2288 3984 2384 4055 qui
2407 3983 2652 4053 maligna
2672 3983 2998 4052 loquuntur,
3032 3980 3196 4050 plane
3225 3981 3491 4046 confusis,
3525 3981 3585 4034 in

1983 4075 2208 4129 nomine
2235 4075 2375 4144 ejus,
2401 4073 2498 4144 qui
2528 4077 2794 4126 numerat
2820 4069 3239 4124 multitudinem
3269 4069 3581 4138 stellarum,

1983 4169 2041 4218 et
2072 4163 2330 4218 omnibus
2357 4163 2437 4216 eis
2455 4161 2684 4215 nomina
2703 4165 2880 4224 vocat,
2906 4157 3310 4212 astronomiam
3331 4163 3584 4213 nostram

1981 4253 2265 4326 proposito
2295 4251 2579 4322 dialogicae
2606 4249 3073 4305 confabulationis
3103 4248 3306 4303 itinere
3350 4265 3584 4321 percur-

295 4363 419 4402 rum
441 4347 821 4415 obstruamus,
853 4354 916 4403 ut
940 4349 1162 4420 penitus
1194 4356 1351 4406 muta
1366 4351 1662 4406 ﬁantlabia
1683 4351 1893 4421 dolosa,
1913 4363 1962 4422 ι)
1983 4360 2190 4398 ramuS-

294 4453 416 4508 quae
443 4437 754 4508 loquuntur
781 4439 1045 4494 adversus
1059 4440 1341 4511 justitiam
1362 4441 1719 4512 iniquitatem
1739 4443 1898 4498 insu-

295 4525 493 4597 perbia
520 4532 579 4582 et
604 4527 662 4582 in
683 4526 972 4583 abusione.

367 4617 644 4673 Omnibus
668 4619 956 4674 catholicis
999 4619 1250 4676 inidiotis
1299 4620 1513 4692 liquido
1559 4626 1716 4692 patet
1743 4621 1894 4692 quia,

294 4712 526 4779 excepto
550 4706 690 4762 Filia
719 4708 982 4777 hominis,
1015 4710 1112 4781 qui
1131 4727 1301 4782 super
1320 4728 1513 4766 omnes
1541 4717 1644 4774 est,
1671 4711 1727 4765 in
1745 4711 1903 4769 omni,

292 4797 544 4852 humana
571 4798 896 4870 propagine,
929 4799 1024 4853 illo
1045 4801 1393 4871 protoplasto
1423 4802 1601 4856 Adam
1631 4801 1772 4856 nihil
1796 4818 1898 4856 un-

292 4903 462 4958 quam
491 4888 738 4944 sanctius
780 4889 950 4944 fuerit
1001 4905 1104 4944 nec
1161 4891 1288 4958 erit,
1343 4892 1555 4945 scilicet
1613 4892 1708 4962 qui
1765 4896 1896 4946 ante

289 4983 798 5050 transgressionem
845 4979 1055 5034 bonum
1094 4979 1429 5034 naturaliter
1449 4981 1649 5048 sciens,
1683 4982 1894 5035 malum

288 5070 594 5125 nesciebat.
629 5070 918 5141 Siquidem
947 5075 1117 5124 tantae
1135 5075 1258 5124 erat
1277 5070 1609 5138 sanctitatis,
1632 5075 1717 5141 ut,
1741 5076 1896 5142 post-

291 5176 464 5232 quam
484 5159 581 5214 illo
602 5159 662 5215 in
689 5161 860 5232 hujus
887 5160 1084 5215 mundi
1125 5161 1316 5216 exsilio
1350 5161 1543 5232 procul
1585 5159 1753 5215 dubio
1794 5177 1895 5233 pro

289 5252 458 5322 culpa
486 5250 773 5320 damnato,
802 5251 1057 5323 ingenita
1084 5251 1260 5306 menti
1288 5252 1412 5322 ejus
1433 5251 1694 5322 puritasa
1715 5255 1898 5322 postes

290 5340 480 5395 ritatis
499 5340 676 5413 ipsius
694 5341 1045 5413 malignitate
1062 5341 1227 5412 coepit
1246 5341 1558 5412 depravari,
1576 5340 1702 5411 pius
1717 5340 1895 5394 factor

290 5429 490 5484 dolens
516 5430 587 5484 ab
617 5430 876 5502 originali
904 5431 1105 5485 divinae
1134 5429 1370 5484 rationis
1410 5429 1686 5499 dignitate
1716 5428 1894 5483 factu-

285 5540 412 5578 ram
446 5541 607 5579 suam
636 5523 1023 5590 d’enobilitare,
1055 5522 1236 5592 primo
1287 5520 1654 5591 patriarchas,
1696 5517 1895 5574 deinde

289 5615 412 5686 lege
442 5633 510 5670 ex
539 5615 850 5687 prephetis,
884 5612 1184 5668 novissime
1212 5611 1438 5683 proprio
1486 5610 1624 5665 Filio
1674 5626 1774 5664 suo
1839 5615 1896 5664 et

533 5717 803 5777 PATROL.
850 5714 967 5774 CL.

2051 4433 2193 4488 Tum
2222 4447 2324 4501 ego
2350 4429 2728 4496 validissimis,
2753 4427 3004 4499 inquam,
3039 4426 3440 4482 assertionibus
3467 4443 3577 4496 me,

1979 4523 2157 4576 frater
2184 4519 2565 4584 dilectissime,
2597 4524 2652 4573 et
2691 4523 2890 4572 contra
2921 4516 3266 4570 adversarios
3293 4515 3577 4585 animasti,

1982 4618 2037 4668 et
2066 4628 2137 4666 ne
2159 4609 2331 4681 jussis
2360 4609 2473 4664 tuis
2513 4609 2664 4662 ultra
2696 4607 2956 4661 resistere
3013 4606 3273 4669 audeam,
3323 4611 3588 4678 potenter

1982 4701 2258 4772 obligasti.
2297 4699 2404 4754 Sed
2428 4715 2494 4753 ea
2523 4697 2781 4752 mercede
2815 4695 3161 4766 obtempero,
3185 4701 3268 4763 ut,
3303 4697 3437 4768 quia
3479 4714 3583 4768 ego

1982 4791 2178 4864 ﬁguris
2209 4791 2392 4845 adhuc
2421 4795 2478 4843 et
2490 4787 2745 4860 pluribus
2760 4786 3154 4840 instrumentis
3173 4786 3245 4840 ad
3275 4786 3386 4841 ista
3415 4789 3585 4859 perti-

1981 4883 2244 4938 nentibus
2271 4880 2519 4952 graviter
2537 4877 2892 4950 occupandus
2921 4894 3066 4944 sum,
3118 4883 3182 4932 tu
3226 4878 3581 4934 collationem

1977 4981 2226 5030 nostram
2252 4971 2472 5036 litteris,
2499 4967 2974 5041 quemadmodum
2989 4967 3316 5040 promisisti,
3348 4967 3580 5039 replica-

1976 5070 2092 5120 tam
2118 5061 2399 5135 expedias,
2433 5065 2536 5114 etc.

2587 5203 2791 5274 Incz’pz't
2824 5201 2984 5271 Opus.

2049 5333 2229 5407 Igitur
2256 5351 2291 5388 a
2317 5332 2575 5387 solstitiis
2624 5336 2681 5384 et
2725 5323 3073 5398 aequinoctiis
3119 5319 3255 5377 ordo
3308 5319 3576 5379 adiuven-

1975 5427 2195 5482 tionum
2218 5429 2538 5478 nostrarum
2568 5418 2741 5473 sumit
2768 5413 3080 5482 exordium,
3113 5413 3247 5485 quia
3286 5413 3578 5480 hominum

1977 5516 2159 5572 adhuc
2201 5511 2515 5568 naturalem
2571 5504 2874 5562 terminum
2926 5502 3211 5572 ignorans,
3269 5501 3446 5557 multa
3505 5503 3587 5559 fa-

1976 5614 2116 5672 teor,
2150 5610 2254 5657 etc.

3264 5691 3341 5752 52
