1973 3077
228 141 263 170 35
819 135 950 164 (ZthS'l‘.
977 130 1257 164 llMlMENOl‘ULI
1831 133 1865 162 Ὃ

269 197 322 223 Fll.
353 195 410 229 Qua
433 193 610 222 similitudine
638 197 750 219 vocatur
777 197 876 218 (eterna
899 189 942 216 lux
970 188 1018 217 Ρι-

1112 190 1210 216 ΛΔΕΛ.
1236 189 1294 216 Τίνι
1312 189 1439 224 ὁμοιώσει
1468 189 1482 215 ό
1507 188 1601 223 Πατὴρ
1628 188 1715 214 ἀΐδιον
1741 188 1864 214 καλεῖται

247 243 293 262 ur?

247 254 251 260 -
282 250 293 268 ι

227 250 244 269 h
255 251 343 316 llllAG.
358 288 426 321 Quia
443 295 475 314 ex
492 293 522 314 se
533 284 702 320 splendorem
720 284 758 318 (ι)
772 284 864 318 genuit
879 282 1019 316 mqualem.

262 380 317 406 Flt.
338 378 430 404 Nurum
447 375 494 402 tibi
522 374 606 410 magis
628 371 723 400 tnatris
750 378 849 398 nomen
873 369 1021 397 convenire

228 426 366 451 videretur
373 422 388 448 .?

265 469 347 497 MAG.
369 469 396 495 ln
419 472 496 503 patre
511 471 552 493 est
564 472 671 500 semper
686 462 842 498 principalis
858 467 938 488 causa
961 467 1021 494 pro-

227 510 271 551 lis,
287 521 312 544 et
327 517 386 543 ideo
401 523 414 541 a
447 512 588 547 principali
606 518 673 538 sexu
690 509 781 537 debuit
799 509 860 543 jure
874 507 924 534 hoc
938 505 1023 533 nurni-

229 562 418 597 neappdhuL

263 610 318 637 Flt.
344 608 401 640 Qua
429 605 606 633 similitudine
633 603 731 630 dicitur
759 599 892 636 gignens?

264 655 343 682 MAG.
361 654 471 680 (lcitum
486 658 538 683 est,
553 650 622 685 quod
634 656 709 676 mens
723 647 807 682 gignit
819 645 1023 681 cogitationem.

228 702 294 728 Cum
330 705 420 726 autem
459 705 536 725 mens
567 696 684 730 seipsam
715 695 824 728 cogitat,
852 693 929 727 quasi
953 691 1024 718 aliud

229 747 281 773 sibi
318 746 406 772 simile
431 744 522 781 [aliam
542 742 594 769 sibi
609 740 737 778 similem]
755 743 875 774 generat.
894 738 940 766 Sic
951 745 1024 765 sum-

230 800 290 819 mus
320 792 401 823 Deus,
428 798 490 817 cum
525 789 644 822 seipsum
671 788 764 819 talcm,
789 786 876 821 qualis
900 790 953 816 est.
978 791 1024 810 co-

228 839 345 872 gitavit,
383 837 477 872 procul
507 835 590 862 dubio
624 834 738 861 similem
774 833 824 860 sibi
851 839 900 867 per
936 830 1026 858 omnia

1074 244 1149 271 φωςέ

1109 282 1173 309 AIA.
1193 282 1266 309 Διότι
1298 281 1327 314 ἐξ
1363 282 1463 309 ἑαυτοῦ
1492 280 1666 316 ἀπαύγασμα
1697 281 1865 314 γεγέννηκεν

1074 325 1144 354 ἶπον.

1112 375 1210 401 ΑΔΕΛ.
1227 375 1282 402 Καὶ
1299 376 1328 401 οὺ
1346 375 1447 410 μᾶλλον
1461 375 1535 401 δοκεῖ
1551 374 1774 409 προσφυέστερον
1790 373 1865 408 αὑτῷ

1074 419 1106 446 τδ
1121 421 1170 454 τῆς
1188 421 1291 456 μητρὸς
1308 420 1479 456 ἁρμόζεσθαι
1492 420 1595 454 avertat;

1111 467 1174 494 AIA.
1185 467 1240 493 Ἀεὶ
1256 468 1285 493 ἐν
1301 467 1339 502 τῷ
1356 467 1439 502 πατρί
1453 467 1527 492 ἐστιν
1539 467 1556 502 ὴ
1571 465 1714 501 ἁρχοειδὴς
1729 465 1803 492 αἰτία
1818 465 1865 491 τοῦ

1075 514 1189 541 τέκνου·
1208 515 1253 542 διὰ
1278 515 1357 542 τοῦτο
1382 515 1430 541 καὶ
1447 514 1485 549 τῷ
1505 512 1555 540 ’τοῦ
1584 512 1808 548 ἀρχοειδεστέρου
1837 512 1866 538 ἐν

1075 561 1132 592 τοῖς
1148 561 1273 594 γονεῦσιν
1286 561 1399 596 ὀνόματι
1418 561 1611 596 προσηκόντως
1626 560 1681 586 ἔδει
1694 558 1844 586 καλεῖσθαι.

1111 605 1210 632 ΔΔΕΛ.
1229 605 1288 632 Τίνι
1301 605 1429 640 ὁμοιώσει
1446 605 1554 639 λέγεται
1568 605 1684 639 γεννᾷν;

1112 652 1176 679 AIA.
1207 652 1408 686 Ἀναμφίὸολον
1434 651 1470 684 ὡς
1491 653 1505 679 ὁ
1530 650 1593 684 νοῦς
1619 650 1750 686 λογισμὸν
1771 649 1865 684 γεννᾷ.

1079 699 1166 725 Ὅταν
1181 698 1204 725 δ’
1219 699 1233 724 ὁ
1251 697 1313 729 νοῦς
1331 698 1522 732 ἀναλογίζεται
1540 698 1646 730 ἑαυτὸν,
1663 696 1757 732 ὥσπερ
1772 696 1866 730 ’ἐτεριν

1077 745 1169 778 ξμςιον
1183 744 1282 771 ἑαυτοῦ
1298 745 1381 780 γεννᾷ
1392 753 1399 760 ·
1416 743 1488 771 οὕτω
1502 745 1549 771 καὶ
1561 745 1574 771 ό
1589 744 1672 779 ἄκρος
1687 743 1753 774 Θεὸς
1769 741 1866 769 ἑαυτὸν

1076 789 1209 823 τοιοῦτον,
1222 787 1277 822 οἷός
1288 791 1357 822 ἐστι,
1370 790 1556 826 λογιζόμενος,
1570 789 1764 824 ἀναμφιϐόλως
1779 787 1867 821 ἑαυτῷ

1077 835 1123 861 διὰ
1139 836 1249 863 πάντων
1273 837 1370 870 ὁμοίαν
1395 836 1488 863 εἰκόνα
1513 837 1680 871 γεγέννηκε·
1704 835 1751 862 καὶ
1772 835 1868 868 ὥςπερ

229 877 374 916 imaginem
406 881 556 917 generavit.
581 881 613 908 Et
637 880 708 908 sicut
731 880 845 915 gignens
860 878 921 913 jure
948 877 1022 909 Patel

1083 881 1177 916 Πατὴρ
1195 883 1208 908 ὁ
1224 882 1327 916 γεννῶν
1343 882 1458 914 δικαίως
1471 883 1608 913 καλεῖται,
1627 882 1698 909 οὕτω
1711 882 1758 908 καὶ
1773 882 1787 908 ὸ
1804 889 1867 915 γεν-

229 935 352 961 vocatur,
373 928 408 955 ita
424 927 560 955 rectisime
576 927 683 961 genitus
697 925 782 953 Filius
795 924 960 952 nominatur.

264 974 320 1001 Fit.
353 974 381 1000 Si
402 973 474 1000 Deus
492 972 593 999 Filium
615 972 718 1006 genuit,
745 971 852 998 videtur
876 968 1024 1004 aliquando

178 1018 182 1020 “
229 1019 325 1051 fuiSse,
352 1019 424 1055 quod
447 1018 545 1046 Filium
566 1025 622 1046 non
650 1018 786 1049 habuerit,
802 1020 829 1043 et
851 1015 902 1043 hoc
926 1022 1022 1042 nomen

227 1074 261 1093 ex
283 1065 418 1093 accidenti
436 1065 597 1100 possederit.
619 1063 696 1097 Quod
711 1063 734 1090 si
750 1064 800 1090 hoc
815 1063 851 1090 ita
866 1065 920 1096 est,
943 1068 1022 1096 supe-

228 1111 286 1138 rior
302 1109 418 1144 prolatio
443 1109 622 1136 labefactatur
649 1115 721 1143 :qna
742 1106 796 1143 [in]
826 1107 880 1134 Deo
895 1106 959 1134 nihil
979 1113 1024 1133 ac-

228 1155 370 1187 cidentale,
385 1155 432 1182 sed
453 1158 536 1182 totum
551 1155 694 1183 essentiale
710 1154 916 1188 prmdicabatur.

265 1243 348 1271 MAG.
372 1243 432 1270 .lam
447 1243 540 1270 docuit
553 1242 633 1274 ratio.
651 1241 697 1269 Dei
710 1242 854 1269 essentiam
869 1249 928 1270 esse
947 1247 1024 1270 αἰει-

231 1298 291 1317 nam
312 1290 410 1322 vitam,
440 1289 509 1315 initii
524 1293 550 1315 et
574 1289 635 1315 finis
661 1289 790 1315 nesciam.
817 1287 894 1320 Quod
917 1289 938 1315 si
968 1288 1024 1316 hac

230 1336 375 1370 singularis
389 1334 438 1371 [et]
456 1343 520 1362 vera
533 1335 586 1362 vita
616 1335 720 1369 absque
735 1334 813 1361 initio
834 1341 942 1368 semper
961 1334 1022 1366 fuit;

229 1383 337 1406 constat
357 1380 429 1414 quod
464 1384 490 1406 et
513 1379 616 1413 absque
639 1379 716 1406 initio
738 1386 845 1414 semper
881 1387 910 1406 se
933 1378 1023 1406 vivere

230 1427 372 1454 intellexit.
390 1426 467 1460 Quod
484 1427 506 1454 si
517 1429 607 1454 vivere
625 1435 654 1454 se
678 1435 730 1454 non
757 1427 900 1460 intellexit,
916 1427 1023 1462 sapiens

231 1481 284 1501 non
303 1473 377 1507 fuit;
401 1473 475 1508 quod
497 1472 576 1501 nefas
591 1479 642 1506 est,
658 1473 692 1500 de
711 1473 765 1501 Deo
777 1473 879 1501 dicere.
898 1473 975 1507 Quod
1001 1474 1022 1500 si

229 1518 376 1552 aliquando
389 1518 550 1553 sapientiam
573 1518 682 1545 aliunde
696 1518 810 1553 accepit,
827 1525 879 1552 qua
893 1519 968 1552 prius
979 1525 1024 1544 ea-

1079 927 1173 961 νηθεὶς
1186 927 1322 963 ὀρθότατα
1342 928 1405 959 Υἱὸς
1425 928 1601 963 ὀνομάζεται.

1116 973 1214 1000 ΛΔΕΛ.
1233 974 1265 1000 Εἰ
1282 974 1431 1010 γεγέννηκε
1447 974 1492 1000 τὺν
1508 974 1571 1001 Υίὸν
1588 975 1601 1000 ὁ
1623 973 1699 1006 Θεὸ·,
1718 973 1819 1006 δόξειεν
1836 973 1868 998 5v

1077 1020 1116 1051 ὡς
1131 1017 1165 1056 ἦν
1181 1029 1257 1053 ποτε,
1279 1020 1323 1047 ὅτε
1341 1021 1391 1048 οὐκ
1413 1018 1486 1055 εἶχεν
1506 1021 1580 1052 Υίὸν,
1603 1021 1649 1048 καὶ
1673 1020 1744 1048 κατὰ
1764 1020 1870 1053 συμϐε-

1078 1065 1163 1100 ϐηκὸς
1179 1065 1259 1092 τοῦτο
1281 1067 1311 1092 τὺ
1335 1066 1422 1102 ὄνομα
1447 1067 1612 1102 κτήσασθαι.
1633 1067 1664 1093 El
1680 1065 1709 1094 δὲ
1723 1065 1796 1092 τοῦτ’
1812 1065 1869 1100 εἴη,

1077 1111 1113 1138 τὰ
1139 1112 1270 1148 ἀνωτέρω
1287 1112 1431 1147 δειχθέντα
1454 1113 1662 1148 διαῤῥυήσεται,
1679 1111 1714 1139 δι’
1738 1109 1776 1140 ὧν
1800 1111 1870 1137 esse.

1078 1166 1169 1190 κνυτο,
1194 1158 1278 1192 μηδὲν
1295 1158 1482 1193 συμὸεσηκδς,
1506 1159 1563 1185 ἀλλ’
1580 1159 1640 1186 ὅλον
1657 1157 1785 1190 οὐσιῶδες
1797 1155 1869 1184 εἶναι

1078 1203 1109 1230 τὸ
1124 1204 1153 1230 ὲν
1164 1203 1203 1239 τῷ
1213 1204 1284 1238 Θεῷ.

1114 1250 1176 1277 ΔΙΔ.
1192 1250 1281 1286 Ἐφθη
1297 1250 1408 1284 διδάξας
1423 1252 1436 1278 ὁ
1452 1251 1531 1286 λόγος
1553 1252 1602 1287 τὴν
1619 1252 1666 1279 τοῦ
1691 1251 1758 1279 Θεοῦ
1773 1251 1867 1278 οὐσίαν

1079 1294 1152 1330 ζωὴν
1166 1295 1277 1322 αἰώνιον
1302 1294 1384 1330 εἶναι,
1406 1296 1533 1332 οὐδαμῶς
1550 1297 1639 1334 ἀρχὴν
1661 1298 1709 1325 καὶ
1734 1298 1810 1330 τέλος
1828 1299 1868 1324 εἱ-

1077 1341 1167 1368 δυϊαν.
1185 1343 1217 1368 Εί
1235 1342 1326 1369 τοίνυν
1348 1343 1364 1378 ἠ
1381 1343 1469 1379 nam,
1491 1344 1539 1371 καὶ
1559 1345 1574 1378 ἠ
1601 1343 1704 1380 ἀληθὴς
1721 1344 1790 1379 αὕτη
1807 1343 1866 1379 ζωὴ

1067 1387 1196 1423 ιᾶναρχος
1211 1385 1246 1424 ἦν
1259 1389 1314 1422 ἀεὶ,
1335 1389 1414 1424 δῆλον
1429 1390 1467 1421 ὡς
1485 1390 1543 1426 ᾔδει
1558 1390 1658 1426 ἑαυτὴν
1674 1391 1763 1422 ζῶσαν
1783 1391 1867 1426 ἀνάρ-

1078 1441 1145 1467 χως.
1161 1433 1192 1459 El
1209 1434 1265 1468 γὰρ
1287 1434 1387 1468 ἑαυτὴν
1401 1435 1451 1460 οὐκ
1474 1435 1607 1468 ἐγίνωσκε
1631 1434 1692 1469 ζῇν,
1712 1435 1762 1461 οὐκ
1784 1434 1818 1462 ἂν
1832 1432 1867 1469 ἦν

1079 1478 1148 1514 σοφή
1163 1486 1169 1493 ·
1186 1478 1200 1504 ὃ
1219 1479 1283 1514 περὶ
1300 1479 1369 1506 Θεοῦ
1388 1479 1478 1513 λέγειν
1498 1480 1615 1507 ἀνόσιον.
1639 1481 1669 1506 El
1687 1480 1715 1506 δέ
1736 1489 1801 1508 ποτε
1817 1481 1868 1516 τὴν

1079 1524 1176 1558 σοφίαν
1194 1523 1296 1558 ταύτην
1314 1524 1449 1558 ἑτέρωθεν
1471 1525 1578 1559 ἔλασεν,
1604 1522 1637 1561 ἦς
1655 1526 1786 1562 ἐστέρητο
1804 1528 1871 1562 πρό-

231 1563 294 1593 ruit,
319 1567 382 1588 tunc
412 1562 437 1588 id
463 1569 477 1588 a
497 1569 550 1595 quo
575 1566 679 1588 tantum
706 1562 804 1588 bonum
831 1562 946 1596 accepit,
968 1561 1022 1588 Deo

1083 1578 1170 1604 τερον,
1182 1569 1238 1596 τότ’
1252 1570 1286 1596 ἂν
1302 1567 1337 1605 ἦν
1354 1571 1443 1597 ἐκεῖνο
1461 1571 1566 1606 βέλτιον
1586 1572 1632 1599 τοῦ
1655 1573 1735 1606 Θεοῦ,
1752 1574 1819 1609 παρ’
1836 1573 1867 1601 οὗ

231 1606 326 1632 melius
350 1606 466 1637 exstitit,
487 1605 559 1639 quod
585 1605 815 1633 absurdissimum
834 1609 875 1633 est
898 1614 905 1633 :
927 1606 974 1633 sed
1001 1614 1023 1641 si

230 1651 396 1685 sempiterna
422 1652 475 1677 vita
494 1657 603 1684 semper
626 1657 656 1677 se
680 1650 773 1678 vivere
799 1650 944 1683 intellexit,
966 1651 1024 1679 haec

231 1696 421 1731 intelligentiae
440 1696 573 1730 sapientia
601 1703 654 1723 non
672 1696 782 1724 aliunde
797 1696 821 1723 ei
844 1697 953 1730 accidit,
977 1697 1024 1725 sed

185 1746 188 1752 ‘
229 1750 339 1777 semper
364 1742 390 1769 ei
401 1742 599 1771 coessentialis
620 1742 682 1776 fuit,
711 1750 867 1778 quanquam
895 1743 966 1771 hanc
989 1750 1023 1770 ex

230 1794 272 1818 se,
300 1789 330 1812 ut
354 1786 456 1819 prolem
472 1793 563 1818 suam,
581 1785 756 1814 inell'abiliter
779 1787 914 1822 genuerit.
940 1787 1023 1823 Igitur

230 1831 312 1860 Pater
325 1839 466 1867 nunquam
482 1832 542 1860 sine
554 1833 623 1860 Filio
639 1834 755 1861 exstitit.

266 1921 320 1948 Fll.
336 1921 394 1954 Qua
408 1922 589 1951 similitudine
601 1924 720 1958 spcudor
733 1930 843 1952 aeternae
858 1926 927 1954 lucis
938 1925 1021 1953 Filius

230 1973 353 2002 vocatur,
369 1976 423 1995 non
443 1969 520 1996 lilia?

264 2014 348 2042 MAG.
365 2015 434 2048 Quia
461 2023 509 2050 per
531 2014 796 2046 onmia'simililudo
820 2019 908 2047 Patris
931 2020 957 2047 in
988 2028 1020 2048 eo

227 2061 406 2095 exprimitur.
426 2060 504 2088 Unde
518 2066 546 2088 et
557 2062 712 2091 similitudo
730 2063 789 2098 ejus
814 2065 923 2092 dicitur.
946 2065 1020 2092 Nihil

230 2107 304 2132 enim
322 2106 349 2132 in
374 2105 456 2133 rebus
468 2107 570 2133 creatis
587 2108 620 2133 ad
637 2107 773 2142 integrum
794 2108 852 2143 ejus
863 2109 1021 2137 similitudi-

230 2159 293 2178 nem
324 2157 427 2184 servat,
461 2160 474 2179 a
496 2160 550 2187 quo
569 2153 706 2181 nascitur.
732 2154 829 2190 Capilli
860 2163 976 2189 namque
1003 2164 1018 2184 ιι

228 2198 319 2232 capite
348 2202 403 2224 nati
426 2203 500 2231 sunt,
531 2199 613 2233 capiti
634 2200 800 2234 dissimiles;
824 2209 903 2236 poma
920 2203 952 2229 ab
970 2211 1016 2229 ar-

231 2245 344 2272 boribus
360 2248 422 2271 nata
436 2249 509 2278 sunt,
531 2245 583 2272 illis
600 2246 741 2274 dissimilia
759 2254 767 2279 ;
791 2247 851 2274 lana
880 2247 1021 2275 dissimilis

227 2291 348 2323 ovibus,
370 2290 443 2319 l‘etus
483 2291 663 2325 animalium;
696 2293 737 2320 vel
767 2293 817 2328 ipsi
847 2293 895 2321 lilii
931 2296 1021 2322 homi-

229 2345 306 2369 num,
331 2344 382 2364 non
410 2344 456 2372 per
471 2338 559 2365 omnia
585 2339 686 2366 similes
710 2339 840 2374 qualitate
855 2341 1020 2373 genitorum.

227 2382 280 2409 Hie
309 2389 399 2410 autem
437 2391 487 2418 per
512 2385 603 2411 omnia
631 2386 751 2420 gignenti
779 2391 821 2413 est
856 2387 1021 2420 simillimus,

225 2433 256 2455 et
282 2429 342 2456 ideo
371 2429 513 2456 verissime
553 2437 606 2457 non
646 2430 711 2463 tilia,
751 2431 797 2457 sed
824 2430 908 2458 Filius
942 2440 1024 2459 voea-

227 2480 284 2502 ιιιτ.

266 2567 321 2595 Fli.
341 2567 399 2601 Qua
428 2574 518 2596 ιιιιιιιιιι
547 2570 704 2598 habitudine
726 2570 811 2599 Filius
843 2572 962 2601 Verbum
976 2582 1020 2602 vo-

224 2620 308 2641 eatur
326 2614 337 2640 Τ

265 2662 348 2689 MAG.
360 2662 544 2697 lllultiplieiter
559 2663 661 2699 [Latini
676 2664 829 2702 lripliciter]
842 2664 958 2694 Verbum
981 2668 1021 2694 in-

227 2708 383 2744 telligitur;
421 2710 497 2738 verbi
526 2711 625 2745 gratia,
651 2718 711 2738 cum
742 2712 792 2740 hoc
817 2713 927 2741 verbum
971 2715 1020 2743 lio-

229 2760 274 2779 mo
301 2755 402 2788 profert
428 2763 500 2788 ore;
530 2761 577 2783 aut
608 2763 668 2783 eum
696 2757 765 2785 idem
796 2757 907 2787 verbum
940 2760 1021 2789 homo

265 2844 305 2877 t4)
324 2844 392 2873 Male
411 2846 456 2873 alii
474 2847 585 2881 prolem.

1076 1615 1106 1642 τὸ
1129 1615 1258 1642 τοσοῦτον
1282 1616 1396 1652 εἴληφεν
1422 1617 1537 1651 ἀγαθὸν,
1555 1618 1569 1645 ὃ
1596 1619 1719 1654 νομίζειν
1751 1620 1868 1655 ἀνόητον

1076 1661 1185 1697 κομιδῆ.
1215 1662 1246 1689 El
1262 1661 1349 1694 ἀΐδιος
1373 1663 1467 1691 τοίνυν
1481 1664 1550 1699 ζωὴ,
1576 1666 1620 1692 ἀεὶ
1649 1666 1750 1701 ἑαυτὴν
1773 1666 1867 1698 ζῶσαν

1076 1708 1157 1739 ἐνόει,
1169 1707 1216 1734 καὶ
1233 1707 1305 1743 αὕτη
1322 1708 1372 1743 τῆς
1386 1710 1505 1744 νοήσεως
1528 1711 1544 1745 ἡ
1571 1711 1652 1746 σοφία
1670 1712 1717 1748 οὐχ
1733 1712 1868 1748 ἑτέρωθεν

1075 1753 1172 1788 ἐκείνῳ
1190 1754 1376 1790 συμϐέϐηκεν,
1403 1755 1462 1782 ἀλλ’
1489 1756 1583 1789 ἀῖδίως
1608 1757 1696 1793 τούτῳ
1721 1759 1823 1793 συνῆν·
1842 1759 1867 1785 εί

1075 1799 1123 1826 καὶ
1140 1799 1244 1835 ταύτην
1259 1800 1296 1832 ὼς
1311 1801 1411 1827 ἑαυτοῦ
1425 1801 1562 1837 γέννημα,
1579 1803 1608 1836 ἐξ
1627 1803 1724 1830 ἑαυτοῦ
1739 1803 1868 1840 ἀρρήτως

1074 1847 1233 1882 ἐγέννησεν.
1252 1847 1282 1874 '0
1297 1847 1392 1883 Πατὴρ
1404 1849 1497 1875 τοίνυν
1511 1849 1641 1876 οὐδέποτε
1656 1847 1690 1885 ἦν
1703 1850 1767 1877 ἄνευ
1786 1850 1866 1884 Υἱοῠ,

1073 1893 1090 1927 ἣ
1107 1892 1241 1927 ὑπῆρξεν.

1108 1938 1208 1964 AAEA.
1229 1937 1290 1964 Τίνι
1303 1938 1459 1973 ὁμοιώματι
1474 1939 1505 1966 τὺ
1519 1939 1566 1966 τοῦ
1581 1939 1666 1966 ἀϊδίου
1678 1939 1766 1974 φωτὸς
1777 1940 1868 1967 ἀπαύ-

1073 1991 1170 2017 γασμα
1190 1983 1265 2015 Υἱὸς,
1282 1983 1339 2010 ἀλλ’
1353 1984 1383 2010 οὺ
1399 1983 1525 2020 θυγάτηρ
1542 1985 1684 2018 καλεῖται;

1108 2028 1171 2054 AlA.
1190 2027 1252 2054 Ὅτι
1274 2028 1319 2056 διὰ
1342 2030 1452 2056 πάντων
1479 2031 1508 2057 ὲν
1529 2031 1618 2066 τούτῳ
1641 2032 1657 2066 ἡ
1681 2031 1729 2058 τοῦ
1759 2031 1868 2067 Πατρὶς

1072 2073 1199 2109 ὁμοιότης
1214 2073 1374 2109 ἑκφαίνεται
1394 2083 1401 2090 ·
1417 2075 1479 2102 ὅθεν
1495 2077 1543 2102 καὶ
1562 2076 1692 2111 ὁμοιότης
1715 2077 1799 2105 αὑτοῦ
1820 2079 1865 2104 λέ-

1072 2126 1162 2152 γεται.
1183 2119 1228 2145 Ἐν
1253 2119 1281 2146 δὲ
1300 2121 1358 2151 τοῖς
1384 2121 1505 2151 κτιστοῖς
1530 2121 1694 2156 πράγμασιν
1714 2123 1792 2149 οὐδὲν
1816 2124 1867 2159 τὴν

1072 2165 1161 2199 ἄκραν
1179 2165 1327 2199 ὁμοιότητα
1347 2165 1415 2200 πρὸς
1433 2166 1462 2192 τὸ
1481 2168 1618 2201 γεννῆσαν
1643 2170 1733 2203 τηρεῖ.
1759 2170 1793 2195 Al.
1810 2170 1865 2205 γὰρ

1072 2211 1166 2246 τρίχες
1195 2210 1270 2246 παρὰ
1296 2211 1346 2245 τῆς
1367 2211 1489 2247 κεφαλῆς
1514 2213 1710 2249 ἐγεννήθησαν,
1737 2215 1865 2250 ἀνόμοιαι

1073 2255 1153 2283 οὖσαι
1169 2257 1201 2291 τῇ
1218 2257 1322 2291 κεφαλῇ
1335 2265 1342 2274 ·
1357 2258 1413 2288 τοῖς
1433 2257 1572 2291 δένδρεσιν
1589 2259 1612 2286 οι
1635 2261 1748 2294 καρποὶ,
1774 2262 1866 2288 καίτοι

1076 2303 1142 2338 παρ’
1157 2302 1248 2329 αὐτῶν
1268 2303 1463 2338 γεννηθέντες·
1491 2305 1526 2332 τὰ
1545 2306 1617 2341 ἔρια,
1637 2307 1712 2342 παρὰ
1727 2307 1782 2333 τῶν
1798 2317 1868 2344 προ-

1076 2347 1178 2380 ϐάτων,
1199 2348 1302 2379 τούτοις
1324 2349 1439 2384 ἀνόμοια
1464 2350 1497 2376 τὰ
1516 2351 1570 2377 τῶν
1597 2352 1674 2384 ζώων
1695 2354 1780 2388 νήπια
1796 2361 1804 2369 ⁶
1820 2356 1868 2382 καὶ

1076 2394 1154 2420 αὐτοὶ
1170 2393 1225 2419 τῶν
1251 2394 1380 2429 πατέρων
1399 2395 1423 2421 oi
1448 2396 1502 2422 υἱοὶ
1531 2396 1562 2422 οὐ
1584 2397 1629 2423 διὰ
1653 2397 1762 2424 πάντων
1777 2399 1869 2435 ὅμοιοι

1073 2441 1108 2474 τῇ
1119 2440 1173 2465 τῶν
1186 2441 1288 2474 γονέων
1301 2441 1437 2476 ποιότητι.
1453 2439 1538 2473 Οὗτος
1552 2442 1580 2468 δὲ
1595 2442 1638 2469 διὰ
1654 2446 1764 2472 πάντων
1775 2446 1869 2481 ὅμοιός

1075 2487 1134 2511 ἐστι
1143 2485 1182 2521 τῷ
1198 2487 1372 2521 γεννήσαντι,
1385 2489 1432 2514 καὶ
1445 2487 1489 2514 διὰ
1498 2488 1569 2514 τοῦτ’
1583 2489 1777 2524 ἁληθεστὰτως
1793 2492 1866 2526 Υἱὸς,

1075 2532 1132 2558 ἀλλ’
1147 2533 1178 2559 οὺ
1197 2533 1334 2568 θυγάτηρ,
1349 2534 1484 2562 καλεῖται.

1112 2578 1212 2606 ΑΔΕΛ.
1234 2579 1293 2605 Τίνι
1309 2579 1331 2605 δ’
1347 2579 1479 2616 ἀναλογίᾳ
1502 2581 1515 2607 ὁ
1542 2582 1604 2614 Tib;
1624 2581 1701 2616 οὗτος
1714 2585 1798 2618 Λόγος
1815 2595 1866 2613 κα-

1074 2625 1161 2650 λεῖται
1173 2632 1180 2657 ;

1110 2671 1174 2697 AIA.
1193 2671 1337 2707 Πολλαχῶς
1367 2674 1380 2699 6
1409 2674 1495 2708 Λόγος
1521 2677 1640 2703 νοεῖται·
1667 2678 1747 2712 λόγου
1772 2679 1862 2713 χὶριν,

1075 2717 1139 2743 ὅταν
1158 2719 1172 2744 ὁ
1188 2717 1332 2752 ἄνθρωπο,
1345 2720 1390 2745 τὸν
1407 2721 1486 2754 λόγον
1502 2722 1596 2750 τοῦτον
1615 2726 1739 2760 προφέρῃ
1753 2725 1791 2759 τῷ
1804 2726 1865 2751 στά-

1079 2772 1155 2798 ματι,
1173 2764 1267 2800 ἢὸταν
1292 2766 1336 2791 τὸν
1353 2767 1436 2793 αὑτὸν
1461 2768 1539 2802 λόγον
1555 2771 1568 2796 ὁ
1586 2770 1727 2805 ἄνθρωπος
1747 2771 1822 2798 ἓνῖον
1834 2772 1865 2799 ἐν
