  <div class='ocr_page' id='page_1' title='image "/cluster/home/n/w/nwhite01/storage/ocr_20150623/150/njp.32101077773180/106.png"; bbox 0 0 1982 3073; ppageno 0'>
   <div class='ocr_carea' id='block_1_1' title="bbox 138 94 187 127">
    <p class='ocr_par' dir='ltr' id='par_1_1' title="bbox 138 94 187 127">
     <span class='ocr_line' id='line_1_1' title="bbox 138 94 187 127; baseline 0.02 -1"><span class='ocrx_word' id='word_1_1' title='bbox 138 94 187 127; x_wconf 71' lang='lat'><strong>201</strong></span> 
     </span>
    </p>
   </div>
   <div class='ocr_carea' id='block_1_2' title="bbox 662 96 1235 131">
    <p class='ocr_par' dir='ltr' id='par_1_2' title="bbox 662 96 1235 131">
     <span class='ocr_line' id='line_1_2' title="bbox 662 96 1235 131; baseline 0.005 -4"><span class='ocrx_word' id='word_1_2' title='bbox 662 97 702 127; x_wconf 85' lang='lat' dir='ltr'><strong>IN</strong></span> <span class='ocrx_word' id='word_1_3' title='bbox 723 96 1022 128; x_wconf 79' lang='lat' dir='ltr'><strong>EXALTATIONEM</strong></span> <span class='ocrx_word' id='word_1_4' title='bbox 1038 99 1067 129; x_wconf 89' lang='lat' dir='ltr'><strong>S.</strong></span> <span class='ocrx_word' id='word_1_5' title='bbox 1089 99 1235 131; x_wconf 83' lang='lat' dir='ltr'><strong>CRUClS.</strong></span> 
     </span>
    </p>
   </div>
   <div class='ocr_carea' id='block_1_3' title="bbox 1723 102 1776 136">
    <p class='ocr_par' dir='ltr' id='par_1_3' title="bbox 1723 102 1776 136">
     <span class='ocr_line' id='line_1_3' title="bbox 1723 102 1776 136; baseline -0.038 0"><span class='ocrx_word' id='word_1_6' title='bbox 1723 102 1776 136; x_wconf 70' lang='lat'><strong>202</strong></span> 
     </span>
    </p>
   </div>
   <div class='ocr_carea' id='block_1_4' title="bbox 139 154 929 193">
    <p class='ocr_par' dir='ltr' id='par_1_4' title="bbox 139 154 929 192">
     <span class='ocr_line' id='line_1_4' title="bbox 139 154 929 192; baseline 0.001 -12"><span class='ocrx_word' id='word_1_7' title='bbox 139 154 207 189; x_wconf 76' lang='grc' dir='ltr'>σιῦτη</span> <span class='ocrx_word' id='word_1_8' title='bbox 227 154 343 190; x_wconf 71' lang='grc' dir='ltr'>μάστιξ,</span> <span class='ocrx_word' id='word_1_9' title='bbox 359 154 406 181; x_wconf 70' lang='grc' dir='ltr'>καὶ</span> <span class='ocrx_word' id='word_1_10' title='bbox 422 155 537 191; x_wconf 79' lang='grc' dir='ltr'>ἀπαρχὴ</span> <span class='ocrx_word' id='word_1_11' title='bbox 555 155 656 187; x_wconf 66' lang='grc' dir='ltr'>παντὸς</span> <span class='ocrx_word' id='word_1_12' title='bbox 673 156 756 182; x_wconf 86' lang='grc' dir='ltr'>πόνου</span> <span class='ocrx_word' id='word_1_13' title='bbox 771 156 817 182; x_wconf 74' lang='lat' dir='ltr'><strong>ml.</strong></span> <span class='ocrx_word' id='word_1_14' title='bbox 841 156 929 192; x_wconf 70' lang='grc' dir='ltr'>πάσης</span> 
     </span>
    </p>
   </div>
   <div class='ocr_carea' id='block_1_5' title="bbox 983 154 1776 193">
    <p class='ocr_par' dir='ltr' id='par_1_5' title="bbox 983 156 1776 193">
     <span class='ocr_line' id='line_1_5' title="bbox 983 156 1776 193; baseline 0.009 -11"><span class='ocrx_word' id='word_1_15' title='bbox 983 156 1084 184; x_wconf 87' lang='lat' dir='ltr'><strong>invitus</strong></span> <span class='ocrx_word' id='word_1_16' title='bbox 1100 158 1181 185; x_wconf 83' lang='lat' dir='ltr'><strong>etiam</strong></span> <span class='ocrx_word' id='word_1_17' title='bbox 1202 157 1329 193; x_wconf 90' lang='lat' dir='ltr'><strong>populum</strong></span> <span class='ocrx_word' id='word_1_18' title='bbox 1346 158 1459 186; x_wconf 75' lang='lat' dir='ltr'><strong>dimisit.</strong></span> <span class='ocrx_word' id='word_1_19' title='bbox 1477 159 1711 193; x_wconf 65' lang='lat' dir='ltr'><strong>Quemadmodum</strong></span> <span class='ocrx_word' id='word_1_20' title='bbox 1727 170 1776 189; x_wconf 89' lang='lat' dir='ltr'><strong>au-</strong></span> 
     </span>
    </p>
   </div>
   <div class='ocr_carea' id='block_1_6' title="bbox 138 200 934 236">
    <p class='ocr_par' dir='ltr' id='par_1_6' title="bbox 138 200 934 236">
     <span class='ocr_line' id='line_1_6' title="bbox 138 200 934 236; baseline 0.001 -10"><span class='ocrx_word' id='word_1_21' title='bbox 138 200 288 235; x_wconf 84' lang='grc' dir='ltr'>ἁλγηδὸνος</span> <span class='ocrx_word' id='word_1_22' title='bbox 314 201 471 236; x_wconf 76' lang='grc' dir='ltr'><strong>ἀκροθίνιον</strong></span> <span class='ocrx_word' id='word_1_23' title='bbox 493 202 549 233; x_wconf 79' lang='grc' dir='ltr'>τοῖς</span> <span class='ocrx_word' id='word_1_24' title='bbox 571 201 705 232; x_wconf 67' lang='grc' dir='ltr'>ἐναντίοις</span> <span class='ocrx_word' id='word_1_25' title='bbox 725 201 840 235; x_wconf 76' lang='grc' dir='ltr'>ἐγίνετο,</span> <span class='ocrx_word' id='word_1_26' title='bbox 863 201 934 228; x_wconf 77' lang='grc' dir='ltr'>οὕτω</span> 
     </span>
    </p>
   </div>
   <div class='ocr_carea' id='block_1_7' title="bbox 137 245 934 281">
    <p class='ocr_par' dir='ltr' id='par_1_7' title="bbox 137 245 934 281">
     <span class='ocr_line' id='line_1_7' title="bbox 137 245 934 281; baseline -0.001 -9"><span class='ocrx_word' id='word_1_27' title='bbox 137 246 192 278; x_wconf 77' lang='grc' dir='ltr'>τοῖς</span> <span class='ocrx_word' id='word_1_28' title='bbox 206 245 393 281; x_wconf 72' lang='grc' dir='ltr'><strong>ᾠκειωμένοις</strong></span> <span class='ocrx_word' id='word_1_29' title='bbox 405 246 464 281; x_wconf 83' lang='grc' dir='ltr'><strong>Θεῷ</strong></span> <span class='ocrx_word' id='word_1_30' title='bbox 480 246 592 281; x_wconf 77' lang='grc' dir='ltr'>μείζονα</span> <span class='ocrx_word' id='word_1_31' title='bbox 606 246 656 281; x_wconf 79' lang='grc' dir='ltr'>τὴν</span> <span class='ocrx_word' id='word_1_32' title='bbox 670 246 751 281; x_wconf 85' lang='grc' dir='ltr'>χάριν</span> <span class='ocrx_word' id='word_1_33' title='bbox 765 245 850 272; x_wconf 77' lang='grc' dir='ltr'>ἐδίδου</span> <span class='ocrx_word' id='word_1_34' title='bbox 866 245 934 280; x_wconf 84' lang='grc' dir='ltr'>μετὰ</span> 
     </span>
    </p>
   </div>
   <div class='ocr_carea' id='block_1_8' title="bbox 138 291 934 327">
    <p class='ocr_par' dir='ltr' id='par_1_8' title="bbox 138 291 934 327">
     <span class='ocr_line' id='line_1_8' title="bbox 138 291 934 327; baseline 0 -10"><span class='ocrx_word' id='word_1_35' title='bbox 138 291 239 326; x_wconf 82' lang='grc' dir='ltr'>πολλῆς</span> <span class='ocrx_word' id='word_1_36' title='bbox 256 291 306 326; x_wconf 80' lang='grc' dir='ltr'>τῆς</span> <span class='ocrx_word' id='word_1_37' title='bbox 326 291 555 326; x_wconf 76' lang='grc' dir='ltr'>παραδοξοποιίας</span> <span class='ocrx_word' id='word_1_38' title='bbox 578 292 776 327; x_wconf 71' lang='grc' dir='ltr'>ἐνεργουμένη.</span> <span class='ocrx_word' id='word_1_39' title='bbox 797 292 856 318; x_wconf 89' lang='grc' dir='ltr'>Ἵνα</span> <span class='ocrx_word' id='word_1_40' title='bbox 880 292 934 326; x_wconf 83' lang='grc' dir='ltr'><strong>γὰρ</strong></span> 
     </span>
    </p>
   </div>
   <div class='ocr_carea' id='block_1_9' title="bbox 138 337 932 373">
    <p class='ocr_par' dir='ltr' id='par_1_9' title="bbox 138 337 932 373">
     <span class='ocr_line' id='line_1_9' title="bbox 138 337 932 373; baseline 0 -9"><span class='ocrx_word' id='word_1_41' title='bbox 138 337 175 373; x_wconf 83' lang='grc' dir='ltr'>μὴ</span> <span class='ocrx_word' id='word_1_42' title='bbox 191 339 340 372; x_wconf 80' lang='grc' dir='ltr'><strong>συντυχίας</strong></span> <span class='ocrx_word' id='word_1_43' title='bbox 357 338 430 369; x_wconf 77' lang='grc' dir='ltr'>τινὸς</span> <span class='ocrx_word' id='word_1_44' title='bbox 446 338 495 365; x_wconf 71' lang='grc' dir='ltr'>καὶ</span> <span class='ocrx_word' id='word_1_45' title='bbox 513 338 668 373; x_wconf 72' lang='grc' dir='ltr'><strong>αὐτομάτου</strong></span> <span class='ocrx_word' id='word_1_46' title='bbox 682 338 799 365; x_wconf 82' lang='grc' dir='ltr'><strong>Θανάτου</strong></span> <span class='ocrx_word' id='word_1_47' title='bbox 814 337 932 373; x_wconf 81' lang='grc' dir='ltr'>νομισοῇ</span> 
     </span>
    </p>
   </div>
   <div class='ocr_carea' id='block_1_10' title="bbox 137 382 931 420">
    <p class='ocr_par' dir='ltr' id='par_1_10' title="bbox 137 382 931 420">
     <span class='ocr_line' id='line_1_10' title="bbox 137 382 931 420; baseline 0.004 -13"><span class='ocrx_word' id='word_1_48' title='bbox 137 382 166 408; x_wconf 80' lang='grc' dir='ltr'>τὸ</span> <span class='ocrx_word' id='word_1_49' title='bbox 183 382 328 417; x_wconf 77' lang='grc' dir='ltr'>γινόμενον</span> <span class='ocrx_word' id='word_1_50' title='bbox 338 403 347 416; x_wconf 84' lang='grc'><strong>,</strong></span> <span class='ocrx_word' id='word_1_51' title='bbox 360 382 377 418; x_wconf 84' lang='grc' dir='ltr'>ἢ</span> <span class='ocrx_word' id='word_1_52' title='bbox 391 383 468 414; x_wconf 78' lang='grc' dir='ltr'>νόσος</span> <span class='ocrx_word' id='word_1_53' title='bbox 481 383 497 419; x_wconf 82' lang='grc' dir='ltr'><strong>ἦ</strong></span> <span class='ocrx_word' id='word_1_54' title='bbox 511 383 589 418; x_wconf 82' lang='grc' dir='ltr'>λιμὸς</span> <span class='ocrx_word' id='word_1_55' title='bbox 604 383 698 414; x_wconf 82' lang='grc' dir='ltr'>ἀπλῶς</span> <span class='ocrx_word' id='word_1_56' title='bbox 714 383 838 410; x_wconf 78' lang='grc' dir='ltr'>ἐπελθὼν</span> <span class='ocrx_word' id='word_1_57' title='bbox 851 382 915 420; x_wconf 78' lang='grc' dir='ltr'>δόξῃ</span> <span class='ocrx_word' id='word_1_58' title='bbox 925 404 931 416; x_wconf 92' lang='grc'><strong>,</strong></span> 
     </span>
    </p>
   </div>
   <div class='ocr_carea' id='block_1_11' title="bbox 138 428 933 465">
    <p class='ocr_par' dir='ltr' id='par_1_11' title="bbox 138 428 933 465">
     <span class='ocr_line' id='line_1_11' title="bbox 138 428 933 465; baseline 0.004 -11"><span class='ocrx_word' id='word_1_59' title='bbox 138 428 223 455; x_wconf 74' lang='grc' dir='ltr'>πολλὰ</span> <span class='ocrx_word' id='word_1_60' title='bbox 239 429 382 464; x_wconf 80' lang='grc' dir='ltr'><strong>συντρέχει</strong></span> <span class='ocrx_word' id='word_1_61' title='bbox 393 430 427 455; x_wconf 73' lang='grc' dir='ltr'><strong>τὰ</strong></span> <span class='ocrx_word' id='word_1_62' title='bbox 439 429 547 463; x_wconf 78' lang='grc' dir='ltr'>ἐξαίσια</span> <span class='ocrx_word' id='word_1_63' title='bbox 557 437 564 445; x_wconf 90' lang='grc'><strong>·</strong></span> <span class='ocrx_word' id='word_1_64' title='bbox 580 430 628 457; x_wconf 69' lang='grc' dir='ltr'><strong>καὶ</strong></span> <span class='ocrx_word' id='word_1_65' title='bbox 642 430 709 465; x_wconf 80' lang='grc' dir='ltr'>ὁμοῦ</span> <span class='ocrx_word' id='word_1_66' title='bbox 724 430 775 464; x_wconf 82' lang='grc' dir='ltr'>μὲν</span> <span class='ocrx_word' id='word_1_67' title='bbox 789 430 933 464; x_wconf 78' lang='grc' dir='ltr'><strong>παρόντων</strong></span> 
     </span>
    </p>
   </div>
   <div class='ocr_carea' id='block_1_12' title="bbox 138 475 934 512">
    <p class='ocr_par' dir='ltr' id='par_1_12' title="bbox 138 475 934 512">
     <span class='ocr_line' id='line_1_12' title="bbox 138 475 934 512; baseline 0.003 -11"><span class='ocrx_word' id='word_1_68' title='bbox 138 476 267 502; x_wconf 77' lang='grc' dir='ltr'>ἁπάντων</span> <span class='ocrx_word' id='word_1_69' title='bbox 281 477 346 506; x_wconf 78' lang='grc' dir='ltr'>τοὺς</span> <span class='ocrx_word' id='word_1_70' title='bbox 362 475 454 508; x_wconf 77' lang='grc' dir='ltr'>ἀξίους</span> <span class='ocrx_word' id='word_1_71' title='bbox 471 477 488 511; x_wconf 78' lang='grc' dir='ltr'><strong>ἡ</strong></span> <span class='ocrx_word' id='word_1_72' title='bbox 510 477 630 512; x_wconf 76' lang='grc' dir='ltr'>τιμωρία</span> <span class='ocrx_word' id='word_1_73' title='bbox 647 476 780 511; x_wconf 78' lang='grc' dir='ltr'><strong>γινώσκει</strong></span> <span class='ocrx_word' id='word_1_74' title='bbox 795 476 842 504; x_wconf 81' lang='grc' dir='ltr'>καὶ</span> <span class='ocrx_word' id='word_1_75' title='bbox 864 476 934 512; x_wconf 82' lang='grc' dir='ltr'>μετὰ</span> 
     </span>
    </p>
   </div>
   <div class='ocr_carea' id='block_1_13' title="bbox 137 521 934 558">
    <p class='ocr_par' dir='ltr' id='par_1_13' title="bbox 137 521 934 558">
     <span class='ocr_line' id='line_1_13' title="bbox 137 521 934 558; baseline 0.004 -12"><span class='ocrx_word' id='word_1_76' title='bbox 137 521 318 556; x_wconf 69' lang='grc' dir='ltr'>προρρἡεως</span> <span class='ocrx_word' id='word_1_77' title='bbox 342 522 473 554; x_wconf 81' lang='grc' dir='ltr'>τελεῖται,</span> <span class='ocrx_word' id='word_1_78' title='bbox 499 523 546 549; x_wconf 80' lang='grc' dir='ltr'>καὶ</span> <span class='ocrx_word' id='word_1_79' title='bbox 564 523 614 558; x_wconf 81' lang='grc' dir='ltr'><strong>μιᾷ</strong></span> <span class='ocrx_word' id='word_1_80' title='bbox 633 523 712 550; x_wconf 70' lang='grc' dir='ltr'>νυκτὶ</span> <span class='ocrx_word' id='word_1_81' title='bbox 731 522 833 554; x_wconf 83' lang='grc' dir='ltr'>πάντες</span> <span class='ocrx_word' id='word_1_82' title='bbox 856 523 934 549; x_wconf 87' lang='grc' dir='ltr'>ἀναι-</span> 
     </span>
    </p>
   </div>
   <div class='ocr_carea' id='block_1_14' title="bbox 138 567 935 604">
    <p class='ocr_par' dir='ltr' id='par_1_14' title="bbox 138 567 935 604">
     <span class='ocr_line' id='line_1_14' title="bbox 138 567 935 604; baseline 0.004 -12"><span class='ocrx_word' id='word_1_83' title='bbox 138 567 258 602; x_wconf 79' lang='grc' dir='ltr'>ροῦνται,</span> <span class='ocrx_word' id='word_1_84' title='bbox 268 569 315 593; x_wconf 74' lang='grc' dir='ltr'>καὶ</span> <span class='ocrx_word' id='word_1_85' title='bbox 329 568 406 601; x_wconf 82' lang='grc' dir='ltr'>μόνοι</span> <span class='ocrx_word' id='word_1_86' title='bbox 416 568 470 594; x_wconf 86' lang='grc' dir='ltr'>τῶν</span> <span class='ocrx_word' id='word_1_87' title='bbox 483 568 572 595; x_wconf 76' lang='grc' dir='ltr'>ἄλλων</span> <span class='ocrx_word' id='word_1_88' title='bbox 584 569 609 594; x_wconf 81' lang='grc' dir='ltr'>οἱ</span> <span class='ocrx_word' id='word_1_89' title='bbox 625 569 795 604; x_wconf 79' lang='grc' dir='ltr'>πρωτότοκοι</span> <span class='ocrx_word' id='word_1_90' title='bbox 811 568 935 603; x_wconf 84' lang='grc' dir='ltr'>ἀποθνή-</span> 
     </span>
    </p>
   </div>
   <div class='ocr_carea' id='block_1_15' title="bbox 136 615 933 648">
    <p class='ocr_par' dir='ltr' id='par_1_15' title="bbox 136 615 933 648">
     <span class='ocr_line' id='line_1_15' title="bbox 136 615 933 648; baseline 0.003 -8"><span class='ocrx_word' id='word_1_91' title='bbox 136 623 243 647; x_wconf 81' lang='grc' dir='ltr'>σκουσι,</span> <span class='ocrx_word' id='word_1_92' title='bbox 262 615 333 641; x_wconf 84' lang='grc' dir='ltr'>ὥστε</span> <span class='ocrx_word' id='word_1_93' title='bbox 349 615 396 642; x_wconf 70' lang='grc' dir='ltr'><strong>καὶ</strong></span> <span class='ocrx_word' id='word_1_94' title='bbox 415 617 446 642; x_wconf 79' lang='grc' dir='ltr'>τὸ</span> <span class='ocrx_word' id='word_1_95' title='bbox 460 615 574 643; x_wconf 76' lang='grc' dir='ltr'>δυνατὸν</span> <span class='ocrx_word' id='word_1_96' title='bbox 589 615 708 642; x_wconf 78' lang='grc' dir='ltr'>ἐνταῦθα</span> <span class='ocrx_word' id='word_1_97' title='bbox 721 615 769 643; x_wconf 88' lang='grc' dir='ltr'><strong>τοῦ</strong></span> <span class='ocrx_word' id='word_1_98' title='bbox 785 615 865 648; x_wconf 85' lang='grc' dir='ltr'>Θεοῦ,</span> <span class='ocrx_word' id='word_1_99' title='bbox 887 616 933 642; x_wconf 80' lang='grc' dir='ltr'>καὶ</span> 
     </span>
    </p>
   </div>
   <div class='ocr_carea' id='block_1_16' title="bbox 134 659 934 697">
    <p class='ocr_par' dir='ltr' id='par_1_16' title="bbox 134 659 934 697">
     <span class='ocr_line' id='line_1_16' title="bbox 134 659 934 697; baseline 0.001 -11"><span class='ocrx_word' id='word_1_100' title='bbox 134 661 164 687; x_wconf 79' lang='grc' dir='ltr'><strong>τὺ</strong></span> <span class='ocrx_word' id='word_1_101' title='bbox 177 659 293 694; x_wconf 76' lang='grc' dir='ltr'>δίκαιον,</span> <span class='ocrx_word' id='word_1_102' title='bbox 305 662 352 688; x_wconf 73' lang='grc' dir='ltr'>καὶ</span> <span class='ocrx_word' id='word_1_103' title='bbox 365 661 394 687; x_wconf 82' lang='grc' dir='ltr'>τὸ</span> <span class='ocrx_word' id='word_1_104' title='bbox 405 662 586 697; x_wconf 83' lang='grc' dir='ltr'>κηδεμονικὸν</span> <span class='ocrx_word' id='word_1_105' title='bbox 598 662 769 697; x_wconf 79' lang='grc' dir='ltr'>ἀναφανῆναι</span> <span class='ocrx_word' id='word_1_106' title='bbox 782 662 829 689; x_wconf 73' lang='grc' dir='ltr'><strong>καὶ</strong></span> <span class='ocrx_word' id='word_1_107' title='bbox 840 661 934 696; x_wconf 81' lang='grc' dir='ltr'>φιλάν-</span> 
     </span>
    </p>
   </div>
   <div class='ocr_carea' id='block_1_17' title="bbox 135 707 934 744">
    <p class='ocr_par' dir='ltr' id='par_1_17' title="bbox 135 707 934 744">
     <span class='ocr_line' id='line_1_17' title="bbox 135 707 934 744; baseline 0.003 -12"><span class='ocrx_word' id='word_1_108' title='bbox 135 707 254 742; x_wconf 78' lang='grc' dir='ltr'>θρωπον.</span> <span class='ocrx_word' id='word_1_109' title='bbox 279 707 316 734; x_wconf 74' lang='grc' dir='ltr'>Τὸ</span> <span class='ocrx_word' id='word_1_110' title='bbox 339 707 400 742; x_wconf 84' lang='grc' dir='ltr'>μὲν,</span> <span class='ocrx_word' id='word_1_111' title='bbox 424 708 466 734; x_wconf 80' lang='grc' dir='ltr'>ὅτι</span> <span class='ocrx_word' id='word_1_112' title='bbox 488 709 517 734; x_wconf 79' lang='grc' dir='ltr'>ὲν</span> <span class='ocrx_word' id='word_1_113' title='bbox 541 708 592 744; x_wconf 80' lang='grc' dir='ltr'>μιᾷ</span> <span class='ocrx_word' id='word_1_114' title='bbox 614 709 683 744; x_wconf 82' lang='grc' dir='ltr'>ῥοπῇ</span> <span class='ocrx_word' id='word_1_115' title='bbox 703 708 832 735; x_wconf 83' lang='grc' dir='ltr'>τοσοῦτον</span> <span class='ocrx_word' id='word_1_116' title='bbox 853 708 934 743; x_wconf 83' lang='grc' dir='ltr'>ἔργον</span> 
     </span>
    </p>
   </div>
   <div class='ocr_carea' id='block_1_18' title="bbox 134 753 932 790">
    <p class='ocr_par' dir='ltr' id='par_1_18' title="bbox 134 753 932 790">
     <span class='ocr_line' id='line_1_18' title="bbox 134 753 932 790; baseline 0.001 -11"><span class='ocrx_word' id='word_1_117' title='bbox 134 753 256 787; x_wconf 76' lang='grc' dir='ltr'>ἐγεγόνει</span> <span class='ocrx_word' id='word_1_118' title='bbox 270 761 276 767; x_wconf 93' lang='grc'>·</span> <span class='ocrx_word' id='word_1_119' title='bbox 294 753 324 780; x_wconf 73' lang='grc' dir='ltr'>τὸ</span> <span class='ocrx_word' id='word_1_120' title='bbox 344 754 386 787; x_wconf 83' lang='grc' dir='ltr'>δὲ,</span> <span class='ocrx_word' id='word_1_121' title='bbox 404 754 446 780; x_wconf 82' lang='grc' dir='ltr'>ὅτι</span> <span class='ocrx_word' id='word_1_122' title='bbox 464 754 536 790; x_wconf 82' lang='grc' dir='ltr'>ὑπὲρ</span> <span class='ocrx_word' id='word_1_123' title='bbox 553 755 602 790; x_wconf 81' lang='grc' dir='ltr'>τῆς</span> <span class='ocrx_word' id='word_1_124' title='bbox 617 754 793 789; x_wconf 80' lang='grc' dir='ltr'>πρωτογόνου</span> <span class='ocrx_word' id='word_1_125' title='bbox 814 754 932 788; x_wconf 72' lang='grc' dir='ltr'>θλίψεως</span> 
     </span>
    </p>
   </div>
   <div class='ocr_carea' id='block_1_19' title="bbox 140 799 931 836">
    <p class='ocr_par' dir='ltr' id='par_1_19' title="bbox 140 799 931 836">
     <span class='ocr_line' id='line_1_19' title="bbox 140 799 931 836; baseline 0.001 -11"><span class='ocrx_word' id='word_1_126' title='bbox 140 799 251 834; x_wconf 81' lang='grc' dir='ltr'>Ἰσραὴλ</span> <span class='ocrx_word' id='word_1_127' title='bbox 261 820 268 832; x_wconf 85' lang='grc'><strong>,</strong></span> <span class='ocrx_word' id='word_1_128' title='bbox 289 801 322 826; x_wconf 70' lang='grc' dir='ltr'><strong>τὰ</strong></span> <span class='ocrx_word' id='word_1_129' title='bbox 341 800 505 834; x_wconf 80' lang='grc' dir='ltr'>πρωτότοκα</span> <span class='ocrx_word' id='word_1_130' title='bbox 523 799 680 836; x_wconf 82' lang='grc' dir='ltr'>ἀνῃρηῦντιν</span> <span class='ocrx_word' id='word_1_131' title='bbox 690 800 745 826; x_wconf 84' lang='grc' dir='ltr'><strong>τῶν</strong></span> <span class='ocrx_word' id='word_1_132' title='bbox 761 799 913 834; x_wconf 78' lang='grc' dir='ltr'>Θλιψάντων</span> <span class='ocrx_word' id='word_1_133' title='bbox 925 808 931 816; x_wconf 88' lang='grc'>·</span> 
     </span>
    </p>
   </div>
   <div class='ocr_carea' id='block_1_20' title="bbox 133 845 931 882">
    <p class='ocr_par' dir='ltr' id='par_1_20' title="bbox 133 845 931 882">
     <span class='ocr_line' id='line_1_20' title="bbox 133 845 931 882; baseline 0 -10"><span class='ocrx_word' id='word_1_134' title='bbox 133 846 164 872; x_wconf 58' lang='grc' dir='ltr'><strong>τὸ</strong></span> <span class='ocrx_word' id='word_1_135' title='bbox 177 847 205 872; x_wconf 76' lang='grc' dir='ltr'>δὲ</span> <span class='ocrx_word' id='word_1_136' title='bbox 220 845 270 881; x_wconf 77' lang='grc' dir='ltr'>τῆς</span> <span class='ocrx_word' id='word_1_137' title='bbox 282 846 465 882; x_wconf 72' lang='grc' dir='ltr'>ἀγαθότητος,</span> <span class='ocrx_word' id='word_1_138' title='bbox 479 847 520 873; x_wconf 80' lang='grc' dir='ltr'>ὅτι</span> <span class='ocrx_word' id='word_1_139' title='bbox 536 846 605 881; x_wconf 79' lang='grc' dir='ltr'>μετὰ</span> <span class='ocrx_word' id='word_1_140' title='bbox 619 846 728 880; x_wconf 80' lang='grc' dir='ltr'>φειδοῦς</span> <span class='ocrx_word' id='word_1_141' title='bbox 742 846 931 882; x_wconf 79' lang='grc' dir='ltr'>ἐπεξέρχεται,</span> 
     </span>
    </p>
   </div>
   <div class='ocr_carea' id='block_1_21' title="bbox 135 891 931 928">
    <p class='ocr_par' dir='ltr' id='par_1_21' title="bbox 135 891 931 928">
     <span class='ocr_line' id='line_1_21' title="bbox 135 891 931 928; baseline 0 -10"><span class='ocrx_word' id='word_1_142' title='bbox 135 893 172 924; x_wconf 82' lang='grc' dir='ltr'>ὡς</span> <span class='ocrx_word' id='word_1_143' title='bbox 186 895 224 928; x_wconf 87' lang='grc' dir='ltr'>μὴ</span> <span class='ocrx_word' id='word_1_144' title='bbox 237 893 398 927; x_wconf 79' lang='grc' dir='ltr'>βουλόμενος</span> <span class='ocrx_word' id='word_1_145' title='bbox 409 891 513 924; x_wconf 75' lang='grc' dir='ltr'>πάντας</span> <span class='ocrx_word' id='word_1_146' title='bbox 525 893 610 927; x_wconf 84' lang='grc' dir='ltr'>ἄρδην</span> <span class='ocrx_word' id='word_1_147' title='bbox 620 892 780 919; x_wconf 76' lang='grc' dir='ltr'><strong>ἀπολέσθαι.</strong></span> <span class='ocrx_word' id='word_1_148' title='bbox 791 892 841 918; x_wconf 85' lang='grc' dir='ltr'><strong>Διὰ</strong></span> <span class='ocrx_word' id='word_1_149' title='bbox 851 891 931 918; x_wconf 83' lang='grc' dir='ltr'>τοῦτο</span> 
     </span>
    </p>
   </div>
   <div class='ocr_carea' id='block_1_22' title="bbox 136 937 932 974">
    <p class='ocr_par' dir='ltr' id='par_1_22' title="bbox 136 937 932 974">
     <span class='ocr_line' id='line_1_22' title="bbox 136 937 932 974; baseline 0 -10"><span class='ocrx_word' id='word_1_150' title='bbox 136 939 200 973; x_wconf 81' lang='grc' dir='ltr'>γοῦν</span> <span class='ocrx_word' id='word_1_151' title='bbox 213 939 268 966; x_wconf 62' lang='grc' dir='ltr'>οὐδ’</span> <span class='ocrx_word' id='word_1_152' title='bbox 284 940 316 966; x_wconf 77' lang='grc' dir='ltr'>ἐκ</span> <span class='ocrx_word' id='word_1_153' title='bbox 332 939 444 974; x_wconf 84' lang='grc' dir='ltr'>πρώτης</span> <span class='ocrx_word' id='word_1_154' title='bbox 457 938 566 973; x_wconf 82' lang='grc' dir='ltr'><strong>πληγῆς</strong></span> <span class='ocrx_word' id='word_1_155' title='bbox 581 939 636 965; x_wconf 80' lang='grc' dir='ltr'>τῶν</span> <span class='ocrx_word' id='word_1_156' title='bbox 652 937 804 974; x_wconf 78' lang='grc' dir='ltr'>ἀνθρώπων</span> <span class='ocrx_word' id='word_1_157' title='bbox 814 939 932 965; x_wconf 74' lang='grc' dir='ltr'>ἅπτεται</span> 
     </span>
    </p>
   </div>
   <div class='ocr_carea' id='block_1_23' title="bbox 134 984 932 1022">
    <p class='ocr_par' dir='ltr' id='par_1_23' title="bbox 134 984 932 1022">
     <span class='ocr_line' id='line_1_23' title="bbox 134 984 932 1022; baseline 0.001 -11"><span class='ocrx_word' id='word_1_158' title='bbox 134 985 189 1011; x_wconf 70' lang='grc' dir='ltr'>οὐδ’</span> <span class='ocrx_word' id='word_1_159' title='bbox 204 986 269 1012; x_wconf 79' lang='grc' dir='ltr'>ἄνευ</span> <span class='ocrx_word' id='word_1_160' title='bbox 285 985 467 1022; x_wconf 71' lang='grc' dir='ltr'>προρρήσεως</span> <span class='ocrx_word' id='word_1_161' title='bbox 481 985 531 1020; x_wconf 89' lang='grc' dir='ltr'>τὴν</span> <span class='ocrx_word' id='word_1_162' title='bbox 547 985 634 1020; x_wconf 81' lang='grc' dir='ltr'>ρργὴν</span> <span class='ocrx_word' id='word_1_163' title='bbox 651 985 790 1020; x_wconf 74' lang='grc' dir='ltr'>ἐπιφέρει,</span> <span class='ocrx_word' id='word_1_164' title='bbox 806 985 864 1020; x_wconf 70' lang='grc' dir='ltr'>ἅμα</span> <span class='ocrx_word' id='word_1_165' title='bbox 881 984 932 1019; x_wconf 85' lang='grc' dir='ltr'>μὲν</span> 
     </span>
    </p>
   </div>
   <div class='ocr_carea' id='block_1_24' title="bbox 135 1031 933 1068">
    <p class='ocr_par' dir='ltr' id='par_1_24' title="bbox 135 1031 933 1068">
     <span class='ocr_line' id='line_1_24' title="bbox 135 1031 933 1068; baseline -0.003 -9"><span class='ocrx_word' id='word_1_166' title='bbox 135 1032 170 1060; x_wconf 76' lang='grc' dir='ltr'>δι’</span> <span class='ocrx_word' id='word_1_167' title='bbox 185 1034 287 1068; x_wconf 76' lang='grc' dir='ltr'>ἑτέρων</span> <span class='ocrx_word' id='word_1_168' title='bbox 311 1032 410 1063; x_wconf 73' lang='grc' dir='ltr'>αὐτοὺς</span> <span class='ocrx_word' id='word_1_169' title='bbox 429 1031 577 1066; x_wconf 72' lang='grc' dir='ltr'>διορθῶσαι</span> <span class='ocrx_word' id='word_1_170' title='bbox 600 1031 814 1068; x_wconf 83' lang='grc' dir='ltr'>μηχανώμενος,</span> <span class='ocrx_word' id='word_1_171' title='bbox 831 1031 889 1066; x_wconf 81' lang='grc' dir='ltr'>ἅμα</span> <span class='ocrx_word' id='word_1_172' title='bbox 904 1031 933 1057; x_wconf 79' lang='grc' dir='ltr'>δὲ</span> 
     </span>
    </p>
   </div>
   <div class='ocr_carea' id='block_1_25' title="bbox 137 1077 932 1114">
    <p class='ocr_par' dir='ltr' id='par_1_25' title="bbox 137 1077 932 1114">
     <span class='ocr_line' id='line_1_25' title="bbox 137 1077 932 1114; baseline -0.003 -8"><span class='ocrx_word' id='word_1_173' title='bbox 137 1080 255 1111; x_wconf 72' lang='grc' dir='ltr'>καὶτοῖς</span> <span class='ocrx_word' id='word_1_174' title='bbox 278 1080 383 1114; x_wconf 79' lang='grc' dir='ltr'>ῥήμασι</span> <span class='ocrx_word' id='word_1_175' title='bbox 407 1078 647 1114; x_wconf 72' lang='grc' dir='ltr'>σωφρονεστέρους</span> <span class='ocrx_word' id='word_1_176' title='bbox 667 1078 874 1114; x_wconf 81' lang='grc' dir='ltr'><strong>ἀπεργάζεσθαι</strong></span> <span class='ocrx_word' id='word_1_177' title='bbox 888 1077 932 1104; x_wconf 86' lang='grc' dir='ltr'><strong>θέ-</strong></span> 
     </span>
    </p>
   </div>
   <div class='ocr_carea' id='block_1_26' title="bbox 136 1123 932 1159">
    <p class='ocr_par' dir='ltr' id='par_1_26' title="bbox 136 1123 932 1159">
     <span class='ocr_line' id='line_1_26' title="bbox 136 1123 932 1159; baseline -0.003 -8"><span class='ocrx_word' id='word_1_178' title='bbox 136 1126 202 1157; x_wconf 81' lang='grc' dir='ltr'>λων,</span> <span class='ocrx_word' id='word_1_179' title='bbox 231 1125 279 1151; x_wconf 70' lang='grc' dir='ltr'><strong>καὶ</strong></span> <span class='ocrx_word' id='word_1_180' title='bbox 305 1124 343 1159; x_wconf 86' lang='grc' dir='ltr'>μὴ</span> <span class='ocrx_word' id='word_1_181' title='bbox 368 1124 406 1156; x_wconf 81' lang='grc' dir='ltr'><strong>είς</strong></span> <span class='ocrx_word' id='word_1_182' title='bbox 435 1125 532 1158; x_wconf 73' lang='grc' dir='ltr'>πεῖραν</span> <span class='ocrx_word' id='word_1_183' title='bbox 562 1123 649 1150; x_wconf 82' lang='grc' dir='ltr'><strong>ἐλθεῖν</strong></span> <span class='ocrx_word' id='word_1_184' title='bbox 676 1124 730 1151; x_wconf 87' lang='grc' dir='ltr'>τῶν</span> <span class='ocrx_word' id='word_1_185' title='bbox 760 1123 932 1159; x_wconf 84' lang='grc' dir='ltr'>πραγμάτων</span> 
     </span>
    </p>
   </div>
   <div class='ocr_carea' id='block_1_27' title="bbox 136 1171 247 1202">
    <p class='ocr_par' dir='ltr' id='par_1_27' title="bbox 136 1171 247 1202">
     <span class='ocr_line' id='line_1_27' title="bbox 136 1171 247 1202; baseline -0.009 -3"><span class='ocrx_word' id='word_1_186' title='bbox 136 1171 247 1202; x_wconf 72' lang='grc' dir='ltr'>αὐτούς.</span> 
     </span>
    </p>
   </div>
   <div class='ocr_carea' id='block_1_28' title="bbox 136 1217 926 1254">
    <p class='ocr_par' dir='ltr' id='par_1_28' title="bbox 136 1217 926 1254">
     <span class='ocr_line' id='line_1_28' title="bbox 136 1217 926 1254; baseline -0.004 -8"><span class='ocrx_word' id='word_1_187' title='bbox 136 1219 178 1246; x_wconf 87' lang='lat' dir='ltr'><strong>cui</strong></span> <span class='ocrx_word' id='word_1_188' title='bbox 203 1219 373 1254; x_wconf 87' lang='lat' dir='ltr'><strong>propositum</strong></span> <span class='ocrx_word' id='word_1_189' title='bbox 391 1222 473 1252; x_wconf 80' lang='lat' dir='ltr'><strong>esset,</strong></span> <span class='ocrx_word' id='word_1_190' title='bbox 493 1226 541 1246; x_wconf 85' lang='lat' dir='ltr'><strong>eos</strong></span> <span class='ocrx_word' id='word_1_191' title='bbox 556 1219 656 1254; x_wconf 88' lang='lat' dir='ltr'><strong>partim</strong></span> <span class='ocrx_word' id='word_1_192' title='bbox 674 1217 788 1245; x_wconf 89' lang='lat' dir='ltr'><strong>aliorum</strong></span> <span class='ocrx_word' id='word_1_193' title='bbox 807 1217 926 1252; x_wconf 89' lang='lat' dir='ltr'><strong>periculo</strong></span> 
     </span>
    </p>
   </div>
   <div class='ocr_carea' id='block_1_29' title="bbox 988 204 1775 242">
    <p class='ocr_par' dir='ltr' id='par_1_29' title="bbox 988 204 1775 242">
     <span class='ocr_line' id='line_1_29' title="bbox 988 204 1775 242; baseline 0.011 -14"><span class='ocrx_word' id='word_1_194' title='bbox 988 207 1039 229; x_wconf 83' lang='lat' dir='ltr'><strong>tem</strong></span> <span class='ocrx_word' id='word_1_195' title='bbox 1069 204 1125 229; x_wconf 73' lang='lat' dir='ltr'><strong>lucc</strong></span> <span class='ocrx_word' id='word_1_196' title='bbox 1149 204 1227 239; x_wconf 76' lang='lat' dir='ltr'><strong>plaga</strong></span> <span class='ocrx_word' id='word_1_197' title='bbox 1249 205 1355 232; x_wconf 85' lang='lat' dir='ltr'><strong>caeteris</strong></span> <span class='ocrx_word' id='word_1_198' title='bbox 1370 206 1495 233; x_wconf 90' lang='lat' dir='ltr'><strong>omnibus</strong></span> <span class='ocrx_word' id='word_1_199' title='bbox 1518 208 1641 242; x_wconf 88' lang='lat' dir='ltr'><strong>asperior</strong></span> <span class='ocrx_word' id='word_1_200' title='bbox 1658 211 1775 242; x_wconf 85' lang='lat' dir='ltr'><strong>exstitit,</strong></span> 
     </span>
    </p>
   </div>
   <div class='ocr_carea' id='block_1_30' title="bbox 986 249 1776 288">
    <p class='ocr_par' dir='ltr' id='par_1_30' title="bbox 986 249 1776 288">
     <span class='ocr_line' id='line_1_30' title="bbox 986 249 1776 288; baseline 0.01 -14"><span class='ocrx_word' id='word_1_201' title='bbox 986 249 1204 284; x_wconf 81' lang='lat' dir='ltr'><strong>principiumque</strong></span> <span class='ocrx_word' id='word_1_202' title='bbox 1236 251 1325 278; x_wconf 87' lang='lat' dir='ltr'><strong>omnis</strong></span> <span class='ocrx_word' id='word_1_203' title='bbox 1354 251 1474 284; x_wconf 81' lang='lat' dir='ltr'><strong>laboris,</strong></span> <span class='ocrx_word' id='word_1_204' title='bbox 1502 255 1646 288; x_wconf 89' lang='lat' dir='ltr'><strong>omnisque</strong></span> <span class='ocrx_word' id='word_1_205' title='bbox 1674 255 1776 283; x_wconf 87' lang='lat' dir='ltr'><strong>doloris</strong></span> 
     </span>
    </p>
   </div>
   <div class='ocr_carea' id='block_1_31' title="bbox 986 295 1776 332">
    <p class='ocr_par' dir='ltr' id='par_1_31' title="bbox 986 295 1776 332">
     <span class='ocr_line' id='line_1_31' title="bbox 986 295 1776 332; baseline 0.009 -11"><span class='ocrx_word' id='word_1_206' title='bbox 986 296 1125 322; x_wconf 80' lang='lat' dir='ltr'><strong>exordium</strong></span> <span class='ocrx_word' id='word_1_207' title='bbox 1142 295 1214 323; x_wconf 79' lang='lat' dir='ltr'><strong>fuit:</strong></span> <span class='ocrx_word' id='word_1_208' title='bbox 1234 296 1270 327; x_wconf 71' lang='lat' dir='ltr'><strong>ita</strong></span> <span class='ocrx_word' id='word_1_209' title='bbox 1290 297 1352 329; x_wconf 88' lang='lat' dir='ltr'><strong>illis,</strong></span> <span class='ocrx_word' id='word_1_210' title='bbox 1365 298 1410 332; x_wconf 85' lang='lat' dir='ltr'><strong>qui</strong></span> <span class='ocrx_word' id='word_1_211' title='bbox 1435 298 1487 325; x_wconf 87' lang='lat' dir='ltr'><strong>Deo</strong></span> <span class='ocrx_word' id='word_1_212' title='bbox 1508 298 1655 328; x_wconf 69' lang='lat' dir='ltr'><strong>[auxiliares</strong></span> <span class='ocrx_word' id='word_1_213' title='bbox 1670 306 1696 327; x_wconf 90' lang='lat' dir='ltr'><strong>et</strong></span> <span class='ocrx_word' id='word_1_214' title='bbox 1712 309 1776 328; x_wconf 89' lang='lat' dir='ltr'><strong>con-</strong></span> 
     </span>
    </p>
   </div>
   <div class='ocr_carea' id='block_1_32' title="bbox 983 341 1776 380">
    <p class='ocr_par' dir='ltr' id='par_1_32' title="bbox 983 341 1776 380">
     <span class='ocr_line' id='line_1_32' title="bbox 983 341 1776 380; baseline 0.009 -13"><span class='ocrx_word' id='word_1_215' title='bbox 983 341 1069 375; x_wconf 89' lang='lat' dir='ltr'><strong>juncti</strong></span> <span class='ocrx_word' id='word_1_216' title='bbox 1096 347 1186 375; x_wconf 85' lang='lat' dir='ltr'><strong>erant,</strong></span> <span class='ocrx_word' id='word_1_217' title='bbox 1206 343 1334 376; x_wconf 72' lang='lat' dir='ltr'><strong>majorem</strong></span> <span class='ocrx_word' id='word_1_218' title='bbox 1357 346 1449 379; x_wconf 78' lang='lat' dir='ltr'><strong>gratiae</strong></span> <span class='ocrx_word' id='word_1_219' title='bbox 1467 346 1575 380; x_wconf 76' lang='lat' dir='ltr'><strong>copiam</strong></span> <span class='ocrx_word' id='word_1_220' title='bbox 1601 347 1691 374; x_wconf 87' lang='lat' dir='ltr'><strong>multis</strong></span> <span class='ocrx_word' id='word_1_221' title='bbox 1719 356 1776 375; x_wconf 78' lang='lat' dir='ltr'><strong>ma-</strong></span> 
     </span>
    </p>
   </div>
   <div class='ocr_carea' id='block_1_33' title="bbox 987 389 1775 422">
    <p class='ocr_par' dir='ltr' id='par_1_33' title="bbox 987 389 1775 422">
     <span class='ocr_line' id='line_1_33' title="bbox 987 389 1775 422; baseline 0.009 -8"><span class='ocrx_word' id='word_1_222' title='bbox 987 389 1099 422; x_wconf 78' lang='lat' dir='ltr'><strong>gnisque</strong></span> <span class='ocrx_word' id='word_1_223' title='bbox 1116 389 1253 417; x_wconf 78' lang='lat' dir='ltr'><strong>miraculis</strong></span> <span class='ocrx_word' id='word_1_224' title='bbox 1266 395 1390 418; x_wconf 86' lang='lat' dir='ltr'><strong>testatam</strong></span> <span class='ocrx_word' id='word_1_225' title='bbox 1407 391 1633 420; x_wconf 85' lang='lat' dir='ltr'><strong>subministravit.</strong></span> <span class='ocrx_word' id='word_1_226' title='bbox 1648 393 1686 421; x_wconf 84' lang='lat' dir='ltr'><strong>Ne</strong></span> <span class='ocrx_word' id='word_1_227' title='bbox 1703 396 1775 422; x_wconf 88' lang='lat' dir='ltr'><strong>enim</strong></span> 
     </span>
    </p>
   </div>
   <div class='ocr_carea' id='block_1_34' title="bbox 986 434 1773 473">
    <p class='ocr_par' dir='ltr' id='par_1_34' title="bbox 986 434 1773 473">
     <span class='ocr_line' id='line_1_34' title="bbox 986 434 1773 473; baseline 0.009 -13"><span class='ocrx_word' id='word_1_228' title='bbox 986 434 1098 461; x_wconf 74' lang='lat' dir='ltr'><strong>fortuito</strong></span> <span class='ocrx_word' id='word_1_229' title='bbox 1116 436 1221 462; x_wconf 85' lang='lat' dir='ltr'><strong>cuidam</strong></span> <span class='ocrx_word' id='word_1_230' title='bbox 1239 436 1314 463; x_wconf 81' lang='lat' dir='ltr'><strong>casui</strong></span> <span class='ocrx_word' id='word_1_231' title='bbox 1336 436 1360 463; x_wconf 89' lang='lat' dir='ltr'><strong>id</strong></span> <span class='ocrx_word' id='word_1_232' title='bbox 1373 437 1444 470; x_wconf 89' lang='lat' dir='ltr'><strong>quod</strong></span> <span class='ocrx_word' id='word_1_233' title='bbox 1461 438 1563 471; x_wconf 55' lang='lat' dir='ltr'><strong>euenit,</strong></span> <span class='ocrx_word' id='word_1_234' title='bbox 1580 439 1773 473; x_wconf 89' lang='lat' dir='ltr'><strong>ascriberetnr,</strong></span> 
     </span>
    </p>
   </div>
   <div class='ocr_carea' id='block_1_35' title="bbox 988 481 1775 516">
    <p class='ocr_par' dir='ltr' id='par_1_35' title="bbox 988 481 1775 516">
     <span class='ocr_line' id='line_1_35' title="bbox 988 481 1775 516; baseline 0.01 -10"><span class='ocrx_word' id='word_1_235' title='bbox 988 484 1034 506; x_wconf 86' lang='lat' dir='ltr'><strong>aut</strong></span> <span class='ocrx_word' id='word_1_236' title='bbox 1055 481 1177 512; x_wconf 86' lang='lat' dir='ltr'><strong>morbus,</strong></span> <span class='ocrx_word' id='word_1_237' title='bbox 1199 487 1243 507; x_wconf 90' lang='lat' dir='ltr'><strong>aut</strong></span> <span class='ocrx_word' id='word_1_238' title='bbox 1260 482 1345 516; x_wconf 90' lang='lat' dir='ltr'><strong>pestis</strong></span> <span class='ocrx_word' id='word_1_239' title='bbox 1366 484 1502 511; x_wconf 91' lang='lat' dir='ltr'><strong>communi</strong></span> <span class='ocrx_word' id='word_1_240' title='bbox 1527 492 1619 512; x_wconf 89' lang='lat' dir='ltr'><strong>rerum</strong></span> <span class='ocrx_word' id='word_1_241' title='bbox 1635 494 1717 513; x_wconf 84' lang='lat' dir='ltr'><strong>cursu</strong></span> <span class='ocrx_word' id='word_1_242' title='bbox 1734 487 1775 514; x_wconf 92' lang='lat' dir='ltr'><strong>in-</strong></span> 
     </span>
    </p>
   </div>
   <div class='ocr_carea' id='block_1_36' title="bbox 986 525 1775 564">
    <p class='ocr_par' dir='ltr' id='par_1_36' title="bbox 986 525 1775 564">
     <span class='ocr_line' id='line_1_36' title="bbox 986 525 1775 564; baseline 0.01 -13"><span class='ocrx_word' id='word_1_243' title='bbox 986 525 1093 560; x_wconf 85' lang='lat' dir='ltr'><strong>gruisse</strong></span> <span class='ocrx_word' id='word_1_244' title='bbox 1110 526 1288 560; x_wconf 84' lang='lat' dir='ltr'><strong>crederetur;</strong></span> <span class='ocrx_word' id='word_1_245' title='bbox 1302 528 1384 555; x_wconf 88' lang='lat' dir='ltr'><strong>multa</strong></span> <span class='ocrx_word' id='word_1_246' title='bbox 1400 529 1480 562; x_wconf 81' lang='lat' dir='ltr'><strong>plane</strong></span> <span class='ocrx_word' id='word_1_247' title='bbox 1499 530 1678 559; x_wconf 88' lang='lat' dir='ltr'><strong>admiratione</strong></span> <span class='ocrx_word' id='word_1_248' title='bbox 1694 533 1775 564; x_wconf 69' lang='lat' dir='ltr'><strong>digna</strong></span> 
     </span>
    </p>
   </div>
   <div class='ocr_carea' id='block_1_37' title="bbox 986 574 1775 611">
    <p class='ocr_par' dir='ltr' id='par_1_37' title="bbox 986 574 1775 611">
     <span class='ocr_line' id='line_1_37' title="bbox 986 574 1775 611; baseline 0.008 -12"><span class='ocrx_word' id='word_1_249' title='bbox 986 577 1169 605; x_wconf 89' lang='lat' dir='ltr'><strong>concurrunt;</strong></span> <span class='ocrx_word' id='word_1_250' title='bbox 1190 574 1315 608; x_wconf 85' lang='lat' dir='ltr'><strong>quamvis</strong></span> <span class='ocrx_word' id='word_1_251' title='bbox 1330 581 1425 602; x_wconf 87' lang='lat' dir='ltr'><strong>omnes</strong></span> <span class='ocrx_word' id='word_1_252' title='bbox 1447 577 1600 611; x_wconf 84' lang='lat' dir='ltr'><strong>promiscue</strong></span> <span class='ocrx_word' id='word_1_253' title='bbox 1617 578 1698 605; x_wconf 88' lang='lat' dir='ltr'><strong>simul</strong></span> <span class='ocrx_word' id='word_1_254' title='bbox 1717 587 1775 606; x_wconf 90' lang='lat' dir='ltr'><strong>vcr-</strong></span> 
     </span>
    </p>
   </div>
   <div class='ocr_carea' id='block_1_38' title="bbox 986 621 1776 658">
    <p class='ocr_par' dir='ltr' id='par_1_38' title="bbox 986 621 1776 658">
     <span class='ocr_line' id='line_1_38' title="bbox 986 621 1776 658; baseline 0.008 -12"><span class='ocrx_word' id='word_1_255' title='bbox 986 623 1123 650; x_wconf 85' lang='lat' dir='ltr'><strong>sarentur,</strong></span> <span class='ocrx_word' id='word_1_256' title='bbox 1136 624 1257 647; x_wconf 86' lang='lat' dir='ltr'><strong>attamen</strong></span> <span class='ocrx_word' id='word_1_257' title='bbox 1274 627 1352 655; x_wconf 67' lang='lat' dir='ltr'><strong>poena</strong></span> <span class='ocrx_word' id='word_1_258' title='bbox 1366 621 1463 656; x_wconf 79' lang='lat' dir='ltr'><strong>dignos</strong></span> <span class='ocrx_word' id='word_1_259' title='bbox 1479 630 1556 657; x_wconf 61' lang='lat' dir='ltr'><strong>paena</strong></span> <span class='ocrx_word' id='word_1_260' title='bbox 1573 625 1712 658; x_wconf 74' lang='lat' dir='ltr'><strong>agnoscit;</strong></span> <span class='ocrx_word' id='word_1_261' title='bbox 1727 633 1776 652; x_wconf 82' lang='lat' dir='ltr'><strong>nec</strong></span> 
     </span>
    </p>
   </div>
   <div class='ocr_carea' id='block_1_39' title="bbox 986 664 1775 702">
    <p class='ocr_par' dir='ltr' id='par_1_39' title="bbox 986 664 1775 702">
     <span class='ocr_line' id='line_1_39' title="bbox 986 664 1775 702; baseline 0.008 -11"><span class='ocrx_word' id='word_1_262' title='bbox 986 664 1045 691; x_wconf 72' lang='lat' dir='ltr'><strong>sine</strong></span> <span class='ocrx_word' id='word_1_263' title='bbox 1073 665 1249 698; x_wconf 67' lang='lat' dir='ltr'><strong>praedictione</strong></span> <span class='ocrx_word' id='word_1_264' title='bbox 1275 666 1418 701; x_wconf 75' lang='lat' dir='ltr'><strong>inﬂigitur,</strong></span> <span class='ocrx_word' id='word_1_265' title='bbox 1445 676 1554 702; x_wconf 86' lang='lat' dir='ltr'><strong>unaque</strong></span> <span class='ocrx_word' id='word_1_266' title='bbox 1581 675 1660 696; x_wconf 86' lang='lat' dir='ltr'><strong>nocte</strong></span> <span class='ocrx_word' id='word_1_267' title='bbox 1680 678 1775 698; x_wconf 81' lang='lat' dir='ltr'><strong>ornnes</strong></span> 
     </span>
    </p>
   </div>
   <div class='ocr_carea' id='block_1_40' title="bbox 986 711 1776 751">
    <p class='ocr_par' dir='ltr' id='par_1_40' title="bbox 986 711 1776 751">
     <span class='ocr_line' id='line_1_40' title="bbox 986 711 1776 751; baseline 0.009 -14"><span class='ocrx_word' id='word_1_268' title='bbox 986 711 1176 745; x_wconf 80' lang='lat' dir='ltr'><strong>perimuntur,</strong></span> <span class='ocrx_word' id='word_1_269' title='bbox 1207 716 1233 739; x_wconf 91' lang='lat' dir='ltr'><strong>ct</strong></span> <span class='ocrx_word' id='word_1_270' title='bbox 1257 713 1306 740; x_wconf 78' lang='lat' dir='ltr'><strong>soli</strong></span> <span class='ocrx_word' id='word_1_271' title='bbox 1325 721 1356 740; x_wconf 81' lang='lat' dir='ltr'><strong>ex</strong></span> <span class='ocrx_word' id='word_1_272' title='bbox 1375 719 1428 741; x_wconf 85' lang='lat' dir='ltr'><strong>tota</strong></span> <span class='ocrx_word' id='word_1_273' title='bbox 1453 715 1626 743; x_wconf 82' lang='lat' dir='ltr'><strong>multitudine</strong></span> <span class='ocrx_word' id='word_1_274' title='bbox 1642 717 1776 751; x_wconf 78' lang='lat' dir='ltr'><strong>primoge-</strong></span> 
     </span>
    </p>
   </div>
   <div class='ocr_carea' id='block_1_41' title="bbox 986 756 1774 797">
    <p class='ocr_par' dir='ltr' id='par_1_41' title="bbox 986 756 1774 797">
     <span class='ocr_line' id='line_1_41' title="bbox 986 756 1774 797; baseline 0.01 -15"><span class='ocrx_word' id='word_1_275' title='bbox 986 756 1036 783; x_wconf 90' lang='lat' dir='ltr'><strong>niti</strong></span> <span class='ocrx_word' id='word_1_276' title='bbox 1048 756 1203 791; x_wconf 81' lang='lat' dir='ltr'><strong>intereunt,</strong></span> <span class='ocrx_word' id='word_1_277' title='bbox 1216 763 1245 784; x_wconf 84' lang='lat' dir='ltr'><strong>ut</strong></span> <span class='ocrx_word' id='word_1_278' title='bbox 1269 759 1382 793; x_wconf 78' lang='lat' dir='ltr'><strong>proinde</strong></span> <span class='ocrx_word' id='word_1_279' title='bbox 1397 760 1449 788; x_wconf 91' lang='lat' dir='ltr'><strong>hoc</strong></span> <span class='ocrx_word' id='word_1_280' title='bbox 1465 761 1533 794; x_wconf 88' lang='lat' dir='ltr'><strong>loco,</strong></span> <span class='ocrx_word' id='word_1_281' title='bbox 1545 767 1572 789; x_wconf 86' lang='lat' dir='ltr'><strong>et</strong></span> <span class='ocrx_word' id='word_1_282' title='bbox 1586 762 1631 788; x_wconf 85' lang='lat' dir='ltr'><strong>Dei</strong></span> <span class='ocrx_word' id='word_1_283' title='bbox 1648 764 1774 797; x_wconf 82' lang='lat' dir='ltr'><strong>potentia</strong></span> 
     </span>
    </p>
   </div>
   <div class='ocr_carea' id='block_1_42' title="bbox 985 802 1776 837">
    <p class='ocr_par' dir='ltr' id='par_1_42' title="bbox 985 802 1776 837">
     <span class='ocr_line' id='line_1_42' title="bbox 985 802 1776 837; baseline 0.01 -9"><span class='ocrx_word' id='word_1_284' title='bbox 985 807 1013 829; x_wconf 88' lang='lat' dir='ltr'><strong>et</strong></span> <span class='ocrx_word' id='word_1_285' title='bbox 1026 802 1143 837; x_wconf 72' lang='lat' dir='ltr'><strong>iustitia,</strong></span> <span class='ocrx_word' id='word_1_286' title='bbox 1162 808 1189 831; x_wconf 88' lang='lat' dir='ltr'><strong>et</strong></span> <span class='ocrx_word' id='word_1_287' title='bbox 1201 812 1275 836; x_wconf 84' lang='lat' dir='ltr'><strong>cura.</strong></span> <span class='ocrx_word' id='word_1_288' title='bbox 1296 810 1324 833; x_wconf 90' lang='lat' dir='ltr'><strong>et</strong></span> <span class='ocrx_word' id='word_1_289' title='bbox 1338 806 1495 834; x_wconf 80' lang='lat' dir='ltr'><strong>humanitas</strong></span> <span class='ocrx_word' id='word_1_290' title='bbox 1509 808 1655 836; x_wconf 77' lang='lat' dir='ltr'><strong>cluccscat.</strong></span> <span class='ocrx_word' id='word_1_291' title='bbox 1676 809 1776 836; x_wconf 73' lang='lat' dir='ltr'><strong>Poten-</strong></span> 
     </span>
    </p>
   </div>
   <div class='ocr_carea' id='block_1_43' title="bbox 948 842 1775 890">
    <p class='ocr_par' dir='ltr' id='par_1_43' title="bbox 948 842 1775 890">
     <span class='ocr_line' id='line_1_43' title="bbox 948 842 1775 890; baseline 0.012 -17"><span class='ocrx_word' id='word_1_292' title='bbox 948 842 970 869; x_wconf 78' lang='grc' dir='ltr'><strong>Β</strong></span> <span class='ocrx_word' id='word_1_293' title='bbox 987 849 1023 875; x_wconf 91' lang='lat' dir='ltr'><strong>tia</strong></span> <span class='ocrx_word' id='word_1_294' title='bbox 1040 849 1160 883; x_wconf 84' lang='lat' dir='ltr'><strong>quidem,</strong></span> <span class='ocrx_word' id='word_1_295' title='bbox 1177 852 1248 885; x_wconf 91' lang='lat' dir='ltr'><strong>quod</strong></span> <span class='ocrx_word' id='word_1_296' title='bbox 1275 859 1329 879; x_wconf 90' lang='lat' dir='ltr'><strong>uno</strong></span> <span class='ocrx_word' id='word_1_297' title='bbox 1346 858 1482 880; x_wconf 84' lang='lat' dir='ltr'><strong>momento</strong></span> <span class='ocrx_word' id='word_1_298' title='bbox 1504 862 1547 882; x_wconf 89' lang='lat' dir='ltr'><strong>res</strong></span> <span class='ocrx_word' id='word_1_299' title='bbox 1569 859 1643 882; x_wconf 85' lang='lat' dir='ltr'><strong>tanta</strong></span> <span class='ocrx_word' id='word_1_300' title='bbox 1661 856 1695 883; x_wconf 79' lang='lat' dir='ltr'><strong>sit</strong></span> <span class='ocrx_word' id='word_1_301' title='bbox 1714 864 1775 890; x_wconf 90' lang='lat' dir='ltr'><strong>per-</strong></span> 
     </span>
    </p>
   </div>
   <div class='ocr_carea' id='block_1_44' title="bbox 986 895 1775 936">
    <p class='ocr_par' dir='ltr' id='par_1_44' title="bbox 986 895 1775 936">
     <span class='ocr_line' id='line_1_44' title="bbox 986 895 1775 936; baseline 0.01 -15"><span class='ocrx_word' id='word_1_302' title='bbox 986 899 1046 921; x_wconf 83' lang='lat' dir='ltr'><strong>acta</strong></span> <span class='ocrx_word' id='word_1_303' title='bbox 1056 903 1064 928; x_wconf 91' lang='lat'>;</span> <span class='ocrx_word' id='word_1_304' title='bbox 1076 895 1180 929; x_wconf 72' lang='lat' dir='ltr'><strong>iustitia</strong></span> <span class='ocrx_word' id='word_1_305' title='bbox 1194 902 1294 928; x_wconf 87' lang='lat' dir='ltr'><strong>autem,</strong></span> <span class='ocrx_word' id='word_1_306' title='bbox 1307 898 1378 932; x_wconf 90' lang='lat' dir='ltr'><strong>quod</strong></span> <span class='ocrx_word' id='word_1_307' title='bbox 1391 899 1449 926; x_wconf 87' lang='lat' dir='ltr'><strong>loco</strong></span> <span class='ocrx_word' id='word_1_308' title='bbox 1466 900 1640 936; x_wconf 74' lang='lat' dir='ltr'><strong>primogenize</strong></span> <span class='ocrx_word' id='word_1_309' title='bbox 1654 901 1775 929; x_wconf 72' lang='lat' dir='ltr'><strong>uillictio-</strong></span> 
     </span>
    </p>
   </div>
   <div class='ocr_carea' id='block_1_45' title="bbox 986 940 1775 983">
    <p class='ocr_par' dir='ltr' id='par_1_45' title="bbox 986 940 1775 983">
     <span class='ocr_line' id='line_1_45' title="bbox 986 940 1775 983; baseline 0.013 -17"><span class='ocrx_word' id='word_1_310' title='bbox 986 940 1041 971; x_wconf 86' lang='lat' dir='ltr'><strong>nis,</strong></span> <span class='ocrx_word' id='word_1_311' title='bbox 1055 948 1134 975; x_wconf 84' lang='lat' dir='ltr'><strong>qualn</strong></span> <span class='ocrx_word' id='word_1_312' title='bbox 1161 942 1244 970; x_wconf 85' lang='lat' dir='ltr'><strong>subiit</strong></span> <span class='ocrx_word' id='word_1_313' title='bbox 1271 944 1371 976; x_wconf 89' lang='lat' dir='ltr'><strong>Israel,</strong></span> <span class='ocrx_word' id='word_1_314' title='bbox 1403 945 1581 981; x_wconf 82' lang='lat' dir='ltr'><strong>primogenita</strong></span> <span class='ocrx_word' id='word_1_315' title='bbox 1613 955 1706 975; x_wconf 86' lang='lat' dir='ltr'><strong>eorum</strong></span> <span class='ocrx_word' id='word_1_316' title='bbox 1729 950 1775 983; x_wconf 86' lang='lat' dir='ltr'><strong>qui</strong></span> 
     </span>
    </p>
   </div>
   <div class='ocr_carea' id='block_1_46' title="bbox 987 985 1774 1029">
    <p class='ocr_par' dir='ltr' id='par_1_46' title="bbox 987 985 1774 1029">
     <span class='ocr_line' id='line_1_46' title="bbox 987 985 1774 1029; baseline 0.013 -17"><span class='ocrx_word' id='word_1_317' title='bbox 987 985 1149 1019; x_wconf 81' lang='lat' dir='ltr'><strong>amixerant,</strong></span> <span class='ocrx_word' id='word_1_318' title='bbox 1172 988 1314 1016; x_wconf 79' lang='lat' dir='ltr'><strong>interfecta</strong></span> <span class='ocrx_word' id='word_1_319' title='bbox 1333 995 1412 1023; x_wconf 89' lang='lat' dir='ltr'><strong>sunt;</strong></span> <span class='ocrx_word' id='word_1_320' title='bbox 1435 995 1462 1018; x_wconf 86' lang='lat' dir='ltr'><strong>at</strong></span> <span class='ocrx_word' id='word_1_321' title='bbox 1477 992 1585 1019; x_wconf 83' lang='lat' dir='ltr'><strong>bonitas</strong></span> <span class='ocrx_word' id='word_1_322' title='bbox 1601 994 1625 1020; x_wconf 91' lang='lat' dir='ltr'><strong>in</strong></span> <span class='ocrx_word' id='word_1_323' title='bbox 1643 1002 1676 1021; x_wconf 87' lang='lat' dir='ltr'><strong>co</strong></span> <span class='ocrx_word' id='word_1_324' title='bbox 1690 1003 1774 1029; x_wconf 85' lang='lat' dir='ltr'><strong>appa-</strong></span> 
     </span>
    </p>
   </div>
   <div class='ocr_carea' id='block_1_47' title="bbox 988 1034 1774 1072">
    <p class='ocr_par' dir='ltr' id='par_1_47' title="bbox 988 1034 1774 1072">
     <span class='ocr_line' id='line_1_47' title="bbox 988 1034 1774 1072; baseline 0.013 -14"><span class='ocrx_word' id='word_1_325' title='bbox 988 1037 1039 1066; x_wconf 85' lang='lat' dir='ltr'><strong>ret,</strong></span> <span class='ocrx_word' id='word_1_326' title='bbox 1052 1034 1123 1067; x_wconf 87' lang='lat' dir='ltr'><strong>quod</strong></span> <span class='ocrx_word' id='word_1_327' title='bbox 1143 1034 1178 1060; x_wconf 89' lang='lat' dir='ltr'><strong>ita</strong></span> <span class='ocrx_word' id='word_1_328' title='bbox 1201 1036 1286 1068; x_wconf 79' lang='lat' dir='ltr'><strong>punit,</strong></span> <span class='ocrx_word' id='word_1_329' title='bbox 1307 1041 1334 1063; x_wconf 90' lang='lat' dir='ltr'><strong>ut</strong></span> <span class='ocrx_word' id='word_1_330' title='bbox 1349 1037 1430 1064; x_wconf 88' lang='lat' dir='ltr'><strong>simul</strong></span> <span class='ocrx_word' id='word_1_331' title='bbox 1443 1045 1552 1072; x_wconf 76' lang='lat' dir='ltr'><strong>parcat,</strong></span> <span class='ocrx_word' id='word_1_332' title='bbox 1569 1039 1665 1068; x_wconf 75' lang='lat' dir='ltr'><strong>nolens</strong></span> <span class='ocrx_word' id='word_1_333' title='bbox 1683 1041 1774 1068; x_wconf 75' lang='lat' dir='ltr'><strong>videli-</strong></span> 
     </span>
    </p>
   </div>
   <div class='ocr_carea' id='block_1_48' title="bbox 988 1079 1775 1123">
    <p class='ocr_par' dir='ltr' id='par_1_48' title="bbox 988 1079 1775 1123">
     <span class='ocr_line' id='line_1_48' title="bbox 988 1079 1775 1123; baseline 0.014 -19"><span class='ocrx_word' id='word_1_334' title='bbox 988 1082 1030 1105; x_wconf 81' lang='lat' dir='ltr'><strong>cet</strong></span> <span class='ocrx_word' id='word_1_335' title='bbox 1054 1086 1150 1107; x_wconf 83' lang='lat' dir='ltr'><strong>ornnes</strong></span> <span class='ocrx_word' id='word_1_336' title='bbox 1172 1079 1294 1108; x_wconf 79' lang='lat' dir='ltr'><strong>funditus</strong></span> <span class='ocrx_word' id='word_1_337' title='bbox 1314 1082 1438 1111; x_wconf 81' lang='lat' dir='ltr'><strong>interire.</strong></span> <span class='ocrx_word' id='word_1_338' title='bbox 1455 1084 1513 1117; x_wconf 85' lang='lat' dir='ltr'><strong>Qua</strong></span> <span class='ocrx_word' id='word_1_339' title='bbox 1528 1086 1560 1112; x_wconf 87' lang='lat' dir='ltr'><strong>de</strong></span> <span class='ocrx_word' id='word_1_340' title='bbox 1581 1094 1664 1114; x_wconf 86' lang='lat' dir='ltr'><strong>causa</strong></span> <span class='ocrx_word' id='word_1_341' title='bbox 1689 1095 1775 1123; x_wconf 82' lang='lat' dir='ltr'><strong>nequc</strong></span> 
     </span>
    </p>
   </div>
   <div class='ocr_carea' id='block_1_49' title="bbox 987 1124 1774 1167">
    <p class='ocr_par' dir='ltr' id='par_1_49' title="bbox 987 1124 1774 1167">
     <span class='ocr_line' id='line_1_49' title="bbox 987 1124 1774 1167; baseline 0.014 -17"><span class='ocrx_word' id='word_1_342' title='bbox 987 1124 1074 1159; x_wconf 90' lang='lat' dir='ltr'><strong>prima</strong></span> <span class='ocrx_word' id='word_1_343' title='bbox 1098 1126 1176 1160; x_wconf 77' lang='lat' dir='ltr'><strong>plaga</strong></span> <span class='ocrx_word' id='word_1_344' title='bbox 1193 1127 1218 1153; x_wconf 91' lang='lat' dir='ltr'><strong>in</strong></span> <span class='ocrx_word' id='word_1_345' title='bbox 1235 1128 1358 1155; x_wconf 85' lang='lat' dir='ltr'><strong>homines</strong></span> <span class='ocrx_word' id='word_1_346' title='bbox 1381 1131 1468 1163; x_wconf 63' lang='lat' dir='ltr'><strong>saevit,</strong></span> <span class='ocrx_word' id='word_1_347' title='bbox 1484 1139 1571 1166; x_wconf 87' lang='lat' dir='ltr'><strong>neque</strong></span> <span class='ocrx_word' id='word_1_348' title='bbox 1585 1133 1644 1160; x_wconf 88' lang='lat' dir='ltr'><strong>sine</strong></span> <span class='ocrx_word' id='word_1_349' title='bbox 1662 1141 1774 1167; x_wconf 58' lang='lat' dir='ltr'><strong>ptumo-</strong></span> 
     </span>
    </p>
   </div>
   <div class='ocr_carea' id='block_1_50' title="bbox 988 1171 1775 1215">
    <p class='ocr_par' dir='ltr' id='par_1_50' title="bbox 988 1171 1775 1215">
     <span class='ocr_line' id='line_1_50' title="bbox 988 1171 1775 1215; baseline 0.014 -18"><span class='ocrx_word' id='word_1_350' title='bbox 988 1171 1090 1198; x_wconf 89' lang='lat' dir='ltr'><strong>nitione</strong></span> <span class='ocrx_word' id='word_1_351' title='bbox 1108 1177 1135 1199; x_wconf 89' lang='lat' dir='ltr'><strong>ct</strong></span> <span class='ocrx_word' id='word_1_352' title='bbox 1160 1173 1336 1207; x_wconf 69' lang='lat' dir='ltr'><strong>praedictione</strong></span> <span class='ocrx_word' id='word_1_353' title='bbox 1364 1176 1432 1202; x_wconf 87' lang='lat' dir='ltr'><strong>iram</strong></span> <span class='ocrx_word' id='word_1_354' title='bbox 1459 1185 1536 1204; x_wconf 84' lang='lat' dir='ltr'><strong>suam</strong></span> <span class='ocrx_word' id='word_1_355' title='bbox 1564 1179 1657 1212; x_wconf 76' lang='lat' dir='ltr'><strong>infert,</strong></span> <span class='ocrx_word' id='word_1_356' title='bbox 1675 1180 1775 1215; x_wconf 84' lang='lat' dir='ltr'><strong>quippe</strong></span> 
     </span>
    </p>
   </div>
   <div class='ocr_carea' id='block_1_51' title="bbox 946 1217 1774 1259">
    <p class='ocr_par' dir='ltr' id='par_1_51' title="bbox 946 1217 1774 1259">
     <span class='ocr_line' id='line_1_51' title="bbox 946 1217 1774 1259; baseline 0.014 -16"><span class='ocrx_word' id='word_1_357' title='bbox 946 1217 979 1244; x_wconf 88' lang='lat' dir='ltr'><strong>ad</strong></span> <span class='ocrx_word' id='word_1_358' title='bbox 994 1218 1132 1246; x_wconf 89' lang='lat' dir='ltr'><strong>meliorem</strong></span> <span class='ocrx_word' id='word_1_359' title='bbox 1168 1226 1284 1249; x_wconf 85' lang='lat' dir='ltr'><strong>mentem</strong></span> <span class='ocrx_word' id='word_1_360' title='bbox 1321 1223 1478 1256; x_wconf 83' lang='lat' dir='ltr'><strong>traducere,</strong></span> <span class='ocrx_word' id='word_1_361' title='bbox 1495 1225 1594 1259; x_wconf 82' lang='lat' dir='ltr'><strong>partim</strong></span> <span class='ocrx_word' id='word_1_362' title='bbox 1609 1226 1700 1254; x_wconf 83' lang='lat' dir='ltr'><strong>verbis</strong></span> <span class='ocrx_word' id='word_1_363' title='bbox 1715 1235 1774 1254; x_wconf 86' lang='lat' dir='ltr'><strong>mo-</strong></span> 
     </span>
    </p>
   </div>
   <div class='ocr_carea' id='block_1_52' title="bbox 139 1263 1775 1308">
    <p class='ocr_par' dir='ltr' id='par_1_52' title="bbox 139 1263 1775 1308">
     <span class='ocr_line' id='line_1_52' title="bbox 139 1263 1775 1308; baseline 0.006 -16"><span class='ocrx_word' id='word_1_364' title='bbox 139 1265 296 1292; x_wconf 84' lang='lat' dir='ltr'><strong>dcratiores</strong></span> <span class='ocrx_word' id='word_1_365' title='bbox 315 1270 343 1292; x_wconf 88' lang='lat' dir='ltr'><strong>et</strong></span> <span class='ocrx_word' id='word_1_366' title='bbox 356 1265 480 1292; x_wconf 85' lang='lat' dir='ltr'><strong>saniores</strong></span> <span class='ocrx_word' id='word_1_367' title='bbox 494 1265 614 1298; x_wconf 79' lang='lat' dir='ltr'><strong>efﬁcere,</strong></span> <span class='ocrx_word' id='word_1_368' title='bbox 636 1269 664 1292; x_wconf 91' lang='lat' dir='ltr'><strong>ut</strong></span> <span class='ocrx_word' id='word_1_369' title='bbox 690 1272 726 1292; x_wconf 83' lang='lat' dir='ltr'><strong>ne</strong></span> <span class='ocrx_word' id='word_1_370' title='bbox 750 1264 872 1299; x_wconf 89' lang='lat' dir='ltr'><strong>ipsorum</strong></span> <span class='ocrx_word' id='word_1_371' title='bbox 888 1263 1056 1300; x_wconf 81' lang='lat' dir='ltr'><strong>ﬂagellorum</strong></span> <span class='ocrx_word' id='word_1_372' title='bbox 1085 1273 1196 1294; x_wconf 83' lang='lat' dir='ltr'><strong>sensum</strong></span> <span class='ocrx_word' id='word_1_373' title='bbox 1212 1267 1329 1302; x_wconf 86' lang='lat' dir='ltr'><strong>aliquem</strong></span> <span class='ocrx_word' id='word_1_374' title='bbox 1365 1275 1391 1296; x_wconf 89' lang='lat' dir='ltr'><strong>et</strong></span> <span class='ocrx_word' id='word_1_375' title='bbox 1424 1271 1641 1305; x_wconf 76' lang='lat' dir='ltr'><strong>experimentum</strong></span> <span class='ocrx_word' id='word_1_376' title='bbox 1677 1280 1775 1308; x_wconf 82' lang='lat' dir='ltr'><strong>capere</strong></span> 
     </span>
    </p>
   </div>
   <div class='ocr_carea' id='block_1_53' title="bbox 135 1316 859 1346">
    <p class='ocr_par' dir='ltr' id='par_1_53' title="bbox 135 1316 859 1346">
     <span class='ocr_line' id='line_1_53' title="bbox 135 1316 859 1346; baseline 0.001 -8"><span class='ocrx_word' id='word_1_377' title='bbox 135 1316 289 1346; x_wconf 84' lang='lat' dir='ltr'><strong>oporteret.</strong></span> <span class='ocrx_word' id='word_1_378' title='bbox 846 1321 859 1335; x_wconf 78' lang='grc' dir='ltr'><strong>ο</strong></span> 
     </span>
    </p>
   </div>
   <div class='ocr_carea' id='block_1_54' title="bbox 172 1357 930 1394">
    <p class='ocr_par' dir='ltr' id='par_1_54' title="bbox 172 1357 930 1394">
     <span class='ocr_line' id='line_1_54' title="bbox 172 1357 930 1394; baseline 0 -10"><span class='ocrx_word' id='word_1_379' title='bbox 172 1359 240 1385; x_wconf 81' lang='grc' dir='ltr'>Τότε</span> <span class='ocrx_word' id='word_1_380' title='bbox 253 1358 282 1385; x_wconf 80' lang='grc' dir='ltr'>δὲ</span> <span class='ocrx_word' id='word_1_381' title='bbox 305 1358 417 1390; x_wconf 83' lang='grc' dir='ltr'>πιστοὺς</span> <span class='ocrx_word' id='word_1_382' title='bbox 432 1359 514 1394; x_wconf 83' lang='grc' dir='ltr'>μόνον</span> <span class='ocrx_word' id='word_1_383' title='bbox 538 1359 578 1390; x_wconf 82' lang='grc' dir='ltr'><strong>είς</strong></span> <span class='ocrx_word' id='word_1_384' title='bbox 595 1358 767 1393; x_wconf 75' lang='grc' dir='ltr'>εὐφροσύνην</span> <span class='ocrx_word' id='word_1_385' title='bbox 787 1357 930 1384; x_wconf 83' lang='grc' dir='ltr'>συνεκάλει</span> 
     </span>
    </p>
   </div>
   <div class='ocr_carea' id='block_1_55' title="bbox 133 1402 931 1440">
    <p class='ocr_par' dir='ltr' id='par_1_55' title="bbox 133 1402 931 1440">
     <span class='ocr_line' id='line_1_55' title="bbox 133 1402 931 1440; baseline -0.001 -9"><span class='ocrx_word' id='word_1_386' title='bbox 133 1403 166 1431; x_wconf 83' lang='grc' dir='ltr'><strong>τὺ</strong></span> <span class='ocrx_word' id='word_1_387' title='bbox 183 1404 409 1440; x_wconf 84' lang='grc' dir='ltr'>τερατούργημα,</span> <span class='ocrx_word' id='word_1_388' title='bbox 431 1405 500 1432; x_wconf 81' lang='grc' dir='ltr'>ἀλλὰ</span> <span class='ocrx_word' id='word_1_389' title='bbox 520 1406 568 1431; x_wconf 79' lang='grc' dir='ltr'>καὶ</span> <span class='ocrx_word' id='word_1_390' title='bbox 592 1404 639 1431; x_wconf 88' lang='grc' dir='ltr'><strong>νῦν</strong></span> <span class='ocrx_word' id='word_1_391' title='bbox 665 1405 767 1439; x_wconf 83' lang='grc' dir='ltr'>μᾶλλον</span> <span class='ocrx_word' id='word_1_392' title='bbox 788 1405 874 1439; x_wconf 80' lang='grc' dir='ltr'>ἡμᾶς,</span> <span class='ocrx_word' id='word_1_393' title='bbox 890 1402 931 1436; x_wconf 76' lang='grc' dir='ltr'>οἷς</span> 
     </span>
    </p>
   </div>
   <div class='ocr_carea' id='block_1_56' title="bbox 133 1450 932 1487">
    <p class='ocr_par' dir='ltr' id='par_1_56' title="bbox 133 1450 932 1487">
     <span class='ocr_line' id='line_1_56' title="bbox 133 1450 932 1487; baseline 0.001 -11"><span class='ocrx_word' id='word_1_394' title='bbox 133 1451 206 1477; x_wconf 74' lang='grc' dir='ltr'>κατὰ</span> <span class='ocrx_word' id='word_1_395' title='bbox 215 1450 327 1486; x_wconf 82' lang='grc' dir='ltr'>πνεῦμα</span> <span class='ocrx_word' id='word_1_396' title='bbox 346 1451 378 1477; x_wconf 79' lang='grc' dir='ltr'><strong>τὰ</strong></span> <span class='ocrx_word' id='word_1_397' title='bbox 400 1450 446 1478; x_wconf 84' lang='grc' dir='ltr'><strong>τοῦ</strong></span> <span class='ocrx_word' id='word_1_398' title='bbox 462 1452 625 1487; x_wconf 75' lang='grc' dir='ltr'>γράμματος</span> <span class='ocrx_word' id='word_1_399' title='bbox 636 1451 792 1487; x_wconf 80' lang='grc' dir='ltr'>θεωρεῖται,</span> <span class='ocrx_word' id='word_1_400' title='bbox 804 1451 852 1477; x_wconf 58' lang='grc' dir='ltr'><strong>καὶ¹</strong></span> <span class='ocrx_word' id='word_1_401' title='bbox 861 1451 932 1478; x_wconf 73' lang='grc' dir='ltr'>κατὰ</span> 
     </span>
    </p>
   </div>
   <div class='ocr_carea' id='block_1_57' title="bbox 132 1496 930 1532">
    <p class='ocr_par' dir='ltr' id='par_1_57' title="bbox 132 1496 930 1532">
     <span class='ocr_line' id='line_1_57' title="bbox 132 1496 930 1532; baseline -0.001 -9"><span class='ocrx_word' id='word_1_402' title='bbox 132 1497 267 1532; x_wconf 82' lang='grc' dir='ltr'>λαμπρὰν</span> <span class='ocrx_word' id='word_1_403' title='bbox 288 1496 417 1531; x_wconf 77' lang='grc' dir='ltr'>ἀλήθειαν</span> <span class='ocrx_word' id='word_1_404' title='bbox 433 1497 468 1523; x_wconf 81' lang='grc' dir='ltr'><strong>τὰ</strong></span> <span class='ocrx_word' id='word_1_405' title='bbox 485 1496 532 1523; x_wconf 84' lang='grc' dir='ltr'><strong>τοῦ</strong></span> <span class='ocrx_word' id='word_1_406' title='bbox 549 1496 636 1523; x_wconf 79' lang='grc' dir='ltr'>τύπου</span> <span class='ocrx_word' id='word_1_407' title='bbox 653 1497 700 1524; x_wconf 75' lang='grc' dir='ltr'>καὶ</span> <span class='ocrx_word' id='word_1_408' title='bbox 714 1496 763 1531; x_wconf 83' lang='grc' dir='ltr'>τῆς</span> <span class='ocrx_word' id='word_1_409' title='bbox 780 1497 860 1528; x_wconf 78' lang='grc' dir='ltr'>σκιᾶς</span> <span class='ocrx_word' id='word_1_410' title='bbox 877 1497 930 1531; x_wconf 77' lang='grc' dir='ltr'><strong>ἐρ-</strong></span> 
     </span>
    </p>
   </div>
   <div class='ocr_carea' id='block_1_58' title="bbox 134 1542 930 1579">
    <p class='ocr_par' dir='ltr' id='par_1_58' title="bbox 134 1542 930 1579">
     <span class='ocr_line' id='line_1_58' title="bbox 134 1542 930 1579; baseline 0 -10"><span class='ocrx_word' id='word_1_411' title='bbox 134 1543 296 1578; x_wconf 76' lang='grc' dir='ltr'>μηνεῦεται.</span> <span class='ocrx_word' id='word_1_412' title='bbox 314 1543 367 1568; x_wconf 78' lang='grc' dir='ltr'><strong>Καὶ</strong></span> <span class='ocrx_word' id='word_1_413' title='bbox 382 1542 436 1577; x_wconf 78' lang='grc' dir='ltr'>γὰρ</span> <span class='ocrx_word' id='word_1_414' title='bbox 447 1542 491 1570; x_wconf 80' lang='grc' dir='ltr'><strong>διὰ</strong></span> <span class='ocrx_word' id='word_1_415' title='bbox 508 1542 626 1579; x_wconf 78' lang='grc' dir='ltr'>σταυροῦ</span> <span class='ocrx_word' id='word_1_416' title='bbox 642 1542 766 1569; x_wconf 83' lang='grc' dir='ltr'>δοθεῖσαν</span> <span class='ocrx_word' id='word_1_417' title='bbox 782 1543 848 1578; x_wconf 78' lang='grc' dir='ltr'>ἡμῖν</span> <span class='ocrx_word' id='word_1_418' title='bbox 865 1542 930 1569; x_wconf 84' lang='grc' dir='ltr'>θαυ-</span> 
     </span>
    </p>
   </div>
   <div class='ocr_carea' id='block_1_59' title="bbox 133 1588 928 1626">
    <p class='ocr_par' dir='ltr' id='par_1_59' title="bbox 133 1588 928 1626">
     <span class='ocr_line' id='line_1_59' title="bbox 133 1588 928 1626; baseline -0.001 -10"><span class='ocrx_word' id='word_1_419' title='bbox 133 1590 242 1626; x_wconf 81' lang='grc' dir='ltr'>μαστὴν</span> <span class='ocrx_word' id='word_1_420' title='bbox 259 1589 420 1624; x_wconf 77' lang='grc' dir='ltr'>ἐλευθερίαν</span> <span class='ocrx_word' id='word_1_421' title='bbox 438 1589 630 1625; x_wconf 77' lang='grc' dir='ltr'>προδείκνυσιν</span> <span class='ocrx_word' id='word_1_422' title='bbox 649 1590 666 1625; x_wconf 86' lang='grc' dir='ltr'><strong>ὴ</strong></span> <span class='ocrx_word' id='word_1_423' title='bbox 693 1588 800 1624; x_wconf 73' lang='grc' dir='ltr'>ἱστορία</span> <span class='ocrx_word' id='word_1_424' title='bbox 819 1589 866 1616; x_wconf 77' lang='grc' dir='ltr'>καὶ</span> <span class='ocrx_word' id='word_1_425' title='bbox 878 1589 928 1625; x_wconf 79' lang='grc' dir='ltr'>τὴν</span> 
     </span>
    </p>
   </div>
   <div class='ocr_carea' id='block_1_60' title="bbox 131 1634 928 1671">
    <p class='ocr_par' dir='ltr' id='par_1_60' title="bbox 131 1634 928 1671">
     <span class='ocr_line' id='line_1_60' title="bbox 131 1634 928 1671; baseline 0 -9"><span class='ocrx_word' id='word_1_426' title='bbox 131 1637 205 1671; x_wconf 81' lang='grc' dir='ltr'>ὑπὲρ</span> <span class='ocrx_word' id='word_1_427' title='bbox 218 1636 298 1671; x_wconf 83' lang='grc' dir='ltr'>ἡμῶν</span> <span class='ocrx_word' id='word_1_428' title='bbox 313 1636 421 1671; x_wconf 81' lang='grc' dir='ltr'>σφαγὴν</span> <span class='ocrx_word' id='word_1_429' title='bbox 437 1635 485 1662; x_wconf 87' lang='grc' dir='ltr'><strong>τοῦ</strong></span> <span class='ocrx_word' id='word_1_430' title='bbox 501 1634 575 1662; x_wconf 84' lang='grc' dir='ltr'>θείου</span> <span class='ocrx_word' id='word_1_431' title='bbox 599 1635 711 1670; x_wconf 81' lang='grc' dir='ltr'>’Δμνοῦ,</span> <span class='ocrx_word' id='word_1_432' title='bbox 726 1634 774 1662; x_wconf 68' lang='grc' dir='ltr'>καὶ</span> <span class='ocrx_word' id='word_1_433' title='bbox 790 1635 882 1671; x_wconf 79' lang='grc' dir='ltr'>πάσχα</span> <span class='ocrx_word' id='word_1_434' title='bbox 898 1635 928 1662; x_wconf 83' lang='grc' dir='ltr'><strong>τὸ</strong></span> 
     </span>
    </p>
   </div>
   <div class='ocr_carea' id='block_1_61' title="bbox 131 1681 928 1718">
    <p class='ocr_par' dir='ltr' id='par_1_61' title="bbox 131 1681 928 1718">
     <span class='ocr_line' id='line_1_61' title="bbox 131 1681 928 1718; baseline 0.001 -11"><span class='ocrx_word' id='word_1_435' title='bbox 131 1682 284 1716; x_wconf 71' lang='grc' dir='ltr'>μυστικὸν,</span> <span class='ocrx_word' id='word_1_436' title='bbox 306 1681 352 1708; x_wconf 80' lang='grc' dir='ltr'><strong>καὶ</strong></span> <span class='ocrx_word' id='word_1_437' title='bbox 370 1681 420 1715; x_wconf 84' lang='grc' dir='ltr'>τὴν</span> <span class='ocrx_word' id='word_1_438' title='bbox 443 1681 617 1716; x_wconf 79' lang='grc' dir='ltr'>παγκόσμιον</span> <span class='ocrx_word' id='word_1_439' title='bbox 634 1682 772 1717; x_wconf 76' lang='grc' dir='ltr'>σωτηρίαν</span> <span class='ocrx_word' id='word_1_440' title='bbox 792 1682 928 1718; x_wconf 78' lang='grc' dir='ltr'>ἁριδήλως</span> 
     </span>
    </p>
   </div>
   <div class='ocr_carea' id='block_1_62' title="bbox 130 1723 928 1763">
    <p class='ocr_par' dir='ltr' id='par_1_62' title="bbox 130 1723 928 1763">
     <span class='ocr_line' id='line_1_62' title="bbox 130 1723 928 1763; baseline 0 -9"><span class='ocrx_word' id='word_1_441' title='bbox 130 1728 343 1763; x_wconf 80' lang='grc' dir='ltr'>προαναφαίνει.</span> <span class='ocrx_word' id='word_1_442' title='bbox 364 1723 402 1753; x_wconf 77' lang='grc' dir='ltr'>Οῦ</span> <span class='ocrx_word' id='word_1_443' title='bbox 415 1727 471 1763; x_wconf 84' lang='grc' dir='ltr'><strong>γὰρ</strong></span> <span class='ocrx_word' id='word_1_444' title='bbox 486 1728 502 1762; x_wconf 87' lang='grc' dir='ltr'><strong>ἡ</strong></span> <span class='ocrx_word' id='word_1_445' title='bbox 518 1727 622 1762; x_wconf 83' lang='grc' dir='ltr'>τυπικὴ</span> <span class='ocrx_word' id='word_1_446' title='bbox 638 1727 789 1762; x_wconf 80' lang='grc' dir='ltr'>μετάληψις</span> <span class='ocrx_word' id='word_1_447' title='bbox 806 1727 879 1762; x_wconf 82' lang='grc' dir='ltr'>ζωῆς</span> <span class='ocrx_word' id='word_1_448' title='bbox 893 1725 928 1763; x_wconf 84' lang='grc' dir='ltr'>ἦν</span> 
     </span>
    </p>
   </div>
   <div class='ocr_carea' id='block_1_63' title="bbox 130 1772 927 1808">
    <p class='ocr_par' dir='ltr' id='par_1_63' title="bbox 130 1772 927 1808">
     <span class='ocr_line' id='line_1_63' title="bbox 130 1772 927 1808; baseline 0 -8"><span class='ocrx_word' id='word_1_449' title='bbox 130 1773 301 1807; x_wconf 68' lang='grc' dir='ltr'>φυλακτικὴ,</span> <span class='ocrx_word' id='word_1_450' title='bbox 327 1773 375 1799; x_wconf 78' lang='grc' dir='ltr'>καὶ</span> <span class='ocrx_word' id='word_1_451' title='bbox 395 1773 435 1804; x_wconf 82' lang='grc' dir='ltr'>εἰς</span> <span class='ocrx_word' id='word_1_452' title='bbox 458 1772 617 1808; x_wconf 82' lang='grc' dir='ltr'>ἐλευθερίαν</span> <span class='ocrx_word' id='word_1_453' title='bbox 636 1773 815 1806; x_wconf 79' lang='grc' dir='ltr'>μετεϐίϐαζε,</span> <span class='ocrx_word' id='word_1_454' title='bbox 831 1773 927 1800; x_wconf 81' lang='grc' dir='ltr'>τούτου</span> 
     </span>
    </p>
   </div>
   <div class='ocr_carea' id='block_1_64' title="bbox 130 1819 929 1856">
    <p class='ocr_par' dir='ltr' id='par_1_64' title="bbox 130 1819 929 1856">
     <span class='ocr_line' id='line_1_64' title="bbox 130 1819 929 1856; baseline 0 -10"><span class='ocrx_word' id='word_1_455' title='bbox 130 1821 242 1851; x_wconf 80' lang='grc' dir='ltr'>πάντως</span> <span class='ocrx_word' id='word_1_456' title='bbox 259 1821 275 1854; x_wconf 84' lang='grc' dir='ltr'>ἡ</span> <span class='ocrx_word' id='word_1_457' title='bbox 289 1819 404 1856; x_wconf 81' lang='grc' dir='ltr'>ἀληθινὴ</span> <span class='ocrx_word' id='word_1_458' title='bbox 429 1820 558 1847; x_wconf 84' lang='grc' dir='ltr'>κοινωνία</span> <span class='ocrx_word' id='word_1_459' title='bbox 586 1819 634 1846; x_wconf 77' lang='grc' dir='ltr'><strong>καὶ</strong></span> <span class='ocrx_word' id='word_1_460' title='bbox 649 1819 800 1847; x_wconf 85' lang='grc' dir='ltr'>ἀθανασίαν</span> <span class='ocrx_word' id='word_1_461' title='bbox 815 1820 861 1846; x_wconf 81' lang='grc' dir='ltr'>καὶ</span> <span class='ocrx_word' id='word_1_462' title='bbox 875 1821 929 1846; x_wconf 78' lang='grc' dir='ltr'>υἱο-</span> 
     </span>
    </p>
   </div>
   <div class='ocr_carea' id='block_1_65' title="bbox 129 1864 930 1902">
    <p class='ocr_par' dir='ltr' id='par_1_65' title="bbox 129 1864 930 1902">
     <span class='ocr_line' id='line_1_65' title="bbox 129 1864 930 1902; baseline 0 -10"><span class='ocrx_word' id='word_1_463' title='bbox 129 1867 227 1892; x_wconf 79' lang='grc' dir='ltr'>θεσίαν</span> <span class='ocrx_word' id='word_1_464' title='bbox 245 1864 300 1894; x_wconf 73' lang='grc' dir='ltr'>οἶδε</span> <span class='ocrx_word' id='word_1_465' title='bbox 324 1866 501 1902; x_wconf 61' lang='grc' dir='ltr'>χαρίζεσθαι),</span> <span class='ocrx_word' id='word_1_466' title='bbox 527 1868 560 1893; x_wconf 81' lang='grc' dir='ltr'>ὲκ</span> <span class='ocrx_word' id='word_1_467' title='bbox 578 1866 680 1901; x_wconf 75' lang='grc' dir='ltr'>γηΐνων</span> <span class='ocrx_word' id='word_1_468' title='bbox 701 1866 863 1901; x_wconf 84' lang='grc' dir='ltr'>οὐρανίους,</span> <span class='ocrx_word' id='word_1_469' title='bbox 881 1866 930 1892; x_wconf 77' lang='grc' dir='ltr'><strong>καὶ</strong></span> 
     </span>
    </p>
   </div>
   <div class='ocr_carea' id='block_1_66' title="bbox 130 1911 926 1948">
    <p class='ocr_par' dir='ltr' id='par_1_66' title="bbox 130 1911 926 1948">
     <span class='ocr_line' id='line_1_66' title="bbox 130 1911 926 1948; baseline 0 -10"><span class='ocrx_word' id='word_1_470' title='bbox 130 1913 213 1943; x_wconf 73' lang='grc' dir='ltr'>θεοὺς</span> <span class='ocrx_word' id='word_1_471' title='bbox 229 1912 259 1945; x_wconf 76' lang='grc' dir='ltr'>ἐξ</span> <span class='ocrx_word' id='word_1_472' title='bbox 275 1912 428 1948; x_wconf 82' lang='grc' dir='ltr'>ἀνθρώπων</span> <span class='ocrx_word' id='word_1_473' title='bbox 443 1911 661 1947; x_wconf 74' lang='grc' dir='ltr'>ἀπεργαζομένη</span> <span class='ocrx_word' id='word_1_474' title='bbox 676 1911 739 1942; x_wconf 69' lang='grc' dir='ltr'>τοὺς</span> <span class='ocrx_word' id='word_1_475' title='bbox 755 1911 926 1946; x_wconf 83' lang='grc' dir='ltr'>δεχομένους.</span> 
     </span>
    </p>
   </div>
   <div class='ocr_carea' id='block_1_67' title="bbox 129 1958 928 1994">
    <p class='ocr_par' dir='ltr' id='par_1_67' title="bbox 129 1958 928 1994">
     <span class='ocr_line' id='line_1_67' title="bbox 129 1958 928 1994; baseline -0.003 -8"><span class='ocrx_word' id='word_1_476' title='bbox 129 1960 182 1986; x_wconf 84' lang='grc' dir='ltr'>Διά</span> <span class='ocrx_word' id='word_1_477' title='bbox 197 1959 280 1987; x_wconf 87' lang='grc' dir='ltr'>τοῦτο</span> <span class='ocrx_word' id='word_1_478' title='bbox 297 1959 363 1994; x_wconf 83' lang='grc' dir='ltr'>γοῦν</span> <span class='ocrx_word' id='word_1_479' title='bbox 382 1959 413 1985; x_wconf 71' lang='grc' dir='ltr'>τὸ</span> <span class='ocrx_word' id='word_1_480' title='bbox 426 1959 605 1994; x_wconf 75' lang='grc' dir='ltr'>διαϐατήριον</span> <span class='ocrx_word' id='word_1_481' title='bbox 620 1960 650 1985; x_wconf 88' lang='grc' dir='ltr'>ὲν</span> <span class='ocrx_word' id='word_1_482' title='bbox 663 1958 794 1993; x_wconf 78' lang='grc' dir='ltr'>Αἰγύπτῳ</span> <span class='ocrx_word' id='word_1_483' title='bbox 809 1959 928 1985; x_wconf 83' lang='grc' dir='ltr'>τελεῖται</span> 
     </span>
    </p>
   </div>
   <div class='ocr_carea' id='block_1_68' title="bbox 127 2004 928 2040">
    <p class='ocr_par' dir='ltr' id='par_1_68' title="bbox 127 2004 928 2040">
     <span class='ocr_line' id='line_1_68' title="bbox 127 2004 928 2040; baseline -0.002 -8"><span class='ocrx_word' id='word_1_484' title='bbox 127 2006 236 2040; x_wconf 81' lang='grc' dir='ltr'>πάσχα,</span> <span class='ocrx_word' id='word_1_485' title='bbox 259 2004 305 2032; x_wconf 80' lang='grc' dir='ltr'>καὶ</span> <span class='ocrx_word' id='word_1_486' title='bbox 331 2004 360 2030; x_wconf 86' lang='grc' dir='ltr'><strong>τὺ</strong></span> <span class='ocrx_word' id='word_1_487' title='bbox 379 2004 423 2031; x_wconf 73' lang='grc' dir='ltr'><strong>διὰ</strong></span> <span class='ocrx_word' id='word_1_488' title='bbox 448 2006 566 2039; x_wconf 76' lang='grc' dir='ltr'>σταυροὲ</span> <span class='ocrx_word' id='word_1_489' title='bbox 594 2004 665 2039; x_wconf 82' lang='grc' dir='ltr'>μέγα</span> <span class='ocrx_word' id='word_1_490' title='bbox 690 2005 859 2039; x_wconf 82' lang='grc' dir='ltr'>σκιαγραφεῖ</span> <span class='ocrx_word' id='word_1_491' title='bbox 881 2005 928 2031; x_wconf 77' lang='grc' dir='ltr'>καὶ</span> 
     </span>
    </p>
   </div>
   <div class='ocr_carea' id='block_1_69' title="bbox 126 2050 928 2086">
    <p class='ocr_par' dir='ltr' id='par_1_69' title="bbox 126 2050 928 2086">
     <span class='ocr_line' id='line_1_69' title="bbox 126 2050 928 2086; baseline -0.001 -8"><span class='ocrx_word' id='word_1_492' title='bbox 126 2051 258 2086; x_wconf 74' lang='grc' dir='ltr'>ἀληθινὸν</span> <span class='ocrx_word' id='word_1_493' title='bbox 269 2051 363 2085; x_wconf 75' lang='grc' dir='ltr'>πάσχα</span> <span class='ocrx_word' id='word_1_494' title='bbox 372 2051 420 2086; x_wconf 80' lang='grc' dir='ltr'>τὴν</span> <span class='ocrx_word' id='word_1_495' title='bbox 433 2050 625 2086; x_wconf 79' lang='grc' dir='ltr'>πνευματικὴν</span> <span class='ocrx_word' id='word_1_496' title='bbox 634 2050 770 2077; x_wconf 82' lang='grc' dir='ltr'>διάὸασιν.</span> <span class='ocrx_word' id='word_1_497' title='bbox 782 2050 888 2077; x_wconf 82' lang='grc' dir='ltr'>Γίνεται</span> <span class='ocrx_word' id='word_1_498' title='bbox 899 2051 928 2077; x_wconf 80' lang='grc' dir='ltr'>δὲ</span> 
     </span>
    </p>
   </div>
   <div class='ocr_carea' id='block_1_70' title="bbox 126 2095 927 2133">
    <p class='ocr_par' dir='ltr' id='par_1_70' title="bbox 126 2095 927 2133">
     <span class='ocr_line' id='line_1_70' title="bbox 126 2095 927 2133; baseline 0.002 -10"><span class='ocrx_word' id='word_1_499' title='bbox 126 2098 168 2132; x_wconf 79' lang='grc' dir='ltr'>τῷ</span> <span class='ocrx_word' id='word_1_500' title='bbox 185 2097 289 2133; x_wconf 78' lang='grc' dir='ltr'>πρώτῳ</span> <span class='ocrx_word' id='word_1_501' title='bbox 305 2098 382 2132; x_wconf 73' lang='grc' dir='ltr'>μηνὶ,</span> <span class='ocrx_word' id='word_1_502' title='bbox 399 2098 441 2124; x_wconf 79' lang='grc' dir='ltr'>ὅτι</span> <span class='ocrx_word' id='word_1_503' title='bbox 459 2097 545 2129; x_wconf 79' lang='grc' dir='ltr'>τύπος</span> <span class='ocrx_word' id='word_1_504' title='bbox 563 2095 597 2132; x_wconf 80' lang='grc' dir='ltr'>ἧν</span> <span class='ocrx_word' id='word_1_505' title='bbox 616 2096 737 2132; x_wconf 79' lang='grc' dir='ltr'>Χριστοῦ</span> <span class='ocrx_word' id='word_1_506' title='bbox 752 2097 802 2132; x_wconf 78' lang='grc' dir='ltr'>τῆς</span> <span class='ocrx_word' id='word_1_507' title='bbox 818 2097 927 2126; x_wconf 77' lang='grc' dir='ltr'>πάντων</span> 
     </span>
    </p>
   </div>
   <div class='ocr_carea' id='block_1_71' title="bbox 126 2143 927 2180">
    <p class='ocr_par' dir='ltr' id='par_1_71' title="bbox 126 2143 927 2180">
     <span class='ocr_line' id='line_1_71' title="bbox 126 2143 927 2180; baseline -0.002 -8"><span class='ocrx_word' id='word_1_508' title='bbox 126 2144 228 2180; x_wconf 77' lang='grc' dir='ltr'>ἀρχῆς,</span> <span class='ocrx_word' id='word_1_509' title='bbox 245 2145 294 2170; x_wconf 80' lang='grc' dir='ltr'>καὶ</span> <span class='ocrx_word' id='word_1_510' title='bbox 308 2144 357 2179; x_wconf 82' lang='grc' dir='ltr'>τῆς</span> <span class='ocrx_word' id='word_1_511' title='bbox 373 2145 402 2170; x_wconf 82' lang='grc' dir='ltr'>ἐν</span> <span class='ocrx_word' id='word_1_512' title='bbox 427 2143 540 2179; x_wconf 79' lang='grc' dir='ltr'>Χριστῷ</span> <span class='ocrx_word' id='word_1_513' title='bbox 555 2143 653 2178; x_wconf 81' lang='grc' dir='ltr'>καινῆς</span> <span class='ocrx_word' id='word_1_514' title='bbox 671 2144 785 2176; x_wconf 86' lang='grc' dir='ltr'>κτίσεως</span> <span class='ocrx_word' id='word_1_515' title='bbox 800 2145 869 2179; x_wconf 81' lang='grc' dir='ltr'>μετὰ</span> <span class='ocrx_word' id='word_1_516' title='bbox 881 2144 927 2171; x_wconf 81' lang='grc' dir='ltr'>τὸν</span> 
     </span>
    </p>
   </div>
   <div class='ocr_carea' id='block_1_72' title="bbox 127 2189 927 2225">
    <p class='ocr_par' dir='ltr' id='par_1_72' title="bbox 127 2189 927 2225">
     <span class='ocr_line' id='line_1_72' title="bbox 127 2189 927 2225; baseline -0.001 -8"><span class='ocrx_word' id='word_1_517' title='bbox 127 2191 252 2225; x_wconf 82' lang='grc' dir='ltr'>χειμῶνα</span> <span class='ocrx_word' id='word_1_518' title='bbox 266 2190 316 2224; x_wconf 83' lang='grc' dir='ltr'>τῆς</span> <span class='ocrx_word' id='word_1_519' title='bbox 324 2189 464 2222; x_wconf 76' lang='grc' dir='ltr'>ἀσεϐείας,</span> <span class='ocrx_word' id='word_1_520' title='bbox 475 2189 569 2224; x_wconf 76' lang='grc' dir='ltr'>ὥσπερ</span> <span class='ocrx_word' id='word_1_521' title='bbox 583 2191 611 2216; x_wconf 77' lang='grc' dir='ltr'>ἐν</span> <span class='ocrx_word' id='word_1_522' title='bbox 628 2189 689 2225; x_wconf 77' lang='grc' dir='ltr'>ἔαρι</span> <span class='ocrx_word' id='word_1_523' title='bbox 701 2189 806 2225; x_wconf 86' lang='grc' dir='ltr'>φαιδρῷ</span> <span class='ocrx_word' id='word_1_524' title='bbox 820 2190 867 2217; x_wconf 81' lang='grc' dir='ltr'>καὶ</span> <span class='ocrx_word' id='word_1_525' title='bbox 882 2191 927 2216; x_wconf 89' lang='grc' dir='ltr'><strong>εὑ-</strong></span> 
     </span>
    </p>
   </div>
   <div class='ocr_carea' id='block_1_73' title="bbox 1021 1355 1775 1392">
    <p class='ocr_par' dir='ltr' id='par_1_73' title="bbox 1021 1355 1775 1392">
     <span class='ocr_line' id='line_1_73' title="bbox 1021 1355 1775 1392; baseline 0.001 -9"><span class='ocrx_word' id='word_1_526' title='bbox 1021 1356 1055 1383; x_wconf 83' lang='lat' dir='ltr'><strong>Et</strong></span> <span class='ocrx_word' id='word_1_527' title='bbox 1071 1361 1134 1382; x_wconf 90' lang='lat' dir='ltr'><strong>tunc</strong></span> <span class='ocrx_word' id='word_1_528' title='bbox 1157 1355 1266 1390; x_wconf 78' lang='lat' dir='ltr'><strong>quidem</strong></span> <span class='ocrx_word' id='word_1_529' title='bbox 1290 1355 1363 1383; x_wconf 86' lang='lat' dir='ltr'><strong>solos</strong></span> <span class='ocrx_word' id='word_1_530' title='bbox 1382 1356 1473 1384; x_wconf 75' lang='lat' dir='ltr'><strong>fideles</strong></span> <span class='ocrx_word' id='word_1_531' title='bbox 1501 1358 1653 1392; x_wconf 72' lang='lat' dir='ltr'><strong>prodigium</strong></span> <span class='ocrx_word' id='word_1_532' title='bbox 1673 1359 1724 1385; x_wconf 86' lang='lat' dir='ltr'><strong>hoc</strong></span> <span class='ocrx_word' id='word_1_533' title='bbox 1741 1359 1775 1385; x_wconf 89' lang='lat' dir='ltr'><strong>ad</strong></span> 
     </span>
    </p>
   </div>
   <div class='ocr_carea' id='block_1_74' title="bbox 981 1401 1774 1438">
    <p class='ocr_par' dir='ltr' id='par_1_74' title="bbox 981 1401 1774 1438">
     <span class='ocr_line' id='line_1_74' title="bbox 981 1401 1774 1438; baseline 0.001 -9"><span class='ocrx_word' id='word_1_534' title='bbox 981 1402 1104 1430; x_wconf 68' lang='lat' dir='ltr'><strong>lanitiam</strong></span> <span class='ocrx_word' id='word_1_535' title='bbox 1126 1401 1270 1434; x_wconf 81' lang='lat' dir='ltr'><strong>invitabat,</strong></span> <span class='ocrx_word' id='word_1_536' title='bbox 1293 1407 1321 1429; x_wconf 80' lang='lat' dir='ltr'><strong>at</strong></span> <span class='ocrx_word' id='word_1_537' title='bbox 1346 1410 1418 1429; x_wconf 92' lang='lat' dir='ltr'><strong>nunc</strong></span> <span class='ocrx_word' id='word_1_538' title='bbox 1445 1403 1529 1430; x_wconf 90' lang='lat' dir='ltr'><strong>nmlto</strong></span> <span class='ocrx_word' id='word_1_539' title='bbox 1559 1404 1644 1438; x_wconf 75' lang='lat' dir='ltr'><strong>magis</strong></span> <span class='ocrx_word' id='word_1_540' title='bbox 1662 1406 1774 1431; x_wconf 85' lang='lat' dir='ltr'><strong>advocat</strong></span> 
     </span>
    </p>
   </div>
   <div class='ocr_carea' id='block_1_75' title="bbox 983 1447 1774 1483">
    <p class='ocr_par' dir='ltr' id='par_1_75' title="bbox 983 1447 1774 1483">
     <span class='ocr_line' id='line_1_75' title="bbox 983 1447 1774 1483; baseline 0 -7"><span class='ocrx_word' id='word_1_541' title='bbox 983 1456 1043 1481; x_wconf 85' lang='lat' dir='ltr'><strong>nos,</strong></span> <span class='ocrx_word' id='word_1_542' title='bbox 1070 1447 1117 1483; x_wconf 89' lang='lat' dir='ltr'><strong>qui</strong></span> <span class='ocrx_word' id='word_1_543' title='bbox 1139 1447 1238 1482; x_wconf 89' lang='lat' dir='ltr'><strong>spiritu</strong></span> <span class='ocrx_word' id='word_1_544' title='bbox 1264 1455 1295 1475; x_wconf 83' lang='lat' dir='ltr'><strong>ca</strong></span> <span class='ocrx_word' id='word_1_545' title='bbox 1324 1455 1383 1482; x_wconf 78' lang='lat' dir='ltr'><strong>quae</strong></span> <span class='ocrx_word' id='word_1_546' title='bbox 1405 1449 1507 1483; x_wconf 81' lang='lat' dir='ltr'><strong>scripta</strong></span> <span class='ocrx_word' id='word_1_547' title='bbox 1541 1455 1622 1482; x_wconf 87' lang='lat' dir='ltr'><strong>sunt,</strong></span> <span class='ocrx_word' id='word_1_548' title='bbox 1650 1455 1774 1476; x_wconf 80' lang='lat' dir='ltr'><strong>contera-</strong></span> 
     </span>
    </p>
   </div>
   <div class='ocr_carea' id='block_1_76' title="bbox 982 1493 1771 1529">
    <p class='ocr_par' dir='ltr' id='par_1_76' title="bbox 982 1493 1771 1529">
     <span class='ocr_line' id='line_1_76' title="bbox 982 1493 1771 1529; baseline 0 -8"><span class='ocrx_word' id='word_1_549' title='bbox 982 1494 1097 1528; x_wconf 80' lang='lat' dir='ltr'><strong>plamur,</strong></span> <span class='ocrx_word' id='word_1_550' title='bbox 1124 1493 1223 1528; x_wconf 88' lang='lat' dir='ltr'><strong>quibus</strong></span> <span class='ocrx_word' id='word_1_551' title='bbox 1243 1493 1355 1528; x_wconf 86' lang='lat' dir='ltr'><strong>antiqua</strong></span> <span class='ocrx_word' id='word_1_552' title='bbox 1385 1494 1429 1521; x_wconf 85' lang='lat' dir='ltr'><strong>illa</strong></span> <span class='ocrx_word' id='word_1_553' title='bbox 1453 1499 1575 1529; x_wconf 82' lang='lat' dir='ltr'><strong>lyporum</strong></span> <span class='ocrx_word' id='word_1_554' title='bbox 1603 1495 1771 1522; x_wconf 90' lang='lat' dir='ltr'><strong>umbrarum-</strong></span> 
     </span>
    </p>
   </div>
   <div class='ocr_carea' id='block_1_77' title="bbox 983 1541 1773 1576">
    <p class='ocr_par' dir='ltr' id='par_1_77' title="bbox 983 1541 1773 1576">
     <span class='ocr_line' id='line_1_77' title="bbox 983 1541 1773 1576; baseline 0.003 -9"><span class='ocrx_word' id='word_1_555' title='bbox 983 1549 1035 1576; x_wconf 86' lang='lat' dir='ltr'><strong>que</strong></span> <span class='ocrx_word' id='word_1_556' title='bbox 1058 1541 1195 1568; x_wconf 86' lang='lat' dir='ltr'><strong>involucra</strong></span> <span class='ocrx_word' id='word_1_557' title='bbox 1211 1541 1361 1575; x_wconf 76' lang='lat' dir='ltr'><strong>perspicuae</strong></span> <span class='ocrx_word' id='word_1_558' title='bbox 1387 1541 1510 1568; x_wconf 79' lang='lat' dir='ltr'><strong>veritatis</strong></span> <span class='ocrx_word' id='word_1_559' title='bbox 1538 1541 1670 1569; x_wconf 82' lang='lat' dir='ltr'><strong>beneﬁcio</strong></span> <span class='ocrx_word' id='word_1_560' title='bbox 1697 1547 1773 1576; x_wconf 73' lang='lat' dir='ltr'><strong>pum-</strong></span> 
     </span>
    </p>
   </div>
   <div class='ocr_carea' id='block_1_78' title="bbox 981 1587 1772 1618">
    <p class='ocr_par' dir='ltr' id='par_1_78' title="bbox 981 1587 1772 1618">
     <span class='ocr_line' id='line_1_78' title="bbox 981 1587 1772 1618; baseline 0 -3"><span class='ocrx_word' id='word_1_561' title='bbox 981 1591 1071 1615; x_wconf 81' lang='lat' dir='ltr'><strong>scunt.</strong></span> <span class='ocrx_word' id='word_1_562' title='bbox 1088 1587 1194 1614; x_wconf 83' lang='lat' dir='ltr'><strong>Etenim</strong></span> <span class='ocrx_word' id='word_1_563' title='bbox 1218 1594 1373 1615; x_wconf 84' lang='lat' dir='ltr'><strong>concessam</strong></span> <span class='ocrx_word' id='word_1_564' title='bbox 1403 1587 1490 1618; x_wconf 84' lang='lat' dir='ltr'><strong>nobis.</strong></span> <span class='ocrx_word' id='word_1_565' title='bbox 1514 1588 1603 1615; x_wconf 85' lang='lat' dir='ltr'><strong>crucis</strong></span> <span class='ocrx_word' id='word_1_566' title='bbox 1629 1590 1726 1615; x_wconf 84' lang='lat' dir='ltr'><strong>merito</strong></span> <span class='ocrx_word' id='word_1_567' title='bbox 1747 1595 1772 1616; x_wconf 83' lang='lat' dir='ltr'><strong>et</strong></span> 
     </span>
    </p>
   </div>
   <div class='ocr_carea' id='block_1_79' title="bbox 980 1634 1774 1670">
    <p class='ocr_par' dir='ltr' id='par_1_79' title="bbox 980 1634 1774 1670">
     <span class='ocr_line' id='line_1_79' title="bbox 980 1634 1774 1670; baseline 0.001 -9"><span class='ocrx_word' id='word_1_568' title='bbox 980 1641 1101 1666; x_wconf 86' lang='lat' dir='ltr'><strong>munere,</strong></span> <span class='ocrx_word' id='word_1_569' title='bbox 1123 1634 1229 1669; x_wconf 86' lang='lat' dir='ltr'><strong>plenam</strong></span> <span class='ocrx_word' id='word_1_570' title='bbox 1261 1634 1440 1661; x_wconf 86' lang='lat' dir='ltr'><strong>admiratione</strong></span> <span class='ocrx_word' id='word_1_571' title='bbox 1463 1634 1614 1670; x_wconf 80' lang='lat' dir='ltr'><strong>libertatem</strong></span> <span class='ocrx_word' id='word_1_572' title='bbox 1640 1639 1693 1662; x_wconf 88' lang='lat' dir='ltr'><strong>tota</strong></span> <span class='ocrx_word' id='word_1_573' title='bbox 1718 1636 1774 1662; x_wconf 72' lang='lat' dir='ltr'><strong>lnec</strong></span> 
     </span>
    </p>
   </div>
   <div class='ocr_carea' id='block_1_80' title="bbox 979 1680 1773 1716">
    <p class='ocr_par' dir='ltr' id='par_1_80' title="bbox 979 1680 1773 1716">
     <span class='ocr_line' id='line_1_80' title="bbox 979 1680 1773 1716; baseline 0 -8"><span class='ocrx_word' id='word_1_574' title='bbox 979 1680 1092 1708; x_wconf 85' lang='lat' dir='ltr'><strong>historia</strong></span> <span class='ocrx_word' id='word_1_575' title='bbox 1141 1684 1342 1714; x_wconf 65' lang='lat' dir='ltr'><strong>praemonstrat,</strong></span> <span class='ocrx_word' id='word_1_576' title='bbox 1378 1680 1554 1715; x_wconf 81' lang='lat' dir='ltr'><strong>dirinumque</strong></span> <span class='ocrx_word' id='word_1_577' title='bbox 1589 1680 1695 1715; x_wconf 79' lang='lat' dir='ltr'><strong>Agntrm</strong></span> <span class='ocrx_word' id='word_1_578' title='bbox 1724 1689 1773 1716; x_wconf 91' lang='lat' dir='ltr'><strong>pro</strong></span> 
     </span>
    </p>
   </div>
   <div class='ocr_carea' id='block_1_81' title="bbox 979 1726 1774 1762">
    <p class='ocr_par' dir='ltr' id='par_1_81' title="bbox 979 1726 1774 1762">
     <span class='ocr_line' id='line_1_81' title="bbox 979 1726 1774 1762; baseline 0.004 -10"><span class='ocrx_word' id='word_1_579' title='bbox 979 1726 1058 1753; x_wconf 86' lang='lat' dir='ltr'><strong>nobis</strong></span> <span class='ocrx_word' id='word_1_580' title='bbox 1083 1727 1263 1759; x_wconf 85' lang='lat' dir='ltr'><strong>immolatum,</strong></span> <span class='ocrx_word' id='word_1_581' title='bbox 1285 1732 1313 1753; x_wconf 86' lang='lat' dir='ltr'><strong>et</strong></span> <span class='ocrx_word' id='word_1_582' title='bbox 1343 1727 1485 1761; x_wconf 87' lang='lat' dir='ltr'><strong>mysticum</strong></span> <span class='ocrx_word' id='word_1_583' title='bbox 1513 1727 1577 1754; x_wconf 87' lang='lat' dir='ltr'><strong>illud</strong></span> <span class='ocrx_word' id='word_1_584' title='bbox 1609 1728 1720 1762; x_wconf 82' lang='lat' dir='ltr'><strong>pascha,</strong></span> <span class='ocrx_word' id='word_1_585' title='bbox 1746 1733 1774 1755; x_wconf 88' lang='lat' dir='ltr'><strong>et.</strong></span> 
     </span>
    </p>
   </div>
   <div class='ocr_carea' id='block_1_82' title="bbox 980 1772 1773 1809">
    <p class='ocr_par' dir='ltr' id='par_1_82' title="bbox 980 1772 1773 1809">
     <span class='ocr_line' id='line_1_82' title="bbox 980 1772 1773 1809; baseline 0.004 -11"><span class='ocrx_word' id='word_1_586' title='bbox 980 1772 1061 1799; x_wconf 81' lang='lat' dir='ltr'><strong>totius</strong></span> <span class='ocrx_word' id='word_1_587' title='bbox 1088 1772 1304 1799; x_wconf 88' lang='lat' dir='ltr'><strong>mundisalutem</strong></span> <span class='ocrx_word' id='word_1_588' title='bbox 1327 1772 1467 1799; x_wconf 77' lang='lat' dir='ltr'><strong>evidenter</strong></span> <span class='ocrx_word' id='word_1_589' title='bbox 1493 1773 1657 1808; x_wconf 68' lang='lat' dir='ltr'><strong>prmligurat.</strong></span> <span class='ocrx_word' id='word_1_590' title='bbox 1681 1774 1773 1809; x_wconf 73' lang='lat' dir='ltr'><strong>Nuquc</strong></span> 
     </span>
    </p>
   </div>
   <div class='ocr_carea' id='block_1_83' title="bbox 979 1819 1773 1854">
    <p class='ocr_par' dir='ltr' id='par_1_83' title="bbox 979 1819 1773 1854">
     <span class='ocr_line' id='line_1_83' title="bbox 979 1819 1773 1854; baseline 0.001 -7"><span class='ocrx_word' id='word_1_591' title='bbox 979 1821 1049 1847; x_wconf 88' lang='lat' dir='ltr'><strong>enim</strong></span> <span class='ocrx_word' id='word_1_592' title='bbox 1068 1819 1217 1854; x_wconf 75' lang='lat' dir='ltr'><strong>corporalis</strong></span> <span class='ocrx_word' id='word_1_593' title='bbox 1236 1819 1278 1846; x_wconf 89' lang='lat' dir='ltr'><strong>illa</strong></span> <span class='ocrx_word' id='word_1_594' title='bbox 1297 1820 1433 1854; x_wconf 72' lang='lat' dir='ltr'><strong>perceptio</strong></span> <span class='ocrx_word' id='word_1_595' title='bbox 1449 1820 1531 1847; x_wconf 87' lang='lat' dir='ltr'><strong>vitam</strong></span> <span class='ocrx_word' id='word_1_596' title='bbox 1545 1821 1728 1850; x_wconf 68' lang='lat' dir='ltr'><strong>custodiebat.</strong></span> <span class='ocrx_word' id='word_1_597' title='bbox 1745 1826 1773 1848; x_wconf 77' lang='grc' dir='ltr'><strong>ιιι</strong></span> 
     </span>
    </p>
   </div>
   <div class='ocr_carea' id='block_1_84' title="bbox 980 1864 1772 1900">
    <p class='ocr_par' dir='ltr' id='par_1_84' title="bbox 980 1864 1772 1900">
     <span class='ocr_line' id='line_1_84' title="bbox 980 1864 1772 1900; baseline 0.001 -8"><span class='ocrx_word' id='word_1_598' title='bbox 980 1865 1005 1892; x_wconf 90' lang='lat' dir='ltr'><strong>in</strong></span> <span class='ocrx_word' id='word_1_599' title='bbox 1021 1865 1173 1892; x_wconf 83' lang='lat' dir='ltr'><strong>libertatem</strong></span> <span class='ocrx_word' id='word_1_600' title='bbox 1189 1865 1362 1898; x_wconf 77' lang='lat' dir='ltr'><strong>traducebat;</strong></span> <span class='ocrx_word' id='word_1_601' title='bbox 1384 1870 1411 1892; x_wconf 89' lang='lat' dir='ltr'><strong>at</strong></span> <span class='ocrx_word' id='word_1_602' title='bbox 1431 1864 1510 1900; x_wconf 83' lang='lat' dir='ltr'><strong>hujus</strong></span> <span class='ocrx_word' id='word_1_603' title='bbox 1537 1873 1599 1893; x_wconf 80' lang='lat' dir='ltr'><strong>vera</strong></span> <span class='ocrx_word' id='word_1_604' title='bbox 1609 1871 1727 1900; x_wconf 78' lang='lat' dir='ltr'><strong>sumptio</strong></span> <span class='ocrx_word' id='word_1_605' title='bbox 1746 1871 1772 1893; x_wconf 90' lang='lat' dir='ltr'><strong>ct</strong></span> 
     </span>
    </p>
   </div>
   <div class='ocr_carea' id='block_1_85' title="bbox 979 1910 1770 1946">
    <p class='ocr_par' dir='ltr' id='par_1_85' title="bbox 979 1910 1770 1946">
     <span class='ocr_line' id='line_1_85' title="bbox 979 1910 1770 1946; baseline 0.003 -9"><span class='ocrx_word' id='word_1_606' title='bbox 979 1910 1371 1938; x_wconf 85' lang='lat' dir='ltr'><strong>communioimmortalitatem</strong></span> <span class='ocrx_word' id='word_1_607' title='bbox 1381 1917 1407 1938; x_wconf 91' lang='lat' dir='ltr'><strong>et</strong></span> <span class='ocrx_word' id='word_1_608' title='bbox 1419 1911 1533 1938; x_wconf 83' lang='lat' dir='ltr'><strong>liliorum</strong></span> <span class='ocrx_word' id='word_1_609' title='bbox 1545 1912 1714 1946; x_wconf 85' lang='lat' dir='ltr'><strong>adoptionem</strong></span> <span class='ocrx_word' id='word_1_610' title='bbox 1726 1913 1770 1940; x_wconf 91' lang='lat' dir='ltr'><strong>do-</strong></span> 
     </span>
    </p>
   </div>
   <div class='ocr_carea' id='block_1_86' title="bbox 981 1956 1770 1991">
    <p class='ocr_par' dir='ltr' id='par_1_86' title="bbox 981 1956 1770 1991">
     <span class='ocr_line' id='line_1_86' title="bbox 981 1956 1770 1991; baseline 0.001 -8"><span class='ocrx_word' id='word_1_611' title='bbox 981 1961 1036 1989; x_wconf 87' lang='lat' dir='ltr'><strong>nat,</strong></span> <span class='ocrx_word' id='word_1_612' title='bbox 1057 1961 1085 1984; x_wconf 69' lang='grc' dir='ltr'><strong>οι</strong></span> <span class='ocrx_word' id='word_1_613' title='bbox 1104 1964 1136 1983; x_wconf 86' lang='lat' dir='ltr'><strong>ex</strong></span> <span class='ocrx_word' id='word_1_614' title='bbox 1154 1956 1330 1983; x_wconf 86' lang='lat' dir='ltr'><strong>terrestribus</strong></span> <span class='ocrx_word' id='word_1_615' title='bbox 1344 1957 1480 1990; x_wconf 70' lang='lat' dir='ltr'><strong>cwlestes,</strong></span> <span class='ocrx_word' id='word_1_616' title='bbox 1499 1958 1618 1991; x_wconf 88' lang='lat' dir='ltr'><strong>deosque</strong></span> <span class='ocrx_word' id='word_1_617' title='bbox 1634 1966 1667 1985; x_wconf 76' lang='lat' dir='ltr'><strong>ex</strong></span> <span class='ocrx_word' id='word_1_618' title='bbox 1683 1958 1770 1985; x_wconf 86' lang='lat' dir='ltr'><strong>homi-</strong></span> 
     </span>
    </p>
   </div>
   <div class='ocr_carea' id='block_1_87' title="bbox 980 2003 1770 2039">
    <p class='ocr_par' dir='ltr' id='par_1_87' title="bbox 980 2003 1770 2039">
     <span class='ocr_line' id='line_1_87' title="bbox 980 2003 1770 2039; baseline 0.003 -9"><span class='ocrx_word' id='word_1_619' title='bbox 980 2003 1068 2034; x_wconf 81' lang='lat' dir='ltr'><strong>nibus,</strong></span> <span class='ocrx_word' id='word_1_620' title='bbox 1087 2010 1132 2031; x_wconf 80' lang='lat' dir='ltr'><strong>eos</strong></span> <span class='ocrx_word' id='word_1_621' title='bbox 1153 2003 1198 2037; x_wconf 85' lang='lat' dir='ltr'><strong>qui</strong></span> <span class='ocrx_word' id='word_1_622' title='bbox 1224 2003 1370 2037; x_wconf 84' lang='lat' dir='ltr'><strong>accipiunt,</strong></span> <span class='ocrx_word' id='word_1_623' title='bbox 1392 2004 1491 2031; x_wconf 88' lang='lat' dir='ltr'><strong>reddit.</strong></span> <span class='ocrx_word' id='word_1_624' title='bbox 1517 2004 1661 2038; x_wconf 74' lang='lat' dir='ltr'><strong>Propterea</strong></span> <span class='ocrx_word' id='word_1_625' title='bbox 1689 2005 1770 2039; x_wconf 82' lang='lat' dir='ltr'><strong>igitur</strong></span> 
     </span>
    </p>
   </div>
   <div class='ocr_carea' id='block_1_88' title="bbox 979 2050 1769 2085">
    <p class='ocr_par' dir='ltr' id='par_1_88' title="bbox 979 2050 1769 2085">
     <span class='ocr_line' id='line_1_88' title="bbox 979 2050 1769 2085; baseline 0.003 -9"><span class='ocrx_word' id='word_1_626' title='bbox 979 2052 1080 2085; x_wconf 80' lang='lat' dir='ltr'><strong>pascha</strong></span> <span class='ocrx_word' id='word_1_627' title='bbox 1106 2050 1168 2077; x_wconf 91' lang='lat' dir='ltr'><strong>illud</strong></span> <span class='ocrx_word' id='word_1_628' title='bbox 1193 2050 1322 2077; x_wconf 76' lang='lat' dir='ltr'><strong>transitus</strong></span> <span class='ocrx_word' id='word_1_629' title='bbox 1351 2050 1462 2085; x_wconf 86' lang='lat' dir='ltr'><strong>jamjam</strong></span> <span class='ocrx_word' id='word_1_630' title='bbox 1495 2051 1663 2078; x_wconf 85' lang='lat' dir='ltr'><strong>imminentis</strong></span> <span class='ocrx_word' id='word_1_631' title='bbox 1689 2059 1769 2085; x_wconf 82' lang='lat' dir='ltr'><strong>argu-</strong></span> 
     </span>
    </p>
   </div>
   <div class='ocr_carea' id='block_1_89' title="bbox 979 2095 1769 2132">
    <p class='ocr_par' dir='ltr' id='par_1_89' title="bbox 979 2095 1769 2132">
     <span class='ocr_line' id='line_1_89' title="bbox 979 2095 1769 2132; baseline 0.001 -8"><span class='ocrx_word' id='word_1_632' title='bbox 979 2102 1112 2129; x_wconf 79' lang='lat' dir='ltr'><strong>mentum,</strong></span> <span class='ocrx_word' id='word_1_633' title='bbox 1130 2097 1155 2123; x_wconf 89' lang='lat' dir='ltr'><strong>in</strong></span> <span class='ocrx_word' id='word_1_634' title='bbox 1170 2095 1288 2132; x_wconf 66' lang='lat' dir='ltr'><strong>[Egypto</strong></span> <span class='ocrx_word' id='word_1_635' title='bbox 1314 2097 1461 2131; x_wconf 74' lang='lat' dir='ltr'><strong>peragitur.</strong></span> <span class='ocrx_word' id='word_1_636' title='bbox 1478 2096 1600 2131; x_wconf 90' lang='lat' dir='ltr'><strong>illudque</strong></span> <span class='ocrx_word' id='word_1_637' title='bbox 1623 2099 1724 2131; x_wconf 78' lang='lat' dir='ltr'><strong>grande</strong></span> <span class='ocrx_word' id='word_1_638' title='bbox 1741 2103 1769 2125; x_wconf 88' lang='lat' dir='ltr'><strong>et</strong></span> 
     </span>
    </p>
   </div>
   <div class='ocr_carea' id='block_1_90' title="bbox 979 2143 1768 2180">
    <p class='ocr_par' dir='ltr' id='par_1_90' title="bbox 979 2143 1768 2180">
     <span class='ocr_line' id='line_1_90' title="bbox 979 2143 1768 2180; baseline 0.004 -11"><span class='ocrx_word' id='word_1_639' title='bbox 979 2151 1072 2170; x_wconf 89' lang='lat' dir='ltr'><strong>verum</strong></span> <span class='ocrx_word' id='word_1_640' title='bbox 1089 2144 1114 2170; x_wconf 92' lang='lat' dir='ltr'><strong>in</strong></span> <span class='ocrx_word' id='word_1_641' title='bbox 1142 2151 1224 2171; x_wconf 88' lang='lat' dir='ltr'><strong>cruce</strong></span> <span class='ocrx_word' id='word_1_642' title='bbox 1244 2143 1395 2176; x_wconf 85' lang='lat' dir='ltr'><strong>adumbrat,</strong></span> <span class='ocrx_word' id='word_1_643' title='bbox 1428 2143 1502 2170; x_wconf 90' lang='lat' dir='ltr'><strong>illum</strong></span> <span class='ocrx_word' id='word_1_644' title='bbox 1537 2144 1662 2172; x_wconf 72' lang='lat' dir='ltr'><strong>videlicet</strong></span> <span class='ocrx_word' id='word_1_645' title='bbox 1691 2145 1768 2180; x_wconf 86' lang='lat' dir='ltr'><strong>spiri—</strong></span> 
     </span>
    </p>
   </div>
   <div class='ocr_carea' id='block_1_91' title="bbox 980 2189 1768 2225">
    <p class='ocr_par' dir='ltr' id='par_1_91' title="bbox 980 2189 1768 2225">
     <span class='ocr_line' id='line_1_91' title="bbox 980 2189 1768 2225; baseline 0.005 -10"><span class='ocrx_word' id='word_1_646' title='bbox 980 2189 1078 2216; x_wconf 83' lang='lat' dir='ltr'><strong>tualem</strong></span> <span class='ocrx_word' id='word_1_647' title='bbox 1099 2190 1252 2216; x_wconf 87' lang='lat' dir='ltr'><strong>transitum.</strong></span> <span class='ocrx_word' id='word_1_648' title='bbox 1284 2189 1438 2217; x_wconf 73' lang='lat' dir='ltr'><strong>lnsﬁtuilur</strong></span> <span class='ocrx_word' id='word_1_649' title='bbox 1471 2194 1560 2217; x_wconf 83' lang='lat' dir='ltr'><strong>autem</strong></span> <span class='ocrx_word' id='word_1_650' title='bbox 1585 2191 1673 2225; x_wconf 89' lang='lat' dir='ltr'><strong>primo</strong></span> <span class='ocrx_word' id='word_1_651' title='bbox 1692 2199 1768 2218; x_wconf 87' lang='lat' dir='ltr'><strong>men-</strong></span> 
     </span>
    </p>
   </div>
   <div class='ocr_carea' id='block_1_92' title="bbox 943 1565 965 1595">
    <p class='ocr_par' dir='ltr' id='par_1_92' title="bbox 943 1565 965 1595">
     <span class='ocr_line' id='line_1_92' title="bbox 943 1565 965 1595; baseline 0 0"><span class='ocrx_word' id='word_1_652' title='bbox 943 1565 965 1595; x_wconf 90' lang='lat' dir='ltr'><strong>C</strong></span> 
     </span>
    </p>
   </div>
   <div class='ocr_carea' id='block_1_93' title="bbox 126 2235 929 2278">
    <p class='ocr_par' dir='ltr' id='par_1_93' title="bbox 126 2235 925 2272">
     <span class='ocr_line' id='line_1_93' title="bbox 126 2235 925 2272; baseline 0 -9"><span class='ocrx_word' id='word_1_653' title='bbox 126 2238 189 2263; x_wconf 75' lang='grc' dir='ltr'>ώδει</span> <span class='ocrx_word' id='word_1_654' title='bbox 200 2237 252 2271; x_wconf 76' lang='grc' dir='ltr'>τῆς</span> <span class='ocrx_word' id='word_1_655' title='bbox 261 2237 393 2268; x_wconf 79' lang='grc' dir='ltr'>πίστεως,</span> <span class='ocrx_word' id='word_1_656' title='bbox 404 2236 449 2262; x_wconf 76' lang='grc' dir='ltr'><strong>καὶ</strong></span> <span class='ocrx_word' id='word_1_657' title='bbox 461 2235 711 2271; x_wconf 85' lang='grc' dir='ltr'>δημιουργηθείσης</span> <span class='ocrx_word' id='word_1_658' title='bbox 724 2236 925 2272; x_wconf 77' lang='grc' dir='ltr'>καὶκληθείσης</span> 
     </span>
    </p>
   </div>
   <div class='ocr_carea' id='block_1_94' title="bbox 983 2235 1766 2278">
    <p class='ocr_par' dir='ltr' id='par_1_94' title="bbox 983 2236 1766 2272">
     <span class='ocr_line' id='line_1_94' title="bbox 983 2236 1766 2272; baseline 0.003 -9"><span class='ocrx_word' id='word_1_659' title='bbox 983 2243 1020 2268; x_wconf 78' lang='lat' dir='ltr'><strong>se,</strong></span> <span class='ocrx_word' id='word_1_660' title='bbox 1046 2236 1108 2270; x_wconf 87' lang='lat' dir='ltr'><strong>quia</strong></span> <span class='ocrx_word' id='word_1_661' title='bbox 1139 2236 1222 2272; x_wconf 82' lang='lat' dir='ltr'><strong>tignra</strong></span> <span class='ocrx_word' id='word_1_662' title='bbox 1252 2237 1354 2264; x_wconf 81' lang='lat' dir='ltr'><strong>Cirriin</strong></span> <span class='ocrx_word' id='word_1_663' title='bbox 1370 2243 1438 2269; x_wconf 83' lang='lat' dir='ltr'><strong>erat,</strong></span> <span class='ocrx_word' id='word_1_664' title='bbox 1462 2238 1507 2271; x_wconf 90' lang='lat' dir='ltr'><strong>qui</strong></span> <span class='ocrx_word' id='word_1_665' title='bbox 1532 2239 1653 2265; x_wconf 88' lang='lat' dir='ltr'><strong>omnium</strong></span> <span class='ocrx_word' id='word_1_666' title='bbox 1677 2247 1766 2265; x_wconf 87' lang='lat' dir='ltr'><strong>rerum</strong></span> 
     </span>
    </p>
   </div>
   <div class='ocr_carea' id='block_1_95' title="bbox 127 2280 924 2317">
    <p class='ocr_par' dir='ltr' id='par_1_95' title="bbox 127 2280 924 2317">
     <span class='ocr_line' id='line_1_95' title="bbox 127 2280 924 2317; baseline 0 -8"><span class='ocrx_word' id='word_1_667' title='bbox 127 2282 180 2309; x_wconf 65' lang='grc' dir='ltr'><strong>ὑπὸ</strong></span> <span class='ocrx_word' id='word_1_668' title='bbox 193 2281 314 2316; x_wconf 78' lang='grc' dir='ltr'>Χριστοῦ</span> <span class='ocrx_word' id='word_1_669' title='bbox 326 2281 370 2307; x_wconf 74' lang='grc' dir='ltr'>διὰ</span> <span class='ocrx_word' id='word_1_670' title='bbox 384 2280 550 2315; x_wconf 82' lang='grc' dir='ltr'>πνεύματος,</span> <span class='ocrx_word' id='word_1_671' title='bbox 570 2280 663 2313; x_wconf 82' lang='grc' dir='ltr'>καθὼς</span> <span class='ocrx_word' id='word_1_672' title='bbox 676 2281 745 2316; x_wconf 78' lang='grc' dir='ltr'>πρὸς</span> <span class='ocrx_word' id='word_1_673' title='bbox 759 2281 842 2317; x_wconf 83' lang='grc' dir='ltr'>αὐτὴν</span> <span class='ocrx_word' id='word_1_674' title='bbox 854 2282 924 2309; x_wconf 82' lang='grc' dir='ltr'>ἄνω-</span> 
     </span>
    </p>
   </div>
   <div class='ocr_carea' id='block_1_96' title="bbox 125 2326 924 2363">
    <p class='ocr_par' dir='ltr' id='par_1_96' title="bbox 125 2326 924 2363">
     <span class='ocr_line' id='line_1_96' title="bbox 125 2326 924 2363; baseline -0.001 -8"><span class='ocrx_word' id='word_1_675' title='bbox 125 2330 171 2355; x_wconf 83' lang='grc' dir='ltr'><strong>θεν</strong></span> <span class='ocrx_word' id='word_1_676' title='bbox 185 2328 292 2361; x_wconf 72' lang='grc' dir='ltr'>ἐλεγενι</span> <span class='ocrx_word' id='word_1_677' title='bbox 306 2326 403 2361; x_wconf 75' lang='grc' dir='ltr'>Ἐλθέ,</span> <span class='ocrx_word' id='word_1_678' title='bbox 414 2327 433 2361; x_wconf 82' lang='grc' dir='ltr'><strong><em>ή</em></strong></span> <span class='ocrx_word' id='word_1_679' title='bbox 444 2328 583 2360; x_wconf 74' lang='grc' dir='ltr'>πλησίον</span> <span class='ocrx_word' id='word_1_680' title='bbox 594 2335 662 2361; x_wconf 88' lang='grc' dir='ltr'>μου,</span> <span class='ocrx_word' id='word_1_681' title='bbox 678 2327 758 2360; x_wconf 82' lang='grc' dir='ltr'>καλή</span> <span class='ocrx_word' id='word_1_682' title='bbox 773 2336 833 2361; x_wconf 85' lang='grc' dir='ltr'><strong>μου</strong></span> <span class='ocrx_word' id='word_1_683' title='bbox 845 2335 924 2363; x_wconf 74' lang='grc' dir='ltr'>περι-</span> 
     </span>
    </p>
   </div>
   <div class='ocr_carea' id='block_1_97' title="bbox 124 2374 922 2413">
    <p class='ocr_par' dir='ltr' id='par_1_97' title="bbox 124 2374 922 2413">
     <span class='ocr_line' id='line_1_97' title="bbox 124 2374 922 2413; baseline 0.001 -10"><span class='ocrx_word' id='word_1_684' title='bbox 124 2378 229 2409; x_wconf 77' lang='grc' dir='ltr'>στερὰ,</span> <span class='ocrx_word' id='word_1_685' title='bbox 239 2375 284 2402; x_wconf 81' lang='grc' dir='ltr'>ὅτι</span> <span class='ocrx_word' id='word_1_686' title='bbox 292 2375 357 2402; x_wconf 85' lang='grc' dir='ltr'>ίδοὺ</span> <span class='ocrx_word' id='word_1_687' title='bbox 367 2377 383 2401; x_wconf 85' lang='grc' dir='ltr'><em>ὁ</em></span> <span class='ocrx_word' id='word_1_688' title='bbox 391 2374 503 2410; x_wconf 75' lang='grc' dir='ltr'>χειμὼν</span> <span class='ocrx_word' id='word_1_689' title='bbox 510 2375 658 2410; x_wconf 79' lang='grc' dir='ltr'>παρῆλθε.</span> <span class='ocrx_word' id='word_1_690' title='bbox 667 2376 859 2411; x_wconf 82' lang='grc' dir='ltr'>Συνετάφημεν</span> <span class='ocrx_word' id='word_1_691' title='bbox 868 2378 922 2413; x_wconf 84' lang='grc' dir='ltr'><strong>γὰρ</strong></span> 
     </span>
    </p>
   </div>
   <div class='ocr_carea' id='block_1_98' title="bbox 123 2421 921 2457">
    <p class='ocr_par' dir='ltr' id='par_1_98' title="bbox 123 2421 921 2457">
     <span class='ocr_line' id='line_1_98' title="bbox 123 2421 921 2457; baseline 0 -8"><span class='ocrx_word' id='word_1_692' title='bbox 123 2423 211 2457; x_wconf 78' lang='grc' dir='ltr'>αὐτῷ,</span> <span class='ocrx_word' id='word_1_693' title='bbox 227 2422 275 2448; x_wconf 81' lang='grc' dir='ltr'>καὶ</span> <span class='ocrx_word' id='word_1_694' title='bbox 291 2422 491 2456; x_wconf 81' lang='grc' dir='ltr'>συνανέστημεν</span> <span class='ocrx_word' id='word_1_695' title='bbox 506 2422 550 2448; x_wconf 80' lang='grc' dir='ltr'><strong>διὰ</strong></span> <span class='ocrx_word' id='word_1_696' title='bbox 559 2421 676 2457; x_wconf 88' lang='grc' dir='ltr'>λουτροῦ</span> <span class='ocrx_word' id='word_1_697' title='bbox 690 2423 902 2456; x_wconf 84' lang='grc' dir='ltr'>παλιγγενεσίας</span> <span class='ocrx_word' id='word_1_698' title='bbox 913 2445 921 2457; x_wconf 82' lang='lat'><strong>,</strong></span> 
     </span>
    </p>
   </div>
   <div class='ocr_carea' id='block_1_99' title="bbox 123 2467 920 2505">
    <p class='ocr_par' dir='ltr' id='par_1_99' title="bbox 123 2467 920 2505">
     <span class='ocr_line' id='line_1_99' title="bbox 123 2467 920 2505; baseline 0.003 -11"><span class='ocrx_word' id='word_1_699' title='bbox 123 2470 171 2495; x_wconf 68' lang='grc' dir='ltr'>καὶ</span> <span class='ocrx_word' id='word_1_700' title='bbox 179 2470 230 2504; x_wconf 82' lang='grc' dir='ltr'>τὴν</span> <span class='ocrx_word' id='word_1_701' title='bbox 238 2467 412 2502; x_wconf 79' lang='grc' dir='ltr'>παλαιότητα</span> <span class='ocrx_word' id='word_1_702' title='bbox 420 2467 466 2494; x_wconf 77' lang='grc' dir='ltr'><strong>τοῦ</strong></span> <span class='ocrx_word' id='word_1_703' title='bbox 475 2467 561 2503; x_wconf 78' lang='grc' dir='ltr'>Ἀδὰμ</span> <span class='ocrx_word' id='word_1_704' title='bbox 570 2468 734 2504; x_wconf 74' lang='grc' dir='ltr'>ἀποθέμενοι</span> <span class='ocrx_word' id='word_1_705' title='bbox 744 2470 774 2495; x_wconf 82' lang='grc' dir='ltr'>ἐν</span> <span class='ocrx_word' id='word_1_706' title='bbox 781 2471 920 2505; x_wconf 78' lang='grc' dir='ltr'>καινότητι</span> 
     </span>
    </p>
   </div>
   <div class='ocr_carea' id='block_1_100' title="bbox 124 2513 919 2550">
    <p class='ocr_par' dir='ltr' id='par_1_100' title="bbox 124 2513 919 2550">
     <span class='ocr_line' id='line_1_100' title="bbox 124 2513 919 2550; baseline 0.001 -8"><span class='ocrx_word' id='word_1_707' title='bbox 124 2516 197 2550; x_wconf 80' lang='grc' dir='ltr'>ζωῆς</span> <span class='ocrx_word' id='word_1_708' title='bbox 223 2514 426 2549; x_wconf 77' lang='grc' dir='ltr'>πολιτευόμεθα</span> <span class='ocrx_word' id='word_1_709' title='bbox 445 2513 548 2549; x_wconf 77' lang='grc' dir='ltr'>τροφὴν</span> <span class='ocrx_word' id='word_1_710' title='bbox 564 2514 644 2546; x_wconf 80' lang='grc' dir='ltr'>ἀξίαν</span> <span class='ocrx_word' id='word_1_711' title='bbox 665 2515 716 2550; x_wconf 82' lang='grc' dir='ltr'>τῆς</span> <span class='ocrx_word' id='word_1_712' title='bbox 731 2515 818 2543; x_wconf 75' lang='grc' dir='ltr'>ἀϊδίου</span> <span class='ocrx_word' id='word_1_713' title='bbox 835 2515 919 2550; x_wconf 78' lang='grc' dir='ltr'>ζωῆς,</span> 
     </span>
    </p>
   </div>
   <div class='ocr_carea' id='block_1_101' title="bbox 123 2561 921 2598">
    <p class='ocr_par' dir='ltr' id='par_1_101' title="bbox 123 2561 921 2598">
     <span class='ocr_line' id='line_1_101' title="bbox 123 2561 921 2598; baseline 0 -10"><span class='ocrx_word' id='word_1_714' title='bbox 123 2564 151 2589; x_wconf 68' lang='grc' dir='ltr'>τὸ</span> <span class='ocrx_word' id='word_1_715' title='bbox 168 2563 265 2596; x_wconf 80' lang='grc' dir='ltr'>πάσχα</span> <span class='ocrx_word' id='word_1_716' title='bbox 285 2561 412 2595; x_wconf 82' lang='grc' dir='ltr'>ἀληθινὸν</span> <span class='ocrx_word' id='word_1_717' title='bbox 435 2561 614 2596; x_wconf 79' lang='grc' dir='ltr'>ποιούμενοι,</span> <span class='ocrx_word' id='word_1_718' title='bbox 632 2562 678 2589; x_wconf 72' lang='grc' dir='ltr'>καὶ</span> <span class='ocrx_word' id='word_1_719' title='bbox 694 2562 778 2598; x_wconf 75' lang='grc' dir='ltr'>σαρκὶ</span> <span class='ocrx_word' id='word_1_720' title='bbox 793 2561 859 2588; x_wconf 81' lang='grc' dir='ltr'>Θεοῦ</span> <span class='ocrx_word' id='word_1_721' title='bbox 873 2562 921 2589; x_wconf 79' lang='grc' dir='ltr'>καὶ</span> 
     </span>
    </p>
   </div>
   <div class='ocr_carea' id='block_1_102' title="bbox 121 2609 420 2643">
    <p class='ocr_par' dir='ltr' id='par_1_102' title="bbox 121 2609 420 2643">
     <span class='ocr_line' id='line_1_102' title="bbox 121 2609 420 2643; baseline 0 -8"><span class='ocrx_word' id='word_1_722' title='bbox 121 2610 222 2643; x_wconf 67' lang='grc' dir='ltr'>αἵματι</span> <span class='ocrx_word' id='word_1_723' title='bbox 243 2609 420 2643; x_wconf 72' lang='grc' dir='ltr'>τρεφόμενοι.</span> 
     </span>
    </p>
   </div>
   <div class='ocr_carea' id='block_1_103' title="bbox 979 2283 1768 2318">
    <p class='ocr_par' dir='ltr' id='par_1_103' title="bbox 979 2283 1768 2318">
     <span class='ocr_line' id='line_1_103' title="bbox 979 2283 1768 2318; baseline 0.006 -10"><span class='ocrx_word' id='word_1_724' title='bbox 979 2283 1141 2318; x_wconf 90' lang='lat' dir='ltr'><strong>principium</strong></span> <span class='ocrx_word' id='word_1_725' title='bbox 1169 2288 1219 2315; x_wconf 87' lang='lat' dir='ltr'><strong>cst,</strong></span> <span class='ocrx_word' id='word_1_726' title='bbox 1234 2287 1262 2310; x_wconf 86' lang='lat' dir='ltr'><strong>et</strong></span> <span class='ocrx_word' id='word_1_727' title='bbox 1276 2283 1334 2318; x_wconf 83' lang='lat' dir='ltr'><strong>ejus</strong></span> <span class='ocrx_word' id='word_1_728' title='bbox 1349 2290 1408 2317; x_wconf 75' lang='lat' dir='ltr'><strong>qua:</strong></span> <span class='ocrx_word' id='word_1_729' title='bbox 1424 2284 1450 2310; x_wconf 90' lang='lat' dir='ltr'><strong>in</strong></span> <span class='ocrx_word' id='word_1_730' title='bbox 1472 2283 1581 2311; x_wconf 90' lang='lat' dir='ltr'><strong>Christo</strong></span> <span class='ocrx_word' id='word_1_731' title='bbox 1611 2289 1664 2318; x_wconf 82' lang='lat' dir='ltr'><strong>est,</strong></span> <span class='ocrx_word' id='word_1_732' title='bbox 1693 2293 1768 2313; x_wconf 68' lang='lat' dir='ltr'><strong>novae</strong></span> 
     </span>
    </p>
   </div>
   <div class='ocr_carea' id='block_1_104' title="bbox 977 2328 1767 2363">
    <p class='ocr_par' dir='ltr' id='par_1_104' title="bbox 977 2328 1767 2363">
     <span class='ocr_line' id='line_1_104' title="bbox 977 2328 1767 2363; baseline 0.004 -8"><span class='ocrx_word' id='word_1_733' title='bbox 977 2333 1110 2355; x_wconf 59' lang='lat' dir='ltr'><strong>creaturae</strong></span> <span class='ocrx_word' id='word_1_734' title='bbox 1127 2332 1187 2363; x_wconf 91' lang='lat' dir='ltr'><strong>post</strong></span> <span class='ocrx_word' id='word_1_735' title='bbox 1215 2328 1362 2363; x_wconf 87' lang='lat' dir='ltr'><strong>impietatis</strong></span> <span class='ocrx_word' id='word_1_736' title='bbox 1379 2329 1507 2361; x_wconf 86' lang='lat' dir='ltr'><strong>hiemem,</strong></span> <span class='ocrx_word' id='word_1_737' title='bbox 1521 2330 1593 2356; x_wconf 84' lang='lat' dir='ltr'><strong>velut</strong></span> <span class='ocrx_word' id='word_1_738' title='bbox 1608 2331 1635 2357; x_wconf 88' lang='lat' dir='ltr'><strong>in</strong></span> <span class='ocrx_word' id='word_1_739' title='bbox 1652 2338 1714 2358; x_wconf 86' lang='lat' dir='ltr'><strong>vere</strong></span> <span class='ocrx_word' id='word_1_740' title='bbox 1729 2332 1767 2358; x_wconf 38' lang='lat' dir='ltr'><strong>nis</strong></span> 
     </span>
    </p>
   </div>
   <div class='ocr_carea' id='block_1_105' title="bbox 977 2373 1765 2407">
    <p class='ocr_par' dir='ltr' id='par_1_105' title="bbox 977 2373 1765 2407">
     <span class='ocr_line' id='line_1_105' title="bbox 977 2373 1765 2407; baseline 0.005 -6"><span class='ocrx_word' id='word_1_741' title='bbox 977 2373 1032 2402; x_wconf 89' lang='lat' dir='ltr'><strong>tido</strong></span> <span class='ocrx_word' id='word_1_742' title='bbox 1047 2379 1074 2402; x_wconf 88' lang='lat' dir='ltr'><strong>et</strong></span> <span class='ocrx_word' id='word_1_743' title='bbox 1097 2376 1268 2402; x_wconf 86' lang='lat' dir='ltr'><strong>suavcolcnte</strong></span> <span class='ocrx_word' id='word_1_744' title='bbox 1295 2375 1368 2407; x_wconf 80' lang='lat' dir='ltr'><strong>ﬁdei.</strong></span> <span class='ocrx_word' id='word_1_745' title='bbox 1393 2376 1509 2403; x_wconf 66' lang='lat' dir='ltr'><strong>conditae</strong></span> <span class='ocrx_word' id='word_1_746' title='bbox 1537 2381 1563 2404; x_wconf 88' lang='lat' dir='ltr'><strong>et</strong></span> <span class='ocrx_word' id='word_1_747' title='bbox 1590 2382 1725 2405; x_wconf 77' lang='lat' dir='ltr'><strong>renovata:</strong></span> <span class='ocrx_word' id='word_1_748' title='bbox 1752 2386 1765 2405; x_wconf 88' lang='lat' dir='ltr'><strong>a</strong></span> 
     </span>
    </p>
   </div>
   <div class='ocr_carea' id='block_1_106' title="bbox 975 2420 1766 2458">
    <p class='ocr_par' dir='ltr' id='par_1_106' title="bbox 975 2420 1766 2458">
     <span class='ocr_line' id='line_1_106' title="bbox 975 2420 1766 2458; baseline 0.004 -10"><span class='ocrx_word' id='word_1_749' title='bbox 975 2420 1086 2448; x_wconf 87' lang='lat' dir='ltr'><strong>Christo</strong></span> <span class='ocrx_word' id='word_1_750' title='bbox 1100 2429 1147 2455; x_wconf 90' lang='lat' dir='ltr'><strong>per</strong></span> <span class='ocrx_word' id='word_1_751' title='bbox 1162 2421 1296 2454; x_wconf 86' lang='lat' dir='ltr'><strong>spiritum,</strong></span> <span class='ocrx_word' id='word_1_752' title='bbox 1313 2422 1540 2456; x_wconf 84' lang='lat' dir='ltr'><strong>quemadmodum</strong></span> <span class='ocrx_word' id='word_1_753' title='bbox 1555 2423 1588 2450; x_wconf 91' lang='lat' dir='ltr'><strong>ad</strong></span> <span class='ocrx_word' id='word_1_754' title='bbox 1600 2423 1671 2450; x_wconf 86' lang='lat' dir='ltr'><strong>illam</strong></span> <span class='ocrx_word' id='word_1_755' title='bbox 1684 2432 1766 2458; x_wconf 84' lang='lat' dir='ltr'><strong>supra</strong></span> 
     </span>
    </p>
   </div>
   <div class='ocr_carea' id='block_1_107' title="bbox 976 2466 1764 2502">
    <p class='ocr_par' dir='ltr' id='par_1_107' title="bbox 976 2466 1764 2502">
     <span class='ocr_line' id='line_1_107' title="bbox 976 2466 1764 2502; baseline 0.004 -8"><span class='ocrx_word' id='word_1_756' title='bbox 976 2467 1081 2495; x_wconf 81' lang='lat' dir='ltr'><strong>diccbat</strong></span> <span class='ocrx_word' id='word_1_757' title='bbox 1100 2476 1106 2494; x_wconf 91' lang='lat'>:</span> <span class='ocrx_word' id='word_1_758' title='bbox 1123 2466 1198 2500; x_wconf 83' lang='lat' dir='ltr'><strong>Veni,</strong></span> <span class='ocrx_word' id='word_1_759' title='bbox 1209 2468 1329 2501; x_wconf 71' lang='lat' dir='ltr'><strong>proxima</strong></span> <span class='ocrx_word' id='word_1_760' title='bbox 1340 2477 1408 2501; x_wconf 82' lang='lat' dir='ltr'><strong>mea,</strong></span> <span class='ocrx_word' id='word_1_761' title='bbox 1420 2468 1536 2502; x_wconf 77' lang='lat' dir='ltr'><strong>formosa</strong></span> <span class='ocrx_word' id='word_1_762' title='bbox 1552 2477 1607 2496; x_wconf 74' lang='lat' dir='ltr'><strong>mea</strong></span> <span class='ocrx_word' id='word_1_763' title='bbox 1625 2470 1764 2502; x_wconf 79' lang='lat' dir='ltr'><strong>columba;</strong></span> 
     </span>
    </p>
   </div>
   <div class='ocr_carea' id='block_1_108' title="bbox 972 2514 1764 2551">
    <p class='ocr_par' dir='ltr' id='par_1_108' title="bbox 972 2514 1764 2551">
     <span class='ocr_line' id='line_1_108' title="bbox 972 2514 1764 2551; baseline 0.004 -10"><span class='ocrx_word' id='word_1_764' title='bbox 972 2522 1031 2542; x_wconf 83' lang='lat' dir='ltr'><strong>ecce</strong></span> <span class='ocrx_word' id='word_1_765' title='bbox 1053 2515 1135 2542; x_wconf 76' lang='lat' dir='ltr'><strong>hiems</strong></span> <span class='ocrx_word' id='word_1_766' title='bbox 1152 2514 1211 2548; x_wconf 88' lang='lat' dir='ltr'><strong>jam</strong></span> <span class='ocrx_word' id='word_1_767' title='bbox 1224 2515 1329 2542; x_wconf 79' lang='lat' dir='ltr'><strong>transiit</strong></span> <span class='ocrx_word' id='word_1_768' title='bbox 1348 2515 1383 2541; x_wconf 79' lang='grc'><strong>³⁵.</strong></span> <span class='ocrx_word' id='word_1_769' title='bbox 1406 2515 1564 2551; x_wconf 82' lang='lat' dir='ltr'><strong>Consepnlti</strong></span> <span class='ocrx_word' id='word_1_770' title='bbox 1582 2517 1652 2544; x_wconf 86' lang='lat' dir='ltr'><strong>enim</strong></span> <span class='ocrx_word' id='word_1_771' title='bbox 1671 2525 1764 2544; x_wconf 79' lang='lat' dir='ltr'><strong>sumus</strong></span> 
     </span>
    </p>
   </div>
   <div class='ocr_carea' id='block_1_109' title="bbox 973 2561 1764 2597">
    <p class='ocr_par' dir='ltr' id='par_1_109' title="bbox 973 2561 1764 2597">
     <span class='ocr_line' id='line_1_109' title="bbox 973 2561 1764 2597; baseline 0.004 -10"><span class='ocrx_word' id='word_1_772' title='bbox 973 2569 1035 2588; x_wconf 88' lang='lat' dir='ltr'><strong>cum</strong></span> <span class='ocrx_word' id='word_1_773' title='bbox 1065 2561 1123 2593; x_wconf 89' lang='lat' dir='ltr'><strong>illo,</strong></span> <span class='ocrx_word' id='word_1_774' title='bbox 1146 2565 1173 2588; x_wconf 87' lang='lat' dir='ltr'><strong>et</strong></span> <span class='ocrx_word' id='word_1_775' title='bbox 1188 2561 1412 2590; x_wconf 78' lang='lat' dir='ltr'><strong>consurreximus</strong></span> <span class='ocrx_word' id='word_1_776' title='bbox 1433 2570 1481 2596; x_wconf 88' lang='lat' dir='ltr'><strong>pcr</strong></span> <span class='ocrx_word' id='word_1_777' title='bbox 1495 2563 1635 2590; x_wconf 82' lang='lat' dir='ltr'><strong>lavacrum</strong></span> <span class='ocrx_word' id='word_1_778' title='bbox 1653 2571 1764 2597; x_wconf 71' lang='lat' dir='ltr'><strong>regene-</strong></span> 
     </span>
    </p>
   </div>
   <div class='ocr_carea' id='block_1_110' title="bbox 975 2607 1763 2642">
    <p class='ocr_par' dir='ltr' id='par_1_110' title="bbox 975 2607 1763 2642">
     <span class='ocr_line' id='line_1_110' title="bbox 975 2607 1763 2642; baseline 0.003 -8"><span class='ocrx_word' id='word_1_779' title='bbox 975 2607 1099 2638; x_wconf 85' lang='lat' dir='ltr'><strong>rationis,</strong></span> <span class='ocrx_word' id='word_1_780' title='bbox 1125 2611 1152 2634; x_wconf 87' lang='lat' dir='ltr'><strong>ct.</strong></span> <span class='ocrx_word' id='word_1_781' title='bbox 1178 2607 1299 2642; x_wconf 81' lang='lat' dir='ltr'><strong>deposita</strong></span> <span class='ocrx_word' id='word_1_782' title='bbox 1325 2609 1419 2635; x_wconf 84' lang='lat' dir='ltr'><strong>Adami</strong></span> <span class='ocrx_word' id='word_1_783' title='bbox 1435 2613 1570 2636; x_wconf 86' lang='lat' dir='ltr'><strong>vetustate</strong></span> <span class='ocrx_word' id='word_1_784' title='bbox 1597 2609 1623 2635; x_wconf 92' lang='lat' dir='ltr'><strong>in</strong></span> <span class='ocrx_word' id='word_1_785' title='bbox 1643 2610 1763 2636; x_wconf 82' lang='lat' dir='ltr'><strong>novitate</strong></span> 
     </span>
    </p>
   </div>
   <div class='ocr_carea' id='block_1_111' title="bbox 122 2655 1763 2691">
    <p class='ocr_par' dir='ltr' id='par_1_111' title="bbox 122 2655 1763 2691">
     <span class='ocr_line' id='line_1_111' title="bbox 122 2655 1763 2691; baseline 0.001 -11"><span class='ocrx_word' id='word_1_786' title='bbox 122 2660 183 2682; x_wconf 60' lang='lat' dir='ltr'><strong>vita:</strong></span> <span class='ocrx_word' id='word_1_787' title='bbox 200 2655 374 2682; x_wconf 83' lang='lat' dir='ltr'><strong>amlmlamus</strong></span> <span class='ocrx_word' id='word_1_788' title='bbox 395 2675 402 2688; x_wconf 85' lang='lat'><strong>,</strong></span> <span class='ocrx_word' id='word_1_789' title='bbox 443 2656 542 2690; x_wconf 85' lang='lat' dir='ltr'><strong>quibus</strong></span> <span class='ocrx_word' id='word_1_790' title='bbox 584 2663 678 2683; x_wconf 79' lang='lat' dir='ltr'><strong>verum</strong></span> <span class='ocrx_word' id='word_1_791' title='bbox 706 2655 808 2691; x_wconf 85' lang='lat' dir='ltr'><strong>pascha</strong></span> <span class='ocrx_word' id='word_1_792' title='bbox 841 2655 1000 2682; x_wconf 88' lang='lat' dir='ltr'><strong>alimentum</strong></span> <span class='ocrx_word' id='word_1_793' title='bbox 1021 2655 1187 2689; x_wconf 74' lang='lat' dir='ltr'><strong>sunpilcrna</strong></span> <span class='ocrx_word' id='word_1_794' title='bbox 1208 2655 1262 2681; x_wconf 85' lang='lat' dir='ltr'><strong>vita</strong></span> <span class='ocrx_word' id='word_1_795' title='bbox 1290 2655 1400 2690; x_wconf 82' lang='lat' dir='ltr'><strong>dignum</strong></span> <span class='ocrx_word' id='word_1_796' title='bbox 1424 2656 1603 2690; x_wconf 79' lang='lat' dir='ltr'><strong>suppeditat;</strong></span> <span class='ocrx_word' id='word_1_797' title='bbox 1628 2656 1763 2682; x_wconf 87' lang='lat' dir='ltr'><strong>nutrimur</strong></span> 
     </span>
    </p>
   </div>
   <div class='ocr_carea' id='block_1_112' title="bbox 120 2702 568 2737">
    <p class='ocr_par' dir='ltr' id='par_1_112' title="bbox 120 2702 568 2737">
     <span class='ocr_line' id='line_1_112' title="bbox 120 2702 568 2737; baseline 0.002 -10"><span class='ocrx_word' id='word_1_798' title='bbox 120 2702 192 2728; x_wconf 85' lang='lat' dir='ltr'><strong>enim</strong></span> <span class='ocrx_word' id='word_1_799' title='bbox 211 2708 294 2727; x_wconf 88' lang='lat' dir='ltr'><strong>carne</strong></span> <span class='ocrx_word' id='word_1_800' title='bbox 319 2706 346 2728; x_wconf 83' lang='lat' dir='ltr'><strong>et</strong></span> <span class='ocrx_word' id='word_1_801' title='bbox 364 2703 497 2737; x_wconf 80' lang='lat' dir='ltr'><strong>sanguine</strong></span> <span class='ocrx_word' id='word_1_802' title='bbox 511 2703 568 2729; x_wconf 87' lang='lat' dir='ltr'><strong>Dei.</strong></span> 
     </span>
    </p>
   </div>
   <div class='ocr_carea' id='block_1_113' title="bbox 157 2744 928 2785">
    <p class='ocr_par' dir='ltr' id='par_1_113' title="bbox 157 2744 928 2785">
     <span class='ocr_line' id='line_1_113' title="bbox 157 2744 928 2785; baseline 0.001 -12"><span class='ocrx_word' id='word_1_803' title='bbox 157 2745 246 2779; x_wconf 78' lang='grc' dir='ltr'>Οὗτος</span> <span class='ocrx_word' id='word_1_804' title='bbox 263 2747 325 2781; x_wconf 67' lang='grc' dir='ltr'>ἐμοὶ</span> <span class='ocrx_word' id='word_1_805' title='bbox 343 2749 390 2774; x_wconf 79' lang='grc' dir='ltr'><strong>του</strong></span> <span class='ocrx_word' id='word_1_806' title='bbox 407 2749 516 2784; x_wconf 88' lang='grc' dir='ltr'>πρώτου</span> <span class='ocrx_word' id='word_1_807' title='bbox 537 2749 620 2785; x_wconf 76' lang='grc' dir='ltr'>μηνὸς</span> <span class='ocrx_word' id='word_1_808' title='bbox 638 2750 651 2776; x_wconf 87' lang='grc' dir='ltr'><strong><em>ὸ</em></strong></span> <span class='ocrx_word' id='word_1_809' title='bbox 676 2749 767 2784; x_wconf 83' lang='grc' dir='ltr'>λόγος,</span> <span class='ocrx_word' id='word_1_810' title='bbox 788 2744 818 2775; x_wconf 75' lang='grc' dir='ltr'><strong>οὗ</strong></span> <span class='ocrx_word' id='word_1_811' title='bbox 836 2749 869 2784; x_wconf 85' lang='grc' dir='ltr'><strong>τῇ</strong></span> <span class='ocrx_word' id='word_1_812' title='bbox 883 2748 928 2774; x_wconf 87' lang='grc' dir='ltr'>δε-</span> 
     </span>
    </p>
   </div>
   <div class='ocr_carea' id='block_1_114' title="bbox 155 2836 393 2867">
    <p class='ocr_par' dir='ltr' id='par_1_114' title="bbox 155 2836 393 2867">
     <span class='ocr_line' id='line_1_114' title="bbox 155 2836 393 2867; baseline 0.004 -5"><span class='ocrx_word' id='word_1_813' title='bbox 155 2837 179 2852; x_wconf 78' lang='grc'>³⁶</span> <span class='ocrx_word' id='word_1_814' title='bbox 194 2836 278 2863; x_wconf 68' lang='lat' dir='ltr'><strong>Cant.</strong></span> <span class='ocrx_word' id='word_1_815' title='bbox 303 2844 333 2867; x_wconf 81' lang='lat' dir='ltr'><strong>ll,</strong></span> <span class='ocrx_word' id='word_1_816' title='bbox 349 2836 393 2863; x_wconf 82' lang='grc' dir='ltr'>Η.</span> 
     </span>
    </p>
   </div>
   <div class='ocr_carea' id='block_1_115' title="bbox 274 2884 555 2916">
    <p class='ocr_par' dir='ltr' id='par_1_115' title="bbox 274 2884 555 2916">
     <span class='ocr_line' id='line_1_115' title="bbox 274 2884 555 2916; baseline 0.011 -3"><span class='ocrx_word' id='word_1_817' title='bbox 274 2884 408 2914; x_wconf 74' lang='lat' dir='ltr'><strong>l&#39;nnuL.</strong></span> <span class='ocrx_word' id='word_1_818' title='bbox 427 2886 482 2915; x_wconf 75' lang='lat' dir='ltr'><strong>Gn.</strong></span> <span class='ocrx_word' id='word_1_819' title='bbox 508 2886 555 2916; x_wconf 56' lang='lat' dir='ltr'><strong>(IL</strong></span> 
     </span>
    </p>
   </div>
   <div class='ocr_carea' id='block_1_116' title="bbox 984 2748 1762 2783">
    <p class='ocr_par' dir='ltr' id='par_1_116' title="bbox 984 2748 1762 2783">
     <span class='ocr_line' id='line_1_116' title="bbox 984 2748 1762 2783; baseline 0 -8"><span class='ocrx_word' id='word_1_820' title='bbox 984 2748 1046 2776; x_wconf 65' lang='lat' dir='ltr'><strong>Haec</strong></span> <span class='ocrx_word' id='word_1_821' title='bbox 1065 2749 1129 2776; x_wconf 86' lang='lat' dir='ltr'><strong>mihi</strong></span> <span class='ocrx_word' id='word_1_822' title='bbox 1159 2749 1238 2783; x_wconf 79' lang='lat' dir='ltr'><strong>primi</strong></span> <span class='ocrx_word' id='word_1_823' title='bbox 1264 2749 1365 2777; x_wconf 86' lang='lat' dir='ltr'><strong>mensis</strong></span> <span class='ocrx_word' id='word_1_824' title='bbox 1383 2749 1452 2777; x_wconf 84' lang='lat' dir='ltr'><strong>ratio</strong></span> <span class='ocrx_word' id='word_1_825' title='bbox 1468 2756 1529 2777; x_wconf 81' lang='lat' dir='ltr'><strong>esse</strong></span> <span class='ocrx_word' id='word_1_826' title='bbox 1547 2748 1652 2776; x_wconf 85' lang='lat' dir='ltr'><strong>videtur</strong></span> <span class='ocrx_word' id='word_1_827' title='bbox 1668 2756 1675 2781; x_wconf 85' lang='lat'><strong>;</strong></span> <span class='ocrx_word' id='word_1_828' title='bbox 1715 2755 1762 2775; x_wconf 80' lang='lat' dir='ltr'><strong>cu-</strong></span> 
     </span>
    </p>
   </div>
  </div>
