1982 3073
135 131 190 162 εδδ

671 132 713 163 IN
727 132 1026 163 EXALTATIONEM
1043 134 1072 163 S.
1094 135 1241 166 CRUCIS.

1718 143 1770 176 2οὓ

138 191 260 227 μεγάλου
276 191 407 226 θύματος.
427 191 484 218 Καὶ
497 191 578 218 τοῦτο
592 192 705 226 τέλειον,
724 193 853 228 ἄμωμον,
875 194 926 228 ἄρ⁹

982 194 1146 228 significabo
1160 195 1220 229 fuit,
1237 201 1265 223 et
1280 196 1302 222 is
1318 196 1429 230 quidem
1445 197 1562 232 integer,
1580 200 1638 228 sine
1650 204 1769 237 macula,

135 247 181 264 σεν
207 237 255 264 καὶ
284 238 433 270 ἐνιαύσιον,
459 237 553 273 ἐπειδὴ
581 239 669 265 πάντα
696 237 731 274 ἧν
755 240 785 265 ὲν
812 239 924 274 Χριστῷ

134 284 247 317 τελείως
273 285 308 311 τὰ
326 284 469 320 θεοπρεπῆ
495 285 679 320 γνωρίσματα
701 287 750 312 καὶ
777 287 849 312 κατὰ
877 287 928 321 τὴν

137 331 294 367 πρόσληψιν
314 331 365 365 τὴν
390 331 551 366 χρισθεϊσαν
568 331 692 367 θεότητι,
716 333 762 358 καὶ
778 332 930 367 γενομένην

134 377 204 412 ὅπερ
219 377 250 404 τὸ
275 377 384 413 χρίσαν,
402 378 449 404 καὶ
463 376 568 409 τέλειος
593 377 631 409 ὡς
649 378 777 414 ἀνενδεὴς
799 381 828 405 ὲν
844 379 928 405 πᾶσιν
944 387 952 392 ί

135 425 220 460 ἀρετῇ
231 424 410 461 γνωρίζεται,
419 424 546 459 καθάπερ
558 424 639 456 αὑτός
653 433 746 460 φησιν,
759 425 840 452 οὕτω
851 426 928 459 πρέ-

135 479 195 496 πον
206 470 281 505 ἡμῖν
302 470 369 497 ἐστι
395 469 557 504 πληρῶσαι
583 470 687 498 πᾶσαν
713 471 926 504 δικαιοσύνην.

137 518 271 552 Ἀμωμος
287 516 326 548 δὲ,
342 517 384 543 ὅτι
401 517 449 543 καὶ
467 516 549 552 μόνος
573 517 782 553 ἀναμάρτητος,
798 518 929 553 ὑπερφυᾶ

136 563 184 588 καὶ
199 562 407 597 ἀνυπέρϐλητον
422 563 594 597 κεκτημένος
611 562 661 598 τὴν
676 563 865 599 καθαρότητα,
881 565 928 592 καὶ

138 609 220 643 μόνος
238 609 309 644 ἒχων
331 609 457 641 ἐξουσίαν
482 609 531 636 τοῦ
556 610 603 636 ἐπὶ
627 610 718 645 πάσης
741 611 792 645 γῆς
818 612 928 645 ἀφιέναι

135 657 184 686 τὰς
200 655 354 690 ἁμαρτίας.
372 656 404 682 El
425 656 480 690 γὰρ
509 656 557 682 καὶ
572 656 667 682 πολλοὶ
685 658 814 690 γεγόνασι
829 658 928 692 εὺὰρε-

136 710 205 734 στοι,
222 701 272 728 καὶ
287 702 357 729 κατὰ
373 701 483 736 μέθεξιν
494 699 674 736 ἡγιασμένοι,
690 702 747 729 ἀλλ’
765 701 803 735 εἷς
821 704 834 729 6
848 703 928 737 φύσει

135 747 249 781 ἀγαθὸς,
261 747 309 774 καὶ
326 748 376 774 οὐκ
391 747 466 774 ἐστιν
484 748 563 781 ἅγιος
581 748 619 780 ὡς
634 749 648 774 6
664 749 778 784 Κύριος,
792 750 853 776 οὐδέ
868 751 927 776 ὲετι

135 794 240 824 δίκαιος
259 794 297 825 ὡς
323 794 337 820 6
352 793 418 825 Θεὸς
440 794 530 828 ἡμῶν.
546 794 652 830 ’Ἄρσην
675 796 704 822 δὲ
722 795 769 821 διὰ
783 796 813 822 τὸ
826 797 929 831 ἡγεμο-

135 840 198 866 νοῦν
210 848 217 855 ο
235 840 319 871 αὐτὸς
333 841 387 875 γάρ
400 841 474 867 ἐστιν
488 842 502 867 ὁ
517 841 637 876 νυμφίος
654 842 703 877 τῆς
725 842 900 877 Ἐκκλησίας,
915 845 928 870 6

136 886 257 920 γνησίως
282 885 406 919 ἐφεστὼς
431 887 479 912 καὶ
504 887 669 921 κυριεύσας,
696 889 711 914 6
744 889 855 923 κρατῶν
880 890 927 916 τοῦ
945 875 965 905 Β

138 932 237 963 παντὸς
250 932 294 958 διὰ
309 932 359 966 τὴν
377 931 459 964 ἀξίαν
471 933 522 967 τῆς
542 933 681 967 θεότητος,
696 935 710 961 6
726 935 831 961 ἄνωθεν
846 935 930 970 ἐρχό-

139 987 229 1013 μενος,
247 978 295 1004 καὶ
323 977 420 1005 ἐπάνω
439 978 550 1005 πάντων
565 981 720 1014 τυγχάνων,
743 982 773 1007 ού
791 981 883 1016 χάριτι
899 983 930 1009 τὸ

137 1022 291 1056 βασιλεύειν
311 1023 414 1056 λαϐὼν,
429 1024 488 1050 ἀλλ’
503 1024 573 1059 ἔχων
587 1025 616 1050 ἐν
637 1025 752 1062 ἀληθείᾳ
773 1029 820 1053 καὶ
834 1029 930 1062 γεννή-

137 1077 178 1095 σει
189 1071 222 1104 τῇ
236 1070 268 1096 ὲκ
286 1069 407 1105 Πατρὺς,
430 1070 444 1096 6
465 1071 513 1096 καὶ
527 1071 611 1097 πᾶσιν
625 1073 692 1107 ἡμῖν
708 1073 791 1104 ἐνιεὶς
805 1074 854 1108 τῆς
870 1073 927 1100 οεο-

137 1115 256 1148 γνωσίας
270 1115 304 1141 τὰ
319 1115 478 1150 σπέρματα,
492 1117 540 1143 καὶ
553 1117 623 1142 κατὰ
634 1118 665 1142 τὺ
677 1118 857 1154 προφητικὺν,
870 1118 929 1154 γῆν

137 1161 211 1194 ἡμᾶς
236 1161 378 1187 ἀποτελῶν
404 1161 549 1196 θελητὴν,
574 1163 588 1188 6
606 1162 677 1197 ὑπὲρ
702 1163 749 1190 τοῦ
770 1163 856 1199 Ἀδὰμ
880 1164 927 1190 τοῦ

137 1206 257 1243 στερροὖ
273 1208 492 1242 προσαγόμενος,
509 1208 548 1239 ὡς
567 1209 758 1245 στερρότερος,
776 1211 824 1237 καὶ
842 1210 928 1245 μηδὲν

135 1254 270 1289 ἄνανδρον
284 1255 300 1290 ἦ
317 1254 384 1290 θῆλυ
401 1255 492 1290 φέρων
504 1255 532 1282 ἐν
546 1255 648 1291 ἐαυτῷ.
668 1257 819 1289 Ἐνιαύσιος
832 1257 873 1291 δὲ,
885 1257 927 1284 ὅτι

135 1302 183 1328 καὶ
199 1301 317 1333 παλαιὸς
329 1299 364 1337 ἦν
379 1302 394 1328 6
407 1301 488 1334 αὐτὸς
509 1303 538 1329 ιν
553 1302 677 1338 θεότητι,
695 1304 744 1330 καὶ
759 1303 819 1335 νέος
834 1305 864 1332 ὲν
881 1306 929 1331 ἀν-

136 1347 306 1383 Θρωτιότητι,
333 1348 382 1375 καὶ
399 1348 505 1383 χρόνων
534 1348 643 1383 ὑπῆρχε
675 1348 851 1385 δημιουργὸς,
880 1351 928 1377 καὶ

135 1394 189 1420 ὑπὸ
211 1395 309 1429 χρόνον
332 1395 467 1429 ἐγεγόνει,
497 1394 545 1421 καὶ
564 1394 642 1429 ἥλιός
666 1395 726 1421 ἔστι
751 1395 928 1430 δικαιοσύνης

135 1440 184 1466 καὶ
199 1441 238 1474 τῷ
253 1440 386 1475 ὁρωμένῳ
410 1439 603 1476 περιγραπτδς
623 1440 663 1472 είς
679 1441 778 1467 ἑαυτὸν
797 1442 928 1477 ἐπιστρέ-

135 1495 206 1520 ιιιων,
225 1486 358 1521 στέφανός
384 1495 413 1513 τε
435 1486 622 1522 χρηστότητος
645 1486 854 1522 εὐλογούμενος,
881 1489 928 1514 καὶ

983 241 1130 274 masculus,
1154 247 1180 269 et
1201 243 1354 275 anniculus,
1372 251 1432 278 quas
1445 246 1536 273 omnia
1554 246 1610 274 Deo
1623 255 1770 277 consenta—

981 294 1030 313 nea
1043 288 1143 314 indicia
1162 289 1188 315 in
1201 289 1312 316 Christo
1331 289 1439 318 fuerunt
1453 291 1536 318 etiam
1550 295 1700 322 secundum
1719 296 1770 322 hu.

981 340 1088 360 manant
1112 339 1237 361 naturam
1263 340 1449 370 assumptum,
1475 343 1585 366 unctam
1607 340 1767 375 divinitate,

981 378 1080 406 factam
1103 387 1152 414 per
1177 381 1413 416 participationem
1429 383 1500 411 idem
1522 393 1583 412 cum
1606 394 1650 419 eo,
1669 396 1682 414 a
1715 397 1768 423 quo

980 429 1060 451 uncta
1081 431 1134 452 est.
1151 425 1281 461 Idemque
1296 426 1422 456 Christus
1444 429 1544 457 virtute
1560 432 1698 466 perfectus
1714 441 1767 467 est,

979 470 1169 510 quippe-inter
1182 478 1277 498 omnes
1303 471 1403 499 nullius
1427 473 1467 500 rei
1496 474 1615 510 indigus,
1636 479 1768 511 qut-mad-

982 515 1091 542 modum
1109 516 1167 550 ipse
1185 517 1244 544 ait:
1263 516 1308 544 Sic
1320 517 1392 545 decet
1418 527 1465 546 nos
1480 520 1589 554 implere
1601 530 1702 550 onmem
1724 525 1769 558 iu-

978 563 1125 590 stitium".
1150 563 1344 592 lmmaculatus
1361 570 1424 597 est;
1453 568 1516 600 qnia
1546 568 1604 602 ipse
1631 571 1706 597 solus
1734 573 1769 600 ab

979 609 1052 635 onmi
1078 614 1190 644 peccato
1216 610 1346 638 immunis
1364 612 1543 640 excelsiorem
1561 617 1701 644 communi
1727 626 1771 645 re-

981 663 1038 681 rum
1059 663 1140 683 cursu
1155 662 1182 684 et
1201 656 1446 692 incomparabilem
1463 660 1610 693 puritatem
1628 668 1771 690 assecutus

979 701 1191 736 est.solusque
1227 706 1392 737 potestatem
1427 704 1530 737 habet,
1561 708 1653 734 omnia
1687 709 1771 737 totius

980 746 1072 775 mundi
1099 752 1211 782 peccata
1229 749 1395 776 dimittendi.
1412 749 1480 777 Nam
1504 751 1568 779 licet
1593 753 1671 780 multi
1688 755 1772 782 exsti-

979 794 1060 820 terint
1084 793 1140 821 Deo
1163 795 1278 829 accepti,
1299 800 1327 822 et
1344 797 1536 824 communione
1555 799 1673 832 quadam
1707 808 1768 827 sau-

980 840 1103 873 ctiiicati,
1114 845 1141 867 at
1159 849 1228 868 unus
1244 842 1376 869 duntaxat
1391 848 1486 870 natura
1504 845 1590 872 bonus
1608 851 1660 878 est,
1674 853 1700 873 et
1715 855 1768 874 non

980 891 1023 913 est
1041 892 1154 914 sanctus
1176 891 1205 913 ul.
1228 892 1270 914 est.
1292 887 1433 920 Dominus,
1462 897 1550 924 neque
1567 896 1608 917 est
1626 892 1719 925 justus
1741 897 1772 919 ιιι

981 937 1024 959 est
1050 931 1122 959 Deus
1144 937 1248 960 noster.
1270 933 1408 960 Masculus
1429 941 1492 961 vero
1509 943 1620 970 propter
1634 937 1771 972 principa-

982 983 1057 1010 tum;
1073 977 1132 1011 ipse
1147 981 1220 1006 enim
1242 983 1285 1006 est
1299 986 1417 1013 sponsus
1438 980 1577 1013 Ecclesiae,
1594 983 1639 1016 qui
1657 990 1721 1010 vere
1744 988 1772 1011 ct

980 1023 1100 1058 legitime
1117 1029 1214 1058 praeest
1239 1029 1266 1052 et
1291 1026 1455 1059 dominatur,
1473 1027 1518 1061 qui
1549 1029 1642 1056 omnia
1667 1029 1772 1057 ditione

981 1075 1054 1097 tenet
1070 1071 1104 1098 ob
1118 1070 1272 1098 divinitatis
1290 1071 1470 1107 utajcslatem,
1485 1073 1532 1107 qui
1551 1073 1584 1101 de
1599 1074 1670 1102 ccelo
1683 1076 1769 1107 venit.

980 1121 1006 1143 et
1023 1123 1104 1151 supra
1120 1124 1217 1144 omnes
1236 1122 1286 1148 est,
1303 1117 1351 1151 qui
1374 1125 1487 1152 regnum
1504 1125 1536 1146 ex
1550 1120 1637 1154 gratia
1656 1128 1710 1147 non
1726 1128 1771 1147 ac-

979 1163 1070 1196 cepit:
1091 1163 1139 1190 sed
1165 1168 1261 1191 natura
1278 1169 1304 1190 et
1323 1169 1384 1191 ortu
1399 1172 1432 1191 ex
1448 1164 1529 1192 Patre
1543 1173 1592 1193 suo
1612 1166 1639 1193 id
1654 1167 1772 1199 obtinet,

979 1210 1023 1243 qui
1041 1209 1169 1237 omnibus
1193 1210 1273 1237 nobis
1290 1211 1388 1237 divinae
1404 1211 1570 1246 cognitionis
1595 1213 1700 1240 semina
1720 1213 1772 1241 im-

980 1256 1073 1289 mittit,
1093 1255 1209 1291 etjuxta
1234 1256 1337 1283 dictum
1369 1256 1434 1283 illud
1458 1258 1647 1292 propheticum
1671 1263 1772 1286 terram

979 1302 1158 1330 vaiuntariam
1175 1310 1224 1330 nos
1243 1302 1334 1335 edicit,
1357 1303 1402 1337 qui
1428 1311 1477 1338 pro
1490 1304 1580 1331 valido
1596 1305 1644 1332 illo
1665 1306 1773 1333 Adamo

979 1349 1095 1376 validior
1119 1349 1178 1384 ipse
1195 1349 1306 1376 oblatus
1323 1354 1375 1381 est,
1394 1349 1462 1376 nihil
1483 1349 1683 1383 eﬂ'eminatum.
1704 1352 1773 1378 nihil

980 1395 1037 1422 viro
1052 1395 1192 1430 indignum
1209 1395 1236 1422 in
1248 1395 1340 1430 seipso
1355 1395 1470 1422 habens.
1497 1395 1651 1424 Anniculus
1666 1402 1771 1430 autem;

979 1431 1106 1476 quia'ille
1131 1441 1201 1468 idem
1219 1441 1366 1468 divinitate
1389 1441 1520 1476 antiquus
1537 1448 1608 1475 erat,
1627 1447 1653 1470 et
1675 1451 1773 1470 recens

981 1488 1165 1520 humanitate,
1182 1492 1391 1522 temporumque
1418 1487 1546 1515 conditor
1570 1488 1686 1523 ipsemet
1703 1495 1771 1517 tem-

136 1533 308 1568 πανταχόθεν
336 1533 394 1565 ίσος
409 1533 499 1568 ἑαυτῷ
513 1534 560 1560 καὶ
574 1534 678 1567 ὅμοιος.
695 1534 829 1568 Ζωογονεῖ
840 1535 868 1561 δὲ
880 1536 928 1562 καὶ

982 1534 1039 1568 puri
1063 1533 1201 1568 subjectus
1227 1538 1290 1565 est;
1313 1534 1359 1561 Sol
1376 1538 1418 1561 est
1439 1534 1565 1569 justitiae,
1581 1539 1609 1562 et
1634 1542 1666 1563 eo
1681 1540 1771 1563 tamet-

134 1579 183 1605 τὸν
202 1579 258 1605 τῶν
278 1579 384 1614 ἀρετῶν
400 1579 511 1612 κύκλον,
525 1579 617 1614 ἠπίως
635 1580 860 1615 ἑπιμιγνυμένων
882 1582 930 1608 καὶ

135 1625 315 1660 κιρναμένων
329 1625 463 1661 ἀλλήλαις
479 1625 555 1662 νὸμῳ
568 1626 662 1661 φιλίας
682 1626 728 1654 καὶ⁸
741 1626 855 1659 τάξεως.

984 1581 1030 1615 qui
1055 1581 1105 1608 sub
1130 1580 1224 1608 oculos
1243 1579 1327 1613 cadit,
1346 1580 1590 1612 circumscribitur,
1609 1587 1636 1608 et
1655 1581 1681 1608 in
1700 1586 1762 1616 setp.

984 1635 1044 1654 sum
1067 1626 1225 1660 resolvitur,
1241 1633 1344 1654 corona
1372 1626 1560 1659 benignitatis,
1580 1635 1594 1653 ιι
1620 1627 1673 1654 Deo
1689 1629 1756 1655 bem-

135 1675 225 1704 dicta,
244 1672 426 1707 undequaque
447 1672 499 1700 sibi
524 1673 637 1707 aequalis
665 1677 694 1700 et
715 1673 820 1701 similis.
843 1672 930 1701 Vitam
969 1681 1035 1701 vero
1064 1673 1178 1708 largitur
1207 1679 1317 1706 Quoque
1345 1672 1471 1699 virtutem
1501 1673 1571 1705 orbi,
1607 1673 1720 1708 pulchre
1746 1682 1760 1701 ο

134 1719 270 1747 concinne
292 1719 443 1747 virtutibus
464 1719 517 1747 sibi
538 1719 654 1747 invicem
678 1720 767 1747 mistis
780 1725 808 1747 et
824 1720 991 1748 conso.-iatis
1008 1721 1067 1756 iege
1083 1719 1214 1747 amicitia:
1229 1725 1255 1747 et
1269 1719 1386 1747 ordinis.

172 1768 203 1795 Εί
219 1769 241 1795 δ’
262 1769 305 1795 ὃτι
321 1767 369 1794 καὶ
386 1767 437 1803 τὴν
459 1767 507 1794 ἐπὶ
526 1767 565 1801 τῷ
587 1767 670 1795 πάθει
686 1768 929 1804 θεοπρεπεστάτην

135 1816 234 1850 ἑορτὴν
250 1814 311 1841 καθ’
327 1814 446 1841 ἕκαστον
466 1813 526 1846 ἔτος
545 1813 658 1849 ἔμελλον
681 1815 819 1842 ἐπιτελεῖν
842 1817 867 1842 oi
895 1816 929 1842 τὰ

134 1862 169 1888 ἐκ
182 1860 232 1887 τοῦ
249 1860 353 1892 πάθους
379 1860 628 1895 ἀποκιρδαίνοντες
652 1860 763 1894 ἀγαθὰ,
792 1861 929 1893 ἐνιαύσιος

135 1905 360 1941 προετετύπωτο,
377 1906 426 1932 καὶ
441 1905 520 1932 τοῦτο
535 1904 665 1941 σύμφημι
691 1907 749 1938 τοῖς
776 1906 928 1942 εἰρηκόσιν.

141 1953 210 1979 Ἀπὸ
223 1952 278 1978 τῶν
294 1951 391 1987 ἀμνῶν
418 1951 458 1982 δὲ,
475 1950 570 1986 ἐπειδὴ
597 1951 645 1977 καὶ
668 1950 739 1978 Θεοῦ
765 1951 863 1986 ἀμνὸς,
891 1951 930 1983 ὡς

141 1999 275 2034 Ἰωάννης
303 1999 449 2033 μαρτυρεῖ,
465 1998 513 2024 καὶ
540 1997 594 2024 ἀπὸ
611 1998 666 2024 τῶν
682 1997 797 2032 ἐρίφων,
822 1997 863 2023 ὅτι
881 1997 929 2023 τοῦ

135 2046 243 2080 κόσμου
259 2044 308 2080 τὴν
324 2045 464 2079 ἁμαρτίαν
478 2042 541 2080 ἦρε.
554 2044 622 2070 Τίνα
636 2044 664 2070 δὲ
681 2044 772 2070 αἰτίαν
786 2043 845 2079 ἔχει
862 2044 931 2079 πρὸς

135 2092 187 2127 τὴν
215 2092 271 2118 τῶν
295 2091 480 2127 πρωτοτόκων
512 2090 653 2126 σωτηρίαν
683 2091 701 2124 ἡ
730 2090 779 2131 τού
809 2090 929 2125 θύματος

135 2138 242 2173 σφαγὴ,
262 2138 309 2165 καὶ
332 2139 348 2173 ή
367 2137 413 2164 τοῦ
429 2138 545 2172 αἳματος
568 2137 677 2172 χρίσις;
696 2137 734 2163 Οὐ
753 2137 806 2172 γὰρ
831 2136 929 2168 θυσίας

134 2185 224 2211 δεῖται
237 2184 304 2215 Θεὸς
322 2183 392 2218 πρὸς
409 2183 522 2217 ἔνδειξιν
548 2184 599 2218 τῆς
623 2183 722 2210 ἑαυτοῦ
746 2183 927 2217 ἀγαοότητος,

1019 1768 1156 1797 Cancrum
1172 1769 1194 1795 si
1212 1773 1238 1795 et
1255 1768 1317 1795 ideo
1332 1767 1476 1795 anniculus
1498 1772 1550 1800 est,
1565 1769 1627 1802 quia
1651 1769 1763 1797 futui-un

984 1822 1043 1844 erat
1067 1815 1225 1851 aliquando,
1242 1819 1270 1842 ut
1287 1815 1304 1841 ii
1320 1815 1364 1849 qui
1383 1822 1416 1842 ex
1437 1814 1567 1848 passione
1595 1815 1710 1843 fructum
1728 1824 1759 1844 ea

985 1861 1071 1897 piunt,
1095 1861 1244 1896 quotannis
1265 1860 1473 1887 sanctissimum
1507 1860 1644 1894 passionis
1673 1861 1764 1888 {estm-

984 1907 1166 1938 celebrarcnt,
1184 1913 1238 1933 non
1255 1905 1345 1932 abnuo
1360 1905 1508 1939 quominus
1526 1905 1553 1932 id
1574 1910 1702 1939 tanquam
1730 1913 1767 1932 ra-

983 1952 1050 1979 tioni
1070 1951 1238 1979 conveniens
1264 1951 1430 1985 supradictis
1449 1950 1623 1985 adjungatnr.
1642 1951 1680 1978 Ex
1696 1952 1766 1986 agni;

983 2004 1075 2026 autem
1101 1997 1158 2024 haec
1177 1997 1289 2024 vicnima
1317 1997 1455 2031 seligilur,
1472 1997 1534 2031 quia
1552 2002 1579 2024 ct
1600 1998 1657 2032 ipse
1680 1998 1766 2033 Agunt

984 2044 1030 2071 Dei
1056 2048 1107 2077 est,
1129 2049 1159 2070 ut
1174 2043 1294 2070 Joannes
1321 2047 1459 2075 testatur;
1478 2047 1506 2069 et
1528 2051 1560 2070 ex
1590 2043 1689 2074 haedis,
1710 2043 1767 2078 qui;

985 2090 1044 2125 ipse
1060 2094 1169 2124 peccata
1187 2089 1279 2116 mumli
1297 2089 1370 2116 tulit.
1390 2088 1477 2122 Quam
1505 2097 1569 2116 vero
1586 2090 1772 2124 primogeniti»

983 2144 1093 2164 causam
1111 2136 1208 2163 salutis
1226 2136 1340 2170 prmbuil
1358 2140 1480 2162 mactata
1495 2136 1615 2169 Vtt‘liltla,
1627 2142 1653 2164 et
1665 2138 1772 2171 sanguis

983 2183 1105 2217 postibus
1123 2182 1229 2208 illitus?
1252 2181 1344 2217 Neque
1359 2181 1432 2208 enim
1455 2181 1600 2209 sacriﬁciis
1617 2187 1678 2217 eget
1704 2183 1774 2210 Deus

135 2231 200 2257 οὗτε
226 2230 341 2265 σημείου
373 2230 441 2265 πρὸς
471 2230 623 2263 ἐπίγνωσιν
651 2229 706 2255 τῶν
732 2229 852 2261 οἰκείων,
871 2229 929 2255 ἀλλ’

982 2230 1014 2256 ad
1033 2229 1277 2256 demonstrandam
1301 2235 1379 2255 suam
1409 2227 1575 2261 bonitatem,
1593 2237 1679 2262 neque
1693 2230 1774 2257 etiam

136 2278 203 2311 ἡμῖν
219 2276 362 2303 κάνταῦθα
377 2278 527 2312 συνηγορεῖ
550 2276 581 2303 τὸ
600 2277 729 2311 πρᾶγμα,
747 2277 794 2302 καὶ
816 2277 848 2311 τῇ
868 2276 931 2303 καθ’

135 2324 212 2358 ἡμᾶς
234 2322 302 2357 ἁγίᾳ
329 2322 419 2349 πίστει
448 2323 661 2358 προσμαρτυρεί
684 2323 728 2349 διὰ
750 2322 897 2357 συμϐόλων
916 2325 931 2350 ὁ

135 2370 230 2403 νόμος.
247 2368 301 2395 Τοῦ
315 2369 370 2404 γὰρ
386 2368 504 2404 ἀμώμου
529 2369 652 2403 θύματος
667 2369 737 2404 ὑπὲρ
757 2369 836 2404 ἡμῶν
860 2377 929 2404 σφα-

135 2416 312 2450 γιασθέντος,
330 2417 343 2442 6
368 2417 400 2442 ἐκ
421 2415 470 2442 τοῦ
487 2415 707 2450 πρωτοπλάστου
723 2415 833 2442 λέλυται
849 2416 932 2443 θάνα-

134 2470 194 2492 τος.
209 2461 263 2487 Καὶ
279 2461 391 2496 θνήσκει
406 2461 455 2496 μὲν
468 2461 503 2488 τὰ
518 2461 684 2496 πρωτότοκα
697 2462 751 2489 τῶν
762 2461 929 2495 Αἰγυπτίων,

134 2511 175 2536 ὅτι
191 2509 206 2535 6
226 2510 352 2537 ἀπιστῶν
364 2510 402 2544 τῷ
416 2510 473 2544 Υίῷ
487 2511 538 2537 οὐκ
551 2511 649 2545 όψεται
668 2511 718 2546 τὴν
735 2510 819 2545 ζωὴν,
835 2510 894 2537 ἀλλ’
906 2511 925 2546 ἠ

134 2556 211 2591 (Tyri,
226 2555 279 2583 τοῦ
296 2557 370 2582 Θεοῦ
380 2555 464 2590 μένει
479 2556 527 2582 ἐπ’
539 2557 643 2583 αὐτόν.
664 2556 760 2591 Ἡμεῖς
779 2555 807 2582 δὲ
828 2556 928 2583 διασω-

134 2602 241 2637 ζὸμεθα
258 2602 317 2628 ὅσοι
351 2602 432 2628 τέκνα
454 2602 522 2628 Θεοῦ
545 2603 593 2629 καὶ
622 2602 770 2638 Ἐκκλησία
796 2603 933 2636 πρωτοτό-

134 2657 191 2674 κων
205 2648 370 2682 γεγόναμεν.
386 2647 458 2674 Ἐάν
472 2657 516 2681 τις
529 2649 595 2684 γὰρ,
610 2649 688 2684 φησι,
703 2650 756 2675 τὸν
768 2648 863 2680 λόγον
873 2657 933 2683 μου

134 2693 268 2727 τηρήσῃ,
280 2693 412 2719 θάνατον
427 2695 462 2719 οὺ
474 2694 517 2727 μὴ
529 2694 677 2728 θεωρήσει
699 2696 742 2726 εἰς
759 2693 813 2720 τὸν
827 2693 933 2720 αἰῶνα.

134 2741 269 2775 Τηρεῖται
281 2740 311 2766 δὲ
321 2741 334 2766 ὁ
346 2740 425 2774 λόγος
445 2740 563 2776 Χρισιοῦ
580 2741 646 2776 παρ’
663 2741 742 2775 ἡμῶν
762 2741 805 2767 διὰ
816 2741 935 2775 θεωρίας

136 2787 183 2814 καὶ
200 2787 344 2820 πράξεως.
360 2787 415 2814 Καὶ
433 2787 511 2821 φέρει
530 2788 580 2822 μὲν
595 2787 712 2822 θεωρίας
724 2788 809 2813 τύπον
829 2787 934 2822 ἡφλιὰ,

984 2275 1072 2309 signo.
1091 2280 1119 2301 ιιι
1136 2282 1203 2301 suos
1220 2279 1372 2309 agnoscat;
1393 2278 1458 2300 atet
1479 2274 1522 2300 hic
1540 2278 1594 2300 tota
1610 2282 1653 2301 res
1669 2282 1717 2308 pro
1733 2283 1777 2301 no-

984 2321 1025 2348 bis
1051 2326 1101 2353 est,
1119 2322 1274 2354 nostrisque
1302 2320 1454 2348 commodis
1479 2321 1575 2352 servit,
1596 2325 1775 2354 no.~tramque

987 2373 1194 2395 sacresauctam
1213 2367 1292 2394 ﬁdem
1309 2367 1351 2393 his
1365 2367 1497 2402 symbolis
1513 2367 1554 2393 lux
1574 2372 1649 2394 vetus
1665 2369 1773 2395 astruit.

983 2415 1051 2442 Nam
1073 2415 1192 2442 innocua
1214 2414 1258 2440 illa
1286 2413 1374 2441 hostia
1393 2421 1441 2448 pro
1464 2413 1542 2440 nobis
1566 2413 1716 2445 immolata,
1733 2413 1775 2440 fu-

984 2466 1044 2497 gnta
1063 2467 1104 2488 est
1124 2469 1208 2493 Ittttrs,
1231 2468 1291 2495 qua}
1316 2460 1394 2487 nobis
1419 2467 1433 2486 ο
1460 2460 1547 2493 primo
1563 2465 1674 2494 parente
1690 2460 1776 2486 venit.

984 2509 1137 2536 Moriuntur
1152 2507 1337 2542 primogenita
1354 2505 1564 2542 Egyptiornm;
1582 2506 1646 2540 quia
1663 2506 1707 2539 qui
1733 2504 1775 2531 Fi-

983 2556 1018 2583 lio
1035 2554 1190 2582 incredulus
1208 2559 1260 2585 est,
1281 2553 1305 2580 is
1333 2560 1387 2579 non
1413 2551 1517 2578 videbit
1543 2551 1637 2583 vitam,
1662 2550 1709 2576 scd
1734 2550 1775 2575 ira

983 2601 1030 2629 Dei
1055 2587 1143 2627 inane!
1161 2607 1240 2633 super
1257 2607 1315 2626 eum
1329 2598 1352 2614 ³³
1365 2607 1373 2631 ;
1399 2605 1448 2625 nos
1462 2605 1538 2629 vero,
1550 2597 1713 2631 .tfuicunque
1728 2595 1775 2621 ﬁlii

986 2649 1031 2675 Dei
1050 2653 1077 2675 et
1093 2646 1265 2682 primogeniti
1294 2645 1422 2672 licrlesia:
1443 2651 1549 2676 sumus,
1567 2648 1773 2670 conservantur.

984 2694 1029 2720 Ait
1052 2695 1123 2720 enim
1145 2701 1152 2719 :
1176 2693 1205 2719 Si
1227 2692 1285 2726 quis
1313 2699 1459 2718 sermonem
1487 2698 1573 2716 meum
1607 2687 1774 2720 servaverit,

986 2747 1092 2767 mortem
1111 2749 1161 2766 nmt
1174 2739 1268 2766 υἱιΙείθὶι
1284 2739 1309 2765 in
1332 2743 1459 2766 (uernum
1472 2737 1506 2764 ".
1533 2736 1664 2763 Servatur
1685 2739 1775 2762 autem

986 2795 1079 2814 St'l‘ltlt)
1100 2785 1202 2813 Christi
1219 2793 1232 2811 a
1252 2785 1330 2812 nobis
1350 2791 1398 2818 per
1415 2781 1673 2817 ('ontcwplatiOnem
1688 2785 1715 2807 et
1732 2787 1778 2808 ac-

175 2879 197 2894 "
219 2877 317 2905 Matth.
334 2885 373 2904 III.
396 2877 440 2904 15.
480 2879 502 2893 ³⁸
514 2877 592 2905 Juan.
611 2887 651 2910 ιιι,
667 2878 710 2904 Sii.
752 2879 772 2894 ’9
788 2877 865 2904 Joan.
885 2885 942 2909 \‘lll,
963 2877 1006 2904 '51.
