1982 3073
223 167 278 200 215

790 146 953 201 ΜΑΕΛίῖΙῐ
973 170 1290 201 CHRYSOCEPHALI

1796 173 1851 205 216

223 226 370 258 servitute,
386 230 412 252 et
428 226 598 261 coniungens
615 230 763 262 utrumque
779 228 918 262 populum,
934 235 1001 262 quas

1068 225 1117 260 μὲν
1145 226 1191 252 τὸν
1229 226 1339 262 Ἰσραὴλ
1367 226 1415 253 τοῦ
1446 227 1655 259 ἅποκτείνοντος
1679 228 1854 263 γράμματος,

222 273 293 306 lapis
304 272 454 307 ungulatis,
472 272 498 298 in
514 280 595 298 unum
618 281 716 300 novum
738 274 884 303 hominem.
917 272 1009 300 Eccle-

222 319 344 352 siamque
359 318 463 352 angelis
489 320 650 346 σοιικέιρῑοηε
667 320 692 346 iu
720 327 801 346 unam
818 319 879 346 ﬁdei
895 326 1009 346 concor—

220 364 304 397 diam,
321 365 349 392 in
365 373 444 392 unam
461 365 548 392 laudis
569 366 668 393 divinae
700 367 872 393 concinendm
889 366 1009 392 modula-

222 411 335 443 tionem,
353 411 397 444 qui
419 415 445 438 et
459 412 534 445 prius
546 412 571 438 id
586 412 658 446 quod
685 412 789 439 cmteris
809 412 934 439 omnibus
952 420 1007 438 ma-

218 457 263 490 jus
278 461 329 488 cst,
349 460 476 490 operatus
503 457 602 483 unione
618 457 785 492 hypostatica
806 457 874 484 duas
897 462 1009 484 naturas

220 502 279 528 sine
295 500 456 529 confusione
472 502 522 530 sibi
541 501 597 536 ipse
615 502 715 536 juuxit,
741 503 910 530 divinitatem
937 504 1008 536 dico,

220 551 248 574 et
265 547 475 575 humanitatem.

260 636 364 664 Interea
389 637 490 664 bellum
509 637 590 664 Israel
609 637 723 672 suscipit
739 638 869 665 adversus
886 639 1008 670 Amalec.

221 684 267 710 Dei
282 684 379 717 populo
398 684 422 710 iu
442 691 568 717 campum
601 691 754 717 progresso.
770 683 819 711 Ubi
839 684 1008 720 Moysesjam

220 731 284 756 olim
313 729 384 762 passi
414 736 463 763 pro
477 729 553 756 nobis
587 729 699 764 gloriam
732 729 915 762 adumbravit,
946 739 1010 757 cru-

219 783 335 810 ccmque
362 776 487 803 manibus
499 777 631 808 extensis,
647 776 812 804 elformavit.
828 777 861 804 At
877 777 956 805 Jesus
970 782 1010 812 ty-

221 831 282 858 pum
301 824 392 852 ferens
408 823 492 851 nostri
507 822 570 851 Iesu
588 822 634 850 Dei
647 828 673 850 et
690 824 818 854 hominis,
829 823 1009 858 alienigenam

219 869 369 902 proﬂigavit
387 889 395 899 .
408 874 434 896 et
451 875 546 896 omnes
570 868 639 895 ﬁlios
656 869 713 902 ejus
727 869 753 896 in
778 869 915 896 occisione
930 869 1009 904 gladii

220 915 376 948 trucidavit,
394 921 508 949 eamque
524 933 532 946 ,
548 922 628 949 quam
644 914 736 942 ﬁdeles
757 922 804 949 per
819 921 927 942 crucem
941 915 1010 942 obti-

219 966 284 988 ιιι-ιιι
302 962 443 988 victoriam
462 981 470 992 .
486 961 634 1001 symbolice
656 961 848 996 praeliguravit.
863 961 921 988 Nisi
937 961 1008 988 enim

215 1009 270 1041 iam
288 1015 395 1041 quoque
410 1007 541 1034 Dominus
568 1007 699 1034 adversus
715 1015 776 1034 eum
806 1007 926 1040 Amalec,
962 1008 1007 1041 qui

218 1054 268 1082 sub
284 1054 492 1089 intelligentiam
519 1054 603 1084 cadit,
635 1062 651 1080 a
672 1054 839 1089 generatione
855 1054 881 1080 in
900 1061 1008 1087 genera-

217 1103 324 1133 tionem,
354 1105 383 1128 ut
411 1100 551 1134 Scriptura
577 1099 1008 1135 loquitur,pugnaret,nobisque

218 1148 316 1175 llilueia
344 1154 371 1174 et
405 1148 544 1173 armatura
565 1147 656 1174 crucis
673 1147 871 1177 corroboratis,
885 1153 964 1181 opem
980 1150 1006 1173 et

217 1193 356 1228 suppetias
383 1193 503 1226 quotidie
529 1192 736 1224 ferret,fru~:tra
758 1191 1007 1224 laboraremusnio.

219 1247 279 1266 tuos
310 1239 439 1266 virtutum
458 1238 592 1265 aediﬁcare
609 1238 735 1273 ingressi;
750 1237 851 1266 frustra
862 1238 943 1265 etiam
960 1238 1000 1264 vi-

218 1286 375 1319 pilnremus,
411 1285 505 1311 urbem
520 1284 632 1318 justitire
644 1283 794 1312 Jerusalem
809 1284 1004 1316 custodientes,

217 1338 243 1358 et
262 1331 295 1358 ad
310 1338 456 1365 supernam
475 1330 646 1364 metropolim
663 1334 849 1365 properantes.

253 1420 377 1447 Posuisse
403 1420 591 1454 speculatores
617 1424 643 1446 et
674 1421 887 1454 exploratoresa
912 1418 1004 1454 Moyse

218 1467 364 1493 mittuntur
381 1486 388 1499 ,
403 1466 500 1500 quibus
516 1466 541 1492 in
571 1466 705 1494 mandatis
717 1467 797 1492 datur
817 1470 846 1492 ut
864 1466 1004 1500 promissa:

218 1513 316 1546 populo
340 1512 459 1545 regionis
477 1516 639 1546 argumenta
669 1512 799 1545 aﬂ'eraut,
814 1512 839 1538 in
858 1511 1004 1538 conﬁrma-

217 1559 316 1585 tionem
346 1558 406 1592 ejus
433 1557 517 1590 copia:
530 1565 609 1590 quam
636 1558 770 1591 recepturi
792 1561 880 1584 erant.
894 1556 926 1583 Ut
940 1564 1003 1583 vero

218 1604 403 1636 rinldideruut,
418 1603 506 1630 studia
525 1603 551 1629 in
567 1604 703 1630 contraria
722 1603 821 1630 animis
840 1603 918 1630 divisi
931 1608 1004 1635 sunt;

216 1656 242 1676 (ιι
258 1650 302 1676 alii
333 1650 440 1684 quidem
456 1657 487 1675 ex
519 1649 693 1683 improbitate
711 1653 737 1675 ct
767 1649 869 1675 malitia
890 1669 897 1681 ,
914 1649 1009 1676 tristis-

217 1696 287 1722 sima
304 1703 416 1729 quotque
429 1700 455 1722 el
467 1694 561 1722 ﬁctilia
590 1694 743 1721 referebant
756 1703 762 1722 :
774 1695 870 1729 quibus
882 1702 941 1722 cum
954 1702 1009 1722 tua-

219 1749 270 1776 ςυςι
302 1741 392 1776 populi
422 1740 566 1768 nniltitudo
579 1748 659 1768 aures
685 1741 828 1775 prwberet,
850 1741 958 1777 Moysen
974 1741 1006 1768 ad

218 1788 285 1813 nam
316 1786 522 1813 cmicitavcrunt
539 1785 711 1820 ;ducemque
726 1787 782 1821 ,ιιιιὶ
812 1794 858 1814 eos
875 1787 901 1813 in
923 1785 1007 1822 Egy-

218 1837 292 1865 ptum
323 1832 467 1859 reduceret
479 1851 487 1862 .
503 1832 678 1866 quaesierunt.
696 1830 776 1859 Iesus
787 1836 876 1858 autem
894 1833 1005 1860 meliora

215 1884 243 1904 et
258 1877 362 1904 veriora
380 1877 531 1909 nuntiabat,
550 1877 739 1911 sublatumque
754 1885 787 1904 ex
805 1877 946 1905 Palaestina
959 1879 1006 1905 bo-

215 1929 300 1955 trunt,
316 1928 344 1951 et
356 1931 388 1951 ex
414 1928 492 1951 vecte
507 1930 669 1958 suspensum
685 1923 785 1956 attulit,
802 1927 929 1958 tanquam
945 1931 1006 1958 spe-

216 1971 303 1997 (ituen
334 1970 470 2004 quoddam
483 1969 541 2004 ejus
555 1969 700 2001 ubertatis,
714 1977 765 2003 qua
782 1973 855 1996 terra
871 1971 1004 2004 promissa

215 2016 342 2049 pullebat.
369 2018 400 2043 At
423 2020 450 2043 tu
470 2035 478 2047 ,
491 2023 551 2042 cum
565 2022 658 2043 rursus
669 2014 762 2043 Jesum
777 2015 866 2047 audis,
885 2016 910 2041 in
925 2023 1002 2043 men-

216 2068 268 2088 tem
299 2069 395 2088 revoca
423 2069 518 2088 verum
547 2060 631 2088 Deum
663 2066 690 2088 et
716 2061 884 2094 salvatorem
899 2060 1003 2095 Jesum,

218 2108 309 2142 magni
325 2108 432 2135 consilii
454 2108 543 2135 Patris
570 2107 701 2140 Angelum
719 2112 746 2135 et
764 2107 833 2141 ejus,
850 2115 909 2141 qua'
927 2108 1004 2135 nobis

216 2155 350 2188 promisca
379 2158 431 2187 est,
451 2153 628 2182 beatitudinis
648 2154 798 2185 doctorem,
815 2159 841 2180 et
858 2153 931 2187 regni
945 2161 1002 2180 cm-

213 2199 290 2227 lestis
311 2200 366 2234 jam
399 2199 507 2233 quidem
540 2199 647 2232 superis
662 2199 687 2224 in
704 2198 760 2226 oris
781 2203 1001 2232 pra-paratorem,

1060 272 1213 307 ἐλευθερῶν
1226 273 1254 299 δὲ
1269 273 1317 299 καὶ
1331 274 1365 300 τὰ
1376 273 1440 308 ἔθνη
1457 274 1507 308 τῆς
1519 274 1574 300 τῶν
1589 273 1705 301 εἰδώλων
1717 274 1852 307 δουλείας,

1060 319 1106 343 καὶ
1122 317 1265 343 συνάπτων
1293 317 1464 352 ἀμφοτέρους
1496 319 1560 350 τοὺς
1586 318 1678 351 λαοὺς,
1705 320 1742 350 ὼς
1769 321 1853 354 λίθος

1060 363 1284 397 ἁκρογωνιαῖος,
1302 365 1342 395 είς
1356 364 1403 390 ἕνα
1419 365 1512 390 καινὸν
1535 364 1689 400 ἄνθρωπον,
1711 366 1759 393 καὶ
1786 375 1847 392 συν-

1062 409 1170 436 τάττων
1185 409 1314 443 ἀγγέλοις
1331 410 1380 445 τὴν
1415 410 1581 444 Ἐκκλησίαν
1595 411 1636 441 είς
1652 412 1717 446 μίαν
1733 412 1853 444 πίστεως

1061 455 1230 488 συμφωνίαν,
1243 458 1284 487 εἰς
1297 456 1361 490 μίαν
1371 456 1535 490 ὑμνολογίας
1550 456 1702 490 θεολογίαν,
1721 458 1751 488 ὃς
1763 467 1795 491 γε.
1808 459 1854 484 καὶ

1062 499 1116 535 πρὸ
1131 500 1227 526 τούτου
1253 501 1284 526 τὸ
1307 501 1400 536 μεῖζον
1418 501 1519 533 παντὸς
1534 503 1777 537 κατεργασάμενος
1791 503 1853 530 καθ’

1060 545 1159 572 ἓνωτιν
1168 546 1352 581 ὑποστατικὴν
1363 547 1412 579 τὰς
1421 547 1467 574 δύο
1478 548 1578 583 συνῆψε
1589 549 1684 583 φύσεις
1692 549 1854 584 ἀσυγχύτως

1061 592 1089 617 ἐν
1106 592 1205 627 ἐαυτῷ,
1220 593 1336 626 θεότητά
1348 602 1420 628 φημι
1438 595 1484 620 καὶ
1500 595 1713 629 ἀνθρωπότητα.

1098 638 1217 673 Πόλεμος
1231 640 1277 665 ἐπὶ
1290 639 1393 671 τούτοις
1404 640 1444 675 τῷ
1461 641 1570 676 Ἰσραὴλ
1581 641 1709 673 ἐτελεῖτο,
1723 643 1770 668 καί
1786 643 1854 678 πρὸς

1067 681 1189 717 Ἀμαλὴκ
1217 683 1231 709 ό
1262 683 1329 710 Θεοῦ
1363 684 1426 715 λαὸς
1458 686 1657 720 παρετάττετο,
1698 687 1853 713 Κάντεῦθεν

1061 728 1165 762 Μωσῆς
1187 729 1237 762 μὲν
1255 730 1337 756 πάλιν
1350 729 1397 756 τοῦ
1424 731 1556 763 παθόντος
1576 732 1646 766 ὑπὲρ
1662 732 1742 766 ἡμῶν
1759 733 1854 759 ἐσκια-

1062 775 1162 809 γρόιφει
1178 775 1267 807 δόξαν,
1289 777 1335 802 καὶ
1350 777 1466 811 σταυρὸν
1490 778 1670 812 ἐσχημάτιζε,
1685 779 1734 810 τὰς
1758 781 1853 813 χεῖρας

1061 820 1202 848 ἐκτείνων.
1226 821 1330 857 Ἰησοῦς
1343 823 1371 849 δὲ
1392 823 1477 850 τύπον
1494 825 1584 859 φέρων
1598 825 1645 851 τοῦ
1665 825 1850 860 θεανθρώπου,

1062 866 1196 901 ἐτρέψατο
1207 867 1251 893 τὸν
1266 867 1428 902 ἀλλόφυλον,
1445 869 1494 896 καὶ
1525 870 1629 902 πάντας
1647 872 1722 903 .τοὺς
1754 873 1853 904 παῖδας

1061 912 1145 939 αὑτοῦ
1173 913 1202 940 ὲν
1231 913 1303 948 φόνῳ
1331 914 1467 950 μαχαίρας
1484 915 1640 949 ἀπέκτεινε,
1659 917 1708 943 καὶ
1733 918 1781 953 τῆς
1797 919 1852 945 τῶν

1060 957 1166 984 πιστῶν
1180 957 1223 984 διὰ
1240 958 1358 994 σταυροῦ
1375 959 1452 994 νίκης
1479 960 1648 996 ἐφανεροῦτο
1675 963 1851 997 συμϐολικῶς

1058 1004 1090 1030 τὸ
1104 1004 1245 1038 τρόπαιον.
1261 1005 1293 1031 Εί
1314 1006 1351 1040 μὴ
1369 1005 1422 1040 γὰρ
1438 1006 1484 1032 καὶ
1515 1006 1561 1033 νῦν
1585 1007 1714 1042 ἐπολέμει
1745 1009 1850 1042 Κύριος

1059 1049 1106 1075 ἐπὶ
1123 1049 1169 1075 τὸν
1189 1051 1283 1084 νοητὸν
1310 1050 1444 1086 Ἀμαλήκ,
1459 1052 1520 1078 ἀπὸ
1537 1052 1643 1087 γενεᾶς
1666 1055 1710 1086 εἰς
1733 1054 1850 1089 γενεὰς,

1059 1095 1129 1121 κατὰ
1140 1095 1170 1122 τδ
1195 1097 1400 1131 γεγραμμένον,
1418 1097 1481 1124 καθ’
1506 1098 1624 1133 ἑκάστην
1653 1100 1852 1134 ἀντιλαμϐανό-

1059 1148 1138 1174 μενος
1154 1141 1232 1176 ἡμῶν
1245 1141 1446 1177 ἀνδριζομένων
1458 1144 1486 1169 ἐν
1513 1144 1675 1179 πεποιθήσει
1705 1147 1754 1172 καὶ
1780 1155 1850 1173 παν-

1057 1186 1152 1221 τευχίᾳ
1183 1187 1311 1222 σταυροῦ,
1340 1188 1381 1219 είς
1413 1188 1502 1223 μάτην
1533 1189 1584 1224 μὲν
1613 1191 1646 1218 ἂν
1675 1192 1848 1227 ἰκοπιῶμεν,

1057 1232 1150 1264 οἴκους
1162 1233 1268 1268 ἀρετῶν
1295 1234 1448 1269 οἰκοδομεῖν
1475 1235 1619 1270 ᾑρημένοι,
1639 1238 1679 1268 είς
1709 1237 1797 1272 μάτην
1822 1238 1852 1265 δὲ

1057 1278 1102 1305 καὶ
1128 1279 1336 1314 ἠγρυπνοῦμεν,
1365 1281 1444 1307 πόλιν
1469 1281 1643 1316 δικαιοσύνης
1670 1282 1851 1318 Ἰερουσαλὴμ

1057 1323 1248 1358 φυλάσσοντες,
1265 1325 1312 1351 καὶ
1325 1325 1393 1360 πρὸς
1409 1325 1457 1360 τὴν
1470 1326 1526 1352 ἄνω
1538 1327 1706 1362 μητρόπολιν
1719 1329 1850 1355 ἐπισπεύ-

1055 1368 1156 1400 δοντες.

1097 1415 1177 1450 Ἑξῆς
1194 1415 1260 1450 γοῦν
1280 1416 1448 1444 κατάσκοποι
1463 1417 1540 1453 παρὰ
1554 1418 1679 1449 Μωσέως
1694 1419 1850 1454 πέμποντας

1055 1461 1103 1495 τῆς
1117 1461 1356 1497 ἑπαγγελλομένης
1367 1462 1406 1498 τῷ
1431 1463 1487 1497 λαῷ
1516 1463 1618 1498 χώρας,
1646 1465 1694 1491 καὶ
1722 1464 1850 1499 σύμϐολα

1055 1506 1177 1541 νομίζειν
1203 1508 1308 1534 ἐκεῖθεν
1326 1508 1517 1536 ἐπιτάττονται
1534 1509 1589 1535 τῶν
1607 1511 1792 1544 ἐκδεξομένων
1809 1513 1849 1544 εἰς

1056 1552 1187 1578 πίπτωσιν
1197 1552 1318 1586 ἀγαθῶν.
1346 1553 1389 1584 Ὠς
1406 1554 1434 1580 δὲ
1453 1554 1590 1589 ἐπανῆκον
1606 1551 1691 1586 οὗτοι,
1719 1557 1767 1583 καὶ
1800 1558 1850 1591 τῆς

1060 1598 1208 1629 κατοπτίας
1224 1598 1326 1625 ἐδίδουν
1346 1600 1409 1631 τοὺς
1424 1600 1529 1634 λόγους,
1560 1601 1744 1636 διεμερίζοντο
1775 1612 1850 1637 τηνι-

1059 1644 1147 1671 καῦτα
1157 1645 1217 1676 ταῖς
1236 1645 1445 1680 γνώμαιςοκαὶ
1475 1647 1500 1672 οἱ
1531 1647 1580 1681 μὲν
1610 1648 1702 1674 αὐτῶν
1729 1657 1848 1682 κακουρ-

1058 1691 1178 1726 γοῦντες,
1194 1691 1279 1726 ψευδῆ
1306 1693 1352 1718 καὶ
1368 1692 1521 1726 σκυθρωπὰ
1537 1693 1708 1728 διηγόρευον,
1736 1693 1777 1726 οἷς
1803 1695 1850 1722 καὶ

1058 1738 1238 1772 προσέχοντες
1257 1737 1286 1764 τὸ
1303 1737 1369 1764 πολὺ
1386 1738 1434 1765 τοῦ
1451 1738 1527 1771 λαοῦ,
1542 1738 1577 1764 δι’
1600 1739 1684 1774 ὀργῆς
1710 1740 1850 1767 ἐποιοῦντο

1056 1783 1102 1809 τον
1115 1782 1272 1817 νομοθέτην,
1285 1784 1331 1810 καὶ
1348 1783 1392 1810 τὸν
1404 1784 1576 1818 ἡγησόμενον
1591 1784 1640 1819 τῆς
1654 1785 1699 1811 ἐπ’
1710 1785 1848 1819 Αἴγυπτον

1057 1829 1225 1864 ἐπιστροφῆς
1237 1829 1360 1865 ἐζήτουν.
1383 1829 1487 1864 Ἰησοῦς
1503 1830 1531 1857 δὲ
1548 1831 1596 1866 τῆς
1614 1830 1732 1866 ἀληθοῦς
1759 1831 1849 1866 εἴχετο

1057 1875 1104 1902 καὶ
1143 1875 1296 1910 κρείττονος
1322 1875 1462 1910 ἀγγελίας,
1493 1877 1540 1902 καὶ
1567 1877 1639 1904 κατὰ
1666 1877 1848 1913 Παλαιστίνην

1057 1921 1182 1958 ἐξαίρων,
1197 1921 1294 1956 δεῖγμα
1308 1921 1357 1956 τῆς
1379 1923 1469 1948 ἐκεῖσε
1485 1923 1590 1957 τρυφῆς
1608 1924 1654 1950 τὸν
1677 1925 1724 1951 ἐπ’
1747 1925 1849 1958 ἀναφο-

1057 1968 1127 2003 ρέως
1141 1968 1321 2003 κομιζόμενον
1353 1968 1452 2003 βότρυν
1482 1969 1612 1997 ἐποιεῖτο.
1648 1969 1684 1996 Σὺ
1714 1970 1742 1996 δὲ
1767 1971 1847 1997 πάλιν

1062 2013 1166 2049 Ἰησοῦν
1194 2013 1314 2047 ἀκούων,
1339 2016 1394 2041 νόει
1412 2023 1457 2048 μοι
1472 2014 1518 2042 τὸν
1547 2015 1675 2048 ἀληθινὸν
1703 2015 1769 2042 Θεον
1802 2017 1848 2043 καὶ

1056 2060 1170 2095 Σωτῆρα
1189 2059 1303 2094 Ἰησοῦν,
1317 2069 1363 2086 τον
1375 2061 1424 2096 τῆς
1439 2061 1561 2097 μεγάλης
1574 2062 1670 2097 βουλῆς
1681 2063 1729 2090 τοῦ
1742 2064 1847 2098 Πατρδς

1057 2105 1199 2139 Ἄγγελον,
1218 2107 1265 2132 καὶ
1299 2106 1349 2141 τῆς
1380 2108 1408 2134 ἐν
1425 2107 1602 2141 ἐπαγγελίαις
1645 2109 1848 2143 μακαριότητος

1054 2150 1198 2186 ἐξηγητὴν,
1213 2151 1258 2176 τὸν
1269 2151 1320 2185 τῆς
1335 2152 1364 2177 ἐν
1375 2151 1482 2186 οὖρανῷ
1496 2152 1635 2186 βασιλείας
1659 2153 1706 2179 καὶ
1716 2154 1848 2188 ἑτοιμασ-

1053 2197 1102 2232 τῆν
1114 2197 1228 2230 ἄνωθεν,
1242 2198 1289 2223 καὶ
1299 2198 1464 2233 κληροδότην
1478 2199 1635 2234 ἐσύστερον,
1647 2200 1738 2231 τὸν¹¹ὼς
1750 2201 1847 2236 βότρυν

215 2251 308 2279 postea
323 2253 388 2272 vero
405 2246 486 2272 etiam
505 2245 673 2278 largitorem,
687 2245 733 2279 qui
749 2252 781 2271 ex
795 2252 876 2271 cruce
888 2251 1003 2278 suspen.

1060 2243 1104 2269 ἐπὶ
1123 2244 1238 2277 σταυροῦ
1255 2243 1456 2278 κρεμασθέντα,
1475 2246 1521 2271 καὶ
1542 2245 1572 2271 τὸ
1597 2243 1666 2280 αἷμα
1699 2247 1738 2278 είς
1767 2234 1847 2273 πόσιν

216 2299 263 2317 sus
299 2289 370 2316 velut
397 2291 491 2316 botrus
518 2289 672 2323 dependet.
710 2289 809 2323 quique
845 2292 1002 2324 sanguinem

215 2344 293 2363 suum
312 2337 338 2363 iu
364 2335 577 2363 immortalitatis
602 2341 694 2369 potum
724 2336 848 2369 praebuit:
876 2336 948 2370 quod
978 2340 1005 2362 ct

215 2383 319 2418 Moyses
345 2382 489 2417 aenigmate
505 2383 620 2417 quodam
640 2387 739 2408 tectum
758 2381 1005 2416 pronuntiavit,tli-

216 2437 281 2456 cens
297 2436 346 2456 eos
360 2429 513 2464 sanguinem
528 2436 584 2455 uva:
604 2428 627 2444 ⁸⁸
641 2427 753 2458 bibisse,
774 2432 802 2454 ut
817 2427 867 2454 hoc
879 2426 1004 2462 loquendi

215 2476 295 2502 modo
321 2474 466 2502 salutarem
490 2474 655 2508 passionem,
681 2473 1000 2507 ctexaltationem,qu:e

215 2529 246 2548 cx
260 2528 341 2549 cruce
353 2521 457 2549 exstitit
475 2521 646 2553 ,dcnotat‘et.
678 2518 745 2546 Num
761 2519 840 2554 igitur
856 2520 924 2550 lucc,
942 2526 1002 2552 qua:

216 2569 349 2595 hactenus
365 2567 448 2600 dicta,
461 2574 568 2594 crucem
587 2565 843 2601 praesigniﬁcarunt,
859 2564 1001 2600 etquidem

216 2621 268 2642 tam
282 2614 422 2650 splendida
447 2634 454 2646 ,
471 2619 580 2648 tamque
606 2613 798 2640 miraculorum
815 2612 902 2646 plena,
916 2613 1005 2639 taber-

1056 2288 1204 2318 ἀθανασίας
1235 2289 1452 2323 παρασχόμενον,
1480 2289 1517 2321 ὡς
1549 2290 1596 2316 καὶ
1624 2291 1726 2325 Μωσῆς
1765 2291 1860 2322 αὐτὸς.

1055 2334 1088 2360 δι’
1105 2335 1266 2369 αἰνίγματος
1288 2336 1409 2370 εἴρηκεν,
1439 2336 1479 2362 ὃτι
1492 2333 1563 2370 αἷμα
1580 2337 1742 2371 σταφυλῆς
1754 2337 1848 2363 ἐπινον

1056 2378 1136 2413 οἶνον,
1154 2381 1186 2407 ἵν’
1199 2381 1269 2408 οὕτω
1285 2382 1314 2408 τὸ
1330 2382 1464 2417 σωτήριον
1478 2383 1661 2418 καταμηνύσῃ
1678 2383 1774 2416 πάθος,
1799 2386 1847 2410 καὶ

1056 2427 1104 2462 τὴν
1119 2427 1236 2462 σταυροῦ
1263 2428 1445 2463 εὐφροσύνην.
1480 2426 1543 2464 ’Ἆρ’
1571 2427 1619 2456 οὖν
1649 2430 1765 2465 σταυρὸν
1796 2431 1846 2464 μὲν

1052 2474 1231 2508 προδιετύπου
1247 2475 1280 2502 τὰ
1297 2475 1436 2510 λεχθέντα,
1455 2475 1501 2501 καὶ
1531 2474 1603 2501 οὕτω
1633 2475 1749 2510 λαμπρά
1766 2484 1796 2501 τε
1812 2473 1846 2509 ἦν

1053 2521 1100 2547 καὶ
1117 2521 1255 2556 θαύματος
1272 2521 1401 2556 γέμοντα,
1424 2522 1440 2556 ἡ
1466 2522 1553 2556 σκηνὴ
1576 2521 1615 2552 δὲ,
1631 2523 1676 2548 καὶ
1691 2522 1724 2548 τὰ
1737 2522 1765 2547 ἐν
1779 2523 1845 2556 αὐτῇ

1055 2566 1121 2601 ἅγια
1130 2567 1261 2598 τοιούτοις
1277 2568 1326 2595 οὐκ
1352 2567 1408 2603 ἔχει
1425 2577 1472 2594 του
1488 2568 1580 2603 τιμίου
1597 2569 1682 2595 τύπου
1701 2567 1847 2603 συμϐόλοις

1056 2612 1239 2647 σεμνύνεσθαι
1255 2622 1263 2646 ;

217 2662 344 2689 naculum
376 2665 528 2694 autem,et
560 2668 619 2695 qua:
641 2660 667 2688 iu
701 2668 733 2688 eo
764 2665 868 2693 sancta,
896 2660 938 2688 his
969 2661 1131 2689 venerandis
1161 2661 1273 2696 pretiosi
1311 2661 1365 2697 typi
1411 2663 1539 2697 symbolis
1573 2663 1682 2690 minime
1713 2669 1844 2690 exornata

217 2709 330 2736 l'ucrint?

252 2754 394 2788 Quomodo
419 2753 528 2782 silentio
559 2754 695 2782 involvam
712 2754 938 2789 qttauriparlitum
955 2762 1003 2788 po-

217 2802 308 2837 pulum
325 2821 331 2832 ,
347 2801 514 2828 tabernaculi
541 2801 697 2830 ministeriis
721 2802 898 2835 destinatum,
918 2803 1004 2830 cruci-

252 2892 273 2907 "
285 2893 364 2920 Deut.
379 2901 463 2925 txstt,
487 2893 526 2920 li.

1099 2753 1152 2780 Καὶ
1170 2753 1227 2784 πῶς
1245 2753 1278 2780 ἂν
1296 2753 1425 2788 παρέλοω
1445 2752 1487 2778 τὶν
1507 2753 1664 2788 τετραμερῆ
1680 2755 1744 2788 περὶ
1761 2753 1846 2787 αὐτὴν

1062 2800 1124 2827 λαὺν
1143 2800 1191 2835 τὴν
1207 2798 1355 2835 σταυρικὴν
1372 2798 1478 2833 ἐκείνην
1499 2798 1664 2834 δορυφορίαν
1696 2800 1742 2826 καὶ
1778 2809 1846 2834 προ-
