1982 3073
127 153 182 184 2'3

720 155 862 192 ORATIO
880 163 920 194 IN
941 164 970 195 S.
992 165 1160 199 CRUCEM.

1692 175 1746 207 274

129 209 276 236 ἀπολέσει
290 209 387 244 αὐτὴν
399 219 405 226 ·
421 211 455 245 ὃς
471 212 496 239 δ’
510 213 549 240 ἂν
562 213 706 242 ἀπολέσει
727 217 786 250 τὴν
807 218 911 246 ἐαυτοὶ

968 222 1059 256 perdet
1082 226 1221 260 eam:qui
1249 232 1336 254 autem
1360 229 1501 261 perdiderit
1526 232 1643 256 animam
1671 239 1750 258 suam

129 255 236 290 ψυχὴν
261 256 367 283 ἕνεκεν
380 257 454 291 ἐμοῦ
470 258 519 285 καὶ
536 259 589 286 τοῦ
606 261 803 296 Euax-relict),
823 261 911 297 οὗτος

966 273 1073 303 propter
1090 278 1130 298 me
1160 278 1184 298 et
1207 271 1391 308 Euangelium,
1408 275 1430 302 is
1452 276 1554 303 saluam
1576 277 1655 311 faciet
1678 285 1750 305 eum.

128 302 224 329 σώσει
242 302 348 336 αὐτὴν.
367 303 470 335 Γλυκύς
486 305 559 332 ἐστιν
571 307 585 332 6
600 309 695 342 παρὼν
711 308 817 343 βίος,ού
835 311 917 338 πᾶσιν

131 345 300 380 ἀνθρώποις,
321 347 389 374 ἀλλὰ
416 349 473 380 τοῖς
496 350 730 386 προσηλουμένοις
755 354 841 389 αὐτῷ.
868 356 917 382 καὶ

130 391 229 426 δεσμός
250 392 324 418 ἔστιν
339 393 355 427 ἠ
368 392 435 428 πρὸς
446 393 480 420 τὰ
494 395 617 430 παρόντα
633 398 772 434 συνήθεια.
796 399 917 435 Ἐνάγων

129 438 221 463 τοίνυν
233 437 306 472 ἡμᾶς
320 438 387 473 πρὸς
403 437 560 475 ἐλευθερίαν
574 443 587 468 6
602 443 713 478 Κύριος,
730 445 807 480 ἔλεγε
817 447 915 479 ταῦτα,

132 482 273 517 προδηλῶν
286 484 351 515 τοὺς
368 483 516 520 διωγμοὺς,
537 486 584 519 οὓς
602 488 714 524 ἔμελλον
732 491 755 517 οί
775 492 815 523 είς
834 492 916 520 αὐτὸν

129 528 341 559 πεπιστευκότες
355 530 426 555 κατὰ
438 531 526 557 πᾶσαν
540 532 615 558 πόλιν
631 535 680 560 καὶ¹
692 528 792 569 ’χώραν
803 535 915 570 ὑφίστα-

130 573 202 600 σθαι.
218 573 251 599 El
261 581 303 604 τις
318 572 377 605 οὖν,
394 575 473 609 φησὶ,
487 577 547 602 τότε
568 578 617 612 τῆς
637 579 736 606 ἑαυτοῦ
751 581 840 616 ψυχῆς
855 583 915 617 φεί-

129 626 224 643 σεται·
242 619 322 645 τοῦτο
345 621 401 654 γὰρ
428 622 557 655 σημαίνει
580 623 611 649 τὺ
635 625 750 652 σῶσαι·
785 627 916 656 ἀπολέσει

128 663 212 698 αὐτὴν
226 664 255 690 ὲν
273 664 311 698 τῷ
329 665 408 692 αἰῶνι
422 667 461 700 τῷ
482 667 624 701 μέλλοντι,
649 671 708 697 ἀντὶ
722 671 780 704 τοῦ,
794 674 916 709 τιμωρίᾳ

128 709 215 742 αὐτὴν
241 711 422 744 παραπέμψει
442 711 573 746 διηνεκεί.
593 714 730 743 Ἀπώλεια
752 717 806 753 γὰρ
827 718 917 754 ψυχῆς

128 754 177 788 οὐχ
191 755 207 788 ἡ
221 756 262 786 εἰς
277 755 308 781 τὸ
325 756 363 791 μὴ
383 755 412 782 ὃν
427 757 550 790 διάλυσις
574 760 659 794 ἐστιν,
679 761 738 788 ἀλλ’
757 763 775 798 ἠ
789 763 917 801 διηνεκὴς

127 800 247 833 τιμωρία
277 802 325 826 καὶ
349 802 561 836 ἀκατάπαυστος
573 813 581 821 ·
597 806 643 832 καὶ
657 807 671 833 ὁ
692 808 851 843 φειδόμενος
866 811 916 847 τῆς

126 844 215 879 ψυχῆς
229 846 314 872 αὐτοῦ
344 847 438 874 τοῦτον
459 849 505 876 τὸν
523 850 624 885 τρόπον
637 852 785 881 ἀπόλλυσιν
809 844 912 891 αὑτήν·

127 889 140 914 6
157 889 243 925 δὲμὴ
268 891 426 927 φειδόμενος
460 894 560 926 σώζει*
587 896 635 923 καὶ
661 897 742 924 τοῦτο
766 899 848 933 σοφός
870 889 914 932 τις

127 935 238 969 ἔλεγεν·
259 937 332 964 Ἐὰν
353 938 521 974 παιδεύσῃς
536 941 606 968 υιόν
619 949 679 969 σου
700 943 735 970 ἐν
754 944 864 977 ῥάϐδῳ,
877 945 913 973 οὐ

125 981 168 1015 μὴ
185 982 324 1017 ἀποθάνῃ
334 992 342 999 ·
356 984 415 1018 τὴν
430 984 465 1011 δὲ
484 985 593 1020 ψυχὴν
615 988 710 1015 αὐτοῦ
726 988 762 1016 ἐκ
783 991 914 1019 θανάτου

123 1028 206 1062 ῥύσῃ
218 1037 225 1044 ·
246 1030 293 1056 καὶ
305 1030 387 1057 πάλιν
396 1037 403 1046 “
424 1031 452 1057 '0
468 1033 644 1068 περιψύχων
658 1034 712 1067 τὸν
724 1036 791 1062 υἱὸν
807 1037 913 1069 αὑτοῦ,

126 1074 267 1102 τουτέστιν
291 1076 386 1109 ἐλεῶν,
403 1077 568 1111 καταδήσει
588 1079 625 1106 τὰ
638 1081 792 1115 τραύματα
806 1083 912 1110 αὑτοῦ.

127 1119 214 1146 Τοῦτο
242 1121 290 1147 καὶ
314 1123 364 1149 ἐπὶ
393 1124 568 1159 στρατοπέδῳ
596 1125 711 1160 γίνεται.
735 1127 798 1154 Ἐὰν
820 1129 874 1165 γὰρ
898 1131 913 1157 ὁ

127 1168 279 1202 στρατηγὸς
293 1168 452 1203 φειδόμενος
464 1170 518 1196 τῶν
532 1173 706 1206 στρατιωτῶν
717 1173 791 1202 ἔνδον
805 1176 912 1203 κελεύει

128 1211 221 1245 μένειν
234 1213 277 1240 διὰ
294 1214 404 1247 παντὸς,
418 1215 466 1242 καὶ
480 1217 543 1249 τοὺς
556 1217 634 1250 ὲκτδς
650 1219 699 1258 σὺν
714 1220 806 1253 αὐτοῖς
824 1230 910 1258 προσ-

126 1256 286 1285 απόλλυσιν.
659 1256 662 1258 Ὗ
837 1267 839 1270 ⁴

163 1301 224 1328 Ἵνα
239 1302 286 1329 οὖν
311 1304 348 1340 μὴ
363 1305 411 1332 καὶ
430 1306 474 1341 ἐφ’
495 1307 575 1342 ἡμῶν
590 1308 668 1336 τοῦτο
691 1311 814 1347 γένηται,
843 1315 912 1349 πρὸς

125 1345 175 1393 την
204 1346 315 1383 διηνεκῆ
345 1349 460 1377 θάνατον
487 1351 607 1380 διδάσκει
631 1354 646 1380 6
662 1345 764 1388 Κύριος
786 1345 913 1393 ἑτοίμους

124 1387 195 1417 εἶναι
214 1392 298 1426 ἡμᾶς.
322 1393 350 1419 Ὀ
367 1395 420 1429 γὰρ
433 1397 466 1431 τῇ
486 1397 578 1431 σχέσει
608 1399 654 1425 καὶ
667 1387 851 1438 τῇνὲπιθυμίᾷ
862 1387 912 1438 τῆς

124 1438 298 1472 προσκαίρου
315 1439 387 1474 ζωῆς
411 1441 465 1468 τῶν
483 1442 554 1477 ὑπὲρ
568 1443 687 1478 Χριστοῦ
708 1447 840 1475 κινδύνων
864 1445 911 1476 xci

123 1482 172 1509 τοῦ
187 1483 302 1511 θανάτου
324 1486 373 1521 τὴν
392 1487 460 1514 ίδὶαν
475 1489 591 1524 ἀπάγων
606 1490 695 1527 ψυχὴν
707 1511 715 1524 ,
730 1485 789 1519 ’καὶ
814 1494 910 1527 σώζειν

123 1527 209 1563 αύτην
233 1529 276 1556 διὰ
292 1531 438 1564 φιλοζωΐαν
452 1533 624 1568 βουλόμενος,
651 1538 785 1564 καὶκατὰ
810 1540 911 1575 κόσμον

124 1573 175 1608 ζῇν
188 1577 417 1612 προαιρούμενος,

121 1621 263 1649 ἀπώλειαν
290 1625 401 1659 ἐκείνην
411 1645 419 1657 ,

122 1665 275 1700 ἀκοίμητον
292 1667 433 1702 σκώληκα,
446 1672 495 1698 καὶ
509 1672 540 1698 τὸ
556 1673 650 1705 σκότος
660 1665 787 1710 προξενεί
798 1677 829 1704 τὸ
843 1677 910 1710 ἐξώ-

121 1720 213 1746 τερον.
229 1713 371 1748 Σωτηρίαν
384 1716 438 1751 γὰρ
451 1716 579 1751 ὠνόμασε
598 1719 647 1754 τὴν
663 1721 812 1755 φιλοζωΐαν
823 1724 837 1750 ὀ
855 1725 910 1751 Κύ-

123 1765 192 1792 ριος,
210 1759 257 1785 καὶ
279 1760 330 1797 τὴν
352 1762 384 1788 ὲκ
408 1762 463 1788 τῶν
487 1764 620 1791 κινδύνων
644 1768 744 1803 φυγήν.
767 1769 796 1795 '0
812 1770 839 1796 δὲ
854 1764 910 1804 τοῖς

122 1803 259 1836 κινδύνοις
290 1807 336 1832 καὶ
358 1807 397 1841 τῷ
418 1808 524 1844 θανάτῳ
546 1810 596 1845 τὴν
613 1811 703 1847 ψυχὴν
727 1814 823 1848 ἐκδοὺς
840 1803 911 1852 ὑπὲρ

121 1848 170 1875 τοῦ
200 1850 330 1885 Χριστοῦ,
358 1853 405 1879 καὶ
424 1854 474 1888 τῆς
501 1856 639 1891 ἀληθείας,
666 1859 783 1894 καὶτῆς
808 1848 911 1888 δικαιοπ-

123 1895 220 1929 σύνης,
235 1897 282 1922 καὶ
299 1896 395 1924 τοῦτον
410 1897 455 1926 τὸν
468 1901 568 1935 τρόπον
583 1902 729 1936 ἀπωλέσας
746 1906 841 1940 αὐτὴν,
860 1907 909 1943 τὴν

123 1940 212 1975 καλὴν
222 1941 305 1974 ὅντως
318 1942 466 1977 ἀπώλειαν,
481 1947 584 1978 ἐκεῖνος
596 1948 705 1981 ἀληθῶς
718 1949 801 1977 σώσει
813 1940 909 1988 αὐτὴν,

121 1986 336 2030 χειραγωγήσας
353 1989 399 2016 ἐπὶ
416 1991 467 2025 τὴν
483 1991 555 2028 ζωὴν
580 1994 629 2029 τὴν
653 1995 797 2030 ἀμείνονα,
820 1986 910 2026 Ἀπω-

121 2029 200 2057 λειαν
214 2033 271 2067 γὰρ
285 2033 374 2068 ψυχῆς
401 2035 448 2062 τὸν
474 2034 527 2063 ἀπὸ
553 2039 600 2065 τοῦ
620 2040 745 2075 σώματος
771 2045 909 2079 χωρισμὸν

119 2075 196 2110 λέγει
212 2078 314 2114 ταύτης
331 2080 401 2115 ὑπὲρ
427 2082 474 2108 τοῦ
497 2084 618 2117 Χριστοῦ
648 2088 694 2113 καὶ
718 2075 924 2116 τῶνηὲντολῶν·

120 2121 216 2149 αὐτοῦ.
240 2124 295 2150 Καὶ
309 2123 324 2149 6
345 2124 389 2151 διὰ
413 2126 499 2154 ταῦτα
522 2128 578 2156 τῶν
600 2130 647 2157 τοῦ
668 2132 784 2160 θανάτου
801 2134 909 2170 δεσμῶν

931 841 952 870 Β

122 2170 344 2204 καταφρονήσας,
360 2169 436 2204 οὗτος
445 2173 495 2200 οὐκ
507 2174 638 2203 ἀπόλλυσι
650 2177 699 2212 τὴν
707 2178 797 2213 ψυχὴν
812 2169 905 2213 αὑτοῦ,
923 2173 946 2201 ο

122 2213 190 2240 ἀλλὰ
205 2214 307 2247 μᾶλλον
324 2217 404 2249 σώζει
424 2219 524 2254 αὑτήν·
540 2221 554 2246 ό
573 2222 600 2247 δὲ
617 2223 752 2259 ἀθετήσας
768 2227 817 2253 τὰς
837 2228 906 2262 ὑπὲρ

119 2259 241 2294 Χριστοῦ
257 2262 402 2296 ὁμολογίας
420 2265 466 2291 καὶ
480 2266 530 2298 τὰς
550 2268 659 2301 ἐντολὰς
673 2271 768 2304 αὑτοῦ,

121 2307 295 2343 βουλόμενος,
310 2311 449 2340 ἀπώλειαν
461 2314 528 2350 αὐτῇ
545 2317 670 2350 προξενεῖ
689 2320 740 2354 τὴν
755 2322 849 2350 ἀΐδιον.

163 2353 242 2382 Ἐπεὶ
255 2357 283 2382 δὲ
298 2357 434 2394 διαφόρως
447 2362 496 2388 καὶ
512 2363 690 2399 πολυτρόπως
706 2353 798 2394 πολλοὶ
810 2370 910 2396 πολλά-

120 2407 165 2431 κις
192 2400 241 2432 τὰς
270 2401 359 2437 ψυχὰς
390 2405 588 2439 ἀπολλύουσιν,
618 2410 633 2445 ἢ
668 2411 861 2447 λῃστεύοντες,

121 2446 318 2484 φονεύοντες,ῆ
335 2450 506 2486 κλέπτοντες,
521 2454 535 2489 ἥ
550 2456 805 2492 τυμϐωρυχοῦντες,
816 2461 831 2495 ἦ
844 2446 908 2488 ἄλλο

120 2499 148 2517 τι
158 2492 214 2519 τῶν
228 2492 366 2528 ἀθεμίτων
379 2496 568 2533 ἐργαζόμενοι,
582 2503 761 2539 προστίθησιν
776 2507 790 2531 6
805 2492 906 2542 Κύριος

120 2536 162 2570 τδ,
177 2538 282 2565 ἕνεκεν
295 2541 380 2574 ἐμοῦ,
399 2544 448 2570 καὶ
463 2545 526 2571 τοῦ
538 2536 731 2582 Εὑαγτελίοι).
755 2551 784 2578 '0
800 2536 854 2586 γὰρ
870 2536 907 2588 μη

121 2583 167 2610 διὰ
181 2584 228 2612 τὸν
244 2586 361 2621 Χριστὸν
375 2592 420 2615 καὶ
432 2591 461 2616 τὸ
475 2591 641 2626 Εὑαγγέλιον
651 2595 770 2628 ἀπολλὺς
780 2583 829 2634 την
839 2583 908 2626 ίδίαν

119 2628 223 2666 ψυχὴν,
247 2633 278 2659 οὐ
307 2634 388 2665 σώζει
413 2637 509 2671 αὐτήν.
539 2639 682 2675 Μακάριος
699 2639 745 2668 οὖν
767 2628 861 2676 ὅντως,
878 2645 907 2677 ὃς

121 2676 215 2703 ἕνεκεν
229 2678 276 2704 τοῦ
291 2680 408 2715 Χριστοῦ
422 2684 467 2709 καὶ
492 2684 538 2710 τοῦ
555 2686 720 2721 Εὑαγγελίου
745 2689 795 2725 τὴν
810 2690 907 2718 ἑαυτοῦ

119 2722 251 2750 ἀπολέσει
267 2725 368 2761 ψυχήν.
388 2728 505 2761 Ἐκεῖνος
521 2732 574 2765 γὰρ
587 2732 695 2767 ἀληθῶς
711 2722 792 2762 σώσει
810 2737 908 2773 αὑτήν.

119 2769 264 2805 Μακάριος
279 2773 292 2798 6
305 2773 361 2804 τοῖς
377 2771 452 2801 οὖσιν
467 2775 569 2803 ἅπασιν
582 2778 735 2812 ἑπαινετῶς
751 2782 906 2816 ἀποθανὼν,

156 2860 167 2876 ⁸
189 2860 269 2888 Prov.
291 2870 358 2892 χχιι.
371 2862 416 2892 ει.
454 2863 464 2881 ⁹
481 2864 565 2893 Eccli.
582 2874 647 2899 xxx,
665 2867 694 2895 9.

969 314 1059 342 Dulcis
1077 321 1119 344 est
1137 324 1258 351 praesens
1275 320 1340 353 vita,
1359 329 1411 349 non
1435 322 1563 350 omnibus
1580 324 1749 356 hominibus,

969 361 1016 387 sed
1032 360 1064 387 iis
1073 362 1117 396 qui
1127 363 1152 390 ei
1164 363 1234 390 aflixi
1248 370 1319 397 sunt,
1330 371 1357 393 et
1370 366 1510 394 vinculum
1519 373 1559 395 est
1576 369 1748 401 praesentium

968 413 1034 433 usus
1053 412 1081 434 et
1103 410 1280 438 consuetudo.
1295 410 1331 439 Ut
1347 419 1411 446 ergo
1429 421 1479 440 nos
1504 413 1643 442 induceret
1661 416 1693 441 ad
1717 416 1750 442 li-

968 452 1099 480 bertatem
1117 454 1257 487 Dominus,
1274 456 1318 483 illa
1343 457 1421 489 dixit,
1440 460 1626 493 praenuntiatus
1656 468 1750 494 perse-

967 499 1102 530 cutiones.
1119 507 1187 534 quas
1215 501 1232 528 ii
1248 502 1294 536 qui
1323 501 1350 529 in
1381 504 1468 536 ipsum
1494 505 1686 538 credidissent,
1703 515 1750 540 per

968 553 1063 572 omnes
1079 546 1203 574 civitates
1218 553 1245 574 et
1262 550 1384 583 regiones
1399 551 1514 578 subituri
1532 558 1620 579 erant.
1640 553 1666 579 Si
1687 554 1749 587 quis

966 597 1032 622 ergo
1049 595 1116 621 tum.
1134 592 1230 626 inquit,
1245 594 1343 621 animae
1357 603 1413 622 suze
1427 598 1578 631 pepercerit
1595 598 1658 631 (hoc
1675 599 1747 625 enim

968 635 1104 669 signiﬁcat
1118 637 1181 664 illud
1198 646 1205 664 :
1226 638 1327 665 salvam
1342 639 1454 675 facere),
1468 643 1562 676 perdet
1579 650 1637 669 eam
1653 643 1679 670 in
1701 651 1751 670 sm-

968 679 1028 707 culo
1042 680 1143 715 futuro,
1158 683 1210 710 hoc
1221 689 1274 716 est,
1297 686 1322 712 in
1336 692 1480 721 perpetuas
1493 695 1554 714 eam
1571 696 1665 723 poenas
1681 698 1750 723 pra--

967 725 1101 760 cipitabit.
1118 728 1238 756 Perditio
1254 731 1326 757 enim
1342 733 1440 758 anima:
1464 739 1515 766 est,
1530 741 1583 760 non
1606 735 1747 762 dissolutio

968 773 993 799 in
1011 773 1138 806 nihilum,
1151 774 1198 802 sed
1215 781 1373 811 perpetuum
1386 778 1557 812 supplicium,
1568 785 1594 807 et
1609 788 1748 815 nunquam

968 816 1123 846 finiendum.
1139 819 1171 846 Et
1199 820 1244 854 qui
1259 822 1345 855 parcit
1369 823 1467 850 anima:
1490 831 1545 851 sua;
1576 825 1627 852 hoc
1655 826 1746 858 modo,

967 863 1055 896 perdit
1070 870 1128 890 eam
1144 872 1151 896 ;
1169 865 1213 899 qui
1232 873 1297 892 vero
1315 874 1367 893 non
1384 869 1481 902 parcit,
1497 870 1599 896 salvam
1614 870 1686 897 facit.
1701 871 1748 897 At-

965 913 1019 940 que
1034 907 1084 934 hoc
1111 909 1220 943 sapiens
1234 911 1343 945 quidam
1370 912 1438 940 dixit
1454 921 1462 941 ;
1478 914 1506 940 Si
1531 915 1691 950 corripueris
1713 917 1746 950 ﬁ-

964 951 1028 978 lium
1042 957 1116 980 tuum
1134 956 1160 981 in
1174 955 1260 990 virga,
1279 965 1331 983 mm
1350 959 1488 990 morietur,
1503 960 1547 986 sed
1563 961 1677 988 animum
1692 963 1748 995 ejus

964 1004 980 1022 a
999 1002 1082 1025 morte
1097 998 1261 1035 liberabis‘;
1283 1006 1311 1029 et
1331 1011 1425 1031 rursus
1441 1013 1448 1032 :
1467 996 1520 1038 Qui
1537 1006 1676 1034 blanditur
1690 1008 1747 1041 [ilio

964 1049 1022 1075 suo,
1053 1042 1079 1070 id
1109 1049 1162 1077 est,
1192 1046 1346 1081 miseretur,
1371 1050 1498 1085 obligabit
1527 1053 1635 1080 vulnera
1656 1053 1745 1087 ejus”.

964 1085 1020 1113 Hoc
1037 1091 1061 1114 el
1081 1088 1106 1115 in
1126 1091 1248 1118 exercitu
1265 1093 1408 1128 contingit.
1427 1095 1455 1122 Si
1474 1104 1591 1132 namque
1607 1099 1659 1125 dux
1686 1107 1747 1134 par-

963 1137 1008 1160 cat
1027 1134 1171 1168 militibus,
1184 1144 1285 1172 eosque
1300 1141 1473 1169 continenter
1489 1151 1599 1171 manere
1615 1145 1683 1172 intra
1699 1153 1745 1172 ca-

963 1184 1018 1206 stra
1032 1179 1138 1214 iubeat,
1155 1190 1202 1210 eos
1224 1191 1330 1220 quoque
1350 1186 1396 1221 qui
1413 1192 1490 1216 extra
1516 1195 1590 1222 sunt,
1605 1199 1657 1218 una
1682 1200 1743 1219 cmn

963 1225 1015 1253 illis
1031 1227 1130 1261 perdit.

996 1319 1036 1347 Ne
1063 1328 1127 1355 ergo
1145 1328 1173 1349 et
1203 1325 1281 1352 nobis
1311 1325 1361 1353 hoc
1380 1328 1509 1361 eveniat,
1526 1329 1558 1355 ad
1585 1331 1744 1358 continuam

963 1369 1078 1393 mortem
1092 1367 1172 1395 docet
1188 1376 1236 1396 nos
1250 1369 1383 1399 Dominus
1396 1381 1456 1401 esse
1472 1380 1593 1409 paratos.
1607 1376 1658 1409 Qui
1671 1378 1743 1404 enim

963 1410 1060 1439 affectu
1078 1418 1105 1439 et
1130 1422 1224 1442 amore
1242 1417 1399 1450 temporalis
1414 1419 1485 1451 vitae,
1502 1421 1620 1447 animam
1637 1429 1712 1449 suam
1729 1431 1744 1449 ιι

964 1457 1090 1490 periculis
1102 1458 1204 1487 Christi
1221 1468 1302 1488 causa
1318 1462 1498 1497 perferendis,
1512 1470 1538 1491 et
1550 1473 1564 1491 a
1582 1471 1668 1492 morte
1682 1467 1746 1493 sub-

924 1507 945 1537 c
962 1502 1046 1533 ducit.
1060 1511 1092 1530 ac
1105 1512 1215 1532 servare
1231 1514 1290 1533 eam
1303 1509 1453 1541 contendit,
1469 1511 1686 1546 mundanamqnc
1704 1512 1744 1538 vi-

962 1553 1016 1576 tam
1027 1550 1224 1584 instituit,eam
1242 1552 1312 1580 haud
1327 1555 1408 1581 dubie
1418 1556 1505 1589 perdit
1521 1557 1564 1584 illa
1579 1558 1744 1592 perditione,

431 1580 625 1615 ἀναμφιΰόλως
641 1584 745 1618 ταύτην
764 1585 911 1613 ἀπόλλυσιν

1149 1580 1154 1584 ,
1397 1580 1403 1581 ,
1522 1580 1564 1584 ..._
1580 1580 1744 1592 ,,ν....-,ν..-,

963 1602 1020 1629 quae
1042 1596 1286 1632 inexstinguihilem
1305 1599 1406 1634 ignem,
1421 1606 1447 1628 et
1466 1609 1585 1630 vermem
1611 1611 1664 1631 non
1679 1605 1744 1631 dur-

436 1626 497 1661 ἥτις
518 1628 548 1654 τὺ
564 1628 697 1656 ἄσῦεστον
713 1629 780 1667 πῦρ,
804 1633 851 1659 καὶ
866 1633 911 1659 τὸν

963 1641 1102 1674 mientem,
1117 1647 1145 1669 et
1166 1644 1292 1671 tenebras
1308 1646 1457 1674 exteriores
1471 1648 1610 1677 conciliat.
1623 1649 1744 1678 Salutem

961 1686 1033 1713 enim
1057 1688 1208 1715 nominavit
1226 1688 1359 1718 Dominus
1375 1699 1494 1720 amorem
1512 1694 1583 1728 vitae,
1596 1700 1621 1722 et
1635 1696 1745 1730 pericu-

963 1731 1049 1758 lorum
1065 1731 1206 1768 cﬂ‘ugium.
1224 1733 1274 1766 Qui
1290 1739 1380 1762 autem
1394 1737 1524 1771 periculis
1537 1745 1565 1766 et
1585 1740 1667 1766 morti
1683 1741 1744 1767 ani-

963 1784 1032 1803 tuam
1048 1780 1160 1812 exponit
1178 1786 1225 1813 pro
1242 1779 1362 1813 Christo,
1377 1786 1404 1809 et
1420 1784 1545 1817 veritate,
1575 1789 1602 1812 et
1625 1786 1743 1820 iustitia,

961 1826 988 1849 et
1011 1822 1061 1850 hoc
1078 1825 1157 1850 modo
1170 1831 1229 1851 eam
1250 1826 1348 1860 perdit,
1364 1828 1494 1861 praeclara
1512 1830 1634 1863 profecto
1651 1833 1741 1864 perdi-

961 1869 1044 1899 tione,
1076 1869 1119 1897 ille
1133 1863 1197 1897 vere
1213 1871 1317 1898 salvam
1339 1872 1405 1900 facit
1423 1881 1494 1908 eam,
1508 1875 1637 1910 ducitque
1655 1877 1688 1903 ad
1705 1878 1744 1904 vi-

961 1919 1016 1941 tam
1036 1915 1185 1944 meliorem.
1206 1916 1389 1946 Perditionem
1406 1920 1477 1947 enim
1489 1922 1595 1954 animat,
1612 1928 1690 1949 vacat
1701 1931 1745 1950 se-

961 1961 1127 1994 parationem
1156 1963 1216 1996 ejus
1232 1970 1246 1990 a
1267 1971 1381 1999 corpore
1407 1970 1516 2000 propter
1548 1967 1686 1995 Christum
1716 1974 1744 1996 et

961 2007 1087 2033 matulam
1107 2007 1186 2042 ejus;
1205 2013 1232 2034 et
1246 2009 1290 2043 qui
1312 2015 1421 2044 propter
1439 2011 1495 2039 hinc
1527 2013 1623 2040 mortis
1638 2013 1742 2041 vincula

960 2052 1162 2085 contempserit,
1181 2053 1203 2078 is
1217 2060 1269 2078 non
1291 2055 1378 2087 perdit
1392 2056 1507 2083 animant
1526 2065 1614 2090 suam,
1629 2059 1675 2085 sed
1693 2066 1742 2093 po-

961 2095 1013 2122 tius
1030 2097 1132 2124 salvum
1168 2091 1241 2125 facit.
1272 2099 1307 2126 At
1329 2101 1375 2134 qui
1405 2102 1515 2129 violarit
1542 2104 1742 2132 confessionem

960 2138 1059 2167 Christi
1076 2147 1102 2167 et
1121 2144 1244 2168 Inamlata
1270 2143 1340 2178 ejus,
1359 2149 1386 2171 et
1412 2152 1522 2178 servare
1543 2147 1599 2174 vult
1623 2149 1740 2176 animant

962 2186 1030 2211 citra
1055 2179 1172 2219 pericula
1191 2193 1217 2215 et
1235 2194 1359 2222 mortem,
1376 2192 1553 2224 perditionem
1575 2194 1600 2221 ei
1615 2195 1743 2223 conciliat

961 2232 1164 2265 sempiternam.

788 2275 832 2299 καὶ
848 2275 945 2307 σώζειν
961 2278 1010 2313 τὴν
1023 2279 1111 2316 ψυχὴν
1125 2282 1202 2313 me;
1217 2283 1272 2310 τῶν
1299 2284 1429 2311 κινδύνων
1464 2287 1512 2313 καὶ
1545 2286 1592 2313 τοῦ
1626 2287 1741 2315 θανάτου

994 2373 1125 2406 Quoniam
1152 2383 1216 2403 vero
1240 2376 1355 2405 diversis
1377 2378 1524 2413 multisque
1549 2381 1636 2407 modis
1664 2379 1741 2407 multi

892 2416 907 2450 ἢ
958 2427 1142 2454 sa-penumero
1161 2423 1265 2449 animas
1286 2424 1413 2457 perdunt,
1429 2426 1487 2452 sive
1505 2426 1666 2462 latrociniis,
1684 2428 1741 2454 sive

958 2466 1123 2499 homicidiis,
1139 2468 1196 2495 sive
1210 2469 1299 2501 furtis,
1318 2470 1375 2497 sive
1387 2471 1572 2506 sepulcrorum
1586 2473 1740 2504 effussione.

957 2513 1014 2539 sive
1038 2514 1098 2540 aliis
1129 2514 1239 2541 nefariis
1266 2516 1454 2549 facinoribus;
1486 2519 1559 2545 addit
1587 2518 1740 2546 Dominus:

955 2552 1061 2592 propter
1076 2568 1114 2587 me
1128 2566 1152 2587 at
1179 2561 1360 2596 Evmtgelium.
1385 2563 1436 2595 Qui
1464 2565 1535 2592 enim
1558 2574 1610 2592 non
1632 2571 1740 2601 propter

955 2606 1092 2632 Christum
1103 2610 1130 2633 et
1140 2606 1313 2641 Evangelium
1327 2609 1415 2643 perdit
1427 2610 1555 2643 animam,
1571 2619 1622 2638 non
1637 2611 1739 2638 salvam

956 2651 1021 2677 facit
1037 2658 1106 2678 eam.
1126 2651 1225 2680 Beatus
1244 2653 1325 2688 igitur
1342 2662 1445 2687 revera,
1464 2657 1509 2691 qtti
1526 2662 1636 2691 propter
1658 2657 1739 2683 (Ilrri-

955 2702 1026 2723 stnm
1043 2703 1071 2725 et
1087 2698 1262 2733 Evangelium
1286 2700 1434 2734 perdiderit
1449 2703 1566 2729 animam
1591 2711 1676 2730 suum.
1693 2702 1740 2730 ille

956 2750 1073 2778 namque
1088 2751 1150 2771 vere
1164 2752 1222 2771 eam
1250 2745 1352 2773 salvam
1378 2746 1452 2775 facit.
1475 2747 1572 2775 Beatus
1596 2749 1641 2783 qui
1659 2749 1738 2775 rebus

955 2787 1083 2815 omnibus
1101 2787 1275 2817 laudabiliter
1297 2795 1420 2818 mortuus
1435 2792 1536 2825 fuerit;
1553 2793 1737 2826 scnsibilibus,
