1982 3073
127 115 182 147 277

725 113 868 144 ORATIO
887 113 928 143 IN
949 113 981 144 S.
1002 112 1165 144 CRUCEM.

1705 107 1758 141 278

130 172 231 207 μικρὸν
245 171 423 206 ὑποθέσεσιν,
434 172 523 208 Ἐμοὶ,
546 173 645 207 λέγων,
662 173 708 204 δὺς
723 173 773 208 τὴν
788 174 920 208 σήμερον,

980 171 1050 203 llihi.
1066 171 1166 206 inquit,
1181 170 1251 198 diem
1267 170 1299 197 da
1324 169 1495 203 hodiernum,
1512 167 1569 195 Deo
1588 167 1758 197 crastinum;

128 218 190 252 Θεῴ
204 217 233 244 δὲ
252 218 303 253 τὴν
320 218 428 253 αὕριον·
448 219 510 254 ὲμοὶ
524 219 554 245 τὸ
567 219 657 254 παρδν
671 219 726 252 δὸς,
751 218 812 253 Θεῷ
836 218 864 245 δὲ
887 217 918 244 τὸ

130 264 245 298 μέλλον·
266 265 311 291 ἵνα
336 264 407 291 οὕτω
424 264 609 300 βραδυνόντων
635 264 715 299 ἡμῶν
740 264 807 300 πρὸς
837 264 919 298 μετά-

129 322 204 340 νοιαν
223 313 271 338 καὶ
292 312 447 347 διόρθωσιν,
481 312 604 338 ἐπελθὼν
625 311 776 347 ἀφαρπάσῃ
792 312 806 337 δ
834 311 918 337 θάνα-

129 366 189 390 τος,
207 357 245 392 μὴ
261 357 345 388 δντως
374 357 570 392 λυτρουμένου,
594 357 663 392 μηδὲ
690 356 836 388 σώζοντος.
854 356 921 383 Ἀν-

129 403 238 438 Opunta;
252 403 301 437 μὲν
318 401 365 428 οὖν
379 402 428 428 οὐκ
443 402 499 437 ἔχει
513 411 540 428 τι
554 401 646 428 δοῦναι
671 402 850 437 ἀντάλλαγμα
871 402 921 436 τῆς

129 448 221 483 ψυχῆς
235 448 329 475 αὐτοῦ’
344 449 357 475 ό
369 448 396 474 δὲ
413 448 478 480 Θεὸς
494 449 545 483 τῆς
556 448 635 484 ἡμῶν
659 448 797 484 σωτηρίας
827 448 921 475 ἕνεκεν

129 494 245 522 δέδωκεν
259 495 438 528 ἀντάλλαγμα
456 494 485 520 τὸ
496 495 587 528 τίμιον
602 492 672 529 αἷμα.
684 494 731 521 τοῦ
746 493 810 521 Υἱοῦ
825 493 920 521 αὐτοῦ.

130 541 176 566 Διὸ
196 540 362 574 παρακαλῶ,
376 541 411 567 τὰ
429 540 511 568 λοιπὰ
531 542 620 568 πάντα
647 541 776 574 ἀφεντες,
804 541 845 571 εἰς
873 539 922 575 τὴν

129 586 219 620 ψυχὴν
237 585 347 612 ἅπασαν
362 586 414 620 τὴν
426 586 546 622 σπουδὴν
559 587 765 621 ἀναλίσκωμεν.
779 586 840 613 Τῶν
868 585 923 621 γὰρ

131 634 161 659 ὲν
178 633 245 668 ἡμῖν
263 633 373 660 πάντων
394 633 564 669 κυριώτερον
579 634 594 669 ή
607 633 681 669 ψυχή
700 634 787 660 ἐστιν.
808 633 857 664 ’ος
868 633 924 668 γὰρ

131 678 180 704 ἐὰν
206 676 380 714 ἀπαισχυνθῇ
399 687 443 713 με,
462 679 540 713 φησὶ,
555 679 602 706 καὶ
619 679 682 710 τοὺς
713 679 799 714 ἐμοὺς
825 679 925 712 λόγους

131 724 161 748 ἐν
173 724 255 758 γενεᾷ
266 723 353 759 ταύτῃ
367 726 399 758 τῇ
417 724 555 759 μοιχαλίδι
582 724 630 751 καὶ
654 724 808 760 ἁμαρτωλῷ
819 732 827 740 ·
850 725 896 752 καὶ
911 725 925 752 δ

132 769 199 800 Tib;
226 769 274 796 τοῦ
297 769 443 804 ἀνθρώπου
468 770 718 805 ἐπαισχυνθήσεται
745 770 839 804 αὑτὸν,
861 771 926 798 ὅταν

132 815 200 851 ἔλθῃ
215 816 244 841 ὲν
261 816 293 850 τῇ
311 815 375 851 δόξῃ
392 816 438 842 τοῦ
452 817 560 851 Πατρδς
578 817 660 843 αὑτοῦ
679 817 748 851 μετὰ
768 817 822 843 τῶν
842 817 925 851 ἀγγέ-

131 858 186 884 λων
201 858 256 885 τῶν
273 859 370 892 ἁγίων.
391 860 428 885 Οὺ
452 861 533 894 μόνον
549 861 619 887 κατὰ
638 861 758 888 διάνοιαν
791 862 928 888 πιστεύειν

131 903 290 937 ὀφείλομεν,
303 904 372 930 ἀλλὰ
386 906 434 932 καὶ
448 905 497 939 τὴν
513 906 557 932 διὰ
585 907 721 941 στόματος
734 907 926 942 ἀπαιτούμεθα

132 947 282 982 ὁμολογίαν
293 957 299 962 ·
314 949 409 984 ἐπειδὴ
425 950 480 984 γὰρ
506 950 618 983 διπλοῦς
635 952 709 977 ἐστιν
737 953 750 978 ὁ
770 952 924 988 ἄνθρωπος,

132 992 246 1024 διπλοῦς
259 994 378 1021 ἐστικαὶ
392 995 405 1020 ὸ
421 995 567 1029 ἀγιασμός.
581 995 740 1030 Ἀγιάζεται
753 995 834 1031 γὰρὴ
848 997 924 1033 ψυχὴ

132 1038 177 1065 διὰ
193 1038 242 1072 τῆς
262 1039 409 1074 ὁμολογίας
420 1049 427 1056 ·
442 1040 535 1072 καθὼς
550 1041 596 1068 καὶ
607 1043 621 1068 ὁ
647 1042 809 1074 ’Λπόστολος
825 1043 899 1078 λέγει
914 1050 923 1060 ·

133 1086 246 1120 Καρδίᾳ
259 1086 319 1121 μὲν
333 1087 387 1120 γὰρ
398 1088 571 1115 πιστεύεται
584 1090 627 1121 εἰς
637 1088 848 1123 δικαιοσύνην·
858 1090 927 1116 στό-

133 1138 204 1163 ματι
218 1130 252 1157 δὲ
266 1131 456 1166 ὁμολογεῖται
470 1133 515 1165 εἰς
537 1134 700 1166 σωτηρίαν.
735 1134 764 1160 ’0
787 1135 815 1161 δὲ
845 1136 926 1161 ἐπαιο

135 1175 302 1208 σχυνόμενος
321 1176 369 1202 καὶ
384 1178 583 1212 ἐντρεπόμενος
600 1178 639 1212 τῷ
662 1180 867 1214 ὲσταυρωμένῳ
883 1189 928 1206 πμ

134 1221 249 1247 σπεῦσαι
278 1221 401 1257 Χριστῷ,
436 1223 483 1249 καὶ
517 1224 686 1259 ὁμολογῆσαι
713 1225 780 1252 Θεὸν
807 1226 925 1253 ἑαυτοῦ·

133 1266 370 1302 ἑπαισχυιόμενος
395 1267 423 1294 δὲ
441 1269 561 1301 καὶτοὺς
577 1269 658 1297 αὑτοῦ
688 1271 783 1305 λόγους
804 1272 867 1303 τοὺς
897 1273 926 1300 ὲν

132 1312 173 1346 τῷ
205 1313 275 1348 ἁγίῳ
294 1314 463 1350 Εὐαγγελίῳ,
492 1316 588 1343 τοῦτον
604 1317 652 1344 καὶ
676 1319 690 1345 ό
715 1319 818 1354 Κύριος
846 1322 926 1347 ἐπαι-

970 218 1038 245 mibi
1064 223 1169 252 tempus
1192 224 1331 252 praesens,
1349 216 1413 248 Deo,
1433 216 1572 244 futurum;
1589 217 1617 240 ut
1642 213 1679 240 ita
1706 218 1759 240 tar-

971 265 1067 292 dantes
1091 265 1125 292 ad
1147 265 1345 298 paenitentiam,
1365 269 1392 290 et
1411 262 1642 292 emendationem.
1665 268 1759 296 super-

970 311 1084 338 veniens
1102 310 1220 344 abripiat
1242 317 1325 342 mors,
1345 309 1455 344 quando
1472 317 1524 335 non
1551 313 1603 341 est,
1621 309 1667 342 qui
1692 306 1760 334 redi-

972 361 1041 390 mat,
1068 364 1156 390 neque
1180 356 1227 391 qui
1251 356 1355 383 salvum
1380 355 1473 382 faciat.
1496 355 1581 382 llomo
1606 355 1688 390 igitur
1710 362 1762 381 non

972 409 1062 439 potest
1090 404 1156 430 dare
1188 403 1308 437 aliquam
1335 403 1576 430 commutationem
1599 409 1648 436 pro
1673 401 1762 428 anima

974 456 1021 475 sua
1036 457 1043 481 ;
1062 447 1131 475 Deus
1150 455 1215 475 Vero
1233 455 1282 482 pro
1297 453 1388 475 nostra
1411 449 1500 474 salute
1518 448 1591 474 dedit
1610 452 1762 474 commuta-

974 495 1088 526 tionem,
1105 495 1256 529 pretiosum
1271 494 1429 528 sanguinem
1446 493 1506 520 Filii
1524 494 1577 521 sui.
1596 494 1686 526 Quare
1699 493 1763 520 bor-

976 545 1030 573 tor.
1049 545 1080 568 ut
1095 541 1222 568 omnibus
1246 541 1352 567 cteteris
1377 539 1468 566 missis
1489 540 1516 566 in
1543 541 1661 566 animam
1683 548 1763 566 (nunc

974 588 1092 625 studium
1108 587 1291 614 conferamus.
1309 586 1380 613 Nihil
1401 587 1472 613 enim
1492 587 1517 613 in
1537 586 1616 613 nobis
1631 590 1763 620 pnes-tan-

975 634 1029 660 tius
1044 633 1143 660 anima.
1158 633 1209 665 Qui
1227 632 1298 660 enim
1322 639 1365 659 tne
1378 632 1527 662 erubuerit.
1542 632 1640 666 inquit,
1656 636 1683 659 et
1706 638 1763 658 ser-

976 686 1071 706 mones
1084 685 1159 706 meos
1173 679 1199 706 in
1217 678 1393 713 generatione
1414 678 1465 705 ista
1480 678 1603 705 adultera
1619 683 1646 705 et
1670 685 1752 712 pecca

976 725 1056 756 trice,
1071 729 1097 752 et
1109 723 1194 751 Filius
1206 724 1324 751 hominis
1341 725 1484 751 erubescet
1495 731 1568 755 eunt,
1584 730 1646 750 cum
1660 724 1764 750 venerit

977 771 1003 798 in
1020 770 1104 805 gloria
1124 770 1212 797 Patris
1231 770 1271 797 sui
1293 777 1353 797 cum
1372 769 1476 805 angelis
1500 769 1614 797 sanctis.
1636 768 1694 797 Non
1721 777 1766 796 so-

979 815 1034 843 lum
1052 816 1122 850 apud
1137 816 1259 842 animum
1274 815 1386 842 credere
1400 815 1541 847 debemus,
1558 815 1605 842 sed
1625 815 1681 843 oris
1695 823 1766 850 quo-

979 868 1032 894 que
1049 860 1186 888 confessio
1201 869 1215 887 a
1232 860 1309 888 nobis
1326 860 1456 895 exigitur.
1473 860 1606 893 Quoniam
1624 861 1695 887 enim
1714 861 1766 887 du-

978 907 1037 941 plex
1053 911 1094 934 est
1110 906 1200 938 homo,
1217 906 1314 941 duplex
1333 911 1376 934 est
1390 910 1417 934 et
1432 907 1620 934 sanctificatio.
1636 905 1765 933 Sanetiti-

977 958 1055 980 catur
1066 954 1138 980 enim
1151 954 1239 980 anima
1253 962 1300 988 per
1310 953 1524 985 confessionem,
1536 954 1764 988 quemmlmodutn

975 999 1056 1027 etiam
1075 999 1220 1034 Apostolus
1238 999 1304 1027 dicit
1318 1009 1325 1026 :
1341 1000 1427 1027 Corde
1443 1001 1511 1026 enim
1532 1001 1650 1027 creditur
1666 1001 1700 1027 στ’
1716 1001 1765 1036 ju-

974 1046 1087 1078 stitiam,
1107 1053 1152 1072 ore
1171 1051 1258 1072 autem
1285 1046 1315 1079 ﬁt
1336 1046 1465 1081 confessio
1489 1046 1523 1072 ad
1542 1047 1653 1073 salutent
1667 1047 1698 1074 ¹⁰.
1714 1047 1765 1080 Qui

976 1097 1066 1118 autem
1093 1093 1229 1118 erubescit
1250 1097 1277 1118 et
1298 1093 1497 1119 verecundutur
1520 1094 1632 1120 credere
1657 1094 1766 1121 Christo

977 1137 1117 1169 crucifixn,
1130 1142 1158 1164 ct
1181 1136 1266 1164 Deum
1285 1145 1363 1165 suunt
1381 1139 1525 1172 conﬁteri;
1540 1140 1678 1166 erubescit
1703 1140 1765 1166 item

978 1191 1119 1210 sermones
1136 1184 1194 1219 ejus
1221 1184 1248 1211 in
1271 1190 1365 1211 sancto
1381 1185 1540 1220 Evangelio:
1555 1194 1615 1213 eum
1640 1185 1768 1213 Dominus

977 1237 1086 1264 quoque
1109 1232 1263 1264 erubescet,
1281 1236 1307 1258 et
1325 1239 1432 1259 servum
1450 1240 1480 1259 se
1499 1233 1638 1268 indignum
1662 1233 1768 1268 judica-

982 1277 1029 1307 bit,
1047 1284 1106 1303 cum
1123 1277 1229 1304 vetuerit
1243 1279 1268 1304 itt
1287 1279 1407 1305 secrtudo
1421 1279 1536 1305 adventu
1552 1287 1613 1306 suo.
1629 1279 1654 1306 in
1670 1280 1769 1306 virtute

982 1327 1007 1349 et
1025 1322 1111 1355 gloria
1126 1331 1235 1356 magna,
1255 1332 1315 1350 cum
1329 1325 1458 1351 satellitio
1474 1326 1643 1359 angelorum.

134 1360 330 1395 σχυνθήσεται,
344 1362 456 1395 ἀνάξιον
480 1363 574 1392 δοῦλον
601 1366 704 1400 κρίνων
724 1366 835 1401 ἑαυτοῦ,
863 1368 928 1395 ὅταν
945 1369 1010 1405 ἔλθῃ
1027 1371 1056 1396 ὲν
1075 1371 1108 1406 τῇ
1126 1370 1242 1406 δευτέρᾳ
1272 1371 1355 1398 αὑτοῦ
1390 1372 1540 1408 παρουσίᾳ,
1584 1374 1614 1398 ὲν
1653 1373 1768 1406 δυνάμει

134 1409 181 1435 καὶ
201 1408 263 1444 δόξῃ
283 1408 367 1444 πολλῇ
389 1410 460 1444 μετὰ
493 1412 544 1446 τῆς
578 1412 744 1448 δορυφορίας
756 1413 811 1440 τῶν
841 1415 976 1450 ἀγγέλων.

177 1457 264 1492 Ἀμὴν
277 1457 350 1491 λέγω
361 1458 437 1492 ὑμῖν,
452 1459 493 1485 ὅτι
516 1460 571 1486 εἰσι
589 1469 660 1492 τινες
692 1461 747 1488 τῶν
763 1459 815 1489 ὦδε
841 1463 924 1498 ἑστη-

1018 1466 1102 1493 Atnen
1126 1466 1186 1494 dico
1205 1466 1292 1498 vobis,
1306 1471 1369 1493 sunt
1384 1467 1492 1501 quidam
1508 1465 1542 1493 dc
1558 1465 1603 1492 hic
1618 1466 1765 1498 stantibus.

134 1504 234 1536 κὸτων,
253 1505 353 1536 οἵτινες
370 1506 400 1531 οὐ
428 1506 466 1541 μὴ
500 1506 643 1540 γεύσονται
663 1507 792 1543 θανάτου,
822 1509 874 1541 ἕως
895 1512 927 1538 ἂν

980 1512 1026 1545 qui
1049 1519 1099 1538 non
1119 1513 1266 1545 gustabunt
1283 1517 1408 1544 mortem,
1427 1512 1514 1539 donec
1526 1512 1635 1538 videant
1653 1519 1764 1547 regi-um

135 1549 212 1575 ῑδωσι
236 1549 287 1584 τὴν
309 1549 450 1584 βασιλείαν
466 1551 512 1577 τοῦ
533 1552 601 1578 Θεοῦ
625 1553 787 1588 ἐληλυθυῖαν
803 1556 832 1582 ὲν
848 1556 929 1583 δυνά-

136 1603 195 1630 μει.
212 1595 264 1621 Τὸν
280 1595 384 1631 Πέτρον
403 1598 450 1623 καὶ
480 1597 610 1624 Ὶάκωόον
639 1601 688 1627 καὶ
709 1599 835 1635 Ἰωάννην
856 1602 930 1636 λέγει

135 1640 235 1672 οὕτως.
263 1642 300 1668 Οὐ
316 1642 356 1677 μὴ
375 1642 569 1676 ἀποθανοῦσιν,
586 1644 667 1679 ἄχρις
683 1646 716 1672 ἂν
741 1646 821 1679 δείξω
838 1648 931 1682 αὐτοῖς

138 1687 169 1713 ἐν
186 1687 219 1721 τῇ
234 1688 446 1723 μεταμορφώσει
462 1689 532 1724 μετὰ
551 1691 630 1722 ποίας
643 1691 720 1726 δόξης
735 1693 823 1727 μέλλω
843 1703 932 1730 παρα-

137 1733 268 1768 γενέσθαι
287 1735 316 1761 ὲν
328 1736 360 1769 τῇ
374 1735 488 1772 δευτέρᾳ
503 1737 650 1773 παρουσίᾳ.
673 1738 705 1764 Ἠ
720 1739 776 1774 γὰρ
793 1742 932 1776 μεταμόρ-

137 1788 226 1813 φωσις
251 1781 299 1806 τοῦ
324 1781 445 1816 Χριστοῦ
470 1784 639 1818 προμήνυμα
662 1783 695 1820 ἦν
716 1787 766 1820 τῆς
798 1786 930 1821 δευτέρας

137 1825 222 1851 αὑτοῦ
250 1827 414 1861 παρουσίας.
435 1828 484 1854 Ὃν
506 1830 560 1862 γὰρ
580 1830 681 1865 τρόπον
695 1830 801 1865 ἔλαμψε
814 1832 874 1858 τότε
901 1833 931 1859 τὸ

137 1872 288 1906 πρόσωπον
304 1872 352 1899 τοῦ
366 1873 493 1908 Σωτῆρος
514 1875 592 1909 ἡμῶν
605 1876 651 1902 καὶ
663 1875 731 1902 Θεοῦ
756 1876 794 1908 ὡς
814 1876 827 1903 ὁ
844 1878 930 1913 ἥλιος,

137 1919 172 1944 τὰ
190 1918 219 1944 δὲ
241 1919 336 1952 ἱμάτια
351 1919 436 1945 αὑτοῦ
455 1921 579 1954 ἐγένοντο
592 1921 677 1948 λευκὰ
699 1922 737 1953 ὡς
751 1923 781 1949 τὸ
793 1923 850 1957 φῶς
864 1931 871 1938 ⁶
885 1925 931 1950 τὸν

138 1965 222 1991 αὐτὸν
229 1965 262 2001 δὴ
276 1966 376 2000 τρόπον
383 1966 522 1992 ἐλεύσεται
536 1967 590 1994 ἀπὸ
601 1968 717 2002 οὐρανοῦ
729 1968 794 1995 ὡσεὶ
803 1970 930 2005 ἀστραπὴ

140 2012 170 2037 ἐν
181 2012 297 2046 δυνάμει
311 2013 359 2039 καὶ
387 2013 453 2048 δόξῃ
476 2013 560 2048 πολλῇ
593 2015 685 2049 κρῖναι
712 2015 746 2041 τὰ
773 2015 930 2050 σύμπαντα.

142 2059 198 2086 Καὶ
213 2058 309 2094 ὥσπερ
335 2060 455 2094 συνῆσαν
481 2059 557 2095 αὺτῷ
586 2060 699 2095 Πέτρος,
721 2061 862 2094 Ἰάκωϐος,
885 2062 933 2088 καὶ

146 2105 275 2138 Ἰωάννης
290 2107 319 2131 ὲν
345 2105 384 2139 τῷ
409 2105 467 2140 δμει
499 2106 537 2141 τῷ
564 2106 650 2142 ἁγίῳ·
675 2106 746 2133 οὓτω
774 2108 931 2134 συνέπονται

980 1557 1026 1585 Dei
1051 1557 1162 1584 veniens
1189 1557 1216 1583 iu
1244 1558 1353 1589 virtute.
1384 1557 1505 1590 Petrum,
1519 1562 1547 1584 et
1568 1556 1710 1587 Iacobum,
1739 1560 1766 1584 et

979 1603 1112 1630 Joannem
1126 1603 1201 1631 dicit.
1223 1603 1282 1630 Non
1305 1602 1455 1630 morientur
1473 1604 1558 1630 donec
1573 1603 1717 1630 ostendero
1730 1602 1770 1630 eis

982 1650 1009 1677 in
1030 1650 1280 1685 transﬁguratione,
1305 1653 1405 1684 quanta
1419 1657 1479 1676 cum
1499 1649 1584 1684 gloria
1603 1649 1653 1676 sint
1671 1653 1769 1675 ventu-

982 1704 1027 1723 rtts
1043 1696 1070 1723 in
1084 1697 1202 1724 secundo
1213 1697 1341 1723 adventu.
1356 1695 1571 1731 Transfiguratio
1582 1695 1655 1722 enim
1666 1695 1767 1722 Clu-isti

982 1742 1131 1777 praenuntia
1149 1746 1209 1768 erat
1224 1742 1334 1769 secundi
1347 1742 1482 1769 adventus
1501 1742 1568 1775 ejus.
1586 1741 1768 1774 Quemadmo-

982 1788 1046 1814 dum
1062 1789 1134 1815 enim
1151 1793 1206 1815 tum
1224 1788 1361 1822 splenduit
1376 1787 1460 1815 facies
1478 1787 1627 1815 Salvatnris
1643 1787 1726 1816 nostri
1743 1796 1770 1816 ρι

984 1833 1042 1865 Dci.
1055 1839 1182 1868 tanquam
1197 1834 1248 1866 sol,
1264 1833 1424 1861 vestimenta
1440 1839 1531 1861 autem
1547 1834 1606 1870 ejus
1624 1835 1694 1861 facta
1709 1841 1773 1861 sunt

983 1880 1041 1906 allu
1056 1881 1126 1906 sicut
1143 1880 1201 1911 nix,
1225 1880 1262 1907 ita
1280 1880 1372 1907 veniet
1389 1880 1422 1908 de
1439 1882 1508 1908 coelo
1527 1886 1654 1916 tauquam
1671 1880 1771 1915 fulgur,

984 1927 1010 1953 in
1029 1928 1127 1953 virtute
1149 1931 1177 1954 et
1197 1926 1280 1961 gloria
1300 1934 1410 1963 magna,
1425 1928 1550 1962 judicare
1571 1928 1673 1955 omnia.
1692 1927 1724 1952 Et
1742 1931 1771 1952 ut

983 1980 1044 1999 cum
1061 1979 1093 1999 co
1109 1972 1219 2001 fuerunt
1242 1974 1350 2006 Petrus,
1369 1978 1396 2001 et
1420 1973 1548 2006 Jacobus,
1566 1978 1593 2001 ct
1606 1973 1726 2000 Joannes
1744 1973 1770 1998 in

985 2022 1076 2045 1110111.οέ
1102 2023 1208 2048 sancto.
1226 2019 1260 2046 illi
1286 2027 1347 2046 cum
1368 2026 1401 2046 80
1429 2024 1509 2047 erunt.
1523 2026 1617 2046 omnes
1634 2019 1730 2051 sancti,
1745 2023 1774 2046 Cl

982 2061 1056 2095 justi.
1075 2067 1102 2090 ct
1121 2063 1212 2096 electi,
1228 2063 1397 2098 perfruenles
1416 2064 1508 2091 divino
1529 2063 1587 2098 ejus
1604 2068 1725 2098 aspectu,
1745 2067 1772 2088 et

986 2109 1161 2138 inenarrabili
1187 2117 1270 2146 atque
1304 2110 1435 2138 ineffabili
1464 2111 1561 2146 gaudio
1592 2114 1618 2138 et
1650 2109 1771 2138 exsulta-

140 2151 216 2186 αὐτῷ
224 2151 325 2183 πάντες
336 2152 360 2178 o!
372 2151 456 2185 ἅγιοι,
468 2153 517 2179 καὶ
531 2152 675 2186 οἱδικαιοι,
690 2154 737 2180 καὶ
751 2153 776 2179 ol
792 2154 930 2187 ἐκλεκτοὶ,
947 2150 969 2178 Ι)
985 2157 1067 2183 tiouc.

140 2198 323 2230 ἀπολαύοντες
357 2199 409 2234 τῆς
444 2198 527 2225 αὑτοῦ
563 2199 720 2234 Θεοφανιας,
748 2201 796 2228 καὶ
823 2200 872 2236 τῆς
899 2201 1108 2238 ἀνεκδιηγήεου,

141 2254 221 2277 σεως.

175 2292 271 2319 Ταῦτα
285 2291 378 2318 τοίνυν
394 2292 506 2324 ειδότες,
522 2293 673 2327 ἀγαπητοὶ,
701 2293 930 2329 ἀπαρνησὼμεθα

141 2338 280 2373 καὶὴμεῑς
308 2339 424 2370 ἑαυτοὺς
454 2338 498 2365 διὰ
521 2338 566 2365 τὸν
595 2338 708 2373 Κύριον·
741 2339 825 2374 μηδὲν
847 2339 930 2365 αὑτοῦ

142 2384 342 2420 προτιμότερον
357 2384 536 2420 ἡγησώμεθα,
550 2384 587 2419 μὴ
607 2384 732 2417 πλοῦτον,
761 2383 799 2419 μὴ
812 2382 930 2419 τρυφὴν,

145 2431 183 2464 μὴ
216 2429 307 2462 δόξαν,
328 2430 366 2464 μὴ
390 2429 552 2464 σωματικὴν
581 2429 690 2464 ἡδονὴν,
720 2429 758 2464 μὴ
778 2430 862 2464 αὐτὴν
880 2429 931 2464 τὴν

143 2476 228 2510 ζωὴν,
246 2475 313 2502 ἀλλὰ
329 2476 375 2502 καὶ
396 2476 500 2510 ταύτης
515 2477 790 2511 καταφρωνήσωμεν,
802 2476 849 2502 καὶ
866 2476 932 2502 ἀκοι

143 2522 326 2556 λουῡήσωμεν
351 2521 391 2557 τῷ
405 2521 517 2557 Χριστῷ
532 2521 571 2557 τῷ
595 2521 720 2556 ἡμετέρῳ
734 2521 868 2556 Δεσπότῃ,
885 2522 932 2548 τὸν

143 2570 241 2596 τούτου
260 2571 377 2605 σταυρὸν
394 2571 439 2597 ἐπ’
458 2569 539 2604 ὤμων
551 2569 680 2605 ἄραντες,
695 2570 742 2596 καὶ
762 2568 795 2594 τὰ
812 2569 932 2604 σαρκικὰ

143 2616 331 2651 νεκρώσωμεν
346 2616 486 2651 κινήματα
503 2617 552 2643 καὶ
576 2616 754 2650 φρονήματα,
769 2614 807 2650 τῷ
825 2614 933 2650 θανάτῳ

143 2663 229 2688 αὐτοῦ
246 2663 545 2698 συμμορφοὺμενοι,ὠς
560 2663 592 2689 ἂν
602 2662 761 2697 δυνηθῶμεν
776 2662 822 2688 καὶ
839 2662 932 2696 ἡμεῖς,

147 2709 220 2734 κατὰ
233 2708 277 2734 τὸν
295 2710 366 2735 οεῖον
386 2709 504 2741 Παῦλον,
517 2710 621 2735 εἰπεῖν·
638 2708 740 2743 Ζῶμεν
769 2708 803 2735 δὲ
834 2707 934 2734 οὐκέτι

146 2755 244 2791 ἡμεῖς,
257 2754 291 2789 ζῆ
304 2755 337 2782 δὲ
352 2757 368 2783 ὁ
381 2755 511 2791 Χριστὸς
525 2756 561 2783 ἐν
574 2755 658 2791 ἡμῖν.
671 2755 725 2782 Καί
735 2763 741 2770 ·
757 2755 805 2789 Μὴ
820 2754 935 2790 γένοιτο

185 2846 207 2862 ¹⁶
226 2845 306 2873 Rom.
324 2853 351 2880 τ,
369 2845 410 2875 10.

1155 2204 1203 2231 καὶ
1226 2204 1418 2240 ἀνεκφράστου
1444 2204 1532 2240 χαρᾶς
1560 2204 1608 2231 καὶ
1645 2203 1776 2237 ἀγαλλιά-

1024 2293 1085 2320 llarc
1098 2301 1161 2327 ergo
1176 2294 1301 2325 scientes,
1318 2293 1484 2325 cbarissimi,
1497 2294 1661 2327 abnegcmus
1673 2298 1696 2319 et
1711 2301 1773 2321 nos-

986 2340 1116 2374 metipsos
1141 2343 1252 2374 propter
1270 2339 1430 2371 Dominum;
1447 2339 1513 2365 uibil
1534 2346 1567 2365 eo
1585 2339 1674 2374 potius
1689 2340 1774 2366 duca-

986 2393 1057 2417 mus,
1074 2392 1128 2412 non
1141 2392 1218 2418 opes.
1236 2392 1288 2411 non
1306 2384 1411 2416 luxum,
1427 2391 1481 2410 non
1498 2384 1622 2418 gloriam,
1641 2393 1692 2412 non
1712 2393 1773 2412 cor-

986 2430 1105 2465 poralcm
1125 2430 1301 2464 voluptatem,
1317 2438 1371 2457 non
1387 2430 1471 2464 ipsam
1489 2431 1590 2464 vitam;
1607 2431 1654 2459 sed
1667 2439 1701 2459 ne
1712 2432 1775 2459 buie

986 2477 1094 2510 quidem
1109 2483 1252 2510 parcamus
1265 2480 1375 2510 propter
1389 2476 1494 2510 ipsum;
1510 2484 1655 2512 sequantur
1679 2477 1770 2503 Domi-

989 2530 1051 2549 mun
1065 2526 1200 2553 nostrutr,
1215 2528 1294 2548 cruce
1310 2521 1368 2555 ejus
1379 2521 1406 2548 in
1428 2521 1555 2549 humeros
1570 2521 1686 2553 sublata,
1705 2529 1776 2548 cor-

989 2568 1096 2601 pot-ales
1111 2572 1201 2595 tttotus
1219 2574 1372 2601 sensusque
1390 2567 1596 2599 mortificautes,
1612 2567 1773 2599 configurnli

991 2614 1069 2640 morti
1086 2613 1156 2649 ejus,
1177 2617 1206 2640 ttt
1229 2613 1406 2648 possimus’et
1432 2622 1480 2641 nos
1501 2622 1561 2641 cum
1581 2613 1610 2639 ι).
1632 2613 1715 2640 Paulo
1730 2613 1774 2639 di-

987 2667 1049 2686 cere
1075 2668 1082 2686 :
1114 2659 1230 2687 Vivimus
1256 2668 1307 2686 non
1327 2660 1385 2694 jam
1401 2668 1460 2692 nos,
1483 2660 1547 2687 vicit
1574 2667 1631 2686 vero
1657 2660 1683 2686 in
1700 2659 1773 2685 nobis

989 2705 1133 2738 Christus;
1152 2711 1203 2733 et:
1225 2705 1308 2733 Nobis
1322 2712 1412 2733 autem
1438 2706 1507 2733 absit
1526 2706 1553 2733 t'n
1576 2706 1630 2732 alia
1647 2705 1772 2741 gloriari|

989 2755 1040 2781 nisi
1056 2755 1081 2781 in
1095 2761 1171 2781 cruce
1189 2752 1304 2780 Domini.
1321 2753 1416 2781 Omnia
1429 2751 1488 2786 ejus
1504 2752 1630 2780 mandata
1646 2751 1773 2779 alacriter
