1982 3073
213 120 218 126 ’
232 130 266 161 97
683 137 943 169 THEOPIIANES
962 141 1167 173 EPISCOPUS
1185 142 1371 174 NIC/ENUS.

1795 142 1853 174 280

235 190 418 227 perﬁciamus.
445 190 581 219 Habemus
606 192 679 219 enim
706 198 734 221 et
759 201 807 221 nos
837 198 1019 229 persecutores

1074 198 1146 231 ’ἡμῖν
1167 199 1347 233 καυχᾶσθαι,
1370 199 1399 225 et
1411 197 1452 232 μὴ
1473 197 1511 224 ἐν·
1520 196 1560 230 τῷ
1572 197 1692 232 σταυρῷ
1720 199 1772 225 τοῦ
1788 199 1851 226 Κυ-

231 247 320 271 acres,
334 239 486 267 invisibiles
499 243 527 266 et
539 239 671 273 visibiles,
691 240 816 268 inimicos
827 247 855 269 et
867 242 1020 277 liostes,qui

234 292 286 312 nos
301 286 412 312 turbant
426 285 558 319 quotidie,
575 286 732 318 molestam,
743 287 893 322 exagitant,
904 292 931 315 et
945 297 1021 316 man-

230 330 293 356 data
312 331 477 364 imperiaque
492 330 594 357 Christi
611 332 755 365 prohibent
769 334 891 368 exsi'qni.
904 334 942 362 Ne
956 342 1021 369 ergo

231 376 427 410 oli'eminemur,
446 377 572 408 obsecro,
590 385 677 411 neque
692 378 913 414 languescamus,
930 388 1019 415 neque

231 422 362 450 cedamus
382 424 619 452 colluctationibus
638 425 707 460 ejus,
728 428 775 453 sed
789 435 918 461 generose
933 434 961 455 et
980 428 1020 454 vi-

231 468 274 494 rili
290 475 350 495 cum
367 470 457 496 animo
482 471 642 498 resistamus
657 473 706 503 eis,
728 477 809 507 atque
831 474 1019 508 accingamur,

231 518 260 539 ut
281 519 309 540 ct
331 520 460 541 mternum
485 515 598 549 gloriam
624 524 833 552 Consequentur,
860 518 886 545 iu
911 519 1019 546 Christo

230 558 294 587 Iesu
319 559 433 587 Domino
457 567 562 594 acstro,
587 563 629 589 cui
648 562 733 598 gloria
757 569 784 591 et
820 564 961 599 imperium
992 564 1018 592 in

229 605 324 632 srecula
352 608 524 634 seculorum.
543 609 641 636 Anien.

1067 244 1147 277 ρίου.
1164 244 1257 271 Πάντα
1288 243 1435 278 προθύμως
1462 243 1497 270 τὰ
1524 243 1620 269 τούτου
1647 244 1853 278 προστάγματα

1070 288 1269 324 ἐκτελέσωμεν.
1298 289 1416 324 Ἐχομεν
1431 289 1485 324 γὰρ
1496 289 1542 316 καὶ
1565 290 1648 324 ἡμεῖς
1673 289 1791 321 διώκτας
1807 298 1854 316 πι-

1070 335 1163 369 κροὺς,
1191 334 1256 366 τοὺς
1285 334 1418 370 ἁοράτους
1443 336 1490 362 καὶ
1514 335 1639 371 ὀρατοὺς,
1669 336 1782 369 ἐχθροὺς
1809 337 1857 362 καὶ

1069 381 1227 415 πολεμίους,
1249 380 1435 416 θορυϐοῦντας
1460 382 1534 416 ἡμᾶς
1564 381 1625 407 καθ’
1645 381 1777 415 ἑκάστην,
1808 383 1856 408 καὶ

1068 426 1223 458 λυποῦντας
1241 427 1289 454 καὶ
1301 427 1532 462 ἐκταράττοντας,
1547 428 1593 453 καὶ
1603 427 1652 457 τὰς
1667 427 1779 458 ἐντολὰς
1806 428 1856 454 καὶ

1067 472 1101 499 τὰ
1112 473 1314 508 προστάγματα
1330 474 1376 500 τοῦ
1401 473 1520 507 Χριστοῦ
1551 473 1706 504 κωλύοντας
1722 474 1855 507 διαπράτ-

1067 520 1173 548 τεσθαι,
1192 520 1238 556 Μὴ
1269 520 1316 547 οὖν
1345 520 1571 555 μαλακισθῶμεν,
1594 521 1759 556 παρακαλῶ,
1787 521 1855 555 μηδὲ

1068 565 1254 600 χαυνωθῶμεν
1268 565 1317 592 καὶ
1326 565 1447 600 ὲνδῶμεν
1464 566 1521 596 τοῖς
1529 565 1632 592 τούτων
1653 566 1854 600 παλαίσμασιν,

1068 611 1136 638 ἀλλὰ
1147 612 1280 645 γενναίως
1299 612 1368 646 μετὰ
1390 611 1517 647 ἀνδρικοῦ
1535 612 1582 639 τοῦ
1613 613 1789 648 φρονήματος
1807 614 1855 641 ἀν-

226 653 480 690 τιπαραταξώμεθα
496 656 564 692 πρὸς
578 656 686 690 αὐτοὺς,
717 658 766 685 καὶ
802 658 1018 694 ἀποδυσώμεθα,
1048 658 1092 685 ἵνα
1122 659 1171 686 καὶ
1199 660 1248 695 τῆς
1276 660 1458 695 ἀτελευτήτου
1494 660 1618 692 εὐκλείας
1667 660 1853 695 ὲπιτύχωμεν,

227 703 257 729 ἐν
284 703 394 738 Χριστῷ
427 704 518 739 Ἰησοῦ
543 704 581 739 τῷ
612 705 708 741 Κυρίῳ
733 706 835 741 ἡμῶν·
861 703 924 742 ᾧ,ἡ
949 707 1014 741 δόξα
1052 708 1101 734 καὶ
1134 708 1165 734 τὸ
1205 708 1317 744 κράτος,
1344 709 1384 741 εἰς
1412 709 1476 740 τοὺς
1510 708 1611 741 αἰῶνας
1647 709 1702 735 τῶν
1737 709 1852 737 αἰώνων.

234 748 262 776 Ἀ
268 751 333 785 μήν.

238 861 1848 889 92mm

821 968 908 990 ANNO
929 968 1046 990 DOMINI
1067 967 1261 991 MCCCXLVIII.

587 1070 1325 1176 ΤΗΕΟΡΗΑΝ
1335 1070 1488 1177 ES

514 1260 852 1320 NlCAENUS
921 1260 1556 1321 ARCHIEPISCOPUS.

699 1487 985 1534 MONITUM
1027 1487 1368 1534 EDITORUM.

268 1594 481 1633 TheOphanes
505 1594 561 1627 Ill.
578 1594 749 1634 episc0pus
768 1594 929 1630 Nicamus,
949 1594 1032 1625 circa
1048 1601 1101 1624 an.
1120 1593 1205 1631 13'47,
1222 1594 1278 1625 diu
1305 1597 1379 1634 post
1393 1597 1543 1625 exortum
1559 1594 1699 1625 schisma
1725 1593 1849 1631 ﬂoruit,

231 1645 269 1675 ut
285 1642 367 1672 bene
381 1641 471 1672 docet
491 1641 524 1672 P.
541 1641 698 1681 Lequien,
719 1641 830 1672 Oriens
846 1642 1037 1679 Christian.,
1059 1645 1082 1672 t.
1099 1642 1124 1678 Ι,
1143 1651 1172 1681 p.
1190 1641 1260 1678 652,
1277 1651 1340 1673 non
1358 1646 1464 1673 autem
1481 1643 1600 1673 saeculo
1617 1643 1697 1678 Vill,
1716 1646 1750 1672 ut
1775 1650 1850 1679 pro-

232 1689 308 1721 bare
324 1692 456 1719 conatus
473 1691 520 1719 est
540 1690 578 1719 D.
596 1689 772 1720 Consalvus
799 1690 903 1720 Ponce
923 1689 963 1720 de
992 1689 1090 1726 Leon,
1107 1690 1163 1730 qui
1183 1690 1305 1729 primus
1340 1698 1438 1729 opera
1458 1689 1616 1721 nonnulla
1645 1689 1850 1729 TheOphanis

230 1737 364 1774 Nicaani,
394 1745 434 1768 an
455 1736 543 1772 1590,
563 1738 685 1774 Romae,
702 1738 755 1768 Gr.
775 1739 842 1769 Lat.
855 1737 966 1773 edidit,
984 1741 1014 1768 et
1031 1737 1215 1769 testimonia
1230 1741 1373 1768 veterum
1392 1745 1456 1768 non
1475 1746 1575 1776 pauca
1599 1737 1747 1777 conjecit,
1778 1746 1851 1777 quas

229 1786 267 1816 ad
285 1785 526 1824 Theophanem,
544 1785 605 1816 sub
620 1785 812 1824 imperatore
827 1786 1008 1825 TheOphilo
1022 1786 1123 1826 impio
1140 1786 1345 1824 iconoclasta,
1357 1785 1570 1817 fortissimum
1587 1789 1770 1824 martyrem,
1785 1794 1849 1817 non

229 1834 267 1865 ad
292 1834 521 1873 Theophanem
542 1833 722 1870 Niozenum,
741 1834 907 1865 referenda
920 1837 1008 1866 sunt.
1556 1838 1558 1840 ’

269 1882 519 1913 Anctorharu‘m
536 1881 746 1920 epistolarum
764 1883 882 1923 passim
914 1883 1060 1915 insinuat
1090 1882 1226 1914 Nicaeam
1260 1881 1299 1913 ab
1325 1881 1514 1913 infidelibus
1544 1891 1616 1914 esse
1646 1886 1848 1922 occupatam.

229 1932 310 1963 adeo
334 1935 367 1961 ut
389 1931 500 1962 sedem
516 1939 607 1961 suam
626 1931 714 1962 adire
734 1939 798 1962 non
817 1931 931 1971 possit,
946 1935 1001 1962 aut
1026 1932 1079 1962 vix
1114 1931 1225 1970 possit.
1255 1930 1472 1970 Conqueritur
1499 1939 1538 1962 eo
1561 1932 1648 1970 quod
1675 1939 1752 1962 oves
1783 1939 1852 1961 suae

230 1988 328 2019 supra
345 1979 476 2010 modum
504 1983 673 2017 vexentur,
692 1984 721 2010 et
739 1988 792 2010 eas
819 1979 976 2016 hortalur,
997 1979 1121 2018 prolato
1137 1979 1210 2009 Jobi
1239 1979 1399 2017 exemplo,
1420 1979 1457 2009 ad
1475 1978 1656 2009 tolerandas
1685 1987 1759 2009 cum
1794 1986 1850 2016 pa-

234 2027 345 2059 tientia
362 2028 456 2058 etiam
473 2028 629 2059 maximas
647 2027 885 2059 tribulationes.
912 2027 1040 2058 Alicubi
1073 2027 1191 2059 refellit
1216 2028 1364 2059 hmresim
1384 2027 1627 2064 Palamitarum,
1641 2037 1714 2067 quaa
1733 2027 1851 2058 saeculo

235 2076 310 2107 XIV
327 2076 452 2107 tandem
470 2080 581 2107 exorta
596 2079 655 2107 est.
670 2077 743 2107 Haec
761 2080 867 2106 autem
887 2075 994 2106 omnia
1007 2075 1204 2114 respondent
1222 2075 1304 2105 aetati
1319 2083 1415 2114 quam
1430 2075 1617 2114 Theophani
1634 2076 1850 2113 assignamus,

230 2123 285 2155 sed
303 2124 451 2162 opinioni
469 2124 620 2155 Consalvi
639 2125 743 2156 Ponce
761 2124 800 2154 de
817 2125 901 2154 Leon
916 2132 955 2154 ex
971 2123 1106 2154 adverso
1121 2129 1342 2162 Opponuntur.

270 2172 477 2211 TheOphanis
494 2172 658 2203 scribendi
679 2172 760 2203 ratio
776 2176 825 2203 est
840 2173 978 2212 simplex
997 2176 1027 2203 et
1043 2171 1189 2208 humilis,
1209 2172 1269 2202 etsi
1288 2172 1374 2203 omni
1397 2171 1564 2202 nobilitate
1580 2179 1644 2202 non
1664 2174 1780 2202 careat.

269 2221 306 2250 In
326 2221 429 2259 prima
446 2221 582 2260 epistola
599 2221 835 2260 promotionem
850 2229 940 2252 suam
956 2220 1045 2261 gregi
1062 2228 1123 2251 suo
1138 2220 1320 2252 annuntiat.
1337 2224 1366 2249 et
1384 2219 1459 2259 quia
1487 2228 1564 2258 grex
1582 2219 1637 2249 ille
1654 2224 1801 2250 versatur
1818 2219 1851 2249 in

234 2268 313 2298 urbe
330 2269 453 2307 captiva
469 2272 499 2298 et
517 2276 682 2307 oppressa,
701 2270 739 2300 ad
759 2278 857 2309 quam
872 2270 1022 2300 accedere
1039 2271 1163 2310 nequit,
1189 2269 1373 2308 patientiam
1390 2274 1421 2300 et
1442 2269 1661 2300 fortitudinem
1688 2269 1785 2300 animi
1816 2270 1850 2300 in

235 2316 469 2348 tentationibus
487 2317 647 2356 praecipue
665 2319 879 2349 commendat.
897 2318 1022 2349 Deinde
1042 2318 1182 2349 ostendit
1199 2318 1365 2348 hrereticos
1382 2316 1496 2348 sedulo
1512 2316 1686 2356 fugiendos
1706 2325 1790 2352 esse,
1819 2321 1850 2347 et

235 2365 402 2396 Palamitas
422 2365 551 2397 refellit.
573 2365 717 2397 Secunda
733 2366 870 2405 epistola
886 2367 952 2397 fere
973 2367 1005 2397 in
1024 2366 1137 2398 eodem
1168 2369 1356 2405 argumento
1389 2365 1569 2396 evolvendo
1601 2368 1663 2394 tota
1691 2368 1849 2395 versatur.

234 2413 346 2443 Eidem
362 2413 484 2444 accedit
502 2413 675 2452 gratiarum
692 2413 787 2450 actio,
805 2421 843 2444 eo
857 2414 943 2452 quod
964 2414 1115 2445 liberatus
1131 2414 1228 2444 fuerit
1242 2422 1258 2444 a
1276 2417 1363 2452 peste
1380 2417 1410 2443 et
1424 2422 1441 2443 a
1459 2417 1570 2444 morte.
1589 2413 1696 2443 Tertia
1714 2413 1851 2451 epistola

232 2462 432 2500 oxponendm
448 2469 546 2492 sacrae
560 2462 714 2493 doctrina)
728 2466 758 2492 et
773 2463 1031 2493 commendanda:
1049 2462 1231 2501 disciplima
1246 2461 1469 2493 ecclesiasticae
1493 2462 1559 2492 fere
1576 2461 1698 2500 integra
1714 2461 1848 2491 adhibe-

232 2514 295 2540 tur.
312 2511 430 2540 Auctor
445 2510 628 2541 sacerdotes
646 2510 705 2541 sibi
725 2511 886 2550 subjectos
901 2510 1081 2550 alloquens.
1101 2511 1139 2542 de
1158 2510 1375 2541 incarnatione
1393 2510 1532 2548 Domini,
1549 2511 1588 2540 de
1604 2509 1849 2548 regeneratione

232 2558 375 2589 ﬁdelium
392 2562 422 2589 et
436 2559 474 2589 de
491 2557 612 2589 divinis
628 2559 836 2589 sacramentis
855 2559 985 2598 copiose
1001 2559 1144 2590 disserit.
1174 2559 1298 2589 Deinde
1314 2562 1502 2598 potestatem
1520 2557 1722 2598 spiritualem
1746 2566 1852 2588 sacer-

232 2607 343 2638 dotum
362 2607 589 2647 pulcherrimis
603 2607 710 2639 verbis
726 2608 938 2643 commendat,
959 2607 1333 2638 transnbstanliationem
1360 2607 1516 2645 agnoscit,
1534 2615 1569 2637 ac
1597 2606 1636 2636 de
1654 2606 1717 2636 vita
1745 2614 1850 2636 sacer-

233 2656 345 2691 dotali,
362 2656 441 2695 quid
458 2656 582 2686 scilicet
599 2655 758 2687 sacerdoti
779 2655 976 2691 faciendum,
995 2655 1075 2694 quid
1093 2655 1284 2695 fugiendum
1297 2655 1349 2689 sit,
1370 2655 1495 2693 prolixe
1515 2657 1650 2685 enarrat.

273 2705 380 2735 Editio
399 2704 464 2735 hmo
480 2704 622 2734 Romana
639 2704 720 2734 adeo
735 2711 802 2734 rara
825 2707 883 2740 est,
902 2707 936 2735 ut
957 2703 1188 2743 bibliOgraphis
1207 2703 1273 2734 fere
1289 2702 1443 2734 omnibus
1470 2702 1634 2742 incognita
1651 2702 1694 2733 sit
1715 2701 1763 2733 vel
1786 2709 1851 2732 non

233 2754 312 2785 visa.

271 2803 389 2834 Prmter
406 2806 468 2834 tres
483 2802 636 2842 epistolas
656 2804 687 2833 et
703 2801 881 2833 orationem
901 2801 952 2833 hic
971 2803 1154 2843 impressas,
1177 2806 1300 2834 exstant
1322 2802 1467 2842 ejusdem
1489 2801 1693 2841 Theophanis
1710 2801 1741 2832 in
1758 2800 1848 2832 codd.

232 2858 329 2884 mss.:
