1982 3073
209 152 264 184 2'23
671 151 929 182 TIIEOPHANES
950 151 1159 183 EPISCOPUS
1179 152 1371 184 NICENUS.
1392 185 1397 190 ,
1778 152 1831 185 281

210 215 347 234 necessum
362 207 440 240 plane
455 207 503 234 libi
515 207 607 241 fuerit.
621 207 756 234 Habemus
772 208 850 234 isthic
873 208 958 234 ardua
976 207 1174 242 Pgrenneorum
1186 207 1263 242 juga,
1280 207 1358 242 quasi
1381 208 1503 242 qua'dam
1520 208 1596 235 ori/is
1614 208 1662 237 tui.
1679 208 1731 235 imo
1742 209 1839 243 Hispa-

209 252 263 278 nia:
278 252 369 284 totius,
386 252 507 278 adversus
521 251 702 278 ha'relicorum
719 251 924 278 Nai-armorum
962 251 1060 278 rabiem
1077 252 1251 278 munimenta.
1273 252 1306 278 At
1328 252 1454 286 majorem
1483 253 1555 279 nobis
1576 252 1704 286 ﬁduciam
1729 258 1838 287 prwstat

211 301 258 323 tua
277 297 371 324 virtus.
383 301 428 322 tua
448 296 566 322 solertia.
586 295 662 322 Hane
676 296 713 330 (ut
726 295 810 322 solent
825 296 952 323 industrii
968 295 1057 330 duces)
1072 296 1188 322 omnium
1211 296 1435 329 periculosissimo
1447 297 1473 322 in
1488 296 1545 322 acie
1562 297 1617 322 loco
1636 297 1675 323 uti
1697 297 1837 331 probatio-

209 349 276 370 rem.
297 342 456 368 constituere
471 341 583 367 decrevit
600 341 712 367 eazlcstis
723 341 767 367 ille
782 346 946 375 wternusqne
964 349 1052 367 rerum
1064 341 1243 367 humanarum
1263 341 1420 374 imperator.
1438 341 1495 376 Ego
1507 341 1590 376 igitur
1604 342 1632 368 in
1654 343 1718 369 meis
1731 343 1838 370 thesau-

210 386 256 414 ris.
272 385 300 411 id
327 391 363 412 est
386 385 498 418 pauperi
511 384 678 415 bibliotheca,
698 385 857 420 scriptorum
878 394 909 411 ae
929 385 1141 411 lucubrationum
1160 383 1259 410 levibus
1272 384 1427 415 sarcinulis,
1447 385 1514 410 nihil
1536 384 1616 411 habui
1634 386 1683 412 hoc
1711 391 1836 419 tempore,

208 429 257 454 hoc
270 429 376 463 inquam
394 429 488 455 misero
505 433 529 454 et
543 433 657 455 extremo
677 433 803 462 tempore,
827 436 877 462 quo
892 428 1053 454 commodius
1075 435 1176 461 possem
1198 427 1323 454 adversus
1349 428 1588 461 importunissimos
1614 430 1700 456 hostes
1733 439 1839 457 armen-

210 472 309 497 tarium
330 476 404 497 tuum
418 472 548 498 instruere
561 480 640 507 quam
655 473 825 506 pirntissimis
843 472 1008 506 Theophanis
1025 473 1098 498 urbis
1113 471 1213 498 Nica’a:
1225 471 1346 504 praesulis
1362 471 1478 506 scriptis.
1498 472 1598 498 Docent
1611 473 1715 507 quidem
1734 474 1781 500 illa
1798 474 1837 510 (ut

210 519 238 541 tu
254 514 365 549 videbis)
383 515 519 541 Nicwnum
537 515 673 549 populum,
690 521 791 550 quanta
806 516 839 541 sit
856 516 997 543 sacerdotii
1011 524 1027 541 a
1044 515 1096 541 Deo
1110 515 1226 542 instituti
1242 515 1373 548 dignitas,
1390 522 1449 549 quae
1467 516 1641 548 excellentia;
1659 517 1772 550 probant
1794 527 1838 545 sa-

209 559 248 584 cri
265 559 365 585 ordinis
380 559 526 593 functiones
543 567 619 592 penes
636 567 679 585 eos
695 568 758 587 esse.
780 560 825 593 qui
840 560 937 586 divinis
961 559 1159 586 eharactertbus
1176 559 1296 592 iasigniti
1312 564 1392 590 sunt;
1413 552 1595 586 demonstrant
1611 569 1662 595 qua
1677 562 1837 594 innocentia,

207 603 332 635 ,nritate,
351 603 529 630 sanctimonia
544 611 599 630 esse
613 611 656 630 eos
674 608 802 634 oporteat.
817 603 860 637 qui
873 603 907 629 ad
920 611 1051 636 suprech
1065 603 1145 636 hujus
1159 603 1297 637 dignitatis
1320 604 1420 636 apicem
1438 604 1590 630 evehuntur.
1608 603 1659 630 Isti
1680 610 1771 632 contra
1793 614 1839 632 δην

207 652 343 673 cramenta
359 647 482 678 irrident,
499 648 610 680 profano
625 647 719 680 popqu
747 655 836 673 eorum
853 652 1007 680 potest-item
1040 648 1180 678 tribuunt;
1198 653 1370 673 sacramenta
1398 653 1422 674 et
1446 655 1462 673 η
1488 647 1541 674 Deo
1561 649 1689 675 traditam
1707 650 1837 682 εὐταξίαν

207 690 383 722 confundunt.
401 689 440 716 Eo
455 691 515 724 quis
531 692 604 725 apud
622 699 664 717 eos
676 691 855 724 prwstantior,
871 699 921 724 quo
938 692 1077 724 impurior.
1096 690 1278 725 Theophanem
1291 691 1390 717 videbis
1410 691 1444 717 ad
1455 691 1634 718 Christianam
1653 695 1837 727 constantiam,

209 733 490 768 longanimitalemque
516 734 543 760 in
561 734 698 762 laboribus
730 742 760 760 ac
788 734 978 760 tentationibus
1000 735 1156 767 habendam,
1187 734 1311 768 populum
1328 742 1406 760 suum
1422 735 1748 768 adhortantem;contra,
1774 737 1839 764 istos

210 777 385 811 blasphemas,
406 778 552 810 instabiles,
570 778 654 811 fontes
684 779 740 805 sine
766 787 845 813 aqua,
865 778 973 804 nebulas
1002 779 1150 805 tttrbinibus
1169 778 1329 812 exagitatus.
1348 777 1530 811 Theophanem
1556 779 1625 814 leges
1640 779 1674 806 ad
1691 781 1839 814 gratiarum

209 823 349 853 actionem,
374 821 404 848 ob
416 823 496 856 pestis
511 824 694 853 cessationem,
716 822 769 849 Deo
787 823 913 849 bonorum
930 823 1048 849 omnium
1070 824 1174 850 auctori
1189 823 1362 854 reddendam,
1377 823 1478 857 plebem
1491 832 1567 850 suam
1582 825 1734 852 invitantem
1748 834 1758 857 ;
1776 830 1839 852 sunt

211 869 234 892 et
251 866 318 891 inter
335 866 400 892 istos
417 868 505 899 (atque
521 875 535 892 o
549 867 650 893 utinam
661 874 711 892 non
726 875 817 892 eorum
831 874 894 900 pars
909 866 1003 901 major,
1020 873 1044 892 el
1065 868 1136 894 labes
1152 868 1216 896 hac.
1236 876 1251 894 ο
1266 868 1392 894 miserum
1405 876 1499 900 a’vum,
1515 868 1584 901 apud
1611 876 1654 894 eos
1665 869 1780 904 tantum)
1794 871 1839 904 qui

209 917 290 935 unum
315 908 413 935 Fatum
436 908 637 944 Fortunamque
655 910 781 942 adorant,
802 910 835 936 iis
853 911 941 942 litant,
961 911 992 936 ab
1016 911 1051 937 iis
1080 911 1232 945 felicitatem
1249 915 1298 937 aut
1323 911 1511 945 infortunium,
1532 911 1628 938 belluis
1655 913 1762 948 quidem
1776 914 1840 947 ipsis

209 953 378 986 stupidiores.
398 953 507 985 pendere
522 954 700 980 arbitrantur.
719 953 904 987 Theophanem
922 955 1015 981 audies
1032 955 1209 980 humanarum
1227 963 1314 981 rerum
1332 955 1476 985 levitatem.
1503 955 1647 988 miseriam,
1664 957 1840 983 cnducitatem

208 1002 421 1031 exaggerantem,
433 997 684 1032 persuadentemquc
700 998 765 1030 suis,
782 1001 811 1024 ut
825 998 857 1023 ab
872 998 905 1024 iis
921 998 957 1024 ad
984 999 1050 1025 bona
1067 998 1164 1030 solida,
1190 999 1277 1030 beata,
1308 1004 1406 1024 a’terna
1428 999 1530 1025 animos
1545 1000 1717 1034 transferant.
1735 1000 1785 1027 Isti
1809 1009 1841 1027 ea:

208 1041 339 1067 diametro
352 1046 457 1068 terrena
477 1041 595 1074 sapiunt,
613 1041 712 1074 seipsos
725 1047 828 1074 amant,
847 1047 903 1074 post
915 1050 1021 1068 carnem
1033 1043 1059 1068 in
1089 1042 1264 1069 immumtitiaz
1278 1043 1490 1076 concupiscentia
1507 1043 1657 1074 ambulant,
1675 1044 1840 1079 voluptatum

209 1093 299 1119 nempe
314 1086 549 1119 amatores,tnagis
564 1094 644 1120 quam
659 1085 718 1112 Dei.
736 1085 902 1119 Theophanes
918 1094 970 1112 non
984 1087 1059 1112 modo
1078 1086 1262 1112 luereticornm
1283 1087 1409 1112 novitates
1425 1091 1450 1112 et
1476 1095 1559 1117 prava
1574 1089 1698 1122 dogmata
1713 1088 1841 1122 fugienda

209 1137 266 1155 esse
288 1129 373 1158 docet,
390 1130 436 1155 sed
450 1134 475 1155 et
490 1131 649 1155 consortium
671 1135 694 1156 et
721 1134 888 1162 conspectum
902 1137 912 1161 ;
936 1135 963 1156 at
980 1131 1023 1156 isti
1038 1138 1103 1156 nova
1119 1130 1245 1164 ﬁgmenta
1275 1134 1300 1156 et
1318 1130 1476 1163 perditionis
1490 1135 1574 1157 sectas
1587 1132 1706 1165 quotidie
1722 1132 1841 1158 introdu-

209 1178 282 1204 cunt,
299 1173 382 1199 solum
401 1174 439 1207 (ut
453 1174 537 1208 inquit
555 1174 644 1199 beatus
660 1173 757 1203 Iudas)
779 1173 975 1200 Daminatorem
1002 1178 1027 1200 et
1051 1173 1192 1199 Dominum
1211 1178 1331 1200 nostrum
1356 1174 1450 1200 Jesum.
1476 1175 1611 1201 Christum
1636 1180 1770 1209 negantes.
1791 1176 1840 1203 llis

209 1217 294 1251 igitur
309 1222 347 1246 tu.
366 1217 458 1250 hisque
477 1217 613 1243 similibus
639 1217 824 1249 spiritualibus
855 1217 914 1243 telis
932 1218 1005 1249 (utet
1028 1218 1096 1244 beutt
1114 1218 1229 1251 majores
1251 1218 1290 1243 tui
1305 1219 1476 1244 ecclesiarum
1506 1221 1637 1253 pastores)
1650 1220 1742 1246 irritos
1759 1220 1840 1254 facies

209 1261 385 1287 adversarum
400 1261 517 1294 partium
536 1266 560 1287 te
577 1261 676 1287 circum
707 1261 823 1293 avileque
849 1266 922 1287 tuum
949 1261 1114 1295 frementium
1134 1266 1212 1295 atque
1230 1261 1392 1288 ululantium
1412 1262 1536 1289 insul'us.
1559 1262 1603 1289 Sic
1616 1271 1678 1289 vero
1692 1271 1735 1290 eos
1749 1264 1841 1290 irritos

210 1304 296 1338 facere
311 1304 459 1335 conaberis,
479 1309 508 1330 ut
529 1304 767 1338 prazsentissimum
795 1304 923 1332 Ecclesia:
939 1305 1084 1339 periculum
1098 1305 1198 1331 instare
1220 1313 1374 1338 cognoscas.
1397 1304 1466 1330 Nam
1486 1313 1545 1339 qua?
1559 1306 1591 1332 ab
1615 1306 1727 1340 infelicis
1745 1306 1841 1334 Calliae

209 1348 286 1375 malis
303 1348 420 1374 universo
437 1348 494 1374 orbi
508 1348 673 1381 impendeant
699 1348 781 1379 mala,
799 1356 874 1375 nemo
895 1355 932 1375 est
948 1354 1022 1375 tanta
1038 1350 1132 1376 misere
1148 1353 1308 1379 occaecatus,
1322 1349 1367 1384 qui
1383 1357 1434 1376 non
1451 1349 1546 1382 videat,
1558 1352 1603 1383 qui
1619 1359 1670 1376 non
1682 1350 1781 1382 doleat,
1795 1352 1841 1384 qui

209 1399 260 1418 non
277 1391 405 1424 deplorat.
423 1390 521 1417 Eorum
547 1399 607 1417 vero
639 1392 796 1423 remedium,
816 1400 875 1418 cum
905 1392 932 1418 in
961 1391 1061 1419 cmlesti
1089 1401 1119 1419 ac
1138 1393 1226 1419 divino
1241 1393 1369 1427 praesidio
1393 1393 1524 1426 praccipite
1544 1394 1625 1419 situm
1640 1394 1685 1425 sit,
1701 1395 1726 1420 in
1753 1401 1840 1422 vestra

210 1441 308 1465 tamen,
325 1435 418 1470 quibus
436 1435 527 1469 populi
541 1435 689 1462 Christiani
705 1436 780 1462 salus
799 1437 941 1462 commissa
954 1442 1003 1468 est,
1019 1436 1088 1463 bona
1104 1443 1135 1462 ex
1149 1439 1224 1465 parte
1246 1436 1359 1466 positum
1380 1443 1446 1468 esse,
1463 1443 1561 1471 quceso,
1579 1436 1757 1465 arbitremini.
1774 1437 1840 1470 Quis

208 1479 278 1504 enim
293 1479 321 1505 in
340 1479 436 1506 divinis
453 1478 574 1511 Litteris,
589 1480 762 1506 conciliorum
777 1480 903 1511 decretis,
920 1479 1034 1507 Patrum
1059 1480 1178 1513 scriptis,
1192 1479 1308 1513 antiquis
1323 1479 1454 1510 historiis,
1475 1480 1636 1515 quotidiauis
1652 1481 1841 1518 erperimentis

211 1528 266 1549 tam
282 1523 449 1558 peregrinus,
464 1524 510 1558 qui
526 1525 636 1556 nesciat,
649 1524 784 1551 ministros
799 1524 949 1551 Christiani
968 1523 1102 1558 Evangelii
1124 1524 1147 1550 si
1163 1531 1254 1550 eorum
1274 1524 1328 1550 vita
1346 1523 1425 1558 digna
1444 1525 1488 1556 sit,
1505 1525 1626 1551 doctrina
1642 1533 1781 1558 prtestans,
1799 1527 1842 1553 in-

210 1569 331 1594 nocentia
356 1568 480 1601 probata,
505 1569 634 1595 sanctitas
668 1573 797 1602 spectata.
828 1568 928 1596 Christi
953 1567 1049 1603 populo
1078 1567 1222 1601 plurimum
1248 1566 1428 1600 profuturos?
1452 1567 1567 1597 Comm.
1589 1568 1611 1594 εἰ
1627 1569 1671 1594 illi
1688 1569 1774 1602 οῙῘὶεἱο
1792 1577 1841 1595 tua

209 1611 306 1640 desint.
321 1613 438 1638 muneris
456 1612 498 1637 sui
514 1612 719 1640 obliviscantur.
734 1613 839 1638 nullum
852 1613 878 1638 in
893 1612 946 1638 illis
961 1612 1088 1638 doctrina:
1101 1617 1124 1637 et
1140 1610 1279 1645 probita/is
1301 1611 1431 1643 specimen
1446 1617 1583 1644 appareat,
1599 1611 1772 1638 edacissim‘as
1785 1620 1843 1639 esse

209 1655 295 1681 tineas
321 1660 346 1681 et
366 1656 524 1689 ferruginea.
546 1664 604 1688 qua:
618 1656 720 1682 intimis
734 1663 820 1682 rerum
835 1656 1001 1690 publicarum
1017 1655 1158 1682 visceribus
1177 1655 1350 1686 adhatrentes,
1369 1654 1435 1680 lente
1451 1655 1556 1689 quidem
1572 1663 1603 1681 ac
1627 1656 1684 1682 sine
1697 1665 1842 1691 murmure,

210 1699 255 1724 sed
273 1699 378 1725 tandem
408 1699 588 1725 inhumaniter
605 1707 650 1726 eas
671 1699 815 1725 corrodunt
835 1708 865 1725 ac
880 1701 1042 1734 discerpunt.
1062 1698 1129 1725 Sunt
1151 1698 1255 1733 quidem
1273 1698 1313 1725 illi
1337 1698 1443 1728 ηιωηὶη,
1469 1706 1499 1724 ac
1531 1702 1733 1733 propugnacula
1761 1700 1842 1733 hujus

210 1748 386 1768 sacrosancta:
399 1742 524 1774 civitatis,
540 1744 603 1776 quid
618 1743 641 1769 si
660 1743 819 1769 collabentia
846 1744 943 1776 fuerint
959 1750 982 1769 et
1001 1743 1120 1778 ruinoso,
1137 1747 1161 1768 et
1177 1743 1203 1768 iu
1215 1743 1350 1775 proprium
1367 1742 1534 1768 commodum
1557 1749 1580 1768 et
1598 1742 1741 1769 utilitatem
1760 1744 1844 1770 decli-

211 1785 253 1811 i-ia
266 1785 278 1812 ?
292 1785 376 1812 Canes
399 1786 440 1812 illi
457 1787 533 1812 ovilis
549 1787 640 1820 hujus,
657 1787 720 1821 quid
738 1788 762 1813 si
774 1787 945 1813 somniculosi
957 1792 980 1812 et
996 1787 1072 1819 muti,
1087 1787 1139 1812 imo
1154 1787 1233 1820 (quod
1248 1786 1402 1815 dolendum)
1417 1786 1583 1818 rapacissimi
1595 1785 1659 1819 lupi,
1675 1787 1843 1819 propriarum

213 1829 302 1856 ovium
316 1830 416 1856 exuviis
431 1830 545 1864 e/ferati,
564 1839 654 1857 earum
671 1832 800 1865 sanguine
818 1831 898 1857 rictus
918 1836 941 1857 et
957 1838 1054 1864 ungues
1068 1829 1192 1863 perfusi?
1206 1829 1274 1856 Sunt
1292 1830 1422 1855 exercitus
1435 1829 1519 1855 nostri
1531 1830 1698 1863 antesignani
1714 1835 1736 1856 et
1752 1830 1845 1864 primi-

211 1873 283 1906 pili:
296 1875 360 1908 quid
376 1875 399 1900 si
418 1874 619 1908 transfugarum
632 1879 656 1900 et
674 1875 874 1906 exploratorum
891 1874 978 1908 ofﬁcio
993 1873 1160 1907 fungantur?
1187 1871 1361 1899 I’rirsenlium
1382 1873 1512 1899 malorum
1529 1873 1672 1905 medicina,
1690 1873 1842 1906 futurorum

212 1917 383 1948 prwservatio
395 1926 453 1944 esse
467 1917 572 1946 solent:
591 1926 625 1944 an
653 1918 734 1952 igitur
752 1927 876 1945 quenum
896 1919 952 1944 loco
969 1918 1083 1944 autidoti
1099 1917 1173 1943 nobis
1197 1917 1385 1951 propinabunt,
1400 1922 1497 1949 pestem
1512 1924 1543 1941 ac
1562 1917 1628 1942 luem
1643 1916 1715 1942 intra
1740 1923 1842 1945 nostros

212 1961 326 1994 parietes
340 1961 503 1989 imminent?
515 1961 651 1988 Bonorum
668 1963 709 1988 illi
728 1971 759 1988 ac
776 1962 973 1989 Cat/iulirorum
990 1961 1145 1996 defensores,
1161 1961 1299 1992 impiorum
1318 1965 1341 1985 et
1361 1959 1522 1992 perﬁdorum
1547 1960 1632 1986 hosles
1652 1968 1706 1986 esse
1724 1961 1816 1987 debent
1832 1969 1844 1993 ;

214 2013 281 2031 anne
295 2005 348 2031 vice
362 2013 436 2032 versa
457 2006 530 2032 bonis
544 2010 568 2032 et
584 2005 729 2032 Catltolieis
746 2006 862 2032 molestas
882 2014 998 2032 novercae
1018 2011 1103 2035 erunt,
1121 2004 1205 2036 impiis
1233 2010 1256 2030 et
1274 2004 1381 2037 perﬁdis
1407 2003 1569 2036 indulgentes
1599 2009 1622 2029 et
1639 2004 1729 2030 molles
1758 2005 1845 2030 nutri-

214 2049 280 2075 cula'
292 2050 305 2076 Υ
321 2048 437 2084 Denique
449 2049 490 2075 illi
510 2056 609 2082 palres,
631 2052 750 2076 docior-es
773 2056 796 2076 et
814 2050 903 2080 amici,
921 2050 984 2081 quid
1001 2050 1104 2075 tandem
1124 2048 1146 2073 si
1169 2048 1391 2074 immisericordcs
1409 2048 1527 2075 ritricos.
1546 2048 1569 2073 si
1584 2047 1667 2080 falsas
1688 2049 1842 2082 prop/19MB.

214 2093 238 2118 si
253 2093 438 2126 juratissimos
458 2094 545 2119 hostes
562 2102 605 2119 eos
622 2094 789 2127 ea'periaris?
803 2093 871 2125 Quid
887 2094 1016 2127 (inquam)
1034 2093 1055 2118 si
1069 2100 1112 2118 eos
1139 2091 1295 2125 temporalia
1311 2098 1356 2123 pro
1373 2095 1491 2122 a'ternts,
1506 2099 1571 2116 rana
1590 2098 1636 2125 pro
1652 2091 1728 2121 reris,
1743 2092 1843 2117 caduca

214 2144 263 2170 pro
277 2137 381 2167 solidis.
399 2137 508 2164 fallacia
526 2146 573 2172 pro
593 2139 682 2168 certis,
698 2138 804 2171 propria
818 2145 865 2172 pro
884 2137 1006 2171 publicis,
1026 2136 1142 2161 humana
1158 2143 1204 2167 pro
1220 2135 1326 2165 divinis,
1344 2142 1402 2160 cum
1417 2134 1578 2166 deplorando
1600 2135 1670 2160 orbis
1696 2133 1844 2161 Christiani

215 2181 343 2206 seandalo
358 2187 520 2208 commutare
535 2182 698 2208 uiderimus?
720 2181 814 2208 Verum
841 2182 895 2208 ha'c
912 2182 1028 2215 quidem,
1051 2180 1270 2212 prastautissime
1286 2179 1398 2212 prwsul,
1419 2179 1466 2204 alii
1482 2186 1533 2204 nott
1549 2187 1606 2212 ego,
1624 2179 1686 2205 aliis
1707 2186 1757 2205 non
1785 2179 1843 2206 tibi.

218 2224 383 2256 Theophanis
412 2225 538 2257 opuscula
554 2225 872 2260 habuimusjamdudum
896 2233 929 2251 ea:
950 2225 1079 2251 Vaticana
1105 2232 1267 2250 summorum
1284 2223 1436 2254 pontiﬁcum
1458 2222 1626 2249 bibliotheca.
1644 2221 1695 2249 Sed
1707 2231 1765 2248 cum
1782 2222 1843 2257 plu-

217 2267 291 2294 rimis
314 2268 377 2294 locis
401 2269 476 2294 ualde
499 2274 584 2295 essent
612 2271 768 2304 depravata,
783 2270 924 2296 editionem
947 2276 1037 2296 eorum
1061 2269 1196 2302 hucusque
1222 2268 1387 2293 distulimus.
1403 2265 1483 2293 Nunc
1503 2274 1562 2292 vero
1576 2267 1681 2292 tandem
1708 2267 1844 2300 exemplar

220 2313 332 2338 alterum
350 2313 434 2338 multo
448 2313 601 2344 correclius,
614 2322 646 2340 ea;
665 2314 842 2340 lilessanensi;
857 2313 1048 2340 m-chimandrii
1062 2313 1202 2346 archetypo
1218 2312 1377 2343 descriptum
1391 2311 1472 2342 nacti,
1494 2310 1587 2337 Latine
1604 2319 1620 2337 a
1636 2311 1709 2337 nobis
1729 2312 1843 2343 reddita,

217 2363 238 2381 o:
254 2356 370 2383 brevtbus
386 2357 453 2382 notis
471 2363 551 2384 aucta
569 2357 604 2383 ad
628 2363 652 2384 te
668 2359 810 2385 mittimus.
830 2358 922 2385 (ἐν-ωσι]
936 2358 993 2391 ἔνια
1007 2366 1021 2383 e
1035 2358 1138 2391 regione
1154 2356 1314 2382 Latinarum
1329 2363 1473 2390 proponere
1487 2355 1566 2388 (quod
1584 2355 1654 2382 vides
1667 2356 1691 2382 in
1707 2355 1754 2382 hoc
1777 2357 1845 2382 srri-

217 2401 337 2433 ptionum
350 2408 442 2433 genere
457 2406 484 2426 ut
499 2401 644 2435 plurimum
669 2402 767 2436 omitti)
787 2410 817 2428 eo
834 2402 944 2428 consilio
969 2401 1077 2428 adducti
1091 2408 1194 2431 sumus,
1215 2408 1246 2425 ne
1272 2400 1381 2425 lectores
1398 2406 1457 2425 vera
1486 2399 1532 2424 ml
1561 2398 1662 2433 γνησίᾳ
1679 2398 1845 2432 Theophanis

219 2450 303 2471 mente
316 2444 519 2478 fraudarentur.
548 2446 571 2472 si
584 2445 651 2479 forte
665 2455 722 2472 eam
735 2454 780 2472 nos
799 2446 897 2472 alicubi
915 2447 1001 2472 minus
1018 2447 1132 2473 assecuti
1147 2454 1248 2471 sumus.
1262 2444 1334 2471 Nam
1347 2445 1416 2478 quod
1434 2444 1491 2470 sine
1508 2444 1561 2469 ullo
1574 2444 1633 2477 fuco
1647 2450 1692 2470 aut
1708 2444 1844 2470 nunt/aria

219 2488 362 2522 afﬁrmem,
378 2490 529 2523 properanti
544 2490 624 2516 nimis
636 2489 751 2523 calamo,
773 2499 803 2517 ac
815 2491 890 2524 fessis
901 2491 1052 2524 plerumque
1064 2490 1174 2516 nimiunt
1191 2489 1274 2515 oculis
1293 2488 1349 2515 lta'c
1362 2488 1531 2514 dictavimus.
1544 2488 1605 2514 Jam
1616 2496 1674 2522 qua:
1689 2489 1721 2515 dc
1735 2492 1844 2513 auctore

221 2537 309 2559 noser
330 2533 364 2559 ad
383 2539 408 2559 te
425 2533 552 2568 deferant,
569 2534 624 2561 hwc
641 2534 733 2561 habeo.

254 2599 388 2633 Theophili
398 2600 562 2634 imperatoris
574 2601 738 2628 icoaomachi
750 2602 915 2635 temporibus.
927 2601 1048 2635 quipatri
1064 2601 1275 2635 .‘-ll.‘ltth‘ll.qttl’nt
1289 2599 1375 2626 Gra’ci
1388 2598 1504 2624 historici
1514 2596 1628 2631 1.01qu
1640 2597 1845 2631 κχὶάμορῤαἴον

221 2649 324 2675 vocant,
338 2644 473 2674 successit.
492 2645 578 2671 viuere
590 2645 685 2679 fratres
700 2647 751 2672 duo
763 2646 914 2672 Theodorus
926 2652 947 2670 et
958 2645 1210 2679 'l‘heuplumesglari
1221 2645 1394 2670 olrsacrarum
1406 2642 1548 2675 imaginum
1563 2644 1685 2667 altrorsus
1697 2641 1805 2674 impium
1819 2646 1844 2667 et

220 2689 376 2722 sacrilegum
403 2689 505 2722 princip
516 2697 557 2719 vn,
569 2691 812 2723 propugnationem.
831 2688 899 2715 Nam
916 2690 1014 2723 frontes
1028 2690 1104 2715 ambo
1117 2689 1197 2722 (quod
1213 2688 1316 2722 quidem
1330 2686 1485 2717 supplicium
1499 2687 1642 2719 imperator
1655 2684 1842 2711 Constantinus

223 2733 262 2757 uti
281 2732 398 2764 iamiam,
415 2732 558 2766 dirianue
574 2734 815 2767 ριιΙι¹ΙιΓίΙιιιΙὶ11ἱ,ηιΙ
832 2734 905 2767 cujus
922 2734 1117 2759 similitudinem
1139 2733 1253 2758 hmnann
1264 2731 1344 2765 facies
1364 2730 1478 2764 ﬁgurata
1494 2734 1540 2759 est.
1555 2728 1844 2761 contumeliosum,lege

225 2775 403 2808 ptoltibtterat.
418 2775 435 2802 I.
445 2783 511 2808 xvu,
522 2776 592 2803 (“De
604 2777 696 2812 ptrnis)
709 2778 845 2812 ejusjttssu
865 2779 932 2804 notis
947 2777 1106 2811 compuncti,
1122 2785 1151 2802 ac
1166 2780 1301 2808 orantem:
1313 2783 1319 2799 ι
1330 2774 1387 2806 ultio
1403 2773 1518 2807 γραπττοὶ
1532 2772 1751 2806 appellati,variix
1763 2772 1843 2797 etiam

226 2819 287 2844 aliis
299 2820 546 2855 tormentisuf/licit,
558 2822 694 2848 etlandem
706 2822 857 2848 inrxsilium
867 2821 1174 2856 pulsthi/tileconslanti
1189 2819 1358 2852 confessionis:
1370 2818 1465 2843 ardore
1473 2815 1705 2843 τρινίδσνιιιιΙ-Ιθιιῖι
1717 2816 1750 2841 “3
1765 2815 1845 2849 (Ψιοά

231 2868 254 2890 et
268 2864 302 2891 ad
313 2873 401 2891 eorum
411 2865 520 2899 qlorium
534 2873 581 2892 non
595 2866 730 2892 minimum
747 2865 865 2896 pertinet)
878 2871 900 2892 ct
914 2871 990 2893 artato
1005 2864 1125 2895 (canalis.
1145 2869 1167 2891 et
1183 2863 1242 2889 lidci
1254 2863 1350 2889 socius.
1364 2869 1472 2895 magnus
1487 2862 1530 2887 ille
1550 2860 1698 2887 Mt'tlzotlius
1714 2859 1846 2887 Constan-
