1982 3073
193 165 249 194 285
911 167 1120 199 PREFATIO.
1761 173 1813 203 2‘86

193 222 396 256 tinopolitanns,
412 231 486 256 quem
500 225 584 252 vivum
595 226 714 260 sepulcro
730 227 829 253 includi
845 229 912 260 (erat
933 229 956 255 is
970 237 998 255 eo
1017 236 1070 254 a'vo
1084 237 1133 255 non
1151 229 1299 264 infrequens
1312 232 1457 264 cruciatus)
1466 231 1546 265 jussit
1557 231 1624 258 idem
1641 232 1811 266 impiissintus

193 272 333 302 tyrannus.
349 267 459 294 Exstant
474 269 582 301 quidam
597 271 687 299 iambi.
705 279 767 304 quos
784 270 934 298 Theodorus
951 281 983 298 ac
998 271 1176 307 Timophanes,
1190 275 1216 301 in
1225 283 1283 301 eam
1301 275 1417 301 insulam
1430 275 1520 306 delati,
1537 283 1588 309 qua
1602 275 1750 302 Met/zodius
1764 277 1810 301 sub

192 315 292 337 terram
309 311 432 345 degebat,
453 313 487 337 ad
516 321 572 338 eum
588 314 761 346 scripserunt.
780 315 819 340 illi
839 318 928 344 etiam.
949 324 1011 350 quos
1029 318 1071 342 hic
1097 318 1130 343 ad
1157 319 1260 344 eosdem
1275 319 1418 352 respondit.
1436 319 1518 351 Quos,
1540 320 1608 353 quod
1623 320 1811 354 elegantissimi

191 355 255 384 sint.
273 360 331 389 post
350 356 416 381 hanc
431 357 569 389 epistolam
589 359 729 389 ascriutos,
747 358 799 383 nisi
822 360 949 393 gravaris.
978 368 1064 393 quaeso
1080 361 1160 392 [ει-[ηε.
1182 361 1286 388 Mortuo
1305 361 1461 397 Theophila,
1483 364 1530 388 sub
1551 362 1688 389 Theodoro
1707 370 1731 389 et
1756 363 1810 389 Mi-

191 399 281 424 chaele
296 400 352 428 lilio
364 399 448 432 (quem
467 400 584 433 μεθυαὸν
600 406 691 427 vocant
705 406 835 438 auctores)
851 403 962 428 inducite
978 405 1079 437 quidem
1093 404 1216 431 Ecclesite
1231 413 1369 435 concessa'.
1384 414 1434 432 non
1447 413 1508 438 pax,
1522 406 1645 436 malacia,
1664 415 1715 432 non
1735 411 1810 432 tran-

191 442 321 467 quil/itm.
343 443 509 473 Theophanes
531 443 611 477 igitur
624 452 652 470 eo
677 450 793 478 tempore
810 435 862 470 una
890 454 945 472 cunt
964 445 1098 474 Theodoro
1117 449 1211 481 fratre,
1228 454 1255 474 ut
1280 455 1304 475 et
1332 449 1492 480 Methodius.
1511 450 1609 481 aliique
1628 458 1706 483 quam
1736 451 1809 475 multi

189 485 410 512 iconoclastarum
426 487 525 517 hostes,
545 488 576 512 ub
590 487 683 513 exsilio
701 494 849 520 revocatus,
866 489 898 515 ab
914 490 1032 524 Argusta
1045 491 1187 518 honoriﬁce
1201 497 1343 524 tractatur,
1362 494 1413 518 imo
1423 498 1446 518 et
1466 493 1598 519 luculenta
1610 494 1725 519 convivio
1739 496 1808 519 ιιλιείς

191 529 272 559 titur.
293 529 378 562 Atque
393 529 518 556 hactenus
537 538 566 556 ea
587 529 632 555 tibi
649 530 737 560 retuli.
753 540 811 566 qua:
831 541 845 557 a
859 532 958 558 Cra'cis
979 534 1110 560 historicis
1133 535 1164 560 ab
1189 543 1258 561 anno
1274 536 1370 562 salutis
1386 537 1599 567 octiuqentesimo
1625 538 1756 566 vicesimo,
1774 538 1808 562 ad

190 574 430 607 octingentesimum
447 575 689 608 quintptagesimum
705 576 864 602 scribun'nr.
878 577 986 603 Addunt
1007 577 1127 604 Romana
1141 578 1344 613 Martyrologia.
1357 583 1381 605 et
1398 578 1547 605 Grcecorum
1561 579 1707 613 illeuolagia
1726 580 1808 606 Theo-

188 617 300 649 p'.auem
315 616 345 642 ab
359 616 451 642 essilio
468 626 595 643 reversum
613 617 731 644 Nica’na:
746 620 816 645 urbis
835 620 981 653 episcopum
994 626 1109 647 creatum
1126 622 1217 655 fuisse.
1235 621 1290 647 Nec
1303 630 1349 655 ego
1369 626 1436 648 certe
1447 622 1478 648 de
1495 631 1582 648 eorum
1601 623 1652 656 fide
1670 624 1804 649 addubiro.

187 659 218 685 lit
235 660 304 685 enim
319 665 341 685 et
359 659 522 692 Theophanis
542 661 607 686 Vitae
635 663 748 693 scriptor
772 671 787 688 a
805 662 948 694 Lipamauo
964 665 1047 690 editus
1061 665 1186 696 rrinturn.
1206 665 1310 690 demum
1322 674 1336 690 a
1358 664 1451 696 Snrio,
1467 673 1514 691 nos
1535 665 1622 694 docet.
1640 670 1663 691 ct
1692 666 1806 692 Michael

188 702 282 736 Clgca.
301 709 325 729 et
340 703 530 730 Constantinus
546 704 680 731 Manassae
693 705 780 733 Crwci
796 711 915 732 auctores
932 707 1028 733 litteris
1048 712 1220 734 mandarunt.
1239 707 1356 740 Quorum
1379 708 1543 739 testimonia,
1565 709 1634 742 quod
1654 717 1772 735 seorsum
1789 719 1804 735 a

187 754 228 773 me
243 748 329 777 posita
347 748 430 780 legere
447 749 543 781 possis.
561 749 602 774 hic
616 751 829 781 privtermittam.
851 749 903 777 Sed
920 756 943 777 et
956 757 1060 781 cretera.
1079 759 1136 785 qua;
1157 751 1191 778 ad
1208 752 1286 785 hujus
1304 752 1352 777 viri
1372 753 1450 777 vitam
1470 752 1634 785 peculiarius
1648 761 1805 786 cognoscen-

186 791 248 815 dum
271 795 400 822 spectant,
424 795 476 816 tam
495 800 511 816 ιι
529 792 674 824 prtrcitulis
700 793 862 825 auctoribus,
891 802 968 826 quam
998 795 1029 821 ab
1047 803 1088 825 eo,
1114 803 1188 829 quem
1204 796 1283 821 etiam
1304 795 1438 821 nominavi
1458 796 1643 827 metaphraste,
1665 804 1696 821 ne
1720 804 1765 830 ego
1782 801 1806 822 te

185 833 303 865 pluribus
320 841 416 863 morer.
430 833 511 866 facile
529 835 668 869 intelliges.
687 835 779 870 Itaque
791 837 884 863 dubius
901 845 951 864 non
965 846 1033 869 smn.
1050 839 1113 873 quin
1131 838 1300 870 Theophanes
1314 844 1401 865 noster
1428 839 1450 864 is
1474 839 1528 872 ipse
1545 839 1590 868 sit.
1608 839 1639 865 de
1662 847 1712 873 quo
1735 839 1805 866 dimi-

186 886 253 905 mus.
275 877 368 905 Verum
386 881 509 913 quoniam
528 881 578 906 loci
594 884 644 907 duo
662 883 731 915 apud
743 883 863 909 eumdem
881 884 918 908 ita
937 891 1028 917 urgere
1044 884 1175 912 ridentur,
1191 887 1218 908 ut
1233 882 1315 908 ntnlto
1332 882 1461 908 recentior
1477 882 1628 908 existimari
1645 891 1690 909 nec
1704 883 1804 917 injuria

185 923 276 954 possit,
294 923 355 949 illos
377 925 422 950 tibi
443 925 577 958 praeterire
592 933 642 950 non
665 926 754 952 debeo.
773 926 887 960 Uterque
899 927 1010 953 habetur
1027 927 1054 952 in
1075 927 1184 959 epistola
1199 927 1233 952 ad
1248 926 1371 953 Nictenos
1385 927 1417 953 de
1434 935 1521 953 rerum
1544 929 1719 953 humanarum
1742 935 1804 954 con-

184 969 294 999 (emptu.
313 966 392 992 Prior
406 972 443 992 est
456 967 480 993 in
494 969 548 1000 ipso
565 969 650 996 initio.
665 969 708 994 ubi
722 968 842 996 Nictvam
861 974 975 1000 captant.
993 975 1070 1004 atque
1084 971 1111 996 in
1128 970 1242 996 hostium
1267 975 1422 1003 potestatem
1439 970 1574 997 redactam
1586 971 1666 997 dolet.
1684 971 1756 997 Alter
1775 973 1802 998 in

182 1009 245 1043 fine,
265 1018 316 1043 quo
337 1012 376 1043 (ut
395 1010 503 1036 habetur
534 1012 561 1037 in
575 1013 719 1045 exemplari
737 1012 874 1047 Vaticano)
890 1014 1005 1040 meminit
1020 1013 1157 1040 Barlaami
1169 1018 1192 1040 et
1207 1014 1337 1048 Acyndini
1348 1013 1541 1040 htcreticorum.
1554 1013 1586 1039 At
1600 1013 1760 1040 Barlaantus
1777 1018 1802 1040 et

186 1054 341 1087 Acyudinus
359 1054 405 1080 sub
422 1054 527 1081 Joanne
541 1054 611 1084 XXI.
626 1056 679 1081 sive
697 1056 779 1081 matris
793 1055 877 1086 XXII.
896 1056 1012 1083 Romana
1034 1057 1166 1089 pontifice.
1187 1056 1314 1083 [ilic/taeta
1328 1057 1477 1082 Andronico
1498 1055 1649 1090 Pala'oloqo
1673 1056 1800 1086 Orientis.

182 1098 297 1123 Henrico
309 1097 515 1131 Lucenburgico,
530 1099 581 1125 sive
592 1099 724 1125 Ludovico
738 1099 840 1125 Bavaro
855 1099 1003 1126 Occidentis
1023 1101 1234 1134 imperatoribus,
1251 1109 1388 1131 emersere.
1401 1101 1472 1127 circa
1492 1099 1591 1126 Christi
1605 1108 1703 1126 annum
1719 1100 1802 1126 mille-

181 1143 277 1168 simum
290 1144 503 1170 trecentesimum
517 1145 679 1171 vicesimum.
696 1145 815 1177 Quorum
836 1150 897 1171 tunc
916 1145 1038 1178 temporis
1055 1145 1174 1177 impietas
1197 1145 1298 1177 (nempe
1313 1153 1344 1170 ea
1360 1145 1428 1179 ipsa,
1444 1152 1501 1178 qua:
1512 1153 1527 1170 a
1544 1148 1633 1170 nostro
1647 1144 1801 1178 Themi/Iane

181 1191 358 1220 oppugnatur)
372 1188 485 1214 coercita
499 1188 558 1223 fuit.
577 1187 627 1215 Sed
644 1194 669 1215 et
689 1190 778 1215 eodem
791 1196 854 1220 ceco,
874 1197 964 1223 nempe
976 1189 1009 1214 ad
1029 1196 1126 1214 annum
1138 1187 1236 1214 Christi
1248 1187 1415 1214 millesimum
1433 1187 1655 1217 trecentesimum.
1674 1187 1801 1222 Scythica

180 1238 243 1262 gens
256 1231 389 1257 Orientem
411 1233 515 1266 gravius
540 1233 653 1266 pervasit
687 1233 829 1259 Ottomano
855 1234 930 1264 duce,
958 1232 1033 1266 cujus
1061 1231 1132 1266 ﬁlius
1158 1231 1311 1258 Orchannes
1342 1239 1393 1257 non
1421 1233 1503 1257 multo
1534 1236 1590 1264 post
1616 1230 1708 1257 Ntca’a
1741 1231 1800 1265 ipsa

182 1273 253 1307 (angi
276 1276 400 1308 temporis
427 1275 561 1302 obsidione
591 1276 706 1310 fatigata
739 1277 845 1302 tandem
869 1277 969 1311 potitus
1001 1279 1049 1301 est.
1076 1274 1169 1308 Itaque
1195 1275 1250 1301 haec
1276 1275 1343 1301 inter
1354 1283 1410 1301 sese
1436 1276 1474 1301 ila
1496 1276 1632 1301 convenire
1666 1275 1798 1306 videntur,

180 1321 210 1342 nt
238 1323 353 1344 nostrum
379 1317 559 1351 Theophanem
586 1328 615 1345 ea
638 1325 717 1346 (etate
743 1320 838 1346 vixisse
867 1328 925 1346 vero
957 1319 1070 1346 similius
1094 1318 1326 1353 fuerit.Ctt'terum
1351 1327 1396 1352 ego
1424 1327 1475 1345 non
1498 1319 1584 1345 adhuc
1616 1318 1743 1350 adducor,
1773 1325 1799 1345 ut

179 1369 195 1385 a
225 1362 307 1393 priori
343 1362 470 1389 sententia
509 1362 654 1389 discedam.
693 1362 764 1389 Nam
797 1363 928 1398 Acyndini
962 1367 984 1389 et
1016 1361 1157 1388 Barlaami
1195 1362 1293 1388 utentia
1335 1364 1404 1388 deest
1435 1363 1460 1388 in
1494 1362 1657 1389 Messaneusi
1699 1362 1798 1391 codice.

179 1405 256 1435 cuius
280 1405 424 1437 exemplum
449 1405 483 1432 ad
505 1407 573 1432 hanc
597 1407 734 1433 editionem
764 1407 901 1433 habuimus
928 1414 1008 1441 opera
1035 1405 1134 1432 Metelli
1161 1405 1271 1431 Andenii
1302 1405 1352 1431 viri
1381 1405 1452 1431 docti
1488 1410 1512 1432 et
1541 1407 1645 1440 integri.
1670 1405 1703 1431 Et
1731 1411 1798 1431 certe

177 1447 350 1474 Messanensis
362 1449 423 1474 libri
435 1449 501 1482 ﬁdes
518 1450 605 1483 potior
629 1450 693 1475 mihi
715 1449 777 1483 fuit,
804 1459 881 1483 quam
911 1449 1054 1482 Vaticani;
1079 1458 1139 1475 nam
1159 1455 1182 1475 et
1210 1449 1293 1475 multa
1307 1449 1434 1481 majorem
1466 1450 1647 1482 antiquitatem
1674 1450 1798 1483 pra-ferre

178 1496 290 1521 constat.
310 1500 376 1520 cum,
401 1491 552 1519 Vaticanum
578 1493 624 1519 sub
654 1493 766 1520 Nicolao
784 1492 806 1520 V
832 1494 956 1527 scriptum
983 1493 1066 1527 fuisse
1083 1493 1162 1525 facile
1180 1493 1214 1518 sit
1237 1492 1357 1526 colligere
1381 1500 1413 1518 ea:
1441 1492 1539 1518 Pcrotti
1564 1492 1718 1526 quibusdmu
1751 1499 1798 1524 pa—

177 1536 269 1569 rergis.
287 1543 345 1569 quw
363 1543 409 1568 pro
425 1536 507 1562 libelli
525 1537 601 1562 initio
615 1536 754 1563 habentur.
779 1537 878 1563 Deinde
902 1537 1008 1563 lum-esis
1028 1536 1163 1562 Barlaami
1186 1540 1210 1561 et
1230 1535 1362 1561 Acuudiui
1380 1536 1429 1561 non
1448 1536 1495 1570 fuit
1516 1543 1601 1567 nova;
1617 1543 1678 1561 nam
1700 1537 1794 1561 multm

178 1579 231 1604 imo
253 1578 306 1610 fere
331 1580 417 1605 omnia
440 1587 455 1604 a
469 1579 563 1611 priscis
587 1580 716 1606 hazreticis
731 1581 885 1614 desumpsit.
904 1581 974 1607 utin
996 1579 1070 1606 illius
1093 1579 1143 1605 loci
1163 1579 1270 1605 scholiis
1296 1580 1492 1605 demonstrabo.
1523 1578 1592 1610 Quot
1613 1578 1795 1604 hn'reticornm

178 1622 274 1648 deliria
292 1627 418 1648 notantur
432 1623 464 1649 ab
483 1622 600 1657 Ignatio,
617 1624 660 1658 qui
678 1628 792 1658 tempore
818 1623 1004 1658 Apostolorum
1021 1624 1094 1654 vixit,
1111 1632 1168 1658 quia
1185 1623 1260 1652 Aria.
1286 1622 1451 1652 Macedonia.
1471 1621 1594 1648 Nestorio
1606 1642 1613 1653 ,
1641 1621 1794 1656 liutyriteti,

177 1671 303 1699 tanquam
319 1673 407 1692 eorum
424 1667 576 1693 architectis
593 1667 741 1693 tribuerunt
756 1668 854 1694 smcula
878 1668 1070 1695 succedendo?
1086 1667 1147 1694 lam
1169 1667 1269 1693 Nicrete
1288 1668 1450 1702 oppugnatio
1469 1675 1483 1692 a
1507 1667 1603 1699 prioris
1629 1665 1794 1698 Theophanis

177 1714 255 1735 a'tate
282 1717 333 1735 non
349 1710 455 1736 omnino
481 1711 624 1742 discrepat.
646 1710 719 1736 Nam
745 1711 827 1738 multo
851 1717 911 1737 ante
931 1711 1099 1744 Theophilum
1125 1712 1309 1743 imperatorem
1336 1711 1457 1737 universa
1475 1711 1537 1736 Asia
1556 1710 1592 1736 ita
1615 1718 1630 1735 a
1654 1709 1793 1736 Saracenis

176 1753 362 1787 infestabatur.
375 1759 403 1779 ut
420 1753 478 1787 ﬁeri
493 1755 610 1788 patuerit
627 1754 720 1789 (parite
738 1755 875 1789 enimjam
891 1760 952 1781 tunc
970 1760 993 1782 et
1016 1763 1079 1789 pene
1096 1761 1283 1781 momentauew
1301 1754 1327 1780 in
1342 1754 1473 1780 Orieutoli
1488 1753 1596 1786 imperio
1620 1761 1707 1778 rerum
1723 1753 1794 1779 vicis-

175 1797 325 1828 situdines).
341 1796 460 1824 Nicaeum
476 1798 503 1823 in
525 1805 613 1824 eorum
629 1803 783 1831 potestatem
800 1799 833 1824 ad
848 1798 956 1832 aliquod
972 1804 1072 1831 tempus
1093 1799 1237 1824 redactam.
1255 1798 1330 1824 Certe
1348 1798 1440 1824 Leonis
1454 1797 1568 1823 Isaurici
1582 1805 1652 1822 anno
1667 1796 1792 1827 secutulo,

175 1840 221 1873 qui
239 1839 290 1872 fuit
310 1839 406 1866 Christi
421 1841 660 1874 septingentesimus
672 1842 789 1875 quintus,
806 1841 930 1874 Thracia,
947 1842 997 1867 imo
1010 1842 1066 1875 ipsa
1081 1841 1141 1867 urbs
1164 1841 1267 1873 imperii
1290 1842 1372 1871 sedes,
1387 1848 1433 1874 per
1445 1841 1627 1874 So.ymanum.
1643 1838 1770 1865 Utnarum
1783 1859 1791 1871 ,

179 1881 281 1908 lzitheu
294 1884 424 1909 biennium
439 1890 600 1918 oppugnata.
618 1885 676 1917 Quo
702 1886 782 1912 etiam
801 1891 915 1918 tempore
937 1884 1109 1911 Mardosanes
1134 1886 1165 1910 ab
1184 1883 1279 1910 DEI/tte
1295 1884 1362 1918 pylis
1379 1885 1411 1909 ad
1439 1883 1559 1909 Nica’am
1574 1889 1596 1909 et
1610 1882 1791 1909 Nicomediam

177 1935 268 1961 usque.
289 1932 316 1953 ut
344 1929 501 1954 nominatim
518 1930 689 1962 prodiderunt
714 1935 844 1959 auctores.
868 1937 1021 1959 excursans,
1049 1933 1128 1954 tatam
1147 1927 1303 1962 Bithyniam
1318 1927 1469 1961 .lpopnlatus
1483 1932 1530 1953 est.
1556 1925 1607 1953 Sed
1627 1931 1651 1952 et
1675 1925 1790 1959 ejusdem

175 1971 291 1997 Cononis
309 1979 378 1997 anno
392 1972 491 1998 decimo
509 1973 587 1999 Amer
604 1975 654 2003 (sic
669 1973 783 2006 Agareui
802 1974 928 2000 vocabant
951 1981 1012 2000 suos
1035 1974 1216 2006 imperatores)
1236 1977 1262 1997 et
1275 1971 1375 1998 Mabias
1396 1971 1516 2005 quidam.
1532 1979 1589 1996 cum
1606 1975 1706 1996 centum
1730 1970 1790 1995 mil-

173 2015 242 2041 libus
258 2016 369 2041 militum
386 2015 503 2042 .V'icceam
518 2018 563 2042 diu
578 2017 688 2048 obsedit,
702 2025 759 2051 qua:
774 2018 877 2043 curulem
894 2025 920 2043 re
940 2018 1088 2051 desperata,
1108 2015 1266 2042 Sanctorum
1283 2016 1438 2042 tutelarium
1455 2023 1512 2049 ope.
1531 2015 1575 2048 qni
1590 2022 1636 2047 per
1655 2021 1788 2039 murorum

173 2059 355 2085 tlemolniones
370 2060 511 2093 conspecti.
535 2060 621 2086 hostes
644 2065 804 2093 terruerunt,
829 2061 966 2087 liberatur.
992 2059 1132 2086 Michaelis
1150 2060 1224 2086 Balbi
1241 2060 1352 2093 imperio
1383 2061 1469 2093 major
1495 2058 1581 2084 adhuc
1616 2057 1788 2083 barbarorum

174 2101 298 2135 illuvies;
316 2111 374 2128 nam
391 2103 459 2129 illia
475 2103 607 2130 littoribus
624 2104 714 2131 Ba'tici
733 2103 831 2130 Oceani
852 2104 936 2130 nostri
951 2105 1078 2131 solventes
1102 2104 1163 2138 (quo
1190 2108 1305 2135 tempore
1330 2103 1453 2136 regnabat
1478 2102 1547 2133 apud
1571 2110 1615 2127 nas
1640 2101 1787 2135 Alphousns

173 2152 343 2181 cognomento
363 2147 486 2180 Magnus.
506 2147 634 2174 llauimiri
660 2149 740 2180 ﬁlius.
760 2149 870 2176 Ot'duuii
895 2157 981 2183 nepos,
1002 2147 1104 2181 Corsica
1127 2148 1211 2182 pater)
1235 2147 1314 2181 facile
1331 2146 1435 2172 Cretum
1461 2150 1661 2178 occupaverunt,
1677 2150 1701 2171 et
1719 2145 1788 2170 brevi

174 2189 308 2222 Siciliam.
323 2190 487 2223 Calabriam,
504 2191 647 2224 bonmnque
664 2191 753 2218 Ilttlt'lL'
770 2197 872 2224 partem
892 2192 1076 2223 debellarunt;
1100 2193 1126 2218 in
1145 2192 1235 2217 Asiam
1260 2191 1365 2216 tandem
1385 2190 1558 2224 truj‘cientes,
1578 2195 1654 2222 atque
1672 2189 1789 2215 aliis.sui

172 2235 275 2269 generis
292 2235 424 2268 adjuncti,
442 2243 510 2268 sa'pe
526 2235 552 2260 in
569 2234 671 2261 Cra‘cia
688 2237 727 2262 vel
741 2244 798 2261 cum
815 2237 870 2267 ipso
887 2236 963 2267 Theo,-
974 2236 1027 2262 hilo
1046 2236 1231 2269 conflixerunt,
1257 2235 1429 2268 ultimumque
1454 2237 1488 2260 ad
1507 2234 1642 2260 Amoriutn
1667 2233 1787 2268 Pln'ggitc

172 2279 308 2313 oppidum.
327 2287 377 2304 non
393 2279 449 2304 sine
465 2287 594 2306 successu.
613 2279 718 2306 Accedit
734 2280 805 2306 locus
818 2281 888 2313 apud
910 2279 1025 2306 eumdem
1045 2279 1227 2311 Theophanem
1243 2279 1268 2304 in
1289 2278 1399 2311 epistola
1416 2278 1480 2312 περὶ
1499 2278 1546 2312 τῆς
1568 2276 1727 2311 ἱερωσύνης,
1746 2276 1788 2302 ubi

171 2323 204 2348 de
219 2323 346 2356 baptismo
361 2322 484 2357 loquitur.
505 2323 549 2356 qui
564 2325 602 2350 sic
615 2324 689 2350 habet
705 2332 711 2350 :
732 2323 793 2350 ltco
813 2324 937 2350 Christus
955 2325 1084 2355 membra,
1101 2330 1162 2356 qua:
1181 2328 1311 2356 tanquam
1339 2322 1447 2356 propria
1476 2321 1526 2347 silui
1543 2326 1583 2347 est
1599 2321 1787 2355 copulalntns.

172 2367 321 2394 coniormiu
341 2367 415 2401 prius
430 2368 509 2401 capiti
533 2368 595 2395 facit
610 2377 657 2403 por
673 2369 845 2402 Iuaptisuamu.
867 2369 966 2395 Deinde
981 2375 1028 2401 per
1042 2366 1276 2400 pmticipnlinnem
1296 2372 1326 2391 ac
1341 2365 1611 2391 commanicnliam-m
1627 2372 1682 2390 sum
1698 2365 1788 2390 curuis

171 2416 198 2437 el
213 2411 352 2444 sanguinis
369 2411 419 2438 sibi
436 2416 462 2437 et.
478 2412 548 2438 inter
564 2420 622 2438 sese
642 2413 732 2438 (“vim
751 2412 807 2438 licet:
823 2413 912 2438 omnia
930 2415 1047 2438 :m-nmrn
1063 2410 1222 2444 agglutinal.
1241 2410 1322 2444 Atque
1336 2409 1433 2435 addit:
1455 2408 1516 2435 Ilico
1542 2410 1613 2434 enim
1640 2408 1788 2441 lmplismus

171 2461 294 2481 sancmn
311 2455 440 2488 pra-cedit
455 2456 682 2482 cmnmlxnioxmu.
704 2455 752 2481 L'bi
771 2465 819 2482 non
835 2457 940 2482 obscure
957 2457 1052 2486 innuit.
1077 2456 1210 2488 antiquum
1231 2454 1354 2481 lfcclt'siw
1370 2463 1466 2479 murem
1483 2454 1524 2488 (de
1543 2463 1593 2488 quo
1610 2455 1634 2480 in
1650 2454 1714 2479 notis
1727 2461 1788 2487 age-

170 2502 239 2532 mus)
255 2507 302 2525 suo
317 2503 432 2532 tempore
451 2499 569 2530 durasse,
587 2507 673 2531 nempe
689 2498 806 2529 adultos,
834 2505 857 2525 et
875 2500 920 2534 qui
943 2507 1025 2526 sacra!
1041 2499 1217 2526 Ettr/tm'lnlltl’
1237 2503 1429 2525 sacramentum
1450 2498 1623 2532 accipiebant,
1648 2500 1682 2524 ad
1700 2497 1787 2531 bapti-

170 2550 255 2569 smum
270 2543 418 2573 accessisse,
434 2543 504 2576 quod
518 2549 589 2569 certe
606 2544 687 2569 multo
708 2543 832 2569 vetustius
849 2549 898 2575 est,
913 2552 992 2578 quau
1009 2548 1035 2569 ut
1054 2544 1079 2568 in
1098 2542 1201 2568 (ira'cia
1222 2547 1272 2568 ccta
1285 2550 1324 2568 em
1341 2543 1454 2569 senioris
1465 2542 1621 2573 Andronici,
1641 2542 1667 2567 id
1680 2545 1717 2566 est
1734 2545 1787 2566 tre-

170 2592 304 2612 centorum
320 2586 378 2618 plus
396 2586 510 2612 minusve
526 2595 654 2612 annorum
673 2587 740 2620 ferre
775 2589 868 2620 possit.
895 2588 934 2614 Ad
956 2587 1019 2617 lta'c.
1039 2586 1110 2612 haud
1135 2587 1199 2613 mihi
1223 2587 1398 2620 persuadebo,
1432 2587 1479 2612 illa
1502 2591 1579 2612 atate
1604 2585 1784 2618 Theophanem

170 2631 274 2661 vixisse,
288 2638 346 2656 cum
363 2630 418 2663 ejus
435 2630 532 2656 nteutio
548 2630 578 2656 ab
598 2630 669 2656 illius
689 2632 737 2657 (eui
753 2631 871 2664 diligenti
884 2632 1020 2663 scriptore,
1046 2631 1199 2661 imperatori
1216 2638 1287 2662 caro,
1306 2629 1456 2656 litterarum
1472 2635 1496 2656 et
1510 2630 1685 2656 litteratorum
1701 2628 1786 2654 homi-

171 2683 232 2700 num
250 2678 367 2700 amatore
382 2680 405 2700 ει
424 2675 583 2700 eucamiuste
610 2673 756 2706 Nicephoro
781 2675 896 2709 Crcgora
920 2676 1023 2709 penitus
1048 2676 1127 2710 (quod
1152 2675 1325 2709 nteminerim)
1351 2675 1510 2708 negligatur.
1535 2673 1656 2708 Legimus
1681 2673 1785 2708 quidem

169 2718 270 2751 integro
283 2718 380 2744 stet:qu
395 2723 455 2744 ante
470 2718 647 2744 Andronicum
673 2717 975 2752 Nicolaumquemdam
1000 2719 1151 2748 Nicammn,
1178 2719 1220 2752 qui
1239 2718 1388 2744 Andronico
1403 2717 1532 2745 Conmeuo
1554 2722 1675 2750 tyranno,
1699 2716 1784 2742 Alexii

170 2761 297 2789 Comneni
312 2762 453 2791 avunculo,
471 2760 601 2787 Mannelis
618 2761 742 2788 Comneui
756 2763 850 2796 fratre,
869 2763 988 2790 Nicteam
1001 2772 1047 2797 pro
1058 2763 1126 2789 tidtt.
1151 2761 1313 2796 Theophanis
1329 2770 1388 2788 vero
1410 2768 1456 2794 per
1480 2769 1508 2786 ea
1525 2760 1621 2786 srecula
1636 2759 1711 2786 nulla
1729 2767 1784 2786 om-

171 2806 232 2832 nino
248 2806 277 2838 [it
295 2807 403 2831 mentio.
424 2803 486 2831 Ilwc
503 2809 572 2831 certe
588 2806 625 2831 ita
640 2806 710 2832 dicta
735 2807 821 2838 velint,
841 2813 867 2832 ut
885 2807 994 2834 liberum
1021 2806 1159 2839 unicuique
1186 2813 1231 2839 per
1247 2813 1286 2831 me
1306 2806 1365 2838 ﬁat,
1390 2805 1421 2831 de
1439 2804 1602 2838 Theophanis
1625 2804 1721 2830 sa’culu
1736 2811 1784 2837 pro

171 2849 244 2876 ltbilo
257 2855 364 2876 sentire.
384 2847 483 2874 Habuit
501 2853 568 2874 certe
583 2849 654 2874 onmi
680 2857 744 2881 ivro,
768 2850 936 2876 ornatissime
957 2850 1064 2884 pra'sul,
1087 2855 1217 2875 terrarum
1248 2849 1292 2875 ille.
1316 2849 1406 2875 acu/tu
1423 2853 1444 2874 et
1460 2849 1520 2882 flos,
1539 2848 1606 2874 viros
1623 2849 1742 2874 doc/riuo
1757 2851 1782 2874 et

171 2894 273 2927 i:gcuio
290 2891 535 2927 pratuutiaximos,
554 2901 566 2919 ς
584 2901 692 2927 quorum
714 2894 829 2927 [onti'us
846 2895 872 2920 in
891 2902 949 2921 omn

997 2903 1032 2921 ψ(
1047 2894 1247 2927 .Iisciptim:rum
1270 2901 1361 2928 g~ucre
1378 2892 1473 2919 rivulos
1492 2897 1594 2919 nostros
1612 2893 1697 2919 adhuc
1711 2893 1779 2920 deri-
