1982 3073
145 104 200 136 259

840 103 937 132 EPIS']

991 104 1021 133 Α
1045 104 1070 133 I.
1717 107 1769 139 £90

179 163 284 190 πᾶσαν
304 163 474 195 κοινωνίαν,
492 163 552 189 τῶν
575 163 740 197 αἰρετικῶν.
758 163 931 197 Πεμφθεῑσα

1015 164 1168 198 fugiendum
1193 172 1259 192 esse.
1288 164 1373 192 Missa
1405 166 1475 199 fuit,
1499 173 1559 192 cum
1584 167 1698 200 trimum
1725 174 1771 195 ite-

180 212 250 241 :mp'
265 210 358 236 αὑτοῦ
376 208 420 236 ἐτι
443 209 530 243 ὄντος
549 211 726 244 ὐποψηφίου
743 211 855 243 ταύτης
878 209 932 243 τῆς

180 256 310 287 πόλεως.

180 302 212 328 Ol
226 301 273 336 τὴν
288 301 372 329 πάλαι
391 302 440 335 μὲν
457 302 605 336 εὐδαίμονα
620 303 668 330 καὶ
692 304 932 339 περιφανεστάτην

145 347 201 374 τῶν
215 348 332 380 πόλεων,
349 348 409 374 νυνὶ
419 348 447 375 δὲ
461 348 641 384 δορυάλωτον,
650 349 672 376 ὣ
687 350 756 377 Θεοῦ
771 351 930 386 κριμάτωνί

146 394 195 420 καὶ
203 393 408 428 δεδουλωμένην
417 393 557 426 οἰκοῦντες
568 395 584 430 ἢ
597 395 793 430 παροικοῦντες
800 397 932 429 Νίκαιαν,

148 440 250 474 μᾶλλον
265 440 295 467 δὲ
310 440 341 467 τὺ
362 440 473 467 εἴδωλον
486 441 572 476 αὐτῆς
585 442 716 476 ἀτεχνῶς,
732 443 764 469 ἐκ
780 443 863 478 μόνου
884 442 932 469 τοῦ

146 488 281 522 ὀνόματος
301 487 349 513 καὶ
367 488 418 520 τῆς
438 488 593 522 ἐπιγραφῆς
607 489 677 515 κατά
693 488 756 520 τοὺς
772 489 933 524 ἀνδριάντας

145 533 178 559 τὸ
192 532 332 568 γνώριμον
343 532 471 568 ἔχουσαν,
487 533 549 560 ὅσον
563 542 592 560 τε
614 536 642 561 ἐν
662 534 798 569 διαφόροις
819 536 934 571 βαθμοῖς

144 579 194 606 τοῦ
219 578 359 614 ἱερατικοῦ
385 579 555 614 καταλόγουθ
579 580 628 606 καὶ
654 580 679 607 οι
705 581 793 608 λοιποὶ
814 582 934 614 ἅπαντες

146 626 206 652 ὅσοι
231 625 360 652 καλεῖσθε
387 626 442 652 ἀπὸ
461 626 592 661 Χριστοῦ,
611 627 690 662 χάρις
709 628 774 663 ὑμῖν
790 629 844 664 εῖη,
860 629 934 663 ἔλεος

146 671 194 697 καὶ
218 670 315 705 εἰρήνη
334 671 389 698 ἀπὸ
404 670 474 698 Θεοῦ
500 672 606 708 Πατρδς
630 674 679 700 καὶ
703 674 823 709 Χριστοῦ
845 676 933 711 Ἰησοῦ

145 715 195 742 τοῦ
213 716 318 752 Κυρίου
332 717 421 751 ἡμῶν.

182 808 218 832 α’.
234 804 385 832 Γινώσκειν
412 806 486 841 ὑμᾶς
507 807 577 840 δέον,
595 809 733 845 ἀγαπητοὶ
756 811 874 846 ἀδελφοὶ,
892 813 933 839 ὄτι

147 851 257 887 εὖδοκὶᾳ
272 852 322 878 καὶ
337 853 429 888 χάριτι
444 853 491 880 τοῦ
507 854 712 890 παντοδυνάμου
730 856 810 890 Θεοῦ,
825 858 873 885 τοῦ
886 868 935 886 κα-

146 896 258 929 λοῦντος
282 898 318 924 τὰ
335 897 372 933 μὴ
393 898 459 925 ὄντα
475 898 513 930 ὼς
534 899 600 926 ὄντα
614 901 674 928 κατ’
699 901 769 929 ἰδίαν
796 904 936 939 πρόθεσιν,

148 944 226 977 κοινῇ
241 942 341 979 γνώμῃ
356 943 403 970 τοῦ
423 946 630 978 παναγιωτάτου
646 947 728 982 ἡμῶν
742 948 874 976 δεσπότου
888 951 936 978 τοῦ

149 989 343 1023 οἱκουμενικοῦ
361 991 533 1026 πατριάρχου
550 992 599 1020 καὶ
614 994 665 1028 τῆς
681 994 746 1028 περὶ
766 995 847 1022 αὑτὸν
861 996 937 1029 θείας

149 1034 197 1060 καὶ⁸
223 1034 300 1069 ἱερᾶς
316 1035 425 1063 συνόδου
453 1037 596 1073 προήχθην
620 1038 675 1072 ἐγὼ
690 1040 704 1066 ό
727 1040 868 1076 ἐλάχιστος
893 1043 937 1071 διά

152 1081 314 1115 μηνύματος
325 1081 367 1113 είς
380 1081 546 1118 ὕποψήφιον,
557 1084 606 1111 καὶ
620 1082 676 1112 οἷον
689 1086 777 1114 εἰπεῖν
791 1088 938 1123 μνηστῆρα

150 1125 201 1160 τῆς
214 1127 245 1152 ἐν
259 1126 326 1160 ὑμῖν
339 1127 420 1161 ἁγίας
431 1123 557 1155 τοῦΘεοῦ
577 1129 752 1167 Ἐκκλησίας.
768 1133 814 1159 Διὸ
829 1133 938 1168 πρῶτον

151 1171 248 1206 δίδωμι
264 1172 330 1207 ὑμῖν
345 1173 395 1208 τὴν
412 1174 441 1200 ἐν
457 1174 569 1210 Χριστῷ
585 1176 699 1212 εἰρήνην
714 1186 743 1204 τε
756 1179 802 1205 καὶ
814 1179 937 1215 ἀγάπην,

150 1218 185 1253 ἢν
200 1218 297 1254 ὥσπερ
310 1219 372 1246 τινὰ
385 1220 487 1255 κλῆρον
505 1221 632 1256 πατρῷον
649 1223 716 1259 παρ’
727 1224 810 1251 αὑτοῦ
824 1225 939 1261 εἰλήφα-

153 1272 203 1298 μεν
224 1265 272 1291 τοῦ
287 1262 422 1300 -Σωτῆρος
445 1266 524 1301 ἡμῶν
539 1268 608 1294 Θεοῦ
621 1277 627 1284 ·
642 1266 675 1304 ἧς
699 1270 747 1297 καὶ
778 1271 939 1307 μετάσχοιτέ

153 1318 198 1343 μοι
219 1310 341 1344 δαψιλῶς
358 1313 397 1342 είς
419 1312 528 1346 ἐφόδιον
543 1313 684 1350 ὑπομονῆς
707 1316 755 1343 καὶ
785 1318 940 1353 μεγαλοψυ..

152 1356 226 1390 χίας,
241 1355 314 1383 ὥστε
337 1356 465 1384 δύνασθαι
480 1359 529 1384 καὶ
550 1359 681 1394 ἀλλήλους
694 1363 874 1396 παρακαλεῖν,
896 1364 940 1391 διὰ

151 1401 216 1432 τοὺς
233 1402 424 1436 ἐπικειμένους
440 1403 505 1437 ὑμῖν
520 1404 563 1431 ἀεὶ
579 1406 765 1440 πειρασμοῠς.
782 1407 939 1442 Παρακαλῶ

151 1447 180 1473 δὲ
212 1447 295 1482 ὑμᾶς,
324 1449 447 1483 ἀδελφοὶ,
470 1450 513 1477 διὰ
528 1450 575 1477 τοῦ
606 1451 739 1487 ὀνόματος
763 1454 810 1480 τοῦ
826 1452 939 1491 Κυρίου

1018 209 1137 236 claram;
1165 215 1203 237 est
1222 210 1301 244 hujus
1316 210 1389 238 urbis
1405 216 1508 245 pastor.

1020 299 1071 332 Qui
1089 300 1192 327 felicem
1216 301 1283 327 olim
1311 305 1337 328 et
1360 301 1542 329 clarissimam
1559 303 1678 335 urbium,
1698 311 1771 331 nunc

983 352 1048 372 vero
1062 346 1207 380 captivam,
1217 353 1233 372 o
1249 346 1294 374 Dei
1308 346 1409 379 judicia
1422 347 1428 374 l
1445 353 1472 375 et
1489 348 1514 374 in
1527 348 1684 375 servitutem
1695 350 1773 376 redu—

983 393 1053 416 ctam
1071 389 1198 416 habitatis
1213 388 1341 422 Nicaeam,
1359 391 1459 426 quique
1482 391 1565 426 ipsius
1582 392 1677 419 incola:
1686 393 1769 424 estis,

985 434 1040 461 imo
1061 439 1090 461 ut
1115 436 1209 462 verius
1232 436 1332 468 dicam,
1358 437 1404 470 qui
1423 438 1540 465 civitatis
1563 438 1636 465 illius
1660 439 1770 466 simula-

984 488 1060 508 crum
1089 488 1183 508 revera
1211 482 1352 514 bnbitatis,
1370 482 1428 510 solo
1443 491 1476 510 ex
1497 484 1606 511 nomine
1627 489 1653 511 et
1674 485 1772 512 inscri-

985 527 1089 561 ptione,
1107 532 1136 554 ut
1153 528 1179 554 in
1195 528 1294 555 statuis
1310 529 1368 556 ﬁeri
1389 530 1469 562 solet,
1491 531 1615 557 notitiam
1633 531 1675 558 sui
1693 531 1772 558 exhi-

985 573 1091 606 bentis;
1104 578 1237 609 quotquot
1251 576 1319 602 estis
1344 575 1371 602 in
1387 576 1470 603 variis
1493 577 1620 611 gradibus
1640 578 1770 605 sacerdo-

985 620 1047 646 talis
1074 620 1177 647 ordinis
1211 622 1370 654 constituti,
1404 623 1550 656 caeterique
1581 630 1693 655 omnes,
1723 625 1770 658 qui

985 673 1082 692 nomen
1099 673 1113 692 a
1128 665 1239 694 Christo
1253 667 1516 701 sitmpsistis,gratia
1533 668 1610 695 vobis
1626 669 1672 699 sit,
1688 668 1772 695 mise-

985 710 1101 737 ricordia
1119 715 1146 738 et
1159 719 1208 746 pax
1223 719 1239 738 a
1250 712 1303 739 Deo
1316 711 1408 744 Patre,
1421 717 1447 740 et
1457 712 1566 740 Christo
1580 712 1643 740 .lesu
1658 712 1772 740 Domitio

986 759 1091 783 ιιοεῑτο.

1013 811 1048 838 1.
1066 811 1151 839 Nosse
1160 819 1209 839 vos
1219 817 1337 847 oportet.
1352 813 1443 841 dilecti
1454 813 1562 847 fratres,
1573 809 1616 842 me
1630 815 1771 842 minimum

988 856 1081 884 divina
1097 857 1238 885 voluntate
1262 863 1288 885 et
1312 859 1400 892 gratia
1423 859 1620 893 omnipotentis
1645 859 1703 891 Dei,
1720 860 1769 894 qui

986 902 1064 936 juxta
1081 902 1286 937 dispositionem
1303 911 1391 936 suam,
1409 912 1468 939 quae
1485 912 1537 932 nou
1553 909 1627 937 sunt,
1643 909 1772 940 tanquam

988 955 1020 975 ca
1034 955 1096 983 qua:
1110 954 1185 982 sunt,
1200 954 1291 982 vacat,
1316 957 1350 977 ex
1373 956 1507 978 consensu
1534 951 1699 979 sanctissimi
1722 952 1772 979 do-

989 994 1054 1021 mini
1072 997 1156 1022 ttcstri
1173 995 1336 1022 (ncumenici
1352 996 1522 1030 patriarchae,
1543 997 1669 1031 sacrique
1688 997 1773 1031 ipsius

989 1046 1021 1066 ac
1035 1039 1118 1066 divmi
1143 1041 1253 1068 concilii
1270 1046 1423 1076 promotum
1455 1049 1526 1075 esse,
1549 1042 1774 1077 declaratumque

988 1086 1016 1112 ln
1039 1084 1165 1120 electum,
1184 1092 1275 1121 atque,
1297 1092 1328 1115 ut
1352 1087 1387 1115 ita
1408 1089 1507 1121 dicam,
1525 1095 1655 1123 sponsum
1672 1095 1773 1116 sancta;

990 1134 1085 1158 vestra;
1098 1130 1143 1158 Dei
1159 1131 1294 1160 Ecclesia.
1311 1132 1479 1168 Quapropter
1494 1133 1528 1160 do
1543 1133 1619 1161 vobis
1637 1134 1663 1161 in
1677 1134 1772 1168 primis

988 1183 1082 1210 pacem
1099 1181 1127 1203 et
1148 1177 1309 1204 cbaritatem
1331 1177 1359 1204 in
1375 1176 1495 1210 Christo,
1518 1185 1599 1213 quam
1626 1177 1708 1205 veluti
1725 1186 1773 1213 pa-

990 1226 1092 1248 ternam
1102 1224 1246 1256 quatmlam
1259 1223 1444 1251 hatreditatem
1456 1224 1556 1258 abjpso
1569 1223 1623 1251 Deo
1633 1221 1774 1251 Salvatdre

989 1271 1081 1294 nostro
1107 1269 1277 1303 accepimus;
1293 1276 1374 1303 quam
1394 1273 1421 1297 et
1435 1276 1493 1302 vos,
1510 1277 1612 1304 quaeso,
1630 1269 1773 1304 amplecti-

990 1311 1056 1338 mini
1069 1312 1186 1346 copiose,
1208 1313 1241 1340 ad
1257 1313 1395 1348 patientia:
1412 1313 1682 1349 longanimitatisque
1697 1321 1774 1341 com-

990 1361 1108 1383 meatum
1130 1357 1338 1391 acquirendum,
1352 1362 1380 1384 ut
1397 1362 1425 1386 et
1442 1366 1489 1386 vos
1510 1359 1538 1385 in
1562 1359 1670 1386 assidue
1686 1358 1775 1385 immi-

991 1401 1121 1429 nentibus
1139 1403 1335 1430 tentationibus
1361 1403 1476 1431 invicem
1494 1404 1628 1431 consolari
1650 1404 1774 1439 possitis.

992 1445 1128 1481 Deprecor
1140 1451 1231 1475 autem
1247 1456 1307 1481 vos,
1324 1457 1341 1476 ο
1357 1448 1466 1482 fratres,
1479 1455 1589 1484 propter
1605 1457 1702 1477 nomen
1721 1449 1776 1476 Do-

152 1493 230 1528 ἡμῶν
256 1495 345 1530 Ἰησοῦ
367 1496 501 1531 Χριστοῦ,
520 1498 567 1524 τοῦ
582 1498 674 1531 δόντος
689 1500 786 1526 ἐαυτὸν
801 1499 871 1536 ὑπὲρ
886 1500 937 1528 τῶν

992 1492 1057 1520 mitti
1082 1493 1167 1521 nostri
1194 1494 1257 1522 Jesu
1285 1494 1399 1528 Christi,
1427 1495 1472 1530 qui
1497 1495 1676 1530 semetipsum
1702 1495 1775 1522 dedit

151 1541 294 1576 ἁμαρτιῶν
305 1542 396 1577 ἡμῶν,
412 1543 487 1575 ὅπως
509 1543 631 1579 ἐξέληται
649 1546 723 1580 ἡμᾶς
738 1547 770 1573 ἐκ
782 1546 830 1573 τοῦ
852 1556 938 1584 πονη-

153 1586 218 1620 ροῦ·
247 1587 467 1622 προοιμιάσομαι
493 1588 548 1624 γὰρ
565 1589 618 1616 ἀπὸ
645 1591 693 1625 τῆς
719 1591 865 1625 θεσπεσίας
887 1593 937 1620 τοῦ

150 1629 261 1658 Παύλου
277 1634 385 1668 φωνῆς·
404 1633 466 1660 ἐπεὶ
485 1635 612 1668 κάκεῖνος
632 1637 705 1671 ὑμᾶς
719 1637 753 1663 δι’
767 1638 835 1673 ἐμοῦ
850 1638 938 1667 ταῦτα

152 1677 241 1703 πάντα
256 1678 422 1713 παρακαλεῖ,
441 1680 484 1707 ἵνα
504 1680 587 1713 ἀξίως
598 1681 646 1710 καὶ
669 1683 740 1710 κατά
756 1684 821 1716 τοὺς
840 1685 939 1720 νόμους

150 1723 198 1750 τοῦ
228 1724 398 1758 Εὐαγγελίου
423 1726 471 1752 τοῦ
496 1727 616 1760 Χριστοῦ
644 1728 835 1764 πολιτεύησθε.
857 1731 938 1766 Ὑμῖν

150 1769 207 1804 γὰρ
227 1770 347 1805 μάλιστα
360 1771 399 1798 δεῖ
413 1772 514 1808 πολλῆς
526 1774 636 1808 νήψεως
648 1775 695 1802 καὶ
709 1777 856 1812 προσοχῆς,
870 1778 938 1812 ἀγα-

151 1816 245 1850 πητοὶ,
263 1813 307 1843 οἷα
320 1817 352 1851 δὴ
370 1820 673 1854 συναναστρεφομένοις
688 1825 819 1858 πονηροῖς
834 1824 939 1859 ἀνθρώ-

151 1870 222 1894 ποις,
239 1863 351 1890 ἀσεὸἐσι
365 1866 412 1891 καὶ
427 1865 612 1900 ἁμαρτωλοῖς,
628 1866 672 1894 ῖνα
687 1869 725 1903 μή
752 1877 826 1901 τινες
839 1871 872 1897 ἐκ
889 1871 939 1906 τῆς

150 1908 221 1941 πρὸς
235 1909 358 1940 ἐκείνους
372 1910 512 1945 διηνεκοῦς
529 1912 650 1947 ὁμιλίας,
676 1915 725 1941 καὶ
741 1915 843 1951 πολλῆς
858 1921 940 1953 συνη-

151 1952 228 1984 θείας
244 1955 485 1989 περιτρεπόμενοι,
501 1957 517 1992 ἢ
537 1957 608 1983 κατά
625 1958 674 1994 τὴν
689 1960 781 1986 πίστιν
794 1961 940 1989 ὑποσκελί-

151 1998 252 2031 ζειντο,
270 1999 286 2034 ἦ
307 2003 460 2028 κοινωνοῖεν
479 2004 535 2034 τοῖς
552 2003 643 2041 ἔργοις
657 2006 768 2032 ἐκείνων
787 2009 842 2039 τοῖς
856 2017 940 2044 πονη-

153 2045 228 2078 ροῖς·
246 2046 362 2079 ὁμιλίαι
382 2047 446 2082 γὰρ,
474 2050 551 2083 φησὶ,
569 2051 658 2077 κακαί
681 2053 856 2086 φθείρουσιν
879 2055 938 2090 ἤθη

151 2091 289 2124 χρηστά·
307 2091 354 2117 καὶ
367 2091 432 2127 ῥᾷον
447 2094 610 2127 μεταλαϐεῖν
621 2096 732 2130 κακίας,
747 2099 763 2132 ἢ
779 2099 880 2134 ἀρετῆς
894 2109 940 2134 με-

154 2135 293 2167 ταδοῦναι,
312 2136 378 2164 θεῖοί
405 2146 472 2172 φασι
499 2139 634 2176 Πατέρες.
652 2143 690 2169 Οὺ
721 2143 776 2179 μὴν
803 2145 870 2171 ἀλλά
894 2146 942 2171 καὶ

152 2181 236 2216 ἕτερά
254 2183 312 2208 ἐστι
328 2183 397 2217 πρὸς
412 2186 468 2215 τοῖς
483 2186 651 2221 εἰρημένοις,
670 2189 704 2215 τὰ
727 2191 899 2224 παρακαλεῖν
912 2200 942 2218 τε

153 2229 201 2252 καὶ
225 2227 371 2262 διεγείρειν
387 2228 525 2264 δυνάμενα
551 2232 621 2266 πρὸς
635 2233 684 2268 τὴν
699 2235 809 2270 ἀπάτην
830 2237 941 2265 ἐκείνων

152 2274 200 2298 καὶ
225 2273 388 2307 μοχθηρίαν,
419 2274 489 2302 ὥστε
515 2276 668 2304 κλονεῖσθαι
696 2281 758 2310 τοὺς
785 2281 822 2316 μὴ
852 2282 941 2314 καλῶς

153 2323 307 2354 προσέρχον
314 2329 357 2352 τας
372 2321 490 2353 ἑαυτοῖς.
504 2323 616 2358 Πρῶτον
628 2325 679 2359 μὲν
694 2326 724 2351 τὸ
737 2326 807 2353 λεῖον
820 2330 870 2363 τῆς
882 2329 942 2364 ἡδο-

143 2367 214 2401 ⁴νῆς,
230 2368 278 2393 καὶ
302 2368 446 2402 ἀνειμένον
464 2370 553 2405 πάντη
569 2373 616 2397 καὶ
632 2372 783 2399 ἀκόλαστον
798 2374 845 2400 τοῦ
869 2375 939 2410 βίου,

152 2414 200 2438 καὶ
214 2413 245 2439 τὸ
265 2413 366 2445 ἐξεῖναι
383 2415 476 2442 πᾶσαν
491 2416 641 2452 ἐπιθυμίαν
658 2419 747 2445 τελεῖν
768 2421 818 2455 τῆς
841 2421 942 2456 σαρκὸς

151 2459 321 2490 ἀκωλύτως·
352 2460 422 2494 πρὸς
444 2460 551 2493 τούτοις
569 2463 706 2491 ἐπίκειται
736 2465 812 2492 καὶό
835 2466 942 2504 ἀφανὴς

151 2505 249 2540 ἐχθρὸς
267 2506 313 2531 καὶ
332 2506 469 2539 ἀντίδικος
485 2508 563 2543 ἡμῶν
578 2508 701 2542 διάὸολος
723 2511 794 2545 μετὰ
814 2511 864 2546 τῆς
879 2513 942 2540 ἐπι-

151 2551 249 2577 ϐούλου
275 2553 387 2586 σαρκὸς,
402 2552 540 2588 ὑπηκόους
563 2556 610 2581 καί
633 2556 775 2590 ὑπηρέτας
794 2557 864 2591 ἔχων
878 2558 941 2590 τοὺς

150 2597 307 2630 ὁρωμένους
324 2599 451 2634 εὐμενεῖς
465 2600 581 2636 ἐχθροὺς
595 2602 673 2637 ἡμῶν
690 2602 724 2629 ἄν
734 2611 777 2635 τις
790 2602 862 2637 εῐπε,
878 2606 940 2636 τοὺς

151 2644 345 2676 συνοικοῦντας
378 2646 445 2681 ἡμῖν
463 2648 508 2673 καὶ
537 2647 665 2684 καθάπερ
691 2649 769 2680 τινὰς
794 2651 939 2686 ἀκάρπους

152 2690 285 2724 μελίσσας
298 2687 523 2727 συμμιγνυμένας
534 2694 573 2729 τῷ
587 2694 634 2722 τοῦ
646 2695 767 2730 Χριστοῦ
778 2697 937 2731 μελισσῶνι·

151 2737 198 2763 καὶ
215 2737 245 2764 τὸ
265 2737 326 2772 μέλι
349 2739 398 2774 τῆς
418 2740 519 2776 ἀρετῆς
542 2741 656 2769 ἐκείνων
672 2742 810 2777 ὑποσυλᾷν
835 2753 938 2779 πειρω-

191 2828 196 2841 ¹
215 2827 222 2853 Ι
242 2829 304 2854 (Zur.
320 2836 363 2860 xv,
380 2827 425 2855 35.

992 1543 1103 1573 propter
1124 1543 1217 1566 nostra
1241 1544 1363 1573 peccata,
1391 1544 1419 1567 ut
1449 1547 1500 1568 nos
1525 1548 1540 1567 a
1568 1541 1642 1568 malo
1666 1545 1776 1568 erueret

994 1584 1133 1620 (incipiam
1156 1586 1229 1612 enim
1247 1593 1262 1612 a
1281 1585 1410 1620 prmclara
1430 1586 1577 1622 divinaque
1597 1586 1674 1614 Pauli
1699 1594 1775 1619 voce,

992 1638 1055 1658 nam
1070 1635 1098 1658 et
1110 1631 1154 1659 ille
1164 1639 1211 1659 vos
1226 1634 1259 1659 ad
1269 1632 1327 1659 haec
1342 1633 1430 1660 omnia
1442 1640 1489 1666 per
1503 1640 1546 1660 me
1562 1633 1733 1666 adhortatur,
1746 1638 1777 1660 ut

991 1678 1072 1713 digne
1092 1684 1117 1707 et
1126 1679 1202 1714 juxta
1214 1680 1298 1715 legem
1311 1676 1557 1714 EvangeliiChristi
1567 1679 1777 1706 conversemini.

993 1724 1077 1752 Vobis
1099 1726 1171 1752 enim
1199 1726 1226 1752 in
1255 1725 1362 1760 primis,
1381 1733 1398 1753 ο
1414 1725 1518 1758 dilecti,
1540 1725 1623 1752 multa
1645 1732 1712 1759 opus
1735 1728 1779 1751 est

993 1772 1141 1799 sobrietate
1158 1776 1240 1806 atque
1264 1772 1426 1804 attentione,
1446 1772 1547 1806 quippe
1564 1771 1612 1805 qui
1628 1778 1690 1797 cum
1715 1778 1777 1804 pra-

993 1818 1034 1845 vis
1048 1817 1213 1850 hominibus,
1235 1818 1325 1852 impiis
1347 1823 1374 1845 et
1395 1818 1584 1852 peccatoribus
1606 1817 1721 1851 degatis,
1744 1823 1777 1842 ne

994 1861 1038 1896 qui
1055 1869 1088 1888 ex
1112 1861 1221 1888 assiduo
1235 1869 1295 1888 cum
1312 1861 1367 1889 illis
1393 1861 1528 1896 colloquio
1549 1861 1686 1895 multaque
1710 1867 1775 1886 con-

993 1907 1136 1935 suetudine
1162 1906 1312 1942 depravati,
1333 1907 1374 1934 vel
1391 1909 1418 1935 in
1441 1907 1494 1935 ﬁde
1520 1907 1702 1940 decipiantur,
1733 1907 1776 1932 vel

994 1954 1072 1981 malis
1092 1961 1185 1981 eorum
1203 1954 1328 1988 operibus
1350 1954 1567 1981 communicent:
1587 1952 1674 1979 Praua
1692 1954 1777 1984 enim,

996 2001 1093 2035 inquit,
1120 2000 1252 2035 colloquia
1278 2000 1359 2028 bonos
1388 2007 1473 2026 ntorcs
1500 2003 1670 2031 corrumpunt
1689 1998 1718 2030 ¹;
1749 2002 1777 2023 et

995 2048 1101 2075 lat-ilius
1117 2054 1177 2075 esse
1195 2046 1353 2082 pravitatem
1371 2045 1544 2077 contrahere,
1556 2051 1635 2078 quam
1649 2043 1777 2069 virtutum

996 2093 1140 2128 impertiri,
1159 2100 1228 2120 sacri
1244 2092 1338 2120 Patres
1358 2092 1504 2119 allirmant.
1524 2090 1577 2117 Sed
1595 2094 1622 2117 et
1645 2089 1695 2116 alia
1715 2096 1777 2115 sunt

994 2144 1092 2174 praeter
1110 2139 1164 2174 jam
1190 2140 1272 2174 dicta,
1298 2140 1357 2174 Quae
1380 2139 1496 2166 invitare
1519 2141 1632 2172 possunt
1659 2141 1687 2163 et
1703 2136 1777 2163 esci-

994 2190 1053 2213 tare
1068 2187 1102 2213 ad
1127 2186 1233 2213 illorum
1250 2185 1358 2213 fraudes
1379 2190 1407 2212 et
1431 2183 1574 2215 malitiam,
1590 2183 1626 2210 ita
1643 2187 1671 2208 ut
1687 2182 1705 2209 ii
1731 2182 1778 2216 qui

991 2233 1062 2260 bene
1081 2233 1133 2261 sibi
1151 2242 1203 2261 non
1231 2234 1384 2267 attendunt,
1403 2232 1481 2260 facile
1506 2235 1612 2258 nutent.
1636 2231 1670 2258 Et
1688 2230 1777 2265 pl'itno

978 2278 1100 2314 'quidem
1117 2279 1262 2314 voluptatis
1277 2279 1384 2312 lenitas,
1400 2278 1610 2312 omuimodaque
1634 2277 1777 2310 relaxatio,

989 2326 1108 2360 vitatque
1126 2325 1216 2358 luxus,
1233 2331 1259 2353 et
1276 2325 1382 2353 licentia
1397 2325 1471 2352 nullo
1493 2325 1645 2352 reluctante
1666 2324 1698 2350 ad
1719 2331 1773 2350 0m-

990 2379 1052 2398 nem
1068 2372 1242 2406 cupiditatetn
1260 2372 1354 2400 carnis
1366 2371 1542 2406 explendam;
1556 2372 1589 2399 ad
1611 2371 1668 2398 lucc
1687 2370 1776 2398 immi-

993 2423 1039 2445 net
1060 2417 1208 2445 invisibilis
1234 2424 1326 2445 noster
1348 2419 1474 2445 inimicus
1497 2423 1579 2452 atque
1607 2418 1778 2444 adversarius

993 2464 1128 2497 diabolus,
1153 2472 1213 2492 cum
1241 2465 1368 2492 insidiosa
1397 2472 1490 2497 carne,
1513 2465 1635 2493 visibiles
1654 2465 1778 2492 subditus

993 2511 1096 2539 habens
1113 2517 1141 2539 et
1158 2511 1313 2544 ministros,
1330 2512 1421 2539 hostes
1439 2512 1546 2546 quidem
1570 2511 1648 2539 nobis
1663 2511 1777 2541 amicos,

992 2563 1022 2585 ut
1038 2559 1078 2586 sic
1090 2566 1136 2586 eos
1149 2559 1328 2593 appellemus,
1346 2559 1534 2586 cohabitantes
1550 2558 1701 2588 nobiscum,
1718 2556 1776 2589 qui,

995 2611 1023 2633 ut.
1039 2604 1216 2632 infructuosae
1231 2605 1352 2640 qumdam
1370 2613 1444 2640 apes,
1467 2605 1567 2632 Christi
1585 2604 1687 2638 apiario
1701 2611 1776 2629 cum—

995 2651 1153 2684 miscentur,
1190 2656 1218 2678 et
1246 2651 1298 2678 mel
1326 2652 1435 2679 virtutis
1458 2659 1550 2679 cormn
1576 2650 1716 2685 subripere
1744 2655 1777 2676 ac

993 2697 1143 2732 depratdari
1173 2704 1323 2731 conantur;
1350 2699 1475 2725 simulata
1501 2697 1632 2728 amicitia,
1661 2698 1778 2730 tictnqnc

994 2751 1086 2772 amore
1102 2744 1181 2771 noxia
1198 2751 1311 2779 qumque
1328 2751 1436 2779 semper
1459 2744 1510 2771 illis
1527 2743 1671 2771 suadentes
1696 2750 1777 2778 atque
