1982 3073
142 138 198 170 ’293

845 143 1029 175 EPISTULA
1048 145 1072 175 Ι.

1719 152 1771 185 24

144 205 226 231 μενον
245 199 292 223 καὶ
309 198 443 234 ὑπορρέον
466 199 510 226 ἀεὶ
533 201 582 235 τῆς
598 201 739 237 παρούσης
756 203 830 239 ζωῆς
846 206 915 232 αἱνετ

993 204 1150 239 νῑιὶοεοξῳιο
1186 205 1333 240 voluptatis
1370 206 1450 240 plena
1490 208 1626 242 satietas,
1652 211 1770 246 decipiat

141 244 268 279 τόμενος.
288 245 345 271 Καὶ
359 247 502 280 μονονουχὶ
517 247 586 282 πρὸς
611 249 716 281 πάντας
733 251 827 285 φωνὴν
853 252 932 286 ἀφεὶς

145 291 215 325 μήτε
231 291 288 322 τοῖς
303 291 458 323 σπουδαίοις
474 292 504 318 τὸ
520 294 632 328 ἀνιαρόν
645 304 674 321 τε
693 297 740 322 καὶ
750 296 931 332 τεθλιμμένον

140 336 188 362 τὸν
201 337 277 363 τόνον
290 337 340 371 τῆς
364 337 520 372 προθυμίας
545 339 720 374 ὑποχαλάτω,
745 342 931 378 λογιζομένοις

141 381 171 407 τὺ
190 381 279 416 βραχὺ
293 384 398 409 τούτων
413 384 459 410 καὶ
479 385 659 420 πρόσκαιρον,
675 388 723 413 καὶ
739 388 788 423 τὴν
813 390 930 422 διαδεξοσ

143 427 230 462 μένην
242 429 305 454 ὅσον
319 429 426 455 οὐδέπω
439 433 579 465 μακαρίαν
589 432 682 460 ἄνεσιν
695 435 741 460 καὶ
754 435 837 469 ζωήν.
852 437 930 470 Μήτε

145 471 201 505 μὴν
214 473 275 503 τοὺς
299 473 468 505 ἀκολάστους
490 475 640 507 δελεαζὲτω
664 479 678 504 ὁ
695 479 854 514 πλατυσμὸς
879 481 930 515 τῆς

143 518 203 544 ὀδοῦ
223 519 270 544 καὶ
290 519 306 553 ἡ
324 520 363 550 είς
380 522 461 555 κόρον
477 523 622 558 πλησμονὴ
644 524 694 558 τῆς
714 525 856 558 ἐμπαθοῦς
870 527 930 561 ἡδο-

141 563 202 597 νῆς,
219 563 414 600 ὑφορωμένους
431 567 461 593 τὸ
487 568 546 602 μετ’
573 569 664 603 ὀλίγον
685 571 854 606 κατάλληλον
879 573 929 608 τῆς

139 609 269 645 τοιαύτης
283 611 343 637 ὀδοῦ
360 612 459 646 πέρας,
475 613 525 649 τὴν
536 614 675 642 ἀπώλειαν
688 612 736 644 καὶ
751 618 780 643 τδ
794 619 831 653 μὴ
848 619 928 645 σϐεν-

140 655 241 688 ύμενον
264 655 321 690 πῦρ
345 657 452 684 καὶτὸν
472 659 654 695 ἀτελεύτητον
679 662 817 699 σκώληκα.
849 664 928 691 ’Λλλὰ

138 702 195 732 τοῖς
211 701 343 733 τοιούτοις
366 703 582 740 ἐπιχειρήμασιν
597 707 612 733 ὁ
635 708 756 741 ποικίλος
773 711 819 736 καὶ
846 712 928 737 πολύ-

140 754 245 780 μορφος
259 747 322 781 ὄφις
338 749 546 784 ’ἀποκρουσθεὶς
562 754 594 788 τῇ
612 755 755 790 συμμαχίᾳ
777 756 825 783 τοῦ
843 757 927 784 πνεύ-

141 801 239 826 ματος,
253 794 302 820 οὐκ
314 796 430 829 ἠρεμεῖν
453 797 478 824 δ)
485 806 523 829 ως
538 799 667 833 ἀνέχεται
681 807 689 816 ·
707 801 775 828 ἀλλὰ
792 803 825 828 δι’
847 803 925 830 ἐναν-

137 838 202 865 τίων
229 841 438 874 μηχανημάτων
460 843 505 870 τὸν
532 844 636 879 πύργον
663 847 713 881 τῆς
737 848 876 884 ὑπομονῆς
895 858 924 876 τε

137 884 184 909 καὶ
197 884 316 916 πίστεως
331 886 412 920 ἡμῶν
424 888 560 923 ἐπιχειρεῖ
571 891 707 923 καθελεῖν,
727 894 860 927 ἐπηρείας
878 895 925 920 καὶ

137 929 243 964 θλίψεις
264 932 390 962 ποικίλας
415 934 462 959 καὶ
481 935 647 970 πολλαχόθεν
671 938 738 973 ήμῖν
763 939 923 974 ἐπεγείρων,

136 975 194 1006 τοῖς
217 976 362 1011 συνήθεσιν
388 978 517 1012 ὀργάνοις
533 981 583 1016 τῆς
601 983 698 1009 ἑαυτοῦ
721 985 854 1018 πονηρίας
871 986 924 1012 πά-

136 1021 177 1047 λιν
190 1023 376 1057 χρησάμενος,
393 1025 484 1057 καλῶς
501 1026 662 1061 δυναμένοις
678 1030 712 1055 τὰ
726 1030 839 1057 τοιαῦτα
854 1032 925 1066 ὑπη-

137 1068 236 1101 ρετεῖν.
255 1069 310 1094 Καὶ
324 1068 372 1095 νῦν
386 1071 435 1104 μὲν
449 1071 552 1106 ζημίας
568 1075 614 1100 καὶ
627 1074 754 1109 ἁρπαγὰς
769 1076 823 1102 τῶν
838 1086 923 1112 προσ-

135 1113 220 1139 όντων
252 1115 319 1149 ήμῖν
343 1116 466 1151 ἐπάγων,
491 1119 586 1145 ἄλλοτε
604 1120 729 1154 φυλακάς
751 1130 780 1148 τε
805 1123 853 1149 καὶ
870 1123 922 1156 μᾶι-

135 1167 243 1192 στιγας,
259 1161 392 1196 λοιδορίας
405 1171 434 1188 τε
450 1164 497 1189 καὶ
511 1164 605 1199 ὖΰρεις
616 1166 663 1192 καὶ
679 1167 801 1201 ἀτιμίας,
815 1169 880 1195 ποτὲ
894 1169 922 1196 δὲ

134 1206 328 1239 αἰχμαλωσίας
347 1208 394 1234 καὶ
418 1209 535 1241 ἀπειλὰς
562 1211 658 1244 βιαίων
677 1212 810 1246 θανάτων,
832 1215 866 1241 ἵν’
881 1216 923 1242 ὲν-

134 1251 232 1279 τεῦθεν
260 1253 545 1290 κατολιγωρήσαντες,
569 1257 585 1292 ἣ
607 1258 676 1293 πρὸς
697 1259 746 1294 τὴν
773 1261 921 1289 ἀκολασίαν

135 1298 335 1334 σπευσώμεοα,
353 1300 368 1335 ἢ
386 1301 454 1336 πρὸς
466 1301 515 1337 τὴν
530 1303 660 1331 ἀσέὸειαν
673 1305 794 1338 εὐμενῶς
809 1307 920 1341 ἴδωμεν,

132 1343 238 1371 τούτων
255 1346 365 1373 πάντων
378 1348 434 1374 τῶν
446 1347 573 1383 χαλεπῶν
586 1350 744 1387 ἀπαλλαγὴν
756 1353 921 1388 ἐπαγγελλο-

133 1389 219 1423 μένην
237 1391 285 1417 καὶ
303 1391 358 1418 τῶν
375 1394 521 1428 παρόντων
545 1394 631 1430 ἡδέων
647 1396 747 1432 δαψιλῆ
761 1399 919 1433 χορηγείαν,

131 1437 157 1462 εί
172 1437 223 1471 τῆς
249 1438 390 1469 εὐσεῦείας
406 1439 454 1466 καὶ
482 1441 585 1475 ἀρετῆς
611 1443 713 1473 ταύτην
740 1443 917 1479 ἀλλάξαιμεν.

136 1482 219 1508 Ἀλλά
234 1491 266 1516 γε
285 1483 334 1514 τὰς
356 1487 482 1520 μηχανάς
497 1495 526 1512 τε
541 1486 590 1513 καὶ
613 1487 752 1520 ἑλεπόλεις
776 1489 920 1524 καρτερῶς

983 250 1160 283 luxuriosos,
1205 252 1401 286 prospicientes
1437 253 1557 281 vicissim
1588 255 1650 283 vitae
1687 258 1766 292 hujus

983 295 1091 324 brevem
1109 297 1201 329 tinem,
1215 299 1406 332 perditionem,
1421 299 1543 335 inquam,
1558 307 1584 328 et
1597 302 1683 336 ignem
1695 305 1769 331 incx‘

982 343 1177 376 stinguibilem,
1193 349 1379 379 mternumqne
1399 352 1531 374 vermem.
1545 348 1676 375 Caeterum
1695 349 1770 376 fran-

982 388 1107 415 dulcntus
1134 397 1165 416 ac
1189 390 1298 417 dulosns
1325 398 1449 426 serpens,
1479 400 1530 427 ope
1554 395 1666 427 spiritus
1694 397 1767 422 hisce

981 435 1132 462 rationibus
1157 437 1350 470 propulsatus,
1376 439 1552 473 acquiescere
1580 446 1667 468 tamen
1694 443 1768 470 nullo

981 481 1059 507 modo
1081 486 1170 515 potest
1191 490 1197 508 :
1220 482 1342 516 quiniino
1369 491 1417 518 per
1443 486 1581 519 oppositas
1615 487 1765 520 machinas,

980 526 1117 560 patientia:
1136 527 1252 562 ﬁdeique
1269 534 1368 555 nostra:
1391 530 1485 557 turrim
1500 536 1624 559 evertere
1640 533 1765 566 aggredi-

981 577 1034 606 tur,
1066 573 1180 600 insidias
1200 575 1345 608 variasque
1370 577 1533 604 tentationes
1553 578 1634 604 variis
1651 586 1683 604 ex
1700 578 1768 606 locis

979 618 1056 644 nobis
1073 623 1190 651 struens,
1206 621 1345 648 consuetis
1359 622 1503 655 pravitatis
1523 630 1579 649 suae
1601 624 1768 651 instrumen-

979 663 1013 689 tis
1024 664 1057 690 ad
1076 664 1134 691 haec
1146 666 1319 699 exsequenda
1338 667 1456 694 maxime
1472 667 1542 702 aptis
1555 676 1661 695 rursum
1675 674 1766 698 utens.

979 708 1011 734 Et
1035 716 1107 741 nunc
1131 710 1240 744 quidem
1261 710 1383 745 jacturas
1412 712 1633 747 direptionesque
1649 715 1767 741 faculta~

980 759 1034 782 tnnt
1073 756 1149 783 nobis
1175 757 1264 789 infert,
1290 757 1357 785 alias
1379 765 1443 785 vero
1465 767 1613 792 carcerem,
1642 761 1765 794 verbera,

977 801 1165 833 contumelias.
1176 807 1202 829 et
1216 802 1341 836 injurias,
1358 808 1439 838 atque
1452 805 1631 839 ignominias;
1645 807 1767 839 quamle-

977 854 1028 881 qne
1059 854 1122 873 vero
1142 848 1313 881 captivitates
1347 850 1488 884 minasque
1513 851 1638 878 violentae
1658 854 1765 886 mortis,

977 897 1006 918 ut
1022 892 1084 918 hinc
1097 892 1173 919 tracti
1191 894 1282 920 animo
1304 894 1345 921 vel
1370 895 1538 923 laederentur
1562 897 1594 924 ad
1620 898 1765 931 luxuriam.

977 936 1019 963 vel
1040 937 1072 963 ad
1096 937 1262 970 impietatem
1290 938 1461 972 inclinenius,
1487 948 1546 976 quae
1567 942 1645 969 nobis
1669 942 1764 970 horum

975 982 1096 1008 omnium
1135 982 1269 1009 malorum
1295 984 1504 1018 liberationem,
1532 989 1766 1023 praesentiumque

975 1028 1141 1061 voluptatum
1159 1029 1298 1063 copiosam
1315 1030 1480 1059 aﬂluentiam
1497 1034 1644 1067 promittit,
1663 1035 1685 1062 si
1708 1036 1765 1069 pie-

976 1079 1057 1102 tatem
1090 1075 1282 1117 virtutemque
1304 1084 1364 1104 cum
1403 1078 1460 1113 ipsa
1495 1082 1763 1109 commutaverimus.

974 1119 1108 1147 Caeterum
1134 1120 1172 1156 (2)
1205 1122 1422 1151 machinationes
1458 1129 1486 1152 et
1519 1122 1698 1155 instrumenta
1721 1129 1764 1155 di-

974 1167 1080 1192 rnentia
1100 1166 1206 1194 fortiter
1221 1169 1401 1202 perferemus,
1419 1171 1442 1198 si
1459 1172 1572 1206 vigilare
1587 1173 1763 1206 voluerimus,

974 1217 1080 1239 scutum
1097 1217 1124 1239 et
1140 1215 1368 1248 propugnaculum
1385 1217 1571 1245 ﬁrmissimum
1590 1226 1672 1255 atque
1686 1221 1765 1247 tutis-

975 1256 1076 1283 simum
1103 1257 1239 1286 Christum
1263 1260 1406 1293 habentes,
1422 1264 1561 1297 praeclaris
1581 1265 1660 1291 etiam
1674 1273 1763 1293 exem-

973 1303 1024 1337 plis
1034 1310 1065 1330 ac
1073 1304 1244 1332 mirabilibus
1260 1306 1441 1340 abundantes,
1458 1314 1627 1343 sanctorum,
1640 1311 1761 1344 inquam,

972 1350 1110 1384 patientia,
1135 1359 1166 1378 ac
1183 1352 1338 1385 tolerantia,
1363 1358 1390 1380 et
1407 1354 1538 1382 adversus
1557 1362 1696 1388 peccatum
1717 1366 1761 1384 re-

971 1395 1094 1423 sistentia
1111 1405 1196 1431 usque
1222 1397 1255 1424 ad
1279 1399 1420 1433 sanguinis
1445 1400 1616 1428 eﬂ'usionem.
1645 1401 1762 1433 Quidam

970 1441 1050 1473 enim,
1067 1442 1165 1476 inquit,
1183 1443 1292 1470 distenti
1307 1449 1379 1476 sunt,
1396 1453 1449 1472 non
1472 1446 1644 1480 suspicientes
1662 1449 1763 1474 redem-

970 1488 1096 1521 ptionem,
1131 1493 1161 1514 ut
1189 1490 1325 1516 meliorem
1353 1490 1499 1517 invenirent
1529 1494 1762 1525 resurrectionem;

131 1528 294 1564 ἑνέγκοιμεν
303 1530 346 1564 ἂν,
363 1531 427 1565 εἴγε
441 1532 605 1568 βουλοίμεθα
621 1534 826 1570 διαγρηγορεῖν,
839 1535 919 1563 ὁπλον

973 1533 1019 1560 alii
1033 1541 1092 1560 vero
1113 1533 1228 1561 ludibria
1252 1540 1276 1562 et
1294 1537 1399 1562 verbera
1413 1537 1526 1570 experti,
1544 1538 1650 1572 insuper
1665 1545 1687 1564 et
1704 1539 1762 1564 viu-

131 1574 177 1600 καὶ
195 1574 330 1609 πρόϐολον
346 1577 392 1603 τὸν
406 1577 526 1612 Χριστὸν
540 1579 652 1614 ἀρραγῆ
669 1581 848 1615 κεκτημένοι,
868 1590 920 1608 πα-

131 1620 325 1655 ραδειγμάτων
346 1623 374 1649 δὲ
397 1624 578 1657 εὐποροῦντες
600 1627 734 1659 γενναίων
750 1628 796 1653 καὶ
813 1626 920 1661 θαυμα-

130 1666 202 1692 στῶν
221 1667 276 1694 τῶν
288 1668 373 1702 ἁγίων
389 1669 460 1703 λέγω
480 1670 530 1705 τὴν
547 1670 687 1707 ὑπομονήν
701 1680 732 1698 τε
747 1673 796 1699 καὶ
820 1681 918 1708 καρτε-

130 1714 203 1747 ρίαν,
220 1715 268 1740 καὶ
285 1715 384 1750 μέχρις
396 1716 512 1751 αἵματος
531 1719 600 1752 πρὸς
623 1718 673 1752 τὴν
694 1718 832 1753 ἁμαρτίαν
849 1721 919 1746 ἀντι.

127 1760 309 1788 κατάστασιν.
328 1763 360 1788 οι
370 1762 430 1796 μὲν
446 1764 511 1798 γὰρ,
529 1764 621 1798 φησὶν,
634 1765 915 1799 ἐτυμπανίσθησαν,

127 1807 164 1832 οὐ
179 1807 419 1843 προσδεξάμενοι
429 1809 487 1843 τὴν
502 1811 727 1845 ἀπολύτρωσιν,
747 1811 796 1838 ἵνα
821 1813 917 1846 κρείτ-

127 1860 217 1885 τονος
233 1854 431 1888 ἀναστάσεως
454 1857 605 1891 τύχωσιν·
628 1857 723 1892 ἕτεροι
743 1857 777 1884 δὲ
796 1858 918 1892 ἐμπαιγ-

124 1898 192 1933 μῶν
205 1900 255 1926 καὶ
272 1901 428 1936 μαστίγων
438 1902 545 1936 πεῖραν
558 1904 680 1936 ἔλαϐον,
695 1904 739 1930 ἔτι
750 1903 784 1930 δὲ
798 1903 918 1938 δεσμῶν

126 1946 177 1972 καὶ
192 1947 352 1981 φυλακῆς·
377 1948 597 1983 ἐλιθάσθησαν,
611 1951 815 1984 ἐπρίσθησαν,
838 1951 918 1978 ἐπει-

961 1579 1042 1611 -ι-ιιία,
1065 1586 1089 1606 et
1110 1588 1246 1613 carceres;
1270 1580 1384 1614 lapidati
1405 1587 1478 1613 sunt,
1495 1583 1559 1609 secti
1576 1585 1761 1614 ειινιι,1ειιιαιί

971 1630 1042 1657 sunt,
1060 1626 1086 1651 in
1106 1626 1234 1652 occisione
1258 1625 1343 1660 gladii
1358 1628 1457 1654 mortui
1469 1633 1541 1656 sunt.
1564 1628 1761 1656 Circumieruut

969 1671 996 1697 in
1015 1671 1130 1702 melutis,
1153 1672 1180 1698 iu
1200 1672 1310 1705 pellibus
1331 1673 1455 1706 caprinis,
1475 1679 1586 1709 egentes,
1601 1675 1759 1710 angustiati,

970 1717 1070 1751 uﬂlicti,
1083 1717 1175 1751 quibus
1190 1719 1284 1753 dignus
1300 1727 1352 1745 non
1362 1725 1418 1746 erat
1439 1724 1555 1748 mundus
1569 1722 1588 1748 '.
1605 1721 1660 1749 Deo
1676 1722 1759 1749 nimi-

968 1771 1028 1790 rum
1050 1765 1234 1799 permittente,
1248 1771 1276 1792 ut
1295 1766 1407 1800 probata
1424 1775 1519 1794 eorum
1541 1767 1608 1796 ﬁdes
1632 1773 1660 1795 et
1678 1769 1757 1796 forti-

968 1813 1031 1838 tudo
1056 1812 1208 1839 clarissime
1231 1813 1409 1847 elucesceret,
1430 1814 1483 1841 illis
1505 1815 1614 1849 quidem
1630 1816 1657 1842 in
1675 1817 1780 1851 majo-_

967 1864 1025 1884 rem
1043 1857 1174 1884 bonorum
1192 1858 1659 1894 retributionem,majusquediabol
1678 1862 1760 1888 dede-

968 1911 1016 1931 cus
1031 1909 1059 1931 et
1077 1905 1217 1936 damnum,
1232 1905 1310 1931 nobis
1324 1912 1388 1932 vero
1408 1906 1589 1940 omnibusque
1599 1907 1644 1940 qui
1658 1907 1683 1934 in
1698 1907 1759 1934 vitae

968 1950 1050 1985 hujus
1070 1950 1189 1977 stadium
1207 1950 1385 1983 desecudunt,
1400 1951 1427 1978 in
1442 1952 1578 1985 patientiae
1591 1953 1756 1986 exemplum.

124 1991 300 2025 fdtrquar,
313 1993 348 2020 ἐν
361 1995 444 2028 φόνῳ
455 1997 606 2030 μαχαίρας
620 1997 784 2031 ἀπέθανον,
801 1997 967 2032 περιῆλθον
982 1997 1017 2023 ἐν
1030 1996 1198 2031 μηλωταῖς,
1222 1997 1258 2024 ἐν
1284 1997 1391 2032 αίγίοις
1421 1997 1579 2031 δέρμασιν,
1617 1998 1703 2031 ὺστει
1712 1999 1760 2025 ού-

126 2047 223 2071 ιιενοι,
246 2041 435 2075 θλιϐόμενοι,
462 2045 698 2078 κακοχούμενοι,
724 2042 768 2071 ὧν
796 2046 852 2072 οὐκ
880 2042 919 2078 ἦν
938 2043 1054 2076 ἂξιοςό
1079 2044 1205 2078 κόσμος.
1250 2044 1303 2070 Τοῦ
1330 2043 1399 2070 Θεοῦ
1424 2045 1627 2078 συγχωροῦντος
1653 2044 1695 2070 ἵνα
1727 2044 1757 2071 τὸ

125 2086 248 2120 δοκίμιον
264 2087 313 2122 τῆς
330 2089 449 2120 πίστεως
461 2091 510 2117 καὶ
522 2092 635 2127 ἀνδρίας
652 2093 765 2120 ἐκείνων
780 2093 916 2128 λαμπρῶς
936 2093 1006 2127 ἄγαν
1021 2094 1158 2127 ἀναφανῇ,
1176 2093 1215 2123 εις
1230 2092 1363 2127 μειζόνων
1393 2091 1444 2126 μὲν
1471 2092 1586 2123 ἐκείνοις
1622 2092 1756 2118 ἀντίδοσιν

125 2133 247 2167 ἀγαθῶν,
265 2135 396 2170 αἰσχύνην
411 2137 438 2162 δὲ
455 2137 541 2164 πλείω
554 2139 602 2164 καὶ
620 2136 705 2174 ἧτταν
721 2140 768 2166 τοῦ
783 2140 916 2175 πονηροῦ,
938 2139 1092 2175 ὑπόδειγμα
1115 2139 1144 2166 δὲ
1161 2139 1308 2176 καρτερίας
1330 2139 1406 2174 ἡμῖν,
1433 2139 1480 2165 καὶ
1503 2139 1570 2164 πᾶσι
1598 2139 1656 2170 τοῖς
1698 2138 1757 2174 μετ’

124 2179 246 2211 ἐκείνους
259 2182 299 2212 εἰς
316 2181 345 2208 τὸ
360 2182 407 2208 τοῦ
425 2183 482 2217 βίου
497 2184 593 2210 τούτου
610 2186 830 2221 παρερχομένοις
845 2187 960 2214 στάδιον.

110 2245 119 2258 ,
161 2226 197 2260 β’.
215 2227 271 2253 Καὶ.
286 2227 312 2253 τί
337 2228 378 2255 δεῖ
404 2230 469 2264 περὶ
490 2230 593 2257 τούτων
607 2232 695 2265 λέγειν
711 2240 719 2264 ;
734 2233 818 2263 Αὐτὸς
834 2234 886 2268 γὰρ
903 2235 915 2259 ὁ

1003 2234 1032 2261 2.
1051 2233 1122 2266 Quid
1135 2241 1199 2260 vero
1213 2233 1309 2260 attinet
1321 2233 1353 2260 de
1370 2232 1412 2260 his
1428 2231 1538 2259 dicere?
1553 2231 1609 2266 ipse
1619 2231 1690 2258 enim
1704 2231 1756 2257 Dn-

105 2297 108 2302 _
126 2273 230 2308 Κύριος
249 2274 360 2308 μείζονα
383 2275 417 2302 δι’
433 2276 507 2310 ἡμᾶς
523 2277 575 2303 ὑπὸ
591 2278 644 2303 τῶν
661 2278 828 2313 ἀγνωμόνων
844 2279 915 2314 ὑπή-

124 2327 222 2351 νεγκεν
248 2319 394 2353 Ἰουδαίων,
424 2321 518 2357 ὥσπερ
540 2323 595 2349 τῶν
625 2324 705 2359 ίερῶν
727 2325 915 2359 διηγουμένων

126 2365 302 2400 Εὑαγγελίων
315 2368 425 2394 ἀκούειν
438 2368 528 2401 ἔξεστι
545 2370 622 2396 πᾶσι.
637 2371 692 2396 Καὶ
707 2371 761 2406 γὰρ
774 2372 851 2398 οὐδὲν
865 2372 913 2398 οἰδ-ο

125 2414 222 2448 δαμῶς
238 2414 301 2442 οὕτε
317 2416 371 2441 τῶν
389 2417 457 2452 πρὸς
480 2417 593 2452 ἀτιμίαν
611 2418 759 2453 φερόντων,
781 2418 842 2445 οὔτε
859 2419 913 2445 τῶν

125 2460 223 2495 ὀδύνην
249 2461 376 2495 ἐμποιεῖν
402 2462 561 2497 δυναμένων
586 2462 683 2490 εἴασαν
706 2464 915 2499 ἀνεπιχείρητον

125 2507 174 2533 καὶ
187 2507 317 2542 ἀκίνητον
335 2507 396 2534 κατ’
411 2508 495 2535 αὑτοῦ
509 2516 516 2525 ·
532 2504 582 2534 νῖιν
603 2510 663 2544 μὲν,
675 2509 915 2546 ψευδομαρτυρίας

126 2554 343 2587 συρράπτοντες,
363 2554 411 2580 νῦν
426 2555 453 2581 δὲ
474 2555 719 2590 διαλοιδορούμενοι
743 2556 790 2582 καὶ
816 2556 915 2590 χλευά-

124 2599 231 2631 ζοντες,
247 2600 425 2635 ἑμπαιγμοὺς
443 2602 492 2627 καὶ
505 2601 640 2636 μάστιγας
654 2602 720 2636 πρὸς
736 2602 841 2633 τούτοις
855 2602 915 2628 ἑπι-

123 2644 334 2680 δαψιλευόμενοι
346 2654 354 2662 ·
370 2647 416 2672 καὶ
434 2647 501 2673 ποτὲ
523 2648 573 2682 μὲν
584 2648 633 2682 τὴν
650 2648 724 2674 θείαν
741 2648 849 2683 ἐκείνην
864 2649 912 2674 καὶ

125 2691 244 2726 φρικτὴν
258 2691 380 2728 κεφαλὴν
404 2693 540 2727 καλάμοις
557 2693 715 2728 τύπτοντες,
731 2694 796 2720 ποτὲ
812 2694 841 2720 δὲ
854 2695 913 2720 στέ-

181 2763 192 2778 ³
209 2762 291 2790 llebr.
307 2771 335 2796 Χ,
355 2763 390 2790 35
405 2763 450 2791 38.

158 2824 198 2857 (Ξ)
227 2823 369 2850 (Steterunt.
400 2825 477 2853 Deest
505 2823 644 2857 Vaticano,
673 2823 741 2852 ἀλλά
757 2832 799 2858 γε,
815 2832 845 2851 ac
875 2828 1016 2858 inrepterca
1034 2825 1113 2860 hujus
1145 2825 1195 2853 loci
1213 2827 1345 2854 sententia
1368 2825 1458 2853 hiulca
1483 2833 1490 2852 :

124 2857 303 2885 Messenvnsi.

970 2280 1059 2307 minus
1073 2285 1183 2314 propter
1200 2287 1250 2306 nos
1278 2279 1362 2306 multo
1377 2279 1480 2312 majora
1508 2279 1541 2305 ab
1566 2278 1679 2313 ingratis
1706 2277 1755 2304 Ju-

968 2325 1033 2352 daeis
1054 2332 1148 2360 passus
1163 2330 1216 2357 est,
1239 2328 1267 2351 ut
1292 2332 1324 2351 ex
1349 2324 1436 2351 sacris
1452 2323 1604 2356 Evangeliis
1626 2323 1652 2350 id
1677 2329 1756 2349 enar-

969 2371 1090 2398 rantihus
1108 2372 1203 2399 audire
1222 2372 1348 2398 omnibus
1364 2371 1435 2398 licet.
1451 2369 1524 2397 Nihil
1542 2370 1614 2397 enim
1632 2371 1703 2404 quod
1719 2369 1752 2395 ad

967 2419 1142 2452 ignominiam
1167 2419 1325 2453 pertineret.
1343 2422 1389 2444 aut
1412 2417 1483 2452 quod
1500 2417 1620 2444 dolorem
1637 2417 1754 2450 aliquem

966 2466 1063 2492 aliene
1075 2469 1176 2498 posset,
1191 2464 1323 2490 intactum
1338 2463 1536 2497 immotumque
1548 2468 1641 2490 contra
1666 2463 1753 2496 ipsum

968 2512 1150 2545 reliquerunt;
1177 2511 1256 2538 modo
1281 2510 1390 2545 quidem
1415 2510 1482 2537 falsa
1509 2509 1655 2536 commenti
1679 2509 1756 2536 testi-

966 2559 1066 2588 monia,
1092 2557 1171 2583 modo
1196 2557 1338 2582 illudenles
1352 2561 1378 2582 ct
1392 2557 1604 2587 subsannaules,
1630 2555 1662 2581 ad
1682 2556 1750 2584 liter,

967 2602 1112 2637 opprobria
1141 2606 1169 2629 et
1196 2601 1301 2636 ﬂagella
1332 2602 1437 2629 abunde
1466 2601 1640 2636 indigentes,
1672 2601 1753 2626 modo

968 2650 1048 2675 etiam
1064 2648 1185 2675 divinum
1202 2649 1264 2674 illud
1293 2650 1517 2682 trememluinque
1541 2653 1622 2682 caput
1642 2647 1755 2673 arundi-

967 2696 1047 2722 nihus
1063 2696 1256 2729 percutientes,
1279 2696 1357 2722 modo
1380 2695 1501 2729 spineam
1521 2696 1687 2728 apponentes
1709 2700 1756 2720 co-

1515 2825 1699 2861 supplevitttus
1720 2833 1753 2853 ex
