1982 3073
236 137 287 171 321

746 137 992 167 THEOPHANIS
1014 136 1188 167 EPISCOPI
1211 138 1356 167 NlC.E:\'l

1813 140 1859 171 {.32

238 191 354 231 primum
375 203 404 223 ac
418 195 565 222 secundum
581 198 700 221 ventrem
716 202 723 226 ;
743 198 817 221 tanto
833 195 903 220 enim
929 201 1020 221 Secun-

1079 194 1147 227 μετὰ
1165 194 1283 226 πίστεως
1300 196 1345 221 καὶ
1362 195 1436 226 υίοὶις
1453 195 1502 230 μὲν
1519 195 1596 227 Θειῦ,
1612 196 1742 230 ὰδῇφνρὺς
1756 195 1782 222 δὲ
1799 197 1860 231 Χρι-

237 245 299 276 dus,
317 250 413 276 nempe
433 242 494 268 fons
508 242 533 268 in
554 248 607 274 quo
624 247 826 274 regeneramur,
846 247 907 267 eum
925 239 1023 273 primo,

237 289 281 323 qui
301 287 405 315 scilith
420 292 445 313 et
458 287 540 313 Deum
559 286 666 319 excepit
690 290 716 312 et
747 286 874 320 peperit.
893 285 1025 318 dignitate

183 353 191 362 .
237 334 461 368 ineomparabilis
476 337 527 364 est,
543 337 643 366 quanto
668 330 797 358 Dominus
818 331 864 365 qui
886 338 918 357 ex
936 331 1024 365 primo

237 386 316 408 natus
342 385 393 412 est,
418 379 502 413 major
515 383 556 405 est
571 378 604 405 iis
620 378 665 413 qui
684 385 716 404 ex
730 377 816 404 altero
834 382 1023 409 renascuntur,

236 428 290 453 imo
311 433 376 451 voro
405 430 431 451 et
452 424 547 458 magis.
566 422 633 450 Nam
650 423 694 456 qui
721 429 752 449 ex
770 423 888 448 secundo
911 429 1023 454 regene-

237 477 343 503 rantnr,
360 471 459 497 fratres
473 470 556 503 illitis,
570 470 614 504 qui
627 477 658 496 ex
674 469 761 504 primo
776 472 853 494 natus
871 473 921 497 est,
936 473 963 494 et
978 467 1022 494 Dei

235 518 283 544 filii
315 517 464 544 secundum
496 515 612 549 gratiam
644 513 809 544 efﬁciuntur,
836 516 863 538 at
887 513 1024 539 set-nntius

235 565 328 591 alveus
344 571 404 590 eum
417 563 504 596 primo
516 560 619 587 nullam
634 559 715 586 talem
729 558 811 586 habet
821 558 1021 592 cognationem.

234 607 304 643 Quin
323 610 377 636 imo
390 609 461 635 inter
474 614 534 634 sese
549 607 584 633 ita
600 605 737 636 ditIerunt,
752 610 780 630 ut
798 604 902 637 signum
920 602 1025 630 extrin-

239 663 332 683 secum
351 661 446 682 natura
471 652 562 679 diﬂ‘ert
576 659 589 677 a
605 651 729 677 veritate.
753 649 800 676 Illa
816 650 887 675 enim
902 652 943 675 est
960 655 1023 676 vera

237 701 285 728 Dei
300 699 395 732 Mater,
412 698 537 733 quoniam
556 703 618 723 vere
634 703 667 722 ex
680 695 749 728 ipsa,
764 694 809 728 qui
823 701 902 726 supra
916 701 1022 720 omnem

235 747 414 774 substantiam
438 748 489 775 est,
510 742 629 776 suscepit
649 741 839 768 substantiam.
859 740 934 773 Aqua
960 746 1023 766 vero

235 795 307 821 sacri
324 791 498 826 baptismatis
521 789 664 823 accipitur,
689 792 718 814 ut
746 787 876 818 diximus,
895 792 1022 819 tanquam

235 841 339 874 signum
367 843 394 864 et
419 837 504 871 ﬁgura
531 835 629 862 vivifici
657 834 728 860 illius
756 840 789 859 ae
826 832 871 859 Dei
909 832 1022 866 hospitis

234 886 346 912 ventris.
370 884 419 910 l'er
439 882 511 909 illam
537 888 587 908 nos
611 879 670 906 sine
691 878 795 905 carnali
818 878 1020 913 conjunctione,

233 940 265 958 ac
287 930 392 957 (aderis
419 934 522 955 naturze
545 926 682 960 operibus,
700 925 725 951 in
744 924 790 951 Dei
815 924 884 951 filios
908 924 1023 951 mirilice

234 978 407 1013 regenerati,
436 974 646 1007 confermcsquc
672 971 783 1006 imagini
812 969 944 997 naturalis
961 968 1023 996 Filii

234 1025 291 1055 Dei,
310 1024 354 1057 qui
370 1030 401 1048 ex
417 1023 474 1056 ipso
490 1019 614 1054 virginali
650 1018 807 1051 intactoque
821 1022 898 1043 utero
912 1015 1023 1050 prodiit,

233 1072 374 1100 allicimnr,
397 1076 428 1094 ex
453 1074 523 1102 aqtt't
548 1072 612 1094 vero
634 1064 701 1092 nihil
718 1063 867 1097 accipimus
892 1064 963 1097 quod
990 1062 1024 1089 ad

233 1117 294 1142 nnvi
316 1115 432 1142 hominis
459 1118 486 1141 ct
509 1113 658 1140 secundum
678 1111 762 1137 Deum
782 1109 867 1136 creati
896 1109 1024 1136 substan-

235 1163 372 1189 tiationont
385 1161 529 1196 pertineat.
545 1159 610 1186 Nam
624 1159 650 1185 id
668 1162 753 1185 totum
768 1156 838 1191 quod
852 1156 886 1183 ab
902 1156 1021 1184 secunda

235 1209 286 1235 hac
312 1208 451 1234 creatione
479 1211 559 1240 atque
583 1203 789 1239 regeneratione
817 1205 982 1237 praestatur,
1004 1208 1020 1228 a

232 1255 380 1289 prtesentia
394 1253 482 1280 sancti
499 1251 616 1287 Spiritus
632 1250 673 1277 fit.

1077 239 1139 265 στοῦ
1158 240 1228 266 κατὰ
1243 241 1322 275 χάριν
1337 241 1381 267 διὰ
1396 242 1427 267 τὸ
1439 241 1537 269 ταυτόν
1552 241 1666 274 πως,ὠς
1684 242 1861 278 εἴρηται,τῆς

1076 285 1230 319 γεννήσεως
1243 286 1484 321 ἀπεργαζομένην.
1511 287 1542 313 Et
1563 287 1610 314 καὶ
1624 287 1654 313 τὸ
1671 287 1801 321 διάφορον
1814 286 1860 322 τῆς

1075 330 1187 365 πρώτης
1200 331 1295 366 νηδύος
1310 332 1376 368 πρὸς
1393 332 1442 368 τὴν
1456 332 1598 368 δευτέραν,
1608 332 1668 367 ἦτοι
1678 333 1727 368 τῆς
1741 331 1860 368 θεοδόχου

1075 377 1122 403 καὶ
1136 377 1262 403 θεοτόκου
1280 378 1400 413 γαστρὸς
1425 379 1493 413 πρὸς
1515 378 1563 413 τὴν
1578 378 1772 411 ἀναγεννῶσαν
1790 378 1861 412 ἡμᾶς

1074 423 1278 458 κολυμϐήθραν,
1301 425 1469 459 ἀσύγκριτόν
1484 425 1541 450 ἐστι
1555 416 1591 459 9τῇ
1609 424 1683 460 ἀξία,
1697 424 1795 450 ὁπόσον
1807 425 1820 450 ό
1831 425 1861 450 ἐκ

1074 468 1123 502 τῆς
1141 468 1252 504 πρώτης
1276 470 1418 505 γεννηθεὶς
1436 470 1548 504 Κύριος.
1576 471 1644 504 πρὸς
1660 472 1724 501 τοὺς
1751 470 1862 504 ἀναγεν-

1073 514 1211 547 νωμένου;
1229 516 1260 541 ἐκ
1277 515 1325 550 τῆς
1342 516 1480 550 δευτέρας,
1497 516 1598 550 μᾶλλον
1618 516 1646 542 δὲ
1662 517 1708 542 καὶ
1730 516 1819 542 πλέον.
1831 516 1860 542 οξ

1073 559 1129 593 γὰρ
1144 559 1176 585 ὲκ
1189 560 1239 594 τῆς
1256 560 1385 595 δευτέρας
1399 561 1628 596 ἀναγεννώμενοι,
1643 561 1754 596 ἀδελφοὶ
1766 561 1812 588 τοῦ
1831 561 1861 587 ἐκ

1073 604 1124 639 τῆς
1140 605 1252 640 πρώτης
1264 607 1440 641 γεννηθέντος
1458 607 1525 633 Υἱοῦ
1538 607 1584 634 τοῦ
1595 607 1662 633 Θεοῦ
1678 607 1861 643 χρηματίζου-

1075 659 1116 678 σιν
1131 651 1201 678 κατὰ
1217 653 1312 687 χάριν·
1333 654 1348 687 ἡ
1364 653 1391 678 δὲ
1416 653 1530 688 δευτέρα
1547 653 1628 689 νηδὺς
1643 654 1710 688 πρὸς
1724 653 1774 688 τὴν
1786 653 1859 688 πρώ-

1073 704 1124 730 την
1147 696 1275 731 οὐδεμίαν
1291 697 1420 732 τοιαύτην
1452 699 1614 731 συγγένειαν
1639 698 1781 732 κέκτηται,
1796 698 1862 724 ἀλλὰ

1073 742 1201 768 τοσοῦτόν
1216 744 1290 769 ἐστιν
1308 744 1432 779 ἀλλήλων
1455 743 1556 778 μεταξὺ
1584 744 1614 770 τὸ
1637 744 1776 778 διάφορον,
1801 745 1860 771 ὅσον

1075 788 1211 822 σύμϐολον
1233 789 1396 825 ἐξωτερικόν
1420 790 1550 825 διαφέρον
1566 792 1598 825 τῇ
1618 789 1699 823 φύσει
1724 789 1793 825 πρὸς
1812 790 1859 825 τὴν

1073 833 1215 868 ἀλήθειαν.
1232 834 1264 860 Ἦ
1277 835 1327 868 μὲν
1342 836 1397 870 γάρ
1410 837 1484 862 ἐστιν
1495 835 1598 871 ἀληθὴς
1610 835 1656 862 τοῦ
1671 836 1737 862 Θεοῦ
1750 837 1858 872 Μήτηρ,

1074 879 1117 906 διὰ
1135 879 1164 906 τὸ
1180 880 1286 912 ἀληθῶς
1304 881 1333 913 ὲξ
1345 882 1430 914 αὐτῆς
1444 882 1612 916 οὐσιωθῆναι
1626 882 1671 909 τὸν
1686 881 1859 916 ὑπερούσιον.

1074 924 1110 951 Τὸ
1124 925 1152 952 δὲ
1166 926 1238 961 ὕδωρ
1250 926 1297 953 τοῦ
1310 926 1383 953 θείου
1397 927 1599 962 βαπτίσματος,
1611 928 1648 959 ὡς
1664 927 1800 962 σύμὸολον
1814 929 1860 954 καὶ

1071 972 1156 1004 τύπος
1174 974 1423 1009 παραλαμϐάνεται
1449 975 1499 1009 τῆς
1516 974 1674 1009 ζωαρχικῆς
1701 974 1749 1001 καὶ
1773 974 1860 1001 θεοδό-

1071 1027 1120 1054 χου
1137 1019 1231 1054 νηδύος
1246 1020 1366 1054 ἐκείνης,
1382 1020 1420 1051 ὡς
1431 1020 1549 1055 εἴρηται.
1562 1020 1610 1046 Διὰ
1628 1020 1658 1046 τὸ
1675 1021 1723 1048 καὶ
1740 1020 1814 1056 ἡμᾶς
1826 1021 1858 1046 ὲκ

1071 1064 1166 1091 τούτου
1192 1066 1277 1100 χωρὶς
1300 1066 1435 1100 σαρκικῆς
1460 1066 1607 1100 συναφείας
1630 1066 1678 1093 καὶ
1700 1067 1755 1094 τῶν
1773 1067 1858 1093 ἄλλων

1071 1109 1119 1144 τῆς
1133 1110 1240 1143 φύσεως
1253 1110 1341 1145 ἔργων
1354 1111 1555 1146 ἁναγεννᾶσθαι
1568 1113 1716 1148 ὑπερφυῶς
1731 1113 1772 1144 είς
1784 1114 1858 1144 υἱοὺς

1074 1155 1154 1187 Θεοῦ,
1167 1157 1215 1182 καὶ
1231 1157 1412 1191 συμμόρφους
1436 1157 1486 1193 τῆς
1512 1158 1615 1190 είκόνος
1632 1159 1679 1185 τοῦ
1697 1159 1776 1194 φύσει
1791 1158 1857 1186 Υἱοῦ

1073 1202 1120 1228 τοῦ
1144 1202 1212 1228 Θεοῦ
1233 1203 1411 1238 γεννηθέντος
1431 1205 1464 1230 ὲκ
1482 1204 1531 1239 τῆς
1551 1205 1722 1240 παρθενικῆς
1749 1206 1857 1241 ἐκείνης

1069 1248 1116 1275 καὶ
1138 1249 1288 1284 ἀμωμήτου
1305 1250 1441 1284 γαστρός·
1457 1250 1490 1277 ἐκ
1507 1250 1561 1286 γὰρ
1586 1250 1633 1278 τοῦ
1656 1251 1752 1283 ὓδατος
1765 1252 1858 1287 ήμεῖς,

232 1302 308 1330 οὐδέν
327 1311 354 1328 τι
380 1300 560 1336 λαμόἀνομεν
584 1299 625 1330 εις
647 1297 776 1325 οὺσίωσιν
800 1295 848 1324 τοῦ
865 1295 961 1324 καινοῦ
975 1295 1113 1323 καὶκατὰ
1141 1295 1209 1322 Θεὸν
1231 1295 1387 1328 κτισθέντος
1411 1296 1568 1332 ἀνθρώπου.
1583 1297 1619 1324 Τὸ
1653 1299 1708 1334 γὰρ
1731 1299 1784 1326 πᾶν
1810 1299 1859 1334 τῆς

230 1349 359 1384 τοιαύτης
385 1348 519 1380 θεοειδοῦς
545 1345 752 1382 ἀναγεννήσεώς
780 1354 810 1373 τε
838 1344 884 1371 καὶ
910 1343 1102 1376 ἀναπλάσεως,
1141 1344 1158 1378 ἡ
1191 1343 1331 1378 παρουσία
1370 1343 1419 1370 τοῦ
1439 1344 1520 1378 ἁγίου
1539 1344 1701 1380 Πνεὺματος
1731 1345 1855 1381 ἀπεργά-

232 1398 319 1430 (aut.

268 1445 294 1471 4.
311 1442 482 1478 Quapmpter
497 1439 542 1468 ille
561 1445 610 1474 per
633 1444 711 1465 suam
729 1435 946 1464 incarnationem
963 1440 1025 1478 quae

231 1492 349 1515 mentem
368 1477 400 1513 ac
416 1486 549 1512 rationem
575 1489 684 1510 omnem
712 1484 834 1515 superat,
863 1479 948 1506 nostri
968 1477 1024 1504 fer-

231 1533 316 1562 meuti
339 1531 494 1566 primitias.
519 1529 553 1555 ad
579 1535 716 1556 summum
743 1524 892 1553 divinitatis
914 1523 1022 1557 extulit,

230 1579 351 1607 alliciens
376 1584 483 1610 nempe,
502 1575 528 1602 itl
548 1574 621 1609 quod
645 1581 659 1599 a
684 1579 713 1600 se
730 1571 819 1598 fuerat
839 1573 1019 1603 assumptum,

232 1632 287 1652 sua:
318 1622 470 1650 divinitatis
493 1627 622 1652 consors,
651 1616 729 1644 nobis
763 1615 860 1643 deinde
886 1614 1018 1641 unitatem

231 1674 334 1698 natarte
352 1668 477 1702 largitus,
498 1670 526 1693 et
549 1671 644 1696 carne,
671 1667 698 1690 et
723 1661 854 1696 sanguine
878 1660 1019 1688 nobiscum

231 1714 414 1750 participatis,
441 1708 686 1739 consubstantialis
716 1707 794 1734 nobis
825 1704 937 1733 effectus
965 1708 1018 1731 est.

231 1761 284 1788 Per
302 1759 447 1787 secundam
472 1765 537 1784 vero
557 1760 677 1783 nostram
703 1753 869 1781 creationem
887 1758 946 1786 quae
971 1757 1021 1785 per

231 1807 395 1842 baptismum
410 1805 449 1838 fit,
464 1802 567 1837 recepit
581 1808 630 1828 nos
645 1801 670 1828 in
694 1800 792 1827 fratres
807 1806 839 1826 ex
856 1797 938 1825 simili
954 1803 1021 1831 quo-

232 1853 293 1879 dam
310 1849 495 1887 generationis
521 1847 612 1879 modo,
627 1845 666 1873 uti
683 1845 820 1872 diximus:
841 1842 927 1869 solum
947 1842 1019 1869 enim

231 1899 259 1925 in
284 1897 380 1931 spiritu
409 1900 518 1923 renatos
544 1893 715 1920 fraternitate
752 1890 844 1923 donat,
875 1888 940 1916 deos
963 1887 1020 1923 jam

231 1951 280 1979 per
295 1943 411 1978 gratiam
425 1941 513 1968 factos
535 1944 562 1966 et
583 1943 711 1973 tanquam
733 1938 844 1964 indutos
874 1935 1019 1970 imaginem

230 1989 350 2016 emlestis
376 1986 482 2018 Adami,
510 1989 540 2012 ut
564 1984 699 2019 quondam
725 1981 838 2009 terreni.
861 1979 930 2008 Hinc
946 1979 1019 2007 enim

230 2035 350 2063 divinam
374 2033 490 2060 formam
513 2030 661 2066 accipiunt,
681 2033 709 2056 et
729 2028 762 2055 ad
783 2027 867 2062 ipsius
890 2025 1020 2054 humani-

231 2082 296 2108 tatis
312 2079 477 2114 exemplum,
493 2085 552 2112 qute
569 2076 603 2104 ad
622 2075 784 2103 altissimum
797 2072 948 2101 divinitatis
961 2079 1021 2108 gra-

230 2127 293 2153 dum
309 2131 400 2152 erecta
413 2129 464 2156 est,
482 2122 656 2150 deificantur.
673 2119 844 2154 Quapropter
859 2125 913 2146 non
925 2125 1020 2146 omnes

231 2170 356 2198 homines
375 2173 438 2197 sunt
464 2168 562 2194 fratres
587 2166 702 2200 Domini,
727 2166 774 2193 sed
798 2165 816 2192 ii
843 2168 948 2192 tantum
973 2163 1019 2199 qui

231 2216 318 2244 renati
333 2221 394 2243 sunt
410 2223 457 2250 per
467 2219 591 2241 sanctum
610 2213 785 2247 baptismum,
801 2216 829 2239 et
844 2215 1020 2240 servaverunt

232 2263 390 2290 deilormcm
409 2260 637 2296 pulchritudinem
655 2260 688 2287 ad
707 2260 786 2286 finem
811 2266 897 2294 usque
920 2259 1020 2286 imma-

1109 1434 1142 1462 δ’.
1161 1435 1244 1463 Ὅθεν
1261 1436 1304 1464 διὰ
1320 1438 1371 1473 μὲν
1383 1437 1433 1474 τῆς
1447 1438 1518 1474 ὑπὲρ
1547 1437 1611 1466 νοῦν
1627 1438 1674 1466 καὶ
1686 1438 1765 1473 λόγον
1781 1439 1859 1467 ἐναν-

1074 1478 1244 1516 θρωπήσεως
1277 1482 1371 1518 αὐτοῦ,
1394 1484 1442 1519 τὴν
1470 1484 1521 1519 μὲν
1550 1485 1678 1520 ἀπαρχὴν
1706 1485 1747 1516 είς
1773 1484 1860 1520 ἄκρον

1072 1524 1174 1552 ὲθέωσε
1190 1526 1237 1553 τοῦ
1251 1528 1387 1563 ἡμετέρου
1403 1529 1564 1564 φυράματος
1573 1530 1632 1564 ἦτοι
1645 1529 1676 1556 τὸ
1687 1530 1753 1556 ῐδιον
1772 1530 1858 1564 πρόσ-

1071 1570 1179 1606 λημμα,
1194 1573 1309 1607 ὁμόθεον
1324 1574 1555 1609 ἀπεργασάμενον
1573 1575 1666 1601 τοῦτο·
1682 1575 1748 1610 ἡμῖν
1773 1575 1802 1601 δὲ
1827 1575 1858 1601 τὺ

1070 1615 1193 1650 όμοφυὲς
1223 1616 1393 1653 ἐδωρήσατο,
1426 1620 1595 1656 κοινωνήσας
1618 1620 1683 1654 ἡμῖν
1712 1619 1859 1656 παραπλη-

1073 1660 1137 1691 σίως
1154 1662 1254 1694 σαρκὸς
1265 1663 1313 1688 καὶ
1325 1663 1451 1697 αἵματος.
1463 1664 1620 1691 Κάντεῦθεν
1632 1665 1775 1699 ὀμοούσιος
1790 1666 1859 1700 ἡμῖν

1071 1707 1192 1740 γεγονὼς
1205 1707 1250 1734 διὰ
1265 1708 1292 1734 δὲ
1305 1709 1355 1744 τῆς
1370 1710 1550 1742 ἀναπλάσεως
1566 1711 1645 1745 ἡμῶν
1670 1711 1719 1746 τῆς
1733 1712 1801 1738 κατὰ
1826 1711 1859 1738 τὸ

1072 1752 1227 1788 βάπτισμα,
1249 1755 1289 1785 εἰς
1307 1755 1478 1791 ἀδελφότητα
1498 1757 1658 1791 προσήκατο
1677 1758 1724 1783 καὶ
1734 1757 1858 1792 ἀνήγαγε

1070 1798 1115 1825 διὰ
1126 1798 1155 1824 τὸ
1164 1799 1345 1836 ὀμοιότροπόν
1361 1809 1430 1834 πως,
1440 1801 1478 1833 ὡς
1490 1801 1611 1836 εἴρηται,
1620 1802 1668 1837 τῆς
1683 1803 1838 1837 γεννήσεως
1850 1811 1857 1819 ·

1070 1844 1134 1876 τοὺς
1146 1846 1202 1881 γὰρ
1216 1846 1460 1882 ἀναγεννωμὲνους
1479 1848 1508 1874 ἑν
1532 1847 1670 1882 πνεύματι
1696 1849 1794 1883 μόνους
1809 1849 1861 1884 τῆς

1073 1889 1254 1926 ἁδελφότητος
1271 1891 1344 1924 ἀξιοῖ
1369 1892 1449 1924 θεοὺς
1470 1892 1542 1919 κατὰ
1571 1893 1651 1928 χάριν
1673 1892 1799 1920 ἐντεῦθεν
1813 1901 1862 1927 γε-

1072 1937 1268 1972 γεννημένους,
1284 1938 1321 1971 ὡς
1337 1939 1507 1973 φορέσαντας
1536 1939 1585 1974 τὴν
1605 1939 1700 1966 εἰκόνα
1715 1939 1759 1966 τοῦ
1775 1941 1860 1966 ἐπου-

1075 1984 1167 2019 ρανίου
1194 1985 1283 2021 ’Λδὰμ
1306 1985 1403 2022 ὥσπερ
1431 1987 1528 2023 πρώην
1547 1987 1594 2014 τοῦ
1617 1987 1719 2022 χοϊκοῦ.
1745 1987 1782 2014 Τὸ
1805 1988 1863 2024 γὰρ

1073 2029 1144 2057 θεῖον
1158 2029 1228 2064 εἶδος
1249 2033 1374 2060 ἐντεῦθεν
1395 2033 1575 2068 λαμϐάνουσι,
1601 2033 1670 2060 καθὸ
1682 2034 1802 2068 γίνονται
1815 2042 1864 2060 τε-

1071 2078 1205 2114 θεωμένοι
1219 2079 1314 2116 ὥσπερ
1340 2082 1380 2113 εἰς
1405 2081 1491 2115 ἄκρον
1513 2080 1618 2117 ὲθεώθη
1634 2082 1682 2108 καὶ
1707 2082 1738 2108 τὸ
1754 2081 1863 2117 ἀνθρὼ-

1070 2132 1148 2150 πινον
1170 2124 1278 2152 τούτου.
1293 2125 1343 2152 Διὰ
1367 2125 1422 2160 γὰρ
1436 2126 1515 2152 τοῦτο
1538 2126 1568 2152 οὐ
1595 2127 1695 2158 πάντες
1720 2126 1862 2162 ἄνθρωποί

1070 2169 1139 2195 είσιν
1155 2166 1267 2204 ἀδελφοὶ
1281 2170 1328 2197 τοῦ
1351 2171 1467 2205 Κυρίου,
1495 2171 1553 2198 ἀλλ’
1577 2173 1600 2199 of
1625 2173 1862 2207 ὰναγεννηθέντες

1070 2213 1115 2241 διὰ
1138 2215 1188 2243 τοῦ
1220 2216 1295 2243 θείου
1320 2217 1523 2252 βαπτίσματος,
1553 2219 1601 2244 καὶ
1633 2219 1807 2254 τηρήσαντες
1829 2220 1862 2247 τὸ

1071 2258 1188 2292 θεοειδὲς
1209 2261 1308 2293 κάλλος
1334 2262 1502 2297 ἀκηλίδωτον
1528 2263 1610 2298 μέχρι
1629 2263 1732 2295 τέλους.
1750 2264 1861 2299 Ὥσπερ

232 2308 361 2334 cutatam.
381 2307 416 2334 Ut
440 2307 513 2333 enim
531 2313 579 2333 nos
594 2312 731 2340 nunquam
756 2311 851 2339 equos,
870 2308 917 2332 aut
941 2311 1020 2332 canes

1075 2306 1131 2341 γὰρ
1146 2307 1280 2342 ἡμεῖς,οὺ
1302 2308 1354 2335 κᾶν
1376 2317 1440 2334 ποτε
1463 2308 1629 2344 καλέσωμεν
1650 2310 1781 2343 ἀδελφοὺς
1794 2311 1862 2341 τοὺς

231 2361 393 2382 vocaremus
410 2353 521 2385 fratres,
542 2360 574 2380 eo
591 2352 664 2387 quod
682 2356 774 2379 nostra
797 2358 873 2384 caro,
896 2351 968 2378 sicut
992 2353 1021 2378 et

232 2400 351 2432 illorum,
374 2406 408 2425 ex
423 2403 494 2425 terra
511 2402 629 2430 constet,
653 2396 827 2430 mortalisque
843 2396 879 2423 sit
891 2399 918 2422 et
933 2395 1022 2430 passi-

232 2445 305 2476 bilis.
330 2444 457 2471 sensibus
481 2448 508 2470 et
534 2442 689 2477 sanguineis
705 2442 780 2469 venis
804 2445 954 2475 compacta,
981 2445 1022 2468 at-

231 2496 373 2525 tractoque
386 2497 434 2525 per
446 2489 599 2524 pulmonem
615 2495 677 2515 aere
688 2487 767 2522 quasi
782 2488 808 2514 in
822 2495 851 2515 se
866 2488 923 2522 ipsa
938 2487 1021 2514 vitam

231 2538 386 2569 includens,
403 2537 448 2563 sed
468 2535 621 2569 adjeclione
643 2534 756 2562 rationis
781 2534 814 2561 ab
832 2534 938 2560 illorum
960 2533 1020 2559 alli-

231 2585 314 2611 nitate
330 2590 361 2610 ac
375 2581 547 2609 fraternitate
561 2580 722 2613 differimus,
739 2579 903 2614 accipientes
914 2582 1018 2605 tantum

229 2630 257 2656 in
277 2628 375 2655 horum
390 2627 609 2654 communionem
633 2632 688 2655 eos,
715 2625 760 2658 qui
786 2625 891 2651 ratione
913 2623 1019 2658 praediti

229 2680 313 2707 sum;
331 2675 370 2701 sic
380 2678 406 2701 et
417 2673 544 2700 Salvator
560 2675 652 2698 noster
666 2675 785 2697 nostram
801 2678 834 2697 ex
851 2670 940 2702 nobis,
956 2677 1018 2697 cum

229 2721 423 2754 assumpsisset
437 2723 575 2749 naturam,
604 2725 656 2743 non
673 2717 744 2743 hanc
759 2716 872 2748 nudamI
889 2720 933 2742 aut
946 2715 1018 2742 divi-

229 2776 271 2796 nae
284 2768 377 2804 gloria:
397 2772 534 2801 expertem
559 2772 621 2793 esse
644 2765 739 2798 voluit,
757 2765 803 2792 sed
825 2772 886 2792 eam
911 2773 943 2791 ex
959 2765 1014 2799 ipsa

231 2814 351 2841 uuitione
372 2813 467 2840 ditavit
479 2812 576 2839 dirina-
588 2815 692 2838 natural
706 2811 924 2846 proprietatibus.
941 2811 1016 2837 ltleo-

230 2867 283 2896 que
310 2868 370 2888 cum
397 2861 465 2887 bane
495 2859 548 2886 lter)
581 2856 688 2891 dignam
717 2857 831 2890 gratiam
862 2856 1015 2884 hominibus

1070 2353 1172 2384 ῐππους
1197 2353 1245 2380 κα)⁸
1260 2353 1344 2385 κύνας
1381 2354 1425 2381 διὰ
1453 2355 1483 2380 τὸ
1500 2354 1549 2389 τὴν
1572 2355 1649 2390 ήμῶν
1672 2364 1700 2382 τε
1724 2356 1863 2384 κάκείνων

1072 2399 1163 2434 σάρκα
1179 2399 1380 2435 παραπλησίως
1395 2402 1426 2427 ἐκ
1441 2401 1493 2435 γῆς
1507 2402 1668 2435 ὑφεστάναι,
1685 2401 1734 2428 καὶ
1755 2401 1862 2438 θνητὴν

1071 2445 1194 2477 ὀσαύτως
1205 2443 1275 2472 εἶναι
1297 2446 1343 2472 καὶ
1358 2446 1494 2482 παθητὴν,
1513 2447 1638 2482 αἰσθήσει
1662 2448 1863 2482 συνδεδεμένην

1072 2489 1119 2515 καὶ
1132 2490 1235 2523 ὀχετοῖς
1248 2489 1373 2524 αἱμάτων
1389 2492 1437 2517 καὶ
1452 2493 1485 2526 τῇ
1500 2492 1544 2518 διὰ
1561 2492 1609 2518 τοῦ
1626 2492 1776 2527 πνεύμονος
1790 2492 1862 2528 ὁ).κῇ

1071 2533 1119 2560 τοῦ
1136 2535 1230 2568 ἀέρος,
1245 2535 1294 2569 τὴν
1310 2535 1383 2570 ζωὴν
1406 2535 1499 2571 ὥσπερ
1516 2538 1544 2562 έν
1572 2538 1657 2572 ἑαυτῇ
1685 2538 1865 2572 περικλεῖον-

1070 2588 1132 2612 σαν,
1145 2580 1213 2606 ἀλλὰ
1229 2581 1261 2615 τῇ
1286 2581 1432 2618 προσθήκῃ
1462 2582 1508 2608 τοῦ
1538 2583 1647 2617 λογικοῦ
1674 2584 1863 2619 διεστήκαμεν

1069 2625 1118 2656 τῆς
1144 2626 1279 2659 ὁμονρυῑας
1304 2627 1417 2653 ἐκείνων
1441 2628 1486 2654 καὶ
1520 2628 1710 2663 ἀδελφότητος,
1738 2630 1801 2661 τοὺς
1828 2629 1864 2657 τὺ

1068 2670 1178 2704 λογικὸν
1195 2672 1274 2706 μόνον
1287 2672 1514 2708 πεπλουτηκότας
1530 2675 1570 2705 είς
1595 2676 1735 2701 κοινωνίαν
1754 2675 1864 2702 τούτων

1069 2715 1220 2750 δεχόμενοι,
1245 2717 1316 2743 οὕτω
1341 2719 1389 2744 καὶ
1416 2720 1429 2744 ὀ
1453 2719 1549 2754 Σωτὴρ
1569 2720 1648 2754 ἡμῶν
1673 2720 1703 2751 ἐξ
1733 2720 1813 2754 ἡμῶν
1830 2721 1865 2747 τὸ

1071 2761 1211 2797 ἡμέτερον
1226 2763 1459 2798 προσλαϐόμενος,
1479 2766 1507 2791 οὐ
1525 2766 1604 2800 ψιλὴν
1621 2767 1712 2801 ἐτήρει
1737 2766 1783 2793 καὶ
1805 2766 1864 2801 τῆς

1071 2808 1145 2839 θείας
1160 2808 1240 2842 δόξης
1255 2810 1399 2845 ἀμέτοχον,
1413 2812 1469 2838 ἀλλ’
1485 2813 1515 2845 ἐξ
1539 2813 1625 2847 αὐτῆς
1651 2813 1773 2844 ὲνιῦσεως
1800 2813 1865 2845 10E;

1071 2854 1198 2889 ἰδιώματι
1215 2855 1264 2890 τῆς
1287 2857 1364 2889 θείας
1382 2859 1586 2895 κατεπλούτησε
1602 2860 1719 2894 φύσεως.
1738 2860 1792 2885 Καὶ
1811 2859 1864 2887 δαὶ
