1982 3073
113 129 161 161 331

777 133 965 164 EPISTOLA
988 127 1057 165 ιιι.⁴

1691 135 1744 167 338

115 188 193 222 ρίσας
206 188 297 220 αὐτοῖς
315 189 450 224 ἐνεργεῖν,
469 191 517 217 καὶ
533 190 576 218 διὰ
599 191 678 219 τοῦτο
703 192 900 227 χειροτονήσας

957 191 1071 218 oliicium
1084 192 1118 220 ab
1133 192 1184 220 illis
1197 192 1367 221 elﬁciendum
1385 193 1449 228 ipsis
1464 194 1598 226 attribuit,
1618 203 1649 222 ac
1664 202 1745 230 prop-

113 235 212 266 αὐτοὺς
229 235 324 270 ὥσπερ
339 236 438 268 ἄλλους
465 237 543 269 θεοὺς
571 238 619 264 καὶ
642 238 838 274 δημιουργοὺς,
866 239 900 273 τῇ

113 281 238 317 ἐνεργείᾳ
270 281 318 308 τοῦ
350 284 526 318 παντουργοῦ
551 283 712 318 Πνεύματος
733 285 900 320 δυναμένους

115 327 204 353 ποιεῖν
233 327 267 354 τὰ
285 328 403 363 μεγίστα
414 329 463 364 τῆς
479 330 554 361 θείας
578 331 720 365 δυνάμεως
732 332 812 367 ἔργα.
846 332 902 358 Καὶ

115 373 142 406 ἐξ
156 369 195 401 ὧν
219 375 339 409 μάλιστα
354 376 385 402 τό
399 384 429 402 τε
446 377 569 404 ποικίλον
581 377 631 412 τῆς
647 378 744 412 σοφίας
759 379 806 405 καὶ
821 378 902 405 δυνά-

116 428 188 454 μεως
199 420 248 447 τοῦ
267 420 336 448 Θεοῦ
357 422 481 456 γνωστὸν
495 424 612 457 γίνεται,
640 424 687 451 καὶ
703 424 717 450 ὁ
733 424 783 459 τῆς
798 424 902 458 ἀγαθό-

114 474 194 500 τητος
207 467 413 502 ἀνεξιχνίαστος
429 469 514 496 αὑτοῦ
533 469 650 502 πλοῦτος
664 470 900 502 ἀποκαλύπτεται,

114 509 176 536 διἰὃ
203 512 250 538 καὶ
270 512 284 538 ὸ
302 512 374 544 θεῖος
400 514 479 549 ἔλεγε
507 515 629 547 Παῦλος”
657 517 802 551 Συνεργοὶ
827 517 902 544 Θεοῦ

115 555 220 591 ἐσμεν.
239 559 297 585 Καὶ
315 559 370 594 γὰρ
386 561 499 588 πάντων
515 561 569 588 τῶν
588 561 678 596 ἔργων
704 559 743 589 ὦν
765 563 902 599 -ὲποίησεν

113 602 126 628 δ
145 603 213 634 Θεὸς
225 605 272 631 καὶ
291 605 345 632 τῶν
357 607 464 641 νοητῶν
494 609 542 635 καὶ
564 607 618 634 τῶν
631 608 771 643 αἰσθητῶν
783 608 814 635 τὸ
843 610 903 644 μεῖ-

113 646 159 680 ζόν
172 651 247 677 ἐστιν
271 652 453 687 ἀσυγκρίτοις
478 655 638 690 ὑπεροχαῖς,
662 656 678 690 ή
706 656 767 683 θεία
783 655 857 691 ψυχή
871 665 901 683 τε

113 695 160 721 καὶ
171 696 241 731 σὰρξ
255 698 302 724 τοῦ
319 699 473 727 Δεσπότου.
489 701 521 727 Τί
533 701 588 736 γὰρ
603 701 696 735 μεῖζον
708 702 756 729 τοῦ
778 702 827 737 τὴν
838 702 901 729 καθ’

113 742 187 776 ἡμᾶς
208 742 302 776 φύσιν,
337 745 383 772 τοῦ
402 746 471 773 Θεοῦ
484 747 571 782 Λόγου
589 748 672 782 φύσιν
692 748 823 782 γενέσθαι
839 749 901 776 καθ’

113 788 210 816 ἕνωσιν
226 790 416 826 ὑποστατικήν
430 801 436 823 ;
454 779 536 819 Ὅσον
614 779 739 829 διαφέρει
753 795 783 821 τὸ
797 795 902 829 ἀνθρώ-

113 842 192 860 πινον
206 835 253 862 τοῦ
269 836 398 871 Σωτῆρος
422 838 477 864 τῶν
506 839 647 875 Χερουϐὶμ
676 841 722 867 καὶ
752 841 879 876 Σεραφίμ
894 849 901 857 ⁵

113 881 241 916 διαφέρει
255 882 285 909 δὲ
300 884 362 910 ὅσον
382 884 477 911 δούλου
488 885 625 920 δεσπότης
636 894 644 901 ·
662 886 790 914 τοσοῦτον
813 888 861 914 καὶ
874 887 903 914 τὸ

115 926 197 962 ἔργον
210 927 260 962 τῆς
273 929 349 961 θείας
365 931 533 965 σαρκώσεως
548 932 688 967 διενήνοχε
706 933 757 967 τῆς
770 934 904 968 δημιουρ-

113 972 178 1005 γίας
194 973 248 1000 τῶν
261 975 456 1011 ὐπερκοσμίων
484 977 640 1012 δυνάμεων,
661 978 747 1005 Τοῦτο
768 978 860 1006 τοίνυν
874 980 904 1007 τὸ

113 1019 323 1055 ἀνυπέρϐλητον
350 1024 434 1058 ἔργον
470 1024 517 1051 καὶ
541 1026 597 1056 τοῖς
617 1025 780 1057 ἀποστόλοις
802 1026 904 1059 ὁμοίιος

114 1066 237 1100 ἐνεργεῖν
250 1068 362 1101 δέδωκε,
396 1070 445 1096 καὶ
464 1070 497 1097 δι’
531 1071 646 1098 ἐκείνων
671 1071 735 1103 τοὺς
763 1072 904 1107 διαδόχους

115 1113 230 1139 ἐκείνων
248 1114 295 1140 καὶ
311 1115 430 1150 καθεξῆς
445 1117 507 1144 τοὺς
519 1116 630 1149 λοιποὺς
648 1118 730 1153 μέχρι
746 1118 795 1152 τῆς
811 1118 905 1145 τελευ-

113 1158 165 1192 τῆς
185 1159 232 1185 τοῦ
256 1160 392 1194 παρόντος
411 1161 479 1196 βίου.
498 1163 601 1198 ’Λρτον
618 1163 672 1198 γὰρ
690 1163 739 1190 καὶ
753 1161 824 1190 οῐνον
835 1164 905 1198 λαμ-

114 1203 247 1236 δάνον-τες
259 1206 292 1240 τῇ
310 1206 438 1242 ἐνεργείᾳ
446 1207 493 1233 τοῦ
509 1207 582 1234 Θείου
592 1208 764 1243 Πνεύματος,
774 1210 814 1240 εἰς
824 1209 904 1243 σῶμα

112 1251 161 1276 καὶ
179 1247 251 1284 αἷμα
267 1251 444 1285 Δεσποτικὸν,
474 1250 496 1280 ὦ
514 1254 560 1280 τοῦ
593 1254 749 1289 θαύματοςί
769 1255 905 1290 μεταϐάλ-

111 1295 210 1322 λουσι·
237 1297 284 1323 καὶ
313 1297 388 1325 λύειν
412 1299 460 1326 καὶ
487 1300 598 1334 δεσμεῖν
617 1301 756 1336 ἁμαρτίας
779 1301 905 1334 ἐξουσίαν

111 1341 271 1376 εἰλήφασιν,
292 1343 307 1370 ὃ
324 1345 405 1378 μόνου
432 1347 499 1373 Θεοῦ
525 1347 606 1383 ἔργον
632 1347 761 1383 ὑπάρχει.
780 1348 834 1374 Καὶ
860 1349 908 1375 ἀν’

111 1385 246 1420 θρώπους
269 1387 467 1423 λαμϐάνοντες,
483 1391 527 1418 διὰ
556 1392 603 1418 τοῦ
622 1391 697 1419 Θείου
716 1392 906 1428 βαπτίσματος

110 1431 287 1465 ἀναγεννῶσι
300 1436 348 1461 καὶ
363 1437 582 1465 ἀναπλάττουσιν
600 1439 640 1469 είς
660 1440 734 1471 υἱοὺς
759 1441 826 1467 Θεοῦ
860 1443 906 1468 καὶ

110 1478 194 1510 Θεοὺς
213 1481 284 1506 κατὰ
297 1481 387 1516 χάριν,
402 1482 498 1518 ὥσπερ
532 1484 565 1511 ἂν
596 1484 622 1510 εῐ
642 1494 684 1516 τις
710 1486 794 1514 ἵππον
812 1487 906 1514 λαεὼν

957 241 1030 264 terea
1045 238 1149 266 creavit
1167 246 1214 266 eos
1237 239 1321 266 veluti
1334 240 1400 268 deos
1413 244 1440 268 et
1456 245 1607 273 ereatores,
1620 245 1744 276 potentes

956 283 1057 311 virtute
1073 285 1269 318 omnipotentis
1284 285 1415 320 Spiritus,
1435 288 1554 313 maxima
1570 286 1667 313 divina:
1687 287 1744 312 vir-

956 332 1022 358 tutis
1038 331 1144 359 eilicere
1159 340 1251 367 opera.
1268 333 1302 360 Et
1318 341 1381 361 vero
1396 341 1428 361 ex
1451 333 1485 361 iis
1498 334 1680 367 {multiformis
1696 334 1743 360 Dei

955 378 1088 412 sapientia
1115 383 1143 405 et
1168 379 1254 407 virtus
1272 380 1409 416 praecipue
1433 385 1553 415 apparet,
1580 385 1607 407 et
1632 380 1743 407 investi—

956 424 1058 458 gabiles
1075 425 1206 452 bonitatis
1224 425 1307 459 ipsius
1324 425 1488 460 deteguntur
1501 426 1612 453 divitias.
1626 426 1744 459 Ideoque

957 470 1052 498 beatus
1074 471 1180 498 dicebat
1198 471 1314 498 Paulus:
1334 472 1383 499 Dei
1400 476 1582 507 cooperatores
1603 480 1693 499 sumus
1709 472 1743 498 π’.

957 515 1062 542 Etenim
1078 516 1201 543 euntium
1221 524 1333 550 operum
1361 522 1413 544 tam
1442 517 1636 552 spiritualium,
1663 524 1744 551 quam

956 568 1158 596 eorporeorum,
1171 569 1231 596 qua:
1249 561 1320 589 Deus
1332 562 1406 596 fecit,
1421 563 1568 590 maximum
1585 568 1626 590 est
1642 562 1745 590 incom-

956 607 1069 642 parabili
1084 608 1253 640 excellentia,
1268 616 1345 636 sacra
1358 608 1447 635 anima
1477 613 1505 636 et
1515 616 1579 641 caro
1591 609 1743 636 Dominica.

956 653 1026 686 Quid
1053 654 1126 682 enim
1156 654 1242 688 majus
1273 660 1325 687 est,
1358 662 1438 690 quant
1469 659 1589 682 nostram
1618 659 1742 681 naturam

956 702 1104 728 secundum
1114 701 1241 729 unionem
1252 702 1449 737 hypostaticam
1461 701 1516 728 ﬂeri
1529 705 1653 729 naturam
1666 699 1745 727 Verbi

957 747 1026 775 Dei?
1048 747 1184 781 Quantum
1195 755 1260 782 ergo
1273 753 1382 782 praestat
1399 747 1453 782 (4i)
1471 747 1627 774 humanitas
1651 746 1745 773 Salva-

957 794 1023 821 toris
1042 794 1106 828 ipsis
1123 794 1270 822 Cherubim
1290 799 1316 821 ct
1342 794 1484 827 Seraphim
1508 794 1629 828 (praestat
1655 796 1744 819 autem

957 844 1088 873 quantum
1117 847 1197 867 servo
1225 839 1384 873 Dominus),
1403 844 1508 866 tantum
1537 839 1619 866 etiam
1648 837 1746 865 divinat

955 885 1045 912 carnis
1075 885 1214 919 generatio
1244 889 1356 919 superat
1388 884 1557 912 creationem
1592 883 1743 911 etelestiutn

955 935 1130 965 potestatum.
1145 929 1201 958 lloc
1215 938 1279 965 ergo
1296 931 1425 958 eximium
1446 938 1514 964 opus
1534 929 1664 964 apostolis
1680 937 1746 964 quo-

955 983 1007 1010 que
1029 976 1211 1003 exercendum
1230 977 1313 1008 dedit,
1333 981 1359 1004 et
1382 984 1430 1011 per
1453 976 1512 1004 illos
1530 983 1624 1004 eorum
1640 981 1748 1008 succes-

955 1022 1075 1054 soribus,
1093 1027 1122 1050 et
1138 1022 1268 1058 deinceps
1286 1023 1400 1057 reliquis
1420 1031 1505 1058 usque
1526 1024 1558 1050 ad
1574 1029 1748 1049 consumma-

956 1071 1057 1097 tionem
1074 1070 1156 1104 hujus
1180 1070 1252 1097 vitze.
1279 1069 1379 1096 Panem
1403 1070 1476 1097 enim
1503 1074 1530 1097 et
1558 1069 1651 1096 vinum
1677 1068 1748 1095 acci-

956 1118 1072 1152 pientes,
1090 1117 1189 1144 virtttte
1214 1117 1333 1151 Spiritus
1363 1116 1449 1144 sancti
1477 1116 1503 1143 in
1529 1123 1626 1150 corpus
1642 1118 1668 1141 et
1685 1122 1748 1142 san-

955 1164 1064 1199 guinem
1091 1163 1305 1196 Dominicum,o
1333 1170 1388 1190 rem
1418 1161 1628 1190 admirabilem!
1659 1166 1748 1188 trans-

957 1213 1072 1242 mutant,
1093 1209 1213 1236 solvendi
1240 1209 1321 1236 etiam
1347 1213 1375 1236 et
1401 1208 1499 1243 ligandi
1528 1212 1652 1243 peccata,
1676 1206 1748 1242 quod

957 1255 1066 1290 quidem
1083 1255 1169 1283 solius
1192 1255 1239 1282 Dei
1258 1260 1300 1283 est
1316 1263 1394 1288 opus,
1414 1255 1464 1290 ipsi
1491 1258 1652 1289 potestatem
1670 1260 1746 1280 acce-

956 1307 1066 1336 perunt.
1094 1301 1146 1329 Sed
1171 1305 1198 1328 et
1221 1301 1345 1328 homines
1373 1308 1420 1335 per
1447 1308 1555 1328 sacrant
1583 1299 1747 1334 baptismum

957 1351 1130 1381 regenerant,
1152 1352 1233 1381 atque
1250 1346 1277 1373 in
1298 1346 1343 1373 Dei
1362 1345 1431 1373 hlios
1453 1346 1574 1379 deosque
1598 1344 1747 1373 secundum

958 1393 1071 1428 gratiam
1089 1393 1250 1424 reformant,
1264 1400 1315 1418 non
1341 1392 1421 1418 aliter
1436 1399 1516 1426 quant
1532 1391 1554 1418 si
1572 1391 1632 1425 quis
1647 1397 1746 1425 equum

958 1439 984 1466 in
999 1444 1122 1466 naturam
1139 1439 1257 1466 hominis
1274 1442 1488 1470 transmutaret;
1515 1437 1570 1464 imo
1584 1444 1647 1464 vero
1664 1436 1747 1463 tuulto

959 1487 1062 1520 majora
1088 1486 1144 1512 haec
1175 1489 1236 1511 sunt
1264 1484 1390 1511 omnibus
1406 1484 1439 1511 iis
1454 1491 1514 1518 qua:
1528 1483 1659 1510 hactenus
1675 1482 1746 1509 dicta

111 1525 287 1558 μετέπλασεν
308 1527 348 1559 είς
374 1527 456 1562 φύσιν
487 1530 644 1564 ἀνθρώπου,
665 1531 768 1566 μᾶλλον
806 1533 835 1559 δὲ
861 1533 904 1560 καί

961 1535 1044 1564 sunt;
1064 1531 1153 1565 majus
1169 1531 1242 1558 enim
1258 1535 1300 1557 est
1321 1537 1418 1564 panem
1441 1534 1468 1557 et
1487 1530 1577 1556 vinum
1601 1529 1627 1555 in
1649 1535 1748 1563 corpus

110 1571 207 1607 πολλῷ
224 1572 312 1607 μείζω
325 1574 413 1602 ταῦτα
427 1574 481 1601 τῶν
496 1576 601 1603 πολλῶν
616 1578 783 1613 εἰρημένων.
799 1579 902 1612 Μεῖζον

109 1618 167 1654 γάρ
184 1619 245 1646 ἐστι
262 1619 292 1646 τὸ
307 1619 352 1646 τὸν
375 1621 460 1656 ἄρτον
485 1622 533 1648 καὶ
558 1620 630 1650 οἶνον
651 1624 690 1655 εὶς
726 1625 807 1659 σῶμα
831 1626 904 1652 θεῖον

109 1665 282 1699 μεταϐαλεῖν
294 1666 341 1693 καὶ
352 1667 497 1703 ἄνθρωπον
518 1668 580 1696 θεὸν
601 1670 673 1698 κατὰ
685 1671 766 1706 χάριν
779 1672 904 1707 ποιῆσαι,

107 1711 124 1746 ἢ
140 1712 261 1746 οὐρανὸν
281 1713 329 1740 καὶ
346 1714 481 1748 ἀγγέλους
493 1715 619 1751 ποιῆσαι.

145 1758 183 1790 ζ’.
200 1759 312 1794 Ταύτην
324 1759 382 1793 οὖν,
395 1761 544 1796 ἀγαπητοὶ,
569 1763 619 1798 τὴν
630 1763 836 1800 δημιουργικὴν
857 1766 905 1792 καὶ

108 1805 240 1832 οεοποιὺν
265 1806 345 1841 χάριν
370 1808 417 1834 καὶ
430 1807 546 1843 δύναμιν
578 1809 625 1836 τοῦ
654 1811 759 1844 ἀγαοοῦ
780 1812 905 1847 Πνεῦμα-

106 1861 155 1884 τος
179 1853 243 1888 ἥτις
270 1853 393 1888 ἐνεργεῖν
421 1854 456 1882 τὰ
492 1855 580 1889 μείζω
608 1856 719 1885 πάντων
747 1859 906 1894 κτισμάτων

106 1899 138 1924 ὲν
154 1898 259 1932 ἀκαρεῖ
272 1898 395 1932 δύναται,
411 1900 425 1926 6
446 1901 547 1936 ἱερεὺς,
559 1897 589 1936 {tit
603 1902 652 1934 τῆς
675 1903 740 1938 περὶ
759 1904 833 1938 ἡμᾶς
858 1905 905 1932 τοῦ

106 1943 183 1970 Θεοῦ
202 1944 292 1977 Λόγου
309 1945 514 1980 φιλανθρωπίας
535 1947 582 1974 καὶ
607 1947 732 1983 δωρεᾶςι
752 1950 907 1986 ἀναμφιϐό-

105 1989 164 2021 λως
192 1989 349 2025 κομίζεται,
363 1991 417 2018 Καὶ
430 1992 484 2027 γὰρ
513 1992 561 2018 καὶ
586 1989 665 2024 οὗτος
692 1993 795 2028 ὁμοίως
823 1995 907 2031 ἄρτον

105 2038 158 2062 καὶ
181 2033 256 2062 οἶνον
275 2036 434 2071 λαμϐάνων,
454 2039 486 2073 τῇ
514 2039 658 2075 ἔνοικούσῃ
685 2040 773 2076 τούτῳ
796 2041 840 2068 διὰ
859 2042 906 2069 τοῦ

105 2081 265 2116 χρίσματος
275 2078 327 2115 τῆς
345 2082 495 2118 ἱερωσύνης
519 2083 579 2119 Θείᾳ.
604 2084 730 2120 δυνάμει,
759 2087 799 2118 είς
828 2087 909 2123 σῶμα

105 2127 157 2153 καὶ
184 2123 256 2160 αἷμα
270 2127 437 2161 μεταϐάλλει
451 2130 620 2156 Δεσποτικόν
636 2139 642 2146 ·
663 2131 759 2166 μεῖζον
780 2132 908 2160 ἐντεῦθεν

106 2173 301 2208 ἐργαζόμενος
335 2174 476 2208 ἓργον,ῶς
508 2175 657 2209 δέδεικται,
682 2177 698 2212 ἢ
719 2177 799 2213 εἴπερ
821 2178 908 2213 ἀγγέ-

106 2220 174 2251 λους
194 2219 244 2245 καὶ
256 2219 391 2254 οὐρανοὺς
420 2220 541 2252 δυνατῶς
569 2218 626 2256 εἶχε
648 2222 837 2258 δημιουργεῖν.
855 2223 910 2249 Καὶ

108 2267 198 2292 πάλιν
213 2265 361 2301 ἄνθρωπον
391 2267 541 2301 λαμϐάνων
566 2267 675 2303 θνητὸν,
692 2269 737 2295 διὰ
764 2268 812 2295 τοῦ
836 2269 909 2296 θείου

109 2311 311 2345 βαπτίσματος
322 2310 390 2344 ἶυίὸν
404 2312 471 2338 Θεοῦ
492 2313 539 2339 καὶ
559 2314 619 2340 θεὸν
633 2314 705 2341 κατὰ
722 2314 804 2349 χάριν
825 2315 910 2350 ἐργά-

106 2357 192 2389 ζεται
205 2365 212 2372 ο
236 2357 331 2392 μεῖζον
348 2357 532 2394 ἐργαζόμενος
554 2359 646 2394 ἔργον,
673 2360 689 2394 ἢ
710 2359 791 2394 εἴπερ
804 2361 910 2395 ἀνεγεί-

107 2412 170 2438 ρειν
186 2403 304 2437 νεκροὺς
316 2402 439 2436 ὲδὺνατο,
461 2404 553 2431 καὶτὰ
577 2405 759 2441 λελωϐημένα
783 2407 831 2433 καὶ
862 2415 912 2433 πε-

105 2449 270 2492 πηρωμενα
294 2448 340 2475 τοῦ
353 2449 482 2484 σώματος
499 2451 567 2486 μέλη
583 2452 648 2485 ὑγιᾶ
663 2452 711 2478 καὶ
733 2451 815 2486 ἄρτια
828 2452 908 2480 καθι-

107 2497 180 2531 στᾷν
204 2496 290 2530 λόγῳ.
306 2496 337 2522 El
358 2496 406 2523 οὖν
422 2496 477 2523 ἔδει
494 2498 614 2533 φανῆναί
637 2506 700 2525 τινα
720 2498 767 2525 ἐπὶ
789 2498 839 2532 τῆς
855 2500 907 2533 γῆς

105 2545 272 2579 ἄνθρωπον,
288 2545 422 2578 ἀγγέλους
431 2545 479 2572 καὶ
493 2545 626 2581 οὐρανοὺς
644 2546 822 2581 δημιουργεῖν
834 2547 906 2581 λόγῳ

104 2591 278 2625 δυνάμενον,
289 2590 338 2616 καὶ
351 2592 466 2626 νεκροὺς
480 2592 634 2627 ἀνεγείρειν
657 2593 703 2619 καὶ
717 2592 817 2619 ἀνίατα
829 2592 903 2627 πάθη

108 2637 222 2667 ἰᾶσθαι,
239 2636 335 2662 ὁποῖον
349 2637 434 2672 ἐχρῆν
452 2637 499 2664 τὸν
520 2638 642 2665 τοιοῦτον
670 2637 741 2666 εἶναι
755 2647 762 2672 ;
777 2639 905 2674 Καθαρὶιν

106 2683 158 2709 καὶ
191 2683 242 2718 τὴν
267 2683 370 2719 ἀρετὴν
397 2684 599 2720 ἁπαράμιλλον,
617 2685 689 2712 ὥστε
711 2686 839 2721 τοιαύτην
856 2684 904 2712 τοῦ

136 2774 160 2789 ⁶¹
175 2773 261 2801 lCor.
271 2773 299 2806 5,
315 2774 343 2806 9,

956 1582 1141 1606 transmutare
1156 1578 1276 1604 divinum
1289 1597 1299 1609 ι
1314 1577 1507 1611 hominemque
1534 1576 1615 1603 deum
1640 1575 1748 1603 ellicere

956 1625 1101 1654 secundum
1115 1625 1242 1660 gratiam,
1256 1631 1338 1659 quam
1350 1623 1449 1651 coelum
1460 1627 1488 1651 ct
1499 1622 1608 1658 angelos
1619 1629 1724 1650 creare.

991 1759 1018 1787 7.
1031 1759 1104 1786 lianc
1126 1757 1217 1792 igitur,
1228 1763 1243 1784 ο
1253 1756 1419 1789 charissimi,
1430 1756 1555 1792 opiﬁcem
1577 1763 1608 1782 ac
1620 1755 1750 1784 deiﬁcari-

957 1809 1010 1832 tem
1028 1803 1114 1832 sancti
1129 1803 1246 1838 Spiritus
1266 1803 1381 1837 gratiam
1393 1806 1419 1829 et
1430 1802 1570 1834 virtutem,
1583 1809 1643 1836 qua:
1653 1801 1680 1828 in
1692 1801 1749 1829 ictu

956 1852 1026 1880 oculi
1038 1858 1133 1879 creare
1148 1856 1253 1885 potest,
1267 1849 1385 1876 maxima
1395 1856 1509 1883 qumque
1520 1853 1707 1876 creaturarum
1721 1848 1749 1884 (ο

958 1906 1078 1927 amorem
1096 1902 1124 1925 et
1150 1896 1355 1925 beneﬁcentiam
1365 1904 1429 1931 erga
1445 1903 1494 1923 nos
1507 1895 1586 1923 Verbi
1599 1895 1643 1922 Dei
1655 1896 1674 1929 l)
1689 1896 1750 1923 sine

957 1944 1039 1972 dubio
1056 1943 1156 1976 accipit
1168 1941 1306 1969 sacerdos.
1323 1940 1389 1968 Nam
1407 1946 1434 1967 ct
1449 1940 1494 1967 ille
1508 1939 1636 1967 similiter
1650 1946 1748 1974 panem

957 1994 984 2018 ct
998 1989 1087 2017 vinum
1104 1988 1240 2022 accipiens
1255 1995 1302 2022 per
1316 1986 1511 2014 inhab'tantem
1525 1986 1552 2012 in
1565 1985 1750 2018 sc,mediante

957 2036 1101 2064 sacerdotii
1120 2034 1257 2066 unctione,
1273 2040 1377 2060 sacram
1398 2033 1525 2059 virtutem
1542 2031 1567 2058 in
1588 2038 1703 2058 carnem
1720 2035 1750 2058 et

958 2079 1117 2115 sanguinem
1128 2083 1277 2106 commutat
1290 2077 1458 2105 Dominicum
1474 2085 1482 2110 ;
1499 2076 1587 2112 majus
1602 2080 1748 2111 propterea

958 2134 1090 2155 exercens
1116 2134 1193 2161 opus,
1215 2133 1296 2160 quam
1321 2125 1344 2152 si
1370 2123 1481 2159 angelos
1502 2128 1530 2150 et
1545 2124 1636 2159 lctulos
1655 2129 1750 2150 creare

960 2177 1062 2209 posset.
1088 2172 1192 2200 Deinde
1215 2171 1356 2199 mortalem
1383 2169 1522 2204 accipiens
1545 2169 1681 2197 hominem
1700 2175 1750 2202 per

925 2204 949 2235 υ
961 2204 1086 2249 sanctum
1097 2217 1325 2252 baptismnm,Dei
1334 2216 1442 2249 Filium,
1454 2215 1591 2252 Deumque
1598 2217 1747 2244 secundant

959 2266 1074 2301 gratiam
1089 2264 1181 2297 cilicii,
1198 2263 1284 2298 majus
1299 2263 1419 2290 emciens
1434 2270 1512 2298 opus,
1530 2271 1611 2298 quam
1627 2263 1649 2289 si
1673 2270 1747 2290 mor-

961 2316 1020 2339 tuos
1033 2311 1188 2343 suscitaret,
1208 2314 1234 2337 et
1256 2309 1345 2336 luxata
1364 2317 1395 2337 ac
1415 2309 1509 2336 mutila
1523 2309 1645 2344 corporis
1662 2316 1748 2336 mem-

959 2358 1007 2385 bra
1037 2356 1148 2384 sanitati
1174 2360 1202 2383 et
1223 2355 1374 2391 integritati
1398 2356 1457 2383 solo
1473 2355 1555 2383 verbo
1581 2356 1749 2383 restitueret.

959 2404 988 2432 Si
1003 2405 1083 2440 igitur
1099 2404 1169 2431 inter
1181 2411 1231 2431 nos
1245 2404 1326 2431 homo
1352 2406 1435 2437 esset,
1452 2404 1497 2438 qui
1513 2403 1625 2438 angelos
1649 2403 1748 2430 caelos—

957 2459 1011 2486 que
1020 2452 1101 2479 verbo
1110 2459 1203 2479 creare
1213 2455 1313 2486 posset,
1323 2451 1455 2478 suscitare
1463 2456 1594 2483 mortuos,
1603 2454 1630 2477 et
1641 2450 1749 2477 incura-

958 2498 1057 2526 bilibus
1074 2497 1177 2525 morbis
1193 2497 1305 2531 mederi,
1322 2497 1429 2532 qualem
1447 2504 1508 2524 cum
1520 2504 1579 2525 esse
1587 2495 1748 2530 oporteret?

955 2553 1036 2581 quam
1046 2552 1142 2580 purum
1150 2547 1176 2571 et
1186 2544 1246 2570 vita:
1255 2544 1389 2578 probitate
1397 2547 1460 2571 ante
1468 2550 1562 2571 omnes
1568 2542 1745 2570 excellentem

954 2599 1050 2626 nempe
1064 2597 1093 2617 ttt
1107 2591 1177 2618 hanc
1189 2591 1236 2618 Dei
1249 2591 1375 2618 virtutem
1401 2594 1484 2624 atque
1505 2588 1650 2624 potentiam
1663 2587 1748 2614 susci-

958 2642 1034 2672 peret
1053 2636 1183 2671 fieretque
1198 2640 1260 2671 post
1276 2636 1359 2664 Deum
1381 2636 1450 2664 alter
1470 2634 1595 2663 creator?
1611 2633 1640 2660 Si
1651 2632 1748 2660 millies

960 2684 1083 2720 profecto
1100 2684 1137 2711 illi
1152 2684 1273 2718 quotidie
1286 2691 1334 2719 pro
1342 2683 1452 2712 Christo
1465 2683 1532 2711 mori
1544 2681 1647 2715 liceret,
1656 2679 1745 2707 adhuc

143 2854 206 2891 (41)
230 2854 356 2881 Γνωοίαί.
387 2853 534 2882 Vaticanus
559 2855 641 2882 habet
661 2855 800 2892 διάφορον.
820 2855 904 2884 Massa

957 2855 1005 2884 isis
1023 2855 1147 2892 διαφέρει
