1982 3073
249 143 304 178 339

250 210 339 232 tamen
371 205 481 233 minime
508 204 619 239 dignum
649 210 718 240 opus
748 205 873 239 iaceret,
890 213 945 240 quo
973 207 1040 234 tanti

248 251 370 281 muneris
390 251 504 285 gratiam
520 256 721 286 compensaret.
739 251 773 280 At
789 253 942 281 sacerdotis
957 260 1037 288 opera

249 300 352 335 majora
369 300 403 328 iis
426 299 523 333 multo;
540 307 572 326 ac
596 299 657 327 sine
675 300 727 327 ulla
744 300 949 335 comparatione
970 307 1040 335 pra:-

248 347 383 374 stantiora
404 352 475 378 esse,
491 350 631 373 ostensum
657 351 710 374 est.
736 346 847 379 Qualem
874 346 956 380 igitur
978 352 1039 373 esse

248 393 343 421 deceat
357 400 420 420 eum
436 392 481 427 qui
507 393 656 421 sacerdotii
674 393 788 428 gratiam
814 393 929 427 accepit,
956 399 1037 426 quam

248 438 370 465 divinum
392 446 425 466 ac
439 445 508 474 pene
523 439 676 472 cmlestem.
694 440 756 467 hinc
772 439 939 474 perpendere
962 439 1037 467 licet.

248 483 349 511 Christi
378 490 454 513 certe
476 492 537 513 esse
555 485 636 513 debet
661 486 878 520 perfectissimus
907 485 1038 518 imitator,

248 529 376 565 illiusque
393 531 420 558 in
446 539 529 558 carne
554 532 636 566 primi
669 532 804 566 pontiﬁcis
835 535 917 566 atque
942 531 1040 558 horum

248 583 390 605 sacrorum
417 578 568 605 sacerdotis
596 582 624 606 et
645 579 792 606 initiatorls
814 578 891 613 sequi
913 577 1038 611 vestigia.

252 621 387 655 Quocirca
409 624 481 651 haud
500 629 605 651 erraret
617 624 726 658 aliquis,
741 632 758 651 ο
780 624 882 656 dilecti.
899 624 922 652 si
938 624 1040 651 diceret

249 668 432 696 sacerdotium
465 676 527 697 esse
557 669 603 697 Dei
630 670 796 698 effectricem
828 670 968 702 virtutem,
997 669 1040 697 vel

249 714 372 749 cliviqu
388 715 529 743 scientiam
547 723 596 751 pro
612 716 664 743 ﬁne
679 716 835 748 habentem.
857 720 885 743 ut
900 716 1039 743 borninem

249 759 349 788 elliciat
375 761 456 788 deum
478 762 627 789 secundum
649 761 774 796 gratiam,
791 761 960 790 conformem
976 769 1040 789 vero

251 805 362 842 imagini
388 805 450 834 Filii
479 808 523 835 Dei
541 809 689 836 secundum
719 813 858 840 naturam,
885 808 965 842 idque
991 815 1040 842 per

250 852 327 887 signa
357 854 481 886 quaedam
499 857 626 889 tanquam
653 861 702 889 per
717 854 911 886 instrumenta,
941 860 1038 888 panem

249 905 315 926 vero
327 902 354 926 et
367 898 458 926 vinum
473 907 543 932 aqua
570 900 744 927 commisth
765 896 791 932 in
809 907 919 934 corpus.
934 903 961 927 et
974 907 1038 926 san-

248 943 358 978 guinem
383 944 553 972 Dominicum
571 949 744 978 transmutet,
767 950 934 979 renatosque
950 944 1039 972 horni-

250 996 298 1017 nes
314 997 362 1025 per
376 991 539 1025 baptismum
558 991 640 1026 capiti
658 991 769 1019 Christo
785 995 815 1018 ut
831 991 949 1019 membra
973 999 1037 1018 con-

248 1035 375 1070 glutinet.
392 1036 483 1069 Quare
497 1045 557 1064 cum
574 1045 653 1064 nemo
672 1039 762 1066 carnis
777 1038 895 1065 vinculis
913 1038 1039 1066 detentus

249 1089 314 1110 vere
337 1082 434 1117 dignus
449 1083 655 1111 administrator
670 1083 767 1111 horum
791 1084 1038 1118 supernaturaliunt

250 1129 440 1163 mysteriorum
469 1129 585 1156 inveniri
614 1129 701 1163 possit
730 1130 851 1164 (etenim
880 1134 908 1157 et
935 1130 1039 1163 angelis

250 1174 316 1209 ipsis
339 1180 367 1201 et
395 1175 582 1202 desiderabilia
619 1175 677 1203 haec
706 1180 768 1203 sunt
792 1180 819 1203 ct
845 1175 1037 1211 formidanda),

250 1220 397 1256 puritatem
410 1221 518 1254 saltem,
529 1229 610 1256 quam
623 1223 765 1256 acquirere
778 1222 934 1250 hominibus
946 1223 1036 1257 datur,

250 1271 440 1300 contemnere,
464 1272 510 1295 aut
534 1268 659 1303 rcjicere,
683 1276 734 1296 nee
753 1275 802 1303 pro
816 1269 919 1296 viribtts
945 1269 1038 1296 conari

251 1312 403 1340 Salvntoris
431 1313 457 1340 in
485 1313 567 1341 terris
599 1314 661 1341 vitae
689 1313 844 1342 institutum
876 1313 1037 1341 imitandum

249 1359 302 1386 sibi
319 1366 481 1394 proponere.
501 1359 527 1387 id
545 1364 618 1387 certe
643 1360 741 1396 ingrati
759 1360 812 1388 erit
830 1360 915 1388 animi
932 1360 1038 1388 divina-

249 1412 366 1440 rumque
396 1413 487 1433 rerum
508 1406 718 1441 contemptoris,
742 1406 856 1441 ideoque
870 1406 1039 1434 intolerabili

249 1451 385 1486 supplicio
400 1452 523 1487 dignum.
541 1453 590 1480 Cui
613 1460 730 1489 namque
744 1455 836 1481 datum
854 1458 896 1481 est
912 1453 1037 1486 multum,

248 1497 362 1524 multum
388 1498 469 1525 etiam
491 1499 615 1534 exigetur
637 1498 671 1526 ab
685 1507 728 1526 eo.
751 1500 789 1526 Ac
804 1504 881 1526 vetus
909 1499 1037 1527 nimirum

248 1542 314 1570 illud
332 1542 507 1571 liebrzeorum
522 1544 704 1572 sacerdotium
732 1545 818 1579 llgura
834 1549 893 1572 erat
908 1549 935 1572 et
950 1545 1038 1580 imago

248 1590 336 1617 nostri
353 1589 436 1624 hujus
459 1590 584 1618 sublimis
600 1595 682 1625 atque
697 1591 836 1623 caelestis;
858 1591 1039 1626 sanguinibus

248 1635 321 1662 enim
349 1640 378 1663 et
404 1637 562 1663 animalium
588 1641 692 1663 tantum
731 1636 914 1664 occisionibus
941 1637 1040 1665 licebat

249 1681 300 1714 illi,
316 1689 368 1708 non
392 1682 500 1713 animae,
525 1682 571 1709 sed
588 1683 711 1717 corporis
734 1683 855 1711 maculas
870 1689 897 1711 et
913 1684 1039 1719 inquina-

250 1731 338 1754 menta
354 1733 478 1761 purgare.
497 1726 533 1755 Ut
555 1728 626 1755 enim
643 1736 697 1756 uno
718 1729 800 1756 verbo
825 1729 925 1763 dicam,
948 1729 1038 1756 omnia

249 1779 310 1806 quae
325 1778 372 1806 per
387 1772 454 1799 illud
478 1772 589 1807 ﬁebant,
606 1773 702 1801 umbra
720 1779 808 1808 erant,
825 1779 856 1802 ut
878 1775 987 1803 divinus
1000 1775 1039 1802 ait

249 1818 397 1852 Apostolus
416 1818 450 1852 ⁵³,
477 1818 798 1853 futurorumbonorum,
829 1820 930 1848 nostris
958 1821 1038 1848 rebus

250 1867 327 1891 tanto
343 1863 467 1897 interior,
484 1870 614 1900 quantum
640 1865 718 1893 abest
743 1873 758 1892 a
782 1866 854 1893 cmlo
875 1870 957 1894 terra.
973 1865 1039 1893 ideo

248 1917 298 1944 pro
326 1910 413 1938 nostri
443 1917 592 1946 eorumque
621 1911 767 1939 sacerdotii
786 1911 955 1946 diversitate,
974 1919 1038 1940 cum

248 1956 406 1984 sacerdotes
422 1956 488 1983 item
503 1956 589 1984 nostri
605 1961 633 1983 et
658 1956 767 1984 illorum
784 1964 831 1991 pro
842 1962 900 1984 rata
914 1958 1039 1992 portione

248 2002 376 2030 differant
388 2003 529 2038 (quantum
541 2008 614 2032 certe
626 2003 660 2031 ab
669 2004 772 2040 angelis
781 2004 906 2032 homines
915 2004 1037 2038 absunt),

249 2054 339 2076 tamen
355 2049 450 2078 Nadab
467 2050 576 2085 quidam
590 2054 618 2078 et
631 2050 717 2078 Abiud
734 2050 792 2084 ﬁlii,
806 2050 933 2084 Aaronis,
947 2058 1040 2078 sacer-

250 2095 394 2129 dotesque,
409 2102 470 2122 cum
482 2095 617 2123 nefarium
636 2096 773 2131 quoddam
789 2104 857 2131 opus
883 2101 1038 2132 perpetras-

250 2146 322 2174 sent,
338 2141 400 2175 igne
427 2141 516 2169 alieno
533 2141 641 2170 adolere
659 2143 722 2170 thus
756 2142 810 2169 Deo
837 2142 968 2177 aggressi,
981 2142 1039 2170 vio-

250 2185 312 2214 late
326 2186 394 2225 legis
408 2195 502 2222 pinnas
517 2188 620 2223 absque
634 2196 709 2216 mora
726 2188 836 2216 luerunt
844 2189 879 2221 ⁸⁸,
896 2189 929 2216 ab
942 2189 1038 2217 eodem

210 2270 212 2273 ν
250 2231 312 2266 igne
339 2232 413 2260 illico
432 2234 583 2268 combusti;
601 2233 700 2269 quibus
718 2241 768 2262 nee
788 2239 865 2269 pater
880 2235 972 2262 Aaron
988 2242 1037 2270 po-

251 2278 302 2306 tuit
323 2279 460 2313 opitulari.
490 2279 560 2313 Quid
591 2287 656 2308 vero
683 2288 752 2316 opus
779 2285 822 2309 est
851 2274 975 2315 plu’ribus
997 2282 1038 2313 ".

250 2326 359 2361 quando
378 2330 405 2354 et
430 2327 487 2362 ipse
514 2327 604 2355 Aaron
624 2335 638 2355 a
668 2328 722 2355 Deo
749 2328 862 2360 electus,
880 2332 907 2355 et
933 2327 1038 2362 primus

251 2373 322 2407 apud
339 2372 399 2400 illos
417 2373 550 2408 pontifex,
563 2374 634 2408 apud
651 2373 735 2401 Deum
749 2381 815 2401 vero
827 2373 966 2401 secundus
978 2377 1039 2408 post

250 2417 381 2454 Moysem,
398 2427 458 2447 cum
475 2420 570 2447 leviter
589 2419 671 2447 Deum
688 2419 860 2451 offendisset,
873 2419 1050 2447 miserabilir

250 2469 292 2492 ter
321 2467 375 2493 vita
402 2467 526 2501 privatus
555 2471 607 2498 est,
634 2473 685 2492 nee
710 2465 794 2494 fratre
809 2465 919 2500 quidem
944 2465 1035 2501 Moyse

250 2511 324 2538 illum
349 2518 365 2539 e
390 2511 525 2547 supplicio
554 2512 672 2539 liberare
689 2512 849 2539 valente"?
875 2511 944 2545 Quid
970 2519 1036 2539 vero

249 2556 347 2586 deinde
364 2557 421 2585 Heli
447 2558 597 2586 sacerdos?
613 2558 688 2585 Licet
709 2558 754 2586 ille
775 2558 862 2586 bonus
877 2558 903 2585 in
918 2565 947 2586 se
964 2563 1038 2586 esset

247 2607 276 2630 et
289 2602 551 2638 irreprehensibilis,
567 2608 677 2639 propter
692 2604 778 2631 solam
797 2611 907 2632 suorum
918 2604 1038 2632 ﬁliorum

248 2648 420 2684 iniquitatem
458 2650 519 2677 diro
564 2651 659 2678 mortis
692 2657 791 2686 genere
817 2651 900 2678 vitam
933 2651 1036 2684 ﬁnivit;

248 2699 330 2730 atque
348 2700 424 2724 certe
441 2696 501 2724 illos
516 2695 606 2724 verbis
631 2704 704 2732 saepe
729 2697 909 2732 corripuerat.
926 2699 1036 2726 tametsi

248 2749 301 2768 non
329 2749 424 2770 severe
448 2748 476 2770 et
490 2743 621 2779 graviter,
641 2747 669 2770 ut
694 2748 861 2778 oportuerat,
877 2744 1034 2779 castigarat.

249 2786 278 2814 Si
308 2788 389 2824 igitur
415 2789 606 2825 delinquentes
629 2789 666 2816 illi
695 2790 742 2824 qui
772 2789 822 2817 sub
847 2789 914 2826 legis
940 2790 1034 2818 umbra

286 2879 308 2896 ⁸³
342 2879 499 2915 601053.“,
520 2881 561 2909 l7.
592 2881 635 2925 “3
652 2881 738 2910 Lavit.
754 2891 780 2915 κ,
798 2883 806 2910 l
821 2890 897 2919 seqq.
937 2881 1052 2910 "Num.

767 145 1016 179 THEOPHANlS
1030 147 1202 178 EPISCOPI
1226 145 1369 177 NlCJ‘INI

1057 209 1077 237 Α
1093 206 1162 234 θεοῦ
1182 205 1301 240 δύναμιν
1324 203 1455 237 δέξασθαι
1474 203 1521 230 καὶ
1541 199 1632 236 ἀξίαν,
1651 202 1699 230 καὶ
1719 202 1878 238 δημιουργὸν

1090 254 1186 289 ἕτερον
1205 252 1276 280 εἶναι
1304 252 1373 286 μετὰ
1387 251 1464 284 Θεὸν,
1489 250 1599 282 πάντως
1619 251 1643 277 εί
1673 250 1803 285 μυριάκις
1821 250 1877 285 ὶνῆν

1091 300 1168 334 αὐτῷ
1196 298 1259 327 καθ’
1285 299 1406 333 ἑκάστην
1438 297 1509 330 ὑπὲρ
1538 296 1660 331 Χριστοῦ
1687 296 1877 331 ἀποθνήσκειν,

1090 349 1142 375 οὐκ
1162 347 1195 374 ἂν
1215 346 1327 378 ἐπάξιον
1369 345 1451 379 ἔργον
1483 344 1524 375 είς
1554 343 1733 370 ἀνταπόδοσιν
1765 343 1813 376 τῆς
1832 343 1879 369 δω-

1093 394 1159 430 ρεᾶς
1183 393 1286 426 ταύτης
1316 392 1475 426 εἰργάσατο,
1509 390 1590 416 Ἀλλά
1610 391 1644 418 τὰ
1668 389 1743 424 παρὰ
1775 389 1820 416 τοῦ
1842 389 1877 415 ἱε-

1093 439 1162 474 ρέως
1178 437 1331 472 τελούμενα
1365 435 1451 472 μείζω
1463 436 1518 463 τῶν
1532 436 1662 463 τοιούτων
1673 435 1764 470 ἔργων
1794 433 1877 468 πολλῷ

1090 485 1139 512 καὶ
1167 484 1329 519 ἀσυγκρίτῳ
1347 483 1386 518 τῷ
1404 484 1498 518 μέτρῳ
1521 482 1658 509 δεδείκται
1673 479 1753 508 εἶναι.
1775 479 1877 506 Ὀποῖον

1090 529 1138 558 οὖν
1159 530 1202 557 δεῖ
1228 531 1276 557 τὸν
1301 529 1351 565 τὴν
1370 530 1452 565 χάριν
1474 529 1524 564 τῆς
1555 528 1707 564 ἱερωσύνης
1738 526 1878 561 δεξάμενον

1090 575 1166 604 θεῖόν
1180 585 1244 603 τινα
1260 576 1308 603 καὶ
1331 576 1462 611 ὑπερφυῆ
1485 572 1568 607 εῐναι,
1600 575 1735 609 πάρεστιν
1760 571 1877 599 ἐντεῦθεν

1091 621 1262 656 λογίζεσθαι,
1286 622 1396 653 πάντως
1413 621 1462 648 τοῦ
1475 621 1596 656 Χριστοῦ
1625 619 1752 655 μιμητὴν
1772 618 1876 656 ἀκριϐέ-

1092 677 1202 701 στατον,
1216 668 1265 695 καὶ
1285 668 1336 703 τῆς
1361 669 1388 694 ὲν
1417 668 1500 704 σαρκὶ
1529 667 1670 699 πολιτείας
1692 666 1799 693 ἐκείνου
1822 665 1878 692 κατ’

1091 715 1167 751 ἴχνος
1189 715 1339 750 ἑπόμενον,
1356 714 1404 741 τοῦ
1416 713 1528 750 πρώτου
1537 713 1693 750 ἀρχιερέως
1711 713 1759 740 καὶ
1775 713 1876 747 ἱερουρι

1091 761 1150 796 γοῦ,
1166 760 1222 788 τῶν
1248 760 1378 787 τοιούτων
1395 761 1443 787 καὶ
1464 760 1644 795 τελετὰρχου.
1663 759 1745 786 Ὅθεν
1774 759 1826 785 οὑκ
1847 757 1877 785 ἀν

1090 815 1134 838 τις
1163 806 1284 841 ἁμάρτοι
1312 805 1362 841 τὴν
1385 804 1549 840 ἱερωσύνην,
1575 803 1727 838 ἀγαπητοὶ,
1754 802 1880 837 δημιουρ-

1091 852 1174 888 γικὴν
1189 852 1275 879 εἰπὼν
1288 851 1406 887 δύναμιν
1418 851 1464 879 τοῦ
1490 850 1571 883 Θεοῦ,
1588 850 1604 886 ἢ
1625 849 1784 884 ἐπιστήμην
1796 848 1879 880 θείαν,

1091 898 1168 930 τέλος
1178 897 1294 933 ἔχουσαν
1311 897 1342 924 τὸ
1359 897 1403 924 διά
1413 905 1495 924 τινων
1514 894 1661 931 συμϐόλων
1679 894 1774 930 ὥσπερ
1800 894 1879 930 ὁργά-

1096 953 1162 977 νων,
1178 944 1240 972 θεδν
1258 945 1310 980 μὲν
1325 944 1398 971 κατὰ
1415 943 1497 980 χάριν
1509 943 1555 970 τὸν
1581 942 1726 978 ἄνθρωπον
1757 941 1880 976 ἀπεργά-

1091 989 1188 1021 ζεσθαι
1213 989 1262 1016 καὶ
1277 990 1442 1025 σύμμορφον
1468 989 1518 1023 τῆς
1535 988 1640 1020 είκὸνος
1659 987 1707 1013 τοῦ
1735 986 1806 1013 κατὰ
1830 986 1880 1020 φύ-

1092 1045 1135 1063 σιν
1152 1036 1217 1063 Υίοῦ
1243 1035 1291 1062 τοῦ
1308 1035 1388 1067 Θεοῦ,
1407 1035 1454 1061 τδν
1472 1034 1495 1062 δ’
1521 1035 1605 1069 ἄρτον
1634 1033 1682 1060 καὶ
1706 1031 1778 1060 οἶνον
1807 1032 1880 1060 ὕδατι

1091 1082 1313 1117 κεκερασμένου,
1330 1082 1370 1113 είς
1383 1081 1463 1116 σῶμα
1481 1081 1528 1108 καὶ
1550 1078 1621 1114 αἷμα
1644 1079 1879 1115 μεταϐάλλεινΔε-

1091 1128 1293 1161 σποτικὸν,καὶ
1315 1128 1379 1159 τοὺς
1402 1127 1638 1162 ἀναγεννηθέντας
1662 1126 1825 1161 ἀνθρώπους
1838 1123 1880 1151 διὰ

1092 1174 1284 1210 βαπτίσματος
1301 1173 1497 1208 προσαρμόσαι
1519 1173 1556 1204 ὼς
1573 1172 1642 1208 μέλη
1672 1173 1705 1208 τῇ
1723 1171 1830 1206 κεφαλῇ
1844 1168 1880 1205 τῷ

1090 1221 1213 1256 Χριστῷ.
1234 1220 1316 1247 Ὅθεν
1331 1220 1449 1254 ἐπείπερ
1462 1219 1550 1250 οὐδεὶς
1564 1219 1619 1255 τῶν
1635 1219 1685 1253 τῆς
1703 1217 1806 1252 σαρκὸς
1839 1216 1881 1243 δε-

1089 1267 1179 1301 σμίων
1202 1266 1240 1298 ὡς
1264 1266 1373 1301 ἀληθῶς
1397 1265 1473 1298 ἄξιος
1500 1265 1643 1300 οἰκονόμος
1671 1264 1726 1291 τῶν
1753 1263 1882 1290 τοιούτων

1090 1313 1239 1349 ὑπερφυῶν
1270 1311 1429 1348 μυστηρίων
1453 1311 1487 1338 ἂν
1513 1311 1659 1347 εὑρεθείη·
1686 1311 1732 1337 καὶ
1757 1311 1812 1345 γὰρ
1833 1311 1881 1336 καὶ

1088 1360 1146 1392 τοῖς
1173 1358 1301 1394 ἀγγέλοις
1327 1359 1421 1390 αὐτοῖς
1448 1357 1606 1392 ἐπιθυμητὰ
1634 1357 1669 1384 τὰ
1693 1356 1807 1384 τοιαῦτα
1833 1356 1880 1383 καὶ

1091 1405 1194 1441 φρικτὰ
1211 1405 1389 1440 καθεστήκει,
1405 1404 1456 1440 τῆς
1471 1403 1537 1438 γοῦν
1561 1403 1743 1439 ἐνδεχομένης
1762 1402 1880 1436 καθαρό-

1088 1460 1170 1487 τητος
1187 1451 1243 1482 τοῖς
1259 1450 1418 1485 ἀνθρώποις
1436 1450 1623 1484 καταφρονεῖν
1642 1457 1673 1475 τε
1693 1449 1742 1476 καὶ
1758 1447 1880 1474 ἀναϐάλ-

1089 1497 1197 1528 λεσθαι,
1211 1496 1259 1522 καὶ
1281 1496 1319 1531 μὴ
1335 1495 1462 1522 σπεύδειν
1476 1496 1526 1530 ὅση
1550 1495 1668 1529 δύναμις
1689 1494 1740 1529 τὴν
1760 1494 1805 1520 ἐπὶ
1830 1493 1882 1527 τῖες

1053 1558 1073 1587 c
1092 1542 1138 1569 τοῦ
1153 1542 1279 1577 Σωτῆρος
1299 1542 1440 1572 πολιτείας
1455 1541 1613 1577 μιμεῖσθαι,
1635 1540 1735 1573 πολλῆς
1750 1540 1882 1587 ἀγνωμοῗ

1091 1588 1173 1623 σύνης
1187 1587 1220 1614 ἂν
1235 1587 1336 1623 εἴηκαὶ
1348 1587 1403 1614 τῶν
1416 1587 1500 1614 Θείων
1510 1587 1756 1623 καταφρονήσεως,
1773 1586 1821 1612 καὶ
1836 1585 1882 1612 διὰ
1921 1606 1923 1609 .

1088 1634 1168 1661 τοῦτο
1181 1634 1322 1666 κολάσεως
1336 1633 1412 1666 ἀξιον
1423 1634 1576 1668 ἀφορήτου.
1594 1629 1629 1668 ᾮ
1644 1633 1698 1668 γὰρ
1709 1632 1787 1667 ἐδόθη
1800 1631 1881 1663 πολὺ,

1089 1680 1159 1708 πολὺ
1192 1681 1241 1707 καὶ
1263 1679 1498 1716 ἀπαιτηθήσεται.
1524 1669 1622 1707 Καίτοι
1638 1679 1723 1715 ἡτῶν
1745 1677 1882 1712 Ἐὄραίων

1090 1726 1174 1754 πάλαι
1203 1726 1340 1762 ἱερωσύνη
1369 1726 1455 1757 τύπος
1494 1726 1603 1762 ὑπῆρχε
1629 1726 1676 1753 καὶ
1694 1726 1812 1759 ίνδαλμα
1831 1724 1882 1758 τῆς

1089 1773 1151 1801 καθ’
1164 1775 1239 1809 ἡμᾶς
1255 1773 1359 1809 ταύτης
1371 1773 1476 1810 ὑψηλῆς
1487 1782 1517 1800 τε
1533 1774 1581 1801 καὶ
1597 1774 1744 1809 οὐρανίουσ
1758 1773 1807 1800 καὶ
1826 1772 1881 1808 γὰρ

1089 1820 1187 1856 αἵμασι
1215 1821 1264 1847 καὶ
1295 1821 1416 1854 σφαγαῖς
1448 1820 1531 1855 μόνον
1568 1820 1646 1852 ζώων
1685 1819 1793 1854 ἀλόγων
1817 1819 1883 1854 ἐξῆν

1088 1867 1174 1903 ταύτῃ
1190 1867 1333 1900 καθαίρειν
1356 1868 1387 1893 οὐ
1410 1867 1461 1902 τῆς
1475 1867 1577 1902 ψυχῆς,
1595 1866 1664 1894 ἀλλὰ
1681 1867 1728 1894 τοῦ
1752 1865 1883 1900 σώματος

1089 1913 1246 1948 μολυσμοὺς
1260 1913 1306 1942 καὶ
1326 1913 1449 1947 κηλῖδας.
1471 1914 1526 1940 Καὶ
1542 1913 1580 1944 ὼς
1595 1913 1661 1941 ἔπος
1679 1913 1776 1944 εἰπεῖν,
1790 1912 1883 1939 πάντα

1089 1959 1123 1986 τά
1133 1958 1285 1994 τελούμενα
1305 1958 1340 1985 δι’
1353 1959 1440 1993 αὐτῆς
1457 1959 1539 1986 σκιὰν
1563 1956 1633 1994 εἶχε,
1645 1959 1717 1986 κατὰ
1739 1958 1785 1984 τὸν
1808 1958 1884 1984 Θεῖον

1095 2005 1269 2038 ’Δπόστολον,
1286 2005 1341 2032 τῶν
1365 2005 1517 2040 μελλόντων
1538 2004 1651 2039 ἀγαθῶν
1674 2004 1805 2032 τοσοῦτον
1827 2003 1885 2030 τῶν

1091 2050 1235 2085 ἡμετέρων
1251 2050 1407 2083 ἐνδέουσαν,
1425 2049 1525 2077 ὁπόσον
1540 2051 1575 2086 γῆ
1593 2050 1663 2085 προς
1690 2051 1736 2091 τδρ
1750 2050 1882 2084 οὐρανόν.

1089 2097 1145 2124 Καὶ
1154 2097 1199 2124 διὰ
1209 2097 1289 2123 τοῦτο
1300 2096 1368 2132 πρὸς
1378 2097 1408 2124 τδ
1416 2096 1544 2132 διάφορον
1553 2098 1602 2132 τῆς
1613 2097 1693 2132 ήμῶν
1703 2105 1732 2123 τε
1743 2096 1885 2123 κάκείνων

1090 2143 1243 2178 ἱερωσύνης
1261 2143 1316 2170 τῶν
1329 2143 1426 2178 ίερέων
1439 2143 1519 2178 ἡμῶν
1533 2151 1564 2169 τε
1583 2144 1723 2169 κάκείνων
1737 2142 1885 2176 ἀναλόγως

1089 2189 1275 2224 διαφερόντων
1296 2189 1381 2224 ἤγουν
1395 2189 1458 2216 ὅσον
1484 2188 1610 2223 ἀγγέλων
1633 2188 1783 2223 ἄνθρωποι,
1805 2188 1886 2222 ὅμως

1053 2231 1076 2260 1)
1091 2235 1185 2263 Ναδάϐ
1199 2244 1242 2266 τις
1255 2235 1303 2262 καὶ
1320 2235 1427 2263 Ἀδιοὺδ
1442 2236 1497 2262 υἱοὶ
1519 2234 1625 2271 ’Λαρὼν
1636 2235 1713 2266 ὄντες
1725 2234 1773 2261 καὶ
1785 2235 1885 2269 ίερεῖς,

1088 2282 1209 2316 ἂθεσμόν
1220 2282 1247 2309 τί
1266 2290 1332 2308 ποτε
1348 2281 1570 2317 διαπεπραχότες
1587 2280 1736 2316 (ἀλλοτρίῳ
1748 2280 1803 2315 γὰρ
1813 2281 1888 2315 πυρὶ

1088 2327 1188 2363 θυμιᾷν
1201 2327 1362 2362 ἐπεχείρουν
1370 2328 1540 2363 παρανόμως
1551 2326 1621 2361 Θεῷ)
1631 2325 1793 2361 παραπόδας
1802 2326 1888 2357 δίκας

1088 2374 1140 2410 τῆς
1165 2374 1340 2410 παρανομίας
1370 2374 1594 2409 είσπράττονται,
1613 2373 1810 2409 παρανάλωμα
1835 2373 1887 2400 τοῦ

1088 2421 1175 2456 πυρὸς
1190 2420 1296 2448 ἐκείνου
1320 2420 1465 2455 γεγονότες
1490 2420 1600 2456 ἀθρόον,
1616 2421 1664 2448 καὶ
1685 2420 1742 2447 οὐδ’
1773 2420 1889 2456 Ἀαρὼν
1914 2431 1917 2433 θ

1087 2467 1191 2503 ἤρκεσε
1207 2467 1275 2501 πρὸς
1304 2467 1444 2502 σωτηρίαν
1472 2467 1566 2498 αὐτοῖς
1592 2467 1606 2493 ὁ
1630 2467 1734 2503 πατήρ.
1757 2465 1843 2493 Ἀλλὰ
1861 2465 1890 2492 τί

1086 2513 1139 2550 χρὴ
1153 2514 1217 2550 περὶ
1230 2513 1334 2541 τούτων
1347 2513 1449 2547 λέγειν,
1461 2514 1530 2540 ὃπου
1543 2522 1574 2548 γε
1590 2514 1639 2541 καὶ
1656 2512 1764 2548 Ἀαρὼν
1788 2512 1890 2544 αὐτὸς,

1087 2559 1102 2586 ὁ
1119 2559 1261 2595 θεόκριτος
1281 2560 1329 2586 καὶ
1354 2559 1463 2594 πρῶτος
1474 2558 1540 2595 παρ’
1548 2559 1662 2590 ἐκείνοις
1678 2558 1827 2594 ἀρχιερεύς
1838 2566 1846 2574 ·
1874 2558 1890 2584 ὁ

1087 2606 1142 2641 γὰρ
1160 2605 1298 2637 Μωῡσέως
1317 2605 1393 2641 παρὰ
1415 2605 1475 2641 Θεῷ
1485 2605 1631 2639 δεύτερος·
1650 2604 1751 2640 μικρόν
1768 2613 1795 2630 τι
1816 2613 1891 2639 προ-

1091 2652 1268 2688 σκεκρουκὼς
1280 2653 1319 2688 τῷ
1337 2652 1396 2688 Θεῷ
1411 2653 1460 2688 τῆς
1472 2652 1545 2687 ζωῆς
1562 2651 1689 2683 ἐλεεινῶς
1704 2651 1891 2687 ἀπορρήγνυ-

1091 2707 1147 2730 ται,
1174 2698 1244 2734 μηδὲ
1273 2699 1397 2731 Μωσέως
1429 2698 1479 2725 τοῦ
1506 2697 1624 2732 ἁδελφοῦ
1648 2697 1813 2731 δυνηθέντος
1845 2696 1891 2730 EE-

1091 2745 1203 2771 ελέσθαι
1231 2744 1327 2772 τοῦτον
1360 2746 1410 2780 τῆς
1427 2745 1564 2780 τιμωρίας
1583 2753 1591 2776 ;
1610 2744 1643 2771 Τί
1661 2744 1690 2771 δὲ
1709 2743 1784 2771 Ἠλεὶ
1814 2743 1891 2775 μετᾶ

1089 2791 1176 2818 ταῦτα
1185 2791 1200 2818 6
1218 2791 1327 2830 ἱερεύς
1343 2790 1432 2819 καίτοι
1453 2790 1514 2818 καθ’
1527 2791 1624 2819 ἑαυτὸν
1635 2791 1739 2826 ἀγαθὸς
1747 2790 1891 2827 ὑπάρχων

1065 2890 1112 2917 xx,
1147 2884 1269 2921 2lsoqq.
1310 2885 1332 2902 "
1350 2884 1359 2912 l
1379 2883 1444 2920 Reg.
1462 2892 1555 2918 xaxtv,
1574 2884 1584 2912 Ι
1601 2890 1679 2919 sc‘l‘l-
