1982 3073
158 137 211 171 819

858 141 1044 177 EPlSTOLA
1065 145 1123 180 ιιι.

1738 153 1788 188 35"

158 196 204 221 καὶ
225 195 370 230 μαντειῶν,
386 192 427 228 οἷς
442 197 503 224 οὐδὲ
521 199 583 229 τοὺς
613 199 760 233 Λογισμοὺς
782 199 850 232 ὅλως
882 202 944 228 ἐπιι

997 205 1143 240 niacasque
1172 207 1370 235 incantationes
1417 214 1448 235 ac
1485 207 1685 242 divinationes,
1723 219 1788 244 quas

159 240 271 268 ϐάλλειν
284 242 420 277 προσήκει
444 242 493 269 καὶ
514 242 564 277 τὴν
581 243 696 279 καρδίαν
711 246 744 280 τῇ
777 246 871 282 μνήμῃ
896 255 946 273 κα-

158 286 370 321 ταῤῥυπαίνεινο
394 287 563 320 Ὀβλέπων
592 290 658 326 γὰρ,
690 290 782 324 φησὶν,
815 292 946 325 γυναῖκα

159 334 235 367 πρὸς
249 333 284 360 τὸ
301 333 488 369 ἐπιθυμῆσαι
499 335 607 369 αὐτὴν,
620 336 679 370 ἤδη
697 337 879 372 ἐμοίχευσεν
892 340 947 366 αὺ-

159 376 215 410 τὴγ
232 380 267 404 ἐν
278 376 315 411 τῇ
327 378 434 412 καρδίᾳ
449 380 556 408 αὐτοῦ.
580 381 653 416 Πρὸς
667 381 780 409 θάνατον
791 382 819 409 δὲ
849 383 946 418 ἀμαρ-

159 421 215 448 τίαι
226 422 334 457 εῑρηται
348 423 382 449 τὰ
397 423 520 457 τοιαῦτα,
540 425 580 451 ὅτι
593 426 640 452 τὸν
656 426 758 453 ἁλόντα
769 428 886 463 τοιούτῳ
894 428 947 455 τινὶ

159 467 242 494 πάθει
256 468 301 494 καὶ
318 468 538 505 πλημμελήματι
565 472 641 506 ἱερέα
666 471 798 500 ἀδύνατόν
825 475 884 501 ὲστι
899 475 947 510 τὴν

160 512 314 548 ἱερωσύνην
327 514 413 547 ἀξίως
425 515 590 551 κεκτῆσθαί,
606 516 658 544 κᾶν
688 518 804 553 νεκροὺς
829 519 948 555 ἀναστή-

162 567 229 587 σειε.
254 560 310 588 Καὶ
327 560 415 588 ταῦτα
431 562 482 597 μὲν
495 564 553 594 τοϊς
571 563 692 598 ἱερεῦσιν
708 564 802 596 ἁπλῶς
821 565 889 593 πᾶσι
900 565 949 592 καὶ

158 606 217 637 τοῖς
235 605 341 638 λοιποτς
356 606 450 639 ἄλλοις
464 608 522 639 τοῖς
535 608 582 635 τοῦ
609 609 684 637 θείου
709 610 876 645 ἠξιωμένοις
901 611 949 646 βή-

161 657 257 685 ματος.
281 652 360 679 Ἐπεὶ
375 653 422 680 καὶ
447 654 554 686 τούτοις
573 655 679 686 σκοπδς
691 656 760 690 πρὸς
775 657 822 683 τδν
845 656 948 684 τέλειον

161 695 267 731 βαθμὸν
281 697 331 731 τῆς
347 697 500 733 ἱερωσύνης
523 700 701 734 ἀναδραμεῖν.
715 701 770 727 Καὶ
800 701 845 729 διὰ
867 701 951 729 τοῦτο

156 742 211 778 χρὴ
234 743 290 774 τοῖς
305 743 463 778 είρημένυις
493 744 588 780 ἱδρῶσι
609 746 657 773 καὶ
686 746 780 778 πόνοις
805 747 950 783 παραπλη-

160 785 227 816 σίως
252 786 310 816 τοῖς
332 787 533 823 πρεσϐυτέροις
557 790 749 825 ἔγκαρτερεῑν,
778 791 826 818 καὶ
843 791 949 824 τούτοις

152 828 274 862 εὐτόνως
298 832 546 867 συναγωνίζεσθαι·
572 835 605 862 02
646 836 703 872 γὰρ
732 837 845 871 καλῶς,
868 839 947 873 φησὶ,

162 875 413 912 διακονήσαντες,
438 880 560 913 βαθμὸν
588 877 709 916 ἑαυτοῖς
737 884 834 911 καλὸν
869 892 948 919 περι·
964 874 984 902 Β

116 935 129 941 κ
160 922 326 956 ποιοῦνται,
344 924 394 951 καί
411 926 534 960 πολλὴν
547 928 722 962 παρῤησΙαν
736 929 771 957 ἐν
783 929 883 957 πίστει
910 930 948 965 τῇ

158 968 195 995 ἐν
208 969 325 1002 Χριστῷ
343 969 458 1004 Ἰησοῦ.
472 972 505 998 Οἰ
518 972 546 999 δὲ
565 973 713 1010 λογισμοὺς
727 975 883 1011 ἀνθρώπων
899 977 947 1004 καὶ

160 1012 257 1048 ψυχῶν
271 1014 478 1051 ἀρρωστήματα
492 1018 560 1052 πρὸς
572 1018 612 1054 τῷ
627 1018 677 1054 τῆς
705 1020 854 1056 ἱερωσύνης
871 1023 948 1058 χαρί-

158 1067 242 1095 σματι
260 1061 424 1096 θεραπεύειν
447 1063 579 1099 λαχόντες
607 1064 684 1092 λύειν
704 1075 734 1093 τε
760 1067 808 1094 καὶ
836 1067 947 1103 δεσμεῖν

158 1104 297 1140 ἁμαρτίας
312 1106 442 1139 ἐξουσίαν
455 1109 597 1145 εἰληφότες
615 1112 690 1146 παρὰ
701 1112 833 1148 Χριστοῦ,
850 1113 891 1141 ἔτι
901 1116 947 1141 καὶ

160 1150 284 1184 πλείονος
301 1153 480 1190 δεηθήσονται
505 1155 553 1191 τῆς
583 1158 715 1193 σπουδῆς,
736 1160 785 1187 καὶ
805 1160 858 1186 τῶν
885 1160 946 1187 κατ’

158 1196 260 1232 ἀρετὴν
287 1198 408 1234 ἱδρώτων
433 1201 481 1227 καὶ
512 1202 611 1235 πόνων,
650 1203 706 1238 ὅσῳ
743 1205 792 1231 καὶ
821 1205 946 1240 μείζονος

158 1241 290 1277 ⁴ΐιξίωνται
304 1245 409 1279 δωρεᾶς
436 1255 465 1274 τε
480 1249 527 1274 καὶ
542 1248 631 1283 δόξης.
648 1251 703 1277 Καὶ
723 1250 767 1278 διὰ
785 1251 865 1279 τοῦτο
880 1253 945 1279 πολ-

159 1289 209 1325 λὴν
230 1290 282 1325 μὲν
299 1291 424 1325 ἐξέτασιν
445 1295 494 1321 καὶ
519 1296 636 1332 μελέτην
659 1297 799 1333 ὀφείλουσι
813 1299 946 1334 διηνεκῶς

157 1337 294 1364 ποιεῖσθαι
309 1339 364 1365 τῶν
389 1339 470 1374 ίερῶν
494 1341 541 1367 καὶ
559 1341 640 1369 οείων
656 1344 786 1379 κανόνων,
803 1345 873 1372 ὥστε
891 1355 945 1382 μη-

159 1380 205 1408 δέν
214 1390 239 1409 τι
251 1383 354 1411 τούτων
366 1384 444 1416 ἐκτὸς
458 1385 562 1422 τολμᾷν
571 1386 800 1425 διαπεπραχέναι,
815 1391 883 1419 ἀλλὰ
892 1380 945 1420 κα-

160 1426 215 1459 οὼς
229 1428 262 1454 ἂν
277 1429 376 1456 ἐκεῖνοι
390 1431 576 1466 διαγορεύοιεν
594 1433 644 1465 τὰς
658 1434 711 1461 τῶν
727 1435 880 1472 ἀνθρώπων
890 1438 944 1473 ψυ-

160 1473 210 1508 χὰς
225 1473 391 1510 θεραπεύειν
412 1477 613 1512 ἐπιμελεῖσθαι.
629 1479 685 1515 Πρὸ
704 1481 732 1507 δὲ
744 1481 847 1509 τούτων
860 1483 943 1518 ἔργά-

160 1527 212 1554 την
223 1520 440 1556 ἀνεπαίσχυντον
454 1521 536 1557 εἴναι,
551 1525 636 1552 τύπον
655 1526 738 1553 καλὸν
765 1527 863 1554 ἑαυτὸν
887 1530 944 1562 τοῖς
958 1543 979 1572 c

161 1566 251 1598 ἄλλοις
269 1568 434 1603 παρέχοντα,
456 1569 624 1602 διδακτικὶν,
657 1572 809 1606 φιλόξενον,
841 1573 944 1601 λυπου-

161 1612 253 1646 μένοις
269 1614 495 1649 παραμυθητικόν
508 1623 514 1629 ·
527 1616 708 1652 ἀντεχόμενον
720 1619 764 1645 ἀεὶ
790 1619 836 1646 τοῦ
863 1621 944 1654 λόγου

158 1657 211 1693 τῆς
222 1659 434 1695 παρακλήσεως,
461 1662 625 1696 πενομένοις
646 1655 847 1699 ’μεταδοτικδη
864 1667 945 1702 εὐθη-

158 1705 299 1738 νουμένοις
322 1705 523 1741 χαλιναγωγὺν,
551 1708 588 1743 μὴ
631 1709 772 1745 πάροινον,
805 1711 944 1749 τουτέστιν

158 1750 303 1786 ὑϐριστὴν,
322 1752 391 1779 κατὰ
415 1752 464 1787 τὴν
475 1753 523 1779 τοῦ
549 1754 621 1781 θείου
644 1755 752 1782 Παύλου
770 1757 942 1791 παραίνεσιν,

159 1795 198 1830 μὴ
214 1794 347 1831 πλήκτην,
365 1796 403 1831 μὴ
426 1797 620 1835 αἰσχροκερδῆ,
638 1800 697 1827 ἀλλ’
730 1802 853 1837 ἐπιεικῆ,
874 1803 946 1838 ἅμα·

157 1848 215 1875 χον,
231 1841 261 1868 ὲν
289 1842 427 1877 πραότητι
450 1843 612 1872 παιδεύοντα
642 1845 706 1879 τοὺς
727 1847 944 1884 ἀντιδιατιθεμέη

157 1895 232 1920 νους,
255 1887 292 1923 μή
307 1896 376 1914 ποτε
389 1888 426 1924 δῷ
440 1889 532 1922 αὐτοῖς
558 1891 573 1917 ό
589 1891 656 1924 Θεὸς
672 1892 821 1927 μετάνοιαν
833 1895 872 1926 είς
887 1895 946 1921 ἐπί-

156 1941 259 1965 γνωσιν
286 1933 428 1969 ἀληθείας,
446 1936 494 1962 καὶ
510 1936 686 1971 ἀνανήψωσιν
701 1938 734 1964 ὲκ
749 1939 801 1973 τῆς
827 1939 874 1966 τοῦ
887 1940 948 1967 διαο·

156 1977 235 2004 ϐόλου
248 1978 373 2012 παγίδος,
382 1979 573 2015 ἐζωγρημένοι
590 1981 637 2008 ὑπ’
651 1982 734 2009 αὑτοῦ
750 1983 790 2015 είς
799 1983 829 2010 τὸ
840 1984 945 2011 ἐκείνου

156 2022 275 2064 θέλημα.
294 2024 387 2052 Ταῦτα
417 2026 508 2053 πάντα
538 2026 689 2060 ποιοῦντες,
721 2028 870 2064 ἀγαπητοὶ,
897 2030 945 2058 καὶ

155 2069 229 2104 ὑμᾶς
239 2062 345 2102 ἷύτοὺς
362 2070 477 2104 σώσετε,
511 2071 560 2099 καὶ
584 2073 648 2105 τοὺς
669 2073 820 2106 ἀκούοντας
857 2075 944 2111 ὑμῶν.

156 2115 344 2151 Προσεύχεσθε
359 2116 387 2142 δὲ
402 2117 449 2143 καὶ
462 2119 527 2148 περὶ
545 2118 637 2152 ἡμῶν,
671 2119 718 2146 ἵνα
734 2120 768 2147 τὰ
796 2121 856 2147 καθ’
871 2122 945 2157 ἡμᾶς

155 2161 194 2192 εἰς
208 2160 355 2195 προκοπὴν
368 2160 415 2187 τοῦ
433 2161 602 2196 Εὑαγγε).ίου
614 2163 662 2189 τοῦ
672 2163 792 2199 Χριστοῦ
807 2168 945 2202 προέρχη-

996 251 1105 284 quidem
1119 259 1170 279 nec
1185 252 1352 287 cogitatione
1363 254 1504 288 complecti
1521 254 1608 287 decet,
1626 259 1674 282 aut
1695 264 1788 283 earum

997 296 1126 324 memoria
1136 305 1183 324 cor
1191 299 1379 333 colnquinare,
1388 300 1488 327 dictum
1501 305 1542 328 est
1553 301 1625 328 enim
1637 311 1642 328 :
1655 301 1707 334 Qui
1718 303 1787 329 vide-

996 339 1032 366 rit
1047 340 1181 367 mulierem
1193 341 1228 368 ad
1238 343 1476 376 concupiscendum
1493 353 1562 377 eam,
1571 345 1630 378 jam
1643 346 1786 372 mmo/mlas

996 390 1035 411 est
1057 394 1114 412 eam
1130 386 1157 413 in
1173 387 1251 414 corde
1274 395 1321 415 suo
1344 389 1377 416 τ’.
1398 388 1430 416 Ει
1459 390 1517 417 haec
1539 391 1647 425 quidem
1672 397 1783 426 peccata

998 431 1136 458 mortifera
1169 433 1273 466 dicunt,
1299 441 1332 460 eo
1356 435 1428 468 quod
1456 436 1627 464 sacerdotem
1663 438 1785 472 ejusmo-

997 477 1023 503 di
1042 477 1133 514 aliquo
1159 479 1253 505 morbo
1268 479 1403 508 delictove
1424 485 1594 516 corruptum,
1620 483 1787 517 impossibile

998 522 1034 550 sit
1057 523 1239 551 sacerdotium
1268 524 1348 558 digne
1363 526 1513 559 possidere,
1542 528 1650 554 etiamsi
1666 533 1787 556 mortuos

997 568 1151 596 suscitaret.
1163 569 1226 596 Haec
1235 577 1298 597 vero
1313 571 1439 598 omnibus
1451 566 1651 606 sacerdotibus,
1666 581 1788 600 conmut-

998 612 1069 639 niter
1088 612 1158 639 dicta
1175 612 1242 645 sint,
1273 615 1434 648 caiterisque
1455 616 1526 647 aliis,
1543 616 1588 651 qui
1605 617 1675 644 sacri
1691 617 1786 645 altaris

996 658 1110 692 gradum
1124 659 1261 686 consecuti
1278 666 1349 688 sunt.
1361 660 1426 687 Nam
1441 665 1469 688 et
1493 661 1552 689 istis
1577 669 1675 696 scopus
1694 667 1735 690 est
1751 664 1785 690 ad

997 704 1150 738 perlectum
1163 706 1309 732 sacerdotii
1322 707 1436 740 gradum
1449 709 1601 742 pervenire.
1613 707 1644 734 Et
1657 710 1715 736 ideo
1727 709 1788 736 illos

998 753 1105 781 oportet
1123 749 1267 776 sudoribus
1289 754 1370 783 atque
1382 750 1522 778 laboribus
1536 758 1612 786 aeque
1627 758 1658 778 ac
1670 752 1786 786 presby-

1000 799 1072 822 teros
1097 801 1159 823 sese
1175 795 1250 827 dare,
1264 800 1291 822 et
1307 803 1359 823 una
1371 804 1433 824 cum
1452 797 1521 832 ipsis
1538 802 1650 824 strenue
1661 802 1765 824 certare
1779 805 1786 824 :

1000 840 1052 873 Qui
1065 841 1134 867 enim
1149 841 1212 868 bene
1233 841 1444 869 ministraverint
1472 842 1539 877 (49),
1560 842 1658 876 inquit,
1675 843 1789 877 gradum

999 883 1095 912 bonum
1117 885 1168 912 sibi
1192 885 1338 920 nequirent,
1354 891 1378 912 et
1404 885 1515 913 multum
1539 886 1668 919 ﬁduciam
1683 887 1709 913 in
1724 887 1787 921 ﬁde,

998 936 1057 963 qua:
1073 933 1109 955 est
1126 928 1153 955 in
1173 928 1279 956 Christo
1293 929 1357 956 Jesu
1367 929 1400 956 ".
1415 929 1519 963 Quibus
1532 938 1595 958 vere
1609 931 1789 965 cogitatimies

999 974 1138 1001 hominum
1163 975 1370 1009 animarumque
1383 976 1491 1003 morbos
1508 977 1650 1003 sacerdotii
1662 977 1733 1005 dono
1747 985 1790 1004 sa-

998 1027 1065 1047 nare
1080 1020 1171 1047 datum
1189 1024 1241 1053 est,
1257 1025 1283 1047 et
1300 1021 1421 1048 solvendi
1440 1025 1560 1056 peccata,
1576 1027 1603 1049 et
1620 1022 1719 1056 ligandi
1736 1031 1787 1058 po-

996 1062 1151 1094 testaterﬂ'a
1162 1065 1271 1094 Christo
1292 1071 1465 1101 acceperunt,
1486 1067 1580 1102 majori
1603 1068 1684 1095 etiam
1706 1076 1788 1096 cona-

998 1117 1027 1140 tu
1055 1121 1087 1141 ac
1117 1114 1210 1144 studio
1248 1113 1418 1149 indigebunt,
1449 1114 1653 1149 majoribusque
1679 1116 1789 1143 virtutis

997 1159 1143 1187 sudoribus
1158 1167 1190 1186 ac
1205 1159 1354 1192 laboribus.
1373 1165 1476 1195 quanto
1490 1161 1587 1195 majori
1602 1162 1673 1189 dono
1689 1166 1716 1189 et
1731 1162 1789 1196 glo-

997 1204 1036 1232 ria
1057 1205 1132 1240 digni
1146 1205 1230 1233 habiti
1244 1210 1318 1233 sunt.
1335 1205 1424 1241 Atque
1442 1206 1503 1233 ideo
1521 1206 1635 1233 multum
1659 1214 1787 1241 perscru-

998 1251 1126 1278 tationem
1142 1258 1173 1278 ac
1192 1251 1396 1279 meditationem
1421 1259 1563 1279 sacrorum
1580 1252 1789 1286 divinorumque

996 1304 1128 1324 canonum
1149 1297 1278 1325 adhibere
1299 1297 1408 1325 assidue
1434 1298 1545 1331 debent,
1562 1303 1590 1325 ut
1604 1299 1671 1326 nihil
1690 1303 1789 1334 praeter

996 1344 1055 1372 illos
1073 1344 1190 1371 audeant
1204 1344 1306 1377 facere,
1324 1345 1372 1372 sed
1385 1344 1462 1379 juxta
1486 1353 1580 1372 eorum
1601 1350 1704 1373 statuta
1728 1345 1788 1373 ani-

995 1390 1047 1417 mis
1072 1389 1213 1417 hominum
1244 1390 1375 1417 curandis
1398 1390 1569 1418 incumbant.
1597 1391 1666 1418 Ante
1695 1392 1786 1419 omnia

995 1444 1059 1464 vero
1074 1436 1226 1471 operarium
1242 1443 1303 1463 esse
1316 1440 1421 1470 oportet
1437 1436 1712 1470 irrepreheusibilem,
1725 1444 1785 1464 sese

995 1480 1054 1509 aliis
1061 1483 1158 1510 bonum
1166 1482 1305 1517 exemplar
1314 1482 1496 1513 exhibentem,
1508 1482 1539 1508 ad
1550 1483 1698 1509 docendum
1708 1489 1788 1517 para-

997 1534 1065 1560 tum,
1081 1528 1253 1564 hospitalem,
1266 1528 1393 1560 amicum.
1413 1527 1560 1556 dolentium
1575 1528 1785 1562 consolatorem,

999 1575 1082 1602 verba
1097 1574 1295 1602 exhortationis
1307 1580 1415 1610 semper
1430 1574 1482 1602 sibi
1498 1575 1670 1606 retinentem,
1688 1581 1788 1610 paupe-

999 1620 1075 1647 ribus
1095 1620 1262 1654 largitorem,
1277 1620 1420 1654 opulentos
1440 1619 1611 1650 innuentem,
1635 1626 1686 1647 non
1712 1619 1788 1647 vino-

999 1666 1114 1698 lenium,
1125 1666 1150 1693 id
1160 1670 1202 1693 est
1211 1665 1341 1701 injurium
1354 1665 1420 1701 (50),
1428 1664 1504 1699 juxta
1514 1665 1568 1692 divi
1578 1659 1653 1692 Pauli
1665 1665 1787 1693 adhorta-

1000 1714 1100 1740 tionem
1113 1712 1145 1746 ⁷⁸,
1164 1719 1217 1739 non
1234 1719 1436 1747 percussorem,
1455 1719 1508 1739 non
1526 1711 1612 1746 turpis
1628 1711 1696 1739 lucri
1710 1711 1788 1747 cupi-

999 1759 1074 1790 dum,
1097 1759 1144 1786 sed
1161 1758 1265 1790 mitem,
1289 1758 1349 1786 sine
1362 1758 1542 1786 contentione
1569 1764 1631 1784 cum
1655 1758 1786 1785 modestia

998 1804 1190 1839 corripientem
1216 1811 1263 1831 eos
1280 1804 1326 1838 qui
1348 1804 1480 1832 resistunt
1495 1805 1616 1837 veritati.
1631 1812 1666 1832 ne
1679 1805 1787 1839 quando

999 1851 1071 1878 Deus
1084 1851 1130 1877 det
1152 1849 1207 1877 illis
1219 1849 1409 1884 paenitentiam
1426 1850 1482 1885 (5i)
1513 1851 1546 1877 ad
1569 1850 1786 1885 cognoscendam

998 1897 1154 1929 veritatem,
1166 1900 1194 1923 et
1224 1896 1387 1931 resipiscant
1411 1903 1426 1923 ο
1447 1896 1549 1924 diaboli
1566 1896 1682 1931 laqueis,
1702 1904 1716 1922 a
1732 1904 1786 1930 quo

999 1943 1099 1977 captivi
1115 1946 1242 1970 tenentur
1264 1943 1298 1970 ad
1318 1942 1403 1977 ipsius
1416 1942 1595 1970 voluntatem.
1615 1942 1679 1970 Haec
1695 1943 1786 1970 omnia

999 1989 1142 2022 facientes,
1159 1996 1175 2015 ο
1188 1988 1293 2021 dilecti,
1315 1993 1343 2015 et
1358 1995 1407 2016 vos
1423 1987 1497 2023 ipsos
1523 1988 1676 2020 salvabitis,
1698 1992 1725 2015 et
1739 1995 1787 2015 eos

998 2035 1044 2070 qui
1065 2042 1111 2062 vos
1126 2034 1250 2062 audiunt.
1266 2034 1349 2062 Orate
1379 2039 1470 2062 autem
1486 2038 1514 2062 et
1539 2041 1588 2068 pro
1604 2033 1682 2061 nobis
1692 2033 1785 2065 etiam,

998 2081 1068 2109 utin
1098 2081 1156 2109 dies
1189 2088 1232 2109 res
1255 2086 1354 2110 nostra!
1369 2081 1402 2108 ad
1426 2081 1622 2108 incrementum
1647 2079 1794 2115 Evangelii‘

997 2126 1098 2155 Christi
1126 2127 1196 2154 bene
1228 2127 1387 2162 procedant,
1414 2131 1497 2161 utque
1519 2127 1643 2161 expedite
1670 2133 1716 2161 per
1739 2133 1787 2161 pa—

1000 2173 1126 2200 tientiam
1143 2174 1310 2208 propositum
1327 2173 1408 2200 nobis
1419 2179 1617 2207 percurramus
1633 2176 1784 2206 certamen,

154 2213 200 2233 ται
219 2206 281 2233 καθ’
294 2207 426 2243 ἑκάστην,
452 2210 501 2234 καὶ
526 2208 601 2240 ὅπως
618 2209 760 2242 εὐσταλῶς
790 2211 825 2237 δι’
841 2211 944 2247 ὑπομο-

999 2221 1176 2256 inspicientes
1195 2220 1221 2247 in
1242 2219 1302 2247 ﬁdei
1318 2224 1458 2247 auclorem
1487 2224 1515 2247 et
1538 2222 1784 2247 consummatorem

154 2253 204 2288 νῆς
230 2253 374 2289 τρὶχωμεν
385 2255 431 2281 τὸν
455 2255 637 2291 προκείμενον
651 2257 718 2292 ήμῖν
746 2257 850 2292 ἀγῶνα,
878 2259 946 2294 ἀφο-

157 2300 260 2334 ρῶντες
276 2300 316 2331 εἰς
335 2299 381 2327 τδν
394 2301 443 2336 τῆς
458 2302 578 2332 πίστεως
591 2302 716 2338 ἀρχηγὸν
740 2305 786 2330 καὶ
800 2305 946 2341 τελειωτὴν
959 2307 965 2320 '

155 2344 263 2380 Ἰησοῦν
278 2345 409 2380 Χριστὸν,
427 2346 465 2379 ὡς
478 2347 511 2374 ἂν
528 2348 576 2374 καὶ
592 2349 720 2384 ποιμένες
748 2350 795 2377 καὶ
817 2351 944 2387 ποίμνιον

138 2390 206 2433 ιτῆς
223 2391 254 2417 ὲν
272 2392 434 2426 παραδείσῳ
465 2393 587 2428 μάνδρας
611 2393 800 2430 ἀξιωθείημεν
820 2397 849 2423 ὲν
868 2398 944 2433 αὐτῷ

95 2438 97 2442 “
139 2431 267 2473 ,Χριστῷ
279 2436 319 2473 τῷ
334 2437 429 2474 Κυρίῳ
445 2438 534 2474 ἡμῶν,
546 2436 567 2474 ᾧ
583 2441 599 2474 ὴ
609 2440 672 2473 δόξα
687 2441 735 2468 καὶ
750 2442 780 2468 τὸ
792 2442 892 2477 κράτος
904 2431 944 2476 ei;

158 2483 216 2515 τοὺς
233 2484 336 2517 ultima;
350 2486 404 2514 τῶν
417 2487 535 2516 αἰώνων.
563 2489 660 2524 ⁷Δμήν.

995 2266 1087 2295 .lesum
1113 2265 1264 2299 Christum,
1298 2271 1326 2292 ut
1349 2271 1377 2293 et
1406 2270 1533 2301 pastores
1555 2270 1583 2293 et
1606 2265 1676 2292 ovile
1705 2263 1785 2299 sinul

996 2313 1100 2341 caelesti
1115 2312 1258 2340 mansione
1273 2311 1345 2346 digni
1371 2311 1468 2344 simus,
1484 2312 1511 2339 in
1535 2312 1593 2346 ipso
1606 2311 1716 2339 Christo
1731 2310 1786 2337 Do-

997 2359 1073 2386 mino
1094 2363 1200 2392 nostro,
1230 2358 1272 2385 cui
1295 2357 1379 2393 gloria
1401 2361 1428 2385 et
1446 2357 1604 2392 imperium,
1629 2357 1655 2384 in
1686 2355 1785 2384 sa~cu|s

998 2404 1170 2432 saeculorum.
1186 2405 1285 2433 Amen.

191 2575 213 2591 "
229 2575 325 2603 Matth.
347 2583 374 2608 ν,
389 2576 436 2604 28.
474 2576 500 2594 "
511 2577 522 2605 Ι
535 2577 607 2606 Tim.
627 2579 730 2613 "1,15.
771 2580 794 2596 ⁷⁸
808 2579 817 2608 1
831 2580 903 2608 Tim.
920 2589 946 2608 ιιι

997 2602 1000 2613 ,
1023 2580 1089 2614 4;ΙΙ
1104 2580 1177 2609 Tim.
1194 2589 1224 2615 ιι,
1238 2581 1285 2610 25.

193 2642 248 2677 (49)
265 2642 318 2675 Qui
341 2644 404 2672 bene
429 2646 685 2676 administraverint.
714 2647 817 2678 Alludit
837 2651 870 2677 ad
886 2650 944 2678 dia-

154 2685 248 2713 conos.
264 2685 335 2712 quos
357 2680 425 2708 bene
442 2682 596 2710 ministrare
613 2685 728 2712 nominis
751 2685 792 2712 sui
810 2693 944 2713 memores

154 2711 308 2756 ςδιᾳκονέιυ,
331 2715 465 2756 ministro)
498 2723 614 2756 oportet.
633 2711 734 2756 Eadem
753 2711 943 2756 ὲιιιδὲιιὶόιόάιὶἐ

155 2750 260 2790 Latione
273 2750 430 2790 canon._37
444 2750 566 2790 c_oncil_ii_
581 2760 607 2780 tv
632 2750 865 2788 Carthaginiensis,
880 2750 943 2783 θῖιν

155 2782 277 2825 Τοίειξιιἒ
293 2783 338 2825 ἵξθ.
347 2785 425 2825 jubet
438 2787 478 2825 eis
502 2787 641 2825 ministros
651 2796 680 2816 se
691 2782 760 2822 esse,
785 2782 941 2825 agnoscere.

190 2817 247 2860 (59)
264 2818 408 2860 Iniurium.
439 2821 499 2850 Non
515 2824 551 2860 ita
574 2823 652 2851 facile
675 2817 839 2860 inveniasuin
860 2817 943 2860 capo?

156 2854 284 2894 moribus
294 2854 369 2884 Pauli
384 2863 479 2885 vocem
494 2858 633 2887 πάροινον.
655 2859 829 2889 iniuriosum.
843 2854 940 2890 contu-

993 2649 1147 2685 meliosum,
1158 2650 1216 2678 sive
1231 2649 1436 2678 convitiatorem
1455 2651 1541 2685 reddi;
1558 2655 1585 2678 at
1610 2657 1661 2677 non
1675 2649 1788 2685 quidem

994 2684 1187 2719 Theophanes,
1207 2686 1244 2712 uti
1261 2687 1349 2713 sentio
1372 2686 1426 2713 ἀπὸ
1443 2686 1490 2713 τοῦ
1506 2686 1622 2718 σκόπου,
1649 2693 1710 2712 nam
1729 2684 1787 2712 vini

994 2720 1016 2781 is
1031 2727 1090 2781 edsse
1107 2721 1177 2748 solet
1196 2719 1319 2754 effectus,
1330 2725 1359 2748 ut
1378 2722 1410 2749 ad
1427 2721 1516 2757 jurgia
1530 2720 1571 2747 vel
1586 2722 1702 2748 inermes
1718 2727 1784 2755 prce

1007 2762 1036 2781 I'IJ
1057 2763 1070 2781 3
1086 2775 1093 2781 .

993 2758 1093 2782 trudat.

1029 2789 1085 2824 (51)
1104 2789 1302 2817 Paenitentiam.
1318 2789 1430 2818 Mutilus
1441 2794 1468 2818 et
1484 2790 1648 2824 depravatus
1664 2789 1790 2818 habetur

996 2825 1041 2852 hic
1053 2824 1128 2860 locus
1138 2825 1165 2852 in
1177 2831 1293 2860 utroque
1304 2826 1465 2860 exemplari.
1492 2825 1545 2852 Sed
1556 2833 1616 2852 cum
1631 2827 1715 2857 verba
1727 2827 1787 2854 sint

994 2859 1126 2893 Apostoli,
1144 2867 1222 2889 exeo
1244 2859 1427 2894 Supplcvimus
1447 2865 1472 2889 ct
1493 2860 1711 2889 cmendavimus.
