1982 3073
259 112 312 144 363
721 114 724 119 ’
853 116 1038 147 NICOLAUS
1055 117 1270 148 CABASHAS.
1825 124 1872 154 3M

575 190 1106 197 _——_—________‘_,

564 280 571 286 ’
599 283 986 361 NICOLAI
1036 285 1520 363 UABASlLfE

470 426 559 482 DE
603 427 855 485 DIVINO
886 429 1188 486 ALTARIS
1228 429 1652 489 SACRIFICIO.

786 542 917 572 (Gentiano
932 542 1041 567 Herveto
1056 542 1159 568 Aurelio
1175 543 1334 575 interprete.)

1603 207 1865 215 Ἦ

646 697 720 741 AD
757 698 985 743 LECTOR
998 699 1076 742 ΕΜ
1113 699 1480 746 ADMONITIO.

291 877 329 904 Ex
349 878 473 912 plurimis
496 878 528 905 de
549 878 679 912 religione
703 883 794 906 nostra
820 878 1024 910 controversiis,
1043 885 1102 912 quae
1125 885 1139 904 a
1164 879 1352 906 encodaemone
1390 880 1497 914 capitali
1524 880 1633 908 humani
1663 882 1769 916 generis
1792 883 1866 909 brute

256 922 359 948 nostris
383 921 551 954 temporibus
564 921 689 948 excitatae
705 925 779 952 sunt,
798 920 869 948 nulla
893 921 989 955 major,
1013 922 1085 948 nulla
1098 922 1263 950 Christiana;
1279 923 1431 957 reipublicae
1447 924 1625 959 perniciosior
1640 932 1701 952 esse
1715 926 1820 952 videtur
1835 934 1864 953 ea

255 973 314 998 quae
330 966 356 991 in
372 965 405 992 iis
420 973 480 1000 quae
496 965 529 992 ad
545 965 712 992 sanctissimi
730 965 834 992 Domini
849 965 935 992 nostri
952 965 1074 999 corporis
1087 970 1112 992 et
1126 965 1263 1000 sanguinis
1285 966 1441 1001 mysterium
1467 968 1611 1001 pertinent,
1639 975 1653 994 a
1682 969 1863 1003 receptissima

254 1008 374 1035 omnium
393 1008 509 1035 ﬁdelium
526 1008 701 1042 persuasione
713 1008 800 1035 aliena
820 1008 933 1035 invehit.
945 1008 1011 1035 Cum
1027 1009 1098 1036 enim
1111 1009 1246 1043 praecipua
1259 1013 1339 1043 atque
1352 1010 1419 1037 adeo
1435 1014 1489 1037 tota
1505 1011 1600 1038 salutis
1615 1018 1712 1038 nostra:
1723 1020 1794 1045 spes,
1807 1021 1864 1046 quze

254 1056 283 1078 ut
298 1057 338 1079 est
353 1051 518 1083 certissima,
534 1051 572 1078 ita
590 1051 724 1078 neruinem
740 1051 892 1082 confundit,
905 1059 937 1078 ex
951 1051 1003 1079 hoc
1020 1052 1145 1086 pendeat,
1162 1052 1184 1078 si
1199 1056 1224 1079 et
1240 1052 1341 1079 Christi
1358 1054 1478 1087 corpori,
1495 1058 1621 1088 tanquam
1639 1055 1757 1082 membra
1773 1056 1862 1090 capiti,

253 1095 379 1122 uniamur
394 1100 420 1121 et
449 1095 615 1122 uberrimum
643 1096 688 1130 qui
705 1103 736 1122 ex
755 1095 812 1130 ejus
834 1095 960 1129 passione
980 1095 1136 1130 percipitur,
1153 1095 1270 1123 fructum
1290 1095 1478 1130 decerpamus;
1493 1098 1538 1131 qui
1559 1097 1681 1125 alterutri
1696 1099 1796 1132 aliquid
1819 1099 1864 1126 de-

253 1139 344 1171 trahit,
363 1143 408 1165 aut
420 1139 452 1166 de
465 1147 497 1166 eo
512 1139 582 1166 male
599 1139 691 1170 sentit,
707 1145 733 1165 ut
752 1146 856 1166 summo
882 1139 988 1165 crimini
1008 1143 1050 1166 est
1079 1138 1164 1165 allinis
1176 1157 1184 1170 ,
1209 1139 1245 1165 ila
1269 1139 1353 1165 etiam
1371 1139 1453 1166 exitio
1472 1140 1507 1166 sit
1523 1142 1676 1174 proximus,
1692 1142 1741 1168 nisi
1764 1143 1862 1176 resipi-

251 1188 320 1215 scat,
344 1189 456 1209 necesse
470 1186 522 1209 est.
539 1183 627 1216 Atque
647 1189 740 1209 eorum
756 1182 864 1216 quidem
884 1182 928 1217 qui
946 1182 1083 1209 hodiernis
1109 1182 1274 1216 temporibus
1297 1190 1311 1209 a
1338 1187 1467 1217 perpetuo
1489 1188 1516 1210 et
1543 1185 1622 1211 uttieo
1647 1184 1774 1212 Ecclesiae
1796 1193 1861 1213 eon-

250 1233 330 1253 sensu
355 1233 384 1252 se
405 1226 593 1260 sejunxerunt,
618 1226 650 1252 de
669 1226 719 1252 hac
740 1233 768 1252 re
783 1226 924 1252 sententize
939 1226 964 1252 in
990 1225 1056 1253 duas
1077 1234 1106 1254 se
1132 1231 1222 1261 partes
1260 1227 1420 1255 diviserunt.
1446 1228 1683 1263 (Eeolampadiani
1703 1230 1787 1263 enim,
1817 1238 1862 1257 seu

250 1269 416 1304 Z‘uingliani,
430 1274 487 1302 aut,
499 1273 530 1296 ut
542 1270 620 1304 vulgo
632 1276 680 1304 per
702 1269 869 1303 antiphrasin
882 1270 1018 1302 dicuntur,
1032 1270 1254 1303 Sacramentarii,
1265 1272 1335 1305 quod
1353 1277 1582 1299 sacramentorum
1594 1273 1717 1307 dignitati
1732 1279 1863 1307 quantum

252 1319 364 1347 possunt
381 1313 535 1346 detrahunt,
554 1313 636 1347 idque
657 1314 708 1340 sibi
727 1313 798 1340 laudi
824 1320 884 1340 esse
901 1314 1012 1346 ducunt,
1034 1313 1064 1346 ii,
1086 1316 1207 1350 inquam,
1222 1315 1457 1350 ()Ecolampadiani
1476 1321 1595 1343 veterem
1613 1316 1765 1351 Bercngarii
1787 1325 1862 1344 erro-

251 1365 307 1385 rem
326 1362 497 1390 revocantes,
510 1358 536 1384 in
548 1357 727 1385 Eucharistian
745 1363 916 1384 sacramento
931 1365 989 1385 esse
1005 1362 1109 1385 tantum
1126 1361 1248 1393 corporis
1265 1364 1292 1386 et
1305 1359 1445 1392 sanguinis
1461 1360 1578 1392 signum,
1595 1368 1647 1387 non
1664 1366 1751 1388 autem
1769 1369 1860 1386 verum

249 1409 349 1436 corpus
364 1406 391 1428 et
406 1402 563 1436 sanguinem
580 1406 704 1429 asserunt
724 1408 731 1426 :
754 1401 828 1435 quod
847 1406 935 1428 autem
952 1401 998 1427 ﬁat
1012 1401 1095 1429 ullum
1112 1403 1137 1429 in
1157 1403 1235 1429 altari
1258 1403 1431 1435 sacriﬁcium,
1451 1403 1526 1429 nullo
1546 1406 1623 1430 modo
1639 1404 1792 1430 admittunt.
1811 1403 1862 1430 [.u-

251 1445 357 1472 therani
375 1451 476 1478 autem,
495 1454 557 1474 cum
575 1447 600 1473 in
619 1446 672 1473 hoc
688 1452 749 1472 cum
767 1445 925 1472 orlbodoxis
940 1445 1068 1478 sentiant,
1087 1446 1156 1480 quod
1174 1446 1199 1472 in
1216 1447 1268 1473 hoc
1284 1451 1454 1474 sacramento
1475 1447 1510 1474 sit
1533 1454 1627 1474 verum
1652 1455 1749 1481 corpus
1763 1452 1789 1474 et
1802 1455 1862 1474 san-

249 1491 307 1526 guis
326 1490 438 1522 Christi,
462 1494 488 1517 et
509 1491 581 1524 quod
605 1489 631 1516 in
655 1489 734 1515 altari
761 1493 905 1523 peragatur
920 1489 1094 1521 sacriﬁcium,
1110 1489 1136 1516 in
1152 1497 1184 1516 eo
1199 1497 1293 1517 rursus
1308 1494 1374 1522 toto,
1395 1494 1423 1516 ut
1436 1491 1521 1523 aiunt,
1541 1491 1610 1517 ccelo
1625 1491 1762 1524 aberrant,
1781 1492 1852 1526 quod

249 1543 347 1569 panem
366 1540 394 1561 et
410 1535 499 1561 vinum
516 1535 596 1562 simul
616 1542 676 1561 cum
694 1533 794 1561 Christi
811 1540 925 1566 corpore
945 1539 1086 1560 remanere
1102 1532 1274 1566 existimant;
1294 1539 1353 1560 cum
1372 1537 1496 1565 constet,
1516 1539 1581 1568 post
1608 1539 1860 1566 cutmeratnun-m,

248 1586 308 1612 qua:
324 1586 419 1611 panem
436 1583 462 1604 et
478 1578 570 1604 vinum
588 1577 613 1603 in
629 1585 727 1609 corpus
745 1581 773 1603 et
798 1577 955 1610 sanguinem
975 1575 1118 1607 convertit,
1142 1575 1323 1610 symbolorum
1339 1583 1385 1603 seu
1401 1576 1539 1610 signoruni
1554 1577 1626 1603 solas
1643 1585 1785 1605 remanere
1799 1586 1862 1612 spe-

249 1622 316 1653 cies,
334 1627 464 1647 conversa
481 1621 538 1654 jam
554 1625 581 1647 et
596 1625 697 1647 mutata
714 1627 808 1647 eorum
823 1619 984 1646 substantia.
1002 1619 1102 1645 Deinde
1119 1620 1190 1653 quod
1209 1619 1296 1646 solum
1313 1619 1400 1646 laudis
1413 1624 1440 1646 et
1455 1620 1601 1653 gratiarum
1619 1621 1733 1647 actionis
1755 1623 1862 1648 sacrifi-

249 1665 321 1690 cium
341 1670 400 1690 esse
417 1667 525 1696 putant,
543 1671 603 1689 eum
621 1668 717 1695 praeter
731 1663 837 1689 laudem
855 1667 881 1689 et
900 1662 1048 1696 gratiarum
1066 1663 1212 1695 actionem,
1229 1663 1265 1689 sit
1281 1665 1361 1690 etiam
1380 1671 1471 1690 verum
1485 1668 1513 1690 et
1531 1664 1711 1697 expiatorium
1730 1673 1778 1699 pro
1795 1673 1861 1700 pec-

250 1709 320 1735 catis
337 1707 512 1734 sacriﬁcium.
527 1707 637 1734 Accedit
650 1707 694 1738 iis,
710 1707 780 1740 quod
798 1714 847 1734 nec
863 1711 1019 1733 sanctorum
1037 1705 1064 1732 in
1079 1713 1110 1732 eo
1128 1707 1285 1733 memoriam
1297 1707 1364 1738 ﬁeri,
1380 1714 1428 1733 nec
1447 1714 1495 1738 pro
1503 1707 1635 1734 defunctis
1649 1710 1731 1740 orari,
1748 1717 1797 1734 nec
1813 1717 1862 1743 pro

250 1751 305 1778 ullo
323 1750 432 1777 homine
456 1750 583 1785 privatim
599 1756 694 1784 preces
708 1750 734 1776 in
750 1756 783 1776 eo
798 1749 873 1776 fundi
890 1749 972 1776 velint
987 1758 993 1776 :
1009 1753 1036 1776 et
1058 1749 1118 1776 idco
1140 1750 1339 1776 sanctissimum
1376 1749 1464 1777 Missa:
1496 1758 1638 1782 canonem,
1656 1757 1784 1785 tanquam
1804 1760 1860 1779 rens

249 1793 357 1827 impiam
374 1797 400 1820 et
419 1794 615 1820 exsecranda“)
631 1793 816 1824 detestantur,
832 1792 902 1826 qttod
917 1791 1047 1820 efferendi
1071 1793 1202 1821 vocabulo
1216 1798 1317 1826 utatur,
1333 1799 1489 1821 sanctorum
1513 1796 1539 1820 in
1558 1802 1589 1821 eo
1606 1797 1734 1822 memoria
1753 1801 1860 1830 agatur,

249 1844 298 1871 pro
314 1837 449 1864 defunctis
469 1841 498 1864 et
514 1836 658 1870 separatim
678 1843 726 1869 pro
741 1835 811 1864 vivis
828 1835 972 1868 aliquibus,
989 1840 1017 1862 et
1032 1836 1066 1863 iis
1084 1837 1201 1864 maxime
1221 1844 1268 1870 pro
1283 1838 1382 1871 quibus
1395 1838 1467 1864 orari
1483 1837 1557 1871 jubet
1574 1837 1682 1869 Paulus,
1699 1846 1802 1865 utetur.
1819 1840 1860 1865 A-t

248 1888 341 1908 eorum
359 1886 448 1908 autem
462 1879 641 1907 confutandos
660 1886 766 1906 errores
797 1879 842 1905 alii
858 1879 909 1906 alia
925 1899 932 1910 ,
951 1884 978 1906 ut
995 1880 1140 1914 unicuique
1162 1888 1255 1907 eorum
1272 1881 1357 1915 magis
1371 1881 1499 1915 expedire
1512 1882 1598 1908 visum
1615 1887 1665 1912 est,
1679 1883 1720 1908 via
1745 1883 1859 1917 ingreSsi

248 1929 311 1952 stitit
326 1931 333 1950 :
352 1924 396 1950 alii
415 1924 486 1950 enim
504 1923 643 1956 productis
659 1929 743 1950 sacrae
760 1921 907 1956 Scriptura:
929 1923 1101 1955 testimoniis,
1116 1924 1160 1950 alii
1175 1923 1327 1951 efﬁcacibus
1349 1925 1515 1958 argumentis
1532 1925 1678 1958 solidisque
1698 1926 1859 1958 rationibus,

248 1969 293 1995 alii
310 1966 564 2002 antiquissimorum
583 1974 690 2001 quoque
707 1970 734 1994 et
752 1966 1005 2000 probatissimorum
1022 1967 1161 1994 doctorum
1177 1968 1384 1994 auctoritatibus
1399 1969 1527 1994 advorsus
1543 1976 1590 1994 eos
1601 1969 1785 1995 det-crtarunt.
1804 1970 1861 1995 illa-

248 2013 321 2039 xima
342 2016 416 2038 certe
432 2010 511 2037 laude
523 2018 619 2038 omnes
633 2010 705 2044 digni
726 2014 798 2042 sunt,
815 2010 859 2043 qui
877 2011 977 2037 nostris
991 2010 1154 2037 adversariis
1169 2011 1273 2046 (quidni
1296 2012 1366 2037 enim
1391 2011 1560 2038 adversarios
1576 2019 1681 2044 vocem,
1699 2013 1742 2045 qui
1764 2012 1862 2045 cujus-

249 2055 434 2087 modicunquo
459 2054 514 2080 sint
527 2060 620 2080 eorum
636 2054 857 2088 protestationes,
876 2061 923 2080 sua
939 2059 1012 2081 certe
1028 2054 1121 2080 relicta
1137 2054 1253 2081 statione
1272 2055 1411 2082 nobiscum
1428 2055 1543 2089 amplius
1559 2063 1611 2082 non
1630 2057 1731 2089 Statil?)
1749 2064 1792 2090 qui
1809 2065 1862 2082 no-

247 2100 321 2130 stris,
336 2100 456 2132 inquam,
470 2097 632 2125 adversariis
647 2097 836 2129 ostenderunt,
852 2104 881 2124 se
895 2105 948 2124 non
964 2097 1042 2124 modo
1056 2098 1095 2125 eis
1115 2098 1168 2124 ulla
1184 2106 1215 2125 ex
1231 2104 1306 2133 parte
1320 2099 1426 2130 cedere,
1445 2100 1491 2126 sed
1509 2100 1619 2126 veritate
1633 2104 1658 2125 et
1678 2102 1782 2127 ratione
1797 2108 1861 2127 esse

247 2144 287 2169 eis
304 2142 385 2169 etiam
404 2142 481 2176 longe
498 2140 663 2174 superiores.
678 2140 742 2167 Mihi
757 2141 790 2167 ad
804 2147 897 2167 eorum
915 2141 1110 2174 reprimendam
1132 2147 1158 2168 et
1178 2142 1350 2176 frangendam
1366 2141 1520 2174 audaciam,
1535 2150 1721 2176 summamque
1737 2144 1860 2176 pervica-

248 2187 317 2212 ciam
333 2185 442 2219 penitus
458 2185 659 2216 iuﬁrmandam.
677 2189 705 2212 et
721 2186 753 2210 ad
769 2185 896 2219 populum
913 2185 938 2211 in
958 2184 1009 2211 ﬁde
1024 2190 1050 2211 et
1064 2184 1154 2211 ofﬁcio
1170 2186 1374 2217 continendum,
1399 2185 1465 2211 nihil
1491 2186 1587 2212 melius
1611 2190 1637 2212 et
1661 2186 1774 2212 validius
1797 2196 1860 2213 e~su

251 2230 369 2262 videtur,
387 2236 466 2262 quam
486 2229 507 2255 si
523 2228 629 2255 ttnicum
650 2232 676 2254 et
691 2232 852 2262 perpetuum
871 2228 990 2255 omnium
1008 2229 1138 2263 gentium,
1156 2237 1214 2263 quae
1234 2229 1341 2255 Christo
1357 2236 1454 2255 nomen
1472 2229 1619 2260 dederunt,
1636 2229 1685 2255 hac
1700 2229 1725 2254 in
1744 2237 1773 2254 re
1791 2239 1858 2256 con-

249 2281 359 2300 scnsnm
379 2272 517 2299 nobiscum
536 2272 627 2298 facere
644 2272 814 2298 ostendatur.
828 2270 957 2303 Quamvis
972 2272 1043 2298 enim
1056 2272 1088 2298 ad
1104 2272 1269 2305 probandum
1286 2272 1348 2306 quid
1366 2272 1392 2298 in
1414 2271 1447 2298 iis
1472 2279 1531 2305 qua:
1552 2272 1583 2298 de
1601 2271 1651 2297 ﬁdo
1675 2276 1702 2298 et
1725 2272 1859 2306 religione

247 2317 406 2343 exoriuntur
426 2315 632 2345 controversiis.
652 2314 817 2348 sequendum
838 2315 884 2345 sit,
896 2314 957 2347 jure
972 2315 1067 2343 debeat
1087 2317 1207 2343 sufﬁcere
1222 2322 1322 2343 sanctae
1340 2316 1467 2343 Βοηιιιιιω
1483 2315 1609 2342 Eeclesia:
1623 2317 1778 2348 auctoritas,
1795 2325 1859 2350 qum

248 2361 319 2395 quod
333 2368 347 2387 a
362 2360 424 2387 divo
446 2358 527 2385 Petro
545 2359 729 2392 apostolorum
748 2358 870 2392 principe
887 2358 1042 2393 Christique
1057 2360 1159 2387 vicario
1177 2365 1218 2387 est
1245 2361 1382 2390 traditum.
1401 2364 1527 2393 perpetua
1553 2364 1590 2386 tot
1611 2359 1764 2393 pomiﬁcum
1786 2361 1860 2387 serie

247 2413 301 2431 uno
319 2410 344 2431 et
362 2404 455 2431 eodetn
473 2408 565 2429 tenore
581 2409 688 2434 semper
705 2401 833 2434 scrvavit,
845 2405 873 2428 et
886 2409 900 2428 a
916 2409 980 2436 qua.
997 2407 1123 2438 tanquam
1144 2412 1158 2430 a
1174 2404 1346 2431 sanctissimo
1360 2406 1443 2430 totius
1457 2403 1531 2430 Orbis
1545 2403 1665 2435 oraculo,
1681 2404 1714 2430 de
1731 2404 1810 2430 rebus
1824 2405 1858 2430 ad

247 2450 326 2476 fidem
348 2446 547 2482 pertinentibus
561 2445 582 2471 si
597 2445 650 2471 ulla
669 2450 762 2471 exorta
783 2450 855 2472 esset
872 2445 1014 2478 dubitatio,
1030 2455 1156 2482 responsa
1180 2447 1206 2473 in
1232 2447 1390 2473 hodiernum
1407 2453 1491 2480 usque
1505 2446 1573 2472 diem
1589 2447 1648 2472 data
1670 2451 1748 2478 sunt;
1765 2451 1858 2474 tamen

243 2495 372 2529 quoniam
391 2493 486 2520 harum
503 2497 639 2518 sectarum
657 2495 792 2522 auctores,
812 2498 858 2518 sua
878 2496 932 2518 tum
948 2492 1054 2518 demum
1070 2492 1178 2518 decreta
1200 2490 1277 2516 ﬁrma
1299 2495 1325 2517 et
1348 2489 1453 2516 stabilia
1475 2490 1531 2516 fore
1546 2490 1744 2521 existimantes,
1765 2490 1786 2516 si
1811 2498 1860 2524 pe-

244 2546 313 2567 tram
328 2545 377 2565 suo
393 2537 452 2564 loco
469 2537 627 2567 movissent,
642 2543 700 2562 cam
719 2535 819 2562 frustra
834 2537 952 2570 quidem,
971 2538 1017 2562 sed
1034 2542 1131 2568 magno
1148 2538 1237 2560 tamen
1253 2537 1350 2560 conatu
1369 2533 1533 2559 labefactare
1547 2533 1636 2559 conati
1649 2538 1721 2563 sunt,
1744 2538 1858 2559 externa

243 2583 324 2610 etiam
342 2588 455 2608 evocare
471 2579 569 2606 auxilia
592 2587 645 2606 non
665 2578 747 2605 fuerit
769 2579 898 2611 alienum,
922 2587 973 2605 non
991 2579 1061 2614 quod
1084 2587 1135 2606 non
1158 2578 1223 2605 satis
1247 2585 1296 2612 per
1319 2584 1347 2603 se
1371 2576 1456 2610 possit
1471 2580 1544 2610 petra
1566 2583 1645 2610 super
1668 2580 1782 2610 petram,
1804 2576 1860 2604 hoc

242 2631 294 2659 est,
319 2631 401 2659 supra
421 2623 557 2651 Christum
576 2622 700 2653 fundata,
714 2622 834 2648 omnium
850 2622 1039 2648 ltaarelicomm
1060 2623 1275 2656 quantiseunque
1290 2620 1384 2653 copiis.
1401 2619 1468 2645 duce
1480 2619 1600 2649 Christo,
1618 2619 1661 2653 qui
1679 2626 1738 2645 eam
1754 2619 1856 2648 funda-

243 2674 292 2701 νει,
308 2669 453 2699 resistere;
471 2666 517 2692 sed
539 2670 567 2691 ut
582 2673 641 2692 cum
661 2666 786 2691 universo
810 2666 911 2691 mutulo
930 2666 1039 2700 planum
1057 2665 1156 2692 factum
1180 2665 1270 2696 fuerit,
1289 2671 1382 2690 munes
1404 2663 1449 2696 qui
1472 2662 1570 2689 Christi
1587 2663 1666 2689 ﬁdem
1688 2663 1786 2696 ubique
1802 2667 1860 2690 ter-

243 2720 336 2740 rarum
352 2715 541 2745 susceperunt,
558 2713 630 2735 recte
645 2708 783 2735 nobiseum
799 2709 917 2739 sentire;
931 2714 956 2735 et
973 2709 1090 2736 haeretici
1106 2716 1162 2736 suae
1174 2707 1306 2735 vecordia
1323 2705 1445 2732 morbum
1462 2710 1648 2739 agnoscentes,
1665 2706 1751 2732 donec
1764 2706 1859 2734 adhuc

240 2762 283 2784 est
299 2755 438 2783 medicina:
453 2755 539 2784 locus,
563 2752 596 2779 ad
621 2752 751 2786 optimum
769 2752 917 2783 medicum,
943 2760 1038 2786 neu-pe
1050 2752 1200 2782 Christum,
1219 2753 1400 2781 revertantur;
1415 2753 1442 2775 et
1455 2749 1498 2782 qui
1515 2748 1601 2782 primo
1615 2749 1722 2782 quidem
1744 2757 1858 2782 aspectu

239 2800 435 2835 probabilibus,
454 2797 500 2824 sed
518 2805 569 2824 non
587 2796 674 2822 minus
699 2794 839 2821 venenatis
857 2803 935 2828 quam
953 2795 1085 2828 futilibus,
1101 2795 1122 2823 si
1139 2799 1211 2821 recte
1227 2793 1424 2828 ponderentur,
1440 2798 1533 2819 eorum
1556 2792 1722 2826 argumentis
1734 2791 1860 2824 adducti,
