1982 3073
112 153 157 187 333

695 159 785 189 LITU
792 160 840 189 ΒΕ
847 159 894 188 [r‘E
915 158 1129 190 EXPOSITIO.

1664 164 1714 192 τιιξι

110 208 233 242 ευξόμεθα
248 207 310 235 καθ’
325 208 339 235 ὃ
350 209 398 241 δεῖ,
413 209 462 236 οὐκ
475 209 596 245 οἴδαμεν·
614 221 622 238 ι
643 213 690 238 καὶ
707 213 751 240 ἴνα
766 214 803 248 μή
818 213 883 248 βατ-

937 215 961 241 in
981 222 1046 248 pace
1063 222 1143 243 orare
1163 219 1281 250 oportet.
1302 215 1370 249 Quid
1386 223 1450 250 ergo
1467 221 1526 250 post
1546 217 1724 251 glorilicatim

110 254 267 289 τολογῶμεν,
282 255 403 281 διδάσκει
415 256 490 291 ἡμᾶς
501 256 519 283 ἃ
530 257 570 283 δεῖ
584 260 649 292 περὶ
661 258 710 292 τῆς
738 259 830 294 εὐχῆς
843 260 889 286 καὶ

110 299 208 334 πρῶτον
221 300 266 326 τον
282 301 381 335 τρόπον
396 302 436 328 ὅτι
453 303 482 327 ὲν
509 303 605 338 εἰρήνῃ
631 303 771 338 εὔχεσθαι.
798 305 830 331 Τί
843 302 889 330 οὖν

109 346 172 380 μετὰ
186 346 236 380 τὴν
247 345 404 380 δοξολογίαν
416 347 496 378 εὐθὺς
509 348 644 374 αἰτεῖσθαι
655 349 808 381 ἐκέλευσεν,
824 350 887 376 οὔτε

108 391 385 426 ἑξομολογησαμένους
407 393 548 428 πρότερον,
567 394 628 421 οὔτε
643 395 890 430 εὐχαριστήσαντας

107 436 141 472 τῷ
154 438 211 473 Θεῴ
225 447 232 471 ;
251 437 313 464 Ὅτι
327 439 356 465 ὲν
386 439 425 474 τῷ
439 440 526 466 εἰπεῖν
541 441 589 474 τὴν
620 441 743 476 εἰρήνην,
777 441 890 469 κάκεῖνα

108 483 273 518 περιέλαϐεν,
305 483 332 510 εί
349 492 391 516 τις
418 485 525 520 ἀληθῶς
546 485 635 513 ἐθέλει
663 488 787 514 σκοπεῖν.
822 486 890 513 Οὔτε

106 529 155 563 γὰρ
179 530 192 556 ὁ
209 530 434 565 ἁπαρεσκόμενος
452 532 508 563 τοῖς
526 532 720 566 συμϐαίνουσιν
737 532 808 568 αὐτῷ
821 533 890 560 κατὰ

106 574 147 599 τὸν
163 573 230 608 βίον,
255 575 371 601 δύναται
393 576 509 612 εἰρήνην
523 578 550 603 ἑν
575 577 664 612 ἐαυτῷ
687 577 769 613 ἔχειν,
793 578 850 605 ἀλλ’
876 578 891 604 6

105 619 249 654 εὐγνώμων
269 622 318 647 καὶ
333 622 362 648 ὲν
375 623 458 649 παντὶ
488 623 658 658 εὐχαριστῶν
675 625 745 651 κατὰ
770 624 818 650 τὸν
841 623 889 650 τοῦ

105 667 236 699 μακαρίου
267 666 371 693 Παύλου
397 668 488 703 νόμον·
506 668 568 695 οὔτε
584 669 598 695 ὁ
617 670 654 704 μὴ
677 669 796 701 συνειδὸς
821 670 891 705 ἔχων

105 710 230 744 καθαρόν·
246 712 366 743 συνειδὸς
380 713 409 739 δὲ
421 713 540 749 καθαρὸν
562 715 647 750 χωρὶς
672 715 891 751 ὲξομολογήσειος

103 755 241 791 ἀμήχανον
262 754 343 785 εῖναι.
365 757 448 785 Ὥστε
466 760 536 794 μετὰ
557 760 668 796 εἰρήνης
679 761 835 797 εὐχόμενος,
846 764 891 788 εὑ-

105 802 284 836 χαριστοῦσαν
301 804 347 830 καὶ
362 804 617 841 ἐξομολογουμένην
633 807 764 843 πρότερον
773 808 834 843 ἔσχε
842 809 891 844 τήν

104 846 201 882 ψυχήν.
219 848 281 875 Ἔτι
296 848 323 875 δὲ
347 850 394 876 καὶ
406 850 514 885 αἴτησις
541 851 575 886 ἣν
593 852 742 886 αἰτοῦνται,
763 854 890 889 εὐχαρισ-

940 268 1002 288 nt-m
1017 261 1110 288 statim
1131 261 1213 295 jussit
1232 263 1322 296 petere
1336 270 1383 290 eos
1404 263 1450 297 qui
1466 271 1553 297 neque
1567 264 1640 297 prius
1656 271 1723 291 con-

940 305 1004 333 fessi
1025 309 1096 339 sunt.
1117 313 1206 340 neque
1222 307 1276 334 Deo
1290 307 1391 342 gratias
1417 309 1552 342 egerunt?
1566 309 1634 341 Quia
1650 311 1723 336 dum

943 359 1035 385 pacem
1051 352 1132 384 dixit,
1146 352 1190 379 illa
1206 352 1288 379 ctiam
1308 353 1521 388 comprehendit,
1539 355 1560 381 si
1585 354 1646 389 quis
1663 356 1701 382 vel
1716 361 1726 382 t

941 402 1035 425 exacte
1051 398 1223 425 considerare
1254 398 1344 432 Neque
1361 399 1433 426 enim
1454 400 1499 434 qui
1523 407 1575 426 non
1597 405 1637 426 est
1657 407 1723 426 con—

941 447 1030 470 tentus
1046 443 1079 469 iis
1103 450 1162 476 qum
1176 443 1227 470 sibi
1250 443 1276 469 in
1300 443 1353 469 vita
1381 443 1518 474 eveniunt.
1538 447 1626 477 potest
1645 443 1671 469 in
1694 451 1725 470 se

942 495 1033 523 pacem
1059 488 1167 519 habere.
1190 489 1236 516 sed
1260 489 1362 523 quiest
1384 494 1476 523 gratus
1492 494 1519 516 ct
1548 489 1574 515 in
1597 488 1723 514 omnibus

941 535 996 570 agit
1012 535 1125 568 gratias,
1146 540 1176 562 ut
1196 536 1346 570 praescribit
1365 535 1404 563 lex
1422 536 1492 563 beati
1512 536 1596 568 Pauli,
1615 543 1662 562 nec
1676 536 1722 569 qni

942 588 996 608 non
1013 581 1092 608 habet
1115 588 1209 615 puram
1235 581 1451 613 conscientiam;
1477 581 1532 608 ﬁeri
1561 586 1649 607 autem
1670 588 1722 606 non

942 631 1032 661 patost
1049 631 1076 653 ut
1090 627 1124 654 sit
1140 634 1206 661 pura
1222 626 1386 653 conscientia
1404 627 1462 653 sine
1477 625 1654 653 confessione.
1671 624 1722 658 Qui

941 679 1005 706 ergo
1019 676 1078 698 orat
1092 679 1153 698 eutn
1167 678 1242 706 pace,
1262 672 1361 706 gratias
1379 678 1501 707 agentem
1517 675 1542 698 et
1551 671 1722 698 conﬁtentem

942 717 1015 751 pritts
1033 717 1125 744 habuit
1144 717 1273 744 animam.
1289 717 1328 744 Ad
1346 718 1403 744 inec
1422 723 1513 744 autem
1530 717 1611 744 etiam
1631 716 1723 749 petitio

942 771 1022 798 quam
1042 763 1157 795 faciunt,
1181 771 1227 791 eos
1243 769 1270 791 et
1284 764 1385 798 gratias
1395 768 1507 798 agentes
1518 767 1545 790 et
1562 762 1724 790 conﬁtentes

942 809 1071 837 ostendit.
1091 808 1161 842 Quid
1184 809 1255 837 enim
1285 809 1400 843 petunt?
1415 808 1643 836 misericordiam.
1662 807 1724 834 llzee

943 860 1031 882 autem
1044 860 1084 882 est
1100 855 1194 890 petitio
1205 862 1296 882 eorutn
1306 856 1350 890 qui
1368 855 1404 882 rei
1421 859 1544 889 aguntur,
1555 855 1600 888 qui
1617 853 1723 887 quando

104 893 214 925 τοῦντας
230 895 276 921 καὶ
289 895 553 931 ὲξομολογουμένους
569 898 667 930 αὐτοὺς
681 887 841 935 παρίστησιξ
855 901 885 927 Τί

939 902 1012 929 omni
1027 901 1069 928 sui
1090 900 1248 928 defendendi
1274 901 1378 928 ratione
1401 899 1500 932 ablata,
1526 887 1592 926 nihil
1612 903 1723 932 possunt

102 940 154 973 γὰρ
189 939 347 975 αἰτοῦνταις
376 941 531 978 ἐλεηθῆναι.
565 943 650 970 Τοῦ-ιο
673 944 703 971 δὲ
734 945 887 973 καταδίκων

103 984 173 1011 ἐστὶν
184 985 300 1020 αἴτημα,
318 987 343 1014 οἳ
359 987 423 1015 ὅταν
441 989 534 1016 πᾶσαν
548 989 696 1023 ἀπολογίαν
713 992 885 1027 περιῃρημέ-

102 1039 150 1063 νοι,
173 1032 310 1067 μηδεμίαν
329 1033 430 1068 ἔχωσιν
448 1034 535 1061 εἰπεῖν
559 1035 755 1070 δικαιολογίαν,
783 1037 886 1072 ταύτην

101 1077 212 1111 ἔσχατον
227 1079 326 1113 ἀφιᾶσι
346 1080 395 1114 τὴν
415 1080 506 1115 φωνήν
519 1080 586 1115 πρὸς
609 1081 654 1108 τὸν
681 1082 819 1117 δικαστὴν,
835 1084 886 1110 οὐκ

102 1125 154 1150 ἀπὸ
167 1124 221 1151 τῶν
244 1126 368 1157 δικαίων,
381 1127 441 1153 ἀλλ’
457 1128 510 1155 ἀπὸ
535 1129 584 1163 τῆς
599 1129 703 1156 ἐκείνου
734 1130 887 1165 φιλανθρω-

101 1170 175 1202 πίας,
198 1167 237 1198 ὧν
251 1171 356 1198 δέονται
379 1174 471 1207 τυχεῖν
499 1174 713 1208 προσδοκῶντες.
742 1175 827 1202 Τοῦτο
858 1175 886 1202 δέ

99 1217 156 1242 ἐστι
186 1217 407 1252 μαρτυρούντων,
437 1219 476 1253 τῷ
497 1219 547 1254 μὲν
571 1220 686 1255 δικαστῇ
713 1221 886 1256 χρηστότητα

103 1262 214 1298 πολλήν·
230 1264 338 1296 ἑαυτοῖς
346 1264 385 1297 δὲ,
396 1265 539 1300 πονηρίαν·
548 1262 596 1299 ὧν,
609 1267 639 1293 τὸ
654 1266 703 1301 μὲν
719 1266 885 1302 ἐξομολογή-

104 1315 183 1340 σεως,
199 1308 271 1334 τὸδὲ
296 1309 472 1345 εὐχαριστίας
498 1311 566 1337 ἐστί.
588 1311 775 1346 Προτρέπεται
802 1311 830 1338 δὲ
856 1312 885 1345 ἐξ

98 1354 185 1389 ἀρχῆς
200 1355 214 1380 ὁ
235 1355 323 1390 ίερεῑις
346 1356 391 1382 τὸν
403 1356 469 1383 ιλαδν
485 1357 524 1387 είς
549 1356 598 1392 τὴν
610 1357 692 1392 εὐχὴν
706 1359 883 1392 τεταγμένος,

97 1401 144 1426 καὶ
161 1400 205 1427 διὰ
219 1401 298 1427 τοῦτο
312 1401 358 1428 τοῦ
376 1402 441 1429 λαοῦ
456 1403 676 1438 προσεὸλημένος
690 1403 781 1436 αὐτός·
800 1403 860 1431 ἀλλ’
870 1405 884 1430 ὁ

101 1445 162 1478 μὲν,
177 1445 215 1477 ὡς
232 1447 402 1483 πρεσϐευτὴς
422 1448 513 1474 αὐτῶν
529 1448 576 1475 καὶ
590 1448 713 1484 μεσίτης,
743 1449 785 1476 ἵνα
802 1449 883 1476 αὐτοῦ

93 1491 188 1526 δέησις
205 1492 389 1528 ἐνεργουμένη
406 1494 474 1520 πολὺ
493 1494 584 1530 ἰσχύῃ,
600 1495 751 1530 καθάπερὸ
765 1496 883 1523 ἀπόστο-

95 1537 141 1591 λος
168 1538 294 1570 Ἰάκωϐος
314 1538 401 1566 εἶπεν·
429 1541 582 1575 ἐνεργεῖται
607 1541 662 1575 γάρ
688 1543 705 1577 ή
721 1542 815 1577 δέησις
837 1542 920 1591 τοῦΟ

92 1584 211 1617 δικαίου,
224 1585 288 1611 ὅταν
306 1586 428 1613 κάκεῖνοι
443 1586 544 1618 πάντες
561 1587 630 1623 ὑπὲρ
643 1584 680 1614 ὧν
694 1588 710 1623 ή
729 1587 833 1622 δέησις,
849 1588 884 1615 τὰ

93 1630 159 1664 παρ’
167 1630 277 1664 ,ἑαυτῶν
295 1631 461 1666 εἰσφέρωσιν
484 1632 603 1660 ἅπαντα·
620 1633 793 1668 χρηστότητα
820 1634 885 1667 τρό-

93 1683 165 1708 πων,
189 1676 283 1710 εὐχὰς,
300 1678 462 1711 ἐπιείκειαν,
491 1678 539 1705 καὶ
557 1679 611 1714 ὅτῳ
640 1679 713 1714 ἄλλῳ
733 1680 807 1706 ἴσασι
825 1680 886 1714 καί-

94 1730 178 1755 ροντα
193 1722 239 1749 τδν
256 1723 334 1750 Θεῦν.
354 1724 385 1749 Τί
396 1724 425 1751 δὲ
443 1725 474 1751 τὸ
489 1726 594 1760 αἰτημα
616 1726 646 1752 τὸ
663 1726 771 1761 πρῶτον
784 1727 859 1757 εὐθύ,
875 1736 883 1760 ;

97 1767 187 1803 Ὑπὲρ
213 1768 262 1803 τῆς
277 1768 381 1796 ἄνωθεν
397 1771 521 1805 εἰρήνης,
537 1772 585 1798 καὶ
602 1774 652 1807 τῆς
669 1773 807 1808 σωτηρίας
830 1774 885 1800 τῶν

89 1812 188 1848 ψυχῶν
200 1814 287 1849 ήμῶν
304 1814 411 1847 διδάξας
434 1815 567 1851 πρότερον
591 1817 664 1849 ὅπως
676 1817 786 1852 ἔχοντας
810 1817 886 1853 εὔχε-

91 1860 156 1886 σθαι
176 1860 226 1893 δεῖ,
243 1861 289 1887 νῦν
301 1861 433 1897 διδάσκει,
451 1863 498 1889 καὶ
518 1863 544 1889 τί
561 1863 602 1890 δεῖ
616 1864 724 1898 πρῶτον
739 1865 883 1892 αἰτεῖσθαι*

89 1906 203 1942 πρῶτον
215 1908 264 1941 τὴν
291 1907 429 1942 βασιλείαν
453 1909 500 1936 τοῦ
515 1910 595 1943 Θεοῦ,
613 1911 661 1937 καὶ
681 1911 731 1947 τήν
745 1911 884 1938 δικαιοσύ-

87 1957 141 1983 νην
162 1949 258 1975 αὐτοῦ’
274 1951 324 1984 τὴν
341 1951 390 1985 μὲν
405 1950 461 1985 γὰρ
475 1951 613 1986 βασιλείαν
628 1953 643 1986 ἡ
657 1952 711 1979 τῶν
727 1952 822 1988 ψυχῶν
834 1962 885 1980 σω-

87 1995 189 2029 τηρία,
207 1995 224 2030 ή
236 1995 264 2021 δὲ
278 1995 382 2022 ἄνωθεν
398 1996 494 2032 εἰρήνη
510 1997 558 2032 τὴν
568 1997 615 2024 τοῦ
629 1997 697 2024 Θεοῦ
710 1999 883 2034 δικαιοσύνην

87 2041 235 2076 σημαίνει·
251 2041 315 2076 περὶ
328 2039 360 2076 ἧς
375 2040 436 2068 εἶπε
451 2042 567 2075 Παῦλος,
588 2053 597 2069 ι
621 2044 725 2079 Εἰρήνη
740 2044 787 2071 τοῦ
800 2045 880 2078 Θεοῦ,

85 2088 102 2121 ή
124 2087 301 2121 ὑπερέχουσα
328 2088 418 2114 πάντα
442 2087 515 2120 νοῦν,
532 2098 542 2115 ι
569 2089 629 2124 qua
655 2090 757 2125 Κύριος
778 2091 884 2126 ἀφῆκεν

84 2132 145 2163 τοῖς
159 2131 331 2165 ἀποστόλοις,
354 2133 508 2160 ἀναϐαίνων
533 2134 601 2169 πρὸς
617 2134 662 2160 τὸν
679 2135 796 2170 Πατέρα.
812 2146 821 2162 ι
840 2136 883 2163 Εἰ-

85 2178 190 2212 ρήνην,
207 2177 413 2214 εἰπὼν,άφίημι
430 2180 505 2214 ὑμῖν,
522 2181 633 2215 εἰρήνην
645 2181 695 2216 τὴν
710 2182 779 2216 ἐμὴν
787 2182 882 2217 δίδωμι

938 948 1044 975 discere
1062 954 1115 982 quo
1137 954 1166 973 se
1186 946 1346 980 justiticcnt,
1363 951 1391 973 et
1407 952 1516 973 causam
1534 952 1612 972 suam
1629 949 1723 970 tuean-

939 997 992 1024 tnr,
1015 993 1086 1019 hanc
1098 1000 1187 1018 vocent
1201 997 1338 1026 postremo
1348 993 1380 1018 ad
1391 991 1508 1026 jndicem
1521 990 1658 1019 emittunt,
1669 996 1721 1015 nott

935 1038 1011 1074 jure,
1031 1038 1078 1066 sed
1101 1045 1133 1065 ex
1155 1037 1214 1071 ejus
1244 1037 1387 1065 clementia
1409 1044 1441 1064 ea
1468 1035 1566 1070 quibus
1601 1035 1723 1069 indigent

937 1085 1044 1119 assequi
1064 1088 1262 1119 exspectantes.
1288 1083 1345 1111 Hoc
1370 1088 1460 1111 autem
1484 1086 1526 1110 est
1552 1089 1645 1109 eorum
1673 1082 1720 1115 qui

937 1130 1048 1156 multam
1070 1130 1179 1165 quidem
1201 1130 1300 1164 iudicis
1312 1137 1373 1157 esse
1389 1129 1583 1164 benignitatem
1612 1133 1639 1155 et
1666 1127 1721 1154 cle-

937 1177 1086 1207 mentiam,
1115 1184 1240 1210 magnam
1267 1181 1358 1203 autem
1394 1183 1456 1203 esse
1491 1182 1566 1202 suant
1593 1174 1721 1209 improbi-

937 1226 1019 1248 tatem
1059 1222 1210 1256 vitinmqne
1236 1225 1379 1248 testantur.
1405 1220 1526 1254 Quorum
1565 1221 1616 1247 hoc
1652 1218 1721 1253 qni-

935 1266 996 1294 dem
1007 1271 1049 1294 est
1066 1267 1257 1298 confessionis,
1268 1267 1331 1294 illud
1348 1274 1412 1294 vero
1426 1266 1574 1302 gratiarum
1593 1265 1719 1292 actionis.

935 1311 1067 1340 Hortatur
1080 1317 1171 1340 autem
1187 1313 1314 1341 sacerdos
1334 1313 1367 1340 ab
1379 1313 1456 1340 initio
1471 1312 1596 1347 populum
1612 1311 1644 1338 ad
1660 1318 1721 1338 ora-

936 1358 1047 1389 tionem,
1057 1359 1139 1392 utqui
1153 1358 1215 1385 talis
1228 1358 1264 1385 sit
1275 1359 1322 1392 qtti
1331 1358 1363 1385 ad
1374 1358 1503 1385 orandum
1517 1363 1558 1385 est
1568 1358 1719 1386 ordinatus.

935 1408 962 1431 et
981 1404 1041 1431 ideo
1060 1403 1095 1432 sit
1113 1404 1204 1439 populi
1229 1404 1383 1438 propositus
1403 1404 1568 1431 intercessor
1581 1409 1607 1429 el
1619 1403 1719 1429 media-

936 1453 988 1481 tor,
1009 1453 1038 1475 nt
1066 1449 1124 1484 ejus
1144 1456 1261 1483 operans
1286 1448 1374 1476 oratio
1401 1448 1514 1474 multum
1530 1447 1629 1478 valeat,
1648 1446 1720 1473 sicut

935 1495 1003 1523 dixit
1017 1494 1134 1522 Jacobns
1145 1494 1293 1529 apostolus:
1309 1493 1445 1528 Operatnr
1457 1493 1528 1520 enim
1539 1493 1626 1519 oratio
1645 1490 1718 1524 iusti.

935 1539 1043 1575 quando
1058 1539 1096 1566 illi
1122 1539 1203 1566 etiam
1230 1539 1342 1566 omnino
1354 1545 1402 1572 pro
1414 1537 1514 1572 quibus
1534 1542 1626 1570 preces
1641 1535 1718 1565 ﬁunt,

936 1593 968 1614 ex
1004 1593 1033 1612 se
1048 1585 1138 1612 omnia
1164 1584 1339 1618 contulerittt,
1361 1591 1465 1611 morunt
1482 1583 1642 1612 bonitatem.
1660 1588 1720 1615 pre-

936 1639 982 1659 ces
1000 1652 1007 1664 ,
1023 1631 1159 1658 lenitatem
1188 1636 1215 1657 et
1234 1623 1387 1665 mqni‘tatem
1407 1649 1414 1660 ,
1433 1633 1461 1656 et
1479 1634 1640 1663 quocunque
1666 1626 1720 1653 alio

935 1678 1025 1705 sciunt
1055 1676 1137 1704 Deum
1173 1676 1313 1704 delectari.
1349 1675 1414 1708 Quae
1444 1679 1485 1702 est
1505 1678 1593 1701 autem
1624 1680 1718 1700 eorum

936 1724 1022 1758 prima
1043 1724 1166 1757 protittns
1190 1722 1303 1757 petitio?
1321 1721 1372 1748 Pro
1385 1729 1502 1756 Superna
1516 1727 1591 1755 pace,
1620 1723 1648 1746 et
1677 1726 1721 1746 sa-

935 1769 992 1796 lute
1022 1770 1173 1796 animarum
1199 1773 1364 1795 nostrarum.
1389 1767 1456 1794 Cum
1486 1767 1560 1801 prius
1586 1765 1720 1793 docuisset

936 1815 1070 1850 quomodo
1102 1820 1131 1841 se
1143 1813 1275 1840 habentes
1302 1819 1381 1840 orare
1415 1816 1531 1846 oportet,
1553 1817 1626 1838 nune
1638 1810 1720 1837 etiam

936 1861 1012 1888 docet
1039 1859 1103 1894 quid
1117 1859 1153 1887 sit
1178 1859 1297 1893 primum
1306 1857 1465 1892 petendum.
1483 1864 1599 1891 superna
1616 1855 1721 1883 scilicet

936 1914 999 1940 pax,
1023 1910 1050 1932 et
1076 1905 1229 1932 animarum
1261 1904 1344 1932 salus.
1363 1904 1399 1930 ita
1415 1903 1486 1930 enim
1502 1903 1584 1936 jussit
1593 1902 1719 1928 Christus

935 1955 1027 1986 petere
1051 1950 1168 1984 primum
1192 1956 1303 1984 regnum
1331 1948 1377 1975 Dei
1401 1951 1428 1975 et
1442 1947 1585 1982 justitiam.
1598 1945 1718 1979 Regnum

935 1997 1008 2024 enim
1029 1995 1101 2023 salus
1124 1995 1297 2027 animarum;
1327 2001 1444 2028 superna
1475 1997 1564 2020 autem
1592 1999 1643 2026 pax
1671 1990 1719 2017 Dei

933 2042 1064 2078 justitiam
1103 2042 1247 2075 signiﬁcat.
1265 2041 1301 2068 De
1326 2048 1379 2076 qua
1402 2040 1469 2067 dixit
1495 2038 1594 2066 Paulus
1611 2047 1617 2065 :
1637 2047 1646 2064 ι
1663 2036 1720 2064 Pax

937 2089 994 2121 Dei,
1011 2095 1071 2123 qua:
1086 2088 1269 2123 supereminet
1280 2094 1387 2114 omnetn
1407 2089 1535 2116 mentem,
1550 2093 1558 2110 ι
1576 2091 1657 2119 quant
1668 2084 1720 2111 Do-

935 2134 1025 2161 minus
1059 2133 1170 2167 reliquit
1195 2133 1348 2168 discipulis,
1374 2132 1523 2159 ascendens
1546 2131 1579 2158 ad
1595 2130 1717 2161 Patrem,

938 2191 947 2207 ‹
963 2180 1071 2212 Pacem,
1100 2181 1203 2212 dicens,
1218 2180 1340 2214 relinquo
1365 2178 1456 2212 voins;
1470 2185 1563 2212 pacem
1577 2184 1665 2204 meam
1685 2184 1719 2202 uo

85 2224 185 2257 ὑμῖν.»
204 2224 309 2259 Ὠσπερ
337 2225 391 2259 γὰρ
402 2225 433 2251 τὺ
449 2225 535 2260 ονομα
564 2227 613 2261 τῆς
634 2226 808 2262 δικαιοσύνης
823 2228 883 2256 ἐκεῖ

937 2227 1036 2253 vobis.)
1052 2225 1128 2253 Sicut
1154 2227 1225 2253 enim
1241 2226 1295 2252 illic
1317 2232 1413 2252 nomen
1428 2224 1552 2260 justitize,
1570 2230 1623 2251 non
1636 2223 1720 2258 signi-

83 2270 116 2295 οὺ
134 2270 187 2305 τὴν
203 2270 249 2296 τοῦ
261 2270 319 2296 [σου
333 2270 464 2306 διανομὴν
478 2270 604 2307 σημαίνει
617 2272 707 2307 μόνον,
724 2273 780 2299 ἀλλ’
789 2273 883 2305 ἁπλῶς

82 2316 192 2345 παντὸς
208 2315 306 2350 ἀρετῆς
325 2316 410 2347 εἴδους
429 2316 576 2352 δηλωτικόν
591 2318 663 2344 ἔστιν
679 2326 686 2334 ο
702 2318 772 2346 οὕτω
788 2319 836 2345 καὶ
853 2319 883 2345 τὸ

80 2364 137 2396 τῆς
168 2362 279 2397 εἰρήνης
307 2362 434 2395 ἐνταῦθα,
467 2363 583 2390 καθόλου
613 2364 640 2390 τί
666 2366 734 2391 ἐστι·
754 2365 800 2391 καὶ
828 2365 882 2401 γάρ

81 2409 165 2434 ἐστιν
184 2408 297 2435 ἀπασῶν
321 2408 431 2442 ἀγαθῶν
449 2409 515 2443 ὁμοῦ
546 2410 592 2436 καὶ
607 2411 696 2444 πάσης
721 2410 883 2445 φιλοσοφίας

79 2455 210 2488 καρπός·
228 2454 258 2480 οὐ
289 2455 344 2489 γὰρ
359 2454 433 2481 ἐστιν
449 2456 561 2490 εἰρήνην
594 2456 700 2483 τελείαν
729 2457 882 2492 κτήσασθαι

77 2501 130 2527 τὸν
151 2501 251 2532 ἐνδεῶς
276 2501 371 2536 ἔχοντα
399 2502 462 2536 μιᾶς
486 2509 558 2532 τινος
571 2501 681 2536 ἀρετῆς·
703 2501 760 2529 ἀλλ’
775 2502 883 2537 ἀνάγκη

79 2548 133 2574 τὸν
151 2547 327 2582 εἰρηνεύσειν
343 2547 477 2581 μέλλοντα
494 2548 540 2574 διὰ
557 2549 652 2575 πασῶν
666 2549 823 2583 ἀφικέσθαι.
838 2551 884 2578 Δεῖ

75 2595 178 2621 τοίνυν
192 2595 285 2621 ἀσκεῖν
298 2595 412 2625 ἑαυτοὺς
427 2594 495 2626 ποὺς
507 2595 557 2630 τὴν
573 2596 684 2630 εἰρήνην
705 2595 812 2630 πρῶτον
827 2597 884 2628 τοῖς

74 2641 246 2675 ἀνορώποις
262 2640 386 2676 δυνατήν·
418 2640 478 2668 εἶτα
495 2641 631 2668 αἰτεῖσθαι
655 2641 730 2676 παρὰ
752 2641 818 2668 Θεοῦ
834 2642 883 2677 τὴν

72 2687 171 2713 αὐτ(ιῦ
199 2686 323 2721 εἰρήνην,
343 2687 468 2723 καθάπερ
495 2688 543 2714 καὶ
571 2687 612 2722 ἐφ’
629 2687 752 2722 ἑκάστης
783 2688 883 2723 ἀρετῆς

72 2733 155 2767 ἔχει.
174 2731 256 2758 Ἐστι
275 2732 330 2767 γὰρ
343 2733 504 2767 σωφροσύνη
519 2732 563 2759 διὰ
577 2733 720 2768 ἀσκήσεως
739 2733 881 2767 γινομένη,

71 2778 128 2803 καὶ
146 2776 212 2803 εστι
229 2776 390 2813 σωφροσύνη
405 2778 482 2812 παρὰ
496 2777 564 2805 Θεοῦ
585 2779 618 2813 τῇ
645 2777 717 2813 ψυχῇ
739 2777 880 2813 διδομένη,

71 2824 127 2850 καὶ
139 2823 255 2857 ἀγάπη,
272 2825 319 2850 καὶ
330 2825 409 2859 εὐχὴ,
425 2825 473 2851 καὶ
484 2825 575 2859 σοφία,
593 2825 640 2851 καὶ
654 2825 700 2851 ἐπὶ
723 2825 777 2851 τῶν
793 2825 881 2852 ἄλλων

69 2869 124 2896 τδν
142 2870 232 2896 αὑτὸν
243 2869 353 2904 τρόπον.
371 2871 419 2897 Διὰ
431 2870 511 2896 τοῦτο
525 2871 572 2896 καὶ
591 2871 605 2897 ὁ
630 2871 718 2906 ἱερεὺς
743 2871 805 2906 περὶ
830 2870 880 2906 τῆς

217 2917 353 2948 Pauor"
372 2917 432 2946 Gn.
448 2916 496 2946 CL
507 2935 514 2945 .

937 2273 1000 2299 licat
1015 2272 1101 2300 solum
1132 2271 1191 2306 ejus
1211 2271 1282 2306 quod
1303 2274 1472 2306 wquumesl,
1485 2269 1716 2302 distributionem,

937 2320 983 2347 sed
1008 2320 1129 2346 absolute
1163 2325 1243 2346 omne
1271 2325 1356 2353 genus
1372 2317 1481 2344 virttttis
1499 2335 1507 2349 ,
1523 2316 1561 2343 ita
1573 2316 1616 2343 hic.
1636 2316 1716 2342 etiam

938 2374 1034 2393 nomen
1056 2366 1131 2401 pacis
1158 2370 1198 2393 est
1223 2364 1288 2399 quid
1313 2363 1488 2395 universale;
1515 2367 1558 2390 est
1574 2362 1646 2389 enim
1661 2369 1719 2389 om-

937 2413 1010 2440 nium
1042 2412 1122 2440 simul
1154 2412 1284 2438 virtutum
1321 2414 1348 2437 et
1376 2410 1508 2437 universae
1540 2407 1719 2443 philosophias

937 2456 1052 2483 fruetus.
1078 2455 1170 2490 Neque
1191 2455 1262 2481 enim
1275 2453 1332 2480 ﬁeri
1348 2457 1434 2488 potest
1447 2459 1476 2479 ut
1488 2459 1581 2486 pacem
1600 2451 1718 2486 perfecte

938 2502 1035 2529 habeat
1054 2522 1062 2534 ,
1076 2501 1118 2527 ctti
1133 2501 1175 2527 vel
1203 2507 1254 2527 una
1283 2499 1371 2533 aliqua
1385 2499 1472 2525 virtus
1485 2497 1585 2529 deﬁcit,
1600 2497 1647 2525 sed
1669 2504 1717 2523 ne-

937 2552 1014 2572 cesse
1046 2549 1087 2572 est
1108 2565 1115 2575 ,
1132 2549 1160 2571 ut
1174 2543 1218 2578 qui
1240 2547 1351 2578 pacatus
1375 2546 1418 2569 est
1432 2541 1548 2572 iuturus,
1564 2547 1611 2574 per
1624 2546 1719 2566 omnes

938 2590 1024 2618 veniat
1041 2599 1048 2624 ;
1063 2593 1171 2624 oportet
1195 2595 1259 2622 ergo
1283 2588 1388 2622 scipsos
1406 2587 1521 2621 primum
1539 2591 1666 2612 exercere
1685 2583 1717 2610 ad

938 2641 1029 2670 pacem
1049 2641 1108 2668 quae
1124 2637 1213 2668 potest
1237 2633 1328 2659 haberi
1358 2631 1392 2658 ab
1407 2630 1570 2660 hominibus,
1586 2627 1684 2655 deinde
1703 2636 1717 2652 ιι

939 2681 992 2706 Deo
1004 2682 1095 2713 petere
1124 2684 1200 2704 suam
1237 2682 1330 2710 pacem
1347 2695 1354 2707 ,
1373 2675 1444 2702 sicut
1457 2681 1487 2700 se
1502 2672 1583 2700 habet
1593 2671 1673 2698 etiam
1691 2671 1717 2697 in

937 2729 1104 2758 unaquaque
1126 2722 1234 2748 virtute.
1262 2719 1310 2747 Est
1337 2719 1409 2746 enim
1437 2717 1624 2752 temperantia,
1658 2723 1717 2750 qua:

937 2772 1046 2802 paratur
1056 2773 1102 2800 per
1113 2764 1346 2795 exercnatiouent,
1359 2768 1385 2790 et
1396 2767 1438 2790 est
1446 2761 1621 2795 temperantia
1630 2768 1690 2795 qua:
1702 2768 1716 2786 a

937 2814 991 2840 υυο
999 2812 1078 2839 datur
1090 2812 1197 2844 animm,
1212 2816 1238 2837 et
1250 2810 1378 2842 cltaritas,
1391 2816 1419 2836 et
1429 2809 1526 2840 oratio,
1536 2812 1562 2834 et
1573 2807 1716 2841 sapientia.

935 2863 962 2885 ct
982 2857 1008 2884 in
1022 2857 1082 2884 aliis
1103 2856 1197 2883 eodem
1222 2855 1310 2882 modo.
1337 2854 1482 2888 Propterea
1493 2853 1572 2880 etiam
1590 2852 1717 2880 sacerdos

1443 2910 1478 2940 13
