1976 3074
150 139 204 169 409

748 142 950 173 LITURGI/E
966 143 1186 175 EXPOSITIO.

1729 147 1782 179 410

150 195 248 229 ὶέγων.
266 196 383 232 Ἔστησε
400 197 433 232 τῇ
450 197 538 234 πλάνῃ
554 198 765 234 κλονουμένους,
779 200 868 234 ἑαυτῷ
878 208 940 227 συν-

999 206 1160 228 mamentum
1179 200 1258 228 ﬁdem
1274 201 1377 229 dicens.
1393 200 1472 229 Stare
1485 201 1550 230 fecit
1563 209 1611 230 eos
1625 202 1670 237 qui
1687 211 1783 231 errore

150 241 230 276 ἐδησε
241 250 248 257 ·
264 242 384 274 τοιοῦτος
402 244 457 277 γὰρ
476 244 489 270 6
501 243 688 280 πλανώμενος*
703 245 822 280 οὐδαμοῦ
833 245 946 272 δύναται

152 288 260 323 στῆναι.
286 288 317 315 '0
333 289 362 315 δὲ
375 289 489 324 Κύριος,
510 300 519 316 i
547 291 740 326 πορευθέντες,
759 292 837 327 φησὶ,
856 292 945 326 μαθη-

151 335 269 361 τεύσατε
284 335 374 363 πάντα
390 337 425 362 τὰ
448 337 524 371 ἔθνη,
540 337 719 372 βαπτίζοντες
735 338 837 369 αὐτοὺς
859 338 899 370 εἰς
916 338 945 365 τὸ

150 381 235 416 ὄνομα
264 382 312 408 τοῦ
339 383 445 417 Harpe;
470 385 518 411 καὶ
545 384 592 410 τοῦ
614 385 691 416 Υἱοῦ,
719 385 764 412 καὶ
793 385 842 411 τοῦ
863 385 942 419 ἁγίου

152 428 334 462 Πνεύματοςο
354 438 363 454 ›
381 430 450 465 ὅπερ
477 431 551 457 ἐστὶν
578 432 594 466 ή
623 431 785 458 διδασκαλία.
813 432 862 465 τῆς
895 432 943 458 πί-

152 482 250 505 στεως.
279 475 351 501 Ἀλλ’
367 475 417 502 οὐκ
441 476 523 511 ἀρκεῖ
540 476 620 503 τοῦτο
634 476 701 511 πρὸς
723 477 774 512 τὴν
792 477 943 511 βασιλείαν,

149 521 167 554 ἡ
186 519 278 551 πίστις
291 528 298 536 ο
326 520 385 547 οὐδὲ
401 521 564 555 ὑποτάγειεν
580 521 614 548 ἂν
634 522 745 553 τελείως
758 523 792 549 τὰ
815 522 879 556 ἔθνη
896 522 943 548 τὸν

151 564 254 598 τρόπον
268 563 363 591 τοῦτον
381 584 389 593 .
407 565 458 592 Διὰ
470 565 550 592 τοῦτο
567 566 615 593 καὶ
629 567 679 602 τὴν
695 568 819 602 φυλακὴν
835 567 889 593 τῶν
901 569 943 593 ὲν-

151 610 239 636 τολῶν
270 611 429 644 προσθεῖναι
453 611 572 645 δεῆσαν,
588 614 603 639 6
628 613 678 646 μὲν
698 614 851 648 προφήτης,
873 623 883 640 ‹
901 614 942 640 Τὰ

153 655 295 690 μαρτύριά
312 665 370 688 σου,
388 658 484 692 φησὶν,
499 658 693 693 ἐπιστώθησαν
708 659 812 693 σφόδρα
827 668 834 675 ·
856 669 865 685 ι
884 661 898 686 6
912 660 941 686 δὲ

153 700 256 734 Κύριος
268 701 305 735 τῷ
320 702 384 736 περὶ
397 702 444 728 τοῦ
464 701 650 736 βαπτίσματος
661 702 742 738 λόγῳ,
757 703 813 730 τῶν
827 703 942 730 ἐντολῶν

151 746 199 772 τὸν
216 746 296 780 λόγον
311 747 485 782 προστίθησι,
502 748 600 781 λέγων,
620 757 630 774 ‹
649 748 825 782 Διδάσκοντες
841 750 941 782 αὐτοὺς

154 792 249 827 τηρεῖν
261 794 350 819 πάντα
365 793 416 820 ὅσα
435 794 614 830 ἐνετειλάμην
627 790 702 830 fini").
722 805 731 821 ι
751 796 841 832 ’Ἂπερ
857 797 911 832 γὰρ
927 798 941 823 6

154 837 251 872 Σωτὴρ
279 837 398 872 ἐντολὰς,
420 839 434 865 6
458 840 605 875 Προφήτης
621 841 760 877 μαρτύριά
789 851 867 878 φησι.
886 844 940 870 Καὶ

997 246 1252 278 commovebantur,
1268 252 1295 274 et
1309 247 1362 275 sibi
1377 247 1528 283 colligavit.
1554 247 1628 276 Talis
1651 253 1692 276 est
1711 250 1784 277 enim

996 293 1043 326 qui
1069 297 1144 320 errat
1159 300 1166 319 :
1181 293 1294 320 minime
1309 298 1384 320 stare
1407 298 1508 328 potest.
1529 293 1661 322 Dominus
1678 300 1781 328 autem,

999 348 1008 364 ι
1027 338 1141 370 Euntes,
1159 338 1256 372 inquit,
1274 339 1372 367 docete
1390 346 1486 367 omnes
1497 345 1602 374 gentes,
1613 341 1785 374 baptizantes

995 384 1070 418 ipsos
1086 385 1112 411 in
1133 385 1243 412 nomine
1255 384 1344 412 Putris
1355 391 1381 412 et
1398 385 1458 412 Filii
1474 391 1501 413 et
1510 386 1629 421 Spiritus
1646 388 1732 415 sancti
1748 396 1755 420 ;
1772 397 1782 413 ι

995 430 1067 464 quod
1099 434 1141 458 est
1165 431 1287 458 dortrina
1307 432 1379 459 tidei.
1398 431 1449 459 Sed
1476 440 1529 459 non
1556 432 1657 460 suﬂicit
1676 434 1727 461 hoc
1747 435 1780 461 ad

995 484 1119 511 regnum,
1149 476 1236 510 iides;
1266 484 1355 511 neque
1387 476 1507 512 perfecte
1532 478 1663 513 subjecta:
1681 479 1786 507 fuerint

994 529 1089 558 gentes
1106 523 1158 550 hoc
1176 523 1267 550 modo.
1293 523 1443 558 Propterea
1465 531 1526 551 cum
1542 532 1574 552 eo
1600 526 1682 552 etiam
1711 533 1786 552 man-

994 570 1120 597 datorum
1145 570 1365 597 observationem
1393 575 1532 605 oporteret
1559 571 1688 605 adjicere.
1716 571 1786 598 Pro-

994 617 1074 652 pheta
1102 617 1223 650 quidem,
1247 616 1440 647 «Testimouia,
1459 617 1557 650 inquit.
1577 621 1620 644 tua
1644 618 1785 645 credibilia

993 662 1064 690 facta
1079 668 1141 690 sunt
1154 663 1232 689 valde
1247 671 1255 696 ;
1273 672 1282 688 ι
1298 662 1428 690 Dominus
1443 666 1533 690 autem
1548 664 1572 690 ei
1586 663 1657 697 quod
1674 663 1706 690 de
1719 663 1786 698 bap-

995 709 1074 736 tismo
1091 708 1169 738 dixit.
1185 708 1218 734 de
1233 707 1367 734 mandatis
1382 715 1491 742 quoque
1502 715 1654 735 sermonem
1676 708 1787 743 adjecit.

993 755 1086 782 dicens
1103 764 1109 782 :
1129 754 1279 782 «Ducentes
1295 762 1343 782 eos
1358 762 1470 782 servare
1480 762 1650 789 quaecunque
1661 755 1786 782 mandavi

993 801 1082 828 vobis.
1092 810 1101 826 ι
1115 800 1180 834 Quae
1190 800 1261 827 enim
1276 799 1405 827 Serrator
1416 801 1551 833 mundata,
1562 799 1696 834 Propheta
1709 805 1788 828 vocat

995 848 1164 875 testimonia.
1181 845 1215 874 Et
1230 846 1287 873 haec
1302 846 1404 880 ubique
1426 847 1452 873 in
1487 846 1629 880 Scriptura
1655 847 1785 879 invenies,

152 883 234 910 τοῦτο
260 885 399 920 πανταχοῦ
425 886 476 920 τῆς
501 887 614 922 Γραφῆς
638 888 778 923 εὑρήσεις,
803 889 943 925 μαρτύρια

999 892 1155 919 testimonia
1177 891 1222 918 Dei
1231 891 1305 925 leges
1316 890 1476 925 appellante.
1488 890 1552 917 Post
1565 891 1634 924 haec,
1648 900 1656 917 ι
1674 891 1786 918 Domum

154 931 219 962 τοὺς
234 930 281 956 τοῦ
299 930 366 957 Θεοῦ
384 931 482 966 νόμους
495 933 641 967 καλούσης.
659 934 737 960 Μετὰ
750 934 852 961 ταῦτα·
871 945 879 960 ι
899 935 944 970 Τῷ

155 975 223 1010 οἴκῳ
236 984 282 1002 σου
298 976 398 1012 πρέπει
415 977 548 1012 ἀγίασμα,
566 978 651 1013 Κύριε
663 987 672 996 ο
691 988 700 1005 ι
719 980 843 1014 ἀγίασμα
858 980 945 1015 λέγων

155 1021 207 1052 τὰς
227 1021 340 1053 θυσίας·
353 1023 388 1049 τὰ
411 1022 498 1058 δῶρα,
517 1024 609 1050 πᾶσαν
624 1023 751 1059 λατρείαν
774 1025 823 1060 τὴν
841 1026 946 1060 ὀφειλο-

158 1069 244 1103 μένην
258 1067 318 1102 Θεῷ
330 1076 336 1083 ·
357 1068 375 1096 ἃ
395 1068 511 1103 πρέπειν
537 1069 575 1104 τῷ
589 1070 656 1105 οἴκῳ
672 1063 718 1097 τοῦ
738 1071 805 1098 Θεοῦ
822 1072 944 1105 φάσκων,

156 1113 279 1140 δεῐκυσιν
296 1114 326 1141 οὐ
351 1114 428 1141 κενὸν
444 1115 509 1141 ὄντα.
527 1115 572 1141 τὸν
594 1114 669 1142 οἷκον
696 1116 801 1149 τοῦτον,
822 1118 883 1144 οὐδὲ
897 1118 945 1144 τοῦ

156 1160 226 1187 Θ;οῦ
239 1161 343 1196 ἔρημον
356 1169 363 1177 ⁸
379 1162 438 1188 ἀλλ’
454 1162 535 1189 αὑτὸν
549 1163 577 1189 ἐν
593 1163 683 1198 ἑαυτῷ
700 1163 796 1198 ἔχοντα
811 1164 857 1190 τὸν
873 1165 945 1191 οίκο-

156 1206 302 1241 δεσπότην.
320 1208 351 1234 ΕΞ
375 1208 430 1243 γὰρ
446 1207 524 1239 κενὸς
539 1206 573 1243 ἦν
590 1208 636 1234 τοῦ
651 1208 730 1241 Θεοῦ,
745 1209 794 1236 οὐκ
811 1210 844 1236 ἆν
864 1210 946 1244 ἔπρε-

159 1261 211 1279 πεν
226 1253 301 1288 αὐτῷ
319 1253 354 1279 τὰ
369 1254 408 1289 τῷ
426 1254 485 1289 θεῷ
508 1254 648 1288 πρέποντα
666 1255 738 1290 μόνῳ
751 1262 758 1270 '
777 1255 857 1282 τοῦτο
872 1257 918 1283 καὶ
932 1257 946 1282 6

158 1297 262 1332 Κύριος
277 1299 334 1330 τοῖς
347 1299 505 1334 εἰρημένοις
530 1299 717 1334 προσέθηκεν·
740 1301 946 1335 ἐπαγγειλάμε-

158 1353 204 1375 νος
219 1344 328 1372 ἔσεσθαι
345 1345 415 1380 μετὰ
435 1345 485 1379 τῆς
506 1345 671 1380 Ἐκκλησίας
690 1345 745 1374 ἀεί.
767 1346 823 1382 Τὴν
840 1347 868 1373 δὲ
890 1347 947 1373 Ἑκ-

159 1390 275 1424 κλησίαν
299 1389 374 1418 οἷκον
396 1390 466 1417 θεοῦ
487 1390 589 1422 ζῶντος
604 1391 619 1416 6
643 1391 748 1423 Παῦλος
774 1392 862 1419 καλεῖ.
877 1392 946 1426 Φησὶ

159 1437 226 1472 γὰρ,
246 1445 256 1462 ε
280 1437 338 1463 ἰνα
355 1436 426 1471 γνῷς
450 1437 523 1468 ὅπως
541 1437 580 1464 δεῖ
596 1437 624 1462 ἐν
644 1437 710 1470 οῐκῳ
722 1436 790 1463 Θεοῦ
816 1437 947 1472 ἀναστρέ-

160 1482 259 1517 φεσθαι
271 1490 279 1498 ·
293 1483 354 1518 ἥτις
369 1483 443 1509 ἐστὶν
461 1481 610 1517 Ἐκκλησία
621 1482 812 1514 Θεοῦ·ζῶντος’
829 1492 839 1508 ι
857 1492 866 1508 ‹
878 1482 945 1509 Ἰδοὺ

160 1530 217 1563 ἐγὼ
230 1529 290 1564 μεθ’
301 1529 378 1564 ὑμῶν
393 1530 461 1564 είμι.
472 1538 483 1555 ι
499 1528 554 1555 Καὶ
564 1529 632 1564 ὅπερ
641 1529 756 1562 ἐκεῖνος,
774 1528 822 1560 Εἰς
838 1529 944 1564 μακρό-

159 1584 230 1610 τητα
244 1574 355 1610 ἡμερῶν
366 1584 376 1600 ι
394 1572 482 1608 εἷπεν,
495 1575 508 1601 6
518 1574 620 1609 Κύριος
637 1583 647 1600 i
665 1574 758 1606 Πάσας
766 1574 816 1606 τὰς
826 1575 945 1610 ἡμέρας,

160 1622 254 1656 φησὶν,
264 1622 316 1654 ἕως
322 1621 372 1656 τῆς
378 1621 534 1653 συντελείας
544 1620 591 1647 τοῦ
600 1621 710 1652 αίῶνος.
727 1631 736 1648 ι
748 1622 803 1648 Καὶ
812 1621 883 1656 αὕτη
897 1622 947 1657 μὲν

161 1667 306 1703 ψαλμῳόία
314 1667 403 1698 οὕτως
412 1667 529 1703 ἀκριὸὴς
540 1667 693 1702 προφητεία
701 1667 771 1700 ἐστὶ,
782 1667 837 1693 τῶν
845 1667 889 1694 διὰ
897 1667 945 1695 τοῦ

161 1714 281 1749 σταυροῦ
297 1713 398 1741 καὶτοῦ
407 1714 523 1742 θανάτου
538 1716 577 1748 τῷ
588 1713 696 1748 Σωτῆρι
707 1713 944 1748 κατωρθωμένων.

453 1760 579 1788 ΚΕΦΑΛ.
601 1760 651 1787 Ιθὶν.
809 1763 811 1766 ⁴

286 1808 450 1842 Ἔξήγησις
464 1806 518 1834 τοῦ
530 1807 629 1841 τρίτου
646 1805 827 1842 ἀντιφώνου.

203 1856 236 1882 Ἦ
251 1855 280 1882 δὲ
300 1855 364 1890 ἑξῆς
377 1854 529 1889 ἀπάντησις
544 1851 615 1880 εἶναι
626 1853 701 1880 δοκεῖ
714 1853 751 1885 ὡς
767 1853 817 1888 ἤδη
829 1851 876 1879 τοῦ
892 1853 949 1879 Κυ-

164 1902 223 1938 ρίου
252 1900 490 1936 παραγενομένου,
517 1900 565 1926 καὶ
590 1900 774 1934 φαινομένου·
802 1899 846 1925 διὰ
870 1898 950 1926 τοῦτο

162 1955 232 1985 προς
243 1949 276 1983 τῇ
292 1947 388 1983 εἰσόδῳ
404 1947 451 1974 τοῦ
473 1946 641 1980 Εὑαγγελίου
663 1946 711 1972 καὶ
729 1946 866 1978 ἀναδείξει
881 1946 948 1972 τὰτ-

162 2004 240 2022 τεται
251 1995 298 2021 καὶ
310 1993 412 2029 ᾄδεται,
428 1993 462 2019 δι’
481 1989 512 2019 οὗ
524 1993 538 2018 6
554 1992 671 2027 Χριστὸς
692 1992 868 2027 σημαίνεται.
886 1992 948 2019 Ὀτι

163 2042 192 2069 δὲ
208 2042 258 2076 τὴν
271 2040 318 2067 τοῦ
333 2039 452 2074 Χριστοῦ
466 2039 628 2074 ἐπιφάνειαν
639 2040 653 2065 6
668 2033 810 2074 προιρἠτης
828 2038 881 2073 πρὸ
896 2038 951 2064 τῶν

162 2087 313 2124 ὀφθαλμῶν
333 2086 383 2121 τῆς
398 2086 488 2121 ψυχῆς
502 2085 572 2120 ἔχων
584 2085 684 2120 ταύτην
707 2083 757 2120 ᾖσε
770 2085 819 2121 τὴν
835 2085 952 2120 ψαλμῳ-

162 2135 234 2166 δίαν,
252 2133 391 2160 δείκνυται
407 2132 524 2167 μάλιστα
547 2132 596 2166 μὲν
613 2131 667 2157 ἀπὸ
680 2132 729 2166 τῆς
745 2131 789 2157 ἐπ’
805 2131 879 2165 αὑτῷ
902 2139 951 2165 χα-

165 2182 215 2216 ρᾶς
231 2181 277 2207 καὶ
297 2179 467 2214 εὐφροσύνης
480 2186 487 2194 ·
501 2176 535 2214 ἧς
556 2178 637 2210 αὑτός
652 2186 680 2204 τε
706 2177 831 2212 φαίνεται
846 2177 949 2211 γέμων.

996 943 1071 965 tuam
1101 938 1180 965 decet
1206 937 1383 968 santiticatio,
1408 937 1538 969 Domine;
1566 946 1575 963 ›
1596 937 1788 965 sanctificatio-

995 991 1058 1012 nem
1071 992 1170 1011 vocans
1186 983 1331 1016 sacriﬁcia,
1360 984 1443 1015 dona,
1473 991 1582 1010 omnem
1613 983 1716 1011 cultum
1739 985 1786 1018 qui

996 1029 1053 1058 Ι)υο
1065 1030 1191 1058 debetur:
1209 1029 1254 1064 qui
1269 1029 1364 1056 dicens
1377 1030 1476 1056 decere
1492 1029 1603 1056 domum
1621 1029 1680 1060 Dei,
1695 1034 1789 1056 osten-

996 1075 1037 1104 dit
1054 1083 1107 1103 non
1124 1083 1188 1103 esse
1202 1082 1316 1102 vacuam
1337 1075 1448 1101 domutn
1469 1074 1516 1101 Dei
1535 1082 1623 1109 neque
1664 1075 1720 1102 Deo
1740 1075 1787 1103 de-

996 1123 1133 1153 stitutam,
1151 1122 1199 1148 sed
1216 1121 1302 1155 ipsum
1320 1120 1347 1147 in
1362 1121 1451 1154 scipsa
1469 1120 1569 1148 habere
1585 1121 1682 1148 domus
1697 1119 1788 1148 Domi-

999 1177 1076 1196 num.
1096 1168 1125 1195 Si
1140 1169 1211 1195 enim
1238 1175 1268 1194 ea
1291 1167 1346 1193 Deo
1367 1171 1440 1194 esset
1461 1174 1556 1199 vacua,
1582 1175 1636 1194 non
1661 1167 1787 1195 decerent

996 1222 1056 1242 eam
1078 1213 1122 1241 illa
1135 1221 1195 1247 quae
1204 1212 1254 1240 soli
1273 1213 1326 1240 Deo
1340 1213 1518 1240 conveniunt.
1532 1211 1589 1240 Hoc
1602 1217 1691 1240 autem
1705 1212 1786 1240 etiam

999 1259 1128 1286 Dominus
1145 1259 1178 1287 iis
1195 1266 1257 1293 qure
1277 1259 1349 1286 dicta
1363 1263 1426 1286 sunt
1451 1259 1562 1294 adjecit,
1587 1259 1722 1294 pollicitus
1756 1267 1787 1287 se

997 1313 1104 1340 semper
1121 1305 1244 1332 futurum
1268 1313 1330 1332 cum
1349 1305 1483 1334 Ecclesia.
1513 1306 1663 1336 Ecclesiam
1692 1311 1784 1333 autem

996 1351 1108 1378 domum
1123 1350 1168 1378 Dei
1185 1351 1302 1378 viventis
1321 1355 1399 1378 vocat
1411 1351 1521 1378 Paulus.
1538 1351 1607 1378 Dicit
1623 1352 1714 1379 enim:
1736 1351 1788 1379 «Ut

996 1397 1067 1424 scias
1079 1396 1216 1430 quomodo
1227 1401 1335 1431 oportet
1346 1397 1371 1423 in
1387 1396 1469 1423 domo
1482 1397 1527 1424 Dei
1541 1397 1658 1428 versari,
1670 1405 1730 1431 qua:
1746 1401 1788 1424 cst

997 1442 1119 1469 Ecclesia
1138 1442 1183 1469 Dei
1196 1442 1329 1475 viventis;
1341 1451 1350 1467 ι
1368 1451 1377 1467 ι
1393 1441 1465 1469 Ecce
1479 1449 1529 1476 ego
1538 1442 1677 1469 vobiscum
1691 1450 1749 1469 sum
1760 1450 1783 1472 ;l

998 1492 1024 1514 et
1056 1488 1128 1522 quod
1154 1487 1210 1521 ille,
1239 1486 1292 1513 «1η
1318 1487 1514 1520 longitudinem
1532 1487 1649 1519 dierum,
1667 1496 1676 1512 ι
1703 1486 1786 1518 dixit,

960 1545 981 1574 ρ
999 1533 1128 1560 Dominus
1149 1532 1227 1566 dicit,
1255 1541 1266 1559 ι
1284 1531 1417 1560 Omnibus
1440 1531 1547 1565 diebus,
1565 1539 1650 1565 usque
1666 1532 1698 1559 ad
1718 1539 1787 1558 con-

1000 1577 1210 1606 summationem
1229 1578 1333 1606 seaculi.
1354 1587 1363 1604 ι
1377 1578 1410 1605 Ει
1426 1578 1483 1605 haec
1503 1578 1611 1612 quidem
1635 1577 1786 1612 psalmodia

1001 1623 1123 1651 estadeo
1136 1627 1232 1650 exacta
1250 1623 1392 1658 proPhetia
1410 1630 1505 1651 eorum
1525 1631 1586 1658 qua:
1614 1631 1661 1658 per
1676 1630 1786 1650 crucem

999 1673 1026 1697 et
1041 1675 1156 1697 mortem
1173 1678 1188 1697 a
1213 1670 1359 1698 Servatore
1370 1675 1444 1704 gesta
1461 1674 1534 1698 sunt.

1311 1760 1387 1789 CAP.
1415 1759 1485 1788 XIX.

1159 1807 1344 1842 Interpretalio
1365 1807 1451 1834 (enim
1470 1806 1630 1841 antiphonw.

1036 1852 1102 1886 Quae
1117 1857 1208 1880 autem
1224 1852 1358 1886 sequitur,
1376 1851 1483 1879 videtur
1498 1860 1558 1879 esse
1571 1852 1678 1886 quidam
1693 1859 1789 1879 occur-

999 1906 1057 1931 sus,
1077 1903 1203 1932 tanquam
1223 1897 1402 1932 Dominojam
1417 1896 1570 1923 accedente
1584 1902 1608 1923 et
1624 1900 1788 1931 apparente;

999 1948 1026 1971 et
1044 1943 1106 1970 ideo
1124 1943 1149 1969 in
1176 1942 1302 1977 ingressu
1326 1941 1467 1975 Evangelii
1484 1944 1511 1968 et
1528 1941 1687 1968 ostensione
1708 1941 1787 1975 poni-

1004 1995 1048 2017 tur
1059 1994 1085 2017 et
1096 1989 1214 2020 canitur,
1230 1996 1279 2023 per
1291 1995 1370 2022 quam
1382 1987 1508 2014 Christus
1520 1987 1698 2021 significatur.
1710 1985 1789 2018 Quod
1808 2024 1811 2025 ν

1003 2040 1094 2063 autem
1122 2035 1223 2062 Christi
1250 2034 1450 2068 apparitionem
1482 2037 1544 2060 ante
1568 2032 1663 2059 oculos
1689 2032 1789 2058 anima:

1003 2082 1107 2109 habens
1124 2079 1272 2115 Propheta,
1293 2081 1362 2106 hanc
1388 2079 1488 2106 cecinit
1507 2078 1702 2112 psalmodiam,
1730 2084 1789 2103 ma-

1003 2129 1075 2156 xime
1090 2129 1199 2163 quidem
1218 2128 1371 2155 ostenditur
1386 2134 1418 2153 cx
1445 2125 1544 2160 gaudio
1561 2129 1589 2152 ct
1613 2124 1717 2156 laetitia,
1734 2130 1788 2155 qua

1001 2183 1033 2202 ea
1050 2176 1082 2202 de
1094 2181 1174 2202 causa
1203 2174 1261 2208 ipse
1288 2172 1384 2208 plenus
1408 2171 1527 2202 videtur,
1557 2174 1583 2197 et
1603 2170 1670 2196 alios
1694 2176 1790 2195 omnes

163 2229 212 2255 καὶ
240 2227 302 2257 τοὺς
328 2226 424 2256 ἄλλους
448 2225 573 2255 ἅπαντας
601 2224 641 2254 ei;
672 2224 817 2250 κοινωνίαν
847 2223 942 2249 καλεῖ·

999 2225 1076 2248 vocat
1091 2221 1123 2248 ad
1137 2220 1293 2247 societatem
1308 2226 1314 2245 :
1332 2217 1453 2249 «Venite,
1467 2216 1635 2244 exsultemus
1648 2215 1789 2242 Domino.»

167 2284 175 2300 |
191 2272 284 2304 Δεῦτε,
297 2269 572 2305 ἀγαλλιασώμεθατῷ
581 2269 674 2305 Κυρίῳ
685 2278 692 2284 ·
709 2279 718 2295 ι
734 2269 763 2295 οὐ
777 2268 830 2303 γὰρ
844 2266 878 2303 ἦν
891 2267 951 2302 χαί-

166 2329 224 2357 ρειν
241 2319 386 2354 ἄνθρωπον
411 2317 448 2352 μὴ
465 2316 513 2343 τοῦ
534 2316 636 2351 Κυρίου
662 2315 894 2349 ἐπιδημήσαντος,
909 2314 951 2340 ὅτι

163 2366 213 2402 τὴν
223 2365 312 2400 χαρὰν
329 2365 396 2399 ἡμῖν
411 2364 423 2389 6
437 2362 553 2397 Χριστὸς
576 2362 688 2396 ἐκόμισε
706 2361 796 2395 μόνος,
814 2359 861 2386 καὶ
877 2358 951 2389 εῐτις

164 2413 193 2440 δὲ
211 2412 277 2447 πρὶν
294 2411 399 2437 ἐκεῖνον
415 2408 502 2435 ἐλθεῖν
516 2409 555 2439 εἰς
569 2408 618 2443 τὴν
632 2407 684 2441 γῆν
700 2406 803 2441 ἔχαιρε,
820 2405 855 2431 τὰ
876 2403 952 2430 ὲκεί-

165 2467 212 2485 νου
231 2457 344 2493 μυηθεὶς
356 2456 475 2490 ἔχαιρεν.
490 2453 745 2489 ι”ΩσπερἊσραὰμ
756 2452 951 2487 ἠγαλλιάσατο,

164 2506 261 2539 φησὶν,
278 2504 321 2530 ἵνα
337 2503 380 2538 ίδῃ
396 2502 445 2536 τὴν
470 2501 577 2536 ἡμέραν
591 2499 640 2534 τὴν
656 2499 736 2534 ὲμὴν,
755 2500 802 2525 καὶ
827 2495 891 2529 εῐδε,
906 2497 953 2524 καὶ

165 2551 266 2585 ἐχάρη.
284 2559 293 2574 ι
315 2549 369 2575 K21
395 2548 475 2578 αὐτὸς
502 2548 515 2573 ὁ
542 2546 636 2577 Δαὸὶδ,
663 2554 672 2570 ι
699 2544 812 2574 Ἀπόδος
836 2551 880 2577 μοι
903 2542 953 2576 τὴν

165 2595 327 2629 ἁγαλλίασιν
344 2593 390 2619 τοῦ
409 2591 546 2626 σωτηρίου
564 2599 622 2617 σου.
643 2599 653 2616 ι
675 2589 725 2615 Ἦν
749 2589 804 2622 γὰρ
821 2586 954 2621 ἀγαλλία-

167 2650 211 2667 σιν
228 2637 297 2674 εἶχεν
312 2639 340 2664 ὲν
356 2637 393 2672 τῷ
408 2635 519 2671 Χριστῷ
543 2636 609 2670 πρὶν
629 2634 774 2669 ἁμαρτεῖν,
793 2632 896 2666 ταύτην
919 2630 953 2657 δι’

167 2685 207 2714 ὦν
219 2686 344 2721 ἥμαρτεν
359 2682 516 2714 ἁποὸαλὼν,
533 2681 680 2709 ἀπολαϐεῖν
698 2680 803 2706 ἱκέτευε
820 2679 865 2705 τὸν
876 2677 952 2704 om.

167 2735 275 2767 Ὠσπερ
287 2729 333 2759 οὖν
349 2733 372 2757 εἰ
394 2731 481 2764 ἔλεγε,
503 2729 584 2755 Δεῦτε
599 2729 644 2755 καὶ
659 2727 849 2762 φωυισθῶμεν,
866 2725 954 2760 φωτὸς

166 2779 201 2806 ἂν
218 2778 321 2813 ἐμήνυε
342 2776 496 2811 παρουσίαν
507 2783 514 2790 ³
533 2774 620 2805 οὕτως
631 2773 728 2804 εἰπὼν,
742 2783 750 2797 ι
764 2773 856 2801 Δεῦτε.
871 2772 954 2806 ἀγαλ-

166 2822 327 2857 λιασώμεθα
353 2822 390 2856 τῷ
415 2821 518 2855 Κυρίῳ,
541 2830 550 2846 ι
568 2820 703 2846 δείκνυσιν
729 2820 811 2845 αὖτῖιν
836 2818 953 2852 ιρλνῆναι

168 2871 215 2897 τὸν
233 2869 379 2904 κομίζοντα
396 2867 443 2902 τὴν
460 2867 556 2902 χιρὲιν.
575 2867 690 2893 Ἔπειτα
709 2867 753 2892 καὶ
777 2865 889 2900 Σωτῆρα
907 2865 952 2891 καὶ

1001 2266 1060 2294 Non
1085 2270 1192 2300 poterat
1226 2265 1297 2291 enim
1322 2264 1403 2290 homo
1429 2262 1560 2297 gaudere,
1583 2261 1635 2288 nisi
1659 2260 1789 2287 Dominus

1002 2320 1064 2340 cum
1081 2313 1120 2339 eis
1133 2315 1301 2344 versaretur,
1320 2310 1383 2344 quia
1398 2309 1477 2337 solus
1490 2306 1707 2335 Christus‘nobis
1722 2313 1789 2340 gau-

1002 2357 1076 2385 dium
1100 2356 1211 2389 attulit;
1237 2360 1264 2383 et
1280 2356 1301 2382 si
1327 2354 1389 2389 quis
1403 2358 1551 2387 antequam
1569 2352 1614 2378 ille
1636 2353 1662 2377 tu
1687 2355 1788 2378 terram

1002 2403 1118 2435 veniret,
1131 2403 1241 2437 gavisus
1255 2407 1306 2432 est,
1325 2401 1350 2428 in
1368 2401 1410 2432 iis,
1427 2407 1487 2434 qua:
1503 2399 1535 2426 ad
1553 2398 1626 2424 illum
1643 2397 1790 2432 pertinent,

1004 2449 1131 2477 initiatus
1162 2449 1271 2483 gavisus
1287 2452 1337 2475 est.
1356 2457 1365 2472 ι
1382 2447 1459 2474 Sicut
1476 2446 1611 2472 Abraham
1632 2444 1788 2474 exsullm‘ii,

1003 2497 1103 2530 inquit,
1123 2500 1152 2523 ut
1166 2495 1271 2522 videret
1288 2494 1360 2522 diem
1376 2500 1479 2524 meum,
1502 2497 1528 2519 et
1544 2491 1622 2522 vidit,
1637 2496 1664 2516 et
1680 2491 1790 2523 gavisus

1003 2547 1072 2570 est.»
1085 2541 1118 2569 Et
1133 2542 1191 2576 ipse
1208 2541 1303 2573 David,
1324 2539 1432 2567 «licdde
1447 2537 1515 2565 mihi
1539 2536 1661 2565 laetitiam
1686 2536 1789 2562 saluta-

1003 2589 1041 2616 ris
1053 2589 1120 2615 tui»
1137 2588 1224 2620 Quam
1242 2587 1314 2613 enim
1338 2585 1454 2612 habebat
1474 2584 1597 2610 laetitiam
1624 2583 1649 2608 in
1677 2581 1789 2608 Christo

1003 2639 1149 2667 antequam
1176 2635 1315 2665 peccaret.
1341 2638 1401 2657 eain
1427 2636 1476 2664 per
1494 2633 1634 2663 peccatum
1658 2626 1787 2653 amissam

1005 2684 1034 2706 ut
1051 2678 1197 2712 reciperet,
1215 2677 1297 2703 Deum
1315 2677 1412 2703 oravit.
1430 2674 1662 2708 Quemadmodum
1689 2679 1752 2706 ergo
1765 2671 1787 2697 si

1004 2725 1129 2758 dixisset,
1152 2723 1246 2750 Venite
1262 2728 1289 2750 et
1308 2722 1502 2753 iiluminemus,
1529 2720 1598 2746 lucis
1616 2717 1789 2752 prmscntiam

1005 2771 1194 2807 significasset,
1215 2770 1251 2796 ita
1274 2777 1334 2796 cum
1359 2767 1443 2795 dixit:
1475 2766 1597 2798 (Venite,
1619 2764 1791 2792 exsultcmus

1007 2818 1131 2848 Domino,
1153 2826 1162 2842 ι
1180 2815 1297 2843 ostendit
1317 2821 1378 2841 cuin
1409 2813 1566 2846 apparuisse
1589 2810 1633 2845 qui
1654 2808 1788 2835 alicula:-

1006 2864 1103 2891 titiani.
1119 2863 1218 2890 Dcindc
1237 2862 1318 2889 etiam
1348 2859 1519 2887 Servutorcm
1547 2858 1618 2884 hunc
1645 2855 1789 2883 Dominum
