1976 3074
186 120 238 150 4X5

812 125 965 156 NlCOLAl
984 127 1177 157 CABASILE

1754 126 1807 158 416

185 177 244 204 sive
259 177 360 212 dicere,
374 178 431 207 sive
442 179 536 207 audire
549 180 650 216 aliquid
666 189 698 208 ex
712 182 798 210 sacris
813 183 962 217 oportebit;

1020 183 1072 209 εἰτε
1084 183 1131 209 καὶ
1147 183 1260 210 ἀκούειν
1272 191 1297 209 τι
1310 183 1401 218 δεήσει
1419 183 1500 219 ἱερῶν
1512 191 1519 199 ·
1541 184 1587 210 καὶ
1602 185 1714 220 σημεῖον
1728 185 1808 211 τοῦτο

185 228 213 251 et
235 224 287 252 hoc
303 225 419 259 primum
442 226 549 260 signum
566 227 711 254 ostendere
737 227 818 262 hujus
842 229 926 256 studii
940 233 967 257 et

185 271 358 303 reverentia).
374 272 497 306 corpouis
515 273 691 306 erectionem,
712 279 742 301 ut
757 282 810 301 non
828 275 965 309 sedentes,

185 318 234 343 sed
250 317 317 344 recti
339 317 390 344 hoc
412 325 533 352 agamus.
551 317 625 345 Talis
647 325 689 347 est
713 321 784 347 enim
810 321 919 348 habitus
941 326 968 350 ct

186 361 271 395 ﬁgura
296 362 458 396 supplicum.
476 364 539 391 talis
557 364 667 393 habitus
692 373 844 397 servorum,
863 367 909 402 qui
932 367 965 395 ad

184 410 279 432 nulum
305 406 480 435 dominorum
505 417 613 437 omnem
637 416 755 439 mentem
775 417 893 440 erectam
919 414 967 441 ha-

186 451 258 482 bent,
276 455 306 478 ut
320 451 411 478 Statim
430 452 463 478 ad
491 454 686 488 ministerium,
700 461 843 491 postquam
858 458 965 492 jussum

183 497 359 531 arripuerint,
374 502 449 526 recta
472 505 599 533 currant;
616 509 666 529 nos
680 507 770 530 autem
794 511 889 532 sumus
912 505 966 532 Deo

183 542 216 567 de
241 543 369 569 maximis
393 545 529 579 supplices
552 550 579 573 et
605 548 679 575 omni
704 548 845 576 servitutis
868 557 966 582 genere

182 587 264 615 servi.
282 588 315 616 Et
327 589 423 617 borum
440 591 549 625 quidem
564 593 710 621 verborum
724 594 781 622 haec
796 600 838 622 est
851 596 930 623 ratio.

481 692 557 721 CAP.
581 693 664 722 XXII.

255 737 291 763 De
308 737 417 765 lectione
429 738 628 773 Scriptumrum
641 746 663 767 et
679 742 770 769 ordine
785 751 889 775 earum,

455 779 478 800 et
494 775 693 808 signiﬁcatione.

216 816 282 845 Post.
299 824 339 845 ter
354 824 478 846 sanctum
496 820 638 855 hymnum,
654 822 752 857 legitur
774 823 843 851 liber
858 830 969 860 aposto-_

182 863 266 895 licus;
289 864 386 892 deinde
403 864 598 900 Evangelium,
622 868 723 903 hymno
747 871 825 905 prius
851 871 905 898 Deo
930 872 965 899 ab
981 859 1001 886 Β

181 908 303 936 Ecclesia
322 914 440 937 cantato.
457 911 512 938 Cur
526 917 617 939 autem
635 918 699 941 ante
723 915 853 944 lectiones
874 925 966 945 sacra-

181 961 241 981 rum
274 955 477 990 Scripturarum
518 958 602 986 Deum
637 960 800 990 laudamus?
829 963 906 996 Quod
939 965 965 991 in

181 1000 310 1029 omnibus
333 1007 442 1037 oportet
459 1003 510 1031 hoc
535 1004 634 1037 facere,
651 1007 750 1041 quibus
772 1008 818 1036 ille
839 1017 889 1037 nos
907 1018 967 1044 per-

181 1050 262 1080 petuo
279 1049 372 1080 donat,
399 1049 518 1077 maxime
533 1055 622 1078 autem
641 1057 755 1087 propter
766 1055 965 1083 assecutioncm

181 1091 271 1125 magni
289 1092 407 1126 alicujus
430 1093 502 1126 boni,
523 1096 603 1129 quale
617 1101 658 1124 est
674 1097 829 1126 divinorum
846 1101 967 1136 eloquio—

182 1144 243 1162 rum
279 1137 393 1165 auditio.
427 1138 480 1166 Sed
504 1140 531 1166 in
555 1140 687 1175 Apostolo
708 1145 827 1177 quidem,
849 1146 967 1182 hymnus

181 1187 244 1206 cum
273 1181 482 1215 supplicatione.
507 1184 623 1212 Additur
648 1188 721 1215 enim
743 1189 829 1218 illud:
857 1200 866 1217 ι
888 1191 968 1219 Mise-

182 1232 252 1251 rere.
266 1235 275 1251 1
299 1226 326 1252 In
346 1227 492 1262 Evangelia
511 1235 602 1257 autem
621 1239 716 1265 puram
738 1239 752 1258 a
770 1234 967 1268 supplicatione

181 1270 299 1298 facimus
326 1272 512 1307 hymnodiam,
540 1279 570 1302 ut
600 1278 721 1305 sciamus
745 1280 818 1313 quod
841 1280 966 1308 Christus

182 1323 230 1348 per
244 1315 420 1352 Evangelium
435 1319 627 1355 signiﬁcatur;
643 1330 724 1358 quem
740 1324 786 1359 qui
802 1325 965 1358 invenerint.

182 1362 216 1389 iis
231 1370 312 1391 omne
332 1365 404 1398 quod
427 1368 561 1401 quaeritur
581 1373 623 1396 est
654 1369 681 1396 in
706 1371 965 1400 manibus.’Etenim

182 1409 256 1436 intus
273 1414 315 1436 est
331 1410 465 1445 Sponsus,
483 1418 510 1440 et
531 1422 585 1442 non
609 1423 679 1450 opus
696 1423 737 1446 est
754 1419 796 1447 eis
815 1421 847 1448 de
868 1421 922 1449 ulla
937 1429 967 1449 re

182 1455 346 1488 supplicare,
369 1464 430 1485 cum
450 1460 542 1488 omnia
564 1461 693 1491 habeant.
722 1465 799 1492 Sicut
825 1473 875 1494 nec
900 1475 966 1495 con-

182 1504 344 1528 sentaneum
355 1503 481 1538 jejunare
496 1505 566 1534 ﬁlios
580 1507 691 1542 Sponsi,
707 1511 827 1544 quandiu
848 1515 889 1539 est
904 1520 964 1539 cum
978 1523 999 1554 ο

180 1545 221 1572 eis
235 1545 358 1581 Sponsus
369 1569 376 1581 ,
397 1551 444 1577 sed
457 1558 518 1578 eum
535 1556 639 1581 tantum
657 1557 780 1583 venerari
794 1561 821 1583 ct
833 1557 961 1592 laudare,

181 1593 400 1627 quandoquidem
413 1603 440 1623 et
450 1598 608 1632 angelorum
619 1600 747 1635 hymnus,
757 1603 864 1637 qualem
875 1604 963 1638 ipsum

182 1637 320 1670 prophetae
335 1640 444 1669 docent.
457 1647 567 1676 propter
580 1644 702 1671 eamdem
718 1647 864 1679 rationem.
875 1637 964 1676 solum

183 1684 299 1715 hymnus
312 1688 353 1711 est
369 1685 404 1712 ab
419 1687 492 1713 omni
515 1690 715 1723 supplicatione
730 1692 807 1721 liber.
830 1693 882 1721 Sed
899 1690 964 1729 quid

181 1727 232 1754 sibi
257 1729 312 1755 vult
339 1730 382 1757 hic
399 1738 540 1759 sacrarum
560 1733 724 1763 Litterarum
749 1737 846 1766 lectio?
872 1739 900 1766 Si
922 1741 964 1769 vis

181 1773 290 1806 quidem
309 1783 385 1802 usum
409 1778 491 1808 scire.
512 1780 615 1807 dictum
637 1781 757 1809 est.'Nos
773 1785 845 1811 cnim
860 1793 963 1821 praapa-

180 1824 239 1846 rant
265 1825 290 1847 et
323 1830 497 1858 prmpurgant
525 1832 588 1855 ante
619 1837 744 1862 magnam
772 1832 961 1866 mysteriorum

179 1865 435 1897 sanctiﬁcationem.
447 1870 495 1897 Sin
509 1876 598 1899 autem
612 1874 712 1908 quieris
724 1865 961 1910 signiﬁcationem,

181 1910 285 1938 Domini
300 1913 547 1944 nranil‘estationem
563 1918 726 1953 signiﬁcant,
739 1929 791 1956 qua
806 1923 963 1951 manifesta--

178 1960 222 1983 tus
244 1962 285 1984 est
300 1960 429 1993 paulatim
452 1968 512 1996 post
533 1965 729 1993 ostensioncm.
752 1967 871 1996 Primum
889 1970 961 1997 enim

177 2004 539 2041 Ostenditur-complicatum
559 2009 747 2046 Erangelium,
768 2013 840 2048 quod
854 2013 960 2043 Domini

177 2049 378 2083 apparitionem
393 2053 538 2088 signiﬁcat,
557 2064 604 2089 per
619 2065 701 2091 quam
720 2059 959 2093 ipsunrJacentem

178 2092 257 2120 l'atcr
274 2097 403 2130 ostendit,
420 2101 531 2133 quando
547 2102 593 2129 ille
611 2103 680 2130 nihil
698 2092 813 2139 loquens
830 2107 960 2140 praedica-

177 2139 244 2166 toris
259 2148 324 2167 voce
344 2150 412 2176 opus
440 2144 545 2174 habuit.
566 2147 629 2175 Haec
652 2153 741 2176 autem
769 2139 958 2184 perfectiorem

177 2185 424 2216 manilestationem
452 2191 606 2225 signiﬁcant
628 2203 634 2220 :

175 2237 236 2256 cum
257 2233 386 2261 omnibus
406 2238 630 2270 conversabatur.
644 2245 670 2267 et
691 2242 809 2276 scipsum
834 2245 958 2271 ostende-

175 2276 230 2308 bat,
248 2285 302 2304 non
317 2279 403 2306 solum
417 2288 449 2308 ex
471 2282 502 2309 iis
528 2291 588 2318 qua:
614 2286 672 2320 ipse
685 2287 802 2321 dicebat,
817 2288 864 2316 sed
874 2290 956 2317 etiam

174 2328 207 2347 cx
237 2322 269 2349 iis
299 2331 359 2357 qu.e
382 2325 475 2353 docuit
501 2331 641 2363 apostolos
656 2333 759 2365 dicere,
784 2334 896 2363 mittens
909 2343 957 2363 eos

173 2365 206 2391 ad
225 2372 289 2393 oves
317 2376 377 2403 qnaa
403 2371 542 2405 perierant
568 2376 665 2404 domus
690 2377 784 2406 Israel.
810 2378 956 2414 Propterea

174 2410 300 2445 leguntur
325 2415 433 2449 quidem
459 2418 554 2447 litterae
585 2423 751 2457 apostolica,
776 2424 875 2461 legitur
903 2434 956 2453 au-

174 2462 225 2484 tcm
260 2459 348 2493 ipsum
380 2470 489 2497 quoque
513 2465 701 2501 Evangelium.
724 2470 781 2497 Cur
806 2459 865 2499 non
888 2481 955 2507 ergo

172 2503 288 2536 primum
306 2505 502 2542 Erangelium?
517 2510 586 2543 Quia
608 2513 779 2546 perfectioris
798 2503 956 2545 manifesta-

171 2547 252 2575 iionis
266 2550 342 2584 signa
361 2557 436 2585 sunt,
451 2561 511 2588 qua:
532 2563 579 2588 pcr
592 2556 680 2591 ipsum
697 2559 854 2593 Dominum,
873 2571 953 2597 quam

170 2602 231 2627 qute
254 2603 302 2630 per
327 2598 466 2631 apostolos
490 2600 630 2630 dicuntur.
648 2603 716 2637 Quia
733 2612 822 2635 autem
840 2617 891 2635 non
911 2617 953 2635 re-

170 2645 261 2674 pente,
275 2647 302 2669 ct
323 2651 377 2671 uno
399 2645 482 2673 simul
506 2651 627 2682 tempore
651 2653 779 2685 apparuit
797 2654 953 2685 hominibus

172 2685 303 2716 Dominus
325 2696 429 2723 quanto
455 2698 514 2719 erat
545 2695 645 2722 robore
660 2701 687 2723 et
709 2703 809 2731 quanta
835 2701 953 2730 bonitate

171 2732 236 2766 (hoc
248 2735 320 2762 enim
340 2741 381 2763 cst
396 2739 510 2765 secumli
523 2740 582 2775 ejus
598 2741 754 2777 adventus),
766 2745 813 2771 sed
829 2747 870 2772 ria
888 2755 950 2781 pro-

171 2778 281 2811 cedens,
302 2781 335 2808 ab
349 2790 381 2809 eo
397 2785 467 2817 quod
479 2791 520 2812 est
535 2786 624 2814 mitius
640 2794 775 2822 apertum,
790 2792 822 2817 ad
841 2792 865 2818 id
879 2794 952 2827 quod

171 2828 213 2850 ut
229 2827 400 2855 manifestius
416 2832 568 2864 processit:
588 2842 618 2861 ea
632 2834 663 2862 dc
675 2842 757 2863 causa
771 2845 817 2864 cos
835 2839 879 2872 qui
893 2840 952 2873 ejus

1019 228 1127 263 πρῶτον
1140 228 1278 256 δεικνύναι.
1293 230 1341 264 τῆς
1358 231 1476 264 σπουδῆς
1499 229 1611 264 ταύτης,
1628 230 1676 256 καὶ
1694 232 1743 265 τῆς
1761 231 1806 257 εὺ-

1017 274 1138 306 λαϐείας,
1153 275 1202 308 τὴν
1224 275 1341 310 δροωσιν
1364 275 1410 301 τοῦ
1429 275 1566 311 σώματος,
1580 277 1610 301 τὸ
1628 276 1664 310 μὴ
1683 276 1807 310 καθημέ-

1018 329 1088 352 νους,
1115 321 1172 348 ἀλλ’
1195 322 1315 352 ἑστῶτας
1333 320 1411 347 τοῦτο
1429 322 1517 348 ποιεῖν
1532 329 1539 336 ·
1566 321 1687 347 τοιοῦτον
1706 322 1762 356 γὰρ
1777 322 1807 348 τὸ

1018 367 1110 402 σχῆμα
1125 367 1178 394 τῶν
1196 367 1383 399 ἱκετευόντων,
1398 367 1519 393 τοιοῦτον
1529 368 1560 393 τὸ
1575 367 1667 402 σχῆμα
1678 368 1731 394 τῶν
1744 368 1806 394 δού-

1017 412 1082 443 λων,
1097 413 1123 439 οἳ
1141 413 1208 448 πρὸς
1224 413 1254 439 τὸ
1270 413 1358 447 νεῦμα
1384 413 1438 439 τῶν
1453 414 1606 445 Δεσποτῶν,
1625 412 1732 440 ἅπαντα
1759 414 1806 441 τὸν

1018 458 1079 486 νοῦν
1094 458 1212 493 ἔχουσιν,
1229 458 1273 485 ἴνα
1287 459 1356 493 πρὸς
1371 459 1419 494 τὴν
1433 459 1570 486 διακονίαν
1586 459 1715 494 ἑτοίμοις,
1730 460 1805 486 ἐπει-

1018 505 1066 531 δὰν
1081 505 1111 531 τὺ
1127 505 1271 532 κελευσθὲν
1287 506 1442 540 ἀρπάσωσι,
1455 506 1536 538 εὐθὺς
1545 506 1687 541 ὃράμωσιν
1702 514 1709 521 '
1724 507 1804 541 ἡμεῖς

1017 550 1046 577 δὲ
1063 551 1108 577 καὶ
1128 551 1216 577 ἱκέται
1234 550 1273 586 τῷ
1288 551 1347 585 Θεῷ
1370 551 1433 586 περὶ
1451 551 1505 578 τῶν
1521 551 1667 584 μεγίστων,
1683 552 1731 577 καὶ
1743 552 1805 578 δοῦ-

1017 597 1059 622 ).οι
1074 597 1121 623 καὶ
1148 596 1272 623 δουλείαν
1297 597 1483 633 παντοδαπὴν.
1501 597 1557 624 Καὶ
1578 597 1633 623 τῶν
1653 597 1701 632 μὲν
1716 598 1805 633 ῥημά-

1017 649 1072 668 των
1085 641 1189 668 τούτων
1204 639 1282 674 οὗτος
1295 644 1308 669 ὁ
1324 642 1412 676 λόγος.

1314 698 1441 725 ΚΕΦΑΛ.
1458 698 1522 725 Kll'.

1019 743 1086 777 Περὶ
1101 742 1369 783 τῆςλάναγννῴσε-ως
1382 743 1442 783 τῷν
1457 745 1598 783 {pagatim
1618 747 1667 774 καὶ
1688 748 1743 783 τῆς
1757 749 1806 776 τά-

1156 779 1231 811 ξεως
1246 778 1355 810 αὐτῶν,
1372 779 1421 805 καὶ
1437 779 1491 813 τῆς
1504 778 1670 815 σημασίας.

1054 824 1131 850 Μετὰ
1142 824 1170 851 δὲ
1182 825 1227 850 τὸν
1248 824 1390 858 τρισάγιον
1405 825 1502 859 ὕμνον,
1517 826 1696 855 ἀποστολικδν
1711 829 1807 864 ἀναγι-

1016 869 1170 903 γνώσκεται
1188 870 1289 905 βιελίον
1302 879 1308 885 ·
1322 868 1382 897 εἶτα
1394 871 1423 897 τὸ
1437 871 1603 906 Εὑαγγὲλιον
1618 874 1695 908 aint,
1708 876 1806 910 πρότι-

1019 924 1063 950 ρον
1079 915 1164 950 ὕμνου
1181 916 1220 950 τῷ
1237 916 1296 951 Θεῷ
1321 916 1397 951 παρὰ
1417 917 1465 952 τῆς
1487 918 1650 953 Ἑκκλησίας
1665 920 1805 955 ᾀσθέντος,

1016 962 1065 989 Διὰ
1079 962 1146 988 τίδὲ
1166 961 1220 996 πρὸ
1241 961 1294 988 τῶν
1320 961 1502 996 ἀναγνώσεων
1519 964 1600 999 ἱερῶν
1616 965 1745 1000 Γραφῶν,
1758 967 1804 993 τὸν

1016 1009 1082 1035 Θεὸν
1097 1008 1236 1044 ὺμνοῦμεν
1249 1016 1257 1040 ;
1275 1008 1336 1034 Ὀτι
1352 1007 1398 1034 ἐπὶ
1418 1009 1485 1034 πᾶσι
1500 1008 1579 1035 τοῦτο
1595 1008 1635 1035 δεῖ
1654 1012 1751 1042 ποιεῖν,
1764 1009 1805 1043 οἷς

1016 1056 1119 1086 ἐκεῖνος
1135 1056 1209 1090 ἡμᾶς
1225 1055 1356 1081 ἑκάστοτε
1383 1054 1553 1089 δωρούμενος
1575 1055 1710 1083 διατελεῖ·
1727 1057 1807 1092 μάλι-

1017 1110 1067 1128 στα
1081 1102 1108 1128 δὲ
1126 1103 1154 1128 ὲν
1170 1101 1307 1133 ὲπιτεύξει
1323 1101 1441 1136 μεγάλου
1458 1101 1529 1133 τινὸς
1541 1102 1646 1134 ἀγαθοῦ
1657 1110 1664 1118 ⁸
1680 1099 1736 1130 οἷόν
1747 1104 1804 1130 ἐστι

1017 1148 1033 1182 ἡ
1057 1147 1112 1174 τῶν
1136 1147 1215 1174 θείων
1241 1147 1338 1181 λογίων
1363 1147 1496 1182 ἀκρόασις
1511 1155 1518 1162 ·
1534 1148 1592 1174 ἀλλ’
1617 1149 1663 1175 ἐπὶ
1681 1148 1731 1182 μὲν
1757 1149 1804 1176 τοῦ

1022 1192 1185 1218 Ἀποστιῦλου
1201 1193 1270 1227 μετὰ
1282 1192 1387 1223 ἱκεσίας
1404 1191 1498 1225 ὕμνος.
1516 1192 1745 1227 Πρόσκειταιγάρ
1760 1193 1802 1227 τὺ,

1020 1245 1030 1261 α
1058 1236 1194 1271 Ἐλέησον.
1213 1245 1222 1261 ι
1247 1236 1308 1263 Ἐπὶ
1324 1236 1352 1262 δὲ
1367 1235 1414 1262 τοῦ
1431 1236 1599 1270 Εὐαγγελίου
1613 1237 1734 1272 καθαρὰν
1747 1237 1806 1264 ἱκε-

1017 1282 1076 1308 σίαν
1101 1282 1250 1317 ποιούμεθα
1276 1282 1327 1317 τὴν
1347 1282 1492 1317 ὑμνῳδίαν,
1513 1282 1557 1309 ἴνα.
1585 1282 1717 1318 μάθωμεν
1738 1283 1805 1315 ὡςιὸ

1015 1328 1133 1363 Χριστὸς
1151 1328 1194 1354 διὰ
1218 1328 1265 1354 τοῦ
1293 1328 1460 1362 Εὑαγγελίου
1479 1329 1666 1363 σημαίνεται·
1693 1329 1723 1356 ὃν
1746 1331 1804 1361 τοῖς

1015 1373 1151 1408 εὑροῦσιν,
1166 1375 1238 1401 ἅπαν
1253 1374 1283 1401 τὸ
1303 1374 1469 1409 ζητούμενον
1490 1375 1518 1401 ὲν
1532 1375 1635 1410 χερσίν,
1650 1375 1704 1402 Καὶ
1720 1375 1773 1410 γὰρ
1788 1376 1805 1402 ὀ

1016 1418 1141 1454 Νυμφίος
1167 1419 1251 1450 ἔνδον,
1271 1420 1318 1446 καὶ
1335 1421 1366 1446 οὐ
1381 1420 1460 1454 χρεία
1490 1420 1626 1446 ἱκετεύειν
1639 1420 1720 1447 αὐτὸν
1736 1421 1802 1456 περὶ

1015 1466 1131 1499 οὺδενὺς,
1146 1466 1235 1493 πάντα
1251 1467 1371 1501 ἔχοντας.
1384 1467 1489 1502 Ὠσπερ
1500 1466 1560 1493 οὐδὲ
1573 1467 1715 1502 νηστεύειν
1726 1468 1803 1498 υἱοὺς

1015 1511 1063 1538 τοῦ
1080 1512 1236 1547 Νυμφῶνος
1264 1513 1347 1545 εἰκὸς,
1366 1512 1409 1546 ἐφ’
1426 1513 1489 1539 ὅσον
1512 1513 1571 1547 μετ’
1586 1513 1676 1539 αὐτῶν
1701 1514 1774 1539 ἐστιν
1787 1515 1803 1540 ὁ

1015 1557 1142 1591 Νυμφίος
1155 1566 1162 1573 ”
1184 1557 1251 1584 ἀλλὰ
1270 1557 1349 1584 τοῦτο
1371 1558 1462 1592 μόνον,
1486 1558 1576 1584 σέϐειν
1593 1558 1674 1584 αὐτὸν
1687 1560 1734 1585 καὶ
1750 1560 1803 1593 ὑμ-

1015 1603 1089 1629 νεῖν·
1107 1603 1169 1629 ἐπεὶ
1188 1603 1235 1630 καὶ
1254 1604 1268 1630 ὁ
1280 1603 1334 1629 τῶν
1352 1604 1476 1637 ἀγγέλων
1491 1603 1584 1639 ὕμνος,
1608 1602 1664 1631 οἷον
1680 1605 1760 1631 αὐτὸν
1776 1607 1802 1632 οἱ

1016 1648 1157 1682 προφῆται
1184 1648 1352 1682 διδάσκουσι,
1373 1649 1418 1675 διὰ
1438 1649 1484 1676 τὸν
1512 1650 1593 1676 αὑτὸν
1614 1650 1703 1683 λόγον,
1728 1650 1802 1677 τοῦτ’

1015 1693 1081 1719 αὐτὸ
1111 1693 1192 1727 μόνον
1228 1693 1313 1729 ὕμνος
1336 1695 1409 1722 ἐστὶν
1436 1695 1542 1727 ἱκεσίας
1576 1696 1801 1731 ἀπηλλαγμένος.

1021 1737 1102 1764 Ἀλλὰ
1117 1739 1143 1765 τί
1156 1739 1282 1773 βούλεται
1302 1740 1421 1767 ἐνταῦθα
1442 1742 1458 1776 ἡ
1481 1741 1635 1776 ἀνάγνωσις
1648 1742 1702 1768 τῶν
1719 1742 1804 1777 ἱερῶν

1015 1783 1145 1819 Γραφῶν;
1160 1785 1190 1811 El
1205 1786 1255 1819 μὲν
1271 1786 1320 1821 τὴν
1332 1787 1427 1821 χρείαν
1443 1786 1533 1821 βούλει
1552 1787 1660 1822 μαθεῖν,
1671 1788 1779 1823 εἴρηται
1792 1797 1800 1805 -

1015 1832 1257 1866 παρασκευάζουσι
1278 1834 1332 1868 γὰρ
1351 1834 1434 1868 ἡμᾶς,
1451 1834 1498 1860 καὶ
1516 1835 1732 1869 προκαῦαίρουσι
1747 1836 1802 1870 πρὸ

1012 1876 1061 1904 τοῦ
1080 1878 1198 1912 μεγάλου
1226 1879 1281 1905 τῶν
1301 1880 1458 1915 μυστηρίων
1482 1881 1632 1914 ἁγιασμοῦ.
1651 1882 1682 1907 El
1695 1881 1723 1907 δὲ
1747 1882 1802 1916 τὴν

1013 1924 1151 1958 σημασίαν
1175 1925 1277 1959 ζητεῖς,
1290 1924 1339 1960 τὴν
1354 1926 1508 1960 φανέρωσιν
1522 1927 1568 1953 τοῦ
1582 1927 1685 1961 Κυρίου
1701 1927 1799 1962 δτιλοῦ⁹

1013 1978 1066 2001 σιν,
1087 1970 1120 2005 ῆν
1143 1967 1310 2005 ἐφανεροῦτο
1326 1971 1397 1998 κατὰ
1421 1973 1520 2007 μικρὸν
1537 1973 1605 2007 μετὰ
1620 1973 1669 2007 τὴν
1692 1974 1801 2000 ἀνάδει-

1012 2015 1062 2047 ξιν.
1087 2015 1197 2050 Πρῶτον
1221 2017 1271 2051 μὲν
1288 2017 1342 2051 γὰρ
1365 2017 1396 2049 τὸ
1419 2017 1587 2051 Εὑαγγέλιον
1607 2019 1802 2046 ἀναδείκνυται

1012 2062 1244 2096 συνεπτυγμένον,
1264 2062 1313 2096 τὴν
1330 2063 1492 2097 ἐπιφάνειαν
1508 2063 1554 2090 τοῦ
1575 2064 1679 2099 Κυρίου
1695 2067 1801 2099 σημαῖ-

1010 2114 1055 2132 νον
1068 2114 1076 2122 ·
1090 2107 1152 2133 καθ’
1167 2107 1201 2142 ἢν
1223 2108 1369 2134 σιωπῶντα
1387 2108 1468 2134 αὑτὸν
1484 2110 1498 2134 ὁ
1517 2108 1613 2144 Πατὴρ
1642 2110 1799 2143 ἀνεδείκνυ,

1009 2152 1056 2180 ὅτε
1078 2152 1155 2179 οὐδὲν
1183 2154 1287 2185 ἐκεῖνος
1303 2153 1500 2188 φθεγγόμενος,
1525 2155 1575 2190 τῆς
1600 2155 1646 2182 τοῦ
1670 2157 1799 2192 κήρυκος

667 2202 714 2229 per
736 2204 817 2230 quam
853 2197 958 2231 publice

1014 2198 1096 2225 ἐδεῖτο
1112 2199 1213 2233 φωνῆς.
1227 2199 1320 2225 Ταῦτα
1341 2199 1370 2226 δὲ
1387 2200 1437 2234 τῆς
1461 2200 1643 2234 φανερώσεώς
1668 2203 1727 2228 ἐστι
1744 2211 1799 2237 ση-

1010 2243 1129 2278 μαντικὰ
1153 2244 1202 2278 τῆς
1223 2244 1422 2280 τελειωτέρας·
1448 2246 1509 2272 καθ’
1523 2246 1556 2281 ἢν
1571 2247 1691 2282 δημοσίᾳ
1711 2249 1799 2274 πᾶσιν

1007 2291 1117 2325 ὡμίλει,
1133 2293 1180 2318 καὶ
1194 2293 1291 2319 ἑαυτὸν
1301 2293 1449 2327 ἐδείκνυεν,
1460 2294 1490 2320 οὺ
1504 2295 1584 2328 μόνον
1600 2295 1629 2328 ἐξ
1644 2292 1681 2322 ὧν
1697 2295 1797 2330 ἔλεγεν

1008 2338 1101 2370 αὐτὸς,
1118 2338 1187 2366 ἀλλὰ
1206 2340 1252 2365 καὶ
1264 2340 1343 2371 ὄντας
1368 2340 1536 2372 ἀποστόλους
1551 2341 1673 2368 ἐδίδασκε
1689 2342 1798 2376 λέγειν,

1007 2383 1124 2418 πέμπων
1138 2384 1239 2415 αὐτοὺς
1256 2384 1295 2416 εις
1309 2385 1343 2411 τὰ
1356 2385 1480 2419 πρόϐατα
1493 2385 1529 2412 τὰ
1544 2386 1703 2413 ἀπολωλότα
1716 2387 1798 2414 οἴκου

1013 2429 1134 2465 Ἰσραήλ.
1153 2430 1202 2456 Διὰ
1223 2430 1303 2456 τοῦτο
1324 2431 1545 2464 ἀναγινώσκεται
1566 2431 1616 2465 μὲν
1638 2433 1798 2468 γράμματα.

1009 2474 1187 2507 ἁποστολικὰ,
1203 2475 1420 2509 ἀναγινώσκεται
1435 2476 1463 2502 δὲ
1480 2476 1546 2502 αὐτὸ
1563 2476 1593 2503 τὸ
1613 2477 1794 2512 Εὑαγγέλιον.

1006 2521 1039 2547 Τί
1054 2521 1101 2547 οὖν
1119 2521 1155 2556 μὴ
1170 2521 1280 2556 πρῶτον
1306 2522 1335 2548 τὺ
1361 2522 1546 2555 Εὐαγγέλιον;
1564 2523 1626 2550 ’Ότι
1651 2524 1796 2550 τελειωτέ-

1007 2576 1055 2602 ρας
1071 2569 1128 2593 ἐστὶ
1152 2569 1333 2603 ῳανερώσεως
1358 2569 1500 2603 σημαίνειν
1520 2569 1552 2595 τὰ
1575 2570 1610 2596 δι’
1634 2569 1716 2596 αὑτοῦ
1743 2571 1794 2597 τοῦ

1006 2613 1120 2646 Κυρίου,
1136 2614 1151 2648 ῆ
1169 2614 1212 2639 διὰ
1234 2613 1288 2639 τῶν
1314 2614 1473 2640 ἀποστόλων
1497 2614 1642 2650 λεγόμενα.
1664 2615 1741 2641 Ἐπεὶ
1764 2617 1795 2644 δὲ

1006 2658 1055 2684 οὐκ
1072 2659 1170 2693 ἀθρόον
1188 2658 1276 2693 ὲφάντ)
1300 2660 1357 2691 τοῖς
1373 2659 1528 2695 ἀνθρώποις
1549 2661 1563 2687 ὁ
1578 2660 1678 2695 Κύριος
1695 2661 1795 2695 ἡλίκος

1004 2701 1038 2738 ἦν
1053 2704 1102 2739 τὴν
1130 2705 1218 2739 ἰσχὺν,
1233 2705 1281 2731 καὶ

1004 2749 1053 2784 τῆς
1066 2747 1619 2792 ﬁctionem“
1631 2751 1795 2792 προϐαίνων

1518 2798 1641 2834 nihil?”
1664 2798 1768 2832 προῄει
1785 2807 1792 2815 ·

1531 2837 1582 2880 μ
1596 2843 1694 2880 μικρνιν
1709 2850 1794 2878 γεω.
1802 2837 1808 2841 ’

1513 2705 1611 2730 Βότπτα

1303 2703 1550 2741 W61

1004 2802 1060 2822 "‘°
1072 2802 1592 2851 ‘°!_i"

1005 2836 1090 2851 __Ai_:.'.
1567 2843 1575 2851 1

1004 2851 1582 2896 τοι-ε
