1976 3074
203 187 255 218 4ἳ3

835 169 991 204 NICOLAI
1011 165 1205 199 CABASIL/E

1777 158 1829 192 425

199 240 363 269 bitationem
378 237 499 273 aliquam
512 237 546 264 de
574 235 625 262 hac
640 233 691 261 ﬁde
709 232 735 259 in
750 230 842 258 anima
860 232 999 261 suswpe»

1057 225 1096 255 οἶς
1107 221 1307 259 ἀμφιδολογίαν
1321 219 1384 247 τινὰ
1395 218 1460 254 περὶ
1479 219 1529 253 τῆς
1549 217 1670 248 πίστεως
1687 215 1790 252 ταύτης
1801 217 1831 242 ὲν

202 291 276 314 runt.
293 285 330 312 ita
355 284 469 311 ﬁrmiter
494 283 521 309 in
541 281 592 308 ﬁde
607 279 756 311 stantibus,
778 275 878 311 inquit,
905 273 986 300 etiam

201 332 335 359 donorum
351 333 505 356 nostrorum
521 327 554 354 ad
566 326 649 353 Deum
665 322 767 351 oblatio
784 319 933 349 secundum
947 325 991 344 ra-

203 378 305 404 tionem
323 375 379 402 ﬁat.
392 373 460 407 Quid
475 377 564 399 autem
583 369 734 398 secundum
764 367 898 394 rationem
911 364 923 392 ῖο
938 373 946 389 ι
960 363 989 389 In

204 431 282 457 pace.
299 431 307 447 ι
327 420 518 451 Attendamus,
537 418 638 452 inquit,
649 420 772 444 sanctam
786 412 949 440 oblationem
963 409 989 436 in

204 455 271 504 pace
288 467 395 495 offerre.
410 463 604 493 Recordemini
617 462 689 490 enim
705 460 850 488 verborum
866 455 991 504 Domini?

208 501 216 539 ιι
231 515 258 541 Si
273 513 373 541 oll'eras
387 519 486 539 munus
500 516 587 540 tuum,
612 513 639 536 et
651 506 810 535 recordatus
825 504 909 532 fueris
918 501 993 538 quod

205 561 287 587 habet
314 558 451 593 quispiam
476 556 579 591 aliquid
605 555 737 582 adversus
750 556 788 584 te,
812 557 930 586 primum
947 555 992 575 re-

204 605 367 636 conciliare,
383 602 484 630 deinde
496 601 631 629 accedens
644 621 653 633 ,
672 599 739 627 oder
755 605 854 625 munus
874 600 962 623 tuum.
982 603 991 619 ι

206 651 314 678 Fideles
345 655 434 676 autem
462 647 628 682 respondent
645 655 653 673 :
673 655 682 671 ι
703 643 849 672 Offerimus
867 649 923 668 non
948 647 994 667 su-

206 696 262 723 lum
278 701 436 729 cunrpace.
457 693 503 720 scd
514 693 596 719 etiam
611 692 698 726 ipsam
715 696 809 725 pacem
826 688 885 715 loco
900 693 995 713 omne-

207 741 247 767 ris
266 745 294 767 et
319 739 391 766 alius
413 737 555 765 sacriﬁcii.
575 746 585 762 ι
618 734 833 764 Misericordiam
853 731 995 760 oll‘erimus

206 786 230 812 ei
246 785 294 820 qui
310 784 379 812 dixit
393 793 399 811 :
419 793 428 809 ι
442 782 660 810 Misericordinm
691 780 763 810 volo,
786 783 813 806 et
842 785 896 805 nou
911 775 996 804 sacri-

209 831 311 858 ﬁcium.
335 839 344 855 ι
366 828 550 856 Misericordia
573 834 665 854 autem
688 830 731 853 est
760 824 843 852 fastus
859 823 946 850 ﬁrmae
968 824 996 848 et

209 883 284 910 pune
297 875 370 910 pacis
388 884 394 908 ;
409 874 520 909 quando
535 873 607 899 enim
628 872 748 905 animam
765 869 839 896 nulla
855 866 997 902 perturbat

1045 270 1078 304 τῇ
1096 269 1170 303 ψυχῇ
1194 267 1362 303 δεξαμένοις.
1380 265 1457 292 Οὕτω
1471 265 1499 291 δὲ
1522 264 1638 300 βεϐαίως
1653 262 1780 290 ἑστώτων
1803 264 1834 290 ὲν

1046 317 1079 350 τῇ
1095 316 1195 347 πίστει,
1219 314 1295 350 φησὶ,
1313 314 1361 340 καὶ
1381 314 1398 347 ἡ
1415 313 1469 339 τῶν
1492 312 1586 347 δώρων
1607 311 1689 346 ήμῶν
1705 311 1773 346 πρὸς
1787 310 1833 337 τὴν

1046 362 1113 388 Θεὸν
1141 361 1321 396 προσαγωγὴ.
1338 361 1410 387 κατά
1432 359 1510 393 λόγον
1524 358 1655 392 γινέσθω.
1669 358 1701 384 Τί
1717 357 1745 384 δὲ
1761 357 1833 384 κατὰ

1046 407 1142 441 λόγον;
1156 407 1185 432 τὸ
1210 415 1219 432 ι
1250 406 1296 432 Ἐν
1316 406 1424 440 είρήνῃ.
1448 414 1456 430 ι
1481 405 1649 439 Πρόσχωμεν
1661 402 1735 438 ’γὰρ,
1752 396 1832 438 φησὶ,

1046 452 1095 486 τὴν
1111 451 1192 486 ἁγίαν
1207 451 1358 487 ἀναφορὰν,
1375 451 1404 476 ὲν
1419 450 1515 485 εἰρήνῃ
1526 449 1712 484 προσφέρειν·
1729 449 1836 484 μέμνη-

1048 497 1106 529 σθε,
1133 497 1198 531 γὰρ,
1225 496 1304 532 φησὶ,
1327 496 1381 523 τῶν
1401 495 1488 530 λόγων
1516 495 1563 522 τοῦ
1592 496 1707 531 Κυρίου,
1734 505 1743 521 ι
1772 495 1836 522 Ἐὰν

1050 542 1211 577 προσφέρῃς
1228 542 1260 568 τδ
1275 541 1363 576 δῶρόν
1386 550 1432 568 σου
1454 541 1499 568 ἐπὶ
1520 542 1549 568 τὺ
1572 541 1777 578 θυσιαστήριον,
1790 542 1837 568 καὶ

1051 588 1173 623 μνησθῇς
1186 588 1228 614 ὃτι
1241 587 1298 622 ἔχει
1313 595 1355 619 τις
1367 587 1438 613 κατὰ
1454 587 1513 618 σοῦ,
1538 587 1698 622 διαλλάγηθι
1716 588 1837 624 πρῶτον,

1049 631 1109 660 εἶτα
1126 632 1209 660 ἐλθὼν
1231 632 1370 668 πρόσφερε
1385 632 1415 659 τὺ
1427 632 1514 667 δῶρόν
1531 641 1590 660 σου.
1611 642 1620 658 ι
1639 633 1670 659 ΟΞ
1689 633 1716 659 δὲ
1746 634 1838 660 πιστοὶ

1050 679 1255 713 ἀποκρίνονται,
1269 687 1277 704 t
1294 678 1499 713 Προσφέρομεν,
1509 678 1539 704 οὗ
1552 679 1631 713 μόνον
1644 679 1703 714 μετ’
1714 679 1838 714 είρήνης,

1051 725 1118 751 ἀλλὰ
1142 725 1189 752 καὶ,
1215 724 1299 758 αὐτὴν
1327 724 1439 759 εἰρήνην
1468 723 1528 750 ἀντὶ
1547 722 1633 756 δώρου
1665 723 1712 749 καὶ
1742 723 1840 755 θυσίας

1051 771 1159 805 ἑτέρας.
1193 779 1203 796 ›
1236 770 1332 797 Ἔλεον
1366 769 1431 804 γὰρ,
1460 769 1540 804 φησὶ,
1571 769 1777 804 προσφέρομεν,
1800 768 1839 804 τῷ

1052 817 1166 848 εἰπόντι,
1206 826 1214 840 ι
1249 815 1344 842 Ἕλεον
1368 814 1449 848 θέλω,
1477 815 1526 841 καὶ
1543 815 1573 841 οὺ
1601 815 1707 842 Θυσίαν.
1734 824 1743 840 ι
1768 816 1796 841 '0
1812 816 1841 842 δὲ

1050 862 1135 894 ἔλεος,
1145 861 1267 897 γέννημά
1280 863 1337 888 ἐστι
1346 861 1394 895 τῆς
1407 860 1517 896 βεϐαίας
1529 862 1575 887 καὶ
1584 861 1706 895 καθαρᾶς
1716 861 1840 897 εἰρήνης.

210 921 328 952 all'ectio,
342 920 409 947 nihil
430 924 502 946 vetat
516 917 666 953 quominus
689 924 721 944 ea
735 916 771 943 sit
798 915 878 950 plena
891 913 1000 940 miseri-

1055 909 1139 934 Ὂταν
1162 909 1215 943 γὰρ
1235 908 1285 943 τὴν
1313 908 1402 943 ψυχην
1416 906 1492 933 οὐδὲν
1518 907 1623 942 ἐνοχλεῖ
1643 907 1740 939 πάθος,
1765 907 1842 934 οὐδὲν

208 965 500 998 cordia,etsacriﬁcio
525 964 626 991 laudis.
644 962 707 989 Haec
733 965 826 988 autem
852 964 997 995 postquam

207 1013 349 1043 dixerunt,
370 1017 502 1046 precatur
519 1009 648 1038 sacerdos
664 1016 724 1043 qua
737 1011 802 1035 sunt
815 1007 939 1034 omnium
955 1005 999 1032 di-

208 1058 351 1085 vinissima
367 1061 393 1083 et
413 1057 531 1083 maxima
545 1065 551 1083 :
567 1065 576 1082 ι
595 1055 688 1083 Gratia
705 1053 814 1082 Domini
832 1052 919 1080 nostri
935 1051 998 1078 Jesu

209 1103 323 1135 Christi,
341 1107 367 1130 et
381 1103 493 1130 dilectio
509 1102 556 1129 Dei
574 1106 601 1129 et
616 1101 716 1133 Patris,
740 1104 767 1127 et
786 1097 1001 1126 communicatio

209 1149 297 1177 sancti
322 1149 442 1183 Spiritus
468 1149 504 1175 sit
527 1155 590 1175 cum
607 1147 682 1174 vobis
701 1146 841 1173 omnibus.
856 1154 865 1170 ι
894 1145 927 1172 Et
951 1143 1001 1178 ipsi

210 1195 292 1222 etiam
312 1194 406 1222 eadem
434 1201 483 1228 pro
510 1193 652 1220 sacerdote
683 1196 795 1218 orantes
813 1211 819 1223 ,
838 1199 848 1216 ι
883 1189 915 1216 Et
939 1196 1001 1216 cum

210 1241 313 1275 spiritu
331 1245 391 1272 tuo,
413 1249 422 1265 ι
455 1239 489 1266 ad
517 1247 580 1266 eum
609 1238 789 1273 respondent,
807 1236 1002 1264 convenienter

210 1292 346 1321 praecepto
367 1286 439 1320 quod
468 1285 541 1320 jubet
563 1292 612 1320 pro
630 1292 660 1311 se
684 1283 800 1311 invicem
831 1289 922 1309 orare.
940 1281 1004 1308 llam

212 1337 303 1359 autent
319 1332 407 1359 oratio
436 1335 544 1365 sumpta
575 1330 686 1364 quidem
712 1333 755 1356 est
782 1336 815 1355 ex
833 1327 960 1362 Epistolis
973 1326 1002 1353 Β.

212 1377 299 1405 Pauli.
326 1377 451 1404 Postulat
475 1382 566 1404 autem
599 1376 678 1403 nobis
703 1383 718 1402 a
750 1380 845 1402 sancta
872 1373 1005 1400 Triuitate

213 1425 295 1455 bona,
309 1431 390 1450 omne
406 1424 507 1450 donum
524 1422 679 1457 perfectura
698 1425 746 1448 :ct
761 1421 818 1447 hth
830 1420 864 1446 ab
881 1426 1005 1453 unaqua-

213 1478 266 1505 que
283 1477 316 1496 ex
347 1468 433 1496 beatis
463 1468 590 1494 l’crsonis
621 1465 731 1502 proprio
760 1465 877 1500 qundam
896 1464 1005 1491 nomine

214 1515 342 1550 appellat.
357 1515 378 1540 A
396 1513 465 1541 Filio
490 1513 602 1548 quidem
628 1512 766 1547 gratiam;
783 1519 798 1538 a
826 1511 905 1538 Patre
930 1517 1003 1542 vero,

215 1561 387 1588 dilectionem
403 1568 411 1593 ;
429 1568 442 1586 a
457 1563 554 1587 sancto
571 1563 663 1586 autem
688 1557 804 1592 Spiritu,
819 1556 1005 1584 communica-

215 1609 329 1635 tionem.
346 1607 414 1640 Quia
433 1606 506 1633 enim
523 1605 609 1632 Filius
624 1605 658 1632 iis
673 1605 720 1638 qui
734 1604 800 1630 nihil
822 1603 1005 1635 contulerant,

216 1653 264 1681 Sed
282 1653 362 1679 etiam
378 1653 467 1679 adhuc
484 1651 600 1678 debendi
619 1651 656 1678 rei
680 1654 768 1681 erant,
787 1649 908 1683 seipsum
927 1648 1006 1675 nobis

216 1699 391 1726 Servaturem
411 1697 529 1732 prmbuit
551 1706 557 1724 :
575 1705 584 1722 ι
606 1696 714 1723 Etenim
734 1703 796 1723 cum
827 1695 902 1730 impii
918 1695 1008 1723 adhuc

215 1751 348 1776 essemus,
365 1743 464 1778 inquit,
483 1749 532 1776 pro
546 1741 626 1768 nobis
642 1745 766 1768 mortuus
781 1745 841 1773 est;
857 1749 866 1766 ι
882 1740 942 1775 ejus
956 1748 1006 1767 n0-

216 1790 265 1817 stri
282 1797 358 1821 cura,
374 1789 461 1823 gratia
488 1792 539 1816 cst.
558 1787 627 1821 Quia
659 1792 748 1814 autem
774 1786 853 1814 Pater
873 1795 920 1822 per
946 1794 1008 1822 pas-

216 1837 309 1863 siones
328 1835 388 1862 Filii
406 1835 526 1862 humano
544 1834 637 1870 generi
650 1834 843 1862 recanciliatus
857 1839 908 1865 est,
923 1838 948 1861 ct
964 1833 1007 1860 di-

215 1882 432 1913 lcxitinimicos,
455 1887 598 1916 propterea
615 1889 645 1908 ea
659 1888 719 1916 quae
735 1880 779 1907 ille
804 1881 831 1907 in
858 1888 907 1907 uos
933 1880 1006 1911 I'ccit,

216 1928 390 1963 appellantur
406 1928 527 1954 dilectio.
541 1927 608 1960 Quia
633 1932 724 1953 autent
746 1926 842 1953 amicis
855 1933 886 1952 ex
915 1925 1007 1952 inimi-

216 1975 257 2002 cis
270 1973 375 2001 eﬂ‘ectis
393 1973 537 2008 oportebat
551 1980 613 2000 eum
632 1973 677 2007 qui
701 1972 780 1999 dives
796 1977 838 1999 est
859 1972 885 1998 in
900 1971 1007 1998 miseri-

216 2019 318 2052 c0rdia,
330 2019 438 2054 propria
450 2020 518 2046 bona
531 2018 807 2050 communicare,hoc
817 2017 881 2045 facit
890 2018 1008 2051 Spiritus

217 2071 330 2094 sanctus
342 2066 389 2101 qui
407 2066 481 2093 venit
500 2065 533 2092 ad
560 2065 709 2099 apostolos.
728 2065 877 2099 Propterea
890 2064 962 2093 illius
980 2064 1007 2092 in

219 2113 346 2139 homines
381 2111 539 2145 benignitas
572 2110 786 2138 communicatio
815 2110 925 2138 dicitur.
954 2110 1012 2148 Sed

218 2159 320 2194 dixerit
335 2157 483 2192 quispiam,
498 2157 555 2184 hate
585 2158 676 2185 omnia
705 2157 787 2187 bona.
813 2165 874 2184 cum
898 2158 1008 2184 advenit

220 2203 359 2234 Set-valor.
377 2203 533 2230 hominibus
550 2203 614 2231 data
631 2211 692 2230 esse
710 2211 716 2229 :
738 2202 801 2237 quid
818 2207 858 2230 est
880 2211 945 2238 ergo
961 2204 1007 2231 ad-

1053 954 1154 981 κωλύει
1169 954 1245 980 ἐλέου
1262 954 1360 988 γέμειν
1375 954 1480 988 αὑτήν·
1497 953 1565 980 ἀλλὰ
1585 954 1632 980 καὶ
1651 954 1748 981 θυσίαν
1765 953 1840 980 αἰνέ-

1054 1009 1134 1032 σεως.
1161 1000 1255 1026 Ταῦτα
1279 1000 1307 1026 δὲ
1328 999 1471 1031 εἰπόντων,
1496 999 1510 1025 ὸ
1531 1000 1620 1035 ἱερεὺς
1646 999 1791 1034 ἐπεύχεται
1808 999 1842 1026 τὰ

1054 1047 1180 1073 θειότατα
1201 1047 1248 1072 καὶ
1279 1046 1394 1081 μέγιστα
1421 1045 1550 1072 πάντωνι
1579 1056 1587 1072 ι
1624 1046 1657 1073 Ἦ
1688 1046 1769 1082 χάρις
1794 1047 1841 1073 τοῦ

1053 1094 1158 1130 Κυρίου
1168 1093 1248 1128 ¹ἡμῶν
1269 1092 1357 1129 Ἰησοῦ
1371 1092 1501 1127 Χριστοῦ,
1519 1092 1566 1119 καὶ
1580 1093 1596 1128 ὴ
1609 1093 1701 1127 ἀγάπη
1714 1093 1759 1119 τοῦ
1773 1092 1842 1119 Θεοῦ

1053 1141 1100 1166 καὶ
1122 1139 1238 1175 Πατρὸς,
1255 1140 1302 1165 καὶ
1318 1141 1335 1174 ἡ
1350 1138 1478 1165 κοινωνία
1498 1137 1544 1164 τοῦ
1563 1138 1642 1172 ἁγίου
1669 1138 1841 1174 Πνεύματος,

1054 1187 1097 1221 εἴη
1125 1186 1195 1220 μετά
1211 1185 1321 1212 πάντων
1335 1185 1422 1220 ὑμῶν.
1453 1195 1462 1212 ι
1491 1185 1547 1212 Καὶ
1572 1185 1652 1212 αὐτοὶ
1669 1186 1696 1211 δὲ
1717 1186 1750 1212 τὰ
1772 1185 1844 1212 αὐτὰ

1055 1233 1126 1268 ὑπὲρ
1139 1234 1186 1259 τοῦ
1203 1233 1298 1267 ἱερέως
1314 1232 1457 1268 εὐχόμενοι
1470 1239 1477 1247 ⁸
1504 1241 1513 1258 ι
1532 1232 1587 1258 Καὶ
1604 1232 1674 1267 μετὰ
1697 1232 1744 1259 τοῦ
1761 1233 1844 1259 πνεύ-

1056 1279 1141 1314 ματός
1158 1287 1216 1311 σου,
1237 1287 1246 1304 ι
1269 1278 1336 1314 πρὸς
1356 1279 1439 1306 αὐτὸν
1465 1279 1673 1314 ἀποκρίνονται,
1701 1279 1772 1306 κατὰ
1794 1279 1843 1314 τὴν

1054 1325 1183 1360 εὔχεσθαι
1204 1324 1275 1360 ὑπὲρ
1293 1325 1417 1360 ἀλλήλων
1434 1325 1601 1352 κελεύουσαν
1620 1325 1742 1361 ἐντολήν.
1769 1327 1800 1353 Ἦ
1814 1326 1843 1353 δὲ

1055 1371 1122 1406 εὐχὴ
1148 1371 1217 1406 αὑτὴ
1232 1371 1361 1406 εῐληπται
1381 1371 1429 1405 μὲν
1454 1371 1507 1398 ἀπὸ
1528 1371 1583 1397 τῶν
1604 1371 1771 1399 Ἐπιστολῶν
1794 1372 1842 1399 τοῦ

1058 1418 1193 1453 μακαρίον
1220 1417 1337 1445 Παύλου.
1364 1417 1496 1453 Προξενεῖ
1518 1418 1547 1445 δὲ
1567 1419 1634 1453 ἡμῖν
1659 1418 1693 1444 τὰ
1721 1419 1775 1445 ἀπὸ
1792 1419 1843 1454 τῆς

1056 1464 1136 1497 ἁγίας
1153 1463 1269 1498 Τριάδος
1291 1464 1390 1496 amet,
1423 1465 1478 1491 πᾶν
1506 1464 1623 1500 δώρημα
1653 1465 1767 1497 τέλειον,
1795 1467 1844 1493 καὶ

1055 1509 1142 1536 ταῦτα
1160 1510 1201 1544 ἐφ’
1214 1509 1332 1544 ἑκάστης
1344 1509 1398 1536 τῶν
1413 1510 1557 1545 μακαρίων
1573 1511 1775 1544 ’Υποστάσεων,
1786 1511 1844 1547 ίδίῳ

1018 1577 1039 1605 C
1057 1557 1110 1582 τινὶ
1130 1556 1242 1591 ὀνῦματι
1267 1556 1412 1591 ὀνομάζει·
1438 1556 1492 1583 ἀπὸ
1519 1558 1570 1591 μὲν
1588 1557 1635 1583 τοῦ
1652 1557 1718 1584 Υἱοῦ
1745 1558 1843 1594 χάριν·

1058 1602 1112 1629 ἀπὸ
1128 1602 1157 1629 δὲ
1171 1601 1217 1628 τοῦ
1235 1602 1351 1637 Πατρδς,
1369 1603 1480 1638 ἀγάπην
1489 1611 1495 1617 “
1508 1604 1560 1631 ἀπὸ
1573 1603 1602 1630 δὲ
1612 1603 1659 1630 τοῦ
1672 1604 1844 1639 Πνεῦμα-ξος,

1058 1647 1212 1674 κοινωνίαν.
1232 1647 1292 1674 Ὀτι
1309 1648 1359 1682 μὲν
1372 1648 1426 1683 γὰρ
1442 1648 1505 1679 Υίὺς
1522 1649 1606 1684 μηδὲν
1638 1651 1844 1684 εἰσενεγκοῦσιν

1057 1692 1124 1718 ἀλλᾶ
1142 1693 1188 1718 καὶ
1205 1693 1358 1726 ὀφείλουσιν
1385 1693 1426 1719 ἔτι
1453 1693 1541 1726 δίκας.
1569 1695 1687 1731 Σωτῆρα
1705 1698 1844 1732 παρέσχεν

1057 1739 1123 1772 ἡμῖν
1142 1739 1237 1765 ἑαυτόν
1253 1747 1258 1753 ·
1279 1748 1288 1764 ι
1309 1740 1364 1766 Καὶ
1383 1741 1439 1775 γὰρ
1455 1741 1562 1768 ἀσεϐῶν
1580 1742 1665 1770 ὅντων
1683 1744 1734 1777 ἔτι,
1750 1749 1842 1781 φησὶν,

1058 1785 1127 1821 ὑπὲρ
1141 1786 1219 1820 ἡμῶν
1233 1785 1353 1812 ἀπέθανε
1365 1794 1371 1802 ·
1391 1796 1400 1812 ι
1420 1788 1434 1821 ἡ
1451 1789 1514 1823 περ)¹
1527 1788 1606 1823 ἡμῶν
1623 1790 1706 1817 αὐτοῦ
1718 1792 1844 1827 πρόνοια,

1058 1831 1138 1866 χάρις
1159 1832 1241 1858 ἐστίν.
1266 1832 1327 1859 ’Ότι
1347 1833 1374 1859 δὲ
1399 1834 1413 1860 ό
1436 1835 1531 1869 Πατὴρ
1561 1835 1606 1862 διὰ
1625 1836 1679 1863 τῶν
1711 1837 1759 1865 τοῦ
1779 1839 1844 1867 Υἰοῦ

1058 1877 1163 1910 παθῶν,
1190 1878 1323 1913 διηλλάγη
1346 1878 1386 1913 τῷ
1415 1880 1490 1914 γένει
1518 1881 1573 1907 τῶν
1603 1882 1766 1918 ἀνθρώπων.
1796 1885 1845 1913 καὶ

1058 1924 1185 1960 ἠγάπησε
1202 1925 1265 1956 τοὺς
1284 1925 1413 1960 ἐχθροὺς,
1429 1926 1473 1953 διὰ
1490 1927 1569 1954 τοῦτο
1594 1929 1628 1955 τὰ
1650 1930 1758 1957 ἐκείνου
1775 1932 1845 1965 πρὸς

1058 1971 1132 2005 ἡμᾶς
1150 1971 1246 2006 ἀγάπη
1272 1971 1407 1999 καλεῖται.
1434 1973 1513 2000 Ἐπεὶ
1538 1974 1567 2001 δὲ
1591 1976 1648 2007 τοῖς
1675 1977 1846 2010 φιλιωθεῖσιν

1059 2017 1166 2052 ἐχθροῖς
1182 2017 1235 2044 ἔδει
1248 2018 1416 2053 κοινωνῆσαι
1432 2019 1476 2047 τὸν
1494 2020 1624 2048 πλούσιον
1645 2023 1673 2049 ὲν
1688 2023 1768 2057 ὲλέει,
1789 2025 1845 2052 τῶν

1058 2063 1168 2090 οἰκείων
1183 2063 1304 2097 ἀγαθῶν,
1330 2064 1409 2091 τοῦτο
1437 2067 1510 2092 ποιεῖ
1528 2067 1558 2093 τὸ
1587 2068 1700 2104 Πνεῦμα
1721 2070 1750 2096 τὸ
1766 2071 1846 2106 ἆγιον

1059 2109 1233 2145 ὲπιδημῆσαν
1248 2111 1302 2141 τοῖς
1320 2110 1490 2144 ἀποστόλοις.
1517 2113 1567 2140 Διὰ
1596 2115 1675 2142 τοῦτο
1695 2117 1711 2151 ή
1738 2118 1845 2145 ἐκείνου

1060 2155 1127 2190 πρὸς
1142 2155 1306 2192 ἀνθρώπους
1318 2159 1473 2193 χρηστότης
1488 2161 1615 2188 κοινωνία
1633 2162 1754 2197 λέγεται.
1772 2165 1846 2192 Ἀλλ’

1059 2201 1131 2228 είποι
1152 2211 1195 2234 τις
1208 2202 1240 2229 ἂν
1258 2203 1298 2230 ὅτι
1320 2203 1408 2230 ταῦτα
1423 2205 1456 2230 τὰ
1471 2205 1563 2239 ἀγαθὰ
1577 2206 1624 2233 τοῦ
1641 2208 1767 2245 Σωτῆρος
1783 2211 1846 2238 ἐπι-

219 2250 273 2276 huc
291 2256 360 2283 opus
377 2250 501 2276 oratione
519 2256 568 2283 pro
581 2249 661 2275 bonis
683 2256 742 2283 qua:
769 2249 825 2283 jam
844 2248 906 2276 data
925 2249 1002 2276 sunt‘:

1060 2248 1234 2284 δημήσαντος
1251 2250 1340 2276 πάντα
1358 2252 1415 2282 τοῖς
1431 2252 1587 2286 ἀνθρώποις
1617 2255 1695 2290 ἐδόθη
1709 2264 1716 2272 ·
1733 2255 1774 2288 τίς
1797 2255 1848 2285 οὗν

218 2296 328 2323 Clarum
344 2301 394 2326 est,
406 2296 479 2330 quod
496 2303 529 2322 ne
540 2303 571 2322 ea
599 2299 706 2330 accepta
723 2295 891 2328 atnittamus,
907 2295 953 2322 sed
976 2302 1007 2322 ea

218 2346 349 2377 perpetuo
363 2342 512 2369 habeamus
527 2350 534 2375 ;
553 2346 579 2368 et
592 2341 652 2369 ideo
668 2349 722 2368 non
741 2341 809 2368 dixit
824 2349 830 2367 :
845 2340 948 2367 Dcntur
964 2349 1009 2368 vo-

218 2391 260 2417 bis
271 2389 409 2422 omnibus,
440 2393 470 2415 ut
497 2396 527 2416 ea
554 2397 615 2424 quae
644 2389 700 2422 jam
733 2389 796 2415 data
821 2393 928 2422 erant;
961 2388 1007 2415 sed

220 2445 229 2461 ι
247 2436 308 2462 Sint
322 2443 383 2462 eum
396 2435 472 2462 vobis
481 2434 621 2462 omnibus.
642 2443 652 2460 ι
667 2433 726 2461 Non
740 2434 857 2466 recedat,
874 2434 973 2469 inquit,
993 2441 1008 2460 a

218 2482 294 2508 vobis
311 2481 397 2516 gratia
413 2488 474 2516 qua:
489 2481 551 2508 data
587 2485 640 2507 cst.
667 2481 816 2513 Postquam
847 2485 938 2506 autem
961 2487 1009 2507 eos

217 2527 352 2562 ejusmodi
365 2527 488 2555 oratione
497 2527 625 2562 dignatus
634 2531 686 2560 est,
701 2533 726 2554 et
740 2526 780 2554 sic
798 2527 903 2554 animas
911 2527 1008 2558 erexit,

218 2574 400 2610 c0gitationes
438 2581 534 2600 eorum
571 2580 587 2599 a
612 2578 682 2600 terra
720 2573 847 2606 extollit,
871 2577 896 2600 et
931 2573 1006 2605 dicit,

222 2631 231 2646 ι
253 2620 370 2647 Sursum
385 2619 466 2647 corda
479 2619 629 2646 habeamus
644 2627 652 2646 :
669 2628 677 2643 ι
698 2627 758 2653 qua:
773 2626 855 2654 supra
873 2623 936 2646 sunt
962 2626 1008 2645 co-

218 2667 349 2702 gitemus,
368 2673 422 2693 non
439 2673 500 2700 qua:
517 2666 544 2692 iu
559 2669 640 2692 terra.
656 2665 694 2692 Illi
713 2670 803 2692 autem
822 2665 1008 2698 consentiunt,

219 2719 246 2740 cl
263 2714 360 2740 dicunt
389 2720 418 2740 se
435 2713 491 2740 illic
513 2712 598 2740 corda
617 2712 728 2743 habere,
743 2711 788 2739 ubi
803 2717 844 2750 est
864 2712 1008 2740 thesaurus

221 2765 326 2793 noster,
340 2759 385 2787 ubi
407 2764 448 2787 est
464 2760 591 2787 Christus
604 2759 630 2785 in
649 2759 759 2787 dextera
780 2759 868 2786 Patris
887 2759 983 2787 sedens
1000 2767 1007 2786 :

222 2814 233 2832 ι
248 2805 384 2834 Habemus
400 2806 432 2834 ad
445 2805 600 2834 Dominum.
621 2815 630 2831 ι

1051 2295 1110 2339 ’ἤδη
1127 2296 1207 2330 χρεία
1223 2296 1271 2327 τῆς
1286 2297 1379 2332 εὐχῆς,
1396 2298 1460 2332 περὶ
1476 2299 1530 2326 τῶν
1542 2300 1591 2335 ήδη
1603 2301 1734 2329 δοθέντων
1757 2305 1846 2339 ὴμῖνς

1061 2342 1197 2377 Πρόδηλον
1211 2341 1254 2368 ἵνα
1269 2343 1356 2370 ταῦτα
1371 2343 1497 2377 λαϐόντες
1514 2345 1552 2381 μὴ
1563 2347 1757 2383 ἀπολέσωμεν·
1777 2350 1847 2378 ἀλλὰ

1062 2388 1190 2421 μένωμεν
1205 2388 1312 2423 ἔχοντες
1339 2389 1382 2415 διὰ
1399 2390 1502 2421 τέλους.
1526 2393 1575 2419 Διὰ
1603 2393 1683 2420 τοῦτο
1701 2395 1751 2421 οὐκ
1769 2394 1846 2430 εἷπε,

1061 2433 1156 2468 Δοθείη
1173 2434 1255 2460 πᾶσιν
1270 2435 1344 2469 ὑμῖν,
1360 2435 1397 2467 ὡς
1413 2436 1463 2471 ἤδη
1479 2437 1626 2466 δοθέντων·
1650 2441 1729 2475 ἀλλὰ,
1754 2452 1763 2468 ι
1795 2444 1846 2479 Ιιῖῑη

1062 2478 1132 2512 μετὰ
1159 2480 1268 2506 πάντων
1287 2479 1374 2514 ὑμῶν.
1399 2491 1408 2507 ›
1433 2482 1478 2517 Μὴ
1504 2484 1651 2519 ἀποσταίη,
1679 2489 1773 2522 φησὶν,
1797 2478 1846 2523 ἀφἓ

1060 2524 1148 2559 ὑμῶν,
1162 2526 1178 2560 ὴ
1197 2525 1303 2552 δοθεῖσα
1317 2528 1406 2563 χάρις.
1421 2529 1557 2565 Τοιαύτης
1572 2531 1599 2557 δὲ
1614 2533 1712 2565 αὐτοὺς
1724 2535 1845 2568 ἀξιώσας

1060 2571 1153 2606 εῦχῆς,
1167 2572 1214 2598 καὶ
1227 2571 1297 2599 οὕτω
1313 2574 1361 2604 τὰς
1376 2573 1465 2609 ψυχὰς
1477 2577 1632 2612 ἀναστήσας
1648 2580 1700 2606 ἀπὸ
1715 2580 1765 2615 τῆς
1779 2582 1843 2616 γῆς,

1060 2617 1134 2650 αἴρει
1152 2618 1186 2644 τὰ
1204 2620 1384 2654 φρονήματα·
1410 2621 1457 2647 καί
1471 2631 1564 2656 φησιν,
1597 2633 1606 2649 ι
1635 2625 1708 2652 Ἀνω
1734 2627 1844 2662 σχῶμεν

1060 2664 1107 2694 τὰς
1128 2663 1250 2699 καρδίας,
1268 2674 1276 2690 ι
1294 2665 1328 2691 τὰ
1354 2666 1409 2692 ἄνω
1440 2667 1595 2702 φρονῶμεν,
1620 2670 1657 2706 μὴ
1683 2672 1717 2698 τὰ
1733 2673 1777 2699 ἐπὶ
1795 2675 1846 2708 τῆς

1060 2711 1128 2744 γῆς·
1149 2712 1293 2738 mind-.01
1322 2713 1513 2740 συντίθενται·
1539 2716 1586 2742 καί
1610 2726 1691 2751 ἵησιν
1716 2719 1774 2745 ἐκεῖ
1794 2721 1844 2752 τὰς

1060 2757 1176 2790 καρδίας
1199 2757 1280 2791 ἔχειν,
1304 2759 1370 2784 ὅπου
1390 2759 1404 2785 ὁ
1420 2759 1558 2796 θησαυρὸς
1579 2763 1657 2797 ἡμῶν
1672 2765 1759 2797 ἐστιν,
1778 2763 1808 2793 οὗ
1829 2768 1845 2794 ό

1060 2802 1176 2837 Χριστός
1201 2803 1286 2836 ἐστιν,
1304 2805 1332 2830 ὲν
1352 2805 1427 2841 δεξιᾷ
1454 2806 1500 2832 τοῦ
1529 2808 1635 2844 Πατρὸς
1665 2810 1818 2847 καθήμενος
1835 2822 1842 2829 ·

1062 2857 1070 2872 ι
1090 2849 1206 2883 Ἲῖχομεν
1224 2850 1289 2885 πρὺς
1305 2850 1348 2877 τὸν
1365 2851 1476 2886 Κύριον.
1494 2862 1503 2878 ι
