1976 3074
166 133 218 163 415

792 135 945 166 NlCOLAl
963 134 1157 165 CABASILE

1734 130 1787 161 416

165 190 223 218 sive
239 189 340 224 dicere,
354 190 411 218 sive
422 191 516 219 audire
529 191 630 226 aliquid
645 199 678 219 ex
692 192 779 220 sacris
793 192 945 226 oportebit;

1003 192 1052 218 είτε
1064 191 1111 217 καὶ
1127 190 1236 217 ἀκούειν
1252 198 1277 216 τι
1290 190 1381 224 δεήσει
1399 189 1480 224 ίερῶν
1492 196 1499 204 ⁸
1521 189 1568 215 καὶ
1582 189 1694 224 σημεῖον
1709 188 1787 215 τοῦτο

166 241 194 264 et
215 237 267 264 hoc
283 237 399 271 primum
422 238 529 272 signum
547 238 691 264 ostendere
717 237 798 272 hujus
823 238 906 265 studii
921 242 948 265 et

166 283 338 315 reverentiae,
355 284 478 318 corporis
496 284 672 316 erectionem,
693 289 723 312 ut
738 292 791 311 non
809 285 946 318 sedentes,

166 331 214 356 sed
231 329 298 356 recti
320 329 371 356 hoc
393 336 515 364 agamus.
532 328 606 356 Talis
628 335 670 358 est
693 331 765 357 enim
791 331 900 358 habitus
921 336 948 358 et

167 374 251 407 ﬁgura
277 374 440 408 supplicum.
457 375 520 402 talis
538 375 648 403 habitus
673 383 825 406 servorum.
844 376 890 411 qui
914 376 946 404 ad

166 423 260 445 nulum
287 418 462 446 dominorum
486 428 594 447 omnem
618 426 736 448 mentem
757 426 874 449 erectam
900 423 948 449 ha-

167 464 240 495 bent,
258 467 288 490 ut
301 463 393 490 statim
412 464 445 490 ad
473 465 668 499 ministerium,
682 471 825 501 postquam
839 467 946 501 jussmn

165 509 341 544 arripuerint,
356 514 430 537 recta
453 516 581 544 currant;
598 519 648 539 nos
662 517 752 539 autem
776 520 871 541 sumus
894 513 948 540 Deo

164 555 198 580 de
223 555 352 582 maximis
375 556 511 590 supplices
534 561 562 584 et
587 558 662 585 omni
687 557 828 585 servitutis
850 566 949 591 genere

165 600 247 628 servi.
265 600 298 628 Et
310 601 406 628 horum
423 602 532 637 quidem
547 603 693 631 verborum
706 604 764 631 haec
779 609 821 632 est
835 605 912 632 ratio.

465 703 540 732 CAP.
564 703 647 732 XXII.

239 749 275 776 De
292 749 401 776 lectione
413 749 611 784 Stripturarnm
624 756 647 777 et
662 751 753 778 ordine
768 760 872 784 earum,

439 791 461 811 et
478 785 676 820 signiﬁcatione.

201 829 266 857 Post
283 836 324 857 ter
339 835 462 858 sanctum
480 831 622 866 hymnum,
638 832 736 867 legitur
759 832 827 860 liber
842 838 953 868 aposto:

166 876 251 908 licus;
273 876 370 903 deinde
388 876 582 911 Evangelium,
606 878 707 913 hymno
732 880 810 914 prius
836 867 890 907 Deo
915 881 949 908 ab
965 867 986 894 Β

166 921 288 949 Ecclesia
307 926 425 949 cantato.
441 922 497 949 Cur
511 927 602 950 autem
621 928 684 951 ante
708 925 838 953 lectiones
858 934 950 954 sacra-

166 974 226 994 rum
259 967 462 1002 Scripturarum
503 969 587 997 Deum
622 970 786 1000 laudamus?
814 973 891 1005 Quod
924 973 950 1000 in

167 1013 296 1041 omnibus
319 1018 427 1048 oportet
444 1014 495 1042 hoc
520 1015 619 1048 facere,
637 1017 736 1051 quibus
758 1018 803 1045 ille
825 1025 875 1046 nos
892 1026 953 1053 per-

167 1063 248 1093 petuo
265 1061 358 1092 donat,
385 1060 504 1088 maxime
519 1066 608 1089 autem
627 1066 740 1097 propter
751 1064 951 1092 assecutionem

167 1103 257 1138 magni
276 1104 393 1138 alicujus
416 1105 489 1137 boni,
509 1106 588 1140 quale
603 1111 644 1134 est
660 1107 814 1136 divinorum
831 1110 953 1144 eloquio-

169 1157 229 1175 rum
266 1150 379 1177 auditio.
413 1150 466 1178 Sed
490 1151 517 1178 in
541 1152 673 1186 Apostolo
694 1154 814 1188 quidem,
835 1155 953 1191 hymnus

168 1200 230 1219 cum
260 1193 468 1228 supplicatione.
493 1195 609 1223 Additur
634 1198 707 1225 enim
729 1199 815 1227 illud:
843 1210 852 1226 ι
874 1200 954 1228 Mise-

169 1245 238 1264 rerc.
253 1248 262 1264 ν
285 1238 313 1265 In
333 1239 479 1274 Erangelio
498 1246 588 1268 autent
607 1249 702 1276 puram
724 1250 738 1268 a
756 1243 954 1278 supplicatione

167 1284 286 1311 facimus
313 1285 498 1320 hymnodiam,
526 1291 556 1313 ut
587 1289 708 1315 sciamus
732 1289 804 1323 quod
828 1289 953 1317 Christus

169 1337 217 1362 per
231 1329 407 1365 Evangelium
422 1331 614 1366 signiﬁcatur;
631 1341 711 1368 quem
727 1334 773 1368 qui
789 1334 952 1366 lnvenerint.

169 1376 203 1403 iis
218 1383 299 1404 omne
319 1377 391 1411 quod
414 1380 548 1413 quaeritur
569 1384 610 1407 est
642 1380 668 1407 in
693 1380 953 1409 manibus.'Etenim

170 1423 243 1449 intus
261 1427 303 1449 est
319 1423 453 1457 Sponsus,
471 1430 498 1452 et
518 1433 572 1454 non
597 1434 667 1461 opus
684 1433 725 1456 est
742 1429 784 1457 eis
803 1430 835 1457 de
856 1431 910 1458 ulla
925 1438 954 1458 re

170 1468 335 1502 supplicare,
357 1477 418 1497 eum
438 1472 530 1499 omnia
552 1472 681 1501 habeant.
709 1474 787 1502 Sicut
813 1482 863 1503 nec
888 1483 954 1503 con-

170 1517 333 1563 seritaneum
344 1515 469 1550 jejunare
485 1517 554 1546 ﬁlios
568 1518 680 1553 Sponsi.
695 1520 816 1554 quandlu
837 1524 878 1548 est
892 1528 953 1548 eum
966 1531 988 1563 ο

169 1559 210 1586 eis
225 1559 347 1594 Sponsus
358 1581 365 1594 ,
386 1563 432 1589 sed
446 1570 507 1590 eum
523 1567 627 1592 tantum
645 1566 768 1593 venerari
783 1570 810 1593 ct
822 1567 950 1600 laudare,

170 1605 389 1640 quandoquidem
402 1614 429 1635 et
439 1609 597 1643 angelorum
608 1611 736 1645 hymnus,
746 1612 852 1647 qualem
864 1613 952 1648 ipsum

172 1650 310 1684 propheta:
325 1652 433 1681 docent.
446 1658 556 1688 propter
569 1655 691 1682 eamdem
708 1657 853 1689 rationem,
865 1658 953 1685 solum

172 1698 289 1729 hymnus
302 1701 343 1724 est
359 1698 394 1725 ab
409 1699 482 1726 omni
504 1701 704 1734 supplicatione
720 1702 797 1731 liber.
820 1703 871 1730 Sed
888 1699 954 1738 quid

171 1741 221 1767 sibi
247 1742 303 1768 vult
329 1743 372 1770 hic
389 1751 529 1772 sacrarum
550 1745 713 1774 Litterarum
738 1748 835 1776 lectio?
861 1749 890 1776 Si
912 1749 954 1778 vis

171 1787 281 1820 quidem
299 1796 375 1816 nsum
399 1790 481 1820 scire.
502 1791 605 1819 dictum
627 1792 748 1820 esl.‘Nos
764 1795 835 1821 enim
850 1803 953 1830 praepa-

171 1839 230 1860 rant
255 1840 280 1861 et
313 1842 486 1871 pra‘purgant
515 1843 578 1866 ante
610 1847 734 1873 magnam
762 1842 951 1876 mysteriorum

170 1879 426 1910 sanctiﬁcationem.
438 1882 485 1909 Sin
499 1888 588 1911 autem
603 1885 702 1919 qumris
715 1886 952 1921 signiﬁcationem,

172 1924 276 1952 ηοιηίιιῑ
291 1926 538 1955 nianifestationem
553 1929 717 1964 signiﬁcant,
730 1939 782 1966 qua
796 1932 954 1961 manifestat

170 1974 214 1997 tus
235 1975 277 1998 est
291 1973 420 2006 paulatim
443 1980 504 2008 post
524 1976 720 2003 ostensionem.
742 1977 862 2006 Primum
880 1979 952 2006 enim

169 2017 531 2054 Ostenditurcomplicatum
551 2021 739 2057 Evangelium,
760 2023 832 2058 quod
846 2023 952 2052 Domini

169 2063 369 2096 apparitionem
385 2066 530 2101 signiﬁcat,
549 2075 596 2101 per
611 2076 693 2102 quam
711 2070 951 2104 ipsunt_tacontem

170 2106 249 2134 Pater
265 2110 395 2142 ostendit,
413 2113 523 2145 quando
540 2114 585 2140 ille
603 2114 672 2141 nihil
690 2115 805 2149 loquens
822 2116 952 2150 praedica-

169 2153 236 2179 toris
251 2161 316 2181 voce
336 2163 404 2189 opus
432 2157 537 2186 imbuit.
559 2158 621 2186 Haec
644 2164 734 2187 autem
762 2161 950 2194 perfectiorem

169 2198 417 2228 manifestationem
445 2203 598 2237 signiﬁcant
620 2215 626 2232 :

169 2251 229 2270 cum
250 2247 379 2273 omnihus
399 2250 623 2281 conversahatur.
637 2256 663 2279 et
683 2252 802 2286 seipsum
827 2254 951 2280 ostende-

168 2290 223 2322 bat,
242 2299 295 2318 non
310 2292 396 2319 solum
410 2301 442 2320 ex
464 2294 496 2322 iis
521 2304 582 2330 qua:
608 2298 665 2332 ipse
679 2298 795 2330 diccbat,
810 2298 858 2325 sed
867 2300 949 2326 etiam

167 2343 200 2361 vx
230 2335 262 2362 iis
292 2345 352 2370 quie
376 2338 469 2366 docuit
495 2343 634 2375 apostolos
650 2344 753 2376 dicere,
778 2343 890 2372 mittens
903 2352 951 2372 eos

167 2379 200 2405 ad
219 2386 283 2406 oves
311 2389 371 2416 qum
398 2384 536 2418 perierant
562 2387 660 2415 domus
685 2387 778 2416 Israel.
805 2388 950 2424 Propterea

169 2425 295 2459 leguntur
319 2428 428 2462 quidem
454 2430 549 2458 litterae
579 2433 745 2467 apostolicae,
771 2434 870 2470 legitur
898 2443 950 2462 au-

168 2477 220 2498 tem
255 2473 343 2507 ipsum
374 2483 484 2510 quoque
507 2477 696 2512 Evangelium.
719 2480 776 2507 Cur
806 2489 859 2508 non
883 2489 950 2516 ergo

167 2517 283 2550 primum
301 2518 497 2555 Erangelium?
512 2522 581 2554 Quia
603 2524 774 2558 perfectioris
793 2526 951 2554 manifesta.

167 2562 248 2589 tionis
261 2563 338 2598 signa
356 2570 432 2597 sunt,
446 2573 506 2600 qua:
527 2575 574 2600 per
588 2567 675 2602 ipsum
692 2569 850 2603 Dominum,
868 2579 949 2606 quam

166 2615 226 2642 qua:
250 2616 297 2643 per
322 2611 462 2645 apostolos
486 2612 626 2641 dicuntur.
643 2614 711 2647 Quia
728 2621 818 2644 autem
835 2625 887 2644 non
906 2625 950 2644 re-

166 2659 256 2688 pente,
271 2661 298 2682 ct
319 2664 374 2684 uno
395 2657 478 2685 simul
502 2663 623 2694 tempore
648 2663 775 2696 apparuit
792 2663 950 2694 hominibus

168 2699 299 2729 Dominus
322 2709 425 2737 quanto
451 2710 510 2731 erat
542 2706 641 2733 rohore
656 2712 683 2734 et
706 2713 806 2742 quanta
831 2709 950 2739 honitate

167 2747 232 2781 (hoc
245 2748 317 2775 enim
336 2754 378 2776 est
393 2751 506 2778 secundi
521 2752 579 2787 ejus
595 2752 750 2788 adventus),
762 2755 810 2782 sed
825 2756 867 2783 via
884 2764 949 2791 pro-

168 2793 278 2825 cedens,
299 2795 332 2822 ah
346 2803 378 2822 eo
394 2796 464 2830 quod
476 2803 517 2824 est
532 2798 621 2826 minus
637 2805 772 2833 apertum,
787 2802 820 2828 ad
837 2801 862 2828 id
876 2803 948 2837 quod

168 2843 209 2865 ι-ει
227 2840 397 2869 ιιιιιιιιίιιειίιιε
414 2845 545 2877 processit
560 2854 565 2872 :
586 2854 616 2873 ea
629 2846 661 2873 dc
673 2854 754 2874 causa
768 2855 814 2875 eos
831 2849 876 2882 qui
890 2849 949 2882 eius

999 237 1107 271 πρῶτον
1120 236 1258 264 δεικνύναι.
1274 236 1321 271 τῆς
1339 236 1456 270 σπουδῆς
1480 234 1592 269 ταύτης,
1609 234 1656 260 καὶ
1675 235 1723 269 τῆς
1741 235 1787 260 εὑ-

997 282 1119 314 λαϐείας,
1133 283 1182 316 τὴν
1205 282 1322 318 ὄρθωσιν
1344 281 1391 307 τοῦ
1410 281 1547 316 σώματος,
1561 281 1591 306 τὸ
1609 280 1645 314 μὴ
1664 280 1788 314 καθημέ-

999 338 1068 360 νουςν
1096 328 1153 356 ἀλλ’
1176 329 1295 360 ἑστῶτας
1314 327 1392 354 τοῦτο
1410 327 1498 353 ποιεῖν
1513 334 1520 341 ·
1547 325 1667 352 τοιοῦτον
1687 325 1742 359 γὰρ
1758 325 1788 351 τὸ

999 375 1091 410 σχῆμα
1106 374 1159 401 τῶν
1177 374 1364 405 ἱκετευόντων,
1379 373 1500 399 τοιοῦτον
1511 373 1541 398 τὸ
1556 372 1648 407 σχῆμα
1659 371 1713 397 τῶν
1726 371 1787 398 60-3-

998 420 1063 450 λων,
1079 421 1104 447 οἳ
1122 420 1190 455 πρὸς
1206 420 1235 446 τι
1251 419 1340 453 νεῦμα
1366 419 1420 445 τῶν
1435 418 1588 450 Δεσποτῶν,
1606 417 1714 444 ἅπαντα
1741 418 1787 444 τὺν

999 466 1061 494 νοῦν
1076 466 1194 501 ἔχουσιν,
1211 465 1255 492 ἵνα
1269 465 1337 499 πρὸς
1353 465 1401 499 τὴν
1414 464 1552 491 διακονίαν
1568 463 1696 498 ἑτοίμως,
1712 464 1787 490 ἐπει-

1000 513 1048 539 δὰν
1063 513 1093 538 τὺ
1108 512 1253 539 κελευσθὲν
1269 512 1424 546 ἀρπάσωσι,
1437 511 1518 542 εὐθὺς
1527 510 1669 546 ὂράμωσιν
1684 518 1691 525 ·
1706 510 1786 545 ἡμεῖς

1000 558 1028 585 δὲ
1045 558 1090 585 καὶ
1110 558 1198 584 ἱκέται
1217 556 1255 592 τῷ
1271 557 1330 592 Θεῷ
1352 557 1416 591 περὶ
1433 556 1487 583 τῶν
1504 555 1650 590 μεγίστων,
1666 555 1713 581 καὶ
1725 555 1788 581 δοῦ-

1000 605 1042 630 λοι
1057 604 1103 630 καὶ
1131 603 1254 630 δουλείαν
1279 603 1466 639 παντοδαπὴν.
1484 602 1539 628 Καὶ
1561 601 1616 628 τῶν
1635 601 1684 636 μὲν
1699 601 1788 637 {inpii-

1000 657 1054 675 των
1068 648 1172 675 τούτων
1187 645 1265 680 οὗτος
1278 650 1291 675 ὸ
1306 648 1395 682 λόγος.

1297 704 1424 730 ΚΕΦΔΛ.
1441 703 1505 730 κη’.

1002 751 1070 785 Περὶ
1085 749 1138 784 τῆς
1153 749 1352 787 ἀναγνώσεως
1366 749 1426 787 τῷν
1441 749 1581 787 ζραφῶν,
1601 751 1650 778 καί
1671 752 1727 787 τῆς
1740 752 1789 780 td-

1140 786 1214 818 ξεως
1230 784 1339 816 αὐτῶν,
1355 785 1404 810 καὶ
1420 784 1475 818 τῆς
1487 787 1653 819 σημασίας.

1038 831 1115 858 Μετὰ
1126 831 1154 858 δὲ
1166 831 1211 857 τὸν
1232 830 1374 864 τρισάγιον
1390 830 1486 864 ὕμνον,
1501 831 1679 859 ἀποστολικδν
1695 833 1791 867 ἀναγι-

1001 877 1154 911 γνώσκεται
1172 876 1273 912 βιὸλίον
1286 885 1293 892 ·
1306 873 1366 902 εἶτα
1379 876 1407 902 τὸ
1421 876 1588 910 Εὑαγγέλιον
1602 878 1679 912 αὑτὸ,
1692 879 1791 914 πρότε-

1003 932 1048 958 ρον
1064 923 1148 957 ὕμνου
1166 923 1205 957 τῷ
1222 922 1281 957 Θεῷ
1305 921 1382 957 παρὰ
1401 922 1450 957 τῆς
1472 922 1634 958 Ἐκκλησίας
1649 923 1789 959 ᾀσθέντος.

1002 970 1051 997 Διὰ
1064 969 1090 995 τί
1102 969 1131 995 δὲ
1151 968 1205 1003 πρὸ
1225 967 1279 994 τῶν
1305 967 1487 1002 ἀναγνώσεων
1503 968 1585 1004 ίεριῖιν
1601 969 1729 1004 Γραφῶν,
1743 971 1789 996 τὸν

1001 1016 1067 1043 Θεὴν
1082 1015 1221 1051 ὑμνοῦμεν
1234 1022 1242 1046 ;
1260 1014 1321 1040 Ὅτι
1337 1013 1383 1039 ἐπὶ
1403 1013 1470 1040 πᾶσι
1485 1013 1564 1040 τοῦτο
1580 1013 1621 1040 δεῖ
1639 1015 1736 1046 ποιεῖν,
1749 1012 1790 1046 οἷς

1001 1064 1105 1094 ἐκεῖνος
1121 1062 1194 1097 ἡμᾶς
1210 1061 1341 1088 ἑκάστοτε
1368 1059 1538 1094 δωρούμενος
1560 1059 1677 1086 διατελεῖ
1688 1069 1695 1076 ·
1713 1061 1791 1096 μάλι-

1003 1118 1052 1136 στα
1067 1109 1094 1136 δὲ
1111 1110 1140 1136 ὲν
1155 1107 1293 1139 ὲπιτεύξει
1309 1107 1427 1142 μεγάλου
1443 1106 1515 1137 τινὸς
1527 1106 1632 1138 ἀγαθοῦ
1643 1114 1650 1122 ν
1666 1103 1721 1134 οἶόν
1732 1107 1790 1133 ἐστι

1002 1156 1019 1190 ἡ
1043 1155 1098 1182 τῶν
1122 1154 1201 1181 θείων
1227 1153 1324 1188 λογίων
1348 1152 1482 1188 ἀκρόασις
1497 1160 1504 1167 ”
1519 1152 1578 1178 ἀλλ’
1602 1153 1649 1178 ἐπὶ
1667 1152 1717 1186 μὲν
1743 1152 1790 1179 τοῦ

1009 1199 1172 1226 Ἀποστᾶλου
1187 1199 1256 1234 μετὰ
1268 1198 1373 1230 ἱκεσίας
1390 1196 1484 1231 ὕμνος,
1502 1196 1732 1232 Πρόσκειταιγὰρ
1747 1197 1788 1229 τι,

1007 1253 1016 1270 α
1044 1244 1181 1278 Ἐλέησον.
1199 1252 1208 1268 ι
1233 1243 1295 1270 Ἐπὶ
1310 1243 1338 1268 δὲ
1353 1241 1401 1268 τοῦ
1417 1241 1585 1276 Εὑαγγελίου
1599 1240 1720 1276 καθαρὰν
1733 1241 1791 1267 ἱκε-

1003 1290 1063 1316 σίαν
1088 1289 1236 1324 ποιούμεθα
1263 1288 1314 1323 τὴν
1334 1287 1479 1323 ὑμνῳδίαν,
1500 1287 1544 1314 ἵνα
1572 1286 1704 1322 μάθωμεν
1724 1287 1790 1318 ὼςιὸ

1003 1335 1120 1372 Χριστὸς
1139 1335 1181 1362 διὰ
1205 1334 1252 1362 τοῦ
1280 1334 1447 1368 Εὐαγγελίου
1466 1333 1653 1368 σημαίνεται·
1680 1332 1710 1359 ὃν
1733 1335 1790 1364 τοῖς

1003 1381 1139 1416 εὑροῦσιν,
1154 1382 1226 1409 ἅπαν
1241 1381 1270 1408 τὸ
1291 1380 1457 1415 ζητούμενον
1477 1380 1506 1406 ὲν
1520 1379 1623 1414 χερσίν.
1637 1379 1691 1405 Καὶ
1707 1378 1760 1414 γὰρ
1775 1379 1791 1405 ὁ

1003 1426 1129 1462 Νυμφίος
1155 1426 1239 1457 ἔνδον,
1259 1426 1306 1453 καὶ
1323 1426 1353 1452 οὐ
1369 1425 1448 1460 χρεία
1478 1425 1614 1452 ἱκετεύειν
1627 1424 1708 1451 αὐτὸν
1723 1424 1789 1459 περὶ

1004 1475 1120 1506 οὐδενος,
1134 1474 1223 1501 πάντα
1239 1473 1359 1508 ἔχοντας.
1372 1473 1477 1507 Ὠσπερ
1488 1471 1549 1498 οὐδὲ
1561 1471 1703 1506 νηστεύειν
1714 1471 1790 1502 υἱοὺς

1004 1519 1052 1546 τοῦ
1069 1519 1224 1554 Νυμφῶνος
1252 1519 1336 1551 εἰκδς,
1354 1517 1397 1552 ἐφ’
1414 1518 1477 1544 ὅσον
1500 1517 1559 1552 μετ’
1575 1517 1665 1543 αὐτῶν
1689 1518 1762 1543 ἐστιν
1776 1518 1790 1543 ὁ

1004 1565 1131 1598 Νυμφίος
1144 1573 1150 1580 ·
1172 1564 1240 1591 ἀλλὰ
1258 1563 1337 1590 τοῦτο
1360 1564 1451 1598 μόνον,
1475 1563 1565 1589 σέὸειν
1582 1563 1663 1589 αὑτὸν
1676 1564 1722 1588 καὶ
1738 1563 1791 1596 ὑμ-

1004 1611 1078 1637 νεῖν’
1096 1610 1157 1636 ἐπεὶ
1177 1610 1224 1637 καὶ
1243 1611 1257 1636 ό
1269 1610 1323 1635 τῶν
1340 1609 1465 1643 ἀγγέλων
1480 1608 1573 1644 ὕμνος,
1597 1606 1653 1636 οἷον
1669 1609 1749 1634 αὑτὸν
1765 1610 1790 1635 οἱ

1005 1655 1146 1690 προφῆται
1173 1655 1341 1688 διδάσκουσι,
1362 1654 1407 1681 διὰ
1427 1654 1473 1681 τὸν
1501 1654 1582 1680 αὑτὸν
1603 1653 1692 1687 λόγον,
1717 1654 1790 1680 τοῦτ’

1004 1700 1070 1727 αὐτο
1101 1700 1181 1734 μόνον
1218 1700 1302 1735 ὕμνος
1325 1700 1398 1728 ἐστὶν
1425 1700 1532 1732 ἱκεσίας
1566 1700 1789 1735 ἀπηλλαγμένος.

1010 1746 1093 1773 Ἀλλὰ
1107 1746 1133 1772 τί
1146 1746 1272 1780 βούλεται
1292 1746 1411 1773 ἐνταῦθα
1432 1747 1448 1782 ὴ
1471 1746 1624 1780 ἀνάγνωσις
1637 1745 1692 1772 τῶν
1709 1746 1791 1781 ιερῶν

1005 1790 1135 1826 Γραφῶνς
1150 1792 1180 1818 Εἰ
1196 1792 1245 1826 μὲν
1261 1792 1310 1827 τὴν
1322 1792 1418 1827 χρείαν
1434 1791 1523 1826 βούλει
1543 1791 1650 1826 μαθεῖν,
1661 1791 1769 1826 εἴρηται
1781 1800 1789 1808 υ

1005 1839 1248 1874 παρασκευάζουσι
1268 1840 1323 1874 γὰρ
1342 1839 1425 1874 ἡμᾶς,
1442 1839 1488 1865 καὶ
1506 1839 1722 1874 προκαθαίρουσι
1737 1839 1791 1874 πρὸ

1002 1885 1051 1912 τοῦ
1071 1885 1189 1920 μεγάλου
1217 1886 1271 1911 τῶν
1292 1886 1449 1920 μυστηρίων
1473 1885 1623 1919 ἅγιασμοῦ.
1642 1886 1673 1911 Et
1686 1885 1715 1911 δὲ
1737 1885 1789 1919 τὴν

1004 1931 1142 1966 σημασίαν
1166 1932 1268 1966 ζητεῖς,
1281 1930 1330 1967 τὴν
1346 1931 1499 1966 φανέρωσιν
1513 1931 1559 1957 τοῦ
1573 1931 1676 1965 Κυρίου
1692 1931 1788 1965 Snio-3-

1004 1986 1057 2009 σιν,
1078 1977 1112 2012 ῆν
1135 1975 1302 2012 ἐφανεροῦτο
1317 1977 1388 2004 κατὰ
1413 1977 1511 2012 μικρὸν
1528 1978 1597 2012 μετὰ
1611 1977 1660 2011 τὴν
1684 1977 1790 2003 ἀνάδει-

1004 2023 1054 2056 ξιν.
1079 2023 1189 2058 Πρῶτον
1213 2023 1263 2058 μὲν
1279 2023 1334 2058 γὰρ
1357 2023 1388 2055 τὸ
1411 2022 1578 2057 Εὑαγγέλιον
1599 2023 1791 2049 ἀναδείκνυται

1004 2069 1236 2104 συνεπτυγμένον,
1256 2069 1305 2102 τὴν
1322 2068 1484 2103 ἐπιφάνειαν
1500 2068 1546 2094 τοῦ
1567 2068 1671 2103 Κυρίου
1688 2070 1790 2103 σημαῖ-

1002 2122 1047 2141 νον
1060 2122 1068 2130 ·
1082 2114 1144 2140 καθ’
1160 2114 1193 2149 ἢν
1215 2115 1361 2140 σιωπῶντα
1380 2113 1460 2140 αὑτὸν
1477 2116 1490 2139 ὁ
1510 2113 1606 2148 Πατὴρ
1635 2113 1788 2145 ἁνεδείκνυ,

1002 2161 1048 2188 ὅτε
1070 2160 1147 2186 οὐδὲν
1176 2161 1279 2191 ἐκεῖνος
1296 2160 1493 2194 φθεγγόμενος.
1518 2159 1568 2194 τῆς
1593 2159 1639 2186 τοῦ
1663 2160 1788 2195 κήρυκος

660 2213 707 2240 per
729 2214 811 2241 quam
845 2206 950 2240 publice

1003 2206 1088 2233 ὲδεῖτο
1105 2207 1205 2241 φωνῆς.
1220 2205 1313 2232 Ταῦτα
1334 2205 1363 2232 δὲ
1380 2206 1429 2240 τῆς
1454 2205 1636 2240 φανερώσεώς
1661 2207 1720 2232 ἐστι
1737 2214 1788 2240 ση-

1003 2251 1123 2286 μαντικὰ
1146 2251 1195 2285 τῆς
1216 2251 1416 2286 τελειωτέραςν
1441 2251 1503 2277 καθ’
1516 2251 1549 2286 ἢν
1565 2251 1685 2285 δημοσίᾳ.
1705 2252 1789 2278 πᾶσιν

1001 2299 1111 2333 ὡμίλει,
1127 2300 1173 2326 καὶ
1188 2299 1284 2326 ἑαυτὸν
1295 2299 1442 2333 ἐδείκνυεν,
1453 2299 1484 2325 οὐ
1498 2299 1578 2333 μόνον
1594 2299 1623 2332 ἐξ
1637 2296 1675 2326 ὧν
1691 2299 1787 2334 ἔλεγεν

1002 2346 1095 2379 αὐτὸς,
1112 2346 1181 2373 ἀλλὰ
1200 2347 1246 2372 καὶ
1258 2346 1337 2377 ὄντας
1362 2345 1530 2377 ἀποστόλους
1545 2345 1667 2372 ἐδίδασκε
1683 2346 1787 2379 λέγειν,

1001 2392 1118 2426 πέμπων
1133 2391 1234 2422 αὐτοὺς
1251 2391 1290 2422 εἰς
1303 2391 1338 2417 τὰ
1350 2390 1475 2425 πρόϐατα
1487 2391 1524 2416 τὰ
1538 2390 1697 2417 ἀπολωλότα
1711 2391 1788 2417 οίκου

1007 2437 1128 2473 Ἰσραήλ.
1147 2437 1196 2463 Διὰ
1218 2436 1298 2463 τοῦτο
1319 2436 1540 2470 ἀναγινώσκεται
1561 2435 1611 2470 μὲν
1631 2436 1788 2472 γράμματα

1004 2482 1182 2514 ἁποστολικὰ,
1197 2481 1415 2515 ἀναγινώσκεται
1430 2481 1459 2508 δὲ
1475 2481 1540 2507 αὐτὸ
1558 2481 1587 2507 τὺ
1607 2481 1784 2515 Εὐαγγέλιον.

1001 2529 1034 2556 Τί
1050 2529 1096 2556 οὖν
1114 2528 1151 2565 μὴ
1164 2528 1276 2564 πρῶτον
1301 2528 1331 2555 τὸ
1356 2527 1541 2562 Εὑαγγέλιον;
1559 2527 1621 2554 ’Ότι
1647 2528 1787 2555 τελειωτὲ-

1003 2584 1052 2611 ρας
1066 2575 1124 2601 ἐστὶ
1147 2575 1328 2610 ῳανερώσεως
1353 2574 1496 2609 σημαίνειν
1515 2574 1548 2600 τὰ
1571 2574 1606 2600 δι’
1629 2573 1713 2600 αὐτοῦ
1738 2574 1785 2600 τοῦ

1001 2620 1148 2656 Κυρίου,ἥ
1165 2621 1208 2647 διὰ
1230 2619 1284 2646 τῶν
1310 2620 1468 2646 ἀποστόλων
1493 2619 1638 2654 λεγόμενα.
1660 2619 1736 2646 Ἐπεὶ
1757 2620 1786 2647 δὲ

1001 2666 1051 2692 οὐκ
1068 2666 1167 2701 ἀθρόον
1184 2665 1272 2700 ἐφάνη
1297 2666 1352 2696 τοῖς
1370 2664 1524 2699 ἀνθρώποις
1546 2666 1560 2691 ὁ
1575 2664 1674 2699 Κύριος
1693 2666 1786 2700 ἡλίκος

1000 2709 1034 2746 ἦν
1049 2711 1098 2746 τὴν
1127 2711 1213 2746 ἰσχὺν,
1230 2712 1277 2737 καὶ
1301 2710 1356 2742 οἷος
1370 2711 1420 2745 τὴν
1449 2710 1607 2744 ἀγαθότητα
1624 2710 1715 2745 (τοῦτο
1731 2711 1785 2745 γὰρ

1001 2757 1049 2791 τῆς
1063 2756 1195 2792 δευτέρας
1212 2756 1294 2783 αὐτοῦ
1309 2756 1485 2790 παρουσίας),
1498 2756 1556 2783 ἀλλ’
1565 2756 1616 2791 ὁδῷ
1630 2756 1788 2795 προϐαίνων

1001 2803 1056 2829 ἀπὸ
1070 2803 1116 2828 τοῦ
1138 2802 1325 2836 ἀφανεστέρου
1344 2803 1390 2829 ἐπὶ
1405 2802 1434 2828 τὸ
1448 2802 1639 2838 φανερώτερον
1664 2803 1761 2837 προῄει
1776 2810 1798 2843 '-

1002 2849 1096 2876 τούτου
1110 2850 1190 2884 χάριν
1203 2849 1251 2883 τὴν
1265 2849 1399 2882 ἀνάδειξιν
1413 2848 1494 2875 αὖτοῦ
1509 2850 1578 2875 κατὰ
1597 2850 1695 2884 μικρδν
1709 2855 1785 2883 γειο-
