1976 3074
170 146 224 178 419

799 146 950 175 NICOLAI
973 146 1167 177 CABASILZE

1745 152 1798 185 4'20

170 208 197 231 et
209 203 255 229 alii
281 201 366 229 aliud.
380 200 436 229 Vos
461 205 565 233 autem,
583 200 609 227 in
632 200 760 227 munibus
776 209 837 235 qum
859 200 959 232 facitis,

1015 202 1041 228 δὲ
1050 203 1078 227 ὲν
1090 202 1192 229 ἅπασιν
1201 200 1241 234 οἷς
1258 203 1374 235 ποιεῖτε,
1391 203 1440 236 τὴν
1449 203 1527 235 δόξαν
1540 203 1586 231 τοῦ
1595 205 1662 232 Θεοῦ
1678 206 1795 242 ζητεῖτε’

170 249 284 284 gloriam
304 248 348 274 Dei
370 247 494 282 qua:rite.
515 245 592 272 Servi
609 245 681 272 enim
703 253 808 276 sumus,
831 245 882 272 hoc
903 245 956 272 Do-

172 295 248 321 mino
266 295 397 320 debentes
415 291 608 322 ministerium,
625 294 655 317 ut
672 290 718 326 qui
732 298 780 325 pro
804 291 864 326 ipso
882 295 908 318 et
923 291 957 319 ab

170 340 251 367 initio
273 338 374 366 conditi
402 345 508 368 sumus,
535 342 562 363 et
579 341 672 370 postea
690 336 793 371 empti;
814 341 957 371 propterea

170 385 294 412 invenies
329 383 477 410 Ecclesiam
512 382 556 408 Dei
574 382 667 417 gloria:
683 382 783 417 ubique
798 390 891 409 curam
913 389 958 417 ge-

172 437 241 461 rere,
257 435 284 456 et
301 429 351 455 hoc
370 428 482 455 verbum
499 428 690 461 snsquedeqne
715 427 844 459 clamare,
855 432 882 454 et
898 435 956 454 eam

169 483 219 509 per
245 474 336 501 omnia
360 474 483 505 laudare,
506 479 532 500 et
547 481 607 500 eam
627 473 718 500 omnia
741 473 912 504 existimare,
932 477 959 500 et

171 521 205 547 ad
223 527 282 547 eam
298 520 389 547 omnia
403 519 505 551 facere,
523 519 672 551 orationes,
690 526 796 552 preces,
812 519 958 553 mysterio-

171 574 232 592 rum
251 573 298 593 seu
320 570 553 592 sacramentorum
567 565 778 595 celebrationes,
794 564 959 592 adhortatio-

170 619 230 644 nes,
246 611 378 646 quidquid
398 618 517 638 sacrum.
533 610 563 636 Et
580 610 637 636 haec
654 609 763 644 quidem
785 609 836 636 hoc
865 610 956 637 modo.

480 655 556 682 (ZAI‘.
573 654 668 682 XXIV.

209 702 244 729 De
261 702 454 729 inlroduttione
470 709 606 728 sacrorum.
628 701 757 728 donarunt
774 701 808 728 ad
827 701 922 728 altare.

208 791 344 819 Sacerdos
362 795 466 822 autem.
489 797 634 826 postquam
658 798 719 819 cum
739 791 856 818 (lamore
876 790 959 818 Deum

171 838 344 873 glorilicavit,
361 837 434 864 venit
448 837 480 863 ad
495 837 576 867 dona.
594 842 619 862 cl
637 841 709 863 cum'
720 844 751 863 ea
772 837 797 862 in
810 842 890 871 caput
905 837 961 863 val-

171 886 205 913 dc
224 886 337 912 honeste
350 889 376 911 et
391 889 545 911 reverenter
569 884 689 916 sustulit,
705 884 842 919 egreditur
859 892 865 917 ;
886 884 960 911 etsic

171 939 203 958 ea
232 931 332 962 ferens,
358 930 432 957 ducit
452 930 483 956 ad
514 930 612 962 altare,
630 930 663 957 de
695 930 828 957 industria
843 930 960 957 circum-

172 977 277 1004 durens
306 977 332 1002 in
360 975 462 1010 templo
483 980 593 1009 propter
608 975 748 1010 populum.
765 976 855 1010 quiete
872 980 897 1002 et
914 983 960 1010 pe-

172 1018 310 1050 detentim.
331 1021 382 1056 lpsi
403 1026 494 1048 autem
512 1026 623 1052 canunt,
640 1026 667 1048 et
689 1029 775 1056 genua
796 1029 857 1048 cum
886 1021 958 1048 omni

171 1068 321 1096 reverentia
335 1072 362 1094 et
386 1067 515 1101 religione
542 1066 692 1097 inﬂectunt,
723 1072 849 1102 rogantes
869 1071 897 1094 ut
913 1074 957 1093 eu-

171 1122 230 1140 rum
246 1113 282 1140 sit
306 1120 409 1140 memor
434 1113 459 1139 in
483 1113 618 1139 donorum
633 1113 780 1140 oblatione.
796 1113 855 1147 Ipse
869 1117 958 1140 autem

171 1161 305 1195 procedit,
319 1160 464 1187 comitatus
481 1159 652 1193 lampadibus
677 1163 704 1185 et
720 1159 867 1191 sufﬁtibus,
879 1164 906 1186 et
923 1159 959 1186 ita

173 1215 203 1234 se
220 1207 334 1238 habens,
352 1206 434 1234 altare
448 1206 611 1240 ingreditur.
626 1205 688 1233 lltrc
705 1211 795 1233 autent
816 1206 884 1233 liunt
899 1207 959 1240 qui-

173 1253 233 1278 dem
251 1252 282 1279 ad
301 1260 380 1279 usuin
399 1261 406 1285 ;
427 1252 569 1286 oportebat
586 1252 658 1279 enim
681 1252 772 1279 ali'crri
794 1257 820 1279 et
836 1252 863 1279 iu
882 1252 958 1279 altari

173 1298 265 1331 reponi
284 1298 354 1324 dona
384 1305 445 1332 quae
479 1302 543 1324 sunt
564 1297 759 1329 sacriﬁcanda,
783 1297 864 1332 idque
896 1306 957 1325 cum

173 1351 254 1377 quam
271 1342 388 1369 n-aximo
404 1342 460 1369 ﬁeri
475 1347 565 1377 potest
582 1343 685 1370 honore
704 1348 730 1369 et
748 1344 905 1371 reverentia.
921 1344 959 1372 lla

172 1389 244 1414 enim
262 1387 506 1415 introducebantur
527 1388 597 1415 dona
617 1388 661 1415 Dei
692 1390 912 1424 quandoquidem
930 1395 958 1417 et

173 1443 260 1469 reges,
290 1443 350 1462 Clllll
365 1439 502 1470 oporteret
526 1435 600 1470 ipsos
617 1435 672 1462 Deo
687 1436 757 1463 dona
775 1434 884 1468 ollerre,
904 1443 957 1463 leill

174 1489 225 1507 non
244 1481 303 1507 aliis
331 1477 549 1511 committebant,
563 1481 608 1508 sed
625 1481 675 1516 ipsi
689 1489 735 1516 per
747 1482 850 1516 seipsos
869 1481 958 1509 fcren-

173 1531 224 1558 tes,
240 1534 271 1552 ea
285 1526 407 1553 coronati
424 1526 643 1553 introducebant.

209 1571 328 1598 Possunt
349 1577 439 1597 autem
463 1571 520 1597 lucc
540 1571 621 1597 etiam
653 1570 753 1598 habere
781 1571 959 1606 signiﬁcatio~

176 1624 237 1643 nem
255 1616 355 1642 ultimm
366 1616 467 1643 Christi
484 1615 659 1647 ostensionis,
676 1623 724 1650 per
740 1623 821 1649 quant
840 1617 958 1644 maxime

175 1658 351 1688 llehrzcorum
371 1661 499 1688 invidiam
520 1661 657 1693 accendit,
674 1661 783 1696 quando
797 1661 878 1688 etiam
896 1669 959 1696 pro-

175 1707 261 1734 l'cctus
289 1711 331 1734 est
347 1707 389 1733 via
411 1714 471 1741 qua:
483 1707 558 1733 ducit
574 1715 589 1733 a
603 1706 689 1740 patria
714 1706 741 1733 in
758 1706 920 1739 Jerusalem,
933 1709 959 1734 in

175 1759 230 1786 qua
246 1752 389 1786 oportebat
418 1759 479 1779 eum
502 1751 664 1785 sacriﬁcari,
678 1753 787 1786 quando
804 1757 830 1780 et
859 1753 885 1780 in
902 1754 959 1781 asi-

180 1804 215 1823 no
235 1800 330 1824 vectus
350 1798 443 1824 urbem
475 1797 614 1831 ingressus
637 1803 688 1830 est,
714 1806 727 1824 a
761 1799 855 1826 multis
877 1799 960 1827 dedu-

174 1848 246 1875 ctus,
271 1848 298 1870 et
317 1843 430 1870 canticis
452 1843 615 1871 celebratus.
643 1845 753 1879 Oportet
775 1850 865 1872 autem
879 1846 960 1873 etiam

175 1895 240 1917 tunc
268 1890 299 1916 ad
313 1890 463 1917 sacerdotis
476 1897 563 1924 genua
575 1889 760 1924 procidere,el
773 1898 853 1919 orare
864 1897 891 1919 ut
907 1892 960 1920 illis

174 1936 346 1964 orationibus
379 1936 463 1963 nostri
497 1936 662 1965 meminerit.
689 1935 782 1972 Neque
814 1938 887 1965 enim
919 1942 961 1966 ast

175 1983 245 2009 alius
263 1982 355 2010 modus
369 1982 578 2017 supplicationis
592 1983 637 2017 qui
649 1987 754 2010 tantum
767 1984 862 2019 possit,
876 1989 902 2012 et
913 1985 959 2020 qui

175 2027 263 2062 magis
287 2027 392 2054 Iirmam
418 2031 445 2053 et
458 2027 587 2054 stabilem
617 2028 696 2055 nobis
721 2036 795 2063 spem
823 2030 958 2064 praebeat,

176 2081 257 2107 quam
273 2074 317 2108 qui
333 2073 362 2100 ﬁt
376 2081 424 2108 per
439 2073 490 2100 hoc
502 2073 687 2100 venerandum
701 2074 875 2107 sacriﬁcium,
888 2076 960 2110 quod

175 2119 328 2153 impietales
359 2123 386 2146 et
407 2119 566 2154 iniquitates
595 2120 689 2147 mundi
707 2121 792 2156 gratis
822 2121 960 2157 purgavit.

179 2164 206 2191 Si
222 2164 268 2199 qui
288 2169 378 2192 autem
395 2172 489 2192 eorum
513 2165 560 2200 qui
579 2166 720 2194 sacerdote
738 2174 801 2194 cum
825 2167 905 2194 donis
921 2167 961 2194 in-

1008 248 1101 274 Δοῦλοι
1123 249 1176 284 γάρ
1200 249 1284 283 ἐσμεν
1295 270 1302 282 ,
1325 249 1429 284 ταύτην
1443 250 1597 283 ὀφείλοντες
1613 251 1652 285 τῷ
1669 253 1797 288 Δεσπότῃ

1008 293 1057 328 τὴν
1077 294 1226 326 διακονίαν,
1249 295 1287 324 ὡς
1312 295 1344 322 ἂν
1364 296 1435 331 ὑπὲρ
1450 297 1546 331 αὐτῆς,
1567 297 1614 323 καὶ
1641 299 1799 330 κτισθέντες

1008 339 1055 366 ὑπ’
1070 340 1171 373 αὐτοῦ,
1190 340 1238 375 τὴν
1263 340 1362 375 ἀρχὴν,
1387 342 1435 367 καὶ
1449 341 1563 377 ὕστερον
1583 342 1798 377 ἀγορασοέντες.

1010 387 1063 412 Διὰ
1076 386 1155 412 τοῦτο
1180 386 1229 420 τὴν
1252 386 1417 421 Ἐκκλησίαν
1435 387 1562 422 εὑρήσεις
1577 389 1627 423 τῆς
1643 389 1723 423 δόξης
1748 390 1796 416 τοῦ

1008 430 1077 457 Θεοῦ
1097 431 1293 465 φροντίζουσαν
1311 431 1450 466 πανταχοῦ
1465 451 1473 464 ,
1501 433 1547 458 καὶ
1571 433 1644 459 τοῦτ’
1670 433 1728 460 ἄνω
1752 436 1798 460 καὶ

1009 477 1084 502 κάτω
1093 475 1198 511 βοῶσαν
1209 476 1238 503 τὸ
1252 477 1328 511 ῥῆμα
1338 498 1346 510 ,
1353 477 1402 504 ’καὶ
1413 477 1514 512 ταύτην
1523 477 1566 504 διὰ
1578 478 1685 505 πάντων
1697 479 1782 513 ὑμνοῦ
1789 495 1798 499 -

1010 532 1070 554 σαν,
1083 524 1130 550 καὶ
1139 525 1227 550 πάντα
1247 524 1331 558 αὐτὴν
1343 525 1508 559 ἡγουμένην,
1529 525 1577 551 καὶ
1601 525 1670 559 προς
1692 525 1796 560 ταύτην

1010 570 1098 597 πάντα
1110 570 1299 602 ποιοῦσαν,τὰς
1309 570 1405 605 εὐχᾶς,
1418 571 1465 600 τὰς
1477 571 1594 605 δεήσεις,
1607 571 1655 600 τὰς
1670 571 1796 606 μυήσεις,

1008 615 1058 647 τὰς
1085 616 1270 651 παραινέσεις,
1280 617 1332 642 πᾶν
1359 616 1508 650 1ερόν.Κα“ι
1518 616 1603 643 ταῦτα
1622 617 1672 651 μὲν
1697 617 1793 647 οὕτως.

1299 662 1425 690 ΚΕΦΔΛ.
1449 664 1512 690 ΚΔ’.

1010 708 1078 742 Περὶ
1097 708 1152 743 τῆς
1177 709 1221 741 εις
1246 708 1278 735 τὸ
1304 709 1523 743 θυσιαστήριον
1544 710 1711 744 εἰσαγωγῆς
1735 709 1795 736 τῶν

1287 744 1392 778 τιμίων
1405 743 1518 778 δώρων.

1052 789 1082 817 Ὀ
1099 790 1127 816 δὲ
1151 791 1238 825 ἱερεὺς
1267 790 1315 825 βοῇ
1333 790 1379 816 τὸν
1403 790 1468 816 Θεὸν
1493 791 1673 826 δοξολογήσας
1686 792 1795 826 ἔρχεται

1013 836 1059 862 ἐπὶ
1075 837 1108 863 τὰ
1127 836 1211 872 δῶρα.
1229 837 1274 862 καὶ
1300 836 1460 871 ἀνελόμενος
1483 837 1530 863 ἐπὶ
1549 837 1598 872 τῆς
1616 838 1738 872 κεφαλῆς
1754 847 1796 864 κου

1015 882 1112 915 σμίως,
1134 882 1237 912 ἔξεισιο
1265 882 1312 908 καὶ
1336 882 1423 913 οὕτως
1451 882 1520 909 αὐτὰ
1547 884 1679 918 κομίζων,
1699 884 1744 910 ἐπὶ
1767 884 1796 910 τ).

1014 927 1209 962 θυσιαστήριον
1222 928 1337 962 εἰσάγει,
1350 930 1488 963 περιάγων
1501 930 1624 964 ἐπίτηδες
1635 931 1664 956 ἐν
1675 931 1715 964 τῷ
1727 931 1795 966 ναῷ,

1014 972 1094 1006 σχολῇ
1113 973 1159 999 καῖ
1177 972 1269 1008 βὲδην.
1295 974 1349 999 Kal.
1375 975 1451 1000 αὐτοὶ
1477 975 1584 1010 ﬁrmat,
1607 977 1654 1002 καὶ
1680 977 1795 1010 προσπί-

1015 1025 1127 1044 πτουσιν
1142 1018 1226 1053 αὐτῷ,
1245 1019 1293 1045 σειν
1308 1019 1377 1045 αἰδοῖ
1393 1020 1466 1055 πάσῃ
1487 1021 1532 1047 καὶ
1546 1021 1683 1056 εὑλσῦείᾳ,
1700 1022 1795 1056 δεόμε-

1013 1073 1053 1090 νοι
1069 1065 1179 1100 μνήμης
1199 1065 1264 1100 παρ’
1287 1065 1361 1100 αὐτῷ
1385 1067 1488 1100 τυχεῖν,
1515 1067 1544 1091 ἐν
1563 1069 1595 1102 τῇ
1621 1067 1674 1093 τῶν
1700 1068 1795 1102 δώρων

1014 1112 1192 1145 προσαγωγῇ.
1223 1111 1279 1138 Καὶ
1308 1111 1390 1143 αὐτὸς
1424 1114 1510 1146 χωρεῖ
1541 1115 1716 1148 πεμπόμενος
1743 1115 1795 1141 ὑπ’)

1013 1156 1138 1190 λαμπάσι
1153 1157 1200 1183 καὶ
1215 1157 1368 1192 θυμιάμασι
1381 1166 1387 1173 ·
1409 1159 1455 1185 καὶ
1465 1159 1552 1192 οὕτως
1567 1159 1646 1195 ἔχων,
1660 1160 1688 1186 τὺ
1703 1160 1795 1187 θυσια-

1014 1204 1124 1236 στήριον
1146 1203 1312 1238 είσέρχεται.
1339 1203 1431 1230 Ταῦτα
1456 1205 1484 1230 δὲ
1511 1205 1616 1239 γίνεται
1642 1205 1692 1241 μὲν
1722 1208 1792 1232 κατὰ

1012 1249 1123 1283 χρείαν·
1152 1247 1205 1274 ἔδει
1223 1249 1277 1284 γὰρ
1302 1249 1455 1285 ἐνεχθῆναι,
1477 1251 1524 1277 καὶ
1545 1251 1585 1287 τῷ
1608 1251 1793 1287 θυσιαστηρίῳ

1013 1294 1182 1328 ἀποτεθῆναι
1196 1295 1229 1320 τὰ
1246 1295 1358 1322 θύεσθαι
1377 1295 1508 1330 μέλλοντα
1532 1297 1623 1332 δῶμ’
1649 1297 1698 1323 καὶ
1716 1298 1794 1324 τοῦτο

1013 1341 1119 1375 σεμνῶς
1134 1340 1171 1371 ὡς
1185 1339 1274 1372 ἔξεστι
1287 1341 1333 1367 καὶ
1348 1342 1480 1376 κοσμίως.
1497 1341 1574 1368 Οὕτω
1587 1343 1639 1377 γὰρ
1654 1344 1794 1377 εἰσήγοντο

1012 1387 1045 1412 τὰ
1061 1385 1134 1422 δῶρα
1150 1387 1196 1413 τοῦ
1216 1386 1300 1413 Θεοῦ·
1327 1387 1387 1413 ἐπεὶ
1411 1387 1458 1413 καὶ
1479 1388 1503 1413 οί
1521 1387 1641 1422 βασιλεῖς
1661 1388 1734 1422 δῶρα
1753 1389 1792 1422 τῷ

1012 1432 1070 1467 Θεῷ
1089 1432 1242 1466 προσάγειν
1256 1431 1356 1466 δεῆσαν
1371 1432 1471 1463 αὐτοῖς,
1497 1433 1546 1458 οὐκ
1568 1433 1656 1464 ἄλλοις
1675 1434 1704 1459 τὸ
1722 1435 1792 1468 πρᾶ-

1012 1485 1070 1512 γμα
1091 1477 1262 1512 ἐπέτρεπον,
1287 1477 1345 1504 ἀλλ’
1368 1477 1444 1504 αὐτοὶ
1460 1477 1493 1503 δι’
1509 1478 1613 1504 ἑαυτῶν
1635 1479 1794 1514 κομίζοντες

1012 1523 1123 1557 εἰσῆγον
1138 1523 1219 1562 add,
1236 1523 1463 1557 ἐστεφανωμένοι.

1048 1570 1164 1596 Δύναται
1179 1569 1206 1595 δὲ
1223 1569 1308 1595 ταῦτα
1319 1570 1364 1596 καὶ
1377 1570 1513 1605 σημασίαν
1528 1571 1599 1605 ἔχειν
1613 1571 1662 1606 τῇς
1678 1571 1794 1606 ἐσχάτης

1011 1614 1059 1641 τοῦ
1088 1614 1207 1649 Χριστοῦ
1232 1614 1405 1647 ἀναδείξεως,
1420 1608 1480 1642 καθ’
1497 1615 1530 1649 ἢν
1556 1615 1671 1650 μάλιστα
1687 1616 1735 1651 τὴν
1747 1617 1795 1651 βα-

1012 1660 1125 1686 σκανίαν
1151 1660 1204 1686 τῶν
1237 1660 1370 1695 Ἐὁραίων
1402 1661 1521 1695 ἀνῆψεν,
1553 1662 1634 1696 ἡνίκα
1661 1663 1707 1688 καὶ
1735 1663 1794 1689 ὀδίν

1015 1706 1153 1732 ἐστείλατο
1170 1706 1219 1740 τὴν
1244 1706 1297 1732 ἀπὸ
1322 1707 1370 1741 τῆς
1386 1708 1512 1742 πατρίδος
1535 1710 1582 1735 ἐπὶ
1605 1709 1794 1744 Ἰερουσαλὴμ,

1013 1752 1043 1778 ὲν
1093 1751 1205 1778 θύεσθαι
1232 1751 1305 1778 ἔδει·
1325 1752 1369 1778 ὅτε
1397 1754 1442 1779 καὶ
1463 1753 1609 1788 ὀχούμενος
1634 1755 1720 1789 είσῄει
1744 1754 1794 1790 τὴν

1012 1798 1101 1830 πόλιν,
1118 1797 1170 1824 ὑπὸ
1187 1798 1291 1824 πολλῶν
1316 1800 1568 1833 παραπεμπόμενος
1595 1801 1641 1826 καὶ
1658 1800 1794 1834 ὑμνούμε-

1013 1852 1068 1875 νος.
1084 1845 1131 1870 Δεῖ
1143 1844 1170 1870 δὲ
1184 1844 1365 1880 προσπίπτειν
1381 1844 1528 1880 τηνικαῦτα
1543 1846 1591 1871 καὶ
1604 1845 1642 1880 τῷ
1658 1847 1736 1881 ἱερεῖ,
1748 1847 1795 1872 καὶ

1013 1889 1115 1916 δεῖσθαι
1137 1890 1180 1917 ἴνα
1198 1891 1276 1925 ἡμῶν
1294 1891 1322 1917 ὲν
1338 1892 1398 1922 ταῖς
1423 1891 1514 1926 εὐχαῖς
1538 1892 1655 1923 ἐκείναις
1676 1893 1795 1928 μνησθῇ.

1014 1936 1075 1962 Ὅτι
1096 1936 1147 1962 οὐκ
1171 1936 1244 1963 ἔστιν
1267 1936 1345 1968 ἄλλος
1359 1937 1457 1971 τρόπος
1480 1937 1582 1968 ἱκεσίας
1602 1938 1672 1964 οὕτω
1691 1939 1795 1973 μεγάλα

1014 1982 1175 2016 δυνάμενος,
1191 1983 1238 2008 καὶ
1263 1982 1375 2017 βεϐαίας
1390 1984 1579 2018 παρεχόμενος
1602 1985 1668 2018 ἡμῖν
1688 1985 1738 2016 τὰς
1753 1985 1792 2010 ἐλ-

1016 2028 1106 2060 πίδας,
1129 2027 1224 2063 ὥσπερ
1237 2029 1251 2055 ὁ
1265 2029 1309 2055 διὰ
1329 2029 1379 2063 τῆς
1392 2030 1544 2063 φρικώδους
1566 2029 1667 2065 ταύτης
1688 2030 1795 2063 θυσίας,

1012 2074 1029 2108 ἣ
1044 2075 1092 2105 τὰς
1107 2074 1234 2106 ἀσεΰείας
1255 2076 1301 2101 καὶ
1318 2074 1368 2107 τὰς
1387 2075 1502 2110 ἀνομίας
1517 2074 1663 2110 ὲκαθάρισε
1679 2075 1795 2110 δωρεάν.

1013 2120 1045 2146 El.
1065 2120 1093 2147 δέ
1109 2128 1181 2151 τινες
1199 2120 1254 2146 τῶν
1277 2121 1503 2155 προσπιπτόντων
1527 2120 1639 2147 εἰσιόντι
1656 2122 1725 2155 μετὰ
1741 2122 1796 2148 τιῖν

1013 2166 1106 2201 δώρων
1124 2165 1163 2200 τῷ
1191 2167 1274 2201 ἱερεῖ,
1299 2167 1336 2198 ὡς
1361 2167 1439 2202 σῶμα
1466 2166 1586 2202 Χριστοῦ
1612 2168 1658 2193 καὶ
1677 2165 1747 2202 αἷμα
1762 2168 1796 2193 τὰ

178 2210 316 2244 grediente
328 2210 401 2236 humi
413 2211 605 2244 procumbunt,
616 2217 744 2246 tanquam
756 2218 856 2246 corpus
864 2217 890 2239 ct
900 2220 959 2239 san-

1015 2211 1181 2246 κομιζόμενα
1193 2211 1268 2246 δῶρα
1284 2212 1466 2246 προσκυνοῦσι
1483 2212 1530 2238 καὶ
1544 2212 1724 2246 διαλέγονται,
1743 2212 1796 2238 ἀπὸ

178 2255 287 2290 guinem
303 2256 416 2288 Christi,
431 2256 502 2283 dona
516 2264 576 2291 qua:
592 2257 730 2290 deferunt,
747 2258 862 2285 adorant
876 2265 902 2284 et
919 2258 958 2285 al-

178 2301 338 2335 loquuntur,
355 2301 388 2328 ab
405 2301 528 2336 ingressu
555 2303 843 2336 prarsanetiﬁeatoruru
874 2304 960 2332 dono-

177 2355 239 2374 rum
257 2347 360 2382 decepti
377 2352 450 2380 sunt,
467 2348 625 2382 ignorantes
638 2350 816 2377 diﬁ‘crentiam
835 2351 913 2385 huius
934 2356 961 2379 et

178 2393 251 2419 illius
269 2393 406 2420 sacriﬁcii.
423 2392 479 2421 Hoc
492 2394 563 2422 enim
582 2395 608 2422 in
624 2395 682 2430 ipso
700 2395 825 2431 ingressu
848 2405 900 2424 nou
915 2405 959 2424 sa-

178 2437 300 2465 crilicata
327 2438 409 2466 habet
437 2440 520 2472 dona,
542 2445 570 2468 et
601 2441 720 2468 nondum
747 2442 960 2476 perlectazillnd

179 2489 282 2517 autem,
296 2485 414 2519 perfecta
425 2491 451 2512 et
468 2485 647 2518 sanctiﬁcata,
661 2491 687 2513 et
701 2494 800 2522 corpus
815 2489 960 2522 elSnngtll-

179 2536 241 2556 nem
256 2530 367 2558 Chrisri.
386 2531 419 2558 Et
437 2531 494 2558 haec
510 2531 618 2565 quidem
632 2531 672 2558 sic
691 2531 802 2559 habent.

478 2587 555 2614 CAP.
570 2587 642 2614 XXV

182 2643 219 2669 De
237 2644 356 2677 precibus
382 2648 440 2678 post
453 2644 630 2677 pretiosorum
644 2644 772 2671 donorum
787 2645 962 2674 introductio-

257 2687 325 2709 ncm,
352 2683 375 2704 et
392 2679 527 2713 praceptis
539 2680 681 2706 sacerdotis
696 2680 730 2706 ad
748 2681 882 2715 poputum.

218 2753 351 2780 Sacerdos
373 2758 463 2781 autent
477 2754 548 2781 dona
574 2756 679 2789 quidem
696 2757 771 2791 ponit
788 2765 867 2792 super
888 2767 962 2786 men-

183 2806 262 2830 sam;
292 2799 460 2833 ipseautetn,
479 2805 509 2826 ut
524 2801 568 2834 qui
581 2801 637 2835 jam
663 2808 784 2830 versetur
801 2804 825 2830 in
841 2806 962 2839 mysterii

182 2844 374 2878 celebratione,
391 2850 417 2872 ct
432 2847 612 2874 venerandam
626 2849 661 2876 sit
675 2849 791 2876 hostium
810 2856 960 2877 contrecta-

1010 2257 1059 2291 τῆς
1089 2256 1192 2283 εἰσόδου
1219 2257 1274 2283 τῶν
1294 2258 1523 2292 προηγιασμένων
1544 2258 1637 2292 δώρων
1653 2257 1797 2292 ἠπατήθη-

1011 2311 1082 2334 σαν,
1109 2303 1294 2337 ἀγνοήσαντες
1320 2303 1368 2337 τὴν
1401 2303 1531 2338 διαφορὰν
1560 2304 1609 2338 τῆς
1639 2303 1796 2338 ἱερουργίας

1012 2347 1114 2382 ταύτης
1129 2348 1269 2382 κάκείνης.
1289 2349 1362 2383 Αὐτὴ
1378 2349 1427 2383 μὲν
1441 2349 1496 2384 γὰρ
1508 2350 1537 2375 ὲν
1550 2349 1637 2384 ταύτῃ
1653 2350 1685 2384 τῇ
1701 2349 1796 2383 εἰσόδῳ

1011 2391 1098 2418 ἄθυτα
1115 2392 1172 2427 ἔχει
1188 2393 1223 2419 τὰ
1238 2393 1323 2427 δῶρα,
1340 2395 1388 2422 καὶ
1401 2394 1479 2421 οῡπω
1494 2395 1688 2428 τετελεσμένα·
1703 2395 1796 2428 ἐκείνη

1011 2439 1040 2464 δὲ
1056 2439 1156 2470 τέλεια,
1176 2440 1223 2466 καὶ
1243 2442 1408 2475 ἠγιασμένα,
1425 2441 1473 2469 καὶ
1487 2441 1567 2476 σῶμα
1582 2441 1630 2468 καὶ
1639 2439 1709 2476 αἷμα
1727 2440 1795 2476 Χρι-

1013 2484 1087 2511 στοῦ.
1108 2486 1163 2512 Καὶ
1180 2486 1265 2512 ταῦτα
1283 2486 1332 2521 μὲν
1347 2486 1444 2519 οὕτως.

1301 2587 1426 2614 ΚΕΦΑΛ.
1444 2587 1508 2614 KE'.

1013 2642 1083 2676 Περὶ
1099 2642 1157 2678 τῷν
1177 2643 1253 2677 μετὰ
1277 2642 1334 2676 τὴν
1355 2645 1527 2678 είσαπωγίιν
1541 2644 1601 2671 τῶν
1631 2644 1732 2678 δώρων
1746 2645 1795 2671 καὶ

1048 2677 1157 2738 ειῗὶχᾷόν,
1172 2677 1221 2704 καὶ
1238 2677 1447 2713 παραγγελιῶν
1466 2677 1518 2706 τοῦ
1543 2680 1643 2714 ἱερέως
1664 2677 1738 2713 πρὸς
1763 2681 1797 2706 τι)

1053 2720 1071 2737 π
1096 2722 1113 2744 η
1134 2721 1177 2745 ος.

1054 2758 1084 2783 '0
1100 2758 1127 2783 δὲ
1142 2757 1232 2793 lapsi);
1253 2758 1288 2786 τὰ
1309 2759 1359 2793 μὲν
1372 2759 1446 2795 δῶρα
1461 2761 1553 2795 τίθησι
1569 2761 1615 2787 ἐπὶ
1629 2761 1679 2796 τῆς
1692 2762 1798 2797 τραπέ-

1014 2803 1062 2837 ζης
1074 2811 1080 2818 ·
1099 2804 1179 2835 αὐτὸς
1202 2805 1231 2831 δὲ
1255 2805 1293 2836 ὼς
1309 2806 1358 2840 ἢδη
1376 2807 1443 2840 πρὸς
1459 2809 1492 2842 τῇ
1513 2807 1624 2842 τελευτῇ
1641 2809 1796 2843 γενόμενος,

1016 2851 1063 2876 καὶ
1081 2851 1185 2886 μέλλων
1202 2852 1252 2887 τῆς
1268 2853 1385 2888 φρικτῆς
1400 2853 1533 2881 ἅπτεσθαι
1552 2854 1660 2887 θυσίας,
1677 2854 1716 2880 ἔτι
1733 2855 1798 2881 ἐαυ-
