1976 3074
207 184 260 216 423

839 168 995 202 NlCOLAI
1015 164 1209 197 CABASlL/E

1781 158 1833 193 42E

203 237 367 266 bitationem
382 235 502 270 aliquam
515 234 550 261 de
578 233 629 259 hac
644 231 695 258 iide
713 230 740 257 in
754 228 846 256 anima
864 230 1003 260 suscepere

1056 223 1100 254 εοῖς
1112 220 1312 258 ἀμφιϐολογίαν
1326 219 1388 246 τινὰ
1399 217 1464 254 περὶ
1483 219 1533 253 τῆς
1553 217 1674 248 πίστεως
1691 215 1795 251 ταύτης
1805 217 1835 242 ἐν

205 288 280 311 runt.
296 282 334 309 Ita
359 281 473 309 ﬁrmiter
498 280 525 306 in
545 278 596 306 ﬁde
611 277 759 309 stantibus,
782 274 882 309 inquit,
910 272 990 299 etiam

205 329 338 356 donorum
355 330 509 353 nostrorum
525 325 557 351 ad
569 323 652 350 Deum
668 319 770 349 oblatio
787 317 936 347 secundum
951 323 995 342 το-

206 375 308 401 tionem
326 372 382 399 fiat.
395 370 464 404 Quid
479 374 568 397 autem
587 367 738 396 secundum
768 363 927 392 rationem?
941 372 950 388 ‹
963 361 993 388 lu

208 428 285 454 pace.
302 428 311 444 ι
330 417 521 448 Attendamus,
541 415 641 449 inquit,
653 418 776 441 sanciam
790 410 953 438 oblationem
966 407 993 434 in

207 473 274 500 pace
291 465 398 492 oil'erre.
414 461 607 490 Rccordemini
620 460 693 488 enim
708 458 854 486 verborum
869 454 994 482 Domini:

211 522 220 536 ι
234 511 261 538 Si
276 511 376 538 oil’cras
389 516 490 536 munus
503 513 590 538 tuum,
616 510 642 534 et
654 504 814 532 recordatus
828 502 912 530 fueris
922 500 996 536 quod

209 558 289 584 habet
317 556 454 590 quispiam
479 553 582 589 aliquid
608 553 740 580 adversus
754 555 791 582 te,
816 555 934 584 prnnum
950 554 996 574 re-

207 602 370 633 conciliare,
386 600 487 628 deinde
499 598 634 627 accedens
647 618 656 631 ,
675 597 742 625 oﬂ‘cr
758 603 857 623 munus
877 599 966 622 tuum.
985 601 994 618 ι

209 647 318 675 Fideles
348 652 437 673 autem
465 645 631 679 respondent
649 653 656 671 :
676 653 686 669 ‹
706 641 852 670 Oll'erimus
870 647 926 666 non
952 646 998 666 so-

209 693 265 719 lum
281 699 439 726 eumvpace.
459 691 506 718 sed
517 690 599 717 etiam
614 690 700 724 ipsam
719 695 812 723 pacem
829 687 888 714 loco
903 692 998 712 mune-

210 738 250 764 ris
269 742 296 764 et
322 737 393 763 alius
416 735 558 763 sacriﬁcii.
578 744 588 760 ι
620 733 835 762 Misericordiam
856 729 998 757 oﬂerimus

209 783 233 809 ei
249 782 296 817 qui
313 782 381 809 dixit
396 791 401 808 :
421 790 430 806 ι
445 779 663 807 Misericordiam
694 778 766 809 volo,
789 781 816 804 et
844 783 899 803 non
915 773 999 802 sacri-

211 828 314 855 ficium.
337 836 346 852 ι
368 826 552 854 Misericordia
576 831 668 852 autem
691 828 734 851 est
763 822 846 850 fmtns
862 822 949 848 firmae
970 823 999 847 et

211 880 286 907 purzc
299 872 373 906 pacis
390 880 397 905 ;
412 871 523 906 quando
538 870 610 897 enim
632 870 750 902 animam
767 867 842 894 nulla
858 865 1000 901 perturbat

1048 269 1082 302 τῇ
1100 267 1173 302 ψυχῇ
1198 266 1366 302 δεξαμένοις.
1384 264 1461 291 Οὕτω
1475 264 1503 290 δὲ
1525 264 1641 299 βεεαίως
1657 262 1784 290 ἑστώτων
1807 264 1838 291 ἓν

1050 316 1082 349 τῇ
1098 314 1199 345 πίστει,
1223 313 1299 349 φησι,
1317 313 1365 340 καὶ
1385 314 1401 347 ἠ
1419 312 1473 339 τῶν
1496 312 1590 346 δώρων
1611 311 1693 346 ἡμῶν
1709 310 1777 346 πρὸς
1791 310 1838 337 τον

1050 360 1117 387 Θεὸν
1145 360 1324 395 προσαγωγὴ,
1341 360 1413 386 κατὰ
1435 359 1513 393 λόγον
1527 358 1658 392 γινέσθω.
1673 358 1705 384 Τί
1721 358 1749 384 δὲ
1765 357 1837 384 κατὰ

1050 406 1145 440 λόγον;
1160 406 1189 431 τὸ
1213 414 1222 431 ι
1254 405 1300 431 Ἐν
1320 405 1428 440 εἰρήνῃ.
1451 414 1459 430 ι
1485 405 1652 439 Πρόσχωμεν
1665 402 1738 438 ’γὰρ,
1755 396 1836 438 φησὶ,

1049 451 1099 485 τὴν
1115 451 1196 485 ἀγίαν
1211 451 1362 486 ἀναφορὰν,
1379 451 1408 476 ὲν
1422 450 1518 485 εἰρήνῃ
1529 449 1698 484 προσφέρειν
1708 458 1716 465 ·
1732 450 1839 484 μέμνη-

1051 496 1109 528 σθε,
1136 496 1202 531 γὰρ,
1228 496 1307 531 φησὶ,
1331 495 1384 522 τῶν
1404 495 1491 530 λόγων
1520 495 1566 522 τοῦ
1595 496 1710 531 Κυρίου,
1737 505 1747 522 ι
1775 496 1839 522 Ἐὰν

1053 541 1215 576 προσφέρῃς
1231 541 1263 567 τὸ
1279 541 1366 576 δῶρόν
1389 550 1435 568 σου
1457 541 1502 568 ἐπὶ
1524 542 1553 568 τὸ
1575 541 1780 578 θυσιαστήριον,
1793 543 1841 569 καὶ

1055 587 1176 622 μνησθῇς
1190 587 1231 612 ὅτι
1244 586 1301 621 ἔχει
1316 595 1358 618 τις
1370 587 1441 613 κατὰ
1458 586 1516 618 σοῦ,
1541 587 1701 622 διαλλάγηθι
1720 588 1840 623 πρῶτον,

1052 630 1112 658 εἶτα
1129 631 1213 658 ὲλθὼν
1235 632 1373 667 πρόσφερε
1388 632 1418 658 τὺ
1431 632 1518 667 δῶρόν
1534 641 1594 660 σου.
1615 642 1624 658 ι
1643 634 1674 659 Ol
1692 633 1720 659 δὲ
1749 634 1842 661 πιστοὶ

1053 678 1258 712 ἀποκρίνονται,
1272 687 1281 703 ι
1297 677 1503 713 Προσφέρομεν,
1513 678 1542 704 οὗ
1555 678 1634 713 μόνον
1647 679 1705 714 μετ’
1717 679 1842 714 εἰρήνης,

1054 724 1121 750 ἀλλὰ
1145 724 1192 751 καὶ
1218 723 1302 757 αὐτὴν
1330 724 1442 758 εἰρήνην
1471 723 1531 749 ἀντὶ
1550 722 1636 756 δώρου
1668 724 1715 749 καὶ
1745 723 1844 755 Θυσίας

1055 770 1162 804 ἐτέρας.
1196 778 1206 794 ι
1239 769 1336 796 Ἔλεον
1369 769 1434 803 γὰρ,
1464 769 1543 804 φησὶ.
1574 769 1780 804 προσφέρομεν,
1803 769 1843 804 τῷ

1055 816 1169 847 εἰπόντι,
1209 825 1218 839 α
1252 815 1346 842 Ἐλεον
1371 814 1452 847 θέλω,
1479 814 1528 841 καὶ
1546 815 1576 841 οὺ
1604 815 1710 842 θυσίαν.
1737 824 1746 841 ι
1771 816 1799 841 '0
1815 816 1844 842 δὲ

1053 861 1138 893 ἔλεος,
1148 860 1270 896 γέννημά
1283 862 1340 887 ἐστι
1349 860 1397 894 τῆς
1410 860 1520 895 βεϐαίας
1531 862 1578 887 καὶ
1587 861 1708 896 καθαρᾶς
1719 861 1844 897 εἰρήνης.

212 918 331 950 alIectio,
345 917 412 944 nihil
433 921 504 943 vetat
519 915 668 950 quominus
691 922 724 941 ea
737 914 773 942 sit
800 913 880 948 plena
893 911 1003 938 miseri-

1057 908 1142 933 ’Ὀταν
1165 908 1218 941 γὰρ
1238 907 1288 942 τὴν
1316 908 1404 942 ψυχὴν
1418 906 1495 933 οὐδὲν
1521 907 1626 942 ἐνοχλεί
1645 907 1742 939 πάθος,
1767 907 1845 934 οὐδὲν

210 963 356 994 cordia,et
368 963 502 990 sacriﬁcio
528 961 629 988 laudis.
647 960 710 987 i'lzec
736 963 828 986 autem
854 963 1000 994 postquam

210 1009 352 1041 dixerunt,
373 1014 504 1043 precatur
522 1007 651 1035 sacerdos
667 1014 726 1041 quae
739 1009 805 1033 sunt
818 1005 942 1032 omnium
957 1004 1001 1031 di-

210 1055 354 1082 vinissima
369 1059 396 1081 et
416 1055 533 1081 maxima
548 1062 554 1080 :
569 1063 579 1080 ι
597 1052 691 1081 Gratia
708 1052 816 1080 Domini
834 1050 921 1079 nostri
937 1049 1001 1078 Jcsu

211 1100 325 1132 Christi,
343 1105 370 1126 et
384 1100 496 1127 dilectio
511 1099 558 1126 Dei
576 1104 604 1126 et
619 1098 719 1130 Patris,
742 1102 770 1125 et
789 1095 1003 1125 communicatio

211 1146 299 1174 sancti
325 1146 444 1181 Spiritus
470 1146 506 1173 sit
529 1153 592 1172 cum
609 1145 685 1172 vobis
704 1144 844 1171 omnibus.
858 1153 867 1169 ι
896 1143 929 1170 Et
952 1142 1003 1177 ipsi

211 1192 294 1218 etiam
313 1192 408 1219 cadent
436 1198 485 1226 pro
512 1190 654 1218 sacerdote
686 1194 797 1217 orantes
815 1209 822 1222 ,
840 1197 851 1215 ι
884 1188 917 1215 Et
941 1195 1004 1215 cum

212 1238 315 1272 spiritu
333 1241 394 1270 tuo,
415 1246 424 1262 ι
457 1237 491 1264 ad
519 1244 582 1264 eum
611 1236 791 1271 respondent,
809 1235 1005 1262 convenienter

212 1289 347 1319 praecepto
369 1284 441 1318 quod
470 1283 543 1318 jubet
566 1289 615 1317 pro
632 1290 662 1309 se
686 1281 802 1309 invicem
833 1287 924 1308 orare.
942 1279 1005 1306 Haec

214 1334 304 1356 autent
321 1329 409 1356 oratio
438 1333 546 1362 sumpta
577 1328 687 1362 quidem
714 1331 756 1354 est
784 1334 817 1353 ex
834 1325 962 1361 Epistolis
975 1324 1004 1352 Β.

214 1374 301 1402 Pauli.
328 1374 452 1401 Postulat
477 1379 567 1401 autem
601 1374 679 1401 nobis
705 1381 720 1400 ει
752 1378 847 1400 sancta
874 1372 1007 1399 Triuitate

215 1422 297 1453 bona,
310 1429 392 1448 omne
408 1421 509 1448 donum
525 1419 681 1455 perfectum
700 1428 706 1446 :
720 1423 747 1446 et
763 1419 820 1445 haec
832 1418 866 1445 ab
883 1425 1007 1452 unaqua-

214 1475 267 1502 que
285 1474 317 1493 ex
349 1466 435 1493 beatis
465 1465 592 1492 l‘ersonis
623 1464 733 1500 proprio
761 1463 879 1498 quindam
897 1463 1007 1490 nomine

215 1513 343 1547 appellat.
358 1513 379 1538 Α
397 1511 467 1539 Filio
491 1511 603 1546 quidem
629 1510 767 1546 gratiam;
784 1518 799 1536 a
828 1509 906 1536 Patre
931 1516 1005 1541 vero,

216 1559 388 1586 dilectionem
404 1566 412 1590 ;
430 1566 443 1584 a
459 1562 556 1585 sancto
573 1561 664 1584 autem
690 1555 806 1590 Spiritu,
820 1554 1007 1582 communien-

216 1606 330 1632 tionem.
348 1604 415 1636 Quia
434 1604 506 1631 enim
524 1603 610 1630 Filius
625 1602 659 1630 iis
675 1603 721 1636 qui
735 1602 801 1628 nihil
824 1601 1006 1633 contulerant,

217 1650 264 1678 sed
283 1650 363 1676 etiam
379 1649 469 1676 adhuc
485 1649 601 1676 debendi
619 1649 658 1675 rei
681 1651 769 1679 erant,
788 1647 908 1681 seipsnm
928 1647 1007 1674 nobis

217 1696 392 1723 Servatorem
412 1695 530 1729 prmbuit
551 1703 558 1721 ε
576 1703 585 1719 ι
607 1693 714 1721 Etenim
735 1701 797 1721 cum
827 1693 903 1728 impii
919 1693 1009 1721 adhuc

215 1748 348 1773 essemus,
366 1740 465 1774 inquit,
484 1747 532 1774 pro
547 1739 627 1766 nobis
643 1743 767 1766 mortuus
782 1743 842 1770 est;
858 1747 867 1764 ι
883 1738 942 1773 ejus
957 1746 1008 1766 no-

216 1787 265 1814 stri
283 1794 359 1818 cura,
374 1786 462 1820 gratia
489 1789 540 1813 est.
559 1784 628 1818 Quia
661 1789 749 1812 autem
775 1783 854 1812 Pater
874 1792 922 1820 per
947 1792 1009 1819 pas-

217 1833 309 1859 siones
328 1831 389 1859 Filii
406 1832 527 1859 lmmano
544 1831 638 1867 generi
651 1831 844 1859 reconciliatus
857 1836 909 1862 est,
923 1836 949 1858 et
965 1830 1008 1858 di-

216 1879 432 1910 lcxitinimicos,
456 1884 599 1914 propterea
616 1886 646 1905 ea
660 1885 721 1913 quae
736 1878 780 1905 ille
805 1878 831 1904 in
858 1886 908 1905 nos
933 1878 1007 1910 l'ccit,

216 1925 391 1959 appellantur
407 1924 528 1951 dilectio.
542 1924 609 1957 Quia
634 1929 725 1950 autent
746 1924 843 1951 amicis
856 1931 887 1950 ex
915 1923 1007 1950 inimi-

216 1972 257 1998 cis
271 1970 376 1998 eﬂ‘ectis
393 1970 538 2004 oportebat
552 1977 614 1997 eum
633 1970 678 2004 qui
702 1969 780 1997 dives
797 1974 838 1996 est
859 1970 886 1996 in
901 1969 1008 1996 miseri-

216 2015 319 2048 θοι-ἀίει,
330 2016 438 2050 propria
450 2016 519 2042 bona
532 2016 747 2047 communicare,
756 2014 808 2042 hoc
818 2014 881 2042 facit
890 2015 1008 2049 Spiritus

217 2068 330 2090 sanctus
343 2063 389 2098 qui
407 2062 482 2090 venit
500 2062 533 2089 ad
560 2061 710 2096 apostolos.
728 2062 877 2097 Propterea
890 2062 962 2090 illius
981 2063 1007 2090 in

219 2109 346 2135 homines
381 2108 539 2142 benignitas
572 2107 787 2136 communicatio
816 2107 926 2136 dicitur.
954 2108 1013 2146 Sed,

219 2155 319 2190 dixerit
334 2154 482 2189 quispiam.
498 2154 556 2181 haec
585 2155 676 2181 omnia
705 2154 787 2185 bona.
813 2163 874 2182 cum
898 2155 1009 2182 advenit

220 2199 358 2231 Senator,
377 2200 533 2227 hominibus
550 2200 613 2228 data
631 2208 692 2228 esse
710 2208 717 2227 :
738 2200 801 2234 quid
818 2205 858 2228 est
880 2209 945 2236 ergo
961 2202 1008 2229 ad-

1056 953 1157 980 κωλὺει
1172 953 1248 980 ἐλέου
1265 953 1362 988 γέμειν
1378 953 1464 988 αὑτήν
1475 962 1482 970 ·
1500 953 1568 979 ἀλλά
1587 954 1635 980 καὶ.
1653 954 1751 981 θυσίαν
1767 953 1844 980 αἰνέ-

1056 1007 1137 1031 σεως.
1164 999 1258 1025 Ταῦτα
1281 999 1309 1025 δὲ
1330 998 1473 1031 εἰπόντων,
1498 999 1512 1025 ὁ
1534 1000 1623 1035 ἱερεὺς
1648 999 1794 1035 ἐπεύχεται
1811 999 1845 1026 τά

1057 1045 1183 1072 θειότατα
1203 1046 1250 1072 καὶ
1281 1045 1397 1080 μέγιστα
1424 1045 1552 1072 πάντων·
1581 1055 1590 1072 ι
1627 1046 1659 1073 Ἦ
1690 1047 1772 1082 χάρις
1796 1047 1844 1074 τοῦ

1056 1093 1160 1128 Κυρίου
1171 1093 1250 1128 ἡμῶν
1271 1092 1359 1128 Ἰησοῦ
1373 1092 1504 1126 Χριστοῦ,
1521 1092 1568 1119 καὶ
1582 1093 1599 1128 ἡ
1611 1092 1703 1127 ἀγάπη
1716 1093 1762 1120 τοῦ
1775 1093 1844 1120 Θεοῦ

1056 1140 1102 1165 καὶ
1124 1138 1240 1174 Πατρὸς,
1258 1139 1304 1164 καὶ
1320 1140 1337 1173 ἠ
1353 1138 1480 1165 κοινωνία
1501 1137 1546 1164 τοῦ
1565 1138 1644 1172 ἁγίου
1671 1139 1843 1174 Πνεὺματος,

1056 1186 1099 1220 εῐη
1128 1185 1197 1219 μετὰ
1213 1185 1324 1211 πάντων
1338 1184 1425 1220 ὑμῶν.
1455 1195 1464 1211 ι
1494 1185 1550 1211 Καὶ
1574 1185 1654 1212 αὐτοὶ
1670 1186 1698 1212 δὲ
1719 1186 1753 1212 τὰ
1774 1185 1846 1213 αὐτὰ

1057 1231 1127 1267 ὑπὲρ
1141 1233 1188 1258 τοῦ
1205 1231 1301 1267 ἱερέως
1316 1231 1459 1267 εὐχόμενοι
1472 1239 1479 1247 ⁸
1506 1241 1515 1257 ι
1534 1232 1589 1258 Καὶ
1606 1231 1676 1267 μετά
1699 1232 1746 1259 τοῦ
1763 1233 1846 1259 πνεύ-

1058 1278 1143 1313 ματός
1160 1286 1218 1310 σου⁷
1239 1287 1248 1304 ι
1270 1277 1338 1312 πρὸς
1358 1278 1441 1305 αὐτον
1468 1278 1675 1314 ἀποκρίνονται,
1702 1279 1774 1306 κατὰ
1795 1280 1846 1314 τὴν

1056 1323 1185 1359 εὔχεσθαι
1206 1323 1277 1359 ὑπὲρ
1295 1324 1418 1359 ἀλλήλων
1436 1325 1604 1352 κελεύουσαν
1622 1325 1744 1361 ἐντολήν.
1770 1327 1802 1353 Ἦ
1816 1326 1845 1353 δὲ

1057 1370 1124 1404 εὐχὴ
1150 1370 1219 1405 αὑτὴ
1234 1370 1363 1404 εἴληπται
1383 1370 1432 1404 μὲν
1456 1371 1509 1397 ἀπὸ
1530 1370 1584 1397 τῶν
1606 1371 1773 1398 Ἐπιστολῶν
1796 1373 1844 1399 τοῦ

1059 1417 1195 1451 μακαρίου
1221 1417 1339 1444 Παύλου.
1366 1416 1497 1452 ΠροξενΞί
1520 1418 1548 1444 δὲ
1568 1419 1636 1452 ἡμῖν
1661 1418 1695 1444 τὰ
1723 1419 1776 1445 ἀπὸ
1793 1419 1845 1454 τῆς

1057 1463 1138 1496 ἁγίας
1155 1462 1271 1497 Τριάδος
1293 1463 1391 1496 ἀγαθὰ,
1425 1464 1480 1491 πᾶν
1507 1464 1624 1499 δώρημα
1654 1465 1768 1497 τέλειον,
1796 1467 1845 1493 καὶ

1057 1508 1143 1535 ταῦτα
1161 1509 1202 1543 ἐφ’
1215 1508 1333 1543 ἑκάστης
1345 1509 1400 1535 τῶν
1414 1509 1558 1545 μακαρίων
1575 1511 1776 1544 ’Υποστάσεων,
1787 1512 1846 1547 ἰδίῳ

1058 1555 1111 1581 τινὶ
1131 1555 1243 1590 ὀνόματι
1269 1555 1414 1590 ὁνομάζει¹
1439 1555 1493 1582 ἀπὸ
1521 1557 1572 1590 μὲν
1589 1556 1636 1583 τοῦ
1653 1557 1719 1584 Υἱοῦ
1746 1558 1845 1594 χάρινδ

1060 1601 1113 1627 ἀπὸ
1130 1601 1158 1628 δὲ
1173 1600 1218 1627 τοῦ
1235 1601 1352 1636 Πατρὺς,
1370 1602 1481 1637 ἀγάπην
1490 1611 1496 1617 ’
1509 1603 1562 1630 ἀπὸ
1574 1603 1603 1630 δὲ
1614 1603 1660 1630 τοῦ
1673 1604 1846 1638 Πνεύματος,

1059 1646 1213 1673 κοινωνίαν.
1233 1646 1294 1673 Ὅτι
1310 1647 1360 1681 μὲν
1373 1647 1428 1682 γὰρ
1442 1647 1506 1679 Υίὸς
1523 1649 1608 1683 μηδὲν
1639 1651 1846 1685 εἰσενεγκοῦσιν

1058 1690 1125 1717 ἀλλὰ
1143 1692 1189 1717 καὶ
1206 1691 1359 1725 ὀφείλουσιν
1385 1692 1426 1719 ἔτι
1455 1692 1543 1725 δίκας,
1571 1695 1688 1731 Σωτῆρα
1706 1698 1846 1733 παρέσχεν

1058 1737 1124 1771 ἡμῖν
1143 1737 1238 1764 ἑαυτόν
1254 1746 1259 1752 ·
1280 1747 1288 1763 ι
1310 1739 1365 1765 Καὶ
1384 1740 1440 1775 γάρ
1455 1740 1562 1768 ἀσεϐῶν
1581 1742 1666 1770 ὄντων
1683 1744 1734 1777 ἔτι,
1751 1749 1844 1781 φησιν,

1059 1783 1129 1819 ὑπὲρ
1142 1784 1219 1818 ἡμῶν
1234 1784 1353 1811 ἀπέθανε
1365 1793 1372 1801 ⁸
1392 1795 1401 1812 ›
1420 1787 1435 1820 ἡ
1452 1788 1515 1822 περὶ
1528 1788 1607 1822 ἡμῶν
1624 1790 1706 1817 αὑτοῦ
1719 1793 1846 1827 πρόνοια,

1058 1829 1138 1864 χάρις
1160 1830 1243 1857 ἐστίν.
1267 1831 1327 1858 Ὀτι
1347 1832 1376 1858 δὲ
1399 1833 1413 1859 ὁ
1437 1834 1532 1869 Πατὴρ
1562 1835 1606 1862 διὰ
1625 1835 1680 1862 τῶν
1712 1837 1760 1865 τοῦ
1780 1839 1846 1867 Υῐοῦ

1059 1875 1164 1909 παθῶν,
1191 1876 1323 1912 διηλλάγη
1347 1877 1386 1913 τῷ
1416 1879 1490 1913 γένει
1519 1881 1574 1907 τῶν
1604 1882 1766 1918 ἀνθρώπων,
1797 1886 1847 1913 καὶ

1058 1923 1186 1958 ἠγάπησε
1203 1924 1266 1955 τοὺς
1285 1924 1414 1959 ἐχθροὺς,
1430 1925 1473 1952 διὰ
1491 1926 1570 1953 τοῦτο
1595 1929 1628 1955 τὰ
1651 1930 1758 1958 ἐκείνου
1776 1933 1846 1965 πρὸς

1058 1969 1133 2003 ἡμᾶς
1151 1970 1246 2005 ἀγάπη
1272 1970 1407 1998 καλεῖται.
1435 1972 1514 1999 Ἐπεὶ
1539 1974 1567 2001 δὲ
1592 1976 1648 2007 τοῖς
1676 1977 1846 2010 φιλιωθεῖσιν

1059 2015 1166 2050 ἐχθροῖς
1182 2016 1235 2043 ἔδει
1249 2017 1416 2052 κοινωνῆσαι
1432 2018 1477 2046 τὸν
1494 2020 1624 2048 πλούσιον
1646 2023 1674 2049 ὲν
1689 2023 1768 2057 ἐλέει,
1789 2026 1846 2053 τῶν

1058 2061 1168 2088 οἰκείων
1183 2062 1304 2095 ἀγαθῶν,
1331 2063 1409 2090 τοῦτο
1438 2066 1510 2091 ποιεῖ
1528 2066 1559 2093 τὸ
1588 2068 1700 2103 Πνεῦμα
1722 2070 1750 2096 τὸ
1766 2071 1847 2106 ἅγιον

1059 2107 1233 2143 ὲπιδημῆσαν
1248 2110 1302 2140 τοῖς
1320 2109 1490 2143 ἀποστόλοις.
1517 2113 1567 2139 Διά
1596 2114 1675 2141 τοῦτο
1696 2117 1711 2151 ή
1739 2118 1845 2145 ἐκείνου

1059 2154 1127 2188 πρὸς
1142 2154 1306 2191 ἀνθρώπους
1319 2158 1472 2193 χρηστότης
1488 2161 1615 2187 κοινωνία
1633 2161 1754 2196 λέγεται.
1772 2165 1846 2192 Ἀλλ’

1060 2199 1132 2226 εἴποι
1152 2209 1196 2232 τις
1208 2201 1240 2227 ἂν
1258 2202 1299 2228 ὃτι
1321 2203 1408 2229 ταῦτα
1423 2204 1456 2230 τά
1471 2204 1563 2238 ἀγαθά
1577 2206 1625 2233 τοῦ
1641 2208 1767 2244 Σωτῆρος
1784 2211 1846 2238 ἐπι-

219 2245 273 2272 huc
291 2252 360 2279 opus
376 2246 502 2272 oratione
518 2253 568 2280 pro
581 2245 661 2272 bonis
683 2253 742 2281 quae
769 2246 825 2281 jam
844 2246 906 2274 data
925 2247 1003 2275 sunt?

1060 2247 1234 2282 δημήσαντος
1251 2248 1340 2275 πάντα
1358 2251 1415 2281 τοῖς
1431 2251 1587 2286 ἀνθρώποις
1617 2254 1695 2290 ἐδόθη
1708 2263 1716 2272 ·
1733 2255 1775 2288 τίς
1797 2256 1847 2285 οὗν

218 2291 328 2319 Clarum
343 2296 394 2322 cst.
406 2292 479 2326 quod
495 2299 529 2318 ne
540 2299 571 2319 ea
599 2296 706 2326 accepta
723 2293 892 2326 amittamus,
907 2293 953 2320 sed
976 2300 1007 2320 ea

218 2341 349 2372 perpetuo
363 2338 512 2365 habeamus
527 2346 534 2372 ;
552 2343 579 2365 et
592 2338 652 2366 ideo
668 2346 722 2365 non
741 2339 809 2365 dixit
824 2347 830 2365 :
845 2338 948 2365 Dcutur
963 2346 1009 2366 vo-

218 2386 259 2412 bis
270 2385 409 2418 ontnibus,
440 2390 469 2411 ut
496 2393 526 2412 ea
554 2394 614 2420 qua:
643 2387 699 2419 jam
733 2386 795 2412 data
821 2391 928 2419 erant;
961 2386 1008 2413 sed

220 2441 229 2456 ι
246 2430 308 2457 Sint
322 2438 383 2458 cum
396 2431 472 2458 vobis
481 2431 620 2459 omnibus.
641 2440 651 2458 ι
667 2431 726 2458 Νοιι
740 2432 856 2464 recedat,
874 2431 973 2467 inquit,
993 2438 1008 2458 a

217 2477 294 2504 vobis
311 2477 396 2512 gratia
413 2485 473 2513 qua:
487 2478 550 2504 data
587 2483 639 2505 est.
666 2478 815 2511 Postquam
847 2483 938 2504 autem
961 2485 1009 2505 cos

217 2523 351 2558 ejusmodi
365 2524 486 2552 oratione
496 2524 624 2559 dignatus
634 2529 685 2557 est,
699 2531 726 2551 et
739 2524 779 2551 sic
797 2524 902 2551 animas
911 2525 1007 2556 erexit,

217 2570 399 2606 cogitationes
437 2577 532 2597 eorum
570 2578 586 2596 a
611 2575 682 2597 terra
720 2571 846 2603 extollit,
870 2575 895 2598 et
930 2571 1005 2603 dicit,

221 2627 230 2642 ι
252 2616 368 2644 Sursum
383 2615 466 2644 corda
478 2616 628 2644 habeamus
643 2624 651 2644 :
668 2625 677 2641 ι
698 2624 756 2650 qua!
771 2624 854 2651 supra
872 2621 935 2644 sunt
961 2624 1007 2643 co-

217 2663 348 2698 gitemus,
367 2670 420 2690 non
437 2670 499 2697 qute
516 2663 542 2690 in
557 2667 639 2690 terra.
655 2663 693 2689 llli
712 2667 802 2690 autem
821 2663 1007 2696 consentiunt,

218 2715 245 2736 et
261 2710 358 2737 dicunt
387 2718 417 2737 se
434 2710 490 2737 illic
512 2709 596 2738 corda
616 2709 727 2741 habere,
742 2709 787 2737 ubi
802 2715 843 2748 est
863 2710 1007 2738 thcsaurus

220 2761 324 2790 noster,
338 2757 383 2784 ubi
405 2761 446 2784 est
462 2757 590 2785 Christus
603 2757 629 2783 in
647 2757 757 2785 dextera
779 2757 867 2784 Patris
885 2757 983 2785 sedens
999 2765 1006 2784 :

221 2810 232 2828 ι
247 2801 382 2831 Habemus
398 2803 431 2831 ad
443 2803 599 2831 Dominum.
620 2812 629 2829 ι

1051 2294 1110 2337 ’ἤδη
1127 2294 1207 2328 χρεία
1223 2295 1271 2326 τῆς
1286 2295 1380 2331 εὐχῆς,
1396 2297 1460 2332 περὶ
1476 2298 1530 2325 τῶν
1542 2299 1591 2334 ἢδη
1603 2300 1734 2330 δοθέντων
1757 2304 1845 2339 ήμίνς

1061 2340 1196 2376 Πρόδηλον
1211 2340 1253 2367 ἵνα
1269 2342 1355 2368 ταῦτα
1370 2342 1497 2375 λαϐόντες
1514 2344 1551 2380 μὴ
1564 2346 1757 2382 ἀπολέσωμεν
1777 2351 1846 2378 ἀλλὰ

1062 2386 1190 2420 μένωμεν
1205 2386 1312 2422 ἔχοντες
1338 2388 1381 2414 διὰ
1399 2389 1502 2420 τέλους.
1526 2392 1575 2418 Διὰ
1603 2393 1682 2420 τοῦτο
1700 2395 1751 2421 οὐκ
1769 2394 1845 2430 εἶπε,

1060 2431 1155 2479 Δοθείη
1173 2433 1254 2458 πᾶσιν
1270 2433 1343 2479 ὑμῖν,
1360 2434 1397 2466 ὡς
1413 2435 1463 2470 ἢδη
1479 2436 1625 2464 δοθέντων·
1650 2440 1729 2475 ἀλλὰ,
1755 2452 1763 2468 ι
1795 2444 1845 2479 Είη

1062 2477 1132 2524 μετά
1159 2479 1268 2504 πάντων
1286 2478 1374 2513 ὑμῶν.
1398 2489 1408 2506 ι
1432 2481 1477 2516 Μὴ
1504 2483 1650 2518 ἀποσταίη,
1679 2488 1772 2521 φησὶν,
1797 2477 1845 2524 ὀφέ

1059 2523 1148 2557 ὑμῶν,
1162 2524 1178 2558 ὴ
1197 2523 1302 2550 δοθεῖσα
1316 2527 1406 2561 χάρις.
1420 2527 1557 2565 Τοιαύτης
1572 2531 1599 2557 δὲ
1614 2533 1712 2565 αὐτοὺς
1723 2534 1844 2568 ἀξιώσας

1059 2569 1153 2603 εὐχῆς,
1167 2570 1213 2596 καὶ
1226 2569 1297 2598 οὕτω
1312 2573 1361 2603 τὰς
1375 2573 1464 2608 ψυχὰς
1476 2575 1632 2612 ἀναστήσας
1647 2579 1699 2606 ἀπὸ
1715 2581 1764 2614 τῆς
1779 2582 1842 2616 γῆς,

1060 2615 1132 2648 αἴρει
1151 2616 1186 2642 τὰ
1203 2619 1384 2652 φρονῆματα”
1409 2620 1456 2646 καί
1470 2629 1563 2655 φησιν,
1596 2632 1606 2648 ε
1635 2624 1708 2652 Ἀνω
1733 2615 1842 2662 σχῶμεν

1059 2662 1106 2692 τὰς
1127 2662 1249 2697 καρδίας,
1267 2673 1275 2688 ι
1293 2664 1327 2690 τὰ
1353 2665 1408 2691 ἄνω
1439 2667 1594 2702 φρονῶμεν,
1619 2669 1657 2705 μὴ
1682 2671 1716 2698 τά
1732 2673 1776 2699 ἐπὶ
1794 2675 1844 2708 τῆς

1059 2709 1127 2742 γῆς·
1149 2710 1193 2734 καὶ
1214 2711 1292 2736 αὐτοὶ
1322 2711 1512 2739 συντίθενται·
1538 2715 1584 2741 καί
1609 2725 1690 2751 gmw
1716 2719 1773 2746 ἐκεῖ
1793 2721 1843 2752 τὰς

1059 2755 1175 2788 καρδίας
1198 2755 1279 2790 ἔχειν,
1303 2758 1369 2783 ὅπου
1389 2758 1403 2784 ὁ
1419 2758 1557 2795 θησαυρος
1577 2762 1657 2796 ἡμῶν
1671 2765 1758 2797 ἐστιν,
1777 2763 1807 2792 οὗ
1828 2769 1843 2793 ό

1059 2801 1175 2835 Χριστός
1200 2802 1285 2835 ἐστιν,
1303 2803 1331 2829 ἐν
1351 2803 1426 2840 δεειᾷ
1452 2805 1499 2831 τοῦ
1527 2807 1634 2843 Πατρδς
1664 2810 1818 2847 καθήμενος
1833 2821 1841 2829 ·

1061 2855 1069 2869 ι
1088 2847 1205 2882 Ἵῖχομεν
1222 2848 1288 2883 προς
1304 2849 1347 2876 τὸν
1364 2850 1475 2885 Κύριον.
1493 2861 1502 2877 ι
