1976 3074
221 133 276 164 459

833 130 989 159 NICULAI
1011 130 1206 162 CABASlL/E

1798 135 1845 168 4ίο

224 190 297 219 Nihil
310 189 434 218 omnino.
450 187 519 224 Ergo
536 185 635 214 dixerit
649 185 802 221 quispiam:
821 185 848 212 Si
860 187 921 221 quis
932 186 1014 213 etiam

1076 197 1107 220 τις
1122 189 1235 216 καὶτῶν
1256 189 1365 222 ζώντων
1383 191 1416 218 τὲ
1433 191 1482 226 μὲν
1495 193 1523 219 ὲν
1537 194 1569 227 τῇ
1588 192 1662 228 ψυχῇ
1689 192 1780 228 ἀγαθὰ
1793 195 1845 229 ἔχοι

223 235 346 262 vivorum
382 234 449 261 bona
471 233 582 267 quidem
604 239 665 266 qua;
691 231 763 258 dicta
786 235 851 257 sunt
875 231 902 257 iu
922 231 1012 258 anima

225 281 342 311 habeat.
360 280 393 307 ad
412 278 540 313 mysteria
569 281 659 304 autem
692 284 746 304 non
763 276 883 308 accedat,
904 276 1014 303 habebit

185 358 191 370 κ
224 327 300 354 illinc
315 326 401 353 nihilo
413 332 491 352 secus
516 323 783 352 sanctiﬁcationem‘!
800 322 858 349 Non
876 322 991 356 quilibet
1005 330 1013 355 ;

226 372 274 399 sed
291 371 313 399 si
328 370 390 406 quis
406 378 460 397 non
485 374 575 404 potest
598 368 776 404 corporaliter
788 368 927 399 accedere,
944 367 1015 394 sicut

224 417 416 444 defunctorum
432 415 540 445 animae,
552 414 646 449 quales
664 413 776 441 fuerunt
787 412 805 440 ii
820 413 867 447 qui
879 412 906 438 in
922 412 1014 439 deser-

225 463 263 490 tis
280 462 412 489 errabant
423 461 562 489 montibus
574 468 622 488 seu
645 459 783 494 speluncis
796 463 823 486 et
835 457 1015 485 foraminibus

225 515 315 542 terrae,
329 509 376 544 qui
389 509 474 535 altare
491 512 538 535 aut
554 507 722 535 sacerdotem
735 505 810 533 nullo
825 505 907 532 modo
924 504 1016 531 videre

226 559 363 591 poterant.
378 555 431 581 Eos
442 554 515 581 enim
529 553 653 581 Christus
667 552 724 586 ipse
738 552 786 578 hac
797 549 1017 578 sanctiﬁcatione

226 601 405 628 invisibiliter
434 599 632 627 sanctilicabat.
661 597 800 625 Undenam
825 599 903 631 potes
926 594 1018 623 scire?

226 647 305 680 Quod
322 647 403 674 vitam
421 646 492 673 intra
507 653 537 673 se
568 645 716 675 habebant,
739 650 795 670 non
819 642 938 670 habituri
963 640 1018 668 nisi

228 694 310 728 hujus
343 697 437 720 essent
462 690 626 719 sacramenti
666 689 826 725 participes.
857 689 919 723 Ipse
945 687 1019 715 enim

227 740 355 767 Christus
370 739 449 770 dixit,
470 747 478 764 ι
500 737 558 765 Nisi
574 736 746 765 comederitis
759 742 869 763 carnem
888 734 950 761 Filii
966 734 1019 761 ho-

229 786 321 818 minis,
345 789 372 812 ει
387 785 511 812 biberitis
524 784 585 819 ejus
601 783 775 818 sanguinem,
803 789 860 808 non
883 779 1020 807 habebitis

229 833 313 860 vitam
328 832 354 858 in
378 831 482 859 vobis.»
504 830 535 857 Et
552 834 582 856 ut
599 830 649 856 hoc
668 828 848 864 signiﬁcaret,
865 826 958 853 multis
973 826 1022 852 ho-

229 885 289 904 rum
305 881 463 903 sanctorum
488 874 563 902 misit
590 874 702 909 angelos
730 873 799 900 dona
829 873 957 900 terentes.
989 868 1018 897 Si

228 923 289 956 quis
302 927 391 950 autern
410 929 471 950 cum
489 925 592 956 posset,
605 920 637 948 ad
651 927 770 948 mensam
786 928 840 947 non
858 918 1016 951 accesserit,

228 969 286 996 ﬁeri
301 976 354 996 non
371 972 460 1004 potest
486 972 516 995 ut
529 975 589 1002 qua:
605 975 637 994 ex
657 967 697 994 eis
715 965 840 1001 provenit
866 964 1018 992 sanctiﬁca—

228 1015 330 1042 tionem
347 1018 527 1049 assequatur;
547 1021 600 1041 non
613 1013 686 1048 quod
713 1020 766 1040 non
779 1011 896 1039 accessit
914 1010 1016 1038 solum-

228 1060 319 1092 modo,
337 1060 385 1087 sed
406 1059 479 1096 quod
490 1067 552 1086 cum
569 1063 673 1094 posset,
690 1067 744 1086 non
762 1056 879 1085 accessit
890 1064 903 1094 ς,
912 1059 941 1084 et
953 1063 1017 1091 pro.

229 1111 321 1141 pterea
347 1107 449 1133 clarum
463 1111 516 1137 est,
549 1106 620 1140 quod
654 1106 733 1133 bonis
751 1112 810 1139 qua:
823 1103 957 1130 debentur
974 1109 1018 1129 sa-

228 1153 387 1185 cramentis,
401 1160 516 1180 vacuam
537 1152 618 1179 habet
630 1142 762 1178 animam.

264 1199 329 1232 Quae
350 1203 393 1227 est
406 1199 478 1226 enim
497 1199 531 1226 ad
549 1205 671 1226 mensam
705 1195 862 1225 adeundam
877 1195 1017 1226 alacritas,

230 1245 340 1280 etquod
353 1244 519 1272 desiderium
538 1244 566 1270 in
580 1250 613 1270 eo
633 1243 755 1278 quicum
782 1243 860 1270 facile
875 1246 964 1276 potest
985 1242 1018 1268 ad

230 1299 290 1318 eam
307 1291 448 1322 accedere,
465 1298 520 1318 non
541 1291 616 1318 vult?
635 1291 765 1324 Qumuam
781 1295 822 1317 est
839 1294 929 1317 autem
954 1288 1019 1315 lldes

231 1337 267 1363 in'
280 1337 365 1364 Deum
381 1337 453 1372 apud
468 1344 530 1364 eum
545 1336 592 1371 qui
612 1344 667 1364 non
692 1336 769 1363 timet
791 1335 879 1362 minas
904 1341 965 1368 quas
991 1333 1018 1360 irt

233 1383 342 1410 Domini
358 1383 447 1410 verbis
462 1383 521 1410 sila!
537 1387 612 1415 sunt,
633 1383 766 1410 adversus
798 1389 846 1410 eos
873 1381 919 1416 qui
951 1381 1020 1408 hanc

232 1435 338 1456 cumam
354 1428 558 1456 contemnunt?
582 1428 726 1462 Quomodo
739 1431 829 1455 autem
845 1433 938 1454 amare
961 1433 1020 1453 ere-

232 1474 321 1507 detur,
339 1474 382 1502 cui
396 1481 458 1501 cum
475 1474 556 1501 liceat
569 1473 705 1508 accipere,
727 1480 782 1500 non
808 1471 936 1507 accepit?
951 1471 1018 1498 Pro-

1062 236 1098 261 τὰ
1121 236 1265 271 εἰρημένα,
1298 236 1335 271 μὴ
1366 237 1509 272 προσέλθοι
1537 239 1565 265 δὲ
1588 240 1645 268 τοῖς
1679 240 1844 275 μυστηρίοις,

1063 280 1120 312 ’ἑξει
1146 281 1192 307 τὺν
1220 282 1326 308 ἐκεῖθεν
1350 283 1486 317 ἁγιασμδ)
1509 284 1587 310 οὐδὲν
1602 281 1698 319 ἦττονς
1723 285 1761 311 Οὐ
1779 286 1845 316 πᾶς·

1064 326 1122 354 ἀλλ’
1137 327 1163 353 εί
1173 335 1215 358 τις
1238 327 1268 354 οὐ
1293 328 1404 354 δύναται
1416 330 1557 364 προσιέναι
1568 330 1741 365 σωματικῶς,
1757 330 1846 365 ὥσπερ

1065 372 1094 398 al
1116 372 1170 399 τῶν
1199 372 1369 407 τεθνηκότων
1388 373 1491 408 ψυχαῖ-
1518 371 1569 401 οῗοι
1597 375 1753 409 γεγόνασιν,
1779 377 1802 402 oi
1820 377 1845 402 ὲν

1066 417 1195 452 ἐρημίαις
1207 417 1389 452 πλανώμενοι,
1409 419 1455 445 καὶ
1467 418 1551 452 ὄρεσι,
1568 420 1616 446 καὶ
1632 418 1785 452 σπηλαίοις,
1802 419 1846 446 καὶ

1066 465 1127 495 ταῖς
1138 464 1218 495 ὀπαῖς
1228 464 1278 498 τῆς
1291 465 1353 498 γῆς.
1366 461 1406 496 οἷς
1417 464 1610 501 θυσιαστήριον
1623 466 1670 493 καὶ
1685 466 1760 501 ἱερέα
1786 466 1846 492 ίδεῖν

1067 509 1209 544 ἀμήχανον
1239 507 1284 545 ἦν.
1310 509 1429 542 Τούτους
1456 513 1511 545 γὰρ
1535 511 1615 542 αὐτὸς
1631 512 1644 537 ὁ
1661 512 1780 546 Χριστὸς
1804 512 1846 538 τδν

1066 556 1203 591 ἁγιασμδν
1217 557 1329 590 ἀφανῶς
1343 557 1439 592 ἠγίαζε
1452 559 1559 585 τοῦτον.
1577 558 1662 584 Πόθεν
1676 558 1772 593 δῆλον;
1787 558 1847 586 ὀτι

1068 601 1142 637 ζωὴν
1159 600 1231 638 εἶχον
1251 603 1280 629 ὲν
1297 604 1419 635 ἑαυτοῖς·
1439 604 1469 630 οὗ
1486 605 1540 639 γὰρ
1559 604 1678 638 ἔχοντες,
1705 605 1729 630 εί
1747 605 1784 639 μὴ
1803 604 1847 630 τοῦ

1071 648 1223 684 μυστηρίου
1249 649 1344 676 τούτου
1374 651 1510 684 μετεῖχον.
1536 650 1621 681 Atho;
1637 650 1691 683 γὰρ
1705 650 1718 676 ὁ
1735 650 1848 685 Χριστὸς

1070 693 1162 721 εἶπεν·
1182 704 1191 721 ι
1216 695 1281 722 Ἐὰν
1299 695 1335 731 μὴ
1350 697 1458 730 φάγητε
1472 695 1522 731 τὴν
1550 696 1639 731 σάρκα
1659 695 1706 722 τοῦ
1721 696 1786 722 Υἱοῦ
1806 696 1849 722 τοῦ

1070 739 1228 774 ἀνθρώπου,
1243 741 1291 776 καὶ
1306 741 1388 776 πίητε
1402 740 1485 768 αὐτοῦ
1497 741 1527 767 τὸ
1540 738 1619 775 αἷμα,
1633 741 1683 767 οὐκ
1696 740 1772 775 ἔχετε
1784 740 1851 775 ζωὴν

1071 786 1100 812 ὲν
1114 786 1231 817 ἑαυτοῖς.
1259 795 1268 811 ι
1297 786 1351 812 Καὶ
1376 786 1421 812 ἵνα
1445 786 1525 812 τοῦτο
1540 786 1661 821 σημάνῃ,
1677 786 1784 817 πολλοῖς
1800 787 1851 813 τῶν

1073 832 1159 865 ἁγίων
1169 832 1273 859 τούτων
1299 832 1431 867 ἀγγέλους
1443 832 1547 867 ἔπεμψε
1556 833 1590 859 τὰ
1598 832 1672 868 δῶρα
1682 833 1851 867 κομίζοντας.

1073 879 1103 905 El
1125 878 1154 904 δέ
1176 886 1217 910 τις
1247 878 1396 913 δυνάμενος
1425 879 1456 905 οὺ
1484 878 1630 914 προσέλθοι
1656 879 1689 913 τῇ
1715 878 1850 914 τραπέζῃ,

1071 924 1165 951 τοῦτον
1181 923 1228 950 τοῦ
1244 924 1310 959 παρ’
1327 924 1419 957 αὐτοῖς
1441 924 1581 959 ἁγιασμοῦ
1600 925 1694 959 τυχεῖν
1713 924 1852 955 παντελῶς

1071 970 1220 997 ἀδύνατον
1252 970 1302 1005 οὐχ
1330 970 1370 997 ὅτι
1388 970 1418 997 οὒ
1440 970 1596 1006 προσῆλθεν
1613 970 1717 1002 ἁπλῶς,
1741 969 1852 996 ἀλλ’ὅτι

1071 1016 1222 1050 δυνάμενος
1235 1016 1264 1042 οὐ
1279 1015 1419 1051 προσῆλθε
1431 1024 1438 1031 ·
1457 1016 1504 1043 καὶ
1514 1015 1559 1043 διὰ
1581 1015 1663 1042 τοῦτο
1674 1015 1754 1050 δῆλός
1769 1015 1851 1047 ἔστιν,

1070 1061 1175 1088 ὅτιτῶν
1187 1062 1371 1097 ὀφειλομένων
1380 1061 1490 1096 ἀγαθῶν
1498 1063 1553 1094 τοῖς
1567 1061 1739 1099 μυστηρίοις,
1751 1061 1850 1097 ἕρημον

1071 1107 1130 1143 ἔχει
1144 1108 1192 1143 τὴν
1208 1107 1307 1144 ψυχήν.

1107 1198 1157 1230 Τίς
1174 1198 1228 1234 γὰρ
1244 1199 1316 1233 ὁρμὴ
1333 1198 1381 1225 καὶ
1395 1199 1535 1234 προθυμία
1554 1198 1619 1233 περὶ
1644 1197 1694 1233 τὴν
1715 1198 1854 1233 τράπεζαν

1072 1244 1149 1279 παρὰ
1162 1244 1201 1278 τῷ
1218 1244 1362 1279 δυναμένῳ
1377 1244 1476 1279 ῥᾳδίως
1494 1244 1608 1279 δραμεῖν
1627 1244 1670 1270 ἐπ’
1691 1244 1786 1278 αὐτὴν,
1809 1244 1856 1269 καὶ

1073 1290 1111 1325 μὴ
1125 1290 1296 1324 βουλομένῳς
1314 1289 1361 1321 Τίς
1376 1289 1402 1316 δὲ
1417 1290 1507 1321 πίστις
1516 1290 1583 1325 πρὸς
1601 1290 1666 1316 Θεὸν
1679 1289 1753 1324 παρὰ
1767 1289 1804 1323 τῷ
1819 1289 1855 1324 μὴ

1073 1335 1235 1371 φοϐουμένῳ
1248 1335 1297 1368 τὴν
1314 1338 1342 1363 ὲν
1353 1337 1410 1367 τοῖς
1424 1337 1528 1372 ῥήμασι
1545 1336 1591 1362 τοῦ
1607 1335 1711 1371 Κυρίου
1727 1335 1856 1369 κειμένην

1072 1382 1199 1418 ἀπειλὴν,
1217 1383 1273 1414 τοῖς
1284 1382 1315 1409 τὸ
1325 1382 1435 1410 δεῖπνον
1454 1382 1535 1409 τοῦτο
1559 1381 1730 1418 περιορῶσι;
1757 1381 1820 1413 Πῶς
1834 1380 1857 1407 δ’

1073 1428 1106 1455 ἂν
1119 1428 1279 1464 πιστευθείη
1296 1428 1395 1462 φιλεῖν,
1409 1428 1438 1459 ὃς
1451 1427 1545 1455 λαῦεῖν
1564 1428 1633 1460 ἐξὸν,
1656 1428 1686 1454 οὐ
1703 1427 1856 1461 λαμῦάνεις

1073 1474 1122 1501 Διὰ
1132 1474 1212 1500 τοῦτο
1228 1474 1305 1500 οὐδὲν
1330 1473 1435 1506 καινὸν,
1449 1474 1473 1500 εἰ
1491 1473 1625 1506 σωμάτων
1640 1473 1857 1506 ἁπολελυμέναις

231 1525 323 1555 pter-ea
338 1528 392 1548 non
405 1524 447 1548 est
460 1527 571 1553 novum,
587 1521 609 1547 si
629 1519 729 1547 animis
745 1528 760 1546 a
773 1519 936 1554 corporibus
953 1518 1021 1545 libe-

1076 1519 1172 1554 ψυχαῖς
1188 1520 1202 1546 ό
1217 1519 1346 1554 Χριστὸς,
1362 1516 1405 1550 αῖς
1419 1518 1548 1553 τοιαύτην
1573 1518 1708 1553 πονηρίαν
1729 1517 1859 1551 οὐδεμίαν

232 1565 312 1597 ratis,
327 1572 388 1599 quas
403 1564 507 1592 nullius
517 1564 674 1598 huiusmodi
703 1564 761 1591 vitii
792 1563 947 1591 insimulari
960 1570 1022 1598 pos-

233 1615 309 1642 sunt,
326 1611 396 1638 hanc
408 1617 528 1638 mensam
543 1610 669 1637 Christus
696 1610 838 1644 impertiit.
857 1608 925 1636 Illud
947 1609 1020 1635 enim

236 1663 335 1683 novum
350 1660 392 1683 est
404 1660 431 1683 et
444 1655 617 1688 admirabile,
644 1655 717 1690 quod
750 1654 832 1681 homo
847 1653 892 1689 qui
910 1655 936 1680 in
963 1660 1022 1680 eor-

234 1701 365 1736 ruptione
381 1706 409 1728 et
428 1701 540 1728 interitu
559 1704 695 1733 versatur,
713 1699 748 1727 ab
765 1700 876 1726 interim
902 1699 1021 1726 alienum

236 1754 337 1780 corpus
350 1746 488 1773 comedat:
509 1746 582 1781 quod
598 1750 688 1773 autem
713 1745 816 1777 anima,
832 1752 892 1780 quae
907 1749 949 1771 est
973 1744 1023 1770 im-

239 1791 360 1819 mortalis
376 1792 540 1822 substantia,
556 1791 592 1818 sit
612 1791 672 1825 ejus
696 1791 768 1826 quod
798 1795 841 1818 est
869 1790 1022 1817 immortale

239 1838 385 1872 particeps,
405 1837 486 1864 modo
496 1837 549 1865 sibi
562 1836 750 1870 conveniente,
775 1837 842 1871 quid
859 1835 976 1862 mirum?
992 1834 1022 1862 Si

238 1890 330 1914 autem
344 1886 396 1912 hoc
411 1892 509 1912 novum
541 1889 570 1912 et
595 1884 765 1916 admirabile,
781 1892 829 1919 per
856 1883 1021 1910 iueﬂuhilem

240 1931 435 1958 humanitatem
453 1935 480 1958 et
496 1938 624 1958 arcanam
649 1931 809 1965 sapientiam
840 1929 941 1957 invenit
956 1936 1022 1963 quo-

239 1976 320 2004 modo
336 1975 477 2011 perﬁceret
489 1995 498 2008 ,
516 1975 543 2003 id
559 1975 632 2011 quod
647 1980 689 2002 est
709 1975 850 2010 probabile
866 1978 893 2002 et
908 1981 1023 2001 consen-

240 2027 349 2048 laneum
366 2020 503 2056 quomodo
525 2028 577 2048 non
593 2020 684 2048 facere
699 2020 849 2048 credetur?

539 2076 615 2104 CAP.
635 2076 730 2104 XLIIL

258 2124 335 2157 Quod
355 2124 450 2151 animm
460 2125 517 2159 ejus
532 2124 576 2158 qui
591 2124 780 2159 communicat.
806 2123 836 2157 [il
851 2121 1006 2156 principali-

539 2165 580 2186 ter
594 2158 779 2192 ranctiﬁcalia.

280 2204 413 2237 Quoniam
427 2208 517 2231 autem
535 2204 568 2232 iis
582 2204 663 2232 etiam
685 2205 732 2237 qui
744 2204 833 2230 adhuc.
852 2203 948 2230 vivunt
964 2210 1025 2230 curn
1043 2207 1065 2235 D

243 2257 369 2284 corpore,
389 2250 469 2277 datur
481 2250 589 2285 quidem
605 2250 706 2277 donum
722 2257 769 2285 per
787 2257 898 2284 corpus,
915 2250 960 2277 sed
977 2250 1030 2284 pri-

248 2304 321 2323 mum
343 2296 465 2331 pervadit
483 2296 510 2323 in
536 2296 634 2322 anima:
655 2296 846 2327 substantiam,
863 2302 890 2322 et
907 2303 954 2330 per
968 2296 1029 2324 ani-

247 2350 317 2369 mam
337 2343 362 2368 iu
389 2350 488 2376 corpus
507 2341 717 2373 transmittitur.
743 2346 769 2368 et
796 2342 847 2368 hoc
870 2341 1029 2376 signiﬁcans

246 2388 340 2414 beatus
366 2386 483 2418 Paulus,
503 2396 512 2412 ι
534 2386 585 2420 Qui
614 2386 744 2416 adhaeret,
777 2385 873 2420 inquit,
901 2386 1027 2417 Domino,

246 2441 317 2460 unus
333 2437 375 2459 est
389 2433 512 2468 spiritus,
526 2441 536 2457 ι
555 2436 647 2466 utpote
660 2432 730 2466 quod
748 2432 773 2458 in
789 2433 877 2459 anima
901 2432 989 2467 primo
1002 2436 1029 2458 et

245 2478 432 2515 principaliter
448 2478 505 2504 hrcc
522 2477 587 2504 unio
597 2481 624 2503 et
637 2476 795 2511 conjunctio
805 2477 947 2505 consistat.

282 2523 339 2550 Illic
353 2523 424 2550 enim
441 2523 549 2556 proprie
578 2522 682 2554 homo;
715 2522 770 2550 illic
795 2523 875 2550 etiam
907 2523 1028 2550 sanctiﬁ-

245 2570 318 2597 catio
334 2576 394 2604 qua:
420 2567 604 2602 proﬁciscitur
631 2576 663 2595 ex
690 2568 837 2596 virtutibus
852 2573 880 2596 et
907 2569 1028 2596 ltumano

245 2615 345 2646 studio,
359 2620 387 2641 et
406 2613 469 2640 illud
483 2613 554 2648 quod
578 2618 680 2648 peccat.
704 2614 819 2649 Corpori
831 2619 920 2642 autem
936 2616 1028 2642 omnia

245 2663 315 2689 liunt
327 2668 359 2687 ex
374 2660 464 2686 anima
480 2668 486 2691 ;
503 2663 530 2685 et
540 2659 767 2692 quemadmodum
793 2667 808 2686 a
832 2661 909 2687 malis
927 2660 1029 2696 cogita-

245 2707 365 2735 tionibus
383 2713 443 2740 quze
469 2712 502 2732 ex
537 2705 618 2732 corde
650 2709 758 2737 exeunt,
792 2705 960 2740 inquinatur,
991 2706 1027 2732 ita

245 2753 325 2781 etiam
343 2752 418 2778 illinc
430 2755 472 2778 est
487 2750 511 2777 ei
538 2750 734 2778 sanctiﬁcatio:
766 2751 837 2778 sicut
855 2759 914 2786 qua:
929 2760 943 2778 a
972 2753 1028 2779 vir-

246 2804 314 2830 tute,
331 2798 366 2824 ita
382 2796 464 2825 etiam
478 2803 537 2830 qum
551 2803 566 2823 a
582 2796 780 2823 sacramentis:
797 2797 920 2824 nonnulli
934 2801 1026 2825 autent

247 2842 333 2870 morbi
348 2842 430 2869 etiam
459 2840 626 2875 corporales,
658 2847 772 2876 quorum
792 2848 872 2868 causa
895 2841 945 2868 luit
965 2840 1024 2868 aui-

1075 1566 1201 1600 ὲγκαλεῖν
1224 1565 1292 1601 εχει,
1318 1566 1367 1600 τῆς
1393 1565 1533 1601 τραπέζης
1557 1565 1721 1600 μεταδίδωσι
1744 1564 1859 1598 ταύτης.

1081 1612 1186 1638 Ἐκεῖνο
1215 1611 1264 1646 μὲν
1287 1610 1341 1646 γὰρ
1367 1610 1462 1638 καινὸν
1488 1611 1534 1637 καὶ
1557 1609 1708 1645 ὑπερφυὲς,
1727 1610 1751 1635 εί
1770 1609 1860 1644 φθορᾷ

1076 1658 1167 1691 συζῶν
1186 1657 1342 1694 ἄνθρωπος,
1359 1656 1500 1692 ἀκηράτου
1523 1656 1650 1691 σώματος
1667 1655 1765 1690 φάγοι·
1783 1655 1813 1682 τδ
1831 1655 1860 1681 δὲ

1075 1703 1169 1729 οὐσίαν
1185 1702 1320 1730 ἀθάνατον
1334 1702 1383 1738 τὴν
1413 1702 1503 1738 ψυχὴν
1525 1702 1660 1729 ἀθανάτου
1684 1701 1860 1736 μεταλασεῖν,

1074 1748 1119 1775 τὸν
1135 1747 1304 1783 κατάλληλον
1320 1748 1389 1784 αὐτῇ
1406 1748 1520 1783 τρόπον,
1534 1747 1560 1774 τί
1579 1746 1755 1781 θαυμαστόν;
1782 1745 1812 1772 Εἰ
1831 1745 1861 1772 δὲ

1075 1792 1104 1819 τὸ
1125 1793 1219 1819 καινὸν
1245 1793 1325 1820 τοῦτο
1351 1793 1400 1820 καὶ
1419 1794 1560 1828 ὑπερφυὲς
1583 1793 1626 1820 διὰ
1653 1793 1862 1827 φιλανθρωπίαν

1075 1839 1190 1873 ἄφατον,
1205 1841 1253 1867 καὶ
1271 1840 1370 1876 σοφίαν
1380 1841 1538 1875 ἀπόρρητον
1548 1839 1659 1875 ἐξεῦρεν
1673 1841 1745 1871 ὅπως
1760 1840 1861 1875 ἁνύαῃ,

1073 1886 1106 1912 τὺ
1120 1886 1194 1919 εἰκὸς
1208 1887 1257 1914 καὶ
1268 1886 1298 1913 τδ
1314 1886 1461 1915 ἀκόλουθον
1476 1888 1574 1920 ποιεῖν,
1591 1887 1649 1918 πῶς
1665 1887 1694 1914 οὐ
1713 1885 1864 1913 monuer-

1077 1939 1152 1967 σεται
1163 1940 1172 1964 ;

1359 2077 1486 2104 ΚΕΦΑΛ.
1510 2078 1577 2105 MI".

1078 2122 1139 2149 ’Ὁτι
1157 2121 1194 2156 τῇ
1214 2122 1305 2160 ψυχῇ,
1331 2123 1685 2160 τοῦνμεταλαμόάνοντο(
1711 2131 1867 2160 προφω-ου-

1268 2157 1366 2192 μέν-ως
1382 2159 1398 2185 ό
1409 2159 1556 2193 ἁγιασμὸς
1565 2159 1684 2186 ὲνίεται.

1120 2202 1199 2229 Ἐπεὶ
1215 2202 1263 2229 καὶ
1280 2204 1373 2235 αὐτοῖς
1391 2205 1449 2235 τοῖς
1469 2205 1509 2231 ἔτι
1544 2205 1614 2239 μετὰ
1643 2205 1769 2240 σώματος
1795 2207 1870 2238 ζῶσι

1080 2246 1182 2274 δίδοται
1199 2247 1248 2282 μὲν
1263 2247 1294 2274 τὸ
1306 2248 1392 2283 δῶρον
1405 2248 1450 2275 διὰ
1461 2249 1508 2275 τοῦ
1524 2248 1662 2284 σώματος,
1680 2250 1739 2276 ἀλλ’
1756 2252 1796 2282 εἰς
1814 2253 1869 2287 τὴν

1081 2293 1175 2320 οὐσίαν
1192 2294 1301 2327 πρῶτον
1316 2296 1401 2329 χωρεῖ
1415 2295 1464 2329 τῆς
1478 2294 1579 2330 ψυχῆς,
1593 2295 1639 2322 καὶ
1653 2295 1695 2322 διὰ
1709 2296 1758 2330 τῆς
1772 2297 1871 2332 ψυχῆς

1081 2340 1127 2366 ἐπὶ
1139 2340 1169 2366 τὸ
1183 2339 1262 2375 σῶμα
1277 2340 1411 2367 διαὸαίνει
1423 2349 1431 2357 ·
1444 2340 1583 2368 καὶτοῦτο
1597 2341 1687 2376 δηλῶν
1697 2343 1711 2368 ὸ
1727 2344 1871 2377 μακάριος

1086 2385 1249 2416 ’Δπόστολος
1260 2406 1267 2418 ,
1289 2395 1298 2411 ι
1322 2386 1352 2412 '0
1369 2386 1538 2421 κολλώμενος
1553 2386 1592 2421 τῷ
1606 2387 1711 2422 Κυρίῳ,
1725 2388 1822 2422 φησὶν,
1839 2388 1871 2414 ἓν

1081 2431 1191 2465 πνεῦμά
1203 2432 1294 2458 ἔστιν·
1320 2441 1328 2457 ι
1347 2431 1384 2463 ὡς
1402 2432 1430 2458 ὲν
1449 2433 1480 2466 τῇ
1492 2432 1565 2467 ψυχῇ
1582 2433 1798 2468 προηγουμένως
1817 2435 1871 2468 τῆς

1081 2477 1203 2509 ἑνώσεως
1223 2478 1336 2512 ταύτης,
1353 2478 1399 2504 καὶ
1417 2479 1465 2512 τῆς
1481 2479 1628 2513 συναφείας
1648 2481 1870 2515 συνισταμένης.

1122 2524 1196 2550 Ἐκεῖ
1211 2525 1264 2558 γὰρ
1280 2524 1382 2558 κυρίως
1398 2525 1412 2550 ὁ
1434 2524 1594 2560 ἄνθρωπος·
1612 2526 1671 2551 ἐκεῖ
1692 2525 1739 2551 καὶ
1756 2526 1770 2551 ὸ
1785 2527 1874 2559 ἅγιε-

1081 2569 1148 2604 σμδς
1181 2571 1194 2595 ὁ
1223 2569 1277 2595 ἀπὸ
1301 2569 1356 2595 τῶν
1384 2569 1500 2605 ἀρετῶν,
1531 2570 1577 2597 καὶ
1603 2571 1652 2605 τῆς
1684 2570 1872 2606 ἀνθρωπίνης

1081 2614 1215 2647 σπουδῆς·
1235 2614 1281 2640 καὶ
1302 2614 1332 2640 τὸ
1352 2614 1508 2650 ἁμαρτάνον
1527 2615 1594 2648 ἐκεῖ,
1613 2615 1660 2642 καὶ
1681 2615 1712 2642 τὸ
1734 2615 1873 2650 δεόμενον

1079 2660 1128 2693 τῆς
1144 2659 1294 2693 θεραπείας
1309 2659 1363 2686 ἀπὸ
1381 2659 1435 2686 τῶν
1450 2659 1556 2695 δώρων,
1573 2661 1672 2687 ἐκεῖνο.
1692 2661 1737 2696 Τῷ
1756 2661 1873 2695 σώματι

1079 2705 1108 2730 δὲ
1124 2704 1211 2730 πάντα
1224 2704 1278 2731 ἀπὸ
1300 2705 1350 2739 τῆς
1364 2704 1453 2740 ψυχῆς
1469 2705 1573 2740 γίνεται
1585 2713 1592 2720 ·
1619 2706 1666 2732 καὶ
1684 2705 1779 2740 ὥσπερ
1812 2706 1875 2732 ἀπὸ

1078 2750 1132 2776 τῶν
1154 2750 1281 2785 πονηρῶν
1303 2751 1497 2786 διαλογισμῶν,
1521 2752 1575 2777 τῶν
1597 2752 1650 2778 ἀπὸ
1669 2752 1720 2786 τῆς
1747 2752 1874 2787 καρδίας

1079 2796 1265 2831 ἐξερχομένων
1280 2796 1435 2831 μολύνεται,
1449 2797 1520 2823 οὓτω
1533 2798 1577 2823 καὶ
1588 2800 1600 2824 ζ
1609 2798 1746 2832 ἁγιασμὸς
1758 2798 1874 2824 ἐκεῖθεν

1081 2841 1164 2876 αὐτῷ,
1180 2842 1304 2877 καθάπερ
1319 2843 1333 2868 ὁ
1349 2842 1402 2868 ἀπὸ
1425 2844 1471 2877 τῆς
1488 2843 1587 2878 ἀρετῆς
1601 2852 1608 2857 ·
1636 2843 1708 2870 οὕτω
1738 2845 1785 2870 καὶ
1810 2844 1874 2870 ἀπὸ
