1976 3074
192 99 243 130 ιιι

785 99 930 129 LITUBG
937 100 945 128 l
1006 98 1219 128 EXPOSITIO.

1702 133 1706 136 Α
1756 99 1806 128 tre

191 154 245 179 τῶν
258 154 428 188 μυστηρίων,
452 154 548 186 Ἐνίοις
563 155 591 181 δὲ
609 155 766 190 σωματικαὶ
778 155 849 182 νόσοι
862 155 964 189 συμῢαί

1028 161 1078 180 tua:
1096 154 1264 188 improbitas.
1279 152 1355 185 Quod
1375 153 1466 179 volens
1493 152 1647 188 signiﬁcare
1668 153 1808 182 Ser-ator.

191 207 292 231 νουσιν,
311 199 401 226 αἰτίαν
415 199 529 235 ἔχουσαι
544 201 592 235 τὴν
621 200 788 235 κακοήθειαν
805 202 852 235 τῆς
864 201 952 235 ψυχῆς
964 209 970 216 ⁸

190 243 205 269 ὒ
217 245 337 278 σημάναι
352 244 514 279 βουλόμενος
528 246 542 272 ό
563 246 668 281 Σωτὴρ,
684 245 722 280 τῷ
738 245 907 278 ϐεραπεῦσαι
924 245 973 279 τὴν

189 289 236 314 τοῦ
255 289 396 321 νοσοῦντος
412 290 513 325 ψυχὴν,
529 291 598 326 ὅπερ
613 288 646 326 ἧν
662 290 715 317 τῶν
731 291 872 326 ἁμαρτιῶν
889 291 973 324 αὐτὴν

190 334 337 365 ἁπολύσαι,
361 335 391 361 τὺ
415 335 494 370 σῶμα
513 337 562 371 τῆς
588 336 745 371 ἀρρωστίας
762 337 923 371 ἀνέστησεν.
941 336 972 362 Ei

190 379 280 406 τοίνυν
296 381 356 407 οὐδὲ
371 381 440 416 πρὸς
455 381 503 418 τὴν
520 382 654 417 ὑποδοχὴν
668 382 716 408 τοῦ
733 382 872 417 ἁγιασμοῦ
888 382 972 408 δεῖται

189 425 236 452 τοῦ
249 426 377 460 σώματος
391 426 504 462 ἡψυχὴ,
518 427 586 454 ἀλλὰ
601 428 704 461 ταύτης
720 427 820 462 μᾶλλον
833 428 931 460 ἐκεῖνο,
946 426 972 454 τί

190 470 271 496 πλέον
285 471 334 504 τῆς
351 471 464 506 τελετῆς
480 472 588 506 ἔχουσιν
605 472 632 499 αἱ
657 473 820 508 μετέχουσαι
846 473 972 506 σώματος

188 515 272 550 ψυχαὶ
285 517 340 542 τῶν
358 517 590 552 ἀπηλλαγμένων,
618 519 659 545 ὅτι
687 519 732 546 τὸν
758 519 833 554 ἱέρεα
860 519 971 554 ὁρῶσιν,

190 563 238 588 καὶ
252 562 317 596 παρ’
333 561 417 589 αὐτοῦ
437 563 469 590 τὰ
486 563 560 599 δῶρα
576 564 717 599 δέχονται;
740 564 822 591 ’Δλλὰ
846 565 972 591 κάκεῖναι

189 607 234 633 τὴν
246 609 355 635 αἰώνιον
369 608 477 644 ἔχουσιν
489 610 564 644 ἱερέα
578 611 666 637 πάντα
690 611 776 637 ταῦτα
790 610 884 642 αὐταῖς
899 610 972 645 γινό-

189 660 280 686 μενον,
305 652 334 684 ὃς
364 654 412 680 καὶ
435 654 489 681 τῶν
516 655 556 682 ἔτι
582 655 691 687 ζώντων
718 657 776 687 τοῖς
803 655 840 687 ὡς
862 656 972 690 ἀληθῶς

188 697 367 731 λαμὸάνουσι,
381 700 569 734 μεταδίδωσιν.
584 701 620 727 Οὐ
631 702 685 736 γὰρ
697 702 797 733 πάντες
808 700 849 734 οἷς
865 702 971 729 δίδωσιν

189 743 202 769 5
231 743 320 777 ἱερεὺς
347 744 456 780 ἀληθῶς
481 746 754 779 μεταλαμϐάνουσιν·
788 747 845 773 ἀλλ’
871 749 971 774 ἐκεῖνοι

188 789 265 823 μόνοι
283 789 401 823 πάντως,
417 789 458 822 οἷς
479 791 561 823 αὐτὸς
581 792 687 818 δίδωσιν
702 793 715 818 ὁ
729 793 855 828 Χριστός.
875 793 904 819 Ὀ
921 793 971 828 μὲν

187 835 243 868 γὰρ
272 835 373 870 ἱερεὺς,
393 837 476 862 πᾶσιν
507 836 599 869 ἁπλῶς
625 839 682 869 τοῖς
707 838 883 874 προσιοῦσιν·
904 838 917 863 ὁ
943 839 971 865 δὲ

189 880 319 918 Χριστος,
337 882 393 912 τοῖς
408 882 494 914 ἀξίοις
507 883 554 909 τοῦ
573 885 729 919 μετασχεῖν.
745 885 826 911 Ὅθεν
841 884 919 919 δῆλον
933 884 970 917 ὡς

186 926 200 950 ό
211 926 297 950 τελῶν
310 926 359 956 τὰς
371 926 461 961 ψυχὰς
477 927 507 953 τὸ
522 928 684 964 μυστήριον,
701 930 749 956 καὶ
764 929 897 963 ἁγιάζων,
924 930 970 957 καὶ

187 971 292 1002 ζῶντας
321 972 367 998 καὶ
392 973 569 1008 τεθνηκότας,
600 975 679 1009 μόνος
697 984 739 1006 τις
767 976 847 1007 αὐτός
870 977 970 1003 ἐστινὸ

186 1017 294 1052 Σωτήρ.
331 1018 378 1045 Ἐκ
407 1018 438 1053 δὴ
463 1020 517 1046 τῶν
545 1021 698 1056 εἰρημένων
723 1022 851 1050 ἁπάντων
883 1024 971 1057 ἐκεῖνο

187 1062 292 1094 γίνεται
313 1063 403 1097 δῆλον,
419 1063 460 1089 ὅτι
492 1065 581 1091 πάντα
606 1065 656 1092 ὅσα
683 1067 722 1098 εἰς
741 1067 790 1100 τὴν
815 1066 892 1101 ἱερὰν
907 1067 970 1102 ἥκει

186 1107 308 1142 τελετὴν,
325 1108 404 1135 κοινά
418 1109 475 1135 ἐστι
498 1109 545 1136 καὶ
568 1109 636 1141 ζῶσι
655 1111 702 1137 καὶ
726 1111 882 1147 τεθνηκόσι.
904 1111 969 1139 ιΚαὶ

186 1153 241 1188 γὰρ
253 1154 287 1179 τὰ
304 1154 378 1180 αἴτια
395 1155 442 1181 τοῦ
458 1155 607 1190 ἀγιασμοῦ,
621 1156 723 1191 ψυχικὰ
738 1156 804 1183 ὄντα
819 1156 910 1190 ἀγαθὰ
922 1157 968 1184 καὶ

185 1199 350 1233 ἀμφοτέροις
366 1200 497 1234 πρόσεστι
510 1209 518 1216 ·
534 1201 579 1227 καὶ
591 1202 622 1228 τὸ
641 1202 855 1237 προηγουμένως
867 1203 915 1229 καὶ
931 1203 968 1229 οἱ-

186 1244 267 1275 κείως
281 1244 342 1278 ἕχον
356 1244 425 1279 πρὸς
437 1245 482 1271 τδν
498 1245 644 1282 ἀγιασμδν,
657 1247 687 1274 τὸ
699 1247 765 1274 αὐτό
779 1254 786 1263 ·
799 1247 876 1282 κα).ιὸ
892 1248 970 1282 ἁγιά-

185 1289 240 1321 ζων
260 1290 361 1324 ἱερεὺς,
387 1291 400 1317 ὸ
415 1291 505 1323 αὑτός.
522 1291 609 1319 Τοῦτο
625 1293 705 1327 μόνον
724 1294 781 1324 τοῖς
807 1293 835 1320 ἐν
862 1294 967 1328 σώματι

185 1336 253 1366 ζῶσι
278 1334 390 1370 προσὸν,
416 1337 446 1363 οὒ
480 1337 592 1372 μέτεστι
612 1339 669 1371 τοῖς
697 1339 854 1371 ἀπελθοῦσι,
868 1339 897 1366 τὸ
919 1339 966 1366 καὶ

183 1383 247 1412 τοῦς
267 1382 393 1415 ἀναξίους
419 1383 472 1410 τῶν
491 1384 650 1420 μυστηρίων
677 1384 840 1418 ἁγιάζεσθαι
865 1386 964 1418 δοκεῖν,

182 1428 223 1454 ὅτι
238 1428 272 1455 τὰ
294 1428 368 1463 δῶρα
393 1429 431 1464 τῷ
449 1429 554 1464 σώματι
578 1429 713 1465 δέχονται.
738 1431 813 1457 Ἐκεί
829 1431 883 1465 γὰρ
905 1431 965 1457 οὐδὲ

185 1475 327 1508 προσιέναι
354 1475 477 1508 δυνατὸν,
500 1475 527 1502 εῐ
553 1483 594 1506 τις
621 1476 876 1517 ἁπέιρασκευάστως
897 1476 962 1511 ἔχει,
978 1487 1000 1515 c

183 1519 252 1545 ἀλλὰ
268 1519 358 1553 μόνοις
372 1519 460 1552 ἔξεστι
472 1521 528 1551 τοῖς
540 1519 626 1552 ἀξίοις
643 1520 660 1555 ἡ
678 1521 807 1555 μετουσία
817 1529 828 1540 η’
845 1520 922 1547 τοῦτο
937 1520 965 1548 δὲ

182 1563 244 1590 οὐδὲ
263 1565 440 1599 προστίθησιν
448 1565 588 1600 Δἁγιασμόν
606 1567 663 1597 τοίς
681 1565 764 1597 ζῶσιν
780 1575 786 1581 ·
804 1566 870 1592 ἀλλὰ
881 1567 965 1593 τούν-

184 1610 275 1636 αντίον
293 1611 408 1637 κόλασιν
423 1611 479 1645 ἔχει
491 1610 539 1645 τὴν
553 1612 682 1647 ἐσχάτην.
699 1612 754 1639 Καὶ
766 1613 810 1638 διὰ
824 1613 904 1638 τοῦτο
918 1612 966 1639 τοῦ

183 1657 279 1688 γένους
302 1654 356 1682 τῶν
372 1654 480 1686 ζώντων
501 1653 572 1682 εἶναι
595 1655 787 1692 πλεονέκτημα
801 1657 899 1683 πυλλοῦ
915 1657 965 1684 δεῖ.

186 1701 247 1727 Ἔτι
261 1701 289 1727 δὲ
305 1702 352 1727 καὶ
364 1701 398 1727 δι’
410 1701 514 1728 ἐκεῖνον
526 1702 571 1728 τὸν
585 1702 663 1737 λόγον
676 1703 793 1737 φανερὸν
809 1703 916 1736 γίνεται
925 1704 966 1730 ὅτι

183 1748 215 1773 οὗ
236 1747 316 1782 μόνον
330 1747 431 1780 ἔξεστι,
453 1748 499 1773 καὶ
513 1748 589 1775 οὐδὲν
601 1749 658 1783 ἔχει
683 1748 807 1784 κώλυμα,
839 1747 896 1774 ἀλλ’
926 1748 966 1774 ὅτι

183 1794 231 1820 καὶ
246 1794 401 1828 ἀναγκαίως
417 1795 558 1821 ἀκολουθεῖ
569 1796 628 1826 ταῖς
636 1794 737 1829 ψυχαῖς
751 1795 868 1825 ἐκείναις
883 1795 898 1829 ἡ
913 1794 968 1821 τῶν

183 1841 264 1876 ἱερῶν
289 1841 384 1876 δώρων
409 1840 570 1876 μετάληψις.
596 1841 627 1868 Εἰ
641 1841 690 1875 μὲν
704 1841 758 1875 γὰρ
771 1840 818 1866 καί
833 1849 858 1866 τι
874 1839 967 1875 ἕτερον

181 1884 216 1922 ἦν
227 1887 256 1914 τὸ
266 1888 314 1918 τὰς
330 1888 420 1923 ψυχὰς
443 1888 589 1923 εὐφραῖνον
611 1888 658 1914 καὶ
672 1886 814 1914 ἀιθαπαῦον
836 1888 904 1919 ἐκεῖ,
932 1884 967 1921 ἦν

182 1932 215 1959 ἂν
230 1932 318 1958 ἐκεῖνο
331 1933 415 1967 γέρας
429 1933 489 1964 ταῖς
505 1931 595 1965 ἀξίαις
609 1933 660 1966 τῆς
692 1931 890 1966 καθαρότητος,
919 1931 966 1957 καὶ

181 1977 233 2004 οὐκ
245 1977 277 2004 ἂν
290 1978 383 2012 ἐδέησε
400 1977 502 2012 ταύτης
517 1979 567 2012 τῆς
582 1977 724 2013 τραπέζης
741 1977 769 2009 ἐξ
785 1978 907 2012 ἀνάγκης
919 1978 967 2003 αὑ-

181 2025 252 2054 ταῖς.
279 2023 336 2049 Νῦν
361 2023 388 2050 δὲ
414 2024 444 2050 τὸ
468 2024 559 2050 πᾶσαν
580 2024 686 2058 τρυφὴν
707 2022 754 2049 κα)⁵
776 2022 967 2057 μακαριότητα

181 2068 238 2100 τοῖς
259 2070 316 2095 ἐκεῖ
329 2070 484 2104 γενομένοις
501 2068 696 2104 ἐργαζόμενον,
725 2069 780 2094 εἴτε
804 2066 967 2103 παράδεισον

181 2116 279 2148 εἴποις,
293 2115 346 2141 εἴτε
360 2115 478 2146 κόλπους
496 2115 632 2150 “Λ6ρα3ιμ,
646 2114 701 2140 εἴτε
712 2113 801 2148 λύπης
813 2113 860 2140 καὶ
871 2113 966 2148 ὀδύνης

989 817 1009 844 Β

1025 200 1053 226 ἰιι
1065 199 1206 226 liberanda
1219 208 1232 225 a
1252 200 1348 226 morbo
1371 199 1472 230 anima,
1486 199 1558 233 quod
1573 204 1612 226 est
1627 206 1687 226 eam
1698 199 1811 226 liberare

1024 253 1038 271 a
1053 246 1181 279 peccatis,
1196 253 1211 272 a
1226 253 1342 279 covpore
1371 245 1557 272 inﬁrmitatem
1576 245 1687 280 depulit.
1707 244 1734 272 Si
1747 254 1812 280 ergo

1024 298 1073 318 nec
1087 290 1118 317 ad
1131 291 1354 318 sanctiﬁcationis
1380 291 1491 328 quidem
1511 291 1710 325 susceptionem
1731 291 1812 318 habet

1024 336 1114 363 anima
1129 343 1198 370 opus
1214 343 1340 370 corpore,
1357 336 1404 363 sed
1421 335 1488 363 illud
1515 343 1546 362 ea
1561 336 1662 371 potius.
1686 343 1734 363 cur
1750 342 1812 363 sunt

1024 381 1112 416 magis
1131 382 1254 417 mysterii
1281 381 1427 416 participes
1451 382 1550 409 animae
1575 389 1636 416 qua:
1655 389 1755 416 corpus
1766 383 1812 409 ha-

1024 426 1099 459 bent,
1116 434 1196 461 quam
1213 435 1272 461 qua:
1285 427 1360 454 abeo
1375 431 1439 454 sunt
1462 427 1574 454 liberte?
1593 427 1669 460 Quod
1688 427 1813 454 sacerdo-

1024 477 1077 499 tem
1092 472 1196 504 vident,
1212 473 1282 500 etab
1298 480 1330 499 eo
1346 473 1418 500 dona
1428 473 1559 500 sumunt?
1573 473 1653 508 Atqui
1668 473 1719 500 illae
1729 473 1811 500 etiam

1024 517 1126 545 habent
1142 521 1272 544 mternum
1293 517 1476 550 sacerdotem,
1502 519 1547 553 qui
1564 518 1654 546 omnia
1668 518 1708 545 eis
1724 518 1812 546 factus

1023 566 1074 593 est,
1093 562 1141 597 qui
1157 562 1237 589 etiam
1254 563 1287 589 iis
1300 563 1346 597 qui
1363 571 1395 590 ex
1411 559 1477 590 vivis
1492 571 1554 591 vere
1568 568 1692 598 sumunt,
1709 564 1812 598 imper-

1023 608 1066 635 tit.
1084 607 1141 635 Non
1158 608 1229 635 enim
1242 615 1337 635 omnes
1354 609 1451 643 quibus
1475 609 1520 636 dat
1537 610 1676 641 sacerdos,
1693 617 1757 636 vere
1773 610 1811 644 (l)

1024 658 1148 684 sumunt,
1170 654 1216 680 sed
1229 654 1266 680 illi
1283 654 1396 681 omnino
1423 654 1472 681 soli
1489 655 1588 688 quibus
1604 655 1718 689 datipse
1736 655 1813 682 Chri-

1024 702 1094 726 stus.
1115 698 1249 726 Sacerdos
1270 699 1340 726 enim
1356 700 1493 731 omnibus.
1510 704 1539 726 ut
1554 699 1636 727 semel
1652 700 1751 731 dicam,
1765 701 1810 734 qui

1023 746 1164 776 accedunt,
1179 744 1305 772 Christus
1323 750 1413 772 autem
1430 746 1477 773 dat
1491 746 1523 773 iis
1554 746 1642 773 solum
1660 746 1706 781 qui
1728 746 1812 779 parti-

1023 789 1096 824 cipes
1111 797 1170 818 esse
1180 790 1254 824 digni
1271 795 1344 818 sunt.
1365 791 1440 818 Unde
1462 792 1565 819 clarum
1582 797 1633 823 est,
1664 791 1738 827 quod
1764 791 1810 826 qui

1025 835 1130 863 animas
1146 842 1316 863 sacramento
1350 837 1455 871 perﬁcit
1484 843 1511 865 et
1522 838 1683 870 sanctiﬁcat,
1695 843 1722 864 et
1733 838 1811 865 vivos

1023 884 1049 907 et
1061 885 1196 914 mortuos,
1210 882 1284 909 solus
1298 886 1340 910 est
1355 882 1411 916 ipse
1422 887 1556 910 servator.
1571 883 1607 909 Ex
1625 882 1704 910 dictis
1717 882 1812 917 utique

1022 925 1151 952 omnibus
1177 925 1207 952 ﬁt
1220 926 1284 953 illud
1299 926 1485 960 manifestum,
1507 928 1579 962 quod
1594 935 1763 962 quaecunque
1778 929 1810 954 ad

1022 970 1093 998 sacri
1111 972 1234 1006 mysterii
1247 972 1458 1000 celebrationem
1481 974 1627 1008 pertinent,
1662 978 1809 1001 suntcom-

1022 1016 1114 1043 munia
1130 1021 1156 1044 et
1171 1017 1240 1044 vivis
1255 1022 1283 1045 et
1300 1019 1427 1046 mortuis.
1447 1019 1543 1047 Causa:
1561 1021 1634 1047 enim
1657 1019 1810 1048 sanctiﬁca-

1022 1061 1117 1094 tionis,
1134 1070 1195 1090 cum
1210 1063 1242 1090 ad
1261 1063 1379 1091 animam
1402 1065 1567 1098 pertineant,
1587 1066 1669 1093 etiam
1685 1065 1810 1101 utrisque

1021 1106 1134 1141 insunt;
1150 1112 1176 1135 et
1192 1108 1218 1135 id
1234 1109 1305 1143 quod
1330 1110 1418 1144 primo
1443 1115 1471 1137 et
1492 1111 1679 1146 principaliter
1700 1116 1727 1138 et
1750 1120 1810 1146 pro-

1020 1153 1079 1187 prie
1112 1154 1356 1182 sanctiticatiouem
1381 1156 1504 1190 suscipit,
1531 1157 1612 1190 idem,
1629 1161 1656 1184 et
1683 1158 1810 1185 sacerdos

1020 1198 1067 1233 qui
1086 1199 1248 1233 sanctiﬁcat,
1268 1200 1338 1228 idem
1352 1210 1359 1228 :
1376 1203 1447 1236 quod
1471 1202 1559 1229 solum
1574 1203 1650 1231 adest
1663 1203 1695 1231 iis
1710 1204 1756 1238 qui
1772 1205 1811 1230 vi-

1019 1249 1088 1272 vunt
1104 1244 1131 1272 in
1148 1253 1274 1280 corpore,
1292 1253 1345 1274 non
1361 1253 1403 1274 est
1416 1248 1443 1274 in
1476 1247 1509 1275 iis
1531 1248 1576 1284 qui
1596 1249 1692 1278 evivis
1714 1257 1810 1277 exces-

1019 1294 1134 1323 serunt,
1151 1295 1182 1318 ut
1199 1291 1280 1318 etiam
1298 1292 1345 1326 qui
1366 1294 1504 1328 mysteriis
1523 1294 1626 1330 indigni
1648 1300 1721 1328 sunt,
1736 1296 1810 1323 vide-

1018 1339 1101 1362 antur
1119 1337 1295 1370 sanctiﬁcari,
1311 1338 1442 1372 quoniam
1467 1338 1535 1366 dona
1552 1347 1599 1368 ore
1610 1346 1733 1369 sumunt.
1750 1340 1809 1369 Iliie

1018 1380 1090 1407 enim
1104 1389 1153 1409 nec
1170 1382 1301 1410 accedere
1316 1383 1425 1417 quidem
1453 1389 1540 1418 potest
1568 1386 1714 1420 quispiam,
1732 1387 1754 1414 si
1774 1387 1810 1414 sit

1018 1426 1176 1460 imparatus,
1189 1427 1235 1455 sed
1249 1428 1314 1455 solis
1326 1429 1359 1455 iis
1371 1428 1417 1464 qui
1434 1428 1506 1464 digni
1528 1434 1602 1462 sunt,
1633 1431 1711 1457 datur
1726 1432 1809 1465 parti-

1017 1471 1135 1506 cipatio;
1153 1473 1204 1500 hoc
1219 1478 1308 1501 autem
1337 1482 1391 1501 non
1406 1474 1501 1501 tribuit
1527 1475 1595 1502 vivis
1616 1476 1808 1503 sanctiﬁcatio-

1018 1525 1092 1549 nem.
1119 1519 1166 1546 sed
1193 1523 1287 1547 contra
1320 1520 1400 1547 habet
1427 1520 1550 1547 ultimum
1576 1521 1750 1555 supplicium,
1778 1515 1807 1548 e‘

1017 1569 1159 1599 propterea
1181 1565 1296 1592 multum
1317 1566 1394 1593 abest
1414 1571 1443 1592 ut
1465 1566 1590 1593 vivorum
1620 1574 1705 1602 genus
1719 1567 1805 1594 sitcis

1019 1611 1072 1639 hac
1097 1619 1126 1639 re
1148 1611 1284 1645 superius.
1314 1611 1459 1646 Propterea
1486 1617 1577 1639 autem
1602 1612 1681 1639 etiam
1696 1618 1807 1647 propter

1019 1658 1091 1684 illam
1121 1657 1255 1684 rationem
1275 1658 1379 1685 clarum
1393 1662 1445 1689 est,
1472 1659 1543 1692 quod
1560 1665 1614 1685 non
1626 1658 1715 1685 solum
1738 1658 1801 1686 licet

1018 1704 1128 1739 etquod
1143 1704 1211 1731 nihil
1234 1709 1317 1736 vetat,
1334 1704 1380 1731 sed
1398 1704 1479 1731 etiam
1503 1704 1575 1739 quod
1605 1704 1664 1732 illas
1699 1705 1805 1732 animas

1018 1750 1172 1778 necessario
1183 1751 1360 1785 consequitur
1376 1755 1532 1778 sanctorum
1559 1751 1691 1778 donorum
1718 1753 1805 1786 parti-

1017 1795 1128 1829 cipatio.
1147 1793 1175 1821 Si
1190 1795 1261 1822 enim
1280 1801 1352 1822 esset
1365 1796 1469 1830 aliquid
1481 1795 1565 1828 aliud,
1585 1796 1656 1831 quod
1677 1796 1730 1824 illic
1746 1797 1805 1824 ani-

1018 1842 1069 1868 mis
1081 1845 1108 1868 et
1145 1840 1353 1868 delectationem
1372 1847 1399 1868 et.
1430 1842 1548 1876 quietem
1568 1842 1708 1876 praeberet,
1732 1847 1804 1869 οςενι

1018 1884 1084 1917 illud
1110 1885 1250 1920 praemium
1272 1885 1305 1912 iis
1328 1893 1389 1920 qua:
1410 1893 1485 1920 pune
1514 1878 1576 1913 sunt
1595 1890 1621 1913 et
1648 1886 1805 1917 mundae.“

1018 1939 1072 1958 non
1094 1930 1133 1958 eis
1149 1931 1200 1958 hac
1218 1938 1312 1957 mensa
1339 1931 1498 1957 necessario
1526 1938 1595 1965 opus
1618 1935 1710 1963 esset;
1730 1939 1803 1958 nunc

1019 1981 1106 2003 autem
1126 1976 1151 2003 id
1167 1976 1239 2012 quod
1260 1983 1366 2003 onmem
1385 1976 1549 2010 voluptatem
1566 1980 1592 2002 et
1608 1976 1801 2002 beatitudinem

1018 2023 1051 2050 iis
1068 2022 1113 2057 qui
1128 2023 1182 2050 illic
1201 2028 1275 2055 sunt,
1292 2023 1386 2054 efﬁcit,
1404 2022 1462 2049 sive
1477 2022 1552 2048 dicas
1565 2021 1732 2056 paradisum,
1744 2021 1802 2048 sive

1018 2067 1105 2094 sinum
1117 2068 1242 2101 Abrahzr,
1254 2067 1310 2094 sive
1320 2068 1353 2094 ab
1364 2067 1436 2094 otuni
1461 2066 1555 2094 dolore
1568 2071 1594 2094 et
1610 2066 1718 2094 tristitia
1733 2074 1800 2101 pura

1018 2117 1044 2139 et
1059 2113 1147 2140 lucida
1161 2116 1188 2139 et
1200 2113 1295 2140 viridia
1312 2117 1339 2140 et
1349 2111 1536 2147 refrigerantia
1551 2112 1619 2143 loca,
1639 2112 1696 2138 sive
1707 2111 1798 2146 ipsum

180 2161 291 2195 ἁπάσης
305 2160 442 2195 καθαροὺς
465 2160 511 2187 καὶ
533 2159 681 2194 φωτεινοὺς
705 2160 752 2185 καὶ
772 2158 899 2194 χλοεροὺς
915 2158 964 2185 καῖ

1020 2166 1138 2193 regnum,
1152 2159 1219 2186 nihil
1235 2163 1275 2186 est
1290 2158 1362 2186 aliud
1376 2166 1456 2192 quam
1473 2157 1517 2184 hic
1528 2157 1596 2184 calix
1607 2162 1634 2184 et
1648 2157 1691 2184 hic
1705 2158 1798 2192 panis.

180 2208 368 2242 ἀναψύχοντας
379 2208 489 2239 τόπους,
502 2206 556 2233 εἴτε
569 2206 618 2241 τὴν
631 2206 770 2240 βασιλείαν
782 2205 878 2240 αὐτήν·
895 2206 972 2232 οὐδὲν
988 2206 1082 2241 ἕτερόν
1094 2206 1168 2232 ἐστιν
1185 2206 1201 2239 ἢ
1221 2207 1299 2231 τοῦτο
1316 2205 1346 2232 τὸ
1367 2204 1513 2238 ποτήριον,
1531 2203 1577 2230 καὶ
1589 2201 1666 2234 οὗτος
1680 2204 1694 2230 ό
1705 2203 1797 2239 ἄρτος.

216 2253 308 2280 Ταῦτα
322 2263 375 2289 γαρ
388 2255 401 2281 ό
418 2254 541 2288 μεσίτης,
556 2254 569 2279 ὁ
582 2252 734 2288 πρόδρομος
749 2252 820 2287 ὑπὲρ
833 2252 911 2287 ἡμῶν
924 2253 963 2284 εἰς

180 2300 215 2326 τὰ
229 2300 306 2333 Ξιγια,
323 2300 336 2326 ό
354 2300 432 2334 μόνος
447 2299 520 2333 ἄγων
534 2300 573 2330 εἰς
589 2298 635 2325 τὸν
647 2299 767 2333 Πατέρα,
782 2299 795 2324 ὁ
813 2299 893 2333 μόνος
907 2298 962 2325 τῶν

179 2346 274 2381 ψυχῶν
287 2346 371 2378 ἣλιος,
387 2345 434 2372 νῦν
450 2345 498 2380 μὲν
513 2344 584 2372 οὕτω
605 2345 770 2379 φαινόμενος
787 2344 834 2371 καὶ
850 2346 962 2380 μετεχό-

181 2401 272 2426 μενος,
287 2391 323 2422 ὡς
332 2391 464 2426 ἠθέλησεν
478 2391 568 2425 αὐτὸς,
581 2392 635 2421 τοῖς
645 2390 765 2425 δεσμίοις
780 2391 828 2426 τῆς
844 2391 944 2426 σαρκός
954 2399 961 2406 ·

179 2439 241 2464 τότε
266 2438 293 2464 δὲ
319 2438 503 2473 όφθησόμενος
529 2438 576 2465 καὶ
601 2437 875 2474 μεταληφοησόμενος
898 2437 963 2465 ἄνευ

180 2483 439 2518 παραπετασμάτων
450 2491 457 2498 ⁶
472 2484 516 2510 ὅτε
532 2483 653 2518 ὀψόμεθα
665 2483 756 2514 αὐτὸν,
777 2483 853 2516 φησι,
870 2482 961 2514 καθώς

178 2531 253 2555 ἐστιν
269 2537 275 2544 ·
291 2529 336 2555 ὅτε
351 2529 388 2560 ὡς
403 2529 503 2564 πτῶμα
526 2528 689 2562 συγκαλέσει
709 2529 771 2559 τοὺς
786 2528 880 2557 ἀετούς
892 2535 899 2543 ·
915 2527 960 2552 ὅτε

179 2573 362 2608 περιζώσεται
386 2575 433 2600 καὶ
454 2574 594 2601 ἀνακλινεῖ
617 2574 726 2605 αὐτοὺς.
747 2574 794 2599 καὶ
816 2572 960 2608 παρελθὼν

177 2621 336 2655 διακονήσει
360 2621 451 2652 αὐτοῖς
463 2628 470 2635 ·
485 2621 530 2647 ὅτε
551 2620 598 2646 ἐπὶ
612 2620 666 2646 τῶν
682 2620 802 2654 νεφελῶν
815 2619 959 2653 ἀστράψει,

178 2666 227 2692 καὶ
240 2665 274 2691 δι’
287 2666 377 2692 αὑτῶν
392 2665 544 2700 λὰμψουσιν
557 2665 582 2692 οἱ
601 2665 700 2691 δίκαιοι
715 2664 752 2696 ὡς
767 2665 851 2699 ἥλιος.
866 2662 960 2698 Τούτῳ

216 2762 254 2797 (l)
270 2762 352 2789 Caute
362 2762 438 2796 lege;
461 2761 561 2788 etenim
577 2760 673 2797 Grzeci,
699 2764 726 2786 et
753 2759 797 2797 hic
817 2758 958 2797 Cabasi'as

179 2795 254 2825 recte
267 2795 435 2825 scntiuntdc
450 2804 512 2824 vera
538 2801 564 2823 et
586 2796 650 2822 rcnli
673 2795 815 2829 praesentia
838 2795 960 2829 corporis

1053 2252 1115 2279 llrec
1129 2252 1201 2279 enim
1231 2255 1295 2279 sunt
1323 2252 1501 2282 intercessor,
1523 2251 1568 2285 qui
1595 2258 1644 2285 pro
1664 2251 1742 2277 nobis
1771 2251 1799 2277 in

1017 2303 1110 2325 sancta
1128 2297 1179 2324 fuit
1200 2305 1365 2332 praecursor,
1378 2298 1423 2332 qui
1440 2297 1514 2324 solus
1532 2297 1607 2323 ducit
1625 2296 1658 2323 ad
1677 2295 1797 2326 Patrem.
1836 2325 1838 2327 ς

1016 2344 1064 2379 qui
1080 2344 1155 2371 solus
1177 2344 1216 2370 sol
1229 2343 1394 2375 animarum,
1409 2343 1455 2377 qui
1473 2350 1546 2369 nunc
1560 2342 1670 2377 quidem
1687 2346 1799 2376 apparet

1016 2393 1043 2416 et
1056 2389 1245 2423 participatur,
1260 2393 1290 2415 ιιι
1312 2388 1370 2422 ipse
1395 2388 1489 2420 voluit,
1514 2388 1600 2414 velata
1617 2395 1699 2414 carne
1714 2395 1720 2413 :
1735 2391 1798 2413 tune

1016 2440 1105 2462 autem
1121 2435 1256 2462 videbitur
1265 2439 1291 2462 et
1307 2434 1511 2469 participabitur
1525 2434 1585 2461 sine
1599 2433 1675 2464 velis.
1689 2433 1797 2468 quando

1016 2480 1167 2508 videbimus
1185 2481 1272 2514 ipsum
1284 2480 1355 2508 sicut
1370 2485 1421 2512 cst,
1434 2480 1542 2514 quando
1558 2479 1591 2506 ad
1606 2479 1721 2506 cadaver
1732 2486 1798 2504 con-

1016 2526 1124 2553 vocabit
1141 2526 1259 2560 aquilas,
1277 2525 1386 2560 quando
1397 2525 1582 2557 succingetur,
1600 2529 1627 2551 et
1652 2530 1698 2550 eos
1715 2522 1796 2549 faciet

1015 2572 1197 2603 discumbere,
1214 2576 1239 2598 et
1257 2573 1391 2598 accedens
1414 2570 1666 2604 ministrabitipsis.
1686 2568 1795 2603 quando

1015 2614 1131 2649 fulgebit
1145 2615 1171 2641 in
1190 2615 1320 2648 nubibus,
1346 2619 1373 2642 et
1388 2623 1436 2650 per
1459 2622 1520 2641 eum
1550 2613 1614 2649 justi
1635 2612 1794 2646 resplende-

1015 2661 1083 2688 bunt
1100 2667 1130 2688 ut
1145 2661 1195 2688 sol.
1219 2660 1254 2688 Ut
1267 2662 1291 2689 ei
1304 2662 1453 2697 conjuncti,
1469 2666 1498 2688 ut
1517 2663 1592 2687 novit
1619 2665 1711 2686 mensa
1726 2664 1794 2685 con-

1013 2759 1119 2785 Domini
1133 2759 1158 2784 in
1191 2759 1371 2787 Eucharistia.
1398 2760 1511 2792 Forsan,
1524 2765 1590 2790 rere,
1609 2756 1734 2791 intelligit
1750 2756 1793 2784 di-

1013 2801 1064 2827 gne
1087 2798 1113 2821 et
1129 2793 1279 2822 fructuosa.
