1976 3074
197 98 252 129 463

809 99 832 128 Ν
840 100 847 127 l
854 98 962 128 COLAI
983 99 1078 128 CABA
1084 100 1179 130 SIL/E

1761 98 1816 130 ιιι

195 156 322 190 iungere,
357 155 476 189 quietem
509 158 701 188 assequuntur,
730 152 771 179 vel
789 152 893 188 aliquid
912 153 978 180 boni

1032 154 1095 185 τοὺς
1111 154 1150 189 μὴ
1165 154 1370 189 συνημμένους,
1384 154 1478 190 ὥσπερ
1494 153 1545 182 οἶδε
1560 155 1707 182 συνάπτειν
1719 155 1736 190 ἡ
1748 155 1816 189 τρά-

197 201 252 228 illic
265 201 416 236 percipiant
432 201 472 228 vel
490 208 603 235 parvum
621 199 662 226 vel
675 205 816 232 magnum,
830 198 934 232 absque
949 205 981 226 eo

195 247 254 274 fieri
267 249 378 275 omnino
397 255 451 274 non
472 251 573 282 potest.

492 290 568 318 CAP.
584 290 676 317 XLIV.

407 337 444 364 De
462 337 562 364 Christi
578 337 774 364 intercessione.

232 384 278 411 Est
292 383 362 410 enim
381 383 558 415 intercessor,
575 390 622 417 per
648 390 728 416 quem
757 381 849 408 omnia
861 385 981 408 assecuti

195 437 291 457 sumus
319 430 399 462 bona,
411 436 471 463 quae
486 436 501 455 a
524 428 579 455 Deo
599 428 678 455 nobis
693 427 754 454 data
772 432 846 459 sunt,
860 427 901 454 vel
930 434 980 460 po-

195 476 250 504 tius
264 483 372 510 semper
385 475 496 502 dantur.
511 473 571 501 Non
584 474 656 501 enim
667 481 811 508 postquam
829 473 912 500 semel
929 472 981 499 fuit

196 523 373 554 intercessor,
390 525 416 548 et
430 521 521 553 omnia
537 520 615 547 nobis
631 519 740 546 tradidit
758 527 806 553 pro
819 519 920 553 quibus
937 518 980 544 in-

195 573 367 600 terersserat,
386 566 507 598 recessit,
538 566 584 593 sed
611 573 719 600 semper
747 564 901 596 intercedit,
925 571 980 590 non

194 614 286 641 verbis
299 611 462 648 quibusdam
476 611 650 646 ctprecibus,
672 611 741 638 sicut
769 610 858 637 solent
886 610 979 644 legati,

194 661 241 688 sed
270 660 372 694 reipsa.
396 658 525 690 Quaenam
543 662 634 684 autem
650 665 681 684 ea
699 665 742 683 res
759 656 823 684 cst?
841 655 899 683 Sibi
917 663 981 683 con-

191 707 306 740 jungere
323 709 350 732 et
378 704 500 738 proprias
516 710 563 737 per
582 710 611 730 se
637 702 738 737 gratias
765 701 909 736 impertiri,
931 708 980 735 pro

194 751 412 786 uniuscujusque
428 749 560 784 dignitate
584 753 610 775 et
626 749 707 775 modo
736 746 916 783 purgationis.
947 745 980 773 Et

192 796 425 833 quemadmodum
444 796 490 822 lux
511 802 571 830 quin
585 802 631 829 per
654 801 684 821 se
705 794 792 821 visum
822 793 925 827 praebet
941 792 980 819 vi-

193 845 332 877 dentibus,
344 842 445 878 quibus
462 841 601 872 defeccrit,
615 841 648 868 iis
663 847 772 875 quoque
787 839 861 866 risus
884 837 979 866 defue-

195 892 248 918 rit:
269 891 305 917 ita
323 889 404 916 etiam
435 895 496 915 cum
525 887 634 914 Christo
665 885 892 914 consuetudinem
918 892 979 912 esse

193 940 351 972 perpetuam
365 933 465 961 animis
477 939 587 960 necesse
600 935 651 962 est.
682 931 705 958 si
726 931 783 958 sint
811 929 923 957 omnino
940 929 981 956 νὶ-

193 989 277 1011 ctura:
293 986 320 1009 et
333 981 476 1016 quieturas.
488 979 582 1013 Neque
596 978 668 1005 enim
685 977 744 1006 sine
761 977 822 1004 luce
839 981 929 1010 potest
941 975 981 1002 vi-

192 1030 255 1058 dere
268 1028 374 1060 oculus,
399 1034 489 1062 neque
502 1025 559 1053 ﬁeri
581 1028 673 1059 potest
692 1028 721 1051 ut
733 1024 793 1051 sine
806 1023 919 1050 Christo
937 1029 981 1049 ve-

192 1084 222 1103 ra
241 1075 295 1102 vita
310 1079 336 1102 et
354 1081 406 1109 pax
422 1072 488 1100 insit
504 1070 621 1103 animis;
642 1071 771 1106 quoniam
794 1070 850 1103 ipse
865 1073 908 1096 est
933 1067 980 1102 qui

193 1122 269 1149 solus
281 1121 336 1148 Deo
352 1118 523 1151 reconciliat,
544 1118 591 1152 qui
618 1124 678 1144 eam
706 1123 802 1150 pacem
831 1115 907 1146 facit,
923 1114 981 1141 sine

193 1172 246 1199 qua
263 1164 334 1191 nulla
348 1170 410 1198 spes
432 1166 483 1193 est,
505 1165 534 1188 ut
558 1160 605 1195 qui
632 1159 677 1186 Dei
696 1163 760 1186 sunt
787 1157 903 1190 inimici,
925 1157 981 1184 sint

192 1212 253 1246 ejus
266 1211 402 1237 bonorum
424 1208 583 1243 participes.
603 1205 667 1232 Sive
684 1211 748 1240 ergo
767 1204 801 1231 ab
826 1204 905 1230 initio
920 1203 981 1237 quis

192 1256 300 1283 Christo
325 1253 486 1288 coniunctus
507 1259 562 1279 non
582 1256 633 1282 est.
662 1251 720 1277 sive
737 1249 900 1283 coniunctus
927 1255 979 1275 non

193 1300 305 1332 mansit,
316 1303 358 1327 est
379 1298 507 1325 inimicus
519 1301 545 1324 et
556 1304 571 1324 a
581 1296 681 1323 divinis
689 1295 769 1323 bonis
780 1294 897 1322 alienus.
908 1293 979 1327 Quid

192 1347 313 1375 cstenim
327 1345 398 1381 quod
411 1345 536 1372 humanae
552 1348 655 1371 naturae
666 1343 751 1370 Deum
766 1341 955 1370 reconciliavit
969 1341 979 1367 τ

193 1394 309 1422 Omnino
323 1391 395 1427 quod
406 1390 544 1418 hominem
560 1389 627 1417 vidit
637 1385 737 1416 Filium
749 1396 828 1416 suum
838 1387 977 1415 dilectum.

193 1441 229 1467 Ita
241 1440 322 1467 etiam
337 1437 487 1472 unicuique
499 1435 602 1463 homini
613 1435 818 1468 reconciliatur,
831 1434 854 1462 si
864 1435 925 1469 quis
933 1441 979 1469 ge-

1033 199 1116 231 πεζα,
1127 198 1307 231 ἀναπαύσεως
1321 200 1477 234 τυγχάνειν,
1494 200 1511 234 ἥ
1526 209 1553 226 τι
1565 199 1660 226 λαϐεῖν
1672 198 1784 232 ἀγαθὸν,
1798 199 1815 233 ἢ

1034 244 1132 279 μικρὸν
1146 244 1161 279 ἢ
1178 245 1271 279 μεῖζον
1288 245 1356 278 ἐκεῖ,
1369 246 1507 276 παντελῶς
1522 246 1664 272 ἀδύνατον.

1324 292 1437 318 ΚΕΦΑΛ
1457 291 1512 319 MA’

1199 338 1269 370 Περὶ
1289 337 1344 371 τῆς
1356 338 1485 371 Χριστοῦ
1494 338 1658 372 μεσιτείας.

1067 384 1189 419 Μεσίτης
1210 385 1264 418 γάρ
1285 384 1344 410 ἐστι
1360 384 1394 410 δι’
1408 381 1438 410 οὗ
1455 384 1543 410 πάντα
1565 384 1662 418 γέγονε
1684 382 1718 409 τὰ
1742 383 1816 418 παρὰ

1032 429 1078 456 τοῦ
1094 429 1164 455 Θεοῦ
1192 428 1304 455 δοθέντα
1331 429 1397 463 ἡμῖν
1420 429 1527 462 ἀγαθά·
1547 428 1649 463 μᾶλλον
1672 428 1701 455 δὲ
1716 429 1816 455 δίδοται

1031 475 1083 502 ἀεί.
1099 475 1135 502 Οὐ
1156 475 1209 509 γὰρ
1224 474 1299 512 ἅπαξ
1318 474 1483 509 μεσιτεύσας
1497 476 1544 501 xui.
1557 474 1695 509 παραδοὺς
1707 475 1816 501 ἅπαντα

1031 521 1108 555 ἡμῖν,
1125 520 1194 554 ὑπὲρ
1208 517 1245 547 ὧν
1259 514 1446 554 ἐμεσίτευσεν,
1460 520 1617 555 ἀπηλλάγη,
1631 520 1689 546 ἀλλ’
1705 520 1748 546 ἀεὶ
1767 529 1816 555 με-

1032 566 1145 596 σιτεύει,
1162 565 1192 591 οὐ
1208 565 1297 598 λόγοις
1311 566 1367 591 τισὶ
1383 565 1429 591 καὶ
1445 566 1582 600 δεήσεσιν,
1604 565 1698 600 ὥσπερ
1712 566 1736 591 οἰ
1749 574 1815 600 πρε-

1032 612 1145 638 σὸευταὶ
1161 611 1293 643 ποιοῦσιν,
1307 611 1374 638 ἀλλὰ
1386 612 1539 646 πράγματι,
1553 611 1585 637 Τί
1596 611 1623 637 δὲ
1636 611 1666 636 τὺ
1680 612 1815 646 πρᾶγμας

1030 657 1067 683 Τὸ
1083 656 1230 683 συνάπτειν
1249 657 1337 692 ἐαυτῷ
1352 657 1400 683 καὶ
1415 657 1447 683 δι’
1462 656 1560 682 ἑαυτοῦ
1578 656 1631 682 τῶν
1645 656 1752 683 οἰκείων
1766 665 1816 691 με-

1030 702 1163 728 ταδιδόναι
1180 703 1309 737 χαρίτων,
1332 703 1402 728 κατὰ
1414 701 1463 736 τὴν
1486 702 1564 734 ἀξίαν
1580 702 1707 734 ἑκάστου,
1725 703 1772 728 καὶ
1786 702 1816 728 τὺ

1031 748 1079 782 τῆς
1096 748 1256 782 καθάρσεως
1278 747 1388 782 μέτρον.
1412 748 1467 773 Καὶ
1488 747 1615 783 καθάπερ
1641 748 1670 774 τὸ
1698 747 1754 781 φῶς
1781 747 1815 773 δι’

1032 792 1128 819 ἑαυτοῦ
1145 793 1175 819 «at
1190 794 1256 829 ὁρᾷν
1265 794 1319 824 τοῖς
1328 793 1412 828 ὁρῶσι
1424 794 1554 828 παρέχον,
1570 791 1609 824 οἷς
1622 793 1653 820 ἃν
1667 793 1815 824 ἐπιλείποι,

1032 839 1079 866 καὶ
1091 839 1120 865 τὸ
1137 840 1202 874 ὸρᾷν
1218 839 1354 865 ἐπιλείπει
1368 848 1374 854 ·
1387 840 1458 866 οὕτω
1473 843 1519 866 καὶ
1535 839 1584 874 τὴν
1603 840 1673 872 μετὰ
1687 839 1733 866 τοῦ
1750 840 1817 874 Χρι-

1032 885 1096 912 στοῦ
1112 886 1255 912 συνουσίαν
1281 886 1387 921 ἀνάγκη
1412 886 1523 921 διηνεκῆ
1540 887 1601 916 ταῖς
1616 887 1715 921 ψυχαῖς
1732 884 1815 918 εἶναι,

1031 932 1089 966 εἴγε
1110 932 1233 966 μέλλοιεν
1249 931 1298 967 ζῇν
1314 933 1381 963 ὅλως
1396 933 1443 958 καὶ
1459 932 1658 960 ἀναπαύεσθαι.
1675 932 1745 958 Οὔτε
1762 932 1815 968 γὰρ

1031 978 1115 1013 χωρὶς
1129 978 1217 1012 φωτδς
1233 978 1371 1013 ὀφθαλμὸς
1388 978 1499 1005 δύναται
1515 978 1635 1014 βλέπειν,
1649 977 1710 1004 οὔτε
1731 978 1816 1014 χωρὶς

1031 1024 1077 1050 τοῦ
1094 1024 1226 1059 Χριστοῦ,
1241 1024 1314 1059 ζωὴν
1331 1024 1459 1060 ἀληθινὴν
1477 1025 1537 1056 ταῖς
1549 1024 1659 1059 ψυχαῖς,
1677 1024 1724 1050 καὶ
1736 1024 1813 1058 εἰρή-

1030 1078 1079 1105 νην
1093 1068 1163 1097 εῐναι
1178 1071 1289 1097 δυνατόν
1301 1079 1309 1086 ·
1320 1071 1360 1096 ὅτι
1373 1071 1452 1102 αὑτός
1466 1072 1523 1097 ἐστι
1535 1069 1574 1105 τῷ
1589 1070 1649 1105 Θεῷ
1663 1070 1815 1097 καταλλάτ-

1030 1124 1085 1143 των
1101 1118 1192 1151 μόνος,
1207 1117 1221 1142 ὁ
1241 1115 1289 1151 1τὴν
1314 1116 1425 1151 εἰρήνην
1437 1117 1539 1151 ταύτην
1555 1116 1640 1143 ποιῶν
1652 1123 1659 1131 '
1672 1115 1706 1152 ἧς
1719 1116 1815 1151 χωρὶς,

1030 1161 1146 1198 ἐχθροὺς
1161 1161 1242 1193 ὄντας
1257 1161 1304 1188 τοῦ
1319 1162 1398 1196 Θεοῦ,
1411 1162 1465 1189 τῶν
1476 1162 1586 1196 ἀγαθῶν
1600 1162 1654 1189 τῶν
1668 1161 1750 1188 αὐτοῦ
1767 1171 1815 1197 με-

1030 1208 1118 1242 τέχειν
1131 1207 1265 1240 ὁπωσοῦν,
1281 1208 1395 1242 οὐδεμία
1419 1208 1493 1234 ἐστὶν
1509 1208 1595 1239 ἐλπίς.
1614 1208 1675 1234 Εἴτε
1692 1207 1739 1234 οὖν
1755 1208 1817 1235 οὐδὲ

1029 1254 1079 1289 τὴν
1100 1254 1188 1289 ἀρχὴν
1207 1253 1330 1288 συνήφθη
1344 1262 1386 1285 τις
1400 1254 1439 1289 τῷ
1454 1254 1574 1289 Χριστῷ,
1587 1254 1641 1280 εἴτε
1658 1254 1815 1287 συναφθεὶς,

1029 1300 1079 1326 οὐκ
1095 1299 1186 1335 ἔμεινε
1211 1300 1396 1338 συνημμένος,
1411 1299 1506 1335 ἐχθρός
1526 1300 1600 1327 ἐστιν
1624 1299 1675 1332 ἑτι,
1700 1299 1815 1327 καὶτῶν

1030 1345 1109 1373 θείων
1126 1345 1267 1380 ἀλλότριος
1286 1345 1407 1379 ἀγαθῶν.
1419 1345 1451 1371 Τί
1470 1345 1525 1380 γὰρ
1545 1345 1575 1372 τὺ
1593 1345 1761 1377 καταλλάξαν
1779 1345 1814 1380 τῇ

1029 1391 1109 1426 φύσει
1124 1391 1177 1418 τῶν
1197 1384 1349 1427 ἀνθρώπων
1366 1392 1412 1418 τὸν
1429 1391 1509 1424 Θεόν;
1527 1392 1638 1424 Πάντως
1653 1393 1694 1419 ὅτι
1709 1392 1815 1428 ἇιθρω-

1030 1447 1081 1465 πον
1095 1434 1150 1465 εἶδε
1174 1438 1220 1465 τὺν
1246 1438 1310 1464 Υίὸν
1327 1437 1410 1464 αὐτοῦ
1426 1437 1471 1465 τιν
1490 1438 1634 1473 ἀγαπητόν
1649 1446 1655 1453 ·
1673 1438 1744 1464 οὕτω
1769 1437 1817 1465 καὶ

192 1489 232 1513 tat
246 1485 360 1512 formant
377 1481 524 1517 UnigenitiI
542 1486 570 1509 et
582 1481 655 1508 illius
671 1481 740 1508 lerat
761 1487 873 1515 corpus,
891 1485 918 1507 et
931 1487 978 1513 ap-

1032 1485 1139 1520 ὲκάστῳ
1155 1484 1298 1511 σπένδεται
1311 1483 1366 1511 τῶν
1380 1483 1541 1520 ἀνθρώπων,
1556 1484 1583 1510 εἰ
1593 1493 1633 1515 τις
1646 1484 1695 1518 τὴν
1708 1484 1815 1520 μορφὴν

191 1535 285 1566 pareat
297 1537 367 1557 unus
379 1536 442 1556 cum
456 1535 488 1555 eo
500 1527 623 1562 spiritus.
642 1527 707 1554 Sine
723 1526 764 1554 his
778 1531 867 1553 autem
893 1533 979 1553 unus-

190 1577 308 1612 quisque
322 1575 379 1609 ipse
391 1581 438 1610 per
451 1580 480 1601 se
493 1577 535 1600 est
548 1572 630 1600 homo
644 1576 732 1604 vetus,
750 1571 796 1606 qui
808 1571 864 1598 Deo
877 1576 919 1599 est
935 1571 978 1598 in-

189 1622 276 1653 visus,
287 1621 408 1656 quicum
419 1625 453 1646 eo
465 1617 533 1645 nihil
544 1616 625 1644 habet
635 1623 789 1644 commune.
805 1617 834 1644 Si
845 1624 909 1651 ergo
920 1624 980 1645 cre-

189 1668 308 1695 dendum
334 1669 376 1693 est
390 1664 489 1692 animis
504 1663 627 1697 requiem
647 1662 793 1697 procedere
808 1670 843 1690 ex
857 1663 979 1691 oratione

190 1713 362 1742 sacerdotum
377 1715 405 1738 et
422 1709 558 1737 oblatione
571 1716 710 1737 sacrorum
729 1709 872 1741 donorum.
899 1715 978 1738 antea

191 1757 356 1786 credendum
373 1761 415 1784 est
431 1756 481 1782 hoc
494 1761 603 1788 quoque
613 1761 644 1781 eo
662 1753 742 1781 modo
758 1753 828 1786 ﬂeri,
840 1762 894 1790 quo
923 1756 982 1783 solo

192 1805 249 1832 lieri
263 1807 351 1839 potest
365 1806 395 1829 ut
407 1802 490 1829 homo
500 1801 633 1835 quiescat.
646 1799 712 1832 Quis
723 1799 856 1827 sitautem
870 1801 978 1835 modus,

191 1851 293 1878 dictum
307 1856 348 1877 est
359 1869 367 1882 ,
382 1855 415 1876 eo
431 1847 535 1875 Scilicet
552 1846 623 1881 quod
651 1846 704 1873 Deo
721 1850 787 1873 sunt
811 1847 980 1875 reconciliati

190 1903 218 1925 et
232 1905 286 1924 non
299 1900 363 1923 sunt
378 1894 493 1922 inimici.
519 1892 575 1920 lloc
591 1898 680 1920 autem
711 1894 871 1928 quomodo?
900 1894 977 1928 Quod

190 1949 256 1972 sunt
267 1941 476 1977 eontemperati,
488 1946 514 1968 et
529 1947 598 1967 unus
621 1939 686 1966 lacti
705 1945 768 1968 sunt
783 1940 896 1975 spiritus
914 1949 975 1968 cum

190 1991 300 2022 dilecto,
319 1990 345 2016 in
362 1996 417 2024 quo
433 1987 492 2014 solo
507 1986 586 2014 Pater
603 1985 776 2020 complacuit.
795 1987 847 2013 Sed
865 1987 918 2014 hoc
934 1991 977 2015 est

190 2042 277 2062 sacra:
294 2041 392 2062 mensa:
405 2040 483 2067 OpllS,
508 2031 578 2066 quod
608 2038 754 2058 commune
772 2037 913 2059 ostensum
935 2036 977 2060 est

193 2089 239 2115 per
256 2087 287 2107 ea
302 2087 362 2114 qua:
380 2078 452 2105 dicta
468 2081 531 2104 sunt
548 2075 618 2103 vivis
628 2076 755 2104 similiter
771 2081 798 2104 et
812 2078 939 2105 mortuis.

193 2129 267 2164 ἱερᾶς

192 2179 263 2205 xeat.

495 2229 571 2257 CAP.
589 2228 667 2256 XLV.

193 2278 268 2311 Quod
287 2278 318 2304 iis
332 2277 375 2312 qui
397 2276 559 2303 dormierunt
588 2276 728 2310 perfectior
741 2276 775 2303 sit
789 2276 975 2310 sanctiﬁcatio.

229 2367 312 2393 Nudae
327 2371 416 2392 autent
452 2364 615 2398 corporibus
649 2365 748 2391 animae
775 2364 837 2399 plus
877 2362 978 2389 habent

193 2412 327 2439 commodi
345 2411 377 2438 ad
406 2404 662 2441 sanetitiea‘tiouem,
690 2417 772 2444 quam
798 2417 837 2437 ea:
852 2416 913 2443 qua:
938 2408 978 2434 vi-

193 2463 258 2485 vunt
276 2457 302 2484 in
317 2456 486 2491 corporibus.
502 2456 656 2489 l’urgantur
672 2454 744 2481 enim
761 2459 788 2481 et
802 2459 974 2488 peccatorum

193 2503 383 2532 remissionem
413 2501 550 2535 accipiunt
579 2507 626 2534 per
648 2500 786 2526 arationes
825 2499 977 2527 sacerdotis

193 2557 220 2578 et
235 2551 369 2577 donorum
397 2547 633 2577 intercessionem,
658 2545 726 2572 nihil
749 2546 859 2573 ominus
893 2552 976 2580 quam

193 2603 288 2625 eorum
305 2594 352 2630 qui
375 2593 478 2620 vivunt.
501 2591 554 2618 Sed
573 2599 626 2618 non
649 2597 763 2626 peccant
779 2591 907 2626 amplius,
926 2598 978 2618 nec

193 2650 262 2671 nova
284 2639 424 2668 teteribus
453 2638 568 2665 crimlna
595 2637 740 2670 adjiciunt,
769 2641 798 2663 ut
823 2636 929 2663 iaciunt
948 2642 978 2664 ut

191 2689 339 2724 plurimmn
358 2684 507 2713 viventium
524 2683 639 2715 animae,
656 2683 702 2710 sed
722 2682 911 2709 tantummodo
936 2683 976 2709 vel

192 2734 261 2762 nulli
281 2736 344 2761 sunt
361 2730 460 2758 rationi
481 2728 627 2756 reddendae
641 2728 775 2760 obnmiw,
804 2729 844 2755 vel
870 2736 978 2763 semper

194 2779 289 2813 utique
314 2778 346 2804 de
363 2775 528 2803 criminibus
554 2773 725 2804 detrahunt;
756 2779 782 2800 et
807 2774 843 2800 ila
864 2773 897 2800 ad
914 2773 977 2800 Ser-

193 2823 296 2852 vatoris
310 2821 547 2857 participationem
570 2819 722 2854 promptius
734 2824 760 2846 et
778 2818 875 2846 melius
890 2826 918 2847 se
930 2819 977 2845 lia-

1030 1529 1139 1565 κομίζει
1154 1530 1200 1556 τοῦ
1219 1529 1399 1564 Μονογενοῦς,
1411 1529 1457 1556 καὶ
1470 1528 1500 1555 τὸ
1511 1529 1617 1556 ἐκείνου
1633 1530 1712 1564 (εορεί
1723 1529 1814 1563 σῶμα,

1030 1576 1077 1602 καὶ
1088 1575 1116 1602 ἓν
1128 1575 1238 1610 πνεῦμα
1252 1575 1310 1610 μετ’
1320 1574 1403 1602 αὑτοῦ
1415 1575 1551 1608 φαίνεται.
1561 1574 1671 1614 Τούτων
1680 1575 1707 1601 δὲ
1719 1575 1815 1609 χωρὶς,

1030 1621 1146 1653 ἕκαστος
1170 1621 1250 1652 αὐτὸς
1264 1621 1306 1656 ἐφ’
1323 1621 1419 1648 ἑαυτοῦ
1448 1622 1462 1647 ὁ
1482 1620 1626 1655 ἄνθρωπός
1650 1621 1723 1646 ἐστιν
1734 1621 1748 1646 ὁ
1760 1628 1815 1647 πα-

1029 1666 1116 1698 λαιὸς,
1129 1667 1142 1692 ό
1157 1666 1196 1701 τῷ
1218 1666 1278 1701 Θεῷ
1295 1665 1501 1702 ἀπηχθημένος,
1517 1666 1531 1692 ὁ
1547 1667 1616 1700 πρὸς
1638 1665 1719 1692 αὑτὸν
1738 1665 1816 1692 οὐδὲν

1031 1712 1119 1738 κοινὸν
1134 1713 1214 1747 ἔχων.
1227 1712 1258 1739 Εἰ
1274 1712 1364 1738 τοίνυν
1382 1711 1435 1747 χρὴ
1451 1710 1590 1737 πιστεύειν
1612 1710 1734 1745 γίνεσθαί
1755 1719 1818 1737 τινα

1032 1759 1091 1790 ταῖς
1114 1757 1214 1792 ψυχαῖς
1235 1758 1390 1785 ἀνάπαυσιν
1403 1758 1458 1785 ἀπὸ
1470 1759 1519 1793 τῆς
1533 1758 1616 1793 εὐχῆς
1634 1758 1697 1784 τῶν.
1710 1758 1815 1794 ἱερέων,

1031 1804 1079 1830 καὶ
1093 1804 1142 1838 τῆς
1160 1804 1345 1839 προσαγωγῆς
1362 1804 1416 1831 τῶν
1440 1805 1520 1840 ἱερῶν
1535 1804 1641 1840 δώρων,
1658 1804 1818 1831 πιστευτέον

1030 1848 1083 1884 πρὸ
1097 1848 1203 1882 τούτου,
1218 1849 1265 1876 καὶ
1279 1849 1351 1876 κατὰ
1365 1849 1460 1876 τοῦτον
1476 1851 1542 1877 αὑτό
1554 1850 1678 1884 γίνεσθαι
1693 1850 1738 1877 τὸν
1750 1851 1816 1886 τρό-

1030 1903 1092 1927 πον,
1110 1894 1171 1921 καθ¹
1186 1895 1214 1921 ὃν
1231 1895 1312 1930 μόνον
1330 1895 1473 1931 ἄνθρωπον
1490 1896 1678 1923 ἀναπαύεσθαι
1691 1897 1816 1924 δυνατόν.

1030 1940 1077 1971 Τίς
1090 1940 1118 1966 δὲ
1132 1941 1145 1966 ὁ
1164 1940 1264 1974 τρόπος
1278 1941 1397 1976 εἴρηται,
1412 1941 1442 1968 τὸ
1457 1942 1616 1977 διηλλάχθαι
1628 1942 1698 1978 Θεῷ,
1714 1944 1760 1969 καὶ
1777 1943 1818 1978 μὴ

1030 1986 1145 2021 ἐχθροὺς
1160 1983 1239 2013 εἶναι.
1253 1986 1339 2013 Τοῦτο
1352 1986 1380 2014 δὲ
1396 1987 1453 2019 πῶς
1464 1995 1471 2019 ;
1484 1988 1521 2014 Τὸ
1539 1988 1727 2024 ἀνακρσθῆναι
1744 1988 1817 2023 Θεῷ,

1031 2033 1078 2059 καὶ
1093 2032 1121 2059 ἓν
1142 2032 1251 2067 πνεῦμα
1273 2033 1401 2066 γενέσθαι
1427 2034 1495 2068 μετὰ
1514 2034 1560 2060 τοῦ
1574 2034 1766 2069 ἠγαπημένον,
1787 2035 1818 2061 ὲν

1033 2075 1055 2112 ᾧ
1074 2078 1147 2113 μόνῳ
1172 2078 1325 2113 ηὐδόκησεν
1347 2079 1361 2105 ὁ
1379 2079 1491 2114 Πατήρ·
1505 2079 1572 2106 ἀλλὰ
1595 2080 1674 2106 τοῦτο
1697 2079 1748 2114 μὲν
1767 2080 1818 2114 τῆς

310 2125 452 2161 τραπέζης
493 2124 523 2150 τὸ
559 2123 651 2158 ἔργον,
691 2123 705 2150 ὃ
726 2123 817 2152 κοινὸν
846 2125 953 2161 ἐδείχθη
986 2125 1029 2153 διὰ
1058 2126 1112 2153 τῶν
1144 2125 1307 2162 εἰρημένων,
1337 2127 1385 2154 καὶ
1417 2126 1501 2159 ζῶσιν
1526 2128 1627 2162 ὁμοίως
1656 2130 1702 2156 καὶ
1721 2129 1819 2165 τεθνη-

1309 2232 1332 2258 Κ
1337 2231 1421 2258 ΕΦΔΛ
1425 2251 1433 2259 .
1455 2233 1482 2258 Μ
1487 2233 1524 2260 E’.

1029 2278 1094 2305 "Ott
1118 2277 1299 2311 τελειότερος
1322 2277 1389 2339 τοῖςὶ
1398 2277 1625 2314 κεκοιμημένοις
1639 2280 1656 2306 ὁ
1669 2281 1820 2315 ἁγιασμὸς

1360 2321 1379 2339 ν
1390 2321 1482 2339 νεται.

1360 2321 1482 2347 γίνεται.

1067 2359 1179 2393 Ἔχουσι
1195 2359 1224 2385 δέ
1239 2367 1265 2384 τι
1290 2358 1370 2385 πλέον
1385 2359 1425 2390 εἰς
1442 2359 1581 2393 ἁγιασμὸν
1595 2359 1649 2386 τῶν
1665 2361 1693 2386 ὲν
1708 2360 1818 2395 σώματι

1030 2405 1150 2438 ζώντων,
1162 2408 1190 2433 αἱ
1206 2407 1308 2442 γυμναὶ
1322 2408 1375 2433 τιῖιν
1389 2407 1524 2442 σωμάτων
1545 2407 1629 2442 ψυχαί
1640 2415 1647 2423 ·
1669 2408 1813 2443 καθαίρον-

1029 2460 1074 2477 ται
1089 2452 1137 2486 μὲν
1153 2453 1218 2486 γὰρ,
1241 2453 1288 2478 καὶ
1301 2453 1355 2478 τῶν
1373 2452 1517 2487 ἁμαρτιῶν
1531 2454 1629 2487 ἄφεσιν
1646 2453 1818 2487 λαμϐάνουσι

1029 2498 1072 2524 διὰ
1093 2499 1147 2525 τῶν
1165 2499 1253 2534 εὐχῶν
1275 2499 1330 2525 τῶν
1347 2499 1453 2533 ἱερέων,
1470 2499 1515 2525 καὶ
1531 2500 1581 2533 τῆς
1605 2500 1746 2534 μεσιτείας
1762 2501 1818 2526 τῶν

1030 2544 1135 2579 δώρων,
1149 2545 1204 2571 τῶν
1218 2545 1376 2576 ἔτιζώντων
1390 2545 1466 2571 οὐδὲν
1477 2544 1597 2573 ἔλαττον,
1613 2545 1817 2580 Ἃμαρτάνουσι

1030 2589 1058 2616 δὲ
1073 2590 1161 2623 οὐδὲν,
1174 2591 1234 2617 οὐδὲ
1248 2590 1442 2626 προστιθέασιν
1458 2591 1619 2627 ἐγκλήματα
1632 2592 1679 2618 νέα
1696 2593 1751 2622 τοῖς
1766 2602 1818 2618 πα-

1031 2635 1128 2668 λαιοῖς,
1151 2635 1244 2670 ὥσπερ
1269 2636 1298 2662 τὸ
1322 2637 1449 2663 πλεῖστον
1467 2636 1524 2671 ἔχει
1542 2636 1595 2663 τῶν
1612 2636 1733 2669 ζώντων,
1747 2636 1816 2663 ἀλλὰ

1029 2683 1109 2717 μόνον
1128 2683 1144 2717 ἢ
1163 2682 1304 2713 παντελῶς
1322 2683 1448 2716 ἀφίενται
1465 2682 1555 2717 πάσης
1576 2682 1702 2717 εὐθύνης,
1717 2683 1735 2714 ἦ
1749 2682 1817 2716 γοῦν

1026 2727 1173 2762 ἀφαιροῦσι
1189 2726 1243 2753 ’τῶν
1253 2727 1438 2763 ἐγκλημάτων
1453 2728 1496 2754 ἀει
1508 2736 1514 2743 ·
1531 2728 1577 2754 καὶ
1593 2727 1666 2754 οὕτω
1683 2728 1751 2762 πρὸς
1765 2728 1816 2763 τὴν

1029 2773 1174 2806 μετουσίαν
1191 2773 1238 2798 τοῦ
1254 2773 1381 2809 Σωτῆρος
1393 2774 1567 2809 ἑτοιμότερον
1580 2773 1674 2808 ἔχουσι
1687 2774 1734 2800 καὶ
1748 2772 1816 2800 χάλ-

1027 2818 1094 2850 λιον,
1112 2818 1142 2844 οὐ
1166 2818 1246 2853 μόνον
1272 2819 1326 2846 τῶν
1351 2819 1482 2846 πλειόνων
1501 2821 1528 2846 ὲν
1557 2818 1664 2854 σώματι
1690 2818 1813 2852 ζώντων,
