1976 3074
211 183 264 216 467

823 187 979 220 NICOLAI
999 191 1195 223 CABASIL/E

1775 199 1828 229 468

211 243 327 275 oblatio,
347 245 431 279 prima
447 245 556 281 quidem
571 247 630 281 ejus
646 249 691 282 qni
707 256 738 276 ea
761 249 831 278 dona
845 250 935 280 de'ert
957 254 985 280 in

1041 251 1160 286 αγωγῆς,
1194 252 1243 287 τῆς
1267 252 1317 287 μὲν
1334 252 1444 289 πρώτης
1471 253 1518 281 τοῦ
1534 255 1641 282 οἴκοθεν
1661 256 1730 283 αὐτὰ
1748 259 1827 292 κομί-

211 297 311 317 manus
330 290 501 318 sacerdotum
513 312 520 324 ,
537 293 658 320 secunda
681 297 771 322 autem
783 315 790 327 ,
807 296 934 325 Ecclesiae
960 299 995 326 ad

210 335 316 368 Deum;
331 336 417 370 prima
427 337 537 371 quidem
550 338 662 371 oblatio,
678 341 787 374 quando
801 346 844 369 est
856 343 995 378 improbus

210 381 257 416 qui
277 381 375 415 offert,
398 387 440 409 est
455 383 556 417 inanis,
576 389 603 411 et
624 385 693 412 nihil
714 386 822 414 confert
848 388 993 422 olferenti,

210 428 337 461 quoniam
356 428 412 463 ipse
426 433 468 456 est
483 431 580 458 malus.
594 431 653 458 Non
671 433 742 460 enim
757 441 787 460 ea
802 441 863 469 qua:
875 435 994 464 offerun-

209 480 262 506 tnr,
280 475 337 509 ipsa
356 482 402 509 per
415 483 444 503 se
460 481 524 503 sunt
543 477 597 504 Deo
623 479 790 507 exsecranda
802 480 903 514 (omnis
921 482 993 509 enim

209 520 265 552 Deo
282 526 407 548 creatura
428 522 497 549 bona
513 523 578 557 est).
607 523 733 552 Secunda
750 531 841 553 autem
857 533 918 561 qua!
933 526 962 554 ιιι
977 535 993 554 a

207 566 287 594 bonis
301 568 377 600 viris.
397 574 422 595 et
436 577 484 602 pro
501 569 546 596 Dei
564 570 651 605 gloria
672 576 699 597 et
720 577 888 605 sanctorum,
907 578 933 600 et
950 578 992 600 to-

207 614 262 640 tins
278 615 350 641 orbis
366 614 464 647 salute,
480 621 506 642 et
522 617 614 649 omni,
639 622 668 644 ut
695 618 777 645 semel
803 619 903 651 dicam,
919 618 992 650 insta

207 661 347 693 petitione,
367 661 434 688 nihil
451 667 524 689 vetat
541 663 690 697 quominus
713 664 748 691 sit
773 670 896 699 accnpta.
913 664 991 692 Nulla

207 705 280 730 enim
296 705 376 732 donis
393 705 545 740 inquinatio
561 707 643 735 allata
657 714 698 735 est
711 716 725 736 a
738 709 863 736 manibus
873 709 933 744 ejus
944 709 992 744 qui

208 752 241 778 ab
261 752 338 778 initio
353 753 460 786 obtulit,
480 754 526 781 sed
543 761 610 788 pura
627 754 776 786 manentia,
793 755 874 782 etiam
893 763 907 782 a
928 762 993 782 san-

206 798 259 824 ctis
283 798 385 831 oblata,
410 803 437 825 et
465 800 684 833 sanctiﬁcantnr,
703 805 732 827 et
757 801 930 828 sanctiﬁcant
943 808 991 829 eos

205 844 252 878 qui
279 846 421 871 accedunt.
448 845 477 872 ln
503 846 578 872 nullo
601 846 673 873 enim
700 847 815 874 rationis
837 847 990 882 expertium

205 889 386 916 animantium
407 890 447 917 vel
461 891 753 926 animatorum,potest
766 892 886 920 insidere
900 893 989 928 aliqua

205 936 308 970 peccati
327 937 445 963 macula.
460 936 607 964 Peccatum
619 938 692 964 enim
705 941 748 965 est
765 938 876 966 morbus
892 939 990 966 volun-

205 981 278 1014 tatis,
290 986 317 1009 ct
328 983 414 1010 solum
429 987 473 1011 est
484 991 579 1011 eorum
595 992 654 1019 quae
666 990 730 1012 sunt
745 986 850 1013 ratione
867 985 988 1021 praedita,

205 1032 316 1060 peccato
337 1028 484 1062 inquinari.
506 1029 561 1056 Cur
575 1038 651 1064 ergo,
669 1030 692 1057 si
716 1038 825 1065 semper
839 1039 906 1066 pura
921 1035 986 1058 sunt

205 1074 275 1100 dona
290 1081 350 1107 qua:
365 1082 381 1101 a
397 1075 477 1102 malis
492 1075 655 1108 olferuntur,
682 1083 713 1104 ea
734 1077 775 1103 lex
793 1077 920 1104 Ecclesia:
936 1085 988 1104 non

206 1120 343 1154 suscipit?
366 1121 402 1148 Ut
422 1129 468 1148 eos
485 1121 530 1156 qui
560 1122 687 1154 offerunt,
712 1122 868 1154 admoneat,
892 1127 922 1150 ut
944 1130 990 1150 co-

205 1170 341 1199 gnoscant
361 1167 511 1194 maximam
535 1166 582 1194 Dei
598 1167 665 1194 iram
683 1175 765 1202 quam
788 1168 845 1203 ipse
859 1169 988 1200 ostendit,

206 1211 252 1245 qui
270 1212 353 1239 etiam
372 1218 514 1240 creaturas
530 1221 594 1240 suas
614 1214 713 1248 quibus
736 1221 790 1240 non
811 1214 890 1241 habet
915 1215 988 1247 quod

205 1258 353 1293 quidquam
371 1259 494 1294 corporis
513 1260 636 1295 obiiciat,
653 1265 764 1295 propter
787 1261 859 1296 ipsos
880 1269 989 1289 aversa-

205 1309 249 1331 tur
270 1310 297 1332 et
315 1306 396 1332 habet
416 1306 502 1333 odio:
520 1311 546 1333 et
572 1315 633 1334 cum
658 1308 715 1334 haec
739 1307 934 1337 intellexitrint.
952 1308 985 1335 ti-

205 1356 308 1383 meant,
322 1355 348 1378 et
361 1352 442 1379 vitam
457 1353 593 1387 corrigunt
604 1362 611 1385 ;
623 1352 680 1387 ipsa
696 1358 785 1381 autem
805 1355 875 1381 dona
887 1354 989 1382 nullius

205 1397 264 1423 vitii
279 1397 453 1424 condemnat.
473 1397 619 1431 Propterea
639 1399 705 1426 nihil
732 1399 859 1434 prohibet
880 1400 986 1434 quomi-

206 1451 258 1471 nus
273 1451 303 1472 ea
327 1445 382 1472 sint
397 1449 507 1480 accepta
526 1450 553 1472 et
575 1446 794 1478 sanctiﬂcenttlr,
811 1454 873 1474 enm
889 1454 989 1474 secun-

204 1491 265 1516 dant
281 1490 446 1518 oblationem
463 1491 563 1518 faciant
580 1492 642 1519 boni
660 1492 720 1519 viri.
732 1492 785 1520 Sed
800 1493 900 1521 dixerit
914 1493 990 1528 quis-

204 1536 276 1569 piam
294 1545 300 1562 :
318 1536 399 1570 Atqui
428 1544 482 1564 non
504 1544 600 1564 omnes
626 1538 671 1572 qui
696 1538 829 1570 oderunt,
847 1543 917 1573 ,snnt
939 1539 988 1566 viri

1047 296 1137 328 ζοντος
1152 298 1192 328 εἰς
1204 298 1254 329 τὰς
1278 298 1331 324 τῶν
1347 299 1441 334 ἱερέων
1462 301 1557 336 χεῖρας
1569 309 1575 317 ·
1592 301 1641 336 τῆς
1656 301 1684 328 δὲ
1699 303 1826 338 δευτέρας

1046 341 1096 374 τῆς
1118 342 1280 377 Ἐκκλησίας
1295 344 1364 380 πρὸς
1379 345 1424 372 τὸν
1438 345 1521 372 Θεόν⁹
1534 347 1551 381 ἡ
1564 347 1613 382 μὲν
1629 347 1726 383 πρώτη
1740 357 1826 383 προσ·

1045 388 1154 422 αγωγὴ,
1183 389 1247 415 ὅταν
1265 389 1383 425 πονηρὸς
1409 391 1423 417 ὁ
1448 392 1595 426 προσάγων
1613 391 1641 430 ᾗ,
1654 394 1765 428 ματαία,
1780 395 1828 422 καὶ

1044 432 1120 458 οὐδὲν
1135 433 1221 468 αὐτῆς
1234 434 1329 469 ὄφελος
1345 435 1384 470 τῷ
1401 437 1594 471 προσφέροντι,
1609 438 1654 465 διὰ
1666 439 1698 464 τὸ
1709 439 1827 473 πονηρὸν

1044 478 1127 505 αὐτὸν
1151 477 1221 505 εἶναι
1234 487 1242 494 ·
1270 480 1300 507 οὐ
1317 481 1371 516 γὰρ
1387 481 1419 517 δὴ
1445 483 1480 508 τὰ
1496 484 1693 518 προσαγόμενα
1709 485 1778 513 αὐτὰ
1792 486 1826 511 δι’

1045 522 1129 551 ἑαυτὰ
1145 524 1219 558 παρὰ
1235 524 1272 559 τῷ
1285 525 1343 560 Θεῷ
1361 525 1493 560 βδελυκτά
1516 528 1568 562 (ὅτι
1586 529 1640 555 πᾶν
1659 529 1760 563 κτίσμα
1777 529 1825 556 τοῦ

1044 568 1111 595 Θεοῦ
1129 569 1233 603 καλόν)’
1249 571 1299 605 τὴν
1317 571 1345 597 δὲ
1360 572 1488 608 δευτέραν
1502 575 1579 609 παρὰ
1594 575 1705 609 ἀγαθῶν
1721 576 1826 610 ἀνδρῶν

1044 614 1201 649 γινομένην,
1219 616 1266 642 καὶ
1281 616 1353 652 ὑπὲρ
1372 618 1423 652 τῆς
1448 619 1496 645 τοῦ
1512 619 1580 646 Θεοῦ
1604 620 1694 655 δόξης,
1708 621 1755 648 καὶ
1771 621 1827 648 τῶν

1043 659 1139 692 ἁγίων,
1157 661 1203 687 καὶ
1216 661 1265 694 τῆς
1283 663 1419 698 σωτηρίας
1439 664 1488 698 τῆς
1502 665 1698 700 οἰκουμενικῆς
1713 667 1760 692 καὶ
1772 666 1826 692 πά-

1044 714 1093 741 σης
1109 706 1201 737 ἁπλῶς
1213 706 1320 739 δικαίας
1335 709 1478 744 αἰτήσεως,
1494 710 1570 737 οὐδὲν
1580 711 1680 738 κωλύει
1703 712 1822 747 εὐπρόσ-

1042 753 1136 779 δεκτον
1150 751 1247 785 ξεῖναι.
1263 754 1301 781 Οὐ
1335 755 1389 790 γὰρ
1406 756 1515 790 ἐνετέθη
1538 765 1580 788 τις
1606 757 1745 792 μολυσμδς
1769 760 1825 788 τοῖς

1043 797 1139 834 δώροις
1155 799 1208 826 ἀπὸ
1222 799 1276 826 τῶν
1294 800 1394 835 χειρῶν
1408 801 1456 827 τοῦ
1473 802 1502 834 ἐξ
1518 801 1607 837 ἀρχῆς
1631 803 1700 829 αὐτὰ
1723 812 1826 838 προσε-

1042 844 1197 878 νεγκόντος,
1211 845 1277 872 ἀλλὰ
1294 846 1403 881 καθαρὰ
1420 847 1547 881 μένοντα,
1559 848 1606 874 καὶ
1627 848 1677 874 om
1696 848 1826 883 καθαρῶν

1042 890 1247 926 ἀναφερόμενα,
1272 891 1320 917 καὶ
1344 891 1513 924 ἁγιάζονται,
1530 893 1575 918 καὶ
1591 893 1735 927 ἁγιάζουσι
1761 894 1824 925 τοὺς

1042 938 1293 972 προσερχομένους.
1316 938 1360 964 Ἐν
1375 938 1464 965 οὐδενὶ
1486 939 1541 972 γὰρ
1555 938 1610 964 τῶν
1623 939 1728 973 ἀλόγων
1741 939 1757 973 ἢ
1771 939 1826 966 τῶν

1040 982 1154 1018 ἀψύχων
1169 983 1294 1018 ῥυπαρία
1306 992 1348 1014 τις
1367 984 1418 1019 τῆς
1437 983 1575 1019 ἁμαρτίας
1591 985 1733 1019 ἐντεθῆναι
1746 985 1825 1011 δύνα-

1039 1036 1086 1054 ται
1097 1035 1104 1043 ·
1120 1028 1160 1054 ὅτι
1183 1029 1201 1064 ἡ
1222 1029 1346 1064 ἁμαρτία
1362 1028 1550 1064 προαιρέσεώς
1565 1030 1624 1055 ἐστι
1640 1029 1756 1064 νόσημα,
1777 1030 1825 1056 καὶ

1041 1073 1130 1109 μόνων
1146 1074 1179 1101 ἂν
1202 1075 1245 1109 εἴη
1267 1065 1457 1107 τῶνίλογικῶν
1482 1075 1512 1102 τδ
1536 1075 1589 1102 ἀπὸ
1609 1075 1660 1110 τῆς
1682 1075 1825 1110 ἁμαρτίας

1041 1119 1216 1154 μολύνεσθαι.
1229 1121 1262 1147 Ti
1274 1121 1320 1148 οὖν
1334 1141 1341 1153 ,
1358 1122 1382 1147 εἱ
1397 1121 1440 1148 ἀεὶ
1453 1121 1563 1157 καθαρὰ
1574 1122 1606 1148 τὰ
1616 1121 1689 1156 δῶρα
1702 1122 1736 1148 τὰ
1749 1123 1824 1157 παρὰ

1038 1165 1093 1192 τῶν
1109 1166 1458 1202 πονηρῶνπροσαγόμενα,
1472 1168 1486 1194 6
1497 1168 1580 1202 νόμος
1595 1168 1643 1203 τῆς
1659 1167 1822 1202 Ἐκκλησίας

1039 1212 1070 1238 οὗ
1092 1212 1296 1247 παραδέχεται;
1319 1213 1377 1239 Ἵνα
1402 1213 1465 1244 τοὺς
1488 1214 1678 1249 προσάγοντας
1695 1214 1824 1249 ἑντρέψῃ,

1040 1258 1085 1285 ἵνα
1099 1258 1205 1292 μάθωσι
1221 1259 1270 1293 τῆς
1286 1259 1333 1285 τοῦ
1347 1258 1414 1285 θεοῦ
1431 1259 1526 1294 ὀργῆς,
1543 1260 1576 1295 ἢν
1595 1259 1686 1292 αὐτοῖς
1697 1261 1822 1295 ἐμήνισε,

1039 1304 1090 1340 τὴν
1107 1304 1271 1339 ὐπερὸολὴν,
1287 1304 1315 1336 ὃς
1330 1304 1378 1330 καὶ¹
1392 1304 1426 1330 τὰ
1441 1305 1523 1331 αὑτοῦ
1539 1305 1676 1339 κτίσματα
1692 1303 1731 1336 οἷς
1745 1305 1822 1331 οὐδὲν

1039 1349 1165 1382 ἐγκαλεῖν
1178 1349 1246 1384 ἔχει,
1263 1349 1483 1383 ἀποστρέφεται,
1501 1349 1549 1375 καὶ
1566 1350 1642 1384 μισεῖ
1653 1357 1659 1364 ’
1674 1349 1721 1375 καὶ
1734 1350 1821 1375 ταῦτα

1040 1395 1181 1429 μαθόντες,
1208 1395 1348 1430 φοϐηθῶσι
1373 1395 1419 1422 καὶ
1438 1395 1637 1430 διορθὼσωνται
1664 1395 1710 1422 τὸν
1740 1395 1797 1430 βίον
1813 1403 1820 1410 ⁸

1039 1442 1130 1468 αὐτῶν
1142 1441 1170 1468 δὲ
1182 1441 1237 1468 τῶν
1248 1441 1342 1476 δώρων
1352 1441 1484 1476 οὐδεμίαν
1493 1441 1695 1476 καταγινώσκει
1709 1443 1819 1469 κακίαν.

1039 1489 1089 1516 Διὰ
1103 1489 1183 1516 τοῦτο
1209 1489 1286 1515 οὐδὲν
1310 1489 1410 1516 κωλύει
1425 1489 1507 1517 δεκτὰ
1524 1489 1647 1523 γενεσοαι
1671 1489 1758 1516 ταῦτα
1774 1491 1822 1516 καὶ

1039 1535 1200 1569 ἁγιάζεσθαι
1217 1535 1267 1569 τὴν
1285 1534 1416 1568 δευτέραν
1442 1536 1627 1570 προσαγωγὴν
1650 1536 1822 1569 ποιουμένων

205 1582 277 1611 boni.
299 1581 346 1609 sed
371 1581 494 1609 nonnulli
518 1582 600 1610 etiam
623 1583 750 1610 laborant
775 1588 899 1611 extremo
929 1585 985 1612 vitii

1041 1581 1142 1615 ἀνδρῶν
1154 1580 1274 1614 ἀγαθῶν.
1296 1581 1365 1608 Ἀλλ’
1378 1581 1451 1607 εἴποι
1462 1589 1503 1612 τις
1518 1580 1561 1614 ἂν,
1574 1581 1698 1617 Καὶιμὴν
1709 1582 1741 1608 οὐ
1756 1583 1821 1608 πανι

205 1627 302 1654 morbo
317 1636 323 1652 :
342 1627 412 1654 unde
427 1627 459 1654 ad
477 1628 600 1654 eamdem
617 1628 815 1655 dubitationem
837 1634 928 1656 nostra
945 1637 987 1656 re-

205 1672 244 1698 tlit
260 1672 358 1699 oratio.
381 1673 497 1705 Quando
517 1673 589 1700 enim
616 1677 746 1707 utrosque
771 1674 909 1701 oblatores
936 1674 990 1702 Deo

205 1727 265 1746 esse
287 1719 391 1746 invisos
411 1719 553 1755 contigerit
571 1718 715 1754 (contingit
734 1720 832 1754 enim),
852 1721 988 1748 undenam

204 1765 285 1792 donis
300 1765 411 1792 accedet
427 1770 454 1792 ιιι
471 1765 524 1792 Deo
539 1769 614 1800 grata
632 1766 687 1792 sint
703 1770 729 1792 ct
743 1770 870 1800 accepta,
885 1771 910 1794 et
928 1775 990 1794 sun

205 1816 246 1838 t-ta
261 1816 287 1838 et
306 1811 520 1838 sanctiﬁcantia?
540 1811 700 1846 Nusquam;
724 1812 769 1839 sed
792 1817 856 1840 tunc
880 1813 988 1847 quidem

205 1865 268 1884 vere
290 1861 399 1892 accepta
423 1866 475 1884 non
502 1863 576 1885 sunt.
600 1857 672 1885 Sunt
698 1862 789 1885 autem
816 1859 917 1889 dubia.
955 1867 988 1886 eo

204 1904 277 1938 quod
299 1905 332 1931 de
355 1905 479 1931 moribus
502 1911 595 1931 eorum
622 1904 668 1938 qui
693 1904 810 1932 (dfernnt
832 1910 858 1932 ct
885 1906 990 1932 sacr‘di-

204 1955 278 1982 cant,
300 1950 450 1977 dubitatur.
471 1959 480 1975 ι
500 1950 585 1978 Nemo
600 1950 688 1982 enim,
705 1951 803 1985 inquit,
818 1956 893 1978 certo
915 1951 990 1978 novit

204 2003 265 2030 quae
287 1999 350 2022 sunt
375 1995 505 2026 hominis,
520 1995 572 2022 nisi
588 1995 701 2029 spiritus
715 1995 761 2030 qui
778 2000 818 2022 est
834 1996 861 2021 in
883 1996 958 2029 ipSo;
977 2004 986 2021 ›

205 2047 233 2068 et
257 2041 292 2067 ita
318 2040 402 2068 multa
423 2046 465 2068 est
483 2040 555 2068 circa
577 2048 686 2067 sacrum
710 2040 869 2074 mysterium
894 2041 988 2067 intide-

205 2087 267 2114 litas
287 2091 314 2113 et
337 2086 483 2118 dubitatio,
503 2085 640 2113 certitudo
660 2090 750 2113 autem
781 2094 934 2120 nusquam,
962 2092 989 2114 et

205 2136 365 2160 sanctorum
381 2131 553 2166 partieipatio
566 2131 634 2158 nihil
654 2132 776 2166 proderit
793 2131 925 2161 ﬁdelibus.
942 2132 987 2166 qui

206 2179 265 2206 sine
287 2179 338 2206 fide
360 2178 531 2212 participant.
554 2179 617 2204 Haec
639 2177 738 2204 dixerit
761 2181 788 2204 et
812 2177 987 2209 dubitarent,

205 2225 228 2251 si
250 2225 313 2259 quis
335 2229 411 2258 putat
435 2224 523 2258 ipsum
554 2223 725 2250 sacerdotem
760 2230 820 2251 esse
845 2223 986 2250 dominum

206 2272 302 2298 horum
326 2271 459 2298 donorum
493 2267 660 2301 oblationis,
687 2269 734 2297 sed
766 2277 819 2297 non
852 2274 903 2297 est.
934 2270 986 2296 Sed
1004 2289 1026 2317 υ

205 2317 278 2352 quod
301 2325 394 2344 eorum
421 2316 531 2350 quidem
560 2316 724 2343 oblationem
754 2315 862 2350 proprie
887 2315 986 2348 ellicit,

205 2369 246 2390 est
271 2363 357 2397 gratia
379 2361 565 2388 sanctilicans.
604 2362 661 2388 Hoc
693 2362 766 2388 cnim
797 2366 837 2388 est
866 2361 987 2388 oblatum

205 2418 277 2439 esse,
300 2416 360 2434 esse
382 2407 592 2435 sanctiﬁcatum.
616 2407 667 2440 Qui
690 2412 781 2434 autem
797 2408 921 2442 quotidie
943 2415 985 2434 tta-

205 2455 320 2485 t‘ril‘tcat,
346 2458 388 2481 est
413 2453 487 2480 illius
511 2453 646 2481 minister.
665 2453 738 2480 Nihil
758 2454 829 2481 enim
849 2454 931 2482 domo
949 2453 989 2481 af-

205 2499 269 2529 fert.
294 2506 382 2533 neque
398 2498 499 2533 aliquid
514 2498 595 2525 audet
617 2498 708 2526 facere
729 2499 769 2526 vel
785 2499 877 2526 dicere
893 2507 926 2526 ex
939 2507 988 2527 suo

204 2545 307 2579 judicio
330 2544 371 2571 vel
395 2545 510 2576 ratione,
533 2544 579 2571 Sed
595 2545 638 2571 illa
659 2544 748 2571 solum
769 2553 829 2579 qure
850 2545 925 2573 illinc
940 2553 988 2572 ac-

206 2592 289 2626 cepit,
310 2592 368 2618 sive
394 2599 437 2619 res
459 2595 511 2623 est,
535 2591 592 2618 sive
614 2599 717 2624 sermo,
740 2591 798 2619 sive
817 2592 929 2624 factum,
955 2600 988 2619 eo

206 2646 260 2672 quo
273 2639 368 2673 jussus
384 2642 425 2665 est
441 2638 522 2665 modo
537 2637 663 2669 oﬂercns,
688 2638 741 2665 Deo
764 2638 853 2665 reddit
872 2646 880 2671 -,
901 2645 927 2665 et
951 2638 987 2665 ila

206 2687 289 2717 dona,
313 2693 373 2719 qua;
389 2690 470 2720 prout
486 2685 510 2711 ei
527 2685 625 2719 placet.
652 2684 706 2711 Deo
728 2692 835 2719 semper
850 2686 969 2712 offerunt
980 2705 986 2716 ,

207 2739 318 2759 necesse
340 2737 381 2758 est
409 2739 518 2766 semper
540 2731 565 2757 ei
594 2738 655 2758 esse
683 2736 802 2765 accepta.
835 2731 904 2764 Quid
930 2736 986 2758 tum

206 2777 292 2808 enim,
317 2777 338 2804 si
362 2777 385 2804 is
407 2778 453 2811 qui
474 2777 562 2808 olTert,
581 2777 607 2802 in
624 2776 658 2803 iis
675 2784 735 2810 qua:
751 2776 784 2802 at]
803 2785 832 2803 se
854 2777 989 2811 pertinent

207 2823 295 2850 malus
314 2823 374 2850 est?
390 2823 464 2850 [llius
479 2823 551 2849 cnim
576 2822 735 2856 improbitas
750 2822 831 2850 donis
856 2823 923 2850 nihil
939 2824 987 2850 ad-

206 2868 274 2901 jicit,
301 2877 389 2903 neque
415 2869 503 2897 reddit
525 2869 689 2911 oblationem
718 2870 890 2902 deteriorem,
918 2870 989 2897 sit-ut

208 2921 260 2941 nec
275 2915 500 2944 medicamentum
522 2917 640 2945 salutare
661 2926 718 2944 esse
734 2917 901 2950 prohibetur,
917 2917 989 2949 quod

1041 1636 1085 1658 τες
1098 1628 1121 1653 οἱ
1135 1627 1317 1662 προσάγοντες
1337 1627 1419 1661 ἱερεῖς
1436 1628 1545 1661 ἀγαθοὶ,
1558 1627 1615 1654 ἀλλ’
1629 1628 1696 1655 ἔνιοι
1713 1637 1759 1655 και
1771 1637 1822 1654 πτι-

1041 1674 1136 1708 νηρὶαν
1153 1673 1261 1699 νοσοῦσι
1279 1673 1327 1706 τὴν
1352 1674 1490 1708 ἐσχάτηνο
1514 1675 1577 1701 ὅθεν
1596 1675 1636 1707 εἰς
1662 1675 1712 1709 τὴν
1735 1675 1823 1706 αὐτὴν

1040 1719 1157 1754 ἀπορίαν
1173 1719 1346 1754 περίῖσταται
1362 1720 1376 1746 ὁ
1391 1719 1469 1753 λόγος
1484 1720 1559 1754 ἡμῖν.
1577 1720 1661 1747 Ὅταν
1682 1721 1736 1754 γὰρ
1753 1720 1823 1754 τύχῃ

1040 1765 1086 1791 καὶ
1103 1765 1276 1800 ἀμφοτέρους
1288 1766 1353 1796 τοὺς
1370 1765 1566 1800 προσαγωγέας
1580 1764 1649 1792 εἶναι
1662 1765 1822 1797 θεοστυγεῖς

1041 1810 1188 1846 (ἐνδέχεται
1201 1811 1265 1846 γὰρ)
1284 1810 1366 1837 πόθεν
1380 1810 1497 1844 ὑπάρξει
1511 1811 1565 1842 τοῖς
1582 1810 1681 1845 δώροις
1695 1810 1734 1844 τῷ
1751 1808 1822 1836 εἶναι

1040 1857 1099 1892 Θεῴ
1119 1857 1316 1891 κεχαρισμένα,
1336 1857 1383 1883 καὶ
1406 1857 1498 1889 δεκτὰ,
1513 1857 1560 1883 καὶ
1574 1855 1650 1890 ἅγια,
1665 1857 1719 1883 καὶ
1739 1857 1821 1890 ἁγια-

1040 1902 1133 1933 στικοὶς
1149 1893 1322 1936 Οὑδαμόθεν·
1337 1901 1405 1941 am
1429 1901 1487 1927 τότε
1505 1901 1555 1936 μὲν
1579 1900 1688 1933 ἀληθῶς
1709 1901 1821 1927 ἆδεκτα.

1046 1949 1101 1975 Ἀεὶ
1116 1948 1144 1975 δὲ
1159 1948 1308 1982 ἁμφίὸολσ,
1322 1947 1366 1974 διὰ
1388 1948 1417 1974 τέι
1442 1946 1663 1981 ἀμφιϐάλλεσθαι
1679 1947 1743 1978 τοὺς
1758 1946 1823 1982 τρό-

1040 2003 1106 2025 πους
1121 1994 1175 2020 τῶν
1202 1994 1430 2029 δωροφοροῦντων
1444 1993 1515 2020 αὐτὰ
1529 1994 1575 2019 καὶ
1591 1992 1821 2026 ἱερουργούντων.

1042 2050 1064 2066 t-
1075 2041 1167 2071 Οὐδεὶς
1184 2041 1238 2074 γὰρ
1254 2039 1369 2074 βεὸαίω;
1384 2037 1448 2072 οἶδε,
1464 2040 1541 2075 φησὶ,
1552 2039 1587 2065 τὰ
1603 2038 1650 2065 τοῦ
1664 2037 1822 2073 ἀνθρώπου,

1039 2087 1063 2112 εἰ
1078 2086 1115 2120 μὴ
1132 2085 1161 2112 τδ
1175 2086 1204 2112 ὲν
1227 2084 1302 2119 αὐτῷ
1318 2083 1444 2118 πνεῦμα·
1469 2093 1478 2110 ι
1500 2085 1547 2110 καὶ
1570 2083 1642 2110 οὕτω
1666 2083 1752 2117 πολλὴ
1772 2083 1835 2117 μὲν.

1039 2132 1103 2166 περὶ
1114 2132 1163 2166 τὴν
1188 2132 1300 2164 τελετὴν
1329 2131 1451 2163 ἀπιστία,
1480 2130 1528 2157 καὶ
1548 2129 1718 2165 ἁμφιὸολία“
1737 2129 1767 2156 τὸ
1793 2129 1822 2156 δὲ

1039 2178 1145 2213 βέϐαιον
1161 2177 1281 2211 οὐδαμοῦ
1293 2185 1300 2192 ·
1314 2177 1361 2204 καὶ
1377 2178 1392 2212 ἡ
1409 2177 1560 2210 μετάληψις
1578 2176 1632 2203 τῶν
1647 2176 1733 2210 ἁγίων
1745 2176 1823 2202 οὐδὲν

1040 2224 1137 2258 ὅξελος
1161 2222 1230 2250 οἴσει
1247 2225 1304 2254 τοῖς
1328 2224 1434 2253 πιστοῖς
1462 2222 1708 2257 μεταλαμεὰνουσι
1735 2222 1823 2256 χωρὶξ

1039 2273 1169 2302 πίστεως.
1194 2270 1286 2296 Ταῦτα
1315 2269 1388 2295 datm.
1409 2269 1455 2295 καὶ
1478 2269 1630 2303 ἀπορήσειν
1657 2267 1757 2300 ἂν,εἵη
1781 2276 1824 2298 τῖς

1039 2317 1125 2342 οἴεται
1155 2316 1201 2342 τὸν
1231 2315 1306 2350 ἱερέα
1331 2315 1412 2342 αὐτὸν
1438 2311 1510 2341 εἶναι
1528 2314 1574 2340 τὸν
1594 2314 1688 2348 κύριον
1700 2313 1750 2344 τῆς
1768 2313 1826 2341 τῶν

1040 2363 1135 2398 δώρων
1150 2362 1254 2389 τούτων
1275 2361 1477 2397 προσαγωγῆς·
1495 2362 1546 2386 οὐκ
1565 2360 1624 2386 ἐστι
1646 2360 1695 2390 δέ’
1708 2360 1777 2389 ἀλλὰ
1794 2362 1826 2388 τὸ

1042 2409 1092 2443 μὲν
1103 2408 1153 2443 τὴν
1166 2407 1351 2443 προσαγωγὴν
1375 2405 1465 2432 αὐτῶν
1479 2406 1582 2440 κυρίως
1596 2406 1791 2443 ἑργαζὸμενον,
1808 2409 1825 2442 ἡ

1040 2457 1119 2489 χάρις
1132 2455 1206 2481 ἐστὶν
1230 2455 1246 2488 ἡ
1269 2453 1430 2487 ἁγιάζουσα.
1447 2451 1534 2481 Τοῦτο
1549 2455 1603 2488 γάρ
1619 2456 1676 2481 ἐστι
1691 2463 1825 2488 προσενε-

1040 2500 1138 2536 χθῆναι
1152 2499 1232 2531 αὐτὰ,
1243 2499 1274 2525 τὺ
1294 2499 1461 2535 ἀγιασθῆναι
1475 2508 1481 2514 ·
1498 2501 1511 2526 ὁ
1525 2499 1547 2526 δ’
1567 2500 1697 2526 ἑκάστοτε
1719 2501 1826 2534 ἱερουμ

1040 2546 1108 2581 γῶν,
1133 2546 1273 2580 ὑπηρέτης
1293 2546 1366 2573 ἐστὶν
1385 2547 1502 2580 ἐκείνης.
1531 2545 1658 2580 Εἰσφέρει
1679 2547 1732 2579 γὰρ
1749 2546 1825 2571 οὐδὲν

1040 2593 1157 2626 οἴκοθεν,
1173 2592 1263 2619 οὑόἐτι
1282 2594 1369 2628 τολμᾷ
1385 2594 1471 2618 ποιεῖν
1486 2592 1502 2627 ῆ
1526 2592 1617 2625 λέγειν
1632 2591 1686 2617 ἀπὸ
1701 2591 1749 2625 τῆς
1762 2591 1825 2616 ἑαυ-

1039 2640 1088 2667 τοῦ
1104 2640 1235 2676 κρίσεως,
1250 2640 1295 2666 καὶ
1308 2639 1364 2665 τῶν
1379 2639 1518 2673 λογισμῶν
1530 2646 1536 2652 ·
1551 2638 1607 2664 ἀλλ’
1627 2638 1720 2663 ἐκεῖνα
1744 2637 1825 2671 μόνον

1041 2686 1058 2713 ἃ
1074 2685 1229 2720 παρέλαϐεν
1244 2685 1359 2717 ἐκεῖθεν,
1373 2684 1428 2710 εἴτε
1440 2683 1556 2719 πρὶγμά
1569 2685 1653 2716 ἐστιν,
1668 2684 1723 2709 ait:
1734 2683 1823 2715 λόγος,

1042 2731 1096 2757 εἴτε
1112 2731 1201 2766 ἔργον,
1218 2730 1288 2757 κατὰ
1302 2730 1347 2757 τὸν
1362 2730 1472 2765 τρόπον,
1486 2730 1515 2755 ὃν
1531 2728 1691 2763 ἐκελεύσθη,
1707 2728 1825 2761 κομίσας

1042 2778 1188 2805 ἀποδίδωσι
1205 2777 1244 2812 τῷ
1258 2777 1316 2812 Θεῷ
1331 2785 1338 2791 ·
1356 2777 1402 2803 καὶ
1415 2775 1486 2802 οὕτω
1497 2775 1532 2802 τὰ
1548 2775 1622 2810 δῶρα
1636 2775 1706 2802 κατὰ
1717 2775 1746 2800 τδ
1759 2775 1824 2808 ἀρέ-

1043 2834 1107 2851 σκον
1131 2824 1169 2859 τῷ
1191 2823 1270 2859 Θεῷ·
1287 2824 1330 2850 ἀεὶ
1354 2823 1573 2858 προσφερόμενα,
1591 2821 1698 2855 ἀνάγκη
1720 2821 1825 2855 ἀρεστὰ

1043 2871 1118 2905 αὐτῷ
1133 2871 1179 2897 καὶ
1194 2870 1238 2896 ἀεὶ
1253 2870 1337 2896 δεκτὰ
1350 2869 1431 2895 εἶναι.
1445 2868 1476 2894 Τί
1493 2869 1545 2903 γὰρ
1562 2869 1588 2894 εἰ
1599 2868 1633 2894 τὰ
1650 2867 1711 2894 καθ’
1727 2866 1825 2893 ἑαυτὸν

1045 2917 1146 2951 mihi;
1162 2917 1235 2944 ἔστιν
1250 2917 1261 2943 r3
1278 2916 1415 2950 κομίζων,
1431 2916 1468 2942 Οὐ
1484 2916 1537 2949 γὰρ
1554 2914 1730 2948 προςῖέοησιν
1749 2913 1825 2941 οὐδὲν
