1976 3074
232 160 282 194 ΓΙ

847 170 1001 201 NICOLAI
1021 171 1064 201 CA
1071 171 1154 201 BASI
1161 172 1215 202 LA!

1798 168 1850 200 ιτς

230 223 302 245 enim
319 216 377 246 haec
392 224 486 247 sancta
503 219 559 248 Deo
585 220 696 256 quidem
719 222 864 255 donantur.
895 231 943 251 eos
968 232 1001 252 au

1069 226 1102 252 τὰ
1115 226 1180 260 am
1196 226 1354 254 ἀνατίθεται
1381 226 1430 261 μὲν
1447 226 1484 262 τῷ
1500 225 1570 261 Θεῷ,
1587 225 1732 260 ἁγιάζεται
1747 225 1775 252 δὲ
1787 226 1851 256 τοὺς

231 267 286 290 tem
303 265 476 293 sanetilieant
489 266 535 300 qui
547 266 764 294 sanctilieatione
776 269 907 304 indigent,
922 277 1015 304 quam-

230 317 293 337 nam
311 310 346 337 ob
362 319 470 338 causam
487 312 568 339 etiam
583 313 639 348 jam
653 313 838 341 sanetiﬂcatos
853 319 880 342 et
891 315 965 342 omni
979 323 1012 343 ex

229 361 306 389 parte
324 355 469 399 perfectos,
491 357 540 385 hac
560 358 693 385 donorum
711 359 848 387 oblatione
864 361 914 387 coli
928 361 1013 389 credi-

232 409 247 427 ιι
260 401 314 427 ns?
330 406 354 428 et
380 403 489 436 quando
508 411 556 430 eos
574 404 676 438 aliquid
699 411 819 438 orantes,
833 406 860 433 in
883 407 1013 434 auxilium

228 448 418 475 vocaverimus
431 468 437 479 ,
455 449 552 476 horum
573 450 707 478 donorum
731 451 912 478 ministerium
936 453 1015 487 polli-

228 500 333 525 cemur,
355 498 483 528 tanquam
505 495 546 522 vel
573 495 639 529 ipsis
663 503 694 522 ea
718 496 870 528 donaturi,
894 497 936 523 vel
964 503 1014 530 pro

227 539 306 572 ipsis,
327 545 355 566 ιιι
379 540 445 567 ﬁant
464 541 609 568 meliores?
631 541 709 574 Quod
733 542 842 576 quidem
865 547 907 570 est
930 542 1012 570 etiam

227 584 297 612 alius
315 585 414 612 modus
430 586 564 612 donorum
580 586 729 613 oblationis
746 594 828 621 quam
845 587 918 621 prius
935 586 1011 619 dixi,

228 635 278 660 per
290 635 372 662 quem
386 629 442 656 haec
455 629 525 656 dona
539 630 608 656 tiunt
623 631 703 657 etiam
721 636 890 662 sanctorum,
903 632 1013 666 quando

231 674 285 700 Deo
303 679 433 709 tanquam
465 683 514 709 pro
543 676 692 710 gratiarum
720 676 826 704 actione
850 676 1011 710 oderuntur,

227 721 300 754 quod
317 720 356 748 eis
370 720 566 755 perfectionem
578 726 604 748 et
619 722 882 756 consummationem
897 722 1012 755 dederit;

228 769 291 790 sunt
309 766 382 791 enim
398 765 443 791 Dei
459 765 541 798 dona,
555 770 584 793 ut
609 773 670 801 qu;e
689 766 714 792 ei
730 766 877 794 donantur.
902 765 971 794 Sunt
985 772 1013 794 et

229 808 364 839 ﬁdelium,
380 814 474 844 utpote
490 810 525 838 iis
554 811 600 846 qui
617 811 718 838 auxilio
734 811 871 848 indigent,
885 817 915 839 ut
936 813 1013 839 auxi-

228 855 284 887 lia;
300 860 365 882 sunt
379 856 460 883 etiam
477 861 645 890 sanctorum,
661 857 733 892 quod
747 865 840 885 eorum
855 858 940 894 gratia
958 858 1012 886 Deo

228 899 377 927 donantur.
816 923 825 928 .

264 948 341 980 Quod
364 947 437 975 enim
454 955 512 975 mea
531 949 617 982 gratia
640 948 734 976 datum
753 953 804 981 est,
828 957 878 984 ego
895 951 1010 984 accipio,

229 997 386 1031 quicunque
416 997 439 1024 is
468 996 504 1024 sit
529 997 575 1032 qui
602 997 712 1032 accipit.
735 996 794 1025 Non
820 997 893 1025 enim
919 998 1011 1025 omnia

227 1051 288 1079 quae
303 1043 382 1071 nobis
401 1042 582 1078 undecunque
597 1043 747 1078 donantur,
765 1044 868 1072 nostris
885 1044 1012 1072 manibus

227 1090 387 1125 accipimus,
405 1091 451 1118 sed
464 1091 546 1118 etiam
564 1090 715 1118 amicorum
730 1095 757 1118 et
771 1090 958 1123 familiarium,
972 1095 1010 1123 et,

229 1142 259 1163 ut
284 1136 367 1164 semel
384 1137 485 1169 dicam.
511 1138 633 1164 omnium
661 1137 761 1171 quibus
778 1137 895 1164 donator
916 1137 1010 1170 donat,

228 1185 258 1207 ιιι
289 1181 369 1208 nobis
399 1188 457 1208 rem
490 1187 594 1215 gratam
624 1181 716 1218 faciat.
749 1183 897 1216 Propterea
928 1183 1010 1209 etiam

228 1224 370 1257 Dominus,
397 1226 560 1260 pauperibus
585 1226 792 1260 accipientibm,
812 1227 876 1262 quia
900 1227 946 1262 qui
971 1227 1010 1254 eis

228 1271 409 1305 suppeditant.
428 1271 486 1305 ejus
509 1271 594 1306 gratia
612 1271 663 1299 hoe
686 1271 798 1304 faciunt,
822 1271 878 1306 ipse
901 1280 930 1300 se
947 1272 1011 1299 dicit

228 1316 361 1350 accipere.
386 1315 424 1344 Ita
455 1316 536 1344 etiam
568 1317 654 1344 sancti
680 1317 738 1344 hate
762 1317 833 1344 dona
859 1317 1008 1351 accipiunt,

227 1361 299 1396 quod
313 1369 406 1389 eorum
423 1362 508 1397 gratia
535 1362 589 1390 Deo
608 1362 754 1389 donantur.
774 1362 1008 1396 Quemadmodum

225 1407 298 1434 enim
315 1411 426 1442 propter
441 1407 541 1435 Christi
568 1408 742 1436 dilectionem
762 1408 827 1435 illud
848 1408 888 1440 lit.
907 1408 944 1435 ita
958 1408 1010 1436 hoc

226 1452 308 1479 etiam
328 1457 439 1487 propter
456 1452 629 1480 dilectionem
657 1459 824 1481 sanctorum.
851 1453 920 1486 Quia
937 1454 1007 1480 enim

225 1498 303 1526 valde
320 1505 368 1526 eos
382 1498 529 1533 diligimus,
550 1499 642 1526 eadem
663 1499 733 1527 bona
753 1503 845 1527 nostra
860 1507 920 1527 esse
934 1499 1008 1526 duci~

226 1551 299 1576 mus,
317 1549 344 1572 et
359 1543 397 1572 eis
413 1545 444 1571 de
469 1544 598 1572 felicitate
622 1545 793 1580 gratulamur
810 1550 938 1579 tanquam
958 1544 1007 1579 ipsi

225 1589 360 1616 honorum
391 1590 548 1624 participes.
576 1589 614 1617 lta
642 1590 724 1617 etiam
750 1590 899 1625 gaudentes
926 1590 1006 1618 donis

225 1634 291 1669 ipsis
307 1642 322 1661 a
340 1635 456 1662 Domino
471 1635 553 1667 datis,
574 1635 676 1669 gratias
690 1635 796 1670 agimus
816 1636 839 1661 ei
862 1636 906 1670 qui
923 1636 1006 1666 dedit,

223 1685 251 1707 et
281 1688 330 1715 pro
362 1681 512 1716 gratiarum
543 1681 651 1709 actione
674 1681 743 1708 dona
771 1681 922 1709 oﬂ'crintus.
947 1681 1006 1708 Νιιι

225 1731 334 1760 propter
350 1725 401 1753 hoe
418 1731 508 1753 autem
527 1726 614 1754 solum
641 1726 658 1752 ii
676 1726 746 1753 dona
770 1726 918 1761 accipiunt,
934 1726 1005 1760 quod

225 1776 335 1807 propter
364 1779 459 1800 eorum
487 1771 658 1800 dilectionem
684 1771 712 1799 ﬁt
738 1772 872 1799 donorum
893 1773 1005 1805 oblatio,

224 1819 271 1845 sed
287 1819 359 1852 quod
375 1818 427 1846 hoc
439 1819 521 1845 etiam
537 1822 578 1845 est
591 1818 631 1845 eis
643 1817 873 1851 jucundissimum
886 1823 913 1846 et
928 1818 1006 1853 longe

224 1863 421 1898 gratissimum.
438 1863 499 1897 dico
512 1867 601 1890 autem
619 1863 690 1897 quod
706 1863 776 1890 Deus
790 1870 837 1897 per
854 1864 927 1897 ipsos
942 1871 1004 1898 gra-

225 1911 276 1936 tias
293 1909 402 1945 aecipjt,
421 1913 449 1936 et
470 1908 648 1944 glorificatur.
676 1908 911 1941 Quemadmodum
932 1909 1004 1936 enim

222 1960 263 1983 est
277 1955 425 1981 maximum
441 1959 583 1989 peccatum
599 1954 742 1980 'malorum
761 1955 914 1986 hominum,
932 1954 1003 1988 quod

222 2000 429 2034 blasphematur
459 2007 558 2026 nomen
584 1999 631 2026 Dei
655 2007 701 2033 per
728 1999 812 2034 ipsos,
828 1999 874 2026 ‘ita
901 2000 1005 2027 sanctis

220 2050 261 2072 est
281 2052 407 2079 magnum
433 2044 606 2074 benellcium.
633 2048 660 2071 et
685 2051 783 2078 magno
809 2044 900 2071 studio
922 2052 1003 2079 appe-

222 2091 344 2123 tendum,
361 2090 434 2126 quod
451 2098 497 2125 per
524 2091 599 2125 ipsos
616 2091 687 2118 Deus
711 2087 889 2125 gloriﬁcatur.
907 2089 963 2118 lloc
977 2096 1004 2117 et

221 2144 282 2163 cum
301 2143 414 2170 corpore
428 2136 582 2163 viventibus
606 2140 662 2162 erat
677 2140 836 2170 perpetuum
852 2141 1001 2168 certamen,

220 2187 363 2216 postquam
392 2182 418 2208 in
451 2182 548 2208 cmluut
577 2182 740 2216 migrarunt.
771 2183 929 2209 continuum
960 2187 1003 2209 est

219 2235 300 2260 opus,
322 2231 348 2253 et
365 2227 502 2259 vo‘uptas,
521 2230 549 2253 el
574 2226 645 2254 illius
665 2227 839 2254 beatitudinis
856 2232 946 2261 caput.
972 2226 1000 2254 Si
1017 2244 1040 2272 ο

218 2273 290 2299 enim
314 2272 422 2306 quando
438 2272 507 2298 bona
533 2272 573 2299 eis
597 2273 623 2298 in
646 2280 693 2307 spe
713 2272 800 2300 solum
825 2278 919 2304 erant,
944 2273 999 2300 Deo

220 2318 320 2353 gratias
345 2322 476 2351 perpetuo
497 2318 622 2352 agebant.
648 2323 675 2346 et
697 2319 788 2346 omnia
808 2319 841 2346 ad
859 2320 918 2354 ejus
941 2319 1000 2353 glo-

219 2365 287 2390 riam
317 2363 471 2396 faciebant;
493 2364 648 2398 eujusmodi
662 2370 768 2399 oportet
792 2373 838 2392 eos
859 2365 884 2391 in
901 2365 1001 2392 talibus

218 2409 386 2440 existimare,
413 2409 523 2443 quando
541 2409 625 2436 multo
651 2410 739 2445 major
762 2411 870 2446 quidem
896 2416 937 2438 est
961 2411 1000 2438 cis

217 2455 356 2488 gratitude
379 2460 406 2482 et
428 2456 550 2484 beneﬁcii
575 2456 739 2486 recordatio.
766 2465 826 2483 t'uzn
852 2456 925 2482 omni
943 2455 999 2490 jam

218 2502 319 2527 virlutc
350 2502 461 2535 perfecti
488 2507 561 2539 sunt,
588 2502 660 2529 bona
691 2508 781 2529 autem
809 2510 860 2529 uou
890 2506 1000 2535 sperant

218 2549 353 2582 amplius,
386 2548 432 2575 sed
466 2548 523 2582 ipsa
556 2548 721 2582 experientia
752 2548 861 2575 discunt
891 2547 998 2574 Domini

218 2594 430 2628 benignitatem:
458 2594 568 2627 quando
594 2593 686 2620 vident
709 2593 803 2627 quales
823 2601 853 2620 ex
871 2593 999 2628 qualibus

217 2639 279 2667 facti
295 2643 374 2670 sunt,
387 2646 436 2673 pro
449 2638 570 2665 terrenis
583 2638 664 2669 soles,
691 2646 740 2672 pro
753 2640 839 2665 servis
855 2643 997 2673 contemp-

213 2684 249 2710 tis
275 2683 402 2710 bonorati
430 2683 475 2710 lilii
499 2687 525 2710 et
550 2683 624 2717 regni
651 2682 768 2710 etelestis
793 2683 924 2716 hazredes,
949 2691 998 2715 pro

213 2692 249 2710 us
276 2692 402 2710 nonorau
430 2692 475 2710 nm
499 2692 525 2710 et
550 2692 624 2717 regni
651 2692 768 2710 C(EICSIIS
793 2692 924 2716 Itazrcues,
949 2692 998 2715 ντί)

49 2692 410 2771 Μίηεριοε
433 2728 474 2755 vel
498 2727 568 2755 alios
591 2735 606 2755 c
630 2727 683 2754 reis
707 2728 836 2760 eximere.
864 2736 911 2762 per
935 2736 995 2755 eam

213 2770 295 2817 quam
321 2771 421 2806 habent
439 2770 512 2810 apud
539 2773 663 2801 .ludiccm
690 2773 798 2800 dicendi
823 2774 998 2801 libertatem?

215 2829 360 2860 Propterea
378 2822 453 2850 nulla
479 2825 530 2851 cst,
549 2819 671 2853 inquam,
696 2819 736 2845 eis
760 2819 843 2845 Deum
868 2819 996 2846 laudandi

217 2872 337 2901 satietas.
353 2869 429 2897 Unde
447 2874 495 2894 nec
519 2866 676 2894 existimant
703 2865 808 2900 seipsos
834 2865 905 2893 solos
921 2865 996 2893 sudi-

1067 271 1205 306 άγιασμοῦ
1219 271 1374 306 δεομένους,
1393 272 1464 305 τίνος
1481 273 1562 300 ἕνεκα
1577 272 1700 304 καὶτοὺς
1717 271 1850 307 ἡγιασμέ-

1065 325 1127 346 νους
1140 317 1190 352 ἤδη
1217 317 1263 344 καὶ
1276 317 1367 345 πάντα
1379 318 1511 350 τελείους,
1532 318 1620 354 ταύτῃ
1637 319 1669 352 τῇ
1693 318 1850 352 δωροφορέᾳ

1064 363 1216 394 δεξιοῦσθαι
1230 363 1406 398 πιστεύομεν,
1417 364 1464 390 καὶ
1480 364 1590 391 ἐπειδὰν
1601 364 1690 391 αὐτῶν
1702 372 1729 390 τι
1740 364 1850 399 δεηθέν⁹

1064 417 1120 440 τες,
1146 409 1187 440 εἰς
1210 409 1372 444 ἐπικουρίαν
1398 409 1570 445 καλέσωμεν,
1591 409 1641 443 τὴν
1669 409 1723 435 τῶν
1753 409 1849 443 δώρων

1065 454 1166 480 τούτων
1193 454 1398 490 ὑπισχνούμεθα
1416 455 1599 490 λειτουργίαν,
1613 455 1708 490 ὥσπερ
1721 455 1737 488 ἢ
1755 454 1848 485 αὐτοῖς

1065 499 1153 526 ταῦτα
1166 499 1314 535 ἀναθήσειν
1332 501 1486 534 μέλλοντες,
1501 501 1517 535 ἦ
1534 501 1604 536 ὑπὲρ
1618 501 1721 532 αὐτῶν,
1737 501 1780 526 ἳνα
1802 500 1848 533 γέ-

1065 553 1165 572 νωνται
1180 545 1301 580 βελτίους
1317 555 1325 579 ;
1341 546 1402 572 Ὀτι
1418 546 1467 574 καὶ
1489 546 1583 580 ἕτερός
1600 547 1658 572 ἐστι
1675 546 1775 580 τρόπος
1798 545 1848 578 τῆς

1063 590 1234 624 δωροφορίας
1257 590 1371 625 ταύτης,
1437 590 1556 625 πρότιθεν
1572 591 1652 624 ἔφην,
1677 590 1739 617 καθ’
1763 590 1792 616 ὃν
1813 589 1848 615 τὰ

1063 634 1137 670 δῶρα
1152 635 1248 668 ταῦτα,
1264 637 1310 662 καὶ
1326 637 1380 662 τῶν
1395 636 1481 670 ἁγίων
1494 637 1610 670 γίνεται,
1634 636 1699 663 ὅταν
1712 636 1750 665 ὡς
1766 635 1848 670 εὐχα-

1065 682 1192 716 ριστήρια
1217 682 1256 717 τῷ
1275 682 1334 717 Θεῷ
1360 683 1562 716 προσάγωνται,
1587 682 1658 717 ὑπὲρ
1685 682 1734 716 τῆς
1756 681 1847 707 αὐτῶν

1063 726 1154 761 δόξης,
1168 723 1202 763 ἧς
1214 727 1313 759 αὐτοὺς
1325 727 1445 760 ὲδόξασε,
1458 727 1506 754 καὶ
1521 728 1591 762 ὑπὲρ
1604 728 1652 762 τῆς
1666 727 1844 758 τελειώσεως,

1062 769 1095 807 ἧς
1117 772 1215 804 αὐτοὺς
1231 772 1399 799 ἐτελείωσεν.
1419 773 1496 799 Ἐστι
1513 772 1562 806 μὲν
1584 772 1639 806 γὰρ
1661 771 1707 798 τοῦ
1723 771 1791 798 Θεοῦ
1811 771 1847 798 τὰ

1064 817 1140 852 δῶρα
1162 817 1200 849 ὡς
1216 817 1291 852 αὐτῷ
1306 817 1489 853 άνατιθέμινα
1501 826 1509 834 ·
1526 817 1585 844 ἔστι
1607 817 1635 844 δὲ
1651 818 1698 844 καὶ
1713 817 1768 843 τῶν
1787 817 1845 844 δεο-

1065 863 1154 898 μένων
1169 863 1295 899 βοηθείας
1316 864 1420 891 πιστῶν
1435 864 1472 895 ὡς
1485 864 1645 898 βοηθήματα
1658 871 1666 879 ·
1686 863 1744 889 ἔστι
1757 862 1785 889 δὲ
1799 861 1846 889 καὶ

1062 909 1117 935 τῶν
1130 909 1227 943 ἁγίων,
1241 910 1282 936 ὅτι
1296 909 1387 936 αὐτῶν
1399 909 1479 944 χάριν
1493 908 1648 936 ἀνατίθεται
1664 907 1702 942 τῷ
1720 907 1790 942 Θεῷ.

1097 955 1134 982 Τὸ
1146 955 1200 990 γὰρ
1229 955 1299 990 ἐμὴν
1327 954 1406 990 χάριν
1430 954 1517 986 δοθὲν,
1535 953 1591 988 ἐγὼ
1616 953 1760 988 λαμϐάνω,
1790 953 1845 980 κᾶν

1062 1000 1186 1028 ὁστισοῦν
1203 1002 1216 1028 ὁ
1230 1001 1374 1036 δεχόμενος
1439 1000 1469 1027 οὔ
1483 1000 1538 1035 γάρ
1561 1000 1652 1027 πάντα
1666 999 1700 1026 τὰ
1716 999 1844 1033 διδόμενα

1062 1047 1128 1081 ήμῖν
1141 1045 1252 1073 ὁθενοῦν
1266 1047 1327 1077 ταῖς
1342 1046 1420 1081 χερσὶ
1435 1045 1610 1081 λαμϐάνομεν
1622 1046 1683 1076 ταῖς
1694 1045 1845 1080 ἡμετέραις

1063 1093 1154 1127 μόνον,
1169 1091 1238 1118 ἀλλὰ
1254 1090 1301 1118 καὶ
1315 1092 1374 1122 ταῖς
1396 1091 1451 1117 τῶν
1468 1090 1564 1125 φίλων,
1580 1090 1628 1117 καὶ
1646 1089 1701 1116 τῶν
1721 1089 1842 1120 οἰκείων,

1061 1139 1109 1165 καὶ
1125 1137 1219 1168 ἁπλῶς
1239 1138 1347 1164 πάντων
1361 1134 1401 1168 οἷς
1417 1137 1430 1163 ὁ
1444 1135 1615 1171 δωρούμενος
1632 1135 1677 1163 ἴνα
1698 1135 1772 1170 ἡμᾶς
1795 1135 1843 1160 εὑ-

1061 1183 1163 1218 φράνῃ,
1177 1183 1314 1218 δωρεῖται.
1334 1181 1383 1209 Διὰ
1396 1181 1474 1208 τοῦτο
1488 1183 1536 1209 καὶ
1548 1182 1561 1207 ὁ
1577 1180 1686 1216 Κύριος,
1701 1180 1755 1206 τῶν
1768 1188 1843 1206 πτω-

1060 1229 1116 1264 χῶν
1131 1228 1335 1263 λαμϐανόντων,
1348 1229 1393 1254 ὅτι
1408 1228 1433 1254 οῑ
1444 1223 1626 1262 χορηγοῦντες
1641 1227 1744 1257 αὐτοῖς,
1760 1225 1844 1252 αὐτοῦ

1060 1274 1141 1309 χάριν
1156 1275 1235 1300 τοῦτο
1249 1273 1382 1306 ποιοῦσιν,
1394 1273 1476 1304 αὐτὸς
1490 1273 1639 1307 λαμϐάνειν
1651 1272 1742 1307 φησιν.
1764 1271 1844 1298 Οὕτω

1061 1319 1108 1346 καὶ
1123 1319 1147 1344 οί
1160 1318 1233 1352 ἅγιοι
1247 1317 1335 1345 ταῦτα
1348 1317 1382 1344 τὰ
1396 1317 1470 1353 δῶρα
1484 1312 1678 1352 λαμϐάνουσιν,
1697 1317 1737 1343 ὅτι
1753 1316 1844 1343 αὐτῶν

1060 1365 1140 1399 χάριν
1155 1363 1313 1390 ἀνατίθεται
1327 1363 1366 1399 τῷ
1383 1363 1452 1398 Θεῷ.
1472 1363 1577 1398 Ὠσπερ
1599 1363 1653 1398 γὰρ
1671 1362 1715 1389 διὰ
1729 1362 1778 1396 τὴ]
1798 1362 1841 1388 έοῦ

1059 1409 1179 1444 Χριστοῦ
1193 1410 1304 1445 ἀγάπην
1328 1410 1416 1436 ἐκεῖνο
1430 1409 1546 1443 γίνεται,
1565 1408 1638 1435 οὕτω
1659 1408 1703 1434 διὰ
1721 1407 1770 1444 τὴν
1785 1407 1842 1434 τῶν

1060 1455 1145 1488 ἁγίων
1161 1455 1272 1490 ἀγάπην
1291 1454 1381 1483 τοῦτο.
1398 1454 1460 1481 ὀτι
1484 1455 1533 1489 μὲν
1553 1454 1607 1490 γὰρ
1629 1454 1732 1488 σφόδρα
1749 1451 1841 1487 (pateﬁ-

1061 1508 1111 1535 μεν
1124 1500 1234 1533 αὐτοὺς,
1249 1500 1284 1526 τὰ
1309 1499 1399 1525 αὐτῶν
1416 1499 1507 1533 ἀγαθὰ
1521 1498 1644 1534 ἡμέτερα
1663 1497 1840 1532 λογιζόμεθα,

1060 1545 1107 1572 καὶ
1130 1545 1316 1580 συγχαίρομεν
1338 1544 1431 1575 αὐτοῖς
1455 1543 1505 1578 τῆς
1526 1543 1711 1577 εὐδαιμονίας,
1727 1543 1764 1572 ὡς
1793 1543 1841 1568 καὶ

1058 1590 1136 1616 αὐτοὶ
1151 1588 1311 1623 μετέχοντες
1338 1587 1390 1615 τῶν
1409 1587 1528 1621 ἀγαθῶν.
1549 1587 1626 1614 Οὕτω
1647 1587 1675 1614 δὲ
1698 1587 1840 1622 χαίροντες

1056 1635 1118 1666 ταῖς
1136 1634 1211 1668 παρὰ
1226 1634 1274 1661 τοῦ
1298 1633 1402 1668 Κυρίου
1426 1633 1583 1667 δεδομέναις
1598 1633 1689 1664 αὐτοῖς
1712 1634 1839 1668 δωρεαῖς,

1057 1680 1272 1715 εὐχαριστοῦμεν
1303 1679 1342 1714 τῷ
1369 1678 1506 1711 δεδωκότι,
1538 1678 1585 1705 καὶ
1609 1679 1643 1706 τὰ
1672 1678 1839 1714 χαριστήρια

1057 1726 1233 1761 προσάγομεν
1246 1725 1332 1760 δῶρα.
1351 1724 1388 1751 Οὐ
1401 1724 1446 1751 διὰ
1462 1724 1542 1751 τοῦτο
1565 1723 1593 1751 δὲ
1615 1724 1697 1759 μόνον
1714 1724 1792 1750 αὐτοὶ
1805 1723 1840 1750 ’ἑὰ

1055 1771 1130 1806 δῶρα
1155 1770 1353 1805 λαμϐάνουσιν,
1375 1770 1418 1796 ὃτι
1434 1769 1478 1796 διὰ
1502 1770 1553 1804 τὴν
1577 1769 1667 1796 αὐτῶν
1694 1769 1805 1804 ἀγάπην
1822 1769 1838 1801 ή

1055 1817 1209 1852 δωροφορία
1237 1817 1354 1850 γίνεται,
1380 1815 1438 1843 ἀλλ’
1460 1816 1501 1843 ὅτι
1526 1816 1574 1842 καὶ
1600 1815 1667 1842 αὐτὸ
1687 1814 1768 1842 τοῦτο
1784 1815 1838 1841 τῶν

1055 1863 1171 1898 ἡδίστων
1191 1861 1239 1889 καὶ
1251 1861 1355 1896 σφόδρα
1371 1861 1579 1896 κεχαρισμένων
1597 1861 1698 1893 αὐτοῖς,
1719 1860 1790 1894 λέγω
1805 1859 1838 1894 δὴ

1055 1909 1097 1939 τὸ.
1113 1908 1157 1935 τὸν
1172 1907 1239 1935 Θεὸν
1252 1907 1285 1933 δι’
1298 1906 1397 1937 αὐτοὺς
1410 1907 1523 1942 χάριτας
1539 1906 1676 1942 δέχεσθαι,
1693 1906 1740 1933 καὶ
1762 1906 1839 1938 δοξά-

1055 1954 1160 1988 ζεσθαι.
1178 1954 1284 1988 Ὥσπερ
1303 1953 1358 1988 γὰρ
1373 1953 1500 1988 μέγιστον
1515 1953 1667 1987 ἁμάρτημα
1682 1951 1736 1978 τῶν
1753 1960 1837 1986 πονη-

1056 2001 1112 2035 ρῶν
1126 1999 1277 2034 ἀνθρώπων
1292 1998 1322 2024 τὸ
1336 1997 1553 2032 βλιασφημείσοαι
1567 1998 1597 2024 τὸ
1610 1998 1694 2032 δνομα
1709 1997 1755 2024 τοῦ
1767 1997 1836 2023 Θεοῦ

1054 2046 1087 2072 δι’
1102 2046 1214 2077 αὐτούς’
1236 2044 1306 2071 οὓτω
1331 2044 1403 2079 μέγα
1421 2043 1598 2078 κατόρθωμα,
1618 2044 1664 2070 καὶ
1686 2043 1836 2077 περισπού-

1053 2092 1151 2118 δαστον
1170 2092 1225 2122 τοῖς
1237 2091 1335 2124 ἁγίοις,
1359 2090 1389 2116 τὸ
1409 2089 1446 2115 δι’
1461 2089 1560 2121 αὐτοὺς
1585 2090 1629 2116 τὸν
1651 2090 1717 2115 θεὸν
1731 2089 1836 2122 δοξάζει

1056 2137 1128 2164 σθαι.
1145 2137 1230 2163 Τοῦτο
1244 2137 1290 2163 καὶ
1306 2136 1375 2170 μετὰ
1392 2137 1519 2171 σώματος
1533 2137 1599 2169 ζῶσι
1619 2136 1746 2171 διηνεκὴς
1760 2137 1836 2170 ἁγὼν

1053 2180 1098 2218 ἦν,
1126 2184 1172 2209 καὶ
1189 2184 1354 2218 μεταστᾶσιν
1379 2184 1419 2215 εἰς
1441 2184 1487 2210 τὶν
1517 2182 1631 2218 οὐρανὸν
1660 2182 1739 2217 ἔργον
1761 2183 1836 2209 ἐστὶν

1054 2229 1170 2263 ἄληκτον
1186 2229 1233 2255 καὶ
1247 2229 1349 2264 τρυφὴ,
1369 2230 1415 2256 καὶ
1432 2229 1482 2264 τῆς
1510 2228 1711 2263 μακαριότητος
1726 2229 1836 2263 ἐκείνης

1054 2275 1209 2309 κεφάλαιον.
1227 2276 1258 2302 El
1273 2275 1327 2310 γὰρ
1350 2276 1394 2302 ὅτε
1413 2276 1447 2302 τὰ
1463 2275 1552 2308 ἀγαθὰ
1566 2276 1594 2301 ἐν
1619 2275 1724 2300 ἐλπίσιν
1736 2272 1770 2309 ἦν
1786 2275 1836 2308 μό-

1053 2329 1098 2346 νον
1121 2320 1223 2351 αὐτοῖς,
1243 2320 1376 2346 διετέλουν
1391 2320 1420 2346 ὲν
1442 2321 1521 2346 παντὶ
1545 2320 1771 2355 εὐχαριστοῦντες
1795 2319 1836 2354 τῷ

1052 2365 1122 2400 Θεῷ,
1138 2365 1186 2391 καὶ
1206 2366 1293 2392 πάντα
1308 2365 1348 2397 εἰς
1363 2365 1440 2398 δόξαν
1454 2365 1536 2392 αὑτοῦ
1553 2365 1693 2396 ποιοῦντες
1705 2373 1712 2381 ο
1724 2365 1835 2394 ὁποίους

1052 2409 1147 2440 αὐτοὺς
1163 2408 1289 2442 γενέσθαι
1304 2409 1336 2435 τὰ
1353 2409 1469 2442 ,τοιαῦτα
1484 2410 1536 2445 χρὴ
1553 2410 1686 2444 νομίζειν,
1712 2410 1756 2437 ὅτε
1773 2410 1834 2444 μεί-

1052 2453 1106 2485 ζων
1124 2454 1172 2488 μὲν
1198 2455 1290 2486 αὐτοῖς
1317 2456 1546 2490 ὴεύγνωμοσύνη
1574 2456 1664 2491 πολλῷ
1681 2456 1719 2491 τῷ
1745 2457 1832 2491 μέσῳ,

1050 2500 1163 2530 τελείοις
1179 2500 1229 2535 ἤδη
1246 2502 1334 2527 πᾶσαν
1351 2501 1451 2536 ἀρετὴν
1465 2502 1634 2535 γενομένοις,
1653 2502 1686 2528 τὰ
1702 2502 1729 2528 δὲ
1742 2503 1833 2537 ἀγαθὰ

1049 2545 1141 2571 οὐκέτι
1155 2545 1311 2577 ἐλπίζουσιν
1321 2555 1327 2562 ⁸
1347 2546 1404 2572 ἀλλ’
1417 2547 1484 2581 αὑτῇ
1498 2547 1580 2583 πείρᾳ
1598 2547 1763 2581 μανθάνουσι
1783 2549 1833 2582 τὴν

1050 2590 1095 2617 τοῦ
1109 2591 1244 2617 Δεσπόῖου
1261 2592 1426 2626 φιλοτιμίαν,
1440 2593 1483 2618 ὅτε
1494 2592 1593 2624 ὁρῶσιν
1604 2593 1715 2624 ἑαυτοὺς
1727 2593 1756 2626 ἐξ
1767 2594 1832 2619 οἵων

1049 2635 1100 2663 οἷοι
1115 2635 1259 2670 γεγόνασιν
1276 2638 1335 2664 ἀντὶ
1355 2639 1475 2672 πηλίνων
1490 2639 1571 2673 ἣλιοι,
1584 2639 1644 2665 ἀντὶ
1660 2639 1762 2666 δούλων
1774 2640 1833 2674 ὴτι·

1051 2683 1184 2717 μωμένων
1219 2683 1273 2709 υἱοὶ
1288 2684 1382 2717 τίμιοι,
1400 2684 1446 2710 καὶ
1463 2684 1602 2718 βασιλείας
1623 2686 1746 2720 οὐρανῶν
1765 2687 1834 2723 κλη-

1050 2729 1160 2762 ρονόμοι
1173 2737 1180 2744 ’
1193 2729 1252 2754 ἀντὶ
1269 2729 1438 2761 ὑπευθύνων,
1452 2730 1560 2756 δυνατοὶ
1582 2732 1628 2757 καὶ
1641 2731 1737 2762 ἄλλους
1757 2731 1833 2758 λύειν

1048 2773 1177 2808 εὐθύνης,
1205 2775 1238 2809 τῇ
1266 2775 1336 2809 πρὶς
1357 2776 1403 2802 τὸν
1430 2776 1566 2811 Δικαστὴν
1593 2777 1751 2812 παρρησίας
1781 2777 1832 2803 Διὰ

1048 2819 1127 2845 τοῦτο
1150 2820 1210 2846 οὐδὲ
1234 2821 1314 2855 κόρος
1338 2821 1412 2848 ἐστὶν
1426 2822 1519 2853 αὐτοῖς
1533 2822 1620 2854 οὐδεὶς
1635 2823 1690 2849 τῶν
1706 2824 1746 2854 είς
1762 2823 1830 2849 Θεὸν

1050 2865 1160 2900 ὕμνων·
1183 2867 1242 2894 οὐδὲ
1262 2868 1417 2903 νομίζουσιν
1430 2869 1506 2896 αὖτοὶ
1530 2869 1606 2904 μόνοι
1621 2869 1690 2904 πρὸς
1714 2869 1764 2905 τὴν
1785 2870 1831 2896 εῦ-
