1976 3074
119 169 173 200 4⁸13

717 175 918 205 LITURGHS
938 176 1158 211 EXPOSITIO.

1697 183 1747 216 4ῗᾷ

118 223 265 259 χαριστίαν
280 223 385 259 ἀρκεῖν.
405 223 488 252 ’Ὅθεν
501 225 644 260 βούλονται
668 228 772 259 πάντας
786 230 832 254 καὶ
855 229 904 262 ἁγ-

962 237 1019 257 rerc
1036 231 1068 257 ad
1083 233 1201 266 agendas
1214 234 1327 268 gratias.
1345 233 1424 260 Unde
1440 233 1534 261 volunt
1547 234 1628 261 etiam
1653 243 1748 262 omnes

117 270 218 304 τέλους
240 270 287 296 καὶ
305 269 469 303 ἀνθρώπους
492 271 565 306 ἔχειν
581 272 675 299 τοῦτον
703 273 794 305 αὐτοῖς
814 283 910 307 συνερ-

117 315 290 349 γαζομένους
317 315 363 341 τὸν
390 316 491 350 ὕμνον·
521 317 563 343 ἵνα
587 317 618 343 τὺ
640 317 868 353 ὄφλημα-αὑτῶν
889 321 905 354 ἡ

118 361 278 396 εὐχαριστία
304 361 341 396 τῷ
361 362 420 397 Θεῷ
438 363 579 399 ἐγγυτέρω
603 364 652 399 τῆς
677 365 757 397 ἀξίας
777 365 909 401 ἀποδοθῇ,

118 406 331 433 πολλαπλασίων
347 408 448 443 ἑαυτῆς
467 409 612 443 γενομένη.
630 411 664 444 τῇ
690 410 834 445 προσθήκῃ
853 411 908 437 τῶν

119 452 259 487 ὕμνητῶν.
277 453 332 479 Καὶ
347 453 452 479 τούτων
475 455 615 489 μάρτυρες
641 456 665 481 οι
692 457 755 490 περὶ
779 457 907 490 Ἀζαρίαν

118 498 193 531 ἇγιοι
208 499 314 530 παῖδες,
328 499 353 526 οἱ
369 499 416 526 τοῦ
432 501 517 534 πυρὸς
529 502 728 536 κρατήσαντες,
742 503 788 529 καὶ
803 504 906 538 ταύτην

118 546 198 579 παρᾶ
213 545 259 571 τοῦ
275 545 342 572 Θεοῦ
359 546 419 572 τότε
435 546 566 578 λαδόντες
583 548 632 582 τὴν
650 549 730 583 χάριν
745 557 751 564 '
778 550 839 576 ἐπεὶ
853 550 907 577 ἔδει

119 592 168 618 καὶ
185 591 285 623 αὖτοὺς
300 592 350 626 τῆς
368 592 521 628 παραδόξου
537 593 640 628 ταύτης
663 595 802 629 σωτηρίας
824 596 905 631 χάρι-

118 646 169 669 τας
185 638 356 673 ὁμολογῆσαι
371 639 410 674 τῷ
422 639 553 672 σώσαντι,
569 641 617 667 καὶ
631 639 752 675 ὑμνῆσαι
772 642 822 668 οὐκ
837 643 907 676 ἠγά-

118 691 221 717 πησαν,
241 685 266 710 εἰ
282 684 359 710 αὐτοὶ
375 685 456 719 μόνον
472 685 650 719 ὑμνήσουσιν,
663 686 723 712 οὐδὲ
735 686 785 721 τὴν
801 687 907 713 ἑαυτῶν

119 728 184 764 βοὴν
202 730 298 765 ἀρκεῖν
325 730 466 765 ἐνόμισαν,
483 731 551 758 ἀλλὰ
568 732 615 758 καὶ
636 732 770 766 ἀγγέλους
790 735 904 760 συνεκά-

118 776 192 808 λουν,
208 777 254 803 καὶ
272 776 425 810 ἀνθρώπων
449 777 559 804 ἅπαντα
571 779 648 813 γένη.
668 779 715 805 καὶ
730 779 842 813 οὐρανὸν
857 780 905 806 αὑ-

117 822 175 855 τὸν,
191 821 300 849 καὶτὸν
317 822 404 857 ἥλιον,
429 823 479 849 καὶ
498 823 562 855 τοὺς
584 824 713 858 ἀστέρας,
729 825 776 851 καὶ
791 825 843 860 γῆν
857 826 906 852 καὶ

117 867 181 902 ὄρη,
195 867 242 894 καὶ
259 868 345 902 ἄλογα
360 869 450 895 πάντα
476 870 522 896 καὶ
533 869 625 904 ἄψυχα
637 878 644 885 ·
668 871 714 896 καὶ
733 871 834 903 ἅπλῶς,
853 872 905 898 πᾶ-

119 922 171 941 σαν
187 914 236 949 τὴν
259 914 358 941 κτίσιν.
382 914 507 950 Τοσαύτη
534 915 581 942 τοῦ
602 916 649 942 τὸν
669 916 737 942 Θεὸν
761 917 906 951 ὑμνεῖσθαι

120 961 199 996 παρὰ
213 961 270 992 τοῖς
296 959 386 994 ἁγίοις
400 960 544 994 ἐπιθυμία,
565 961 612 987 καὶ
631 961 702 995 μετὰ
724 961 852 996 σώματος
867 963 907 989 ἔτι

120 1006 200 1039 ζῶσι,
233 1007 282 1034 καὶ
312 1007 404 1042 πολλῷ
436 1007 538 1042 μᾶλλον
567 1007 751 1041 ἀπαλλαγεῖσι
781 1008 828 1034 τοῦ
857 1008 907 1035 σώ-

120 1062 218 1089 ματος.

157 1101 243 1128 ὐθεν
259 1102 285 1129 ετ
308 1110 350 1133 τις
364 1101 455 1128 αὐτῶν
471 1102 646 1138 μεμνημένος
666 1103 713 1130 καὶ
733 1103 782 1138 τῆς
803 1102 908 1130 εὐδοκι-

121 1147 233 1181 μήσεως
249 1147 351 1179 αὐτῶν,
370 1148 418 1173 καὶ
435 1147 484 1182 τῆς
504 1148 717 1182 μακαριότητος,
735 1149 782 1175 καὶ
800 1148 848 1183 τῆς
864 1148 907 1175 δό-

119 1191 180 1226 ξης,
195 1191 242 1218 τὸν
258 1192 469 1226 στεφανώσαντα
493 1192 561 1218 Θεὸν
578 1192 720 1227 ὑμνήσειε,
748 1194 831 1229 χάριν
857 1194 907 1220 αὺ-

119 1237 176 1267 τοῖς
191 1235 370 1263 κατατίθεται
385 1237 506 1271 χαρίτων
523 1237 638 1264 ἁπασῶν
660 1238 710 1272 τὴν
724 1238 905 1273 τιμιωτέραν,

118 1281 167 1308 καὶ
192 1281 300 1316 μάλιστ’
327 1282 392 1308 ὅταν
418 1283 529 1317 ποιῆται
544 1284 593 1318 τὴν
617 1283 746 1318 ὖμνησιν,
760 1284 790 1309 οὐ
805 1284 908 1318 φωναῖς

118 1327 212 1362 ψιλαῖς
231 1329 319 1363 μόνον,
338 1328 406 1356 ἀλλὰ
430 1329 476 1355 καὶ
498 1329 594 1364 δώρων
612 1330 799 1365 χαριστηρίων
822 1338 908 1364 προσ-

119 1374 227 1408 αγωγῇ,
247 1374 295 1400 καὶ
316 1372 412 1408 δώρων
434 1373 505 1401 οὕτω
529 1374 633 1409 σφόδρα
651 1374 755 1401 δεκτῶν
781 1374 821 1409 τῷ
837 1374 907 1409 Θεῷ,

119 1420 166 1446 καὶ
182 1419 282 1454 τιμίων
300 1419 350 1454 τὴν
365 1420 495 1446 ἀνωτάτω
509 1420 601 1456 τιμήν.
617 1419 777 1454 Τηνικαῢτα
791 1420 846 1455 γὰρ
861 1429 909 1447 κα-

119 1467 210 1501 θάπερ
233 1466 313 1497 αὐτὸς
329 1467 343 1492 ὁ
358 1467 465 1501 Σωτὴρ,
484 1466 563 1498 ἵλεως
589 1466 660 1493 αὐτὰ
680 1467 836 1501 δεχόμενος,
861 1466 908 1493 καὶ

120 1513 192 1547 ὑπὲρ
207 1513 296 1539 πᾶσαν
318 1512 433 1547 νομικὴν
452 1511 583 1546 λατρείαν
598 1512 628 1539 τὸ
651 1512 732 1547 σῶμα
748 1513 815 1548 ἡμῖν
832 1513 907 1539 ἀντι-

963 277 1072 311 angelos
1092 283 1116 304 et
1141 278 1263 306 homines
1288 279 1320 306 ad
1345 279 1406 314 ejus
1430 279 1535 306 laudem
1554 281 1746 307 celebt‘andzuu

964 322 1064 349 habere
1094 324 1242 356 auditores,
1269 330 1298 351 ut
1324 332 1418 351 eorum
1444 325 1575 357 debitum,
1599 327 1746 358 gratiarum

962 367 1067 394 scilicet
1083 368 1137 395 Deo
1159 370 1241 402 actio,
1265 378 1297 396 eo
1326 366 1440 405 propius}
1457 378 1505 405 pro
1534 372 1663 405 dignitate
1689 372 1745 398 sol-

961 417 1051 444 vatur,
1068 414 1247 447 multiplicata
1265 423 1314 448 per
1337 416 1506 442 laudatorum
1522 417 1746 445 additamentum.

962 458 993 485 Et
1010 459 1061 485 hoc
1077 462 1211 487 testantur
1226 462 1311 488 sancti
1326 461 1430 489 Azarim
1447 462 1503 494 lilii,
1522 463 1640 497 quicum
1657 464 1746 497 ignem

960 503 1101 536 vicissent,
1120 511 1148 531 et
1165 513 1224 532 eam
1244 511 1308 532 tunc
1330 508 1445 541 gratiam
1462 515 1476 535 a
1495 508 1548 535 Deo
1566 509 1745 542 accepissent,

960 549 1180 584 quandoquidem
1198 553 1341 586 oportebat
1359 552 1431 587 ipsos
1450 559 1559 587 propter
1575 554 1644 581 hanc
1659 555 1746 581 admi-

963 593 1074 620 rabilem
1093 599 1120 622 et
1141 595 1308 630 inopinatam
1331 598 1448 624 salutem
1469 597 1522 625 Deo
1539 599 1641 633 gratias
1654 607 1745 634 agere.

960 639 1006 674 qui
1035 648 1082 667 eos
1106 647 1274 675 servaverat,
1302 647 1328 670 et
1355 651 1415 670 eum
1444 644 1566 675 laudare,
1596 652 1647 671 non
1677 646 1746 671 satis

960 684 1125 719 habuerunt,
1142 687 1165 714 si
1190 687 1241 722 ipsi
1259 688 1309 715 soli
1336 688 1491 721 laudarent,
1507 698 1556 717 nec
1572 697 1650 717 suum
1667 692 1746 717 auxi—

961 731 1026 759 lium
1055 732 1180 761 sutIicere
1209 734 1417 767 existimarunt,
1446 737 1492 762 sed
1524 736 1605 763 etiam
1636 738 1746 770 angi-las

961 784 1147 806 convocarunt
1170 784 1196 806 el
1209 780 1300 807 omnia
1318 781 1457 807 hominum
1473 789 1570 815 genera
1583 790 1591 810 ;
1606 787 1632 808 et
1647 782 1745 809 coelum

960 823 1062 858 ipsum,
1084 830 1111 852 et
1136 826 1232 858 solem,
1251 831 1278 854 et
1293 832 1375 859 astra,
1391 832 1417 854 et
1445 833 1558 860 terram,
1584 832 1611 855 et
1629 833 1747 860 monti-5,

959 874 986 897 et
1006 871 1097 898 omnia
1116 872 1229 900 rationis
1251 878 1278 899 et
1295 873 1392 899 animae
1415 874 1548 906 expertia,
1573 879 1599 901 et
1626 882 1745 907 omnem,

959 920 989 943 ut
1013 916 1097 943 semel
1125 917 1228 949 dicam,
1257 922 1422 944 creaturam.
1452 918 1569 945 Tantum
1590 923 1631 946 est
1661 920 1745 947 Deum

958 963 1087 990 laudandi
1112 964 1182 998 apud
1209 969 1318 991 sanctos
1342 964 1521 998 desiderium,
1547 966 1629 992 etiam
1655 967 1745 994 adhuc

958 1017 1020 1037 cum
1039 1017 1156 1044 cor-pere
1183 1010 1315 1044 viventes,
1342 1016 1369 1037 et
1386 1011 1471 1039 multo
1488 1012 1575 1046 magis
1599 1017 1761 1047 postquam-

958 1063 972 1082 a
987 1063 1101 1090 corpore
1113 1056 1303 1084 discesserint.

996 1101 1071 1129 Unde
1088 1102 1110 1129 si
1136 1102 1198 1136 quis
1214 1110 1307 1130 eorum
1334 1103 1504 1136 recordatus,
1522 1111 1672 1138 eorumque
1695 1104 1745 1131 lio-

958 1149 1045 1180 noris,
1062 1148 1240 1175 beatitudinis
1257 1153 1284 1175 ct
1307 1149 1411 1183 gloriae,
1426 1148 1511 1176 Deum
1537 1149 1583 1184 qui
1607 1156 1654 1176 cos
1668 1156 1747 1176 coro-
1795 1166 1799 1171 -

960 1192 1044 1224 navit,
1074 1191 1248 1224 laudaverit,
1279 1192 1376 1220 tribuit
1406 1193 1446 1221 eis
1478 1194 1593 1229 gratiam
1623 1194 1745 1220 omnium

959 1238 1110 1273 gratiarum
1142 1237 1405 1272 prastantissimam,
1439 1242 1466 1265 et
1492 1239 1611 1266 maxime
1637 1239 1745 1273 quando

959 1292 1012 1311 non
1028 1284 1093 1311 solis
1110 1283 1223 1311 vocibus
1239 1284 1345 1311 laudem
1360 1284 1489 1316 celebrat,
1505 1286 1550 1311 sed
1564 1284 1645 1311 etiam
1660 1285 1745 1311 dono-

960 1337 1019 1356 rum
1051 1336 1099 1363 pro
1124 1329 1220 1364 gratiis
1250 1330 1364 1364 agendis
1384 1329 1535 1362 oblatione,
1556 1335 1584 1357 ct
1609 1330 1742 1357 donorum

959 1374 1013 1401 Deo
1042 1374 1111 1401 adeo
1139 1379 1314 1408 acceptorum
1345 1379 1372 1401 et
1401 1375 1583 1409 pretioaorum
1616 1383 1745 1409 supremo

960 1420 1073 1446 honore.
1088 1419 1166 1447 Tunc
1180 1420 1265 1452 enim,
1291 1420 1520 1454 quemadmodum
1542 1421 1599 1454 ipse
1617 1420 1745 1447 Sen-ator

959 1464 1093 1500 propitius
1107 1465 1165 1499 ipsa
1179 1464 1340 1498 suscipiens,
1372 1467 1398 1491 et
1417 1472 1499 1498 super
1514 1472 1623 1491 omnem
1641 1466 1743 1491 cultum

960 1511 1086 1546 legalem,
1102 1518 1182 1538 suum
1200 1517 1300 1544 corpus
1315 1514 1343 1537 ct
1367 1511 1528 1544 sanguinem
1546 1510 1691 1537 retribuit:
1707 1510 1743 1536 ita

118 1557 221 1590 δίδωσι,
239 1557 286 1584 καὶ
302 1557 333 1584 τὸ
351 1554 438 1590 αἷμα·
456 1556 528 1583 οὕτω
544 1557 591 1584 καὶ
613 1557 689 1584 αὐτοὶ
705 1559 847 1593 χαίροντες
860 1558 907 1584 αὺ-

962 1557 1041 1585 etiam
1057 1556 1107 1590 ipsi
1123 1556 1163 1582 eis
1181 1556 1342 1591 gaudentes,
1361 1561 1390 1582 ut
1409 1555 1483 1582 nullo
1500 1555 1626 1588 aliorum,
1644 1555 1744 1589 quibus

118 1605 187 1633 τοῖς.
206 1603 244 1634 ὡς
267 1603 356 1629 οὐδενὶ
375 1603 430 1630 τῶν
443 1603 542 1634 ἄλλων,
559 1600 600 1634 οἷς
617 1603 716 1635 αὐτοὺς
739 1603 905 1638 θεραπεύειν

119 1650 265 1684 δοκοῦμεν,
277 1649 355 1680 ὅλους
372 1650 540 1685 παρέχουσιν
554 1649 621 1684 ἡμῖν
635 1649 751 1681 ἑαυτοὺς
768 1649 906 1676 συντελεῖν

121 1696 190 1731 πρὸς
215 1696 270 1722 πᾶν
286 1695 300 1722 ὅ
317 1703 344 1721 τι
364 1695 431 1731 ἡμῖν
454 1695 607 1730 συμφέρειο
625 1694 764 1730 πανταχοῦ
790 1694 845 1730 γὰρ
861 1695 907 1721 τὸν

120 1741 227 1769 ἑαυτῶν
241 1740 391 1777 μιμοῦνται
405 1740 556 1775 Δεσπότην.

409 1796 535 1824 ΚΕΦΔΛ.
548 1797 615 1824 ΜΘθ.

118 1853 199 1887 Πρὸς
219 1853 292 1886 τοὺς
310 1853 457 1887 λέτγνντας
475 1852 534 1885 τὴν
545 1852 580 1879 ἐν
599 1852 636 1886 τῇ
659 1851 832 1887 ,λειτουργίᾳ
848 1853 907 1879 τῶν

153 1888 248 1921 ἁγίων
275 1888 411 1922 μνήμην,
432 1888 552 1922 ἱκεσίαν
567 1887 620 1914 τοῦ
642 1887 741 1921 ἱερέως
758 1888 833 1922 πρὸς
855 1889 909 1915 τὸν

155 1920 231 1950 Θεὸν
245 1920 321 1955 ὑπὲρ
337 1920 438 1949 αὐτῶν
454 1920 544 1949 εἶναι.

160 1969 231 1996 Ἀλλ’
240 1968 356 1995 ἐνταῦθα
367 1976 439 1999 τινες
449 1968 641 2003 ἠπατήθησαν,
654 1969 703 1995 οὐκ
712 1969 905 2004 εὐχαριστίαν,

119 2015 177 2042 ἀλλ’
195 2014 300 2041 ἱκεσίαν
329 2014 398 2049 ὑπὲρ
423 2012 478 2040 τῶν
493 2013 579 2047 ἁγίων
605 2015 674 2048 πρὸς
693 2014 738 2040 τὸν
764 2014 831 2040 Θεὸν
856 2014 907 2048 τὴν

121 2062 234 2096 μνήμην
252 2059 341 2087 αὐτῶν
368 2058 438 2086 εἶναι
466 2059 640 2094 νομίσαντες,
667 2061 718 2086 οὐκ
743 2056 801 2086 οἶδα
828 2060 909 2086 πόθεν

120 2107 251 2137 λαϐόντες
267 2105 321 2131 τῶν
336 2105 477 2139 λογισμῶν
490 2104 594 2130 τούτων
615 2105 664 2136 τὰς
681 2105 820 2140 ἀφορμάς.
840 2105 909 2132 ῡῠτε

120 2153 175 2186 γὰρ
197 2150 253 2177 ἀπὸ
276 2150 333 2176 τῶν
348 2150 522 2184 πραγμάτων
548 2149 638 2175 αὐτῶν
663 2150 750 2176 ταῦτα
769 2149 909 2177 πιστεύειν

121 2193 280 2225 ἀκόλουθον,
306 2192 368 2219 οὗτε
386 2192 440 2219 ἀπὸ
465 2192 519 2219 τῶν
535 2193 653 2220 ἐνταῦθα
677 2194 727 2228 τῆς
751 2194 910 2229 ἱερουργίας

958 1603 1031 1637 ipsos
1045 1601 1134 1628 colere
1162 1601 1303 1634 videmur,
1315 1605 1386 1628 totos
1404 1601 1508 1635 Scipsos
1533 1601 1611 1628 nobis
1626 1601 1746 1636 prtulient'

958 1648 991 1675 ad
1021 1646 1166 1674 ferendum
1195 1646 1328 1674 auxilium
1357 1647 1385 1674 in
1415 1646 1488 1674 omni
1518 1654 1547 1673 re
1573 1653 1634 1681 qme
1666 1646 1746 1674 nobis

957 1694 1109 1727 conducit;
1142 1694 1289 1722 Dominum
1315 1694 1388 1722 enim
1415 1702 1494 1722 suum
1521 1694 1595 1722 omni
1619 1698 1746 1729 exparte

957 1741 1107 1768 imitantur.

1257 1796 1333 1825 CAP.
1355 1796 1446 1824 XLIX.

959 1854 1089 1880 Adversus
1106 1861 1150 1881 eor
1166 1853 1210 1888 qui
1225 1853 1319 1880 dicunt
1341 1857 1565 1887 sanctorumque
1579 1853 1610 1887 [it
1625 1854 1652 1879 in
1669 1860 1746 1888 sacro

994 1889 1128 1923 mysterio,
1151 1887 1314 1923 meitroriam,
1344 1896 1399 1915 esse
1424 1889 1569 1915 sacerdotis
1592 1896 1641 1922 pro
1656 1888 1693 1914 eis
1711 1887 1745 1913 ad

995 1922 1078 1950 Deum
1093 1922 1323 1957 supplicationem.

994 1968 1047 1995 Sed
1074 1968 1119 1995 hic
1135 1967 1259 1995 nonnulli
1285 1967 1391 2002 decepti
1417 1971 1491 1999 sunt,
1518 1975 1571 1994 non
1598 1967 1744 2001 gratiarum

959 2013 1105 2046 actionem,
1118 2013 1163 2040 sed
1180 2021 1230 2048 pro
1246 2012 1348 2040 sanctis
1358 2012 1391 2039 ad
1409 2011 1492 2039 Deum
1521 2012 1744 2046 supplicationem

960 2066 1055 2085 eorum
1075 2058 1235 2085 memoriam
1257 2065 1318 2085 esse
1333 2061 1471 2092 pulautes,
1497 2058 1590 2084 nescio
1609 2057 1744 2084 Ulldcllill"

960 2109 1069 2139 accepta
1089 2104 1139 2130 hac
1156 2103 1291 2137 cositandi
1320 2104 1475 2130 occasione.
1496 2101 1588 2136 Neque
1614 2102 1687 2129 enim
1712 2110 1744 2128 ex

960 2150 1027 2185 ipsis
1044 2150 1126 2177 rebus
1142 2155 1182 2176 est
1196 2149 1253 2177 lucc
1271 2151 1381 2176 credere
1402 2153 1628 2179 consentaneum.
1645 2156 1695 2175 nec
1711 2157 1743 2176 ex

961 2195 1028 2230 ipsis
1045 2195 1134 2222 verbis
1148 2195 1285 2221 sacriﬁcii.
1303 2193 1335 2220 Et
1348 2194 1418 2228 quod
1435 2201 1525 2220 rerum
1543 2193 1653 2228 quidem
1668 2195 1742 2221 veri-

121 2239 266 2274 ῥημάτων.
283 2239 338 2265 Καὶ
364 2238 394 2263 τὸ
410 2238 459 2271 μὲν
485 2239 558 2270 εἰκὸς
580 2239 634 2280 τῷν
662 2240 844 2274 πραγμάτων,
865 2240 906 2266 ὅτι

962 2241 1106 2269 similitudo
1131 2241 1247 2268 multum
1272 2241 1348 2268 abest
1374 2244 1403 2266 ιιι
1430 2239 1488 2267 [nec
1514 2241 1661 2270 concedat.
1681 2240 1744 2267 hinc

122 2285 223 2312 πολλοῦ
238 2284 279 2311 δεῖ
303 2283 417 2310 τοιαῦτα
443 2286 612 2320 συγχωρεῖν,
636 2285 716 2319 δῆλον
741 2284 856 2312 ἐκεῑοεν.
878 2285 909 2312 Εἰ

121 2332 177 2366 γὰρ
192 2329 304 2365 εὔχεται
327 2330 396 2365 ὑπὲρ
412 2330 466 2357 τῶν
491 2331 611 2366 ἀγίωνή
633 2331 793 2366 Ἐκκλησία,
817 2332 910 2358 ἐκεῖνα

121 2376 234 2404 πάντως
259 2373 361 2406 εὔξαιτ’
382 2375 415 2401 ἂν
437 2374 455 2401 θ.
477 2374 573 2401 εἴωθεν
599 2375 727 2409 εὔχεσθαι
757 2376 907 2411 πανταχοῦ.

121 2423 188 2449 Τίνα
201 2421 230 2447 δέ
244 2422 319 2447 ἐστιν
337 2419 354 2446 ἃ
369 2419 480 2455 εὔχεται
495 2421 552 2451 τοῖς
567 2422 784 2456 κεκοιμημένοις
797 2431 805 2454 ;
822 2422 908 2455 Ἀφε-

123 2477 166 2499 σις
181 2466 336 2502 ἁμαρτιῶν,
353 2466 493 2501 βασιλείας
513 2466 694 2502 κληρονομία,
715 2467 867 2499 ἀνάπαυσις
879 2468 908 2495 ἐν

122 2516 178 2545 τοῖς
206 2512 318 2544 κόλποις
351 2512 480 2547 Ἀϐραὰμ
508 2513 578 2546 μετὰ
604 2511 659 2539 τῶν
689 2513 910 2548 τετελειωμένων

121 2561 221 2594 ἁγίων.
247 2558 341 2585 Ταῦτα
365 2559 416 2592 τῆς
438 2558 604 2593 Ἐκκλησίας
626 2558 703 2594 εὐχὴ,
721 2559 796 2594 παρὰ
822 2559 908 2586 ταῦτα

121 2607 199 2633 οὐδὲν
217 2605 251 2632 ἂν
281 2604 372 2639 εὕροις
397 2603 549 2638 εὐχομένην
577 2604 631 2635 τοῖς
666 2605 841 2639 μεταστᾶσιν.
864 2605 909 2632 Ἐν

119 2651 227 2682 τούτοις
243 2649 358 2685 ὥρισται
379 2650 396 2685 ὴ
414 2649 484 2684 πρὸς
501 2649 567 2675 Θεὸν
588 2650 668 2684 ἡμῶν
686 2650 786 2678 ἱκεσία.
801 2651 838 2678 Οὐ
852 2651 908 2686 γὰρ

122 2698 178 2723 πᾶν
195 2692 281 2730 οὗπερ
302 2695 335 2721 ἄν
349 2703 390 2726 τις
412 2695 612 2729 ἐπιθυμήσειεἸ
631 2696 678 2721 καὶ
701 2695 829 2730 εὖχεσοαι
852 2695 909 2728 ἔξεο

121 2751 183 2768 στιν
196 2749 203 2756 ·
217 2741 286 2768 ἀλλὰ
300 2739 439 2767 κάνταῦθα
455 2741 535 2772 νόμος
550 2741 620 2773 ἐστὶ,
636 2742 683 2768 καὶ
696 2742 768 2775 ὅρος,
782 2741 811 2768 ὅν
826 2742 908 2775 ὕπερ-

122 2788 228 2814 6αίνειν
242 2785 382 2820 ἀθέμιτον.

158 2834 195 2860 Τὸ
208 2833 273 2866 γὰρ,
287 2841 296 2858 t
313 2831 346 2857 Τί
369 2830 576 2866 προσευξόμεθα
591 2832 653 2858 καθ’
667 2832 681 2859 ὃ
696 2833 745 2863 δεῖ,
770 2834 819 2859 οὐκ
835 2834 907 2859 οἶδα-

124 2889 184 2915 μεν,
204 2878 299 2913 φησιν,
320 2876 375 2904 ἀλλ’
401 2876 468 2904 αὐτὸ
485 2876 513 2902 τὸ
532 2877 643 2913 Πνεῦμα
664 2878 822 2913 ἐντυγχάνει
837 2879 905 2914 ὑπὲρ

961 2291 1083 2321 apertum
1109 2291 1160 2314 est.
1186 2286 1213 2312 Si
1231 2286 1303 2312 enim
1331 2293 1379 2319 pro
1404 2286 1508 2312 sanctis
1535 2290 1596 2312 erat
1613 2285 1741 2318 Ecclesia,

961 2333 1006 2360 illa
1022 2333 1134 2360 omnino
1151 2333 1281 2365 oraverit,
1298 2339 1357 2366 quae
1371 2339 1480 2366 semper
1496 2339 1575 2358 orare
1590 2332 1741 2360 consuevit.

960 2379 1089 2412 Quasnam
1106 2383 1196 2405 autem
1214 2383 1278 2406 sunt
1301 2385 1361 2412 qua:
1386 2381 1500 2404 oranlur
1514 2376 1546 2403 iis
1562 2377 1607 2411 qui
1627 2377 1745 2404 dormie-

959 2425 1041 2452 runt?
1055 2424 1188 2451 Remissio
1202 2428 1386 2458 peccatorum,
1405 2423 1478 2458 regni
1492 2423 1648 2456 hereditas,
1666 2424 1743 2457 quies

959 2469 986 2496 in
1011 2470 1074 2497 sinu
1099 2469 1214 2496 Abrahae
1236 2476 1297 2495 cum
1326 2468 1523 2495 consummatis
1542 2469 1654 2496 sanctis.
1683 2469 1744 2495 lla'c

959 2520 1022 2542 sunt
1039 2515 1126 2542 oratio
1143 2515 1281 2542 Ecclesia.
1307 2513 1407 2541 Practer
1429 2515 1485 2541 haec
1500 2515 1567 2540 nihil
1583 2522 1645 2541 eam
1662 2521 1745 2540 oran-

960 2566 1014 2589 tem
1039 2562 1176 2589 inveneris
1195 2561 1228 2588 iis
1248 2561 1294 2595 qui
1317 2561 1497 2595 eluigraruut.
1516 2561 1542 2586 lu
1569 2561 1610 2586 bis
1636 2559 1743 2586 ditinita

959 2611 1001 2634 est
1018 2611 1111 2634 nostra
1138 2606 1172 2634 ad
1198 2606 1283 2633 Deum
1308 2605 1481 2640 supplicatio.
1500 2606 1558 2632 Non
1576 2605 1649 2632 enim
1664 2605 1744 2638 quiil—

958 2652 1022 2687 quid
1036 2652 1231 2680 desideraverit
1241 2651 1388 2686 quispiam,
1406 2651 1432 2678 id
1446 2652 1527 2678 etiam
1541 2650 1582 2677 fas
1596 2654 1639 2677 est
1653 2657 1742 2676 orare.

959 2697 1012 2725 Sed
1029 2698 1074 2725 hic
1089 2706 1198 2734 quoque
1216 2698 1259 2726 lex
1283 2702 1326 2726 est
1342 2697 1475 2725 terminus
1492 2703 1572 2731 quem
1599 2703 1654 2723 non
1681 2695 1744 2722 licet

959 2744 1123 2779 transgredi.

996 2842 1006 2859 ι
1038 2832 1108 2866 Quid
1141 2833 1214 2860 enim
1242 2832 1406 2863 orabimus,
1437 2834 1466 2857 ut
1493 2832 1624 2864 oportet,
1654 2826 1743 2855 nesci-

958 2887 1030 2914 mus,
1063 2879 1160 2915 inquit,
1183 2879 1231 2908 sed
1262 2879 1320 2914 ipse
1350 2877 1467 2913 Spiritus
1498 2874 1654 2912 interpellat
1688 2881 1744 2909 pro
