1976 3074
219 158 273 193 475

849 158 1004 190 NICOLAI
1026 156 1223 188 CABASlL/E

1789 154 1842 187 478

219 208 309 249 nobis,
327 226 337 243 ι
356 216 408 245 hoc
422 221 473 249 est,
493 225 553 252 quae
569 224 649 245 orare
664 221 772 252 oportet
787 224 837 248 nos
852 218 949 249 docet;
966 216 1003 243 ita

1063 214 1135 249 ιγμῶν
1149 223 1155 229 ·
1177 223 1185 240 ι
1202 212 1352 246 τουτέστιν,
1378 211 1396 240 ἃ
1416 212 1458 239 δεῖ
1472 212 1691 248 προσεύχεσθαι.
1720 212 1842 239 διδάσκει

218 261 291 291 enim
329 263 457 291 Ecclesia:
490 264 619 291 doctores
651 269 826 299 acceperunt.
853 264 1006 292 Considera

219 315 294 340 ergo,
309 308 330 334 si
349 311 447 342 praeter
461 315 493 335 ea
510 316 570 342 quae
590 309 662 336 dicta
679 315 753 342 sunt,
768 309 796 336 in
817 310 943 337 omnibus
961 317 1006 338 sa-

219 361 328 380 crorum
345 353 538 388 mysteriorum
563 355 792 383 celebrationibus
803 356 927 388 :inveniri
943 363 1006 390 pos-

220 397 254 423 sit
265 405 345 425 orans
360 398 492 431 Ecclesia,
511 402 538 427 et
562 408 615 428 non
641 401 774 428 invenies.
799 401 871 437 Ergo
888 403 1006 430 orabunt

219 443 329 476 quidem
348 443 381 472 iis
398 445 443 479 qui
473 446 510 472 rei
528 453 583 473 non
600 451 675 479 sunt,
698 448 885 477 remissionem
909 455 1006 483 pecca-

220 492 320 521 torum,
339 490 470 525 tanquam
489 492 579 519 adhuc
600 493 654 520 reis
673 497 700 520 et
724 493 866 528 obligatis:
890 494 1007 522 orabunt

219 540 310 562 autem
322 537 435 569 sanctis,
449 542 577 572 tanquam
596 546 650 566 non
663 539 853 572 sanetiiicatis,
870 548 932 568 eum
945 548 1006 569 san-

219 581 271 607 ctis
282 581 404 616 requiem
418 591 425 615 ;
443 584 563 611 orabunt
580 584 708 619 perfectis
730 587 1006 620 consummationem,

218 627 350 660 tanquam
370 628 490 656 nondum
516 631 726 663 consummatis,
745 635 772 659 et
793 630 832 659 sic
843 640 954 660 necesse
967 637 1009 661 est

217 679 268 699 eos
281 673 442 702 alterutrum
457 683 581 710 peccare.
604 676 653 704 Vel
668 677 741 704 enim
761 678 923 707 confitentes
942 679 1007 707 bea-

221 719 366 747 titudinem
385 724 413 748 et
439 722 633 756 perfectionem
651 728 819 759 sanctorum,
833 725 948 753 libentes
959 733 1008 753 vo-

222 764 282 791 lunt
298 766 369 800 apud
385 767 469 794 Deum
484 768 591 803 nugari,
611 773 638 796 et
653 769 761 797 inanem
782 778 832 805 pro
846 771 886 799 eis
905 773 1008 800 oratio-

222 818 283 836 nem
300 815 444 839 contexere
457 832 464 845 ,
478 813 550 847 quod
576 818 617 840 est
630 815 752 842 virorum
780 815 871 844 divina
891 818 1008 846 ludibrio

222 853 391 886 Labeatium,
406 856 497 889 potius
510 863 592 891 quam
609 860 781 888 sacerdotum
794 869 801 888 :
817 861 859 889 vel
874 862 947 890 serio
960 863 1007 896 Lfa-

222 900 324 927 cientes
337 901 483 933 orationes,
503 907 633 938 tanquam
649 905 839 934 existimantes
854 915 882 934 se
898 913 1007 936 sanctos

221 952 269 976 per
292 953 338 972 eas
361 945 467 980 juvare.
493 956 586 976 eorum
611 950 725 984 gloriam
745 951 910 984 inficiantur,
935 953 1007 986 quod

221 995 263 1016 est
275 990 462 1024 blasphemare
479 1001 532 1020 non
545 994 620 1029 ipsos
637 1000 752 1028 tantum,
768 996 815 1024 sed
830 997 911 1024 etiam
924 997 1007 1026 Deum

223 1033 323 1068 ipsum,
340 1036 421 1070 utqui
434 1038 567 1071 promissa
586 1047 639 1066 non
660 1043 810 1069 servaverit
827 1049 886 1078 qua:
906 1045 1011 1079 promi-

222 1079 265 1109 sit.
282 1087 311 1107 se
325 1088 372 1109 eos
384 1083 610 1118 glorificaturum,
622 1090 649 1113 et
663 1094 777 1122 regnum
795 1088 1007 1124 impertiturum.

225 1125 270 1152 Vel
296 1128 386 1162 potius
411 1133 559 1165 utrumque
571 1135 614 1158 est
643 1133 789 1161 manifesta
812 1134 1008 1170 blasphemia;

223 1172 275 1199 hoc
285 1173 404 1207 quidem,
419 1179 548 1210 tanquam
560 1177 673 1205 omnino
683 1180 840 1214 negantium
851 1187 1008 1210 sanctorum

225 1217 418 1246 beatitudinem
437 1240 444 1252 ,
461 1222 527 1249 illud
541 1227 643 1254 autem,
663 1228 790 1260 tanquam
810 1226 966 1255 facientium
977 1235 1009 1256 ea

224 1271 283 1296 qum
303 1263 406 1293 faciunt
428 1267 474 1301 qui
499 1273 612 1302 negant.
636 1269 711 1302 Quos
736 1272 808 1299 enitn
832 1273 926 1301 beatos
950 1281 1010 1302 esse

224 1309 349 1342 credunt,
364 1315 394 1338 ut
405 1312 450 1346 qui
466 1313 492 1339 iu
508 1313 624 1341 ﬁliorum
643 1316 766 1344 ordinem
791 1318 870 1345 relati
895 1324 968 1352 sunt,
983 1325 1011 1347 et

225 1355 310 1389 ipsius
324 1357 398 1391 regni
415 1358 535 1387 hrercdes
548 1379 556 1392 ,
589 1367 637 1388 eos
655 1361 731 1389 nullo
746 1370 807 1391 esse
830 1372 944 1393 munere
969 1366 1011 1394 af-

224 1399 311 1429 fectos
327 1407 353 1429 et
368 1403 547 1433 inhonoratos
559 1410 587 1433 et
599 1414 662 1436 reos
678 1429 686 1440 ,
712 1417 746 1436 eo
761 1410 820 1445 ipso
835 1418 889 1445 quo
910 1419 958 1447 pro
971 1413 1010 1441 eis

219 1447 289 1479 talia
308 1444 474 1484 precantur,
500 1455 644 1481 testantur.
658 1454 695 1481 ita
709 1444 776 1490 ergo
792 1444 888 1484 harum
910 1444 1011 1486 irerum

225 1493 310 1527 gratia
330 1494 477 1523 absurdum
490 1504 551 1524 esse
563 1498 679 1532 videtur,
698 1499 720 1527 si
735 1501 796 1535 quis
809 1502 946 1531 existimet
960 1503 1012 1532 Ec-

226 1537 316 1565 clesiae
331 1547 379 1573 pro
392 1541 496 1568 sanctis
508 1542 541 1568 ad
559 1542 642 1570 Deum
657 1544 821 1573 oblationem
834 1553 894 1575 esse
905 1549 1009 1582 suppli-
1024 1554 1046 1584 c

225 1584 369 1612 ratoriam.
395 1585 544 1614 Videamus
582 1593 674 1616 autem
710 1591 792 1618 etiam
821 1592 879 1627 ipsa
904 1595 1009 1623 verba:

229 1638 238 1654 ι
255 1629 387 1657 Przeterea
399 1631 540 1660 offerimus
554 1633 601 1660 tibi
618 1635 806 1664 rationabilem
823 1637 895 1666 hunc
906 1639 1010 1668 cultum

226 1682 275 1709 pro
292 1675 325 1701 iis
335 1676 381 1710 qui
393 1678 419 1704 in
433 1677 485 1704 fide
498 1680 699 1713 requiererunt.
710 1681 868 1716 majoribus,
879 1684 1011 1719 patribus,

227 1719 405 1752 patriarchis,
431 1721 581 1756 pr0phetis.
608 1726 748 1759 apostolis,
778 1728 1011 1764 praedicatoribus,

228 1765 413 1799 mangrlistis.
431 1769 612 1802 martyribus,
628 1770 843 1804 confessoribus.
870 1777 1013 1803 continett-

229 1809 311 1841 tibus,
327 1814 355 1837 ct
379 1812 452 1839 omni
469 1813 567 1848 spiritu
590 1815 616 1842 in
632 1815 683 1843 fide
701 1825 901 1853 consumtnato,
919 1822 1013 1856 praeci-

229 1863 281 1890 pue
296 1857 481 1890 sanctissima,
508 1859 678 1894 intemerata,
696 1863 815 1897 gloriosa
832 1864 946 1893 Domina
960 1875 1012 1895 no-

229 1906 298 1933 stra,
316 1902 427 1937 Dripara
445 1909 472 1932 et
486 1912 594 1940 semper
608 1907 713 1942 virgine
733 1908 827 1941 Maria.
841 1916 936 1939 sancto
951 1920 1013 1947 pro-

230 1949 307 1982 pheta
334 1949 506 1979 i’rteeursore
536 1956 563 1978 et
589 1952 710 1988 Baptista
735 1954 852 1989 Joanne,
863 1959 971 1986 sanctis
987 1964 1014 1986 ct

230 1995 380 2038 benedictis
406 1996 546 2030 apostolis,
565 2002 591 2024 et
612 1999 739 2027 omnibus
756 2003 858 2029 sanctis
874 2011 880 2029 :
896 2011 1012 2038 quorum

230 2041 357 2075 precibus
373 2035 481 2076 respice
499 2050 559 2077 nos,
577 2043 660 2079 Deus,
677 2050 703 2072 et
723 2052 862 2075 memento
891 2050 1013 2078 omnium

230 2086 276 2120 qui
289 2087 458 2115 dormierunt
469 2088 495 2115 in
505 2095 555 2124 spe
567 2091 775 2119 resurrectionis
788 2099 814 2120 et
824 2093 885 2120 vitae
895 2098 1013 2129 aeternas,

231 2137 256 2158 et
271 2132 312 2159 I'ac
324 2133 384 2159 illos
394 2133 536 2167 quiescere
548 2135 594 2162 ubi
607 2136 718 2170 respicit
737 2137 829 2165 lumen
846 2140 937 2166 vultus
948 2141 1012 2168 tui.»

232 2177 294 2204 ll.rc
307 2183 370 2205 sunt
385 2180 464 2206 verba
480 2180 506 2207 in
522 2181 620 2215 quibus
635 2182 708 2209 nulla
721 2185 876 2212 corrtinetur
892 2193 940 2220 pro
951 2194 1015 2213 san-

232 2225 284 2251 ctis
294 2225 326 2252 ad
341 2225 423 2252 Deum
435 2226 608 2260 supplicatio,
620 2235 668 2255 nec
678 2228 718 2255 eis
729 2230 857 2256 sacerdos
865 2231 1013 2265 quidquam

233 2276 392 2298 consuetum
415 2277 551 2306 precatur.
563 2272 614 2300 Sed
629 2275 745 2302 aliorum
765 2275 874 2310 quidem
895 2277 1014 2304 fidelium

234 2316 279 2350 qui
302 2317 479 2350 dormierunt,
496 2318 600 2347 faciens
617 2321 787 2352 memoriam,
809 2321 900 2349 statim
919 2322 1019 2356 adjicit

234 2369 282 2395 pro
305 2362 345 2390 eis
370 2362 533 2391 orationem.
546 2373 555 2390 ‹
573 2364 626 2391 Fac
641 2373 697 2396 eos.
720 2366 818 2400 inquit,
835 2367 1018 2401 requiescere,

235 2408 279 2435 ubi
296 2409 406 2443 respicit
418 2409 508 2437 lumen
525 2411 613 2438 vultus
631 2411 680 2438 tui.
696 2421 705 2438 ι
718 2410 747 2438 lu
762 2413 864 2440 sanctis
879 2418 968 2440 autem
979 2418 1020 2440 to-

235 2459 291 2480 tum
303 2459 344 2482 est
357 2456 535 2483 contrarium.
548 2455 609 2483 Non
622 2457 694 2484 enim
704 2465 753 2492 pro
764 2458 804 2484 cis
813 2457 880 2485 facit
890 2457 1022 2485 interces-

235 2500 351 2534 sionem,
367 2502 413 2529 sed
430 2501 504 2537 ipsos
516 2503 606 2537 potius
618 2503 812 2531 intercessores
836 2504 1020 2533 statuit.Cum

235 2547 305 2574 enim
332 2548 456 2580 dixisset,
487 2555 513 2575 et
534 2553 644 2576 sanctos
669 2549 885 2583 adnumerasset,
916 2550 1020 2585 adjicit:

238 2602 247 2617 ι
265 2594 384 2626 Quorum
395 2593 635 2622 intercessionibus
645 2595 722 2622 visita
738 2602 799 2629 nos,
816 2595 896 2624 Deus.
918 2606 928 2622 ι
944 2595 1022 2629 Quod

235 2643 327 2665 autem
342 2638 460 2666 maxime
477 2639 597 2667 ostendit
614 2648 668 2668 non
685 2641 843 2669 orationem
861 2642 980 2678 aliquam
995 2647 1022 2670 et

236 2685 472 2719 supplicationem,
488 2686 535 2714 sed
551 2694 599 2721 pro
615 2688 717 2715 sanctis
726 2688 875 2722 gratiarum
889 2689 1023 2716 actionem

237 2739 298 2759 esse
314 2731 371 2759 haec
387 2731 478 2765 verba,
504 2734 576 2768 quod
601 2735 682 2762 etiam
705 2735 751 2762 Dei
773 2734 859 2762 Mater
882 2735 909 2762 in
932 2743 964 2763 eo
979 2743 1025 2763 ca-

239 2778 329 2813 talogo
354 2778 476 2813 ponitur.
492 2778 584 2813 Neque
601 2780 672 2808 enim
702 2785 859 2816 poneretur,
876 2781 898 2809 si
928 2781 951 2809 is
960 2781 1025 2809 cbo-

240 2832 289 2852 rus
304 2824 394 2859 aliqua
416 2824 611 2854 intercessione
630 2831 730 2862 egeret,
753 2831 782 2854 ut
810 2835 870 2862 qua:
894 2832 936 2855 est
955 2828 1024 2855 ultra

240 2878 351 2900 onmem
366 2871 601 2906 intercessionem,
615 2882 668 2902 non
681 2874 767 2903 solum
783 2875 911 2902 humanae
923 2874 1024 2903 bierar-

1059 261 1147 295 ἡμᾶς·
1162 258 1234 285 οὕτω
1247 259 1301 294 γὰρ
1317 258 1342 285 οῑ
1356 258 1513 285 διδάσκαλοι
1528 258 1578 293 τῆς
1599 259 1762 294 Ἐκκλησίας
1773 258 1843 291 ἐξει-

1056 305 1186 340 λὴφασιν.
1200 304 1303 338 Σκέψαι
1330 303 1421 330 τοίνυν
1441 303 1493 330 εἴτι
1510 304 1590 332 πλέον
1608 305 1664 331 τῶν
1686 303 1842 339 είρημένων

1057 351 1086 377 ὲν
1101 350 1204 381 πάσαις
1217 349 1343 381 τελεταῖς
1359 351 1407 377 καὶ
1420 350 1584 385 ίερολογίαις
1604 349 1677 376 ἔστιν
1695 350 1786 384 εὑρεῖν
1798 349 1844 375 εὑ-

1057 396 1176 431 χομένην
1193 395 1243 430 τὴν
1262 395 1438 431 Ἐκκλησίαν,
1449 396 1498 422 καὶ
1515 396 1566 422 οὐκ
1577 394 1610 422 ἂν
1622 394 1724 430 εὕροις.
1736 393 1843 422 Οὐκοῦν

1057 440 1181 473 εὒξονται
1199 441 1250 476 μὲν
1261 442 1319 472 τοῖς
1337 441 1496 472 ἀνευθύνοις
1516 441 1616 474 ἄφεσιν
1635 440 1790 475 ἁμαρτιῶν,
1805 440 1845 471 ὡς

1057 486 1222 518 ὑπευθύνοις
1246 486 1348 514 έτικαὶ
1371 487 1447 518 δίκας
1471 487 1646 521 ὀφείλουσινυ
1665 486 1790 519 εῠξονται
1814 487 1843 514 δὲ

1057 533 1115 563 τοῖς
1141 531 1239 566 ἁγίοις,
1253 532 1292 563 ὡς
1316 532 1399 567 μήπω
1415 532 1605 567 ἡγιασμένοις,
1622 532 1672 567 τὴν
1696 533 1765 567 μετὰ
1788 532 1844 558 τῶν

1058 577 1145 612 ἁγίων
1167 577 1340 605 ἀνάπαυσιν*
1366 577 1490 611 εὔξονται
1511 578 1539 604 δὲ
1559 579 1701 605 τελείωσιν
1723 579 1780 610 τοῖς
1795 586 1843 603 τε-

1057 623 1150 656 λείοις,
1168 623 1206 654 ὼς
1226 623 1311 658 μήπω
1334 623 1530 652 τελειωθεῖσιν,
1546 624 1601 651 Καὶ
1623 623 1711 656 οὕτως
1735 624 1844 658 ἀνάγκη

1057 668 1131 696 δυοῖν
1156 668 1272 704 θάτερον
1294 669 1464 704 ἁμαρτάνειν
1490 669 1590 701 αὐτούς
1603 678 1611 686 ·
1631 670 1647 705 ἢ
1671 669 1726 704 γὰρ
1748 669 1846 704 ὁμολο-

1057 715 1170 750 γοῦντες
1185 715 1235 751 τὴν
1249 716 1453 752 μακαριότητα,
1479 717 1528 742 καὶ
1547 715 1601 752 τὴν
1616 716 1773 751 τελειότητα
1788 715 1844 742 τῶν

1059 759 1155 794 ἁγίων,
1172 759 1282 792 ἑκόντες
1298 759 1441 795 βούλονται
1458 760 1527 795 πρὸς
1539 760 1585 788 τὸν
1596 761 1663 788 Θεὸν
1676 761 1783 796 ληρεῖν,
1796 761 1845 788 καὶ

1060 806 1178 840 ματαίαν
1194 805 1265 841 ὑπὲρ
1295 806 1386 833 αὐτῶν
1410 806 1547 842 συνείρειν
1568 807 1660 842 εὐχὴν,
1677 807 1747 842 ὅπερ
1769 807 1845 833 ἐστὶν

1059 851 1163 887 ἀνδρῶν
1179 851 1214 878 τὰ
1236 851 1296 878 θεῖα
1324 852 1480 884 παιζόντων
1509 852 1610 888 μᾶλλον
1642 853 1658 888 ἢ
1686 853 1793 887 ἱερέων,
1808 853 1845 879 Ἦ

1061 897 1132 934 μετὰ
1151 898 1272 934 σπουδῆς
1294 898 1452 933 ποιούμενοι
1473 898 1523 931 τὰς
1539 899 1634 934 εὒχάς,
1650 898 1689 932 ὥς
1704 899 1737 926 ἂν
1752 899 1845 934 οἰόμε-

1059 953 1099 971 νοι
1117 943 1181 975 τοὺς
1197 944 1295 978 ἁγίους
1311 944 1344 971 δι’
1368 944 1457 971 αὐτῶν
1473 944 1603 980 ὠφελεῖν,
1619 945 1669 981 τὴν
1690 945 1782 972 αὐτῶν
1796 945 1846 980 ἁρ-

1059 989 1167 1017 νοῦνται
1188 989 1277 1023 δόξαν,
1296 990 1363 1026 ὄπέρ
1381 991 1440 1018 ἔστι
1462 990 1648 1026 βλασφημεῖν,
1670 990 1721 1017 οὐκ
1746 991 1846 1022 αὐτοὺς

1061 1037 1141 1071 μόνον
1157 1036 1226 1063 ἀλλὰ
1241 1037 1289 1064 καὶ
1302 1036 1348 1063 τὸν
1362 1036 1429 1063 Θεδν
1445 1037 1539 1070 αὐτὸν,
1557 1037 1596 1069 ὡς
1609 1037 1782 1072 ψευσάμενον
1796 1036 1847 1069 τὰς

1060 1082 1230 1117 ἐπαγγελίας
1243 1091 1251 1099 ⁸
1263 1082 1292 1114 ὃς
1308 1083 1494 1118 ἐπηγγείλατο
1513 1083 1648 1117 δοξάζειν,
1662 1083 1710 1110 καὶ
1728 1083 1778 1118 τῆς
1793 1081 1844 1118 βα-

1061 1129 1167 1160 σιλείας
1191 1128 1359 1164 μεταδώσειν
1382 1129 1493 1162 αὐτοῖς·
1521 1129 1623 1165 μᾶλλον
1642 1129 1671 1157 δὲ
1692 1130 1740 1157 καὶ
1761 1130 1848 1164 ἄμφω

1061 1176 1152 1211 σαφής
1167 1176 1227 1202 ιστι
1249 1175 1428 1211 βλασφημία·
1454 1175 1536 1203 τοῦτο
1563 1176 1624 1211 μὲν,
1644 1176 1682 1208 ὡς
1705 1175 1848 1207 παντελῶς

1060 1220 1235 1256 ἀρνουμένων
1259 1220 1310 1256 τὴν
1338 1221 1530 1256 μακαριότητα
1552 1221 1607 1248 τῶν
1630 1221 1736 1255 ἁγίων·
1751 1220 1843 1247 ἐκεῖνο

1059 1266 1100 1297 δὲ,
1116 1265 1154 1298 ὡς
1173 1265 1209 1292 τά
1232 1265 1288 1292 τῶν
1309 1265 1498 1302 ἀρνουμένων,
1525 1265 1687 1294 ποιούντωνε
1710 1265 1764 1297 Οὓς
1791 1266 1848 1301 γὰρ

1060 1309 1132 1339 εἶναι
1151 1310 1311 1339 πιστεύουσι
1327 1312 1491 1348 μακαρίους,
1511 1312 1549 1344 ὡς
1567 1313 1596 1339 ὲν
1612 1313 1680 1339 υίῶν
1703 1312 1786 1347 μοίρᾳ
1803 1320 1850 1338 τι·

1060 1359 1226 1394 ταγμένους,
1252 1358 1363 1394 καὶτῆς
1385 1358 1525 1393 βασιλείας
1547 1358 1633 1394 αὐτῆς
1650 1358 1847 1393 κληρονόμους,

1060 1405 1176 1437 τούτους
1190 1405 1256 1437 ίσως
1264 1404 1297 1432 ἃν
1307 1403 1473 1440 ἁγεράστοις
1487 1406 1536 1431 καὶ
1548 1405 1694 1440 ἀτιμήτοις
1706 1404 1751 1430 καὶ
1763 1404 1849 1429 ὑπευ-

1062 1450 1166 1484 θύνοις,
1183 1450 1218 1477 δι’
1233 1448 1272 1478 ὢν
1291 1450 1405 1478 τοιαῦτα
1420 1451 1489 1486 ὑπὲρ
1504 1451 1595 1478 αὐτῶν
1618 1451 1740 1484 ἀξιοῦσιν
1767 1450 1848 1485 εὔχε-

1063 1496 1137 1529 σθαι,
1155 1496 1355 1533 μαρτυροῦσιν.
1371 1495 1450 1523 Οὕτω
1467 1496 1516 1531 μὲν
1532 1496 1579 1523 οὖν
1594 1496 1685 1523 αὐτῶν
1702 1495 1782 1522 ἕνεκα
1793 1495 1849 1521 τῶν

1062 1543 1246 1577 πραγμάτων,
1265 1543 1367 1571 ἄτοπον
1390 1542 1462 1571 εἶναι
1488 1544 1625 1578 φαίνεται,
1638 1544 1718 1576 εἴτις
1741 1545 1849 1580 νομίζει

1062 1588 1112 1622 τὴν
1127 1588 1197 1623 ὑπὲρ
1222 1588 1277 1615 τῶν
1292 1589 1378 1623 ἀγίων
1393 1590 1469 1625 παρά
1485 1590 1535 1625 τῆς
1556 1590 1723 1626 Ἐκκλησίας
1747 1591 1787 1622 είς
1801 1590 1850 1617 τὸν

1062 1633 1130 1661 Θεὸν
1145 1635 1305 1671 προσφορὰν
1329 1636 1432 1662 ίκέσιον
1446 1632 1528 1663 εῐναι.
1545 1636 1659 1670 Ἰδωμεν
1674 1635 1702 1662 δὲ
1718 1636 1764 1662 καὶ
1778 1636 1850 1663 αὗτὰ

1062 1678 1098 1704 τὰ
1117 1679 1239 1714 ῥήματα.
1256 1688 1265 1705 ι
1286 1678 1349 1706 Ἔτι
1365 1679 1542 1714 προσάγομέν
1557 1687 1599 1706 σοι
1613 1679 1728 1714 λογικὴν
1744 1679 1850 1712 ταύτην

1063 1723 1192 1758 λατρείαν
1208 1725 1278 1759 ὑπὲρ
1293 1724 1347 1751 τῶν
1364 1726 1392 1751 ὲν
1408 1725 1498 1752 πίστει
1517 1725 1764 1760 ἀναπαυσαμένων,
1782 1734 1852 1761 προ-

1063 1769 1202 1804 πατόρων,
1224 1771 1414 1805 πατριαρχῶν,
1437 1771 1596 1806 προφητῶν,
1614 1771 1785 1804 ἀποστόλων,
1800 1781 1852 1806 κη-

1064 1815 1168 1850 ρύκων,
1183 1815 1396 1850 εὐαγγελιστῶν,
1411 1815 1559 1852 μαρτύρων
1570 1837 1578 1849 ,
1599 1817 1787 1853 ὁμολογητῶν,
1805 1820 1853 1852 ὲγ-

1064 1861 1232 1897 κρατευτῶν,
1256 1862 1303 1889 καὶ
1319 1861 1420 1893 παντὸς
1444 1862 1606 1897 πνεύματοξ
1618 1864 1648 1890 ὲν
1662 1863 1754 1890 πίστει
1768 1873 1852 1891 τετε-

1064 1905 1233 1940 λειωμένον·
1260 1907 1418 1941 ἐξαιρέτως,
1445 1907 1497 1942 τῆς
1523 1908 1672 1942 παναγίας,
1700 1909 1850 1944 ἀχράντου,

1065 1952 1339 1987 ὐπερευ).ογημένης,
1359 1953 1464 1985 ἐνδόξου
1487 1954 1638 1989 Δεσποίνης
1663 1955 1742 1990 ήμῶν
1756 1956 1854 1983 8:016-

1066 2006 1129 2031 κου,¹
1141 1999 1189 2026 καὶ
1206 1999 1389 2034 ἀειπαρθένου
1411 2000 1531 2036 Μαρίας,
1551 2000 1600 2027 τοῦ
1623 2001 1701 2035 ἁγίου
1726 2001 1851 2029 Ἰωάννου

1065 2043 1112 2070 τοῦ
1137 2045 1281 2079 προφήτου
1302 2046 1349 2072 καὶ
1366 2045 1522 2073 Βαπτιστοῢ
1544 2047 1592 2073 καὶ
1609 2047 1780 2083 Προδρόμου,
1797 2049 1853 2075 τῶν

1065 2089 1152 2124 ἁγίων
1163 2091 1211 2117 καὶ
1223 2091 1347 2126 πανευφή
1353 2100 1411 2126 μων
1426 2093 1594 2125 ἀποστόλων,
1610 2093 1657 2119 καὶ
1673 2094 1783 2120 πάντων
1799 2095 1853 2121 civ

1067 2137 1166 2170 ἁγίων,
1187 2134 1225 2164 ὧν
1242 2139 1301 2169 ταῖς
1331 2137 1448 2170 ίκεσίαις
1468 2137 1615 2173 ἐπίσκεψαι
1639 2139 1713 2173 ἡμᾶς
1736 2139 1750 2165 ὸ
1774 2140 1852 2173 Θεὸς,

1068 2183 1116 2208 καὶ
1136 2183 1275 2217 μνήσθητι
1291 2182 1401 2210 πάντων
1417 2182 1470 2209 τῶν
1485 2183 1695 2218 κεκοιμημένων
1708 2184 1752 2210 ἐπ’
1764 2184 1853 2212 ἐλπίδι

1033 2228 1254 2271 οάναστάσεως,
1284 2227 1333 2254 καὶ
1358 2228 1432 2262 ζῳῆς
1457 2228 1586 2255 αίωνίου·
1615 2228 1664 2255 καὶ
1693 2229 1854 2256 ἀνάπαυσον

1067 2275 1136 2300 ὅπου
1155 2274 1339 2300 ὲπισκοπείτδ
1354 2273 1413 2307 φῶς
1425 2273 1471 2300 τοῦ
1486 2274 1634 2310 προσώπου
1654 2275 1711 2302 σοῠ.
1728 2284 1737 2301 ι
1760 2276 1856 2303 Ταῦτα

1069 2319 1103 2346 τὰ
1113 2321 1225 2356 ῥήματα
1237 2320 1266 2346 ὲν
1279 2319 1318 2351 οἷς
1329 2320 1443 2355 οὐδεμία
1454 2321 1611 2356 περιέχεται
1625 2321 1754 2357 περὶτῶν
1768 2322 1856 2355 ἁγίωι

1071 2366 1139 2401 πρὸς
1165 2366 1210 2393 τὸν
1227 2366 1293 2393 Θεὸν
1320 2367 1420 2398 ίκεσία,
1445 2367 1505 2394 οὐδὲ
1527 2366 1637 2402 εὕχεται
1663 2368 1678 2394 ὸ
1695 2368 1786 2403 ἱερεὺς
1802 2369 1857 2395 τῶν

1070 2411 1204 2438 είωθότων
1215 2411 1390 2438 οὐδέν.Ἀλλὰ
1405 2412 1460 2438 τῶν
1478 2412 1528 2446 μὲν
1542 2412 1630 2439 ἄλλων
1646 2414 1857 2448 κεκοιμημένων

1072 2457 1176 2485 πιστῶν
1201 2458 1403 2493 μεμνημένους,
1421 2457 1502 2489 εὐθὺς
1519 2457 1698 2494 προστίθησιν
1721 2459 1772 2493 τὴν
1787 2459 1858 2494 ὑπὲρ

1072 2504 1175 2531 τούτων
1201 2504 1294 2539 εὐχήν.
1313 2513 1323 2530 ι
1348 2503 1520 2531 Ἀνάπαυσον
1547 2504 1601 2540 γὰρ
1626 2504 1736 2538 αὐτοὺς,
1762 2505 1858 2539 φησιν,

1072 2549 1140 2576 ὅπου
1154 2550 1299 2575 ἐπισκοπεῖ
1312 2550 1342 2575 τὸ
1359 2550 1417 2583 φῶς
1431 2549 1478 2575 τοῦ
1496 2549 1644 2584 προσώπου
1668 2558 1726 2576 σου.
1750 2559 1759 2575 ι
1779 2549 1860 2577 Ἐστι

1073 2595 1102 2621 δὲ
1117 2595 1171 2622 τῶν
1187 2594 1272 2629 ἁγίων
1288 2594 1447 2622 τούναντίον
1469 2595 1552 2622 ἁπαν.
1575 2594 1613 2621 Οὒ
1631 2594 1685 2630 γὰρ
1709 2595 1860 2628 πρεσϐείαν

1074 2641 1146 2676 ὑπὲρ
1161 2641 1251 2668 αὐτῶν
1271 2642 1401 2673 ποιεῖται,
1420 2640 1478 2667 ἀλλ’
1498 2641 1597 2672 αὐτοὺς
1619 2639 1722 2674 μᾶλλον
1739 2641 1860 2675 προῦάλ-

1074 2687 1152 2714 λεται
1177 2687 1319 2722 πρέσῆεις.
1346 2686 1439 2714 Εἰπὼν
1456 2687 1511 2721 γὰρ
1538 2686 1586 2713 καὶ
1612 2687 1770 2722 ἀριθμήσας
1798 2688 1861 2718 τοὺς

1074 2733 1171 2768 ἁγίους
1184 2753 1192 2766 ,
1217 2733 1328 2767 ἐπάγει,
1349 2741 1358 2759 ι
1378 2730 1428 2760 Ὠν
1443 2735 1504 2764 ταῖς
1530 2733 1689 2768 πρεσϐείαις
1712 2733 1862 2767 ἐπίσκεψαι

1076 2781 1162 2816 ἡμᾶς,
1179 2781 1193 2806 ὸ
1207 2780 1282 2811 Θεός.
1298 2788 1306 2805 ι
1327 2779 1360 2806 Ὃ
1375 2779 1404 2806 δὲ
1423 2779 1541 2814 μάλιστα
1563 2779 1710 2811 δείκνυσιν,
1725 2780 1756 2807 οὐ
1767 2779 1862 2814 δέησίν

1075 2835 1136 2853 τινα
1151 2826 1199 2853 καὶ
1217 2827 1334 2859 ἱκεσίαν,
1353 2825 1410 2852 ἀλλ’
1424 2825 1602 2860 εὐχαριστίαν
1618 2825 1688 2859 ὑπὲρ
1701 2825 1755 2852 τῶν
1775 2825 1862 2859 ἁγίων

1078 2869 1148 2900 εἶναι
1165 2872 1250 2900 ταῦτα
1265 2871 1298 2899 τὰ
1315 2871 1437 2907 ῥήματα,
1452 2871 1493 2898 ὅτι
1509 2871 1556 2898 καὶ
1574 2871 1590 2906 ὴ
1609 2870 1654 2898 τοῦ
1671 2870 1740 2898 Θεοῦ
1757 2870 1858 2906 Μήτηρ
