1976 3074
106 187 158 218 477

699 189 844 220 LiTURG
852 184 898 218 LE
920 188 1133 220 EXPOSITIO.

1669 185 1721 217 478

103 243 133 269 ὲν
147 242 238 278 τούτῳ
260 243 300 278 τῷ
315 244 459 280 καταλόγῳ
476 245 622 272 τάττεται·
639 247 670 272 οὑ
694 247 747 282 γὰρ
764 247 798 274 ἃν
813 246 888 273 ὲτάτο

949 246 1019 277 :hia3,
1046 246 1092 273 sed
1116 246 1197 273 etiatn
1224 245 1397 280 angelorum,
1415 252 1477 272 cum
1497 243 1531 271 sit
1544 243 1609 279 ipsis
1639 244 1722 270 etiam

101 297 176 321 τετο,
187 290 213 315 εί
229 289 370 324 μεσετείας
383 290 454 321 τινὸς
476 292 490 318 6
514 292 593 326 χορὸς
607 289 684 323 οὗτος
708 293 802 326 ἐδεῖτο,
818 293 835 328 ἦ
854 301 885 326 γε

102 334 194 369 πάσης
210 335 286 361 ἐστὶν
299 336 430 363 ἐπέκεινα
443 338 594 371 μεσιτείας,
605 339 636 364 οὺ
650 339 698 373 τῆς
712 339 885 374 ἀνθρωπίνης

104 381 186 415 μόνον
201 381 356 416 ίεραρχίας,
374 382 442 408 ἀλλὰ
456 384 503 408 καὶ
520 384 571 417 τῆς
583 384 636 410 τῶν
650 384 785 418 ἀγγέλων,
802 386 839 416 ὡς
855 385 888 411 ἂν

104 426 151 452 καὶ
178 426 267 453 αὐτῶν
293 424 361 453 οὖσα
386 427 440 453 τῶν
465 428 595 466 ἀνωτᾴτω
622 429 690 455 νόων
714 429 888 464 ἀσυγκριτως

105 473 257 507 ἁγιωτέρα.
271 474 325 500 Καὶ
340 473 394 508 μὴν
410 475 424 501 6
437 475 555 510 Χριστός
567 477 635 508 ἐστι,
650 475 743 510 φησὶν,
758 475 773 501 6
787 475 890 510 ταύτην

104 518 191 544 τελῶν
217 519 384 554 ἱερουργίαν.
414 521 448 547 Τί
466 520 512 547 οὖν
535 521 691 554 θαυμαστὸν
713 521 737 547 εί
767 521 813 547 καὶ
833 522 890 552 τοῖς

105 563 194 596 ἁγίοις
209 565 257 591 καὶ
268 565 336 601 αὐτῇ
350 567 521 600 μεσιτεύσιιε
534 569 566 601 τῇ
581 567 673 602 Μητρί
686 575 694 599 ;
715 566 785 594 Ἀλλ’
797 567 891 593 οὐδένα

104 610 184 637 τοῦτο
211 611 290 646 λόγον
317 612 384 647 ἔχει.
402 609 438 640 0λῦ
463 613 518 648 γὰρ
531 610 607 645 οὗτος
629 613 643 639 ὸ
661 613 761 648 τρόπος
777 612 827 647 τῆς
843 612 890 639 τοῦ

105 656 227 691 Χριστῡῦ
245 658 384 691 μεσιτείας
395 666 403 674 ·
423 660 537 694 μεσίτης
561 660 611 694 μὲν
626 660 679 693 γὰρ
694 659 803 693 ἐγένετο
813 657 890 693 ,Θεοῦ

105 704 153 729 καὶ
170 702 323 738 ἀνθρώπων
333 713 340 720 ·
353 705 412 730 ἀλλ’
428 705 457 731 οὑ
473 705 562 739 λόγοις
579 707 635 732 τισὶ
647 707 691 732 καὶ
709 705 816 737 εὐχαῖς,
832 704 890 731 ἀλλ’

105 749 210 782 ἑαυτῷ’
227 750 269 776 ὅτι
283 750 336 785 γὰρ
350 750 416 782 Θεὸς
428 751 441 777 6
453 751 534 782 αὐτὸς
549 752 596 778 καὶ
609 752 751 786 ἄνθρωπος
767 749 811 783 ἦν,
823 750 890 777 Θεὸν

104 793 264 828 ἀνθρώποις
281 795 396 830 συνῆψε,
410 796 499 823 κοινὸν
515 796 578 831 ὅρον
601 796 698 823 ἑαυτὸν
719 795 892 830 ἀμφοτέραις

939 291 1118 318 sanctissimis
1132 290 1267 317 mentibus
1279 289 1529 325 incomparabiliter
1538 290 1667 316 sanctior.
1677 290 1723 315 Αί-

939 337 985 371 qui
1003 337 1126 364 Christus
1142 341 1191 369 est,
1205 336 1356 371 inquit,qui
1368 336 1419 363 hoc
1432 335 1535 370 peragit
1546 334 1721 361 sacrificium.

941 382 1011 415 Quid
1025 390 1090 417 ergo
1104 382 1212 414 mirum,
1227 382 1259 416 si;
1269 382 1349 409 etiam
1367 388 1414 416 pro
1428 380 1530 408 sanctis
1546 384 1572 406 et
1585 378 1669 405 Matre
1681 379 1722 405 iu-

942 428 1095 456 tercesserit
1110 427 1121 454 ?
1139 426 1190 455 Sed
1206 427 1257 454 hoc
1273 427 1375 453 nullam
1399 426 1479 453 habet
1495 426 1639 459 rationem.
1664 423 1722 450 Non

943 477 986 501 est
1000 474 1071 500 enim
1091 473 1136 500 hic
1165 473 1262 500 modus
1288 472 1491 500 intercessionis
1521 471 1634 498 Christi.
1661 470 1722 496 Fuit

943 519 1016 547 e'nim
1031 520 1195 546 intercessor
1222 518 1267 545 Dei
1285 522 1311 545 et
1331 518 1482 549 hominum,
1497 517 1543 544 sed
1563 523 1618 543 non
1634 515 1723 542 verbis

943 564 1105 599 quibusdam
1115 567 1141 591 et
1156 564 1291 598 precibus,
1305 563 1352 590 sed
1364 563 1463 597 seipso,
1473 569 1570 596 nempe
1584 561 1723 595 quodcum

942 610 1014 638 Deus
1032 615 1060 637 et
1075 611 1157 637 homo
1175 614 1258 641 esset.
1283 608 1366 636 Deum
1398 608 1555 636 hominibus
1583 601 1726 641 conjunxit

941 663 1112 684 camnlunem
1126 657 1270 683 terminum
1296 656 1414 690 seipsum
1432 655 1555 688 utriSque
1567 653 1672 679 naturis
1685 652 1727 678 in-

939 703 1047 738 jiciens.
1060 702 1225 729 Existimare
1249 706 1339 729 autem
1359 701 1458 735 ipsum,
1485 707 1534 734 per
1552 706 1646 734 preces
1665 699 1724 732 quae

942 748 1215 779 ﬂuntin'sacriiicio,
1241 755 1347 781 semper
1376 747 1555 776 intercedere,
1583 749 1625 771 est
1652 743 1729 771 omni

941 794 1114 828 blasphemia
1134 793 1348 821 et'absurditate
1359 793 1481 827 plenum.

103 842 163 871 ταῖς
182 841 297 874 φύσεσιν
326 842 463 877 ὲμῦαλὼν.
486 843 523 870 Τὸ
547 844 575 870 δὲ
590 843 712 879 νομίζειν
739 843 821 870 αὑτὸν
845 842 890 868 διὰ
907 841 962 868 τῶν
980 842 1010 868 ὲν
1024 843 1057 877 τῇ
1076 841 1217 877 ἱερουργίᾳ
1229 840 1315 876 εὐχῶν
1329 840 1374 867 ἀεὶ
1407 839 1570 875 μεσιτεύειν,
1602 837 1731 873 εβλασφηέ

105 889 172 923 μίας
187 889 298 923 ἀπάσης
314 890 362 917 καὶ
378 890 494 922 ἀτοπίας
508 892 567 918 ἐστὶ
583 892 693 925 μεστόν;

141 935 174 961 Et
190 935 243 970 γὰρ
259 936 306 962 καὶ
328 936 410 967 αὐτός
426 937 500 964 ἔστιν
516 937 530 963 ὸ
544 924 630 963 τελῶν
650 937 700 972 τὴν
720 935 888 972 ἱερουργίαν,

976 933 1034 961 Etsi
1048 933 1120 961 enim
1130 934 1188 968 ipse
1200 937 1241 960 est
1251 932 1296 967 qni
1313 931 1417 967 peragit
1427 924 1601 962 sacriﬁcium,
1613 931 1666 957 n0n
1689 929 1729 957 tae

105 980 163 1006 ἀλλ’
180 980 211 1006 οὐ
228 980 318 1007 πάντα
339 981 374 1008 τὰ
385 983 444 1008 ἐκεῖ
458 983 589 1017 γινόμενα
601 983 649 1009 καὶ
662 982 799 1017 λεγόμενα
814 981 890 1017 αὐτῷ

105 1026 291 1061 ἀναθήσομεν.
308 1027 345 1054 Τὸ
361 1027 411 1062 μὲν
432 1028 486 1062 γὰρ
512 1028 592 1064 ἔργον
607 1028 658 1063 τῆς
683 1028 887 1063 μυσταγωγίας,

106 1071 154 1098 καὶ
186 1073 217 1098 τὺ
234 1072 322 1106 τέλος,
339 1073 400 1108 ἦτοι
428 1074 458 1100 τὸ
479 1074 645 1109 ἁγιασθῆναι
671 1075 706 1101 τὰ
731 1075 816 1110 δῶρα,
843 1074 891 1101 καὶ

107 1117 222 1150 ἁγιάσαι
242 1118 306 1150 τοὺς
325 1119 450 1153 πιστοὺς,
470 1120 551 1152 αὑτός
580 1121 638 1147 ἐστι
659 1121 740 1156 μόνος
758 1122 772 1147 6
795 1120 890 1148 τελῶν.

107 1165 140 1190 At
159 1165 187 1190 δὲ
206 1166 271 1199 περὶ
294 1164 400 1193 τούτων
413 1166 493 1200 εὐχαὶ
517 1168 564 1193 καὶ
583 1167 693 1201 δεήσεις
714 1167 762 1193 καὶ
778 1166 890 1199 ίκεσίαι,

107 1210 155 1236 τοῦ
171 1211 267 1245 ἱερέως
279 1219 285 1227 ·
301 1212 392 1239 ἐκεῖνα
410 1213 458 1246 μὲν
471 1213 524 1248 γὰρ
538 1213 678 1246 δεσπότου,
693 1213 780 1240 ταῦτα
793 1214 822 1240 δὲ
833 1213 893 1240 δού-

107 1257 173 1283 λου·
195 1258 242 1284 καὶ
259 1258 274 1284 ὀ
301 1257 350 1292 μὶν
367 1257 487 1292 εὗχεται,
511 1260 525 1285 6
548 1258 578 1285 δὲ
595 1259 694 1286 τελειοί
721 1259 769 1290 τὰς
784 1259 867 1294 εὐχάς
883 1267 889 1273 ·

109 1304 157 1330 καὶ
172 1304 186 1330 6
202 1304 253 1337 μὲν
269 1304 366 1339 Σωτὴρ
379 1305 496 1337 δίδωσιν,
511 1306 524 1332 ὁ
539 1305 567 1332 δὲ
583 1306 674 1340 ἱερεὺς
693 1305 764 1340 ὑπὲρ
778 1305 832 1332 τῶν
849 1305 894 1332 80-

110 1348 215 1376 οέντων
228 1349 400 1384 εὐχαριστεί-
416 1351 464 1377 xui
479 1351 493 1377 6
508 1351 558 1385 μὲν
575 1351 666 1385 ίερεῦς
679 1351 823 1386 προσάγει.
836 1351 850 1376 6
865 1351 892 1377 δὲ

109 1395 215 1430 Κυριος
228 1396 370 1431 ἐκδέχεται
389 1396 424 1422 τὰ
440 1396 532 1431 δῶρα·
548 1397 698 1431 προσφέρει
721 1397 769 1430 μὲν
781 1396 836 1431 γὰρ
847 1397 894 1422 καὶ

110 1441 125 1468 ὁ
150 1441 266 1476 Κύριος.
284 1441 341 1468 ἀλλ’
369 1441 464 1468 ἑαυτὸν
488 1441 528 1476 τῷ
553 1441 668 1476 Πατέρι,
692 1441 738 1467 καὶ
762 1442 797 1467 τὰ
821 1441 895 1476 δῶρα

112 1486 211 1518 ταῦτα,
225 1487 290 1514 ὃταν
306 1487 387 1518 αὐτὸς
398 1487 539 1520 γένωνται,
552 1487 616 1513 ὅταν
630 1488 669 1517 sic
681 1486 713 1512 τὸ
722 1486 805 1513 αὑτοῦ
817 1486 896 1520 σῶμα

113 1532 162 1559 καὶ
178 1529 249 1566 αἷμα
267 1532 484 1567 μεταδληθῶσιν.
502 1533 563 1559 Ὀτι
580 1532 634 1567 γὰρ
658 1532 755 1558 ἑαυτὸν
779 1532 897 1566 προσφέ-

115 1586 168 1612 ρει.
184 1578 229 1604 διὰ
244 1577 325 1604 τοῦτο
340 1575 410 1604 εἷναι
422 1577 530 1612 λέγεται
547 1578 560 1604 ὁ
571 1578 652 1609 αὐτὸς
664 1577 711 1604 καὶ
723 1577 895 1612 προσφέρων,

113 1624 161 1650 καὶ
185 1623 420 1658 προσφερόμενος,
444 1624 490 1650 καὶ
518 1623 751 1658 προσδεχόμενος²
778 1623 894 1656 προσφέ-

114 1678 170 1703 ρων
187 1669 246 1703 μὲν,
265 1670 310 1696 καὶ
328 1669 558 1704 προσδεχόμενος,
582 1669 619 1700 ὡς
643 1668 726 1700 Θεός’
744 1669 898 1702 προσφερό-

116 1723 197 1750 μενος
209 1714 238 1741 δὲ
252 1714 289 1746 ὡς
306 1714 449 1749 ἄνθρωπος
461 1723 468 1730 ο
481 1715 565 1748 ἄρτον
578 1714 605 1740 δὲ
631 1715 679 1740 καὶ
690 1711 763 1740 οῐνον
778 1713 818 1739 ἔτι
835 1712 900 1739 ὄντα

113 1761 149 1786 τὰ
160 1760 247 1796 δῶρα,
263 1761 414 1795 προσφέρει
437 1760 487 1795 μὶν
503 1760 515 1786 6
533 1760 631 1795 ῑερεὺς,
647 1758 828 1794 προσδέχεται
842 1758 871 1784 δὲ
885 1758 901 1784 ὁ

115 1806 231 1840 Κύριος.

153 1853 208 1878 Καὶ
224 1852 251 1878 τί
275 1852 360 1878 ποιῶν
379 1851 413 1878 τὰ
436 1851 510 1886 δῶρα
539 1850 740 1886 προσδέχεται;
767 1848 901 1883 ’Δγιάξων

116 1897 195 1927 αὐτὰ.
215 1898 256 1929 είς
282 1898 312 1924 τὸ
337 1897 420 1924 αὑτοῦ
448 1897 526 1930 σῶμα
543 1898 590 1923 καὶ
616 1894 686 1930 αἷμα
714 1895 899 1931 μεταϐάλλων.

116 1943 204 1971 Τοῦτο
231 1944 284 1979 γὰρ
311 1943 341 1970 τὸ
366 1943 503 1978 δέχεσθαι,
528 1943 559 1969 τὸ
577 1941 756 1974 οἰκειοῦσθαι,
782 1941 853 1968 κατὰ
868 1942 903 1968 τὰ

116 1989 307 2024 προειρημένα
320 1997 327 2005 ·
346 1985 422 2020 οὗτος
434 1989 448 2015 6
461 1988 562 2023 τρόπος
579 1987 641 2014 καθ¹
656 1987 686 2013 ὃν
697 1987 712 2014 6
724 1986 840 2022 Χριστὸς
854 1985 903 2021 τὴν

118 2035 276 2070 ῐερουργίαν
302 2034 405 2069 ταύτην
422 2034 579 2070 ίερονργεῐ·
602 2031 691 2059 ταῦτά
713 2032 789 2059 ἔστιν
808 2032 826 2059 ἃ
853 2031 905 2067 τὴν

119 2069 273 2116 ἱερωσύνην
289 2080 365 2114 αὐτῷ
381 2080 470 2106 ποιεῖ·
489 2069 516 2105 εἰ
537 2079 566 2105 δὲ
580 2078 648 2113 πρὸς
664 2079 721 2109 τοῖς
735 2077 903 2112 εἰρημένοις,

117 2128 164 2153 καὶ
181 2127 232 2157 τὰς
249 2126 277 2152 ὲν
292 2127 325 2160 τῇ
346 2125 529 2160 μυσταγωγίᾳ
551 2123 644 2158 εὐχὰς.
659 2123 676 2158 ἢ
697 2123 787 2154 πάσας
800 2122 816 2157 ἢ
829 2123 905 2153 τινὰς

116 2172 164 2199 τοῦ
181 2171 302 2206 Χριστοῦ
315 2171 374 2206 θείη
393 2179 435 2201 τις
450 2168 521 2197 εἶναι
534 2171 638 2204 φωνὰς,
653 2169 727 2196 οὐδὲν
741 2169 812 2196 κατὰ
827 2169 907 2195 τοῦτο

116 2218 215 2245 διοίσει
241 2217 297 2244 τῶν
311 2217 428 2248 ἀσεϐῶν,
443 2216 468 2243 οἳ
483 2217 533 2251 τὴν
559 2215 640 2248 δόξαν
654 2215 737 2242 αὑτοῦ
763 2215 907 2250 καθαιρεῖν

941 988 1002 1007 men
1022 980 1113 1006 omnia
1128 986 1188 1013 qum
1201 979 1256 1006 illic
1268 979 1395 1006 dicuntur
1410 983 1438 1005 et
1452 978 1529 1008 ﬁunt,
1546 977 1569 1004 ci
1594 976 1727 1003 attribue-

941 1034 1012 1053 mus.
1024 1025 1143 1061 Mysterii
1154 1025 1226 1052 enim
1252 1031 1320 1059 opus
1334 1025 1464 1053 ct'tincm.
1491 1023 1640 1050 sacriﬁcari
1659 1022 1730 1048 scili-

943 1077 987 1100 cet
1006 1077 1032 1100 et
1052 1072 1217 1099 sanctiﬁcari
1230 1071 1332 1102 ﬁdeles,
1360 1071 1416 1105 ipse
1441 1074 1482 1097 est
1503 1070 1578 1097 solus
1593 1069 1639 1101 qui
1664 1076 1728 1103 per<

941 1117 1007 1152 agit.
1022 1117 1058 1143 De
1068 1117 1111 1145 his
1123 1121 1211 1144 autem
1226 1124 1320 1152 preces
1330 1121 1393 1145 sunt
1405 1116 1541 1144 orationes
1554 1119 1580 1143 et
1592 1114 1729 1150 supplica-

942 1163 1032 1191 tiones
1047 1163 1207 1191 sacerdotis.
1222 1162 1269 1190 llla
1282 1162 1354 1190 enim
1371 1166 1435 1190 sunt
1459 1161 1577 1193 Domini,
1599 1161 1656 1187 hac
1667 1166 1733 1187 vero

942 1210 1013 1238 servi
1026 1219 1033 1243 ;
1052 1213 1079 1250 et
1092 1209 1137 1237 hic
1151 1209 1258 1244 quidem
1275 1212 1410 1243 precatur,
1431 1207 1475 1235 ille
1490 1214 1553 1233 vero
1568 1213 1662 1240 preces
1673 1213 1733 1240 per-

943 1257 1009 1289 licit;
1021 1260 1047 1284 et
1064 1255 1195 1283 Dominus
1212 1255 1319 1290 quidem
1338 1254 1439 1286 donat,
1457 1253 1586 1280 sacerdos
1601 1259 1664 1278 vero
1685 1259 1732 1284 pro

944 1302 979 1330 iis
994 1309 1055 1337 quae
1069 1301 1131 1329 data
1149 1301 1287 1335 sunt,agit
1302 1300 1402 1335 gratias
1415 1308 1422 1332 ;
1439 1304 1465 1326 et
1481 1298 1610 1326 sacerdos
1623 1296 1732 1332 quidem

944 1348 1032 1379 oﬂ'ert,
1072 1347 1202 1374 Dominus
1233 1354 1297 1373 vero
1323 1346 1394 1372 dona
1417 1344 1525 1378 accipit.
1551 1342 1634 1369 Oti‘ert
1661 1343 1733 1369 enim

944 1393 1025 1421 etiam
1052 1393 1192 1424 Dominus,
1209 1391 1255 1418 sed
1281 1391 1400 1425 seipsum
1423 1389 1510 1421 Patri,
1544 1393 1570 1415 et
1590 1388 1659 1414 dona
1678 1387 1735 1414 hazc

945 1439 1056 1475 quando
1076 1438 1134 1470 ipse
1149 1437 1219 1464 facta
1235 1436 1345 1467 iuerint,
1361 1435 1469 1469 quando
1482 1433 1508 1460 in
1522 1433 1579 1467 ejus
1590 1439 1688 1466 corpus
1710 1434 1736 1457 et

946 1484 1107 1518 sanguinem
1120 1488 1250 1509 conversa
1270 1485 1296 1507 ct
1315 1485 1429 1506 mutata.
1443 1478 1511 1511 Quia
1529 1477 1600 1504 enim
1615 1477 1735 1509 seipsum

947 1530 1034 1560 otl‘ert,
1043 1529 1103 1555 ideo
1114 1527 1212 1554 dicitur
1221 1527 1290 1553 idem
1305 1533 1366 1553 esse
1377 1529 1403 1551 et
1413 1524 1459 1558 qui
1468 1523 1530 1550 oli‘et
1538 1527 1556 1553 ι,
1566 1527 1592 1549 et
1600 1521 1646 1557 qui
1659 1519 1737 1547 od‘cr-

948 1579 1024 1602 turet
1033 1573 1157 1606 suscipit,
1174 1571 1291 1599 oderens
1298 1569 1406 1605 quidem
1416 1568 1600 1602 etsuscipicns
1617 1570 1646 1593 ut
1656 1565 1737 1602 Deus.

948 1620 1054 1647 oblatus
1065 1623 1154 1644 autem
1165 1620 1195 1643 ut
1206 1618 1299 1642 homo.
1310 1615 1412 1641 Panem
1424 1617 1513 1640 autem
1525 1610 1737 1641 etvinum.dum

949 1665 1037 1692 adhuc
1057 1663 1128 1690 dona
1146 1666 1221 1693 sunt,
1238 1661 1316 1688 offert
1335 1659 1443 1694 quidem
1475 1657 1610 1688 sacerdos,
1627 1656 1739 1690 suscipit

950 1715 1039 1738 autem
1054 1708 1197 1736 Dominus.
1218 1706 1251 1733 Et
1263 1705 1327 1740 quid
1355 1711 1436 1738 agens
1450 1704 1521 1730 dona
1549 1701 1688 1735 suscipit?
1703 1701 1738 1727 Ea

951 1756 1138 1787 sanctillcans,
1151 1754 1178 1781 in
1194 1759 1274 1780 suum
1293 1758 1393 1785 corpus
1409 1748 1604 1783 etsauguincm
1617 1751 1737 1773 mutans.

952 1803 1009 1829 Hoc
1031 1800 1103 1828 enim
1126 1804 1168 1826 est
1198 1798 1346 1831 suscipere,
1376 1794 1516 1829 proprium
1550 1797 1576 1820 et
1606 1792 1740 1819 familiare

952 1849 1067 1880 allicere,
1084 1851 1113 1874 ut
1128 1845 1230 1873 dictum
1246 1848 1300 1871 est.
1314 1842 1364 1869 llic
1374 1846 1415 1869 est
1434 1841 1530 1868 modus
1544 1847 1598 1875 quo
1615 1840 1740 1867 Christus

953 1895 1005 1922 hoc
1019 1892 1182 1921 sacriﬁcium
1199 1890 1328 1917 oelehrat.
1343 1887 1410 1915 Haec“
1424 1890 1488 1914 sunt
1499 1893 1558 1920 qua:
1570 1886 1593 1912 ei
1608 1885 1739 1912 sacerdo-

954 1941 1021 1968 tium
1044 1939 1225 1967 constituunt.
1257 1937 1284 1962 Si
1302 1940 1391 1962 autem
1413 1939 1511 1968 praeter
1536 1939 1569 1959 ea
1586 1939 1644 1965 qua:
1670 1930 1741 1956 dicta

955 1990 1028 2017 sunt.
1042 1984 1123 2011 etiam
1138 1982 1276 2008 orationes
1288 1987 1349 2014 qum
1362 1979 1429 2006 ilum
1441 1977 1467 2004 in
1482 1976 1605 2011 mysterii
1619 1974 1741 2001 celebra-

956 2031 1040 2062 tione,
1049 2029 1095 2056 vel-
1103 2035 1197 2056 omnes
1221 2027 1264 2054 vel
1277 2026 1383 2060 aliquas
1393 2023 1494 2052 Christi
1508 2029 1587 2049 voces
1598 2027 1657 2048 csse
1667 2019 1742 2046 dixe-

955 2077 1001 2109 rit.
1012 2075 1078 2104 nihil
1093 2076 1179 2102 inhao
1193 2081 1222 2100 re
1237 2073 1271 2100 ab
1282 2072 1372 2103 impiis
1388 2069 1502 2100 ditl’erct,
1514 2067 1561 2101 qui
1574 2066 1632 2102 ejus
1650 2065 1743 2100 gloria:

956 2120 1098 2148 detrahere
1112 2117 1170 2146 ausi
1186 2120 1260 2145 sunt.
1277 2115 1346 2149 Lege
1356 2120 1457 2141 omnes
1468 2111 1614 2141 orationes,
1633 2113 1659 2137 et
1672 2109 1757 2149 scies.

956 2166 1041 2194 vetba
1076 2165 1122 2192 illa
1150 2163 1247 2191 omnia
1279 2168 1341 2189 esse
1370 2165 1512 2187 servorum
1550 2155 1642 2182 verba.
1673 2154 1743 2186 Lege

958 2213 1039 2240 etiam
1053 2219 1112 2239 eam
1129 2211 1155 2237 in
1169 2216 1222 2244 qua
1236 2211 1399 2236 sanctorum
1427 2203 1562 2233 meminit.
1591 2208 1672 2233 quam
1695 2207 1744 2226 au-

117 2264 282 2299 ἐτὸλμησαν.
307 2263 459 2296 ’Δνάγνωθι
475 2248 526 2294 τάξ
542 2262 624 2297 εὐχὰς
639 2261 760 2294 ἁπάσας,
783 2261 831 2288 καὶ
846 2248 897 2296 εἰσ]

959 2258 1024 2286 dent
1036 2257 1147 2285 Christo
1164 2255 1293 2284 tribuere,
1304 2257 1331 2279 et
1347 2250 1470 2278 invenies
1488 2249 1554 2276 nihil
1568 2248 1622 2275 illic
1646 2254 1745 2274 convc-

117 2311 152 2338 τὰ
178 2311 287 2345 ῥήματα
328 2311 419 2337 ἐκεῖνα
445 2309 535 2337 πάντα
559 2309 660 2336 δούλων
680 2306 749 2335 εἶναι
774 2308 883 2344 ῥήματα
897 2316 905 2324 ·

119 2356 260 2389 ἀνάγνωθι
285 2355 333 2382 καὶ
347 2355 452 2390 ταύτην
465 2355 482 2390 ἢ
500 2355 665 2390 μνημονεύει
689 2354 743 2380 τῶν
760 2354 856 2389 ἁγίων,
872 2354 906 2388 ἣν

118 2401 157 2436 τῷ
174 2401 285 2436 Χριστῷ
306 2401 464 2428 ἀνατιθέναι
485 2401 618 2435 τολμῶσι,
637 2400 685 2427 καὶ
702 2400 830 2435 εὑρήσεις
849 2400 907 2426 ἐκεῖ

118 2447 198 2474 οὐδὲν
216 2447 266 2481 μὲν
278 2446 329 2481 υἱῷ
355 2446 462 2481 πρέπον
477 2445 616 2481 ὁμοτίμῳ,
636 2445 725 2472 πάντα
748 2445 777 2471 δὲ
792 2444 904 2472 δούλων.

119 2494 233 2528 Πρῶτον
261 2494 312 2527 μιν
326 2493 391 2527 γὰρ,
417 2492 468 2518 οὐκ
486 2491 533 2525 ἀφ’
559 2491 618 2522 ἑνὸς
645 2489 808 2526 προσώπου,
836 2489 906 2516 ἀλλὰ

119 2537 198 2572 κοινὴ
217 2537 265 2564 τοῦ
280 2537 376 2571 γένους
390 2537 466 2563 ἐστὶν
480 2537 496 2571 ἡ
515 2535 686 2571 εὐχαριστία,
707 2536 754 2561 καὶ
768 2534 804 2565 ὡς
818 2535 906 2568 ἀμαρ-

119 2585 268 2619 τήσαντες,
293 2583 340 2609 καὶ
356 2582 394 2618 μὴ
420 2582 615 2617 περιοφθέντες
629 2581 681 2607 uno
704 2581 754 2616 τῆς
775 2581 822 2606 τοῦ
837 2579 906 2606 Θεοῦ

119 2629 338 2664 φιλανθρωπίας.
363 2628 573 2664 εὐχαριστοῦσι·
587 2628 634 2654 καὶ
649 2628 666 2662 ἡ
687 2626 849 2662 εὐχαριστία
874 2625 905 2652 οὐ

119 2676 190 2712 πρὸς
205 2676 252 2702 τὸν
266 2676 376 2710 Πατέρα
393 2676 485 2710 μόνον,
500 2675 569 2702 ἀλλὰ
581 2675 629 2701 καὶ
644 2673 711 2708 πρὸς
722 2674 768 2699 τὸν
782 2673 845 2699 Υἱδν
859 2673 906 2699 αὗ-

119 2723 180 2753 τοῦ,
201 2722 291 2749 καὶτὸ
309 2722 422 2758 Πνεῦμα
442 2722 473 2749 τὸ
497 2722 575 2756 ἅγιον
590 2729 598 2738 ο
618 2721 666 2747 καὶ
693 2720 742 2755 τῆς
767 2719 814 2746 τοῦ
836 2719 905 2745 Θεοῦ

121 2768 245 2804 Μητρὸς.
276 2768 313 2800 ὡς
344 2769 492 2804 Δεσποίνης
522 2768 620 2800 δοῦλοι,
656 2767 830 2802 μέμνηνται⁴
857 2766 906 2792 καὶ

121 2815 183 2845 ταῖς
204 2813 365 2848 πρεσϐείαις
379 2814 465 2848 αὐτῆς
480 2814 528 2840 καὶ
547 2812 603 2839 τῶν
625 2812 709 2846 ἁγίων
736 2812 786 2846 τῆς
828 2812 905 2846 παρα

122 2860 170 2885 τοῦ
192 2859 261 2886 Θεοῦ
289 2860 461 2894 ἐπισκέψεως
477 2861 524 2886 καὶ
544 2858 672 2894 προνοίας
695 2858 834 2885 αἰτοῦνται
859 2866 906 2883 τυ-

123 2906 192 2940 χεῖν.
217 2906 310 2934 Ταῦτα
324 2907 352 2934 δὲ
369 2906 394 2934 τί
417 2906 505 2934 κοινὸν
527 2906 583 2941 ἔχει
607 2905 675 2941 πρὸς
699 2905 744 2933 τὸν
773 2904 820 2932 ἕνα
846 2903 902 2931 Κύ-

961 2305 1020 2332 nire
1045 2303 1124 2335 Filio,
1141 2303 1187 2336 qui
1216 2304 1259 2327 est
1272 2297 1347 2325 Patri
1367 2296 1470 2324 honore
1496 2294 1626 2328 aequalis;
1655 2293 1744 2319 oumia

961 2356 1051 2379 autem
1068 2354 1222 2376 servorum.
1236 2345 1358 2373 Primum
1373 2345 1446 2371 enim
1460 2349 1515 2369 non
1533 2341 1569 2368 ab
1588 2348 1639 2367 una
1652 2346 1747 2374 perso-

960 2406 1006 2429 na,
1019 2396 1065 2424 scd
1083 2393 1235 2422 connuunis
1267 2396 1308 2418 est
1327 2389 1435 2425 generis
1466 2388 1617 2423 gratiarum
1645 2386 1717 2413 actio
1735 2393 1742 2416 ;

959 2448 986 2471 et
1002 2447 1031 2470 ut
1061 2442 1109 2476 qui
1138 2441 1298 2474 peccarunt,
1318 2441 1346 2464 et
1358 2444 1411 2463 non
1427 2438 1493 2463 sunt
1506 2432 1628 2468 despecti
1653 2439 1669 2458 a
1700 2431 1745 2457 Dei

959 2487 1148 2517 misericordia
1164 2490 1191 2513 et
1202 2484 1353 2515 clementia,
1376 2486 1458 2517 agunt
1474 2480 1575 2515 gratias
1588 2483 1633 2512 ;et
1648 2477 1744 2511 gratia-

960 2543 1018 2564 rum
1036 2535 1105 2562 actio
1122 2541 1176 2560 non
1203 2532 1235 2559 ad
1251 2530 1358 2558 Patrem
1376 2529 1476 2559 solum,
1492 2527 1539 2554 sed
1553 2526 1634 2553 etiam
1649 2523 1682 2550 ad
1701 2521 1745 2549 Fi-

959 2583 1025 2610 lium
1043 2581 1102 2616 ejus
1114 2584 1141 2606 et
1156 2582 1281 2606 sanctum
1300 2576 1432 2611 Spiritum
1451 2582 1458 2606 ;
1472 2577 1500 2601 et
1514 2571 1559 2599 Dei
1573 2570 1670 2597 matris
1685 2572 1746 2596 tau-

959 2634 1040 2661 quam
1055 2625 1173 2653 dominse
1184 2622 1267 2654 servi,
1280 2621 1473 2651 meminerunt,
1487 2621 1513 2645 et
1522 2616 1582 2651 ejus
1596 2619 1624 2642 et
1636 2617 1746 2641 sancto-

959 2660 1021 2700 rum
1059 2668 1304 2698 intercessionibus
1321 2685 1328 2698 ,
1353 2669 1384 2693 ut
1408 2672 1423 2691 a
1442 2663 1498 2690 Deo
1531 2661 1685 2690 visitentur,
1715 2660 1745 2683 et’

959 2725 1054 2746 eorum
1070 2723 1137 2744 cura
1152 2714 1296 2746 habeatur,
1315 2715 1419 2747 petunt.
1431 2709 1494 2736 llaec
1510 2710 1601 2734 autem
1616 2703 1753 2740 quidnam-

959 2770 1103 2792 commune
1117 2762 1216 2790 habent
1237 2767 1300 2788 cum
1326 2766 1381 2786 uno
1404 2755 1520 2784 Domino
1534 2750 1683 2786 unigenito,
1700 2748 1755 2777 Dei.

958 2811 1153 2845 Filio,peccato
1172 2815 1225 2835 non
1241 2807 1370 2838 obnoxio,
1388 2803 1508 2831 omnium
1524 2799 1650 2828 Domino?
1667 2797 1757 2825 tGrar

959 2858 1011 2885 tias
1025 2856 1141 2891 agimus,
1158 2854 1256 2889 inquit,
1271 2851 1330 2885 tibi,
1359 2851 1383 2878 ei
1399 2849 1467 2877 Filio
1486 2853 1533 2876 tuo
1565 2845 1718 2880 unigenito.
1732 2851 1749 2870 ν’

958 2902 1086 2931 Christus
1099 2907 1165 2936 ergo
1182 2899 1284 2936 gratias
1299 2897 1355 2933 agit
1381 2895 1451 2924 Filio
1472 2894 1518 2922 Dei
1542 2891 1695 2928 unigenito,
1719 2894 1753 2918 σι
