1976 3074
234 157 289 188 4ῖῦ

847 156 1003 187 NlCOLAl
1021 155 1216 186 CABASILxE

1805 147 1864 179 5‘33

235 223 311 248 cccc,
327 215 380 242 duo
397 219 476 241 erttnt
504 215 561 246 lilii,
588 219 615 240 ut
629 214 710 240 volui:
742 215 847 241 insania
882 214 1022 241 Nestorii:

1080 222 1144 249 ριον,
1165 214 1209 239 τὸν
1238 213 1303 239 Υἱὺν
1323 212 1369 238 τοῦ
1393 212 1460 238 Θεοῦ
1482 211 1527 238 τὸν
1557 210 1699 245 μονογενῆ,
1716 209 1760 235 τὸν
1794 209 1866 235 ἀνσ-

235 262 303 288 atleo
316 266 354 287 est
368 261 480 294 impium
497 265 524 286 et
554 261 665 287 stultum
693 260 850 287 existimare
879 260 1019 287 Christum

235 313 286 340 pro
307 305 408 333 sanctis
425 306 604 337 intercedere,
624 305 812 340 ejusntodique
835 305 979 340 legationis
994 309 1020 331 et

235 351 442 377 inlercessionis
472 359 573 377 munus
587 351 610 378 ei
646 351 778 378 tribucre.
805 346 952 379 ostensum
978 355 1020 378 est

235 400 326 422 autem
354 398 410 423 haec
436 405 468 424 ne
498 405 560 424 esse
575 398 685 431 quidem
714 399 896 424 sacerdotum.
926 397 1021 424 Restat

234 449 300 475 ergo
317 443 373 470 haec
390 443 470 470 vet-Ita
490 451 542 470 non
564 451 624 470 esse
640 443 879 478 supplicationem,
893 442 940 470 sed
956 449 1018 476 gra-

235 486 333 513 tiarum
347 487 493 515 actiottem.
511 497 520 513 t
542 487 740 521 Certepinquil
756 496 763 520 ;
783 487 828 514 sed
845 495 899 514 non
911 487 1023 521 permit-

234 531 265 558 tit
294 532 403 564 dictio,
434 541 494 567 qua:
527 537 620 567 aperte
653 532 876 567 supplicationem
910 531 1023 559 indicat.

235 575 286 603 Pro
303 577 374 603 cnivn
393 578 546 612 prmpositio
562 579 613 605 hoc
625 577 681 604 vult
698 577 856 611 signiﬁcari.

1076 259 1226 293 μάρτητον,
1251 257 1297 284 τὸν
1322 258 1432 284 πάντων
1453 257 1611 290 Δεσπότηνς
1640 265 1648 281 ι
1675 255 1866 290 Εὖχαριστοῦ-

1075 305 1125 339 μέν
1140 313 1192 336 σοι,
1203 304 1280 338 φησὶ,
1293 304 1340 330 καὶ
1350 304 1388 338 τῷ
1397 303 1452 338 Υἱῷ
1464 312 1510 329 σου
1520 303 1558 337 τῷ
1571 302 1719 337 μονογενεῖ.
1734 311 1742 327 ι
1754 301 1865 327 Οὐκοῦν

1072 351 1086 376 ὁ
1104 350 1222 384 Χριστὸς
1244 350 1402 383 εὐχαριστεῖ
1418 349 1456 383 τῷ
1475 348 1533 383 Υἱῷ
1558 348 1606 373 τοῦ
1631 346 1699 372 Θεοῦ
1723 346 1761 381 τῷ
1781 354 1866 380 μονο-

1074 396 1170 429 γενεῖ;
1186 397 1235 422 καὶ
1251 396 1305 421 ίδοὺ
1318 394 1364 421 δύο
1379 394 1487 421 ἔσονται
1505 393 1571 426 θεοὶ,
1595 394 1665 419 κατὰ
1684 393 1731 428 τὴν
1755 391 1863 418 Νεστο-

1076 439 1134 474 ρίου
1157 439 1275 474 μανίαν·
1300 440 1388 470 οὕτως
1404 439 1500 466 ἀσεϐὲς
1519 439 1567 465 καὶ
1597 439 1712 473 ἀνόητον
1733 431 1866 472 τὸνΧρι-

1077 486 1140 512 στὺν
1168 486 1288 520 νομίζειν
1319 486 1389 521 ὑπὲρ
1416 486 1470 513 τῶν
1500 486 1587 518 ἁγίων
1611 484 1783 519 πρεσόεύειν,
1813 484 1865 510 καὶ

1078 531 1209 566 τοιαύτην
1220 532 1370 567 πρεσϐείαν
1384 533 1432 559 καὶ
1446 532 1586 566 μεσιτείαν
1598 532 1672 567 αὐτῷ
1685 532 1864 566 περιάπτειν.

1086 577 1209 612 Ἐδείχθη
1223 577 1252 604 δὲ
1271 578 1357 604 ταῦτα
1373 578 1441 613 μηδὲ
1457 578 1510 604 τῶν
1526 578 1607 612 ίερῶν
1632 577 1712 604 εἶναι.
1730 577 1864 603 Λείπεται

235 621 267 655 δὴ
285 623 323 657 μὴ
338 623 441 648 ἱκεσίαν
457 623 513 649 ἀλλ’
530 624 707 658 εὐχαριστίαν
721 622 791 650 εἷναι
815 623 902 650 ταῦτα
919 623 953 649 τὰ
969 623 1090 658 ῥήματα.
1111 632 1120 649 t
1136 624 1200 656 Ναὶ,
1221 633 1229 650 t
1250 625 1343 660 φησὶν,
1357 624 1414 651 ἀλλ’
1431 626 1448 661 ἡ
1480 625 1552 658 λέξις
1587 625 1637 651 οὐκ
1657 626 1689 660 ἑᾷ
1722 624 1772 659 τὴν
1803 625 1865 650 ἱκε-

236 670 295 695 σέαν
323 671 415 705 σαφῶς
441 671 601 706 δυναμένην.
621 672 653 698 Ἡ
681 673 733 707 γὰρ
749 672 824 706 ὑπὲρ
854 671 981 707 πρόθεσις
1000 670 1079 697 τοῦτο
1096 670 1217 705 βούλεται
1233 673 1388 707 σημαίνειν.

273 716 331 743 Non
350 719 483 751 omnino;
503 727 555 746 non
568 727 675 753 semper
695 721 767 746 enim
781 727 843 746 eum
870 720 915 754 qui
937 722 1025 753 rogat,

237 763 369 790 ostendit.
382 763 439 790 Non
456 765 528 791 enim
545 765 632 792 solum
649 766 757 799 quando
771 765 967 801 supplicamus.
978 765 1025 792 sed

238 810 319 836 etiam
338 811 447 844 quando
463 811 564 844 gratias
578 811 695 846 agimus,
708 811 758 838 hac
778 811 896 838 dictione
912 811 1024 838 utimur.

239 853 272 880 Et
288 855 339 882 hoc
353 864 384 882 cx
402 855 495 883 multis
510 856 573 883 sciri
588 862 686 890 potest,
700 863 725 884 et
742 858 776 884 ab
791 857 850 892 ipsa
863 857 943 884 etiam
963 864 1025 891 pro-

1112 719 1150 746 Οὐ
1168 722 1297 752 πάντων
1312 721 1342 746 οὐ
1364 720 1418 755 γὰρ
1438 719 1578 754 πανταχοῦ
1598 720 1644 746 τὸν
1669 719 1796 754 δεόμενον
1807 719 1865 745 δεί-

1075 773 1165 792 κνυσι.
1187 766 1222 792 Οὔ
1242 766 1296 800 γὰρ
1311 767 1340 793 ὲν
1353 765 1395 797 οἷς
1414 766 1575 800 ικετεύομεν
1597 766 1688 799 μόνον,
1717 765 1786 791 ἀλλὰ
1812 765 1863 791 καὶ

1075 811 1105 837 ὲν
1119 809 1159 842 οἷς
1171 811 1402 846 εὐχαριστοῦμεν,
1416 811 1503 847 ταύτῃ
1521 810 1650 845 χρώμεθα
1665 812 1698 845 τῇ
1711 811 1795 844 λέξει.
1805 811 1863 837 Καὶ

1075 858 1155 884 τοῦτο
1175 857 1253 892 δῆλον
1271 857 1449 892 πολλαχόθεν,
1465 858 1510 883 καὶ
1525 857 1573 884 ἀπ’
1590 857 1675 891 αὐτῆς
1689 857 1717 883 δὲ
1731 856 1779 891 τῆς
1790 865 1862 891 προ-

239 901 327 936 posita
352 901 487 929 oratione.
505 911 514 928 ι
535 902 587 929 Pro
615 903 657 931 Itis
682 904 828 936 omnibus,
850 904 951 938 inquit,
977 903 1023 930 tibi

1080 903 1209 937 κειμένης
1235 902 1328 938 εὐχῆς.
1346 912 1355 928 ι
1376 902 1462 937 ’Υπὲρ
1476 902 1590 934 τούτων,
1620 902 1714 937 φησιν.
1731 902 1863 928 ἁπάντων

239 948 342 980 gratias
362 948 478 982 agimus,
495 953 522 975 et
542 948 684 984 unigenito
707 954 752 977 tuo
773 949 841 977 Filio
860 953 888 976 et
909 949 1023 984 Spiritui

239 996 346 1023 sancto,
366 1001 375 1017 ι
394 1000 442 1027 pro
457 993 585 1021 omnibus
603 1002 661 1028 qua:
676 995 779 1022 scimus
803 1000 830 1022 et
851 1002 912 1029 quae
936 995 1025 1022 nesci-

241 1045 315 1069 mus,
331 1038 377 1064 tibi
395 1039 495 1073 gratias
507 1039 624 1074 agimus.
638 1040 750 1075 Agimus
765 1041 811 1068 tibi
824 1041 925 1075 gratias
941 1041 1023 1069 etiam

239 1091 290 1118 pro
310 1084 360 1111 hoc
380 1085 526 1117 sacrificio,
541 1085 612 1120 qttod
627 1094 659 1113 ex
675 1087 776 1114 nostris
793 1087 919 1114 manibus
937 1087 1025 1115 susci-

240 1136 304 1163 pere
321 1129 449 1164 tlignatus
461 1139 501 1158 es.
515 1131 644 1159 Videmus
661 1132 731 1160 hanc
744 1132 890 1160 dictionem
909 1133 1024 1167 proponi

242 1175 323 1201 etiam
342 1176 367 1202 in
384 1177 533 1212 gratiarum
547 1178 665 1204 actione.
682 1177 720 1205 Ad
740 1179 813 1205 httnc
837 1178 930 1213 itaque
947 1186 1025 1205 erro-

243 1226 299 1245 rem
317 1220 389 1247 nulla
407 1221 570 1256 relinquitur
583 1223 735 1250 excusatio.
753 1224 790 1250 Ita
806 1230 871 1258 ergo
889 1220 946 1250 il'eri
971 1231 1024 1251 non

241 1269 331 1298 potest
348 1270 377 1293 ut
389 1266 424 1293 sit
439 1267 633 1302 supplicatoria
650 1273 808 1296 sanctorum
825 1276 1023 1297 commemora-

241 1310 291 1337 tio.
305 1309 371 1337 Eam
386 1315 477 1339 autem
501 1314 655 1341 versariin
674 1315 820 1349 gratiarum
838 1316 956 1349 actione,
975 1315 1026 1344 hoc

242 1353 331 1389 ipsunt
349 1357 477 1389 ostendit,
493 1359 563 1392 quod
581 1366 633 1386 non
655 1364 698 1386 cst
722 1360 927 1395 supplicatoria.
953 1361 1024 1388 Duo-

242 1405 304 1424 rum
324 1400 395 1426 enim
415 1400 528 1428 alterum
549 1410 660 1430 necesse
677 1409 728 1436 est,
753 1412 784 1432 ea
802 1405 845 1432 vel
865 1405 1024 1440 supplicari.

245 1443 285 1469 vel
306 1445 408 1478 gratias
423 1446 477 1480 agi.
496 1447 529 1474 Et
549 1447 593 1474 ltic
617 1447 723 1476 duobus
738 1450 825 1478 tnodis
850 1451 921 1485 apud
941 1451 1026 1479 Deum

242 1492 528 1520 commemorationem
551 1493 668 1523 facimus
685 1496 818 1524 bonorum
838 1505 899 1531 quae
913 1498 993 1526 nobis
1011 1506 1025 1525 a

242 1533 296 1561 Deo
312 1535 389 1569 fiunt,
414 1538 455 1564 vel
477 1542 553 1565 utea
573 1540 753 1575 accipiamus,
769 1541 810 1569 vel
827 1543 899 1576 quod
920 1551 950 1571 ea
967 1543 1024 1577 jam

242 1582 442 1615 acceperimus.
459 1583 497 1610 Et-
511 1588 553 1611 est
576 1585 640 1612 illud
655 1587 765 1620 quidem
783 1588 956 1623 supplicatio,
973 1590 1025 1617 hoc
1039 1578 1061 1608 α

243 1631 308 1651 Vero
327 1627 475 1659 gratiarum
496 1629 579 1656 actio.
604 1630 729 1658 Ostendit
746 1637 840 1660 autem
863 1634 913 1662 hoc
932 1635 1025 1668 etiam,

243 1670 315 1703 quod
332 1671 380 1697 Dei
392 1672 419 1698 in
434 1673 559 1701 homines
572 1675 705 1703 donorum
721 1677 756 1704 sit
774 1679 852 1713 longe
877 1680 1025 1708 maximum

242 1721 402 1744 sanctorum
425 1722 634 1753 consummatio,
653 1726 679 1749 ct
703 1723 763 1751 ideo
779 1731 834 1751 non
857 1725 907 1760 ipsi
936 1726 1026 1755 Eccle-

243 1761 311 1788 siam
338 1761 391 1789 hoc
415 1764 527 1792 nomine
546 1767 649 1801 gratias
673 1775 764 1803 agere,
781 1775 856 1798 esset
877 1771 1023 1800 nefarium.

244 1808 277 1834 Et
291 1809 356 1843 qttid
375 1809 436 1837 dico
457 1818 517 1839 esse
529 1812 663 1841 donoruttt
691 1817 851 1850 maximum,
868 1824 1025 1846 sanctorum

243 1855 524 1884 consummationem?
535 1857 597 1887 llaec
607 1865 679 1888 certe
694 1866 734 1901 est
750 1862 903 1890 universum
921 1864 965 1891 Dei
976 1865 1026 1892 do-

243 1907 321 1926 num.
348 1900 476 1929 Omnium
504 1904 577 1931 enim
605 1905 738 1933 bonorum
765 1915 825 1941 quae
851 1909 877 1935 in
902 1915 1024 1937 nostrum

244 1946 306 1975 fecit
325 1956 421 1983 genus,
440 1950 483 1977 hic
503 1955 544 1977 est
561 1951 631 1984 ﬁnis,
661 1952 704 1980 hic
728 1953 844 1985 fructus.
864 1955 942 1982 cltori
963 1964 1027 1984 san-

245 1997 361 2024 ctorum.
377 1999 404 2022 et
419 1995 469 2023 hac
482 1995 515 2023 de
530 2003 612 2024 causa
627 1998 724 2025 coelum
747 2000 826 2026 nobis
846 2006 886 2027 est
911 2000 1025 2029 fabrica~

245 2044 312 2072 tuin,
332 2044 418 2072 terra,
438 2046 465 2069 et
489 2043 620 2078 quidquid
637 2045 743 2072 videtur
764 2055 770 2079 ;
790 2052 931 2081 propterea
947 2056 1027 2083 para-

245 2085 330 2119 disus,
349 2092 491 2121 propterea
506 2089 562 2123 ipse
580 2089 652 2117 Deus
668 2091 694 2117 in
711 2098 803 2123 carne,
817 2097 844 2119 et
858 2092 906 2120 Dei
920 2101 1026 2121 sermo-

245 2139 295 2159 nes
311 2137 337 2159 et
353 2140 446 2168 opera,
461 2140 488 2162 et
509 2136 660 2169 passiones,
675 2141 701 2164 ct
719 2145 803 2170 mors,
822 2143 851 2166 ut
866 2147 880 2166 a
898 2143 968 2166 terra
998 2141 1025 2167 in

246 2178 344 2206 cmlum
378 2180 493 2215 migrent
520 2182 655 2214 homines,
678 2188 704 2210 ct
721 2185 795 2219 regni
814 2185 886 2219 quod
902 2185 958 2213 illic
983 2191 1026 2214 cst

246 2225 311 2252 tiant
327 2225 456 2254 ltatredes.
477 2228 504 2254 Si
521 2232 563 2256 est
576 2236 640 2261 ergo
657 2230 769 2257 omnino
791 2231 939 2264 gratiarum
955 2232 1027 2259 actio

246 2271 273 2298 in
289 2279 370 2299 sacro
386 2274 528 2307 mysterio.
552 2279 578 2301 et
594 2275 652 2301 haec
667 2276 737 2302 dona
755 2280 808 2302 tam
825 2276 852 2303 in
878 2277 1026 2310 gratiarum

245 2318 353 2347 actione
365 2327 446 2354 quam
461 2319 487 2347 in
517 2321 715 2356 supplicatione
739 2327 891 2360 versantur,
917 2323 1028 2351 omnino

247 2372 359 2392 necesse
374 2370 415 2393 cst
435 2366 582 2400 gratiarum
608 2367 774 2401 agendarum
798 2373 826 2394 et
848 2376 982 2396 summam
1002 2373 1029 2397 et

246 2418 356 2438 causam
368 2412 514 2447 esse_ipsos
532 2417 642 2439 sanctos
654 2417 860 2440 consummatos

281 2502 400 2530 Omnino
415 2507 505 2530 autent
520 2503 584 2537 quid
595 2503 620 2530 in
635 2503 712 2531 nobis
725 2496 806 2531 causa
821 2509 861 2531 est
876 2505 1025 2538 gratiarum

247 2549 362 2576 actionis
374 2570 381 2579 ,
397 2556 431 2575 an
448 2556 501 2575 non
518 2549 590 2583 quod
605 2550 793 2584 acceperimus
806 2549 877 2584 quod
894 2550 1030 2585 petimus?

248 2594 341 2621 Cuivis
357 2594 408 2621 hoc
423 2594 525 2620 ciarum
543 2599 593 2621 est.
611 2594 681 2629 Ergo
691 2595 761 2622 idem
772 2600 812 2621 est
827 2599 939 2630 propter
955 2595 1028 2630 quod

248 2641 350 2674 gratias
373 2640 491 2674 agimus,
508 2645 534 2667 et
551 2641 622 2674 quod
647 2641 776 2674 petimus.
793 2640 864 2673 Quid
883 2648 948 2675 ergo
963 2642 1030 2675 petit

247 2693 261 2712 a
288 2685 343 2713 Deo
367 2685 507 2713 Ecclesia?
529 2685 605 2719 Quod
631 2686 664 2714 ab
690 2687 750 2721 ipso
772 2692 864 2721 petere
884 2687 961 2720 jussa
977 2691 1028 2713 est.

249 2731 310 2765 cius
332 2739 456 2766 regnum,
474 2720 598 2760 videlicet
611 2739 638 2759 Ill
653 2732 744 2760 iideles
755 2732 815 2767 ejus
825 2732 879 2759 sint
889 2732 1009 2759 ltmredes
1023 2741 1029 2759 :

250 2781 277 2802 ut
297 2777 361 2804 (iant
377 2777 474 2809 sancti.
492 2779 563 2805 sicut
580 2779 602 2805 is
613 2779 659 2813 qui
673 2786 718 2806 eos
729 2778 844 2809 vocavit,
858 2782 969 2805 sanctus
980 2783 1030 2810 est,

251 2821 281 2848 Si
301 2823 357 2850 lucc
372 2829 464 2850 autem
480 2832 494 2851 a
513 2825 566 2851 Deo
581 2829 658 2859 rogat
678 2829 705 2852 et
725 2824 854 2859 postulat,
872 2824 976 2851 clarum
990 2828 1033 2852 est

253 2869 326 2902 quod
352 2877 400 2905 pro
427 2871 459 2897 iis
482 2871 549 2906 ipsis
566 2878 672 2907 quoque
690 2871 743 2907 agit
770 2870 881 2907 gratias.
910 2869 975 2898 Orat
1003 2873 1031 2897 ut

249 2974 266 2988 δι

1075 948 1292 983 εὐχαριστοῦμεν
1302 957 1354 980 σοι,
1373 947 1420 975 καὶ
1433 947 1471 982 τῷ
1485 948 1625 982 μονογενεῖ
1649 955 1697 974 σου
1711 946 1781 981 Υίῷ,
1812 946 1863 973 καὶ

1074 994 1113 1029 τῷ
1127 994 1263 1030 Πνεῦματί
1277 1004 1324 1022 σου
1338 995 1376 1029 τῷ
1387 994 1467 1029 ἁγίῳ,
1489 1004 1497 1020 ι
1527 994 1597 1028 ὑπὲρ
1613 994 1720 1020 πάντα)
1731 990 1768 1019 ὧν
1779 992 1863 1027 ἴσμεν

1075 1041 1122 1067 καὶ
1137 1037 1174 1067 ὧν
1198 1041 1248 1067 οὐκ
1280 1041 1371 1076 ἴσμεν,
1399 1040 1618 1076 εὐχαριστοῦμεν
1644 1047 1702 1066 σοι·
1723 1039 1770 1066 καὶ
1790 1039 1862 1073 ὑπὲρ

1074 1086 1125 1121 τῆς
1141 1086 1314 1121 λειτουργίας
1327 1086 1441 1122 ταύτης,
1469 1086 1499 1121 ἢν
1514 1086 1546 1112 ὲκ
1577 1085 1631 1112 τῶν
1657 1086 1756 1121 χειρῶν
1782 1085 1862 1120 ἡμῶν

1074 1131 1203 1163 δέξασθαι
1219 1131 1403 1166 κατηξίωσας.
1425 1132 1508 1167 Ὁρᾷς
1519 1132 1567 1167 τὴν
1583 1131 1680 1165 (ὑπὲρ)
1698 1132 1744 1158 καὶ
1754 1131 1799 1157 ἐπὶ
1810 1131 1862 1165 τῆς

1076 1176 1249 1210 εὐχαριστίας
1267 1176 1412 1211 κειμένην;
1428 1176 1531 1202 Οὐκοῦν
1546 1176 1612 1210 πρὸς
1621 1175 1669 1211 τὴν
1682 1176 1786 1210 πλάνην
1795 1175 1863 1201 ταῦ-

1075 1229 1124 1254 την
1135 1221 1249 1256 οὐδεμία
1271 1220 1466 1248 καταλείπεται
1483 1221 1628 1256 πρόφασις.
1655 1220 1731 1247 Οὕτω
1752 1221 1801 1255 μὲν
1813 1220 1861 1246 οὖν

1076 1266 1207 1293 ἀδύνατον
1224 1266 1326 1293 ἱκέσιον
1340 1264 1471 1302 εἶναιτὴν
1488 1268 1553 1302 περὶ
1567 1268 1620 1293 τῶν
1638 1267 1725 1300 ἁγίων
1735 1267 1858 1301 μνήμην.

1077 1311 1139 1337 ’Ότι
1155 1311 1182 1338 δὲ
1202 1311 1381 1347 χαριστήριός
1396 1312 1466 1344 ἔστι,
1487 1312 1625 1339 δείκνυσιν
1643 1312 1708 1337 αὐτὸ
1736 1311 1815 1338 eoi-ro
1829 1311 1861 1337 τὸ

1079 1357 1116 1392 μὴ
1131 1355 1203 1384 εἶναι
1221 1358 1332 1384 ἱκέσιον.
1363 1358 1484 1392 Ἀνάγκη
1509 1358 1563 1393 γὰρ
1588 1358 1661 1384 δυοῖν
1690 1358 1813 1391 θάτερον,
1842 1357 1859 1392 ἦ

1079 1401 1180 1427 ἱκέσιον
1198 1400 1311 1438 εἷναι,ἢ
1337 1404 1537 1438 χαριστήριον⁶
1562 1404 1604 1429 ὅτι
1633 1404 1702 1429 κατὰ
1726 1403 1790 1434 τοὺς
1812 1403 1860 1429 δῦο

1078 1447 1159 1481 μόνον
1171 1447 1285 1479 τούτους
1300 1449 1418 1482 τρόπους
1439 1447 1604 1484 μεμνήμεθα
1632 1448 1700 1484 πρὸς
1723 1448 1768 1475 τὸν
1792 1449 1860 1475 Θεὸν

1076 1493 1131 1520 τῶν
1148 1494 1214 1528 παρ’
1232 1495 1338 1521 ἐκείνου
1351 1496 1507 1529 γενομένων
1535 1495 1601 1530 ἡμῖν
1625 1494 1747 1528 ἀγαθῶν,
1774 1495 1790 1528 ἢ
1815 1495 1860 1522 ἵνα

1079 1539 1207 1575 λάϐωμεν
1233 1540 1343 1575 αὖτὰ,ἦ
1368 1541 1408 1567 ὅτι
1436 1541 1486 1575 ἥδη
1515 1540 1657 1574 ἐλάϐομεν.
1683 1541 1737 1567 Καὶ
1757 1539 1788 1567 τὺ
1810 1540 1860 1573 μὲν

1078 1585 1151 1613 ἐστιν
1170 1585 1307 1618 luctanti
1320 1586 1347 1612 δὲ
1371 1586 1542 1621 εὐχαριστία.
1569 1587 1694 1612 Δείκνυσι
1720 1585 1748 1612 δὲ
1768 1586 1814 1612 καὶ
1830 1585 1860 1612 τὸ

1078 1631 1173 1658 πασῶν
1189 1631 1322 1666 μεγίστην
1346 1629 1416 1658 εἶναι
1446 1632 1500 1658 τῶν
1521 1631 1568 1658 τοῦ
1593 1632 1661 1658 Θεοῦ
1687 1631 1798 1666 δωρεῶν
1818 1632 1859 1662 είς

1078 1677 1141 1708 τοὺς
1159 1677 1319 1712 ἀνθρώπους
1339 1677 1390 1712 τὴν
1405 1677 1459 1704 τῶν
1471 1677 1557 1711 ἁγίων
1576 1673 1727 1703 τελείωσιν.
1743 1677 1798 1703 Καὶ
1815 1677 1860 1704 διὰ

1078 1722 1157 1748 τοῦτο
1169 1722 1206 1757 μὴ
1223 1722 1339 1757 χάριτας
1354 1722 1499 1756 ὁμολογεῖν
1521 1722 1596 1757 αὐτῷ
1620 1723 1669 1758 τὴν
1692 1722 1859 1756 Ἐκκλησίαν

1078 1767 1143 1802 περὶ
1158 1767 1258 1800 αὐτῶν,
1282 1768 1319 1803 μὴ
1342 1767 1453 1802 θεμιτὸν
1469 1767 1548 1795 εἶναι.
1565 1768 1620 1796 Καὶ
1634 1768 1660 1794 τί
1672 1768 1744 1802 λέγω
1763 1768 1859 1802 μεγίσ-

1078 1822 1128 1848 την
1143 1813 1198 1839 τῶν
1214 1813 1261 1840 τοῦ
1275 1813 1343 1840 Θεοῦ
1368 1814 1478 1849 δωρεῶν
1491 1815 1541 1848 τὴν
1564 1814 1618 1841 τῶν
1639 1814 1724 1848 ἁγίων
1751 1814 1861 1840 τελείω-

1080 1867 1141 1892 σιν;
1158 1858 1231 1894 Αῦτη
1255 1859 1304 1894 μὲν
1321 1859 1367 1886 οῦν
1382 1861 1455 1886 ἐστιν
1469 1860 1562 1886 ἅπασα
1578 1860 1594 1895 ἡ
1608 1860 1653 1887 τοῦ
1669 1860 1736 1887 Θεοῦ
1754 1860 1855 1894 δωρεά.

1081 1905 1192 1931 Πάντων
1209 1905 1262 1938 γὰρ
1270 1902 1307 1931 ὧν
1318 1906 1356 1936 είς
1372 1905 1402 1931 τὸ
1415 1906 1492 1938 γένος
1508 1905 1586 1940 ἡμῶν
1598 1906 1725 1939 ἐποίησεν
1737 1906 1858 1939 ἀγαθῶν,

1079 1949 1157 1976 τοῦτό
1169 1950 1227 1976 ἐστι
1243 1951 1274 1976 τὸ
1288 1950 1373 1982 τέλος,
1401 1951 1481 1978 τοῦτο
1508 1951 1624 1986 καρπὸς,
1651 1952 1676 1977 οἱ
1704 1953 1780 1986 χοροὶ
1806 1953 1860 1979 τῶν

1079 1995 1182 2029 ἁγίων·
1197 1995 1244 2021 ναὶ
1263 1995 1359 2021 τούτου
1373 1995 1455 2021 ἓνεκα
1482 1995 1596 2029 οὐρανὸς
1624 1996 1688 2029 ἡμῖν
1716 1995 1846 2030 ὲδημιουρ

1079 2041 1150 2076 γήθη
1165 2041 1222 2076 [γρ.
1247 2040 1427 2076 ὲστερεώθη],
1445 2041 1492 2067 καὶ
1507 2041 1523 2075 ἡ
1541 2041 1586 2074 γῆ,
1607 2041 1653 2067 καὶ
1673 2040 1703 2066 τὸ
1721 2041 1860 2076 ὁρώμενον

1080 2087 1163 2114 ἅπαν.
1189 2087 1239 2114 Διὰ
1253 2088 1333 2114 τοῦτο
1345 2088 1511 2122 παράδεισος
1524 2096 1530 2102 ·
1545 2088 1589 2115 διὰ
1605 2088 1684 2115 τοῦτο
1701 2088 1860 2123 προφῆται·

1080 2133 1123 2160 διὰ
1144 2135 1223 2160 τοῦτο
1235 2133 1316 2165 αὐτὸς
1333 2135 1346 2160 ὁ
1363 2133 1430 2165 Θεὸς
1445 2134 1473 2160 ὲν
1491 2135 1585 2169 σαρκὶ,
1604 2134 1652 2160 καὶ
1682 2134 1749 2161 Θεοῦ
1770 2135 1858 2168 λόγος,

1080 2179 1128 2206 καὶ
1144 2179 1223 2214 ἔργα,
1238 2180 1287 2206 καὶ
1297 2179 1384 2214 πάθη,
1402 2179 1449 2206 καὶ
1477 2180 1600 2211 θάνατος·
1616 2180 1658 2206 ἵνα
1677 2180 1730 2206 ἀπὺ
1749 2180 1798 2215 τῆς
1811 2181 1860 2214 γῆς

1081 2225 1120 2257 είς
1133 2225 1177 2251 τὸν
1193 2225 1308 2260 οὐρανὸν
1335 2225 1536 2261 μετοικήσωσιν
1567 2226 1716 2261 ἄνθρωποι,
1741 2227 1788 2253 καὶ
1812 2227 1861 2260 τῆς

1081 2271 1140 2297 ἐκεῖ
1166 2270 1305 2305 βασιλείας
1336 2271 1469 2304 γένωνται
1501 2270 1676 2306 κληρονόμοι.
1711 2272 1742 2298 Ei
1772 2271 1862 2298 τοίνυν

1082 2317 1149 2345 ὅλως
1164 2317 1324 2352 εὐχαριστία
1337 2317 1412 2343 ἐστὶν
1423 2318 1452 2344 ἐν
1464 2318 1496 2352 τῇ
1522 2317 1629 2352 τελετῇ,
1658 2316 1706 2343 καὶ
1729 2317 1762 2344 τὰ
1787 2318 1862 2353 δῶρα

1083 2362 1168 2389 ταῦτα
1191 2363 1366 2398 χαριστῆρια,
1394 2363 1520 2398 καθάπερ
1554 2364 1742 2396 ἱκέσιιι,πᾶσα
1755 2365 1861 2399 ἀνάγκη

1082 2409 1112 2435 τὸ
1124 2409 1270 2443 κεφάλαιον
1279 2411 1328 2444 τῆς
1344 2410 1531 2445 εὐχαριστίας,
1545 2411 1591 2436 καὶ
1601 2411 1649 2446 τὴν
1661 2411 1798 2447 ἀφορμὴν,
1815 2412 1862 2438 αὖ·

1082 2455 1146 2486 τοὺς
1157 2453 1225 2482 εἶναι
1239 2456 1302 2486 τοὺς
1321 2455 1516 2487 τελειωθέντας
1533 2456 1632 2490 ἁγίοις.

1119 2500 1207 2532 ’Ὄλως
1215 2501 1243 2527 δὲ
1256 2501 1282 2526 τί
1292 2502 1349 2527 ἐστι
1361 2501 1391 2526 τὸ
1402 2500 1495 2527 ποιοῦν
1508 2501 1535 2526 ὲν
1545 2501 1609 2535 ἡμῖν
1620 2502 1669 2536 τὴν
1678 2502 1861 2537 εὐχαριστίαν

1083 2546 1113 2573 οὺ
1129 2546 1159 2572 τὸ
1169 2547 1266 2577 αἰτεῖν,
1277 2547 1322 2572 καὶ
1329 2546 1428 2572 ’λαῦεἶν
1443 2547 1509 2581 ὅπερ
1518 2547 1647 2581 αἰτοῦμεν
1660 2555 1666 2579 ;
1682 2548 1715 2573 Τί
1731 2546 1778 2575 οὖν
1790 2548 1862 2583 παρὰ

1083 2593 1128 2619 τοῦ
1145 2592 1210 2619 Θεοῦ
1222 2594 1238 2627 ὴ
1258 2593 1408 2628 Ἐκκλησία
1424 2593 1540 2619 αἰτεῖται
1554 2601 1561 2625 ;
1579 2593 1669 2628 Ὅπερ
1682 2594 1770 2620 αἰτεῖν
1788 2595 1861 2628 napi

1083 2638 1167 2665 αὑτοῦ
1179 2638 1338 2672 ἐκελεύσθη,
1358 2638 1407 2673 τὴν
1424 2638 1565 2673 βασιλειαν
1577 2638 1660 2665 αὑτοῦ
1678 2639 1809 2674 δηλονότι,
1822 2639 1862 2666 ἵνα

1084 2684 1211 2710 almo-:01
1228 2683 1331 2718 ταύτης
1349 2683 1600 2719 κληρονομήσωσιν·
1620 2684 1663 2711 ἵνα
1680 2685 1752 2718 ἅγιοι
1765 2684 1863 2718 γένων-

1084 2739 1140 2762 ται,
1158 2730 1226 2756 κατὰ
1241 2729 1286 2756 τὸν
1312 2730 1464 2756 κιλέσαντα
1492 2730 1580 2764 ἅγιον.
1604 2730 1634 2756 Εἰ
1661 2730 1687 2756 δὲ
1715 2731 1800 2757 ταῦτα
1820 2731 1863 2757 τοῦ

1084 2777 1152 2803 Θεοῦ
1169 2777 1254 2803 δεῖται
1268 2777 1312 2802 κοιλ⁴
1333 2776 1460 2808 ἱκετεύει,
1489 2775 1627 2810 πρόδηλον⁸
1648 2775 1689 2802 ὅτι
1721 2777 1766 2802 καὶ
1795 2776 1864 2811 ὑπὲρ

1086 2822 1175 2850 αὐτῶν
1189 2822 1292 2849 τούτων
1306 2822 1473 2856 εὐχαριστεῖ·
1489 2821 1599 2856 εΰχεται
1623 2823 1683 2852 τοὺς
1702 2821 1816 2852 πιστοὺς
1837 2823 1864 2847 ὲν

1087 2869 1224 2905 ἁγιωσύνῃ
1254 2868 1436 2903 τελειωθῆναι,
1453 2869 1644 2897 κιὶδιϊτιιῦτο
1658 2869 1719 2903 περὶ
1740 2867 1796 2894 τῶν
1818 2867 1864 2902 ἤδη
