1976 3074
97 94 147 128 ιηι

695 103 894 133 LiTURGI/E
915 104 1128 137 EXPOSITIO.

1667 117 1722 148 482

93 153 292 180 τελειωθέντων
305 155 391 189 ἁγίων
408 155 447 191 τῷ
460 156 638 184 τελειιὶισαντι
655 158 769 193 χάριτας
783 159 875 194 ὁμολοε

94 199 154 208 ..Αἵυη
182 199 189 208 1
222 198 237 208 Ι.
252 207 255 208 ν
284 199 296 208 Λ
306 200 312 208 Ι
346 201 352 208 ι
438 203 443 208 ι
454 202 465 208 -
485 204 490 208 .
521 203 527 208 ι
646 205 651 208 .
676 205 681 208 .
759 204 763 208 .
853 204 858 208 .

934 160 1024 188 fideles
1048 162 1073 187 in
1090 164 1233 191 sanctitate
1262 166 1450 200 perﬁciantur,
1471 173 1494 195 et
1512 176 1654 205 propterea
1672 182 1722 208 pro

94 199 155 231 γεῖν
177 198 330 228 ἀκόλουθόν
343 201 418 228 ἐστιν
435 202 466 234 ἐξ
479 203 611 238 ἀνάγκης.
639 205 688 230 Διὰ
715 204 817 238 ταύτην
833 204 882 240 τὴν

92 243 164 277 ίπὲρ
179 243 234 270 τῶν
254 246 341 278 ἁγίων
356 247 545 282 εὐχαριστίαν,
564 249 581 283 ἡ
599 249 673 284 αὐτὴ
691 248 786 284 τελετὴ
803 251 883 284 εὐχα-

92 289 185 323 ριστία
207 290 340 317 καλεῖται·
357 292 380 318 εἰ
396 293 451 327 γὰρ
462 293 509 319 καὶ
527 294 615 320 ἄλλων
627 294 748 322 ἐνταῦθα
776 296 882 323 πολλῶν

92 336 243 371 μέμνηται.
261 337 320 364 ἀλλ’
336 338 361 364 oi
375 338 449 372 ἅγιοι
461 339 490 365 τὸ
507 340 582 371 τέλος
594 340 732 374 ἁπάντων,
743 343 791 367 καὶ
811 342 881 376 ὑπὲρ

91 379 129 408 ὦν
147 383 240 409 ἐκεῖνα
251 382 384 418 ζητεῖται·
402 384 462 411 ὅθεν
476 385 541 411 ὅταν
557 385 627 420 ὑπὲρ
639 386 751 413 ἐκείνων
765 387 880 422 εὐχαρι-

91 429 154 462 στῇ,
175 429 246 463 ὑπὲρ
261 429 310 463 τῆς
323 429 492 461 τελειώσεως
515 431 570 457 τῶν
594 431 686 465 ήγίων
714 433 880 467 εὐχαριστεῖ.

92 472 225 508 Καθάπερ
240 475 295 509 γὰρ
309 475 323 500 ὁ
340 474 443 510 Κύριος
459 476 508 502 ὅσα
531 476 670 511 ἐποίησεν,
697 478 741 504 ἵνα
758 480 879 514 συστήσῃ

91 519 138 544 τὸν
149 518 204 545 τῶν
222 519 307 553 ἁγίων
324 521 416 555 χορὸν,
429 521 567 556 ἐποίησεν
582 522 655 549 οὕτω
666 524 739 559 καὶὴ
764 524 880 560 Ἐκκλη-

91 565 138 590 σία
151 565 184 591 ὲν
197 563 237 597 οἷς
252 566 336 592 αὐτὸν
351 567 422 602 ὑπὲρ
434 567 547 594 ἐκείνων
559 569 687 596 ἁπάντων
699 571 795 604 ¹ὑμνεῖ,
815 571 879 605 πρὸς

90 613 136 639 τὸν
155 613 237 647 χορὸν
253 613 394 648 βλέπουσα
412 615 466 641 τῶν
487 616 574 650 ἁγίων
587 617 666 643 τοῦτο
676 619 757 644 ποιεῖ.
779 619 878 645 Τούτου

90 658 228 698 χάρινδτε
243 660 388 694 παρεδίδου
413 661 492 687 τοῖτο
516 663 546 688 τὸ
566 663 716 697 μυστήριον
740 665 754 690 6
768 665 878 699 Σωτὴρ,

90 703 263 737 εὐχαριστῶν
279 704 317 738 τῷ
333 706 420 740 Harp!
435 706 587 740 παρεδίδου.
603 708 643 734 ὅτι
660 708 694 734 δι’
705 708 786 734 αὐτοῦ
799 709 879 743 ἐμελ-

89 748 134 773 λεν
153 750 218 782 ἡμῖν
234 749 353 782 ἀνοίγειν
369 751 413 776 τὸν
425 751 551 785 οὐρανὸν,
570 753 617 778 καὶ
636 752 738 787 ταύτην
759 753 808 788 τὴν
822 763 876 780 πα-

89 793 205 828 νήγυριν
219 793 258 829 τῷ
274 794 439 829 πρωτοτόκῳ
458 796 583 828 συνάγειν
600 798 669 824 ἐκεῖ.
682 798 780 824 Τοῦτον
791 799 876 833 ὴἙκ-

91 837 191 872 κλησία
208 839 377 875 μιμουμένη,
390 841 439 874 οὐχ
457 841 557 867 ἱκέσιον
573 842 663 876 μὸνον,
681 843 749 870 ἀλλὰ
764 845 811 870 καὶ
825 853 860 879 χοι
870 860 876 864 ε

91 883 232 918 ριττήριον
250 883 298 919 τὴν
329 885 530 920 προσταγωγὴν
553 888 670 914 ποιεῖται
693 888 747 914 τῶν
772 889 874 923 δώρων.

90 928 144 954 Καὶ
156 928 236 955 τοῦτο
252 929 356 956 δείκυσι
371 930 421 964 μὲν
433 930 582 965 ἑτέρωθεν,
600 932 717 965 μάλιστα
728 934 755 960 δὲ
765 934 818 960 ἀπὸ
828 935 876 968 τῆς

91 974 185 1008 εὐχῆς,
203 975 233 1001 ἐν
284 983 343 1007 πως
370 975 496 1007 όσκοπὲς
519 978 675 1012 περιέχεται
697 979 745 1013 τῆς
766 980 875 1014 ἱερουρ-

92 1020 165 1052 γίας.
179 1020 376 1055 Διηγησαμὲνη
399 1022 453 1057 γὰρ
465 1021 571 1048 ἅπαντα
584 1022 618 1048 τὰ
641 1024 716 1058 παρὰ
744 1024 791 1051 τοῦ
809 1025 876 1051 Θεοῦ

89 1064 199 1090 δοθέντα
217 1065 291 1100 ὑμῖν,
309 1066 355 1093 καὶ
368 1067 439 1103 ὑπὲρ
454 1070 570 1097 πάντων
586 1071 818 1107 εὐχαριστήσασα,
829 1075 877 1100 καὶ

89 1109 244 1137 τελευταῖον
273 1112 425 1146 προσθεῖσα
445 1115 495 1149 τὴν
509 1116 555 1142 τοῦ
580 1117 684 1152 Κυρίου
713 1118 757 1144 διὰ
774 1119 876 1153 σαρκὸς

90 1155 250 1189 παρουσίαν,
266 1157 313 1182 καὶ
331 1157 382 1192 τὴν
407 1159 454 1185 τοῦ
469 1161 620 1196 μυστηρίου
649 1164 805 1197 παράδοσιν,
830 1166 877 1191 καὶ

89 1200 126 1231 ὡς
142 1201 293 1228 ἐνετείλατο
306 1203 354 1229 καὶ
368 1204 440 1238 ἡμᾶς
454 1205 532 1232 τοῦτο
546 1208 643 1240 ποιεῖν,
660 1208 796 1243 ἐπήγαγε,
826 1217 875 1243 p.5-

91 1246 224 1280 μνημένοι
238 1247 326 1274 τοίνυν
348 1248 396 1283 τῆς
415 1251 548 1285 σωτηρίου
574 1252 675 1286 ταύτης
694 1253 813 1288 ἐντολῆς,
831 1255 878 1281 καὶ

89 1292 200 1319 πάντων
215 1293 269 1319 τῶν
281 1293 351 1328 ὑπὲρ
365 1294 443 1329 ἡμῶν
458 1297 623 1330 γενομένων,
636 1297 684 1324 τοῦ
699 1299 817 1333 σταυροῦ
829 1301 877 1326 καὶ

88 1337 162 1372 ἑξῆς·
182 1339 272 1365 πάντα
298 1340 471 1373 καταλέξασα
498 1342 570 1376 μετὰ
599 1343 645 1369 τὸν
663 1344 789 1378 σταυρὸν,
816 1343 878 1372 εῐτά

88 1392 166 1418 φησι,
210 1392 220 1408 ι
241 1384 282 1410 Τὰ
316 1384 350 1412 σὰ
378 1386 409 1412 ὲκ
438 1386 492 1412 τῶν
528 1387 581 1413 σῶν
609 1388 649 1414 σοὶ
687 1389 877 1424 προσφέρομεν

89 1428 146 1463 Ινρ.
165 1430 378 1466 προσφέροντες]
402 1431 472 1458 κατὰ
488 1433 586 1465 πάντα,
603 1433 649 1460 καὶ
665 1433 708 1460 διὰ
732 1435 821 1461 πάντα
847 1444 877 1462 σε

935 207 1037 233 sanctis
1049 207 1106 241 jam
1124 209 1254 243 perfectis
1270 217 1296 238 et
1320 214 1530 248 consummatis,
1548 216 1572 242 ei
1596 219 1642 251 qui
1660 207 1721 252 pet--

936 251 1008 282 fecit,
1027 253 1128 286 gratias
1146 261 1226 288 agerc
1246 260 1287 282 est
1309 258 1465 283 lleCL‘SSill'iO
1491 251 1721 290 cottsettlatteuttt.

935 297 1045 331 l‘ropter
1064 298 1133 325 hanc
1150 307 1198 332 pro
1214 305 1313 327 sanctis
1327 303 1475 335 gratiarum
1507 307 1641 334 actionem
1671 309 1720 335 hoc

933 348 1041 367 sacrum
1061 344 1220 377 mysterium
1246 344 1418 373 Eucharistia
1434 348 1546 377 dicitur.
1568 351 1624 377 Etsi
1647 361 1719 379 eum

933 384 1048 410 aliorqu
1071 394 1180 420 quoque
1196 388 1344 416 utultorum
1371 391 1416 417 hic
1435 393 1600 422 mentionem
1626 396 1718 427 faciat.

932 430 1017 456 sancti
1035 434 1124 457 tamen
1141 437 1203 458 sunt
1222 433 1283 460 iiuis
1309 434 1438 467 omnium,
1460 442 1486 463 et
1501 445 1550 471 pro
1562 440 1661 472 quibus
1676 442 1718 467 illa

933 477 1074 506 petuntur.
1095 473 1171 501 Unde
1187 477 1297 509 quando
1318 485 1366 511 pro
1384 479 1437 504 illis
1462 482 1518 514 agit
1534 485 1647 515 gratias,
1662 491 1718 518 agit

932 519 1034 551 gratias
1053 527 1100 554 pro
1109 526 1267 548 sanctorum
1286 523 1467 556 perfectione.
1481 528 1715 557 Quemadmodum

931 563 1004 590 enim
1020 572 1189 600 quaecunque
1210 567 1275 594 fecit
1290 567 1433 602 Dominus,
1444 579 1474 597 ea
1492 572 1553 599 freit
1564 579 1592 600 ut
1604 575 1716 602 chorum

932 613 1090 636 sanctorum
1107 615 1252 643 statueret,
1272 613 1307 638 ita
1324 614 1405 639 etiam
1433 614 1564 649 Ecclesia,
1580 617 1625 644 ubi
1642 619 1715 645 illum

931 654 1024 681 laudat
1039 663 1088 689 pro
1111 657 1248 688 omnibus,
1265 659 1299 684 ad
1318 663 1474 685 sanctorum
1495 661 1607 687 chorum
1633 664 1719 696 τρειιί-

931 699 1006 726 ciens
1031 699 1083 727 hoc
1097 702 1162 736 agit.
1192 701 1228 728 Ea
1247 703 1279 728 de
1296 711 1377 730 causa
1395 706 1504 737 quando
1522 707 1634 733 tradidit
1656 708 1718 734 Set"

931 750 1008 772 valor
1025 753 1239 780 sacramentum,
1261 748 1332 775 l’atri
1362 751 1464 782 gratias
1487 759 1568 786 agetis
1591 753 1716 786 tradidit,

932 792 1004 826 quod
1024 800 1069 826 per
1095 793 1183 826 ipsum
1207 794 1286 820 nobis
1311 796 1409 822 cadum
1426 801 1498 823 esset
1516 803 1673 832 aperturus,
1692 805 1719 826 et

929 837 1001 864 hunc
1026 837 1269 872 primogenitorum
1289 845 1390 866 cu'tum
1412 841 1465 868 illic
1489 849 1716 877 cungregaturus.

928 883 996 910 Eum
1023 883 1134 909 imitans
1159 883 1291 916 Ecclesia,
1318 893 1370 912 non
1391 886 1479 912 solum
1503 889 1716 921 supplicantem,

927 928 974 955 sed
990 929 1071 955 etiam
1091 930 1192 962 gratias
1206 934 1329 963 agentem
1349 930 1413 957 facit
1434 931 1570 958 donorum
1596 933 1714 961 oblatio-

927 981 1001 1000 nem.
1020 973 1051 1000 Et
1069 974 1118 1000 hoe
1135 974 1242 1008 quidem
1258 975 1367 1002 aliunde
1383 977 1513 1008 ostendit,
1536 978 1654 1004 maxime
1668 987 1716 1005 att-

928 1024 980 1046 tem
1008 1028 1039 1046 ex
1067 1019 1199 1050 oratimte,
1223 1019 1249 1046 in
1276 1029 1328 1054 qua
1356 1021 1440 1049 tutius
1463 1023 1591 1050 sacrilicii
1614 1032 1713 1058 scopus

927 1065 1095 1091 continetur.
1125 1064 1191 1091 Cum
1219 1066 1292 1091 enim
1320 1067 1504 1094 recensuisset
1532 1068 1627 1094 omnia
1655 1076 1716 1103 quat

928 1109 1006 1138 nobis
1021 1117 1035 1136 a
1054 1110 1107 1136 Deo
1121 1110 1181 1136 data
1197 1116 1271 1139 sunt,
1289 1115 1316 1137 et
1332 1112 1435 1146 gratias
1449 1112 1547 1147 egisset
1562 1122 1610 1148 pro
1626 1115 1716 1141 muni-

929 1156 989 1186 bus.
1022 1159 1049 1181 et
1088 1159 1226 1189 postremo
1255 1154 1406 1182 addidisset
1441 1156 1550 1184 Domini
1582 1158 1609 1185 in
1633 1166 1716 1185 rarue

929 1202 1088 1233 adventum,
1113 1206 1140 1227 et
1164 1200 1246 1234 hujus
1275 1201 1440 1228 sacramenti
1469 1195 1660 1236 traditionem,
1689 1208 1716 1230 et

928 1247 1001 1282 quod
1025 1246 1103 1274 nobis
1129 1254 1238 1281 quoque
1260 1247 1311 1273 hoc
1325 1247 1406 1281 jussit
1425 1248 1525 1278 facere,
1546 1249 1711 1282 subjunxit:

928 1291 1113 1318 Recordantcs
1129 1299 1193 1325 ergo
1212 1291 1343 1318 salutaris
1361 1292 1444 1326 hujus
1459 1294 1598 1327 prarccpti,
1613 1298 1640 1320 ct
1657 1303 1716 1321 υιιι-

928 1338 1004 1364 nium
1028 1345 1089 1372 qua:
1106 1345 1155 1371 pro
1179 1337 1255 1364 nobis
1277 1337 1349 1364 iacta
1376 1343 1451 1370 sunt,
1469 1339 1570 1371 crucis,
1595 1345 1662 1373 ctc.,
1688 1346 1716 1367 et

929 1383 1100 1411 enumeratis
1122 1383 1252 1418 deinec-ps
1268 1384 1394 1411 oumibus
1416 1393 1476 1419 qua:
1493 1393 1602 1412 crucem
1618 1394 1716 1414 couse~

930 1432 990 1455 cuta
1006 1432 1082 1459 sunt,
1099 1427 1199 1454 deinde
1217 1427 1303 1454 dicit:
1324 1437 1333 1453 ι
1353 1428 1410 1455 Tua
1426 1437 1457 1455 ex
1477 1431 1531 1457 tuis
1552 1431 1598 1456 tibi
1622 1432 1715 1457 ιιΠιϊί-

87 1475 240 1510 ὑμνοῦμεν,
262 1476 291 1502 σὲ
305 1476 480 1512 εὐλογοῦμεν,
506 1479 548 1505 σοὶ
567 1479 795 1515 εὐχαριστοῦμεν,
816 1481 875 1508 Κύ-

930 1481 991 1501 mus
1008 1483 1014 1500 :
1033 1473 1067 1500 de
1082 1473 1220 1505 omnibus,
1239 1479 1264 1500 et
1288 1482 1335 1505 [ΜΤ
1357 1474 1447 1501 omnia
1472 1479 1497 1501 te
1519 1475 1673 1508 laudamus,
1689 1481 1715 1503 te

88 1529 140 1553 ριε,
153 1521 202 1547 καὶ
215 1520 330 1555 δεόμεθά
345 1531 402 1555 σου,
419 1524 432 1548 ό
446 1523 511 1556 Θεὸς
525 1524 614 1559 ἡμῶν,
630 1533 639 1550 ι
665 1525 746 1560 Ὀρᾶς
762 1535 769 1559 ;
786 1535 795 1553 ι
812 1527 872 1553 Τῶν

84 1566 263 1600 εὐεργεσιῶν,
275 1567 352 1602 φησὶ,
366 1569 543 1603 μεμνημένοι,
553 1570 654 1606 ταύτην
665 1570 816 1605 ποιούμεθα
827 1571 876 1606 τὴν

84 1609 267 1644 δωροφορῐαν.
281 1621 289 1637 ι
310 1611 395 1638 Τοῦτο
411 1613 440 1638 δέ
453 1614 511 1640 ἐστι
524 1614 553 1640 τὸ
565 1614 746 1649 εὐχαριστεῖν,
758 1616 788 1642 τδ
799 1616 870 1652 ὑπὲρ

86 1656 140 1682 τῶν
161 1657 212 1691 ἤδη
227 1657 336 1690 ἀγαθῶν
349 1657 479 1685 δοθέντων
504 1659 581 1694 ἡμῖν,
596 1660 692 1695 δώροις
703 1661 749 1687 τὸν
763 1662 882 1696 εὐεργέο”

86 1710 137 1737 την
148 1703 242 1738 τιμᾷν.
259 1702 325 1730 Εῐτα
344 1704 391 1731 καὶ
406 1705 571 1740 σαφέστερον
588 1706 716 1734 δεικνῦσα
727 1707 776 1742 τὴν
792 1708 874 1743 εὐχα-

87 1748 205 1781 ριστίαν,
220 1749 297 1784 φησὶ.
315 1758 324 1775 ι
347 1750 553 1785 Προσφέροντες
565 1751 614 1786 τὴν
630 1753 790 1787 προσφορὰν
806 1753 872 1780 ταύ-

84 1800 148 1827 την,
168 1794 198 1819 σὲ
215 1794 365 1830 ὑμνοῦμεν,
381 1796 411 1822 σὲ
432 1796 608 1831 εὐλογοῦμεν,
637 1797 679 1823 σοὶ
695 1798 871 1833 εὐχαριστοῦ-

87 1848 150 1874 μεν,
170 1839 268 1875 Κύριε,
285 1842 332 1868 καὶ
344 1841 462 1877 δεόμεθά
476 1850 535 1874 σου,
551 1840 567 1869 ’ὁ
578 1842 643 1874 Θεὸς
659 1843 764 1878 ἡμῶν.»

122 1926 208 1959 Οἱτος
224 1929 238 1955 ὁ
252 1928 324 1962 νοῦς,
344 1930 423 1964 φησὶ,
434 1928 484 1964 τῆς
497 1930 680 1965 προσαγωγῆς
698 1930 754 1958 τῶν
767 1931 873 1966 δώρων,

87 1974 119 2000 τὸ
136 1974 241 2008 ὑμνεῖν,
258 1975 289 2000 τὸ
321 1975 502 2010 εὐχαριστεῖν,
517 1975 547 2001 τὸ
577 1976 720 2007 ἱκετεύειν,
747 1977 816 2012 ὅπερ
844 1978 875 2011 ἐξ

86 2019 179 2054 ἀρχῆς
208 2020 349 2056 ἐλέγομεν,
361 2020 430 2047 ὥστε
445 2019 516 2048 εἶναι
529 2023 576 2048 καὶ
595 2022 801 2058 εὐχαριστήριον
828 2024 876 2050 καὶ

88 2064 191 2091 ἱκέσιον
204 2065 253 2099 τὴν
280 2065 377 2100 αὐτήν.
395 2066 449 2093 Καὶ
469 2066 555 2093 ταῦτα
572 2066 709 2102 ποιοῦμεν,
727 2069 805 2102 φησι,
830 2068 877 2095 διζο

85 2110 168 2136 τινῶν
184 2111 364 2146 μεμνημένοι,
380 2112 428 2146 τῆς
445 2112 566 2146 ἐντολῆς,
581 2113 614 2147 ἢν
630 2113 695 2148 ἡμῖν
715 2113 873 2146 ἐνετείλατο,

85 2156 175 2190 λέγων
185 2165 193 2172 ·
215 2166 224 2182 ι
237 2157 322 2183 Τοῦτο
343 2158 443 2183 ποιεῖτε
467 2159 506 2189 είς
520 2157 568 2192 τὴν
581 2159 650 2193 ἐμὴν
676 2159 829 2194 ἀνάμνησιν
840 2168 848 2175 ο
863 2169 872 2185 ι

85 2203 134 2229 καὶ
148 2203 257 2229 πάντων
274 2203 328 2229 τῶν
343 2203 412 2238 ὑπὲρ
439 2204 518 2238 ήμῶν
536 2205 698 2239 γενομένων·
711 2206 727 2240 ἡ
757 2206 805 2239 μὲν
820 2206 874 2240 γὰρ

87 2248 184 2282 μνήμη
198 2248 252 2274 τῶν
279 2248 444 2283 εὐεργεσιῶν
466 2249 558 2281 ἁπλῶς
587 2250 626 2281 είς
653 2250 770 2286 ἀμοιϐὴν
800 2251 873 2286 ἡμᾶς

85 2293 282 2327 προτρέπεται,
299 2295 346 2319 καὶ
361 2293 391 2319 τὸ
403 2293 471 2324 ὅλως
486 2302 513 2319 τι
529 2296 723 2329 προσενεγκεῖν
737 2295 773 2330 τῷ
801 2295 873 2322 οὕτω

87 2338 194 2372 μυρίων
207 2337 357 2372 ὑπάρξαντι
377 2338 450 2364 αἰτία
464 2338 584 2373 χαρίτων
599 2339 679 2374 ἡμῖν·
697 2340 713 2374 ἡ
727 2340 756 2366 δὲ
779 2341 871 2375 μνήμη

83 2384 132 2418 τῆς
150 2383 269 2417 ἐντολῆς.
288 2383 334 2409 καὶ
349 2383 414 2411 αὐτὸ
429 2384 458 2410 τὸ
472 2381 541 2415 εἶδος
553 2384 603 2419 τῆς
615 2385 734 2419 ἀμοιϐῆς
753 2385 873 2412 διδάσνει

83 2429 170 2464 ἡμᾶς,
187 2430 233 2454 καὶ
251 2429 310 2455 τίνα
327 2429 366 2455 δεῖ
386 2428 460 2464 δῶρα
484 2429 642 2464 προσάγειν.
654 2430 742 2464 Αὐτὴν
767 2430 872 2465 ἐκείνην

82 2476 135 2511 τὴν
145 2477 303 2510 προσφορὰν
316 2476 473 2509 προσίομεν,
483 2475 515 2510 ἢν
526 2476 606 2506 αὐτὸς
621 2476 634 2501 ὁ
643 2476 797 2510 Μονογενὴς
809 2477 871 2502 ἀνέ-

84 2522 154 2552 δειΞέ
167 2530 218 2554 σοι,
232 2522 270 2555 τῷ
286 2521 345 2556 Θεῷ
354 2522 400 2547 καὶ
411 2522 496 2556 Πατρὶ
508 2522 553 2547 καὶ
566 2521 778 2556 εὐχαριστοῦμεν
792 2530 873 2555 προῖ-

86 2569 211 2601 ἀγοντες,
223 2567 263 2593 ὅτι
275 2567 322 2593 καὶ
339 2567 418 2597 αὐτὸς
432 2567 589 2598 ἀναδεικνύς
606 2568 690 2602 αὐτὴν
702 2567 871 2602 ηὐχαρίστει.

84 2613 133 2640 Διὰ
147 2613 234 2639 ταῦτα
251 2612 327 2638 οὐδὲν
339 2611 443 2638 οἴκοθεν
470 2612 618 2646 εἰσάγομεν
650 2613 689 2643 εἰς
705 2613 806 2646 ταύτην
823 2613 872 2647 τὴν

83 2658 252 2693 δωροφορίαν
261 2665 267 2673 ·
277 2657 337 2683 οὕτε
353 2657 407 2691 γὰρ
422 2657 491 2692 ἔργα
505 2657 583 2692 ἡμῶν
597 2658 630 2683 τὰ
643 2658 715 2692 δῶρα
729 2657 808 2691 ἀλλὰ,
824 2657 870 2684 σοῦ

83 2705 130 2731 τοῦ
145 2706 254 2731 πάντων
276 2703 451 2739 δημιουργοῦ.
469 2702 536 2729 Οὔτε
564 2703 685 2737 ἡμετέρα.
702 2703 807 2729 ἐπίνοια
822 2703 871 2738 τῆς

84 2751 216 2788 λατρείας
236 2751 249 2776 ὁ
274 2751 373 2784 τρίῖπος
401 2746 489 2782 οὗτος,
504 2749 559 2775 ἀλλ’
577 2749 637 2775 οὐδὲ
662 2749 871 2784 προσεθυμήσιη-

87 2787 147 2834 μεν,
165 2787 221 2824 οὐδ’
239 2795 344 2823 οἴκοθεν
359 2796 404 2823 καὶ
419 2797 482 2831 παρ’
498 2795 601 2822 ἑαυτῶν
614 2796 652 2826 εὶς
677 2795 761 2830 αὐτὴν
775 2796 866 2830 ἐκινή-

928 1520 1124 1550 benedicimus,
1145 1520 1191 1547 tibi
1210 1521 1312 1553 gratias
1327 1521 1445 1555 agimus,
1465 1522 1588 1554 Domine,
1606 1528 1634 1549 et
1653 1530 1715 1550 ora-

931 1574 994 1594 mus
1012 1571 1049 1599 te,
1078 1565 1149 1594 Deus
1176 1572 1280 1594 noster.
1310 1576 1319 1592 ι
1338 1566 1436 1594 Vides?
1464 1576 1474 1593 ι
1505 1567 1713 1601 Beneﬁciorum,

928 1611 1026 1646 inquit,
1042 1611 1226 1643 recordantes,
1239 1611 1311 1638 hanc
1327 1611 1374 1638 tibi
1391 1611 1527 1638 donorum
1547 1612 1712 1640 oblationem

928 1657 1063 1688 facimus;
1082 1666 1091 1682 ι
1113 1657 1165 1684 hoc
1179 1665 1203 1683 at
1216 1662 1269 1684 tem
1285 1661 1326 1684 est
1338 1657 1438 1692 gratias
1457 1653 1547 1692 agere,
1570 1666 1619 1693 pro
1633 1658 1715 1686 bonis

925 1703 983 1738 jam
1007 1702 1086 1730 nobis
1112 1702 1230 1734 donatis,
1245 1702 1325 1730 donis
1341 1703 1543 1730 betteiaetorem
1563 1706 1712 1732 honorate.

931 1742 1035 1775 Deinde
1051 1748 1134 1776 etiam
1151 1749 1272 1782 apertius
1291 1750 1440 1778 ostendens
1461 1750 1609 1785 gratiarum
1627 1751 1713 1778 actio-

929 1802 990 1822 nem
1008 1794 1045 1821 ait
1063 1802 1070 1820 :
1087 1803 1096 1819 ι
1115 1793 1265 1821 ΟΙΪΕΓΕΙΙΙὲΒ
1282 1794 1448 1822 oblationem
1470 1796 1552 1828 hanc,
1572 1801 1596 1822 te
1619 1796 1714 1823 lauda-

929 1848 1000 1871 mtts,
1020 1844 1044 1866 te
1059 1838 1259 1870 benedicimus,
1272 1839 1319 1867 tibi
1331 1841 1435 1874 gratias
1448 1842 1569 1876 agimus,
1587 1841 1712 1871 Domine.

928 1892 956 1913 et
971 1886 1149 1920 rogamus‘te,
1177 1886 1246 1912 Drus
1263 1889 1367 1912 noster.
1387 1886 1411 1911 ι’

963 1932 1021 1959 Hoc
1045 1938 1111 1966 ergo
1138 1936 1179 1958 est
1201 1931 1354 1959 institutum
1382 1932 1516 1959 donorum
1542 1932 1689 1959 oblationis
1705 1953 1714 1965 ,

928 1978 1058 2008 laudare,
1080 1977 1180 2012 gratias
1201 1985 1289 2010 agere,
1312 1978 1476 2011 supplicare,
1499 1981 1527 2002 Ill.
1544 1985 1558 2003 a
1576 1978 1636 2011 prin
1649 1979 1713 2011 ipto

929 2023 1059 2056 diximus,
1071 2027 1100 2049 ut
1117 2023 1208 2049 eadem
1224 2027 1251 2048 et
1269 2022 1294 2048 in
1311 2022 1509 2056 supplicatione
1521 2028 1544 2048 et
1563 2023 1712 2056 gratiarum

930 2069 1038 2096 actione
1056 2073 1189 2095 versetur;
1210 2067 1241 2094 Et
1259 2067 1316 2094 haec
1335 2067 1462 2099 facimus,
1478 2069 1579 2101 inquit,
1596 2068 1712 2094 duorum

930 2115 1116 2146 recordantes,
1133 2118 1159 2141 et
1172 2114 1299 2148 praecepti
1317 2113 1389 2147 quod
1406 2113 1486 2140 nobis
1501 2113 1585 2146 dedit,
1601 2114 1711 2141 dicens:

931 2170 940 2186 ι
960 2160 1016 2187 Hoc
1027 2160 1145 2186 facitein
1158 2167 1244 2186 meam
1262 2158 1480 2186 recordationem
1493 2179 1501 2190 .
1522 2168 1531 2184 ι
1548 2164 1573 2186 et
1589 2161 1712 2187 omnium

926 2212 986 2239 quae
1007 2211 1056 2238 pro
1074 2204 1154 2231 nobis
1172 2203 1242 2231 facta
1261 2209 1335 2231 sunt.
1352 2203 1548 2231 Bent-liciorum
1571 2205 1663 2236 enim,
1683 2210 1714 2232 ut

925 2250 1008 2276 semel
1040 2249 1150 2281 dicam,
1184 2249 1341 2277 recordatio
1371 2257 1420 2276 nos
1443 2249 1477 2276 ad
1504 2250 1710 2277 retributionem

924 2296 1098 2326 adhortatur,
1119 2299 1146 2321 et
1168 2294 1201 2321 ad
1228 2295 1329 2329 aliquid
1352 2294 1463 2321 ottmino
1495 2293 1664 2322 oﬂ‘erendum
1686 2295 1711 2321 ei

924 2341 969 2375 qui
991 2348 1041 2367 nos
1056 2340 1129 2375 prior
1144 2340 1386 2366 innumerabilibus
1400 2339 1541 2367 beneﬁciis
1552 2341 1591 2367 sic
1608 2340 1710 2366 ailccit.

924 2385 1052 2420 Prtecrpti
1066 2391 1155 2412 autent
1181 2385 1312 2412 memoria
1332 2391 1359 2412 et
1376 2386 1434 2420 ipsa
1451 2385 1537 2412 forma
1550 2385 1709 2412 retributio-

924 2433 966 2459 nis
983 2440 1032 2459 nos
1047 2432 1135 2462 docet,
1149 2438 1273 2465 qua-nam
1298 2431 1348 2466 ipsi
1370 2431 1440 2457 dona
1457 2431 1557 2458 oii'erre
1573 2436 1709 2465 oporteat.

923 2478 996 2504 ιιιηιιι
1011 2479 1095 2512 ipsam
1108 2478 1274 2504 oblationem
1291 2476 1559 2511 adtnitlimus,quam
1573 2478 1631 2511 ipse
1644 2476 1709 2504 Uni-

924 2524 1033 2558 genitus
1048 2522 1096 2549 tibi
1109 2522 1230 2549 ostendit
1241 2522 1295 2549 beo
1304 2527 1331 2548 et
1342 2522 1427 2554 Patri,
1440 2525 1467 2548 et
1477 2522 1578 2557 gratias
1589 2522 1708 2556 agimus,

923 2569 987 2603 quia
1017 2569 1074 2603 ipse
1098 2568 1180 2595 etiam
1197 2576 1256 2595 eatn
1276 2568 1423 2595 ostendens
1440 2568 1495 2602 egit
1514 2567 1625 2603 gratias.
1645 2567 1710 2593 l’ro—

923 2619 1014 2649 pterea
1032 2614 1066 2641 ad
1083 2614 1152 2641 hanc
1169 2614 1301 2640 donorum
1332 2614 1499 2641 oblationem
1526 2613 1592 2640 nihil
1624 2613 1707 2640 domo

924 2661 1073 2688 ai'ferimus.
1096 2659 1190 2695 Neqm:
1210 2660 1284 2687 enim
1308 2660 1379 2688 dona
1403 2664 1467 2687 sunt
1491 2664 1584 2687 nostra
1612 2667 1707 2694 φρει-ιι.

924 2707 970 2735 sed
986 2712 1031 2733 tua
1049 2706 1169 2733 omnimu
1183 2706 1299 2740 opiﬁcis.
1312 2705 1367 2733 Nec
1379 2712 1500 2733 nostrum
1511 2710 1555 2732 est
1567 2706 1705 2732 imentum

923 2751 980 2778 htec
1000 2751 1105 2783 colendi
1131 2751 1229 2782 forma,
1248 2750 1297 2778 sed
1314 2758 1404 2784 neque
1420 2756 1514 2777 nostra
1540 2753 1638 2784 sponte
1653 2749 1706 2775 hoc

923 2797 1081 2829 voluimus,
1101 2804 1188 2831 neque
1213 2796 1294 2823 domo
1318 2800 1343 2823 et
1366 2803 1397 2822 ex
1417 2795 1494 2822 nobis
1511 2795 1577 2828 ipsis
1592 2794 1625 2820 ad
1644 2799 1706 2821 eam
