1976 3074
269 117 321 148 4³3

884 110 1038 141 NICOLM
1059 107 1254 138 CABASHJE

1835 101 1886 132 4M

270 173 380 209 impulsi
394 179 503 205 sumus,
517 171 562 200 sed
575 171 631 205 ipse
642 169 771 202 docuisti,
785 169 842 203 ipse
853 167 1013 195 adhortatus
1026 174 1056 193 es

1116 168 1194 199 ιημεν
1207 172 1213 178 ·
1228 164 1285 191 ἀλλ’
1305 163 1384 194 αὐτὸς
1413 161 1546 196 ἐδίδαξας,
1561 161 1639 192 αὐτὸς
1666 160 1824 195 προετρέξω
1847 160 1888 186 δὰ

272 227 321 255 per
338 219 525 253 Unigenitum.
553 217 585 243 Et
607 217 668 243 ideo
694 223 753 248 quas
777 215 824 242 tibi
847 213 999 246 oﬂerimus,
1021 220 1054 239 ex

270 266 326 293 tuis
342 272 402 299 quae
419 264 497 291 nobis
512 263 624 293 dedisti,
639 266 683 288 tua
701 265 766 288 sunt
779 260 805 287 in
823 259 950 287 omnibus
964 264 992 285 et
1008 265 1056 292 per

273 311 375 338 omnia.
390 310 429 337 lta
442 309 523 336 etiam
538 315 587 342 pro
602 307 660 341 ipsa
678 314 730 341 qua
749 309 866 340 aguntur
876 305 969 340 gratia:
981 304 1056 331 obla-

274 357 358 386 tione,
378 354 456 380 aliam
471 360 568 380 rursus
582 352 730 388 gratiarum
751 351 884 378 actionem
900 349 954 377 Deo
972 349 1056 376 debe-

277 407 351 431 mus,
369 399 433 433 quia
449 397 515 424 nihil
532 397 592 431 ejus
607 401 730 424 nostrum
746 399 799 427 est,
819 395 866 422 sed
882 398 939 421 tota
964 398 1005 421 est
1025 393 1058 420 il-

274 446 327 472 lius
343 445 459 475 donum,
472 447 501 470 et
513 442 563 469 hoc
574 442 662 477 ipsum
679 441 753 476 quod
772 441 798 468 id
813 440 939 467 volumus
954 443 981 466 et
992 445 1057 473 ope-

274 498 385 522 ramur,
406 489 477 516 idem
498 492 540 515 est
560 488 607 522 qui
631 487 659 514 in
692 486 771 514 nobis
799 489 940 521 operatur,
966 489 997 512 ut
1021 484 1058 510 ait

273 537 383 564 divinus
404 535 562 570 Apostolus.
581 534 727 568 Propterea
749 532 800 559 hoc
820 538 930 566 quoque
945 530 972 558 in
993 537 1057 557 ora-

274 581 401 608 tionibus
417 581 540 607 dicitur:
557 588 567 604 ι
588 578 695 606 Gratias
712 577 819 611 agimus
835 576 884 603 tibi
907 583 957 610 pro
971 574 1058 602 sacri-

275 626 347 657 ﬁcio,
365 625 438 659 quod
460 632 475 651 e
495 623 598 650 nostris
620 622 746 649 manibus
764 621 904 654 suscipere
930 619 1059 654 dignatus

274 678 314 698 cs.
343 679 353 695 ι
381 669 447 702 Quae
469 676 534 702 ergo
556 669 664 699 docent,
688 672 846 694 sanctorum
869 666 896 692 in
923 664 1060 692 sacriﬁcio

276 714 566 742 commemorationem
592 721 645 740 non
667 719 729 740 ease
755 712 789 739 ad
816 711 900 738 Deum
927 718 975 745 pro
994 710 1061 744 ipsis

277 760 515 795 supplicationem,
532 759 578 786 sed
591 758 738 793 gratiarum
754 757 903 789 actionem,
914 756 972 783 haec
984 759 1060 783 sunt.

607 815 684 843 CAP.
703 815 733 842 L.

279 863 348 896 Quot
368 862 451 889 modis
461 863 491 896 ﬁt
499 862 524 888 in
535 862 666 895 sacriﬁcio
675 866 826 887 sanctorum
836 864 1061 892 commemoratio,

532 902 556 924 et
573 904 631 930 qua:
646 896 808 930 differentia.

312 943 459 970 Videamus
472 947 562 970 autem
578 943 685 977 quoties
701 946 728 969 et
742 942 769 969 in
786 949 840 976 quo
856 939 986 968 sacriﬁcii
1002 940 1063 966 loco

278 988 308 1015 ﬁt
323 989 380 1016 haec
396 988 632 1016 commemoratio.
643 987 686 1015 Fit
701 988 771 1015 enim
792 988 834 1014 bis
847 994 853 1013 ι
870 986 988 1022 primum
1002 985 1063 1021 qui-

281 1033 343 1060 dem
361 1033 387 1059 in
411 1033 472 1068 ejus
497 1033 642 1068 principio,
662 1033 771 1068 quando
794 1032 866 1059 dona
890 1030 1063 1062 oﬂ‘erunlur,

278 1079 401 1106 secundo
417 1085 518 1111 autem,
530 1079 639 1112 quando
652 1078 853 1106 sacriﬁcantur.

314 1124 384 1157 Quia
401 1125 473 1152 enim
490 1125 588 1158 duplex
604 1129 646 1151 est
667 1124 782 1157 oblatio,
799 1125 856 1151 haec
874 1124 985 1159 quidem
1003 1128 1064 1149 tan—

279 1177 360 1203 quam
377 1170 549 1197 solummodo
564 1169 698 1196 donorum
716 1174 742 1196 et
770 1176 928 1201 munerum,
941 1173 971 1195 ut
985 1172 1063 1195 antea

279 1215 382 1241 dictum
396 1220 447 1243 est.
477 1214 520 1241 illa
534 1218 627 1240 autem
644 1218 774 1247 tanquam
789 1212 915 1240 sacriﬁcii
930 1221 939 1247 ;
954 1220 1065 1240 necesse

279 1264 322 1287 est
343 1261 424 1287 etiam
447 1267 494 1287 eos
515 1267 564 1294 pro
582 1259 682 1293 quibus
705 1259 866 1291 oﬁ‘ernntur,
882 1259 909 1285 et
929 1259 1022 1293 prima:
1039 1263 1066 1285 et

282 1306 409 1332 secundae
423 1305 571 1332 oblationis
589 1305 757 1332 meminisse.
774 1305 867 1340 Itaque
888 1305 1066 1339 quemadmo-

282 1349 346 1375 dum
364 1349 390 1374 in
408 1349 506 1383 prima,
523 1358 532 1374 ‹
552 1348 579 1376 1η
595 1348 826 1382 recordationem,
841 1350 938 1384 inquit,
958 1349 1064 1376 Domini

281 1398 309 1420 et
324 1394 370 1420 Dci
386 1392 544 1420 Servatoris
567 1393 654 1421 nostri
676 1393 740 1421 Jesu
761 1393 884 1428 Christi;
901 1404 910 1420 ι
927 1395 962 1421 ita
982 1394 1064 1422 etiam

282 1439 310 1465 in
326 1439 458 1472 secunda,
485 1448 494 1464 t
525 1438 712 1466 Recordantes
731 1446 797 1474 ergo
817 1447 913 1467 eorum
935 1447 994 1474 qua:
1017 1446 1066 1473 pro

283 1483 362 1510 nobis
386 1483 456 1510 facta
476 1489 551 1514 sunt,
578 1485 669 1511 crucis
688 1488 714 1511 et
729 1484 844 1511 aliorum
862 1491 922 1518 quae
939 1483 1065 1512 Christus

281 1535 331 1563 pro
348 1528 427 1555 nobis
445 1528 588 1556 sustinuit.
607 1538 616 1554 ι
636 1529 701 1561 Quae
715 1529 788 1556 enim
805 1529 850 1556 hic
861 1529 913 1556 sibi
930 1529 988 1556 vult
1003 1537 1066 1556 cru-

281 1575 322 1602 cis
351 1576 493 1608 memoria,
512 1579 540 1602 et
556 1575 671 1602 aliorum
697 1583 758 1610 qua:
782 1582 893 1603 crucem
918 1581 1065 1603 couseeuta

281 1625 355 1652 sunt.
367 1621 418 1646 hoc
429 1620 485 1647 illic
496 1625 537 1647 est
546 1620 654 1647 Domini
669 1621 902 1648 commemoratio.
913 1620 971 1648 Non
980 1622 1064 1652 enim,

283 1671 313 1692 ut
327 1666 463 1693 miracula
476 1665 601 1693 facientis
618 1666 783 1698 Servatoris,
797 1667 844 1694 sed
860 1670 890 1694 ut
903 1666 1025 1694 cruciﬁxi
1038 1671 1065 1694 et

282 1711 436 1744 morientis,
454 1716 519 1739 tunc
546 1712 675 1740 sacerdos
693 1711 828 1745 meminit,
843 1717 873 1739 ut
894 1713 921 1740 in
941 1713 987 1740 illo
1004 1713 1065 1740 loco

282 1764 332 1791 per
345 1757 429 1784 multa
445 1761 587 1784 ostensum
602 1762 653 1785 est.
672 1757 706 1785 Et
722 1757 819 1785 rursus
835 1758 907 1786 sicut
924 1759 950 1785 in
967 1759 1064 1793 prima,

284 1810 294 1826 ι
322 1801 361 1828 Ad
391 1802 506 1835 gloriam
537 1801 742 1835 Sanctissimae,
769 1803 803 1830 ad
836 1803 1064 1832 intercessionem

282 1851 454 1878 sanctorum,
475 1855 484 1871 ι
506 1846 588 1878 dicit,
618 1847 655 1873 ita
679 1847 760 1873 etiam
785 1847 812 1873 in
825 1848 945 1875 secundo
960 1857 966 1875 :
981 1857 990 1873 t
1012 1849 1064 1876 Pro

281 1890 385 1916 Sanctis
412 1890 557 1922 omnibus,
582 1891 717 1925 praecipue
738 1891 927 1920 Sanctissima.
950 1902 958 1918 ι
988 1892 1065 1920 Sicut

281 1936 354 1961 enim
366 1935 422 1962 illic
437 1936 625 1963 excellentiam
642 1937 773 1969 ostendit,
784 1945 843 1964 eam
859 1938 920 1965 aliis
933 1939 1063 1966 omnibus

283 1982 450 2016 praeferens,
477 1983 512 2010 ita
542 1984 586 2011 hic
613 1985 743 2019 quoniam
768 1990 830 2020 post
859 1986 966 2021 aliquos
992 1987 1062 2015 alios

278 2030 341 2064 ejus
360 2030 493 2063 meminit,
515 2030 581 2057 illud
613 2031 745 2065 prwcipue
760 2031 851 2066 adjicit
871 2040 878 2059 :
894 2036 920 2060 et
934 2033 1065 2067 quemad-

283 2074 391 2100 modum
406 2074 431 2100 in
447 2074 545 2108 prima,
561 2078 623 2109 post
638 2080 759 2108 sanctOs,
773 2083 867 2103 eorum
884 2085 936 2111 que
948 2077 1064 2111 agebant

283 2119 516 2151 misericordiam,
535 2120 672 2153 meminit,
687 2125 714 2147 et
728 2128 778 2156 pro
793 2120 894 2155 quibus
918 2121 1062 2156 supplicat,

1105 209 1152 235 τοῦ
1170 209 1347 243 Μινογενοῦς.
1376 209 1477 235 Τοᾶτου
1508 207 1586 242 χάριν
1604 207 1622 234 ἃ.
1641 206 1830 241 προσφέρομέν
1850 213 1890 231 σοι

1107 256 1138 281 ὲκ
1152 254 1207 281 τῶν
1225 255 1278 280 σῶν
1295 254 1360 288 ἡμῖν
1371 254 1500 284 δέδωκας,
1525 253 1560 279 σά
1574 253 1632 278 ἐστι
1647 252 1718 278 κατὰ
1737 251 1825 277 πάντα
1844 251 1889 276 καὶ

1107 300 1150 327 διὰ
1168 301 1266 327 πάντα.
1281 299 1359 326 Οὕτω
1375 300 1422 326 καὶ
1442 299 1510 333 ὑπὲρ
1535 298 1619 331 αὐτῆς
1638 298 1687 332 τῆς
1714 295 1890 332 χαριστηρίου

1108 345 1275 380 προσφορᾶς,
1290 345 1374 378 ἄλλην
1391 344 1472 370 πάλιν
1496 342 1671 378 εὐχαριστίαν
1696 341 1839 376 ὀφείλομεν
1852 340 1890 375 τῷ

1109 391 1179 424 Θεῷ,
1195 391 1235 416 ὅτι
1250 390 1326 417 οὐδὲν
1342 389 1426 424 αὐτῆς
1449 388 1594 423 ἡμέτερον,
1607 387 1676 413 ἀλλὰ
1694 387 1770 413 πᾶσα
1788 386 1891 412 ἐκείνου

1108 436 1203 470 δῶρον,
1219 435 1267 462 καὶ
1282 435 1347 461 αὐτὸ
1360 435 1390 461 τδ
1418 434 1506 461 θέλειν
1532 433 1618 468 αὐτὴν
1642 432 1691 459 καὶ
1715 433 1746 459 τὸ
1761 432 1892 467 ἐνεργεῖν,

1109 481 1190 512 αὐτός
1201 483 1274 508 ἐστιν
1287 482 1301 507 ὁ
1316 480 1435 515 ἐνεργῶν
1447 480 1525 515 ἡμῖν,
1541 479 1611 506 κατὰ
1627 478 1673 506 τὸν
1689 477 1894 505 θεῖονἎπόστο-

1110 527 1167 554 λον.
1181 527 1230 554 Διὰ
1257 527 1335 554 τοῦτο
1351 527 1379 553 ὲν
1405 527 1467 558 ταῖς
1483 525 1577 560 εὐχαῖς
1593 525 1640 551 καὶ
1662 523 1740 550 τοῦτο
1764 522 1890 555 λέγεται·

1113 582 1123 598 ι
1143 573 1361 607 Εὐχαριστοῦμέν
1377 580 1418 598 σοι
1437 571 1485 598 καὶ
1507 571 1576 606 ὑπὲρ
1600 570 1685 604 αὐτῆς
1703 570 1753 604 τῆς
1773 569 1894 602 λειτουρ-

1111 619 1182 651 γίας,
1191 618 1224 653 ἢν
1239 618 1271 644 ὲκ
1286 618 1341 644 τῶν
1355 618 1453 653 χειρῶν
1463 617 1543 652 ἡμῶν
1553 617 1681 649 δέξασθαι
1694 615 1889 650 κατηξίωσας.ι

1113 664 1148 688 *Α
1168 663 1217 697 μὲν
1244 661 1291 689 οὖν
1314 663 1388 698 ἡμᾶς
1414 662 1534 689 διδάσκει
1557 662 1606 695 τὴν
1634 662 1663 688 ὲν
1684 662 1718 696 τῇ
1742 659 1896 694 λειτουργίᾳ

1113 709 1224 742 μνήμην
1243 709 1295 735 τῶν
1313 708 1408 741 ἁγίων,
1424 708 1462 742 μὴ
1483 708 1587 734 ἱκεσίαν
1598 706 1668 734 εἶναι
1693 707 1761 742 πρὸς
1775 707 1820 734 τὸν
1832 706 1895 733 Θεδν

1112 753 1182 788 ὑπὲρ
1195 753 1294 786 αὐτῶν,
1309 753 1368 780 ἀλλ’
1384 753 1568 788 εὐχαριστίαν,
1582 753 1668 780 ταῦτά
1682 753 1766 780 ἐστιν.

1408 810 1430 835 Κ
1436 809 1520 835 ΕΦΑΔ
1532 829 1539 836 .
1564 807 1606 836 N’.

1149 855 1283 888 Ποσὰκις
1294 855 1348 889 τῆς
1372 856 1536 889 ἱερουργίας
1557 854 1617 881 τῶν
1640 855 1733 888 ἁγίων
1755 853 1773 886 ἠ
1805 852 1895 887 ινήμη

1281 891 1404 925 γίνεται.
1421 888 1531 922 καίτίς
1552 890 1571 923 νὴ
1587 888 1724 923 διαφορά.

1151 937 1266 971 Ἰδωμεν
1291 937 1319 963 δὲ
1348 937 1464 967 ποσάκις
1480 935 1528 962 καὶ
1556 935 1608 962 ποῦ
1630 935 1680 970 τῆς
1703 935 1858 970 ἱερουργίας
1879 935 1896 970 ἡ

1115 982 1208 1016 μνήμη
1223 981 1290 1017 αὕτη
1306 982 1420 1016 γίνεται.
1437 982 1543 1008 Γίνεται
1560 981 1616 1016 γὰρ
1639 981 1696 1012 δίς·
1714 981 1822 1014 πρῶτον
1849 981 1898 1015 μὲν

1115 1028 1144 1055 ὲν
1159 1029 1219 1059 ταῖς
1233 1029 1329 1063 ἀρχαῖς
1345 1029 1442 1063 αὐτῆς,
1460 1029 1505 1055 ὅτε
1520 1027 1676 1054 ἀνατίθεται
1690 1028 1723 1054 τὰ
1737 1027 1812 1064 δῶρα.
1822 1029 1898 1056 ’δεύ-

1114 1082 1192 1109 τερον
1206 1073 1243 1105 δὲ,
1263 1074 1306 1100 ὅτε
1322 1074 1426 1101 θύεται.

1156 1118 1233 1145 Ἐπεὶ
1250 1119 1303 1153 γὰρ
1315 1118 1390 1154 διττὴ
1406 1120 1421 1153 ὴ
1441 1121 1619 1156 προσαγωγὴ,
1636 1122 1652 1157 ἡ
1667 1122 1728 1154 μὲν,
1748 1122 1786 1153 ὡς
1804 1122 1898 1156 δώρων

1115 1163 1161 1189 καὶ
1174 1162 1356 1197 ἀναθημάτων
1369 1163 1471 1195 ἁπλῶς,
1491 1165 1618 1201 καθάπερ
1638 1167 1667 1192 ὲν
1678 1167 1734 1198 τοῖς
1747 1167 1900 1201 ἔμπροσθεν

1115 1209 1222 1244 εἴρηται
1232 1217 1240 1225 ·
1255 1209 1271 1242 ή
1284 1209 1321 1242 δὲ,
1336 1209 1373 1242 ὡς
1387 1209 1480 1242 θυσίας
1491 1218 1498 1226 ·
1516 1212 1622 1247 ἀνάγκη
1642 1213 1690 1238 καὶ
1705 1213 1813 1245 τούτους
1829 1213 1899 1248 ὑπὲρ

1115 1251 1153 1280 ὦν
1174 1255 1368 1289 προσάγονται,
1385 1256 1431 1282 καὶ
1441 1257 1488 1284 ἐπὶ
1509 1258 1558 1292 τῆς
1575 1257 1695 1293 πρώτης,
1709 1259 1756 1286 καὶ
1779 1259 1824 1285 ἐπὶ
1851 1259 1900 1294 τῆς

1115 1299 1244 1333 δευτέρας
1273 1301 1457 1335 προσαγωγῆς
1485 1303 1784 1337 μνημονεύεσθαιοκαὶ
1811 1305 1901 1332 τοίνυν

1116 1345 1240 1380 καθάπερ
1254 1345 1300 1371 ἐπὶ
1313 1345 1362 1380 τῆς
1377 1347 1498 1382 πρώτης,
1512 1356 1522 1374 ι
1535 1348 1582 1380 Είς
1592 1349 1752 1384 ἀνάμνησιν,
1768 1350 1844 1386 φησὶ,
1854 1351 1901 1378 τοῦ

1116 1389 1231 1424 Κυρίου,
1245 1389 1293 1416 καὶ
1306 1390 1384 1420 Θεοῦ,
1405 1390 1452 1417 καὶ
1477 1392 1603 1427 Σωτῆρος
1629 1392 1708 1427 ἡμῶν
1725 1393 1812 1428 Ἰησοῦ
1835 1395 1902 1430 Χρι-

1123 1435 1221 1461 στοῦ-ι
1236 1435 1307 1462 οὕτω
1330 1436 1377 1462 καὶ
1394 1437 1440 1464 ἐπὶ
1469 1437 1520 1472 τῆς
1546 1438 1684 1474 δευτέρας,
1702 1448 1712 1465 ‹
1727 1441 1902 1475 Μεμνημένοι

1090 1503 1099 1516 ,
1116 1482 1207 1508 τοίνυν
1219 1483 1273 1508 τῶν
1290 1483 1359 1517 ὑπὲρ
1376 1483 1454 1518 ήμῶν
1468 1484 1630 1517 γενομένων,
1648 1484 1695 1511 τοῦ
1711 1485 1829 1520 σταυροῦ
1854 1487 1902 1513 καὶ

1116 1527 1170 1554 τῶν
1188 1527 1276 1554 ἄλλων
1291 1524 1329 1555 ὧν
1347 1528 1416 1564 ὑπὲρ
1445 1528 1524 1564 ἡμῶν
1556 1529 1702 1564 ὑπέμεινεν
1716 1531 1730 1557 ὸ
1756 1531 1900 1565 Χριστός.»

1119 1574 1152 1600 '0
1165 1574 1219 1607 γὰρ
1233 1573 1349 1600 ἐνταῦθα
1367 1574 1490 1609 βούλεται
1504 1575 1521 1609 ὴ
1538 1575 1585 1601 τοῦ
1599 1576 1717 1610 σταυροῦ
1735 1578 1840 1611 μνήμη,
1856 1577 1904 1603 καὶ

1116 1619 1171 1645 τῶν
1191 1619 1279 1646 ἄλλων
1293 1620 1347 1646 τῶν
1354 1620 1433 1656 μετὰ
1447 1620 1492 1646 τὸν
1509 1621 1635 1655 σταυρὸν,
1650 1622 1729 1648 τοῦτο
1742 1623 1802 1649 ἐκεῖ
1815 1623 1831 1657 ἡ
1857 1622 1904 1649 τοῦ

1117 1664 1224 1700 Κυρίου
1251 1665 1412 1699 ἀνάμνησις.
1433 1666 1471 1692 οὗ
1497 1666 1552 1702 γὰρ
1573 1666 1612 1697 ὡς
1634 1667 1904 1704 θαυματουργοῦντος

1116 1711 1165 1737 τοῦ
1191 1711 1327 1746 Σωτῆρος,
1343 1711 1401 1738 ἀλλ’
1413 1711 1452 1743 ὡς
1476 1714 1689 1748 σταυρουμένου,
1710 1715 1757 1741 καὶ
1783 1715 1905 1751 ἀποθνή-

1117 1764 1236 1788 σκοντος,
1248 1757 1397 1790 τηνικαῦτα
1412 1758 1426 1784 ὁ
1442 1758 1530 1793 ἱερεὺς
1547 1758 1692 1793 μέμνηται,
1705 1760 1744 1791 ὤς
1760 1760 1789 1787 ἐν
1803 1761 1904 1796 ἐκείνῳ

1115 1800 1156 1835 τῷ
1171 1800 1246 1835 τόπῳ
1261 1801 1305 1828 διὰ
1323 1801 1430 1828 πολλῶν
1454 1802 1611 1838 ἀπεδείχθη.
1627 1804 1680 1830 Καὶ
1699 1804 1780 1832 πάλιν
1809 1805 1906 1842 ὥσπερ

1116 1846 1161 1872 ἐπὶ
1172 1846 1221 1881 τῆς
1239 1846 1361 1881 πρώτης,
1382 1856 1393 1873 ι
1411 1848 1456 1879 Et;
1467 1847 1547 1880 δόξαν
1560 1849 1610 1883 τῆς
1623 1849 1770 1884 Παναγίας,
1788 1852 1827 1882 είς
1838 1861 1907 1885 πρε-

1116 1889 1210 1916 σϐείαν
1225 1891 1278 1916 τῶν
1292 1891 1403 1925 ἁγίων,›
1419 1893 1510 1927 φησὶν,
1526 1892 1597 1919 οὕτω
1621 1894 1668 1920 καὶ
1681 1894 1727 1920 ἐπὶ
1741 1896 1788 1930 τῆς
1811 1896 1906 1923 δευτέ-

1117 1943 1186 1969 ραςθ
1206 1935 1312 1970 (Ὑπὲρ
1336 1935 1391 1962 τῶν
1415 1937 1501 1970 ἁγίων
1522 1937 1660 1969 ἁπάντων.
1681 1939 1828 1974 ἐξαιρέτως
1854 1942 1906 1975 τῆς

1116 1980 1281 2014 Παναγίας.»
1298 1982 1403 2017 ’Ὥσπερ
1420 1982 1475 2017 γὰρ
1488 1982 1538 2018 τὴν
1556 1984 1693 2020 ὑπεροχὴν
1711 1986 1798 2020 αὐτῆς
1817 1987 1904 2020 ἔδειξε

1115 2025 1168 2053 τῶν
1182 2026 1269 2053 ἄλλων
1282 2026 1419 2062 προτιθεὶς
1434 2029 1572 2062 ἁπάντων,
1588 2030 1675 2062 οὕτως
1686 2031 1823 2064 ἐνταῦθα,
1840 2033 1905 2059 ἐπεὶ

1116 2074 1185 2105 μετά
1197 2081 1272 2104 τινας
1287 2073 1381 2104 ἄλλους
1394 2074 1478 2109 αὐτῆς
1491 2075 1689 2110 ἐμνημόνευσε,
1703 2077 1734 2103 τὸ
1744 2077 1905 2112 ἐξαιρέτως

1117 2116 1256 2150 προσθεὶς,
1268 2118 1316 2144 καὶ
1339 2117 1435 2154 ὥσπερ
1460 2120 1506 2146 ἐπὶ
1523 2120 1572 2155 τῆς
1602 2121 1724 2156 πρώτης,
1746 2123 1815 2158 μετὰ
1837 2125 1904 2156 τοὺς

281 2166 406 2191 virorum
428 2170 454 2191 et
475 2169 660 2198 mortuorum,
673 2165 710 2192 ita
726 2166 807 2193 etiam
825 2167 851 2193 iu
869 2166 999 2194 secunda.
1017 2166 1062 2194 Est

1117 2161 1222 2195 ἁγίους,
1237 2162 1291 2189 τῶν
1314 2163 1405 2194 ἐλέους
1429 2164 1564 2199 δεομένων
1587 2165 1733 2201 μέμνηται,
1759 2167 1807 2194 καὶ
1834 2169 1905 2204 ὑπὲρ

281 2213 373 2236 autem
389 2210 541 2238 ditl'erentia
556 2218 564 2243 ;
580 2211 606 2237 in
620 2218 704 2239 secun
715 2212 740 2239 la
755 2212 827 2239 enim
843 2216 936 2239 narrat
950 2212 1064 2239 oblatio-

280 2263 364 2287 nem;
388 2256 454 2282 dicit
480 2257 576 2284 enim:
596 2266 606 2282 ι
625 2258 770 2286 Oll'erimus
788 2258 834 2285 tibi
863 2258 937 2286 hunc
960 2259 1063 2286 cultum

282 2300 463 2335 rationalem;
483 2311 492 2327 ι
521 2307 548 2330 et
571 2303 651 2331 simul
666 2305 748 2331 etiam
775 2304 850 2338 ponit
866 2311 965 2332 causas
988 2305 1064 2332 obla—

280 2346 377 2378 tionis,
393 2347 432 2374 vel
454 2348 530 2382 prius
555 2349 660 2381 dicens,
676 2350 716 2377 vel
733 2350 902 2385 subjungens
927 2351 1065 2379 memoriae

283 2393 439 2427 passionum
457 2394 621 2429 Servatoris,
636 2395 793 2423 memoriam
813 2401 982 2424 sanctorum.

320 2526 348 2553 ln
364 2526 450 2561 prima
468 2532 558 2554 autem
586 2527 663 2561 ponit
681 2527 753 2555 solas
769 2535 868 2555 causas
893 2528 1040 2557 oblationis
1055 2538 1062 2556 :

279 2581 293 2597 4
313 2572 341 2599 lu
355 2572 513 2599 memoriam
530 2572 648 2602 Domini,
665 2573 691 2599 in
704 2573 819 2607 gloriam
835 2573 1034 2607 Sanctissimm,
1053 2584 1062 2601 ι

279 2623 307 2644 et
325 2626 385 2651 qui}!
409 2623 568 2652 sequuntur.
585 2617 722 2652 lnquibus
734 2620 998 2647 mcminiteteorum
1016 2627 1065 2655 pro

282 2662 383 2694 quibus
398 2663 452 2697 agit
467 2663 579 2697 gratias,
593 2668 619 2690 el
636 2671 730 2691 eorum
743 2672 792 2699 pro
802 2666 900 2699 quibus
919 2667 1063 2702 supplicat.

280 2708 346 2740 Qua:
354 2713 393 2734 cst
401 2715 463 2743 ergo
477 2709 556 2740 ratio,
564 2709 634 2743 quod
643 2710 668 2736 in
675 2710 726 2736 boc
734 2710 841 2744 quidem
854 2711 924 2739 facto
930 2719 960 2739 se
968 2712 1066 2740 ollerre

281 2753 421 2780 ostendit?
435 2753 470 2780 |)e
482 2761 550 2788 pane
561 2755 632 2780 cnim
648 2755 805 2788 detrahens,
817 2755 843 2782 id
861 2756 915 2782 Deo
929 2756 1009 2783 oll'crt
1019 2765 1027 2789 ;
1039 2760 1066 2783 ct

279 2798 341 2825 ilco
355 2807 408 2826 non
423 2807 491 2834 opus
503 2799 553 2826 fuit
570 2800 658 2826 verbis
679 2808 738 2834 qua!
754 2801 804 2829 hoc
820 2801 1023 2836 signiﬁcarent;
1038 2802 1064 2828 in

1115 2203 1152 2233 ὧν
1169 2207 1292 2240 ἱκετεύει,
1310 2209 1356 2236 καὶ
1368 2209 1486 2242 ζώντων,
1501 2211 1548 2237 καὶ
1561 2211 1745 2246 τεθνηκότων
1761 2213 1833 2241 οὕτω
1855 2203 1907 2242 καὶ

1116 2254 1162 2280 ἐπὶ
1173 2255 1222 2287 τῆς
1236 2255 1377 2290 δευτέρας.
1397 2257 1477 2291 Ἔχει
1490 2257 1519 2284 δὲ
1531 2258 1674 2294 διαφοράν.
1698 2259 1758 2286 Ἐπὶ
1774 2261 1824 2296 μὲν
1849 2261 1906 2296 γὰρ

1115 2302 1164 2334 τῆς
1177 2301 1318 2336 δευτέρας,
1337 2303 1384 2329 καὶ
1399 2302 1533 2338 διηγεῖται
1548 2305 1597 2339 τὴν
1616 2307 1817 2342 προσαγωγὴν
1834 2309 1907 2342 φησι

1116 2347 1178 2382 γὰρ,
1199 2355 1209 2372 t
1224 2347 1402 2383 Προσάγομέν
1422 2357 1463 2375 σοι
1477 2349 1526 2384 τὴν
1537 2349 1648 2386 λογικὴν
1674 2350 1776 2386 ταύτην
1792 2352 1908 2388 λατρεί-

1105 2400 1182 2424 ναννι
1203 2393 1262 2427 μεθ’
1275 2390 1313 2420 ὧν
1327 2394 1418 2429 τίθησι
1433 2395 1482 2427 τὰς
1498 2396 1624 2431 ἀφορμὰς
1640 2397 1688 2431 τῆς
1703 2399 1904 2432 προσαγωγῆς,

1116 2438 1132 2472 ἢ
1152 2439 1215 2474 προ)
1222 2439 1301 2473 έγων,
1315 2439 1331 2475 ἧ
1347 2440 1480 2474 ἐπιλέγων
1493 2442 1543 2477 τὴν
1561 2443 1613 2478 μνή
1619 2452 1671 2478 μην
1681 2443 1736 2470 τῶν
1751 2443 1796 2471 τοῦ
1809 2445 1908 2480 Σωτῆ-

1119 2492 1163 2519 ρος
1174 2484 1275 2517 παθῶν,
1287 2485 1336 2521 τὴν
1348 2487 1458 2522 μνήμην
1475 2488 1528 2514 τῶν
1546 2488 1641 2522 ἁγίων.

1159 2530 1220 2556 Ἐπὶ
1237 2532 1264 2560 δὲ
1277 2532 1326 2567 τῆς
1341 2532 1453 2567 πρώτης
1480 2534 1563 2568 μόνας
1589 2534 1679 2569 τίθησι
1699 2535 1746 2567 τὰς
1772 2537 1907 2572 ἀφορμὰς

1116 2575 1165 2610 τῆς
1189 2579 1385 2613 προσαγωγῆς,
1398 2579 1500 2613 ὶέγων·
1520 2581 1581 2612 «Εἰς
1597 2580 1751 2617 ἀνάμνησιν
1763 2582 1810 2608 τοῦ
1842 2584 1906 2609 Κυ-

1118 2622 1187 2655 ρίου,
1212 2623 1251 2654 είς
1277 2623 1355 2655 δόξαν
1377 2624 1428 2658 τῆς
1448 2625 1620 2661 Πανᾳγίαςη
1638 2627 1730 2653 καὶτὰ
1752 2627 1833 2663 ἑξῆς,
1858 2629 1906 2654 Ἐν

1116 2664 1155 2698 οἷς
1172 2667 1307 2703 μέμνηται
1320 2669 1367 2694 καὶ
1382 2670 1452 2704 ὑπὲρ
1469 2667 1507 2697 ὧν
1526 2671 1690 2706 εὐχαριστεῖ,
1703 2672 1756 2698 Καὶ
1781 2673 1852 2707 ὑπὲρ
1866 2671 1907 2700 ὧν

1118 2713 1244 2739 ἱκετεύει.
1259 2713 1306 2744 Τίς
1320 2713 1365 2739 οὖν
1381 2716 1394 2741 ὁ
1407 2715 1484 2749 λόγος
1499 2715 1538 2742 ὅτι
1552 2717 1581 2742 ὲν
1598 2716 1684 2751 ταύτῃ
1699 2718 1748 2751 μὲν
1761 2718 1834 2752 ἔργῳ
1846 2717 1907 2743 δεί-

1117 2766 1210 2784 κνυσιν
1224 2759 1264 2785 ὄτι
1282 2760 1446 2795 προσφέρεις
1463 2760 1508 2786 καὶ
1526 2761 1579 2795 γὰρ
1602 2761 1726 2795 ἀφαιρῶν
1747 2761 1793 2787 τοῦ
1817 2762 1905 2796 ἄρτον

1119 2802 1260 2838 ἀνατίθησι
1286 2804 1323 2838 τῷ
1339 2804 1407 2839 Θ;ῷ.
1426 2805 1477 2831 Καὶ
1489 2805 1532 2832 διὰ
1557 2806 1636 2832 τοῦτο
1658 2806 1706 2833 οὐκ
1730 2806 1828 2842 ἐδεήοη
1848 2807 1907 2834 τῶν
