1976 3074
213 122 264 153 ἱὸῖ

833 115 989 146 NICOLAI
1011 112 1205 143 CABASlLE

1785 111 1836 142 488

213 185 257 205 lus
274 181 326 205 est.
344 175 412 209 Quis
432 174 504 203 enim
523 174 620 206 haeres,
637 173 688 200 nisi
708 172 797 200 illius?
815 172 886 204 Quid
907 177 997 198 autem

1063 168 1116 196 isoﬁ
1128 170 1301 205 γεννηθῆναι,
1312 170 1357 197 καὶ
1370 170 1408 202 εἱς
1421 169 1521 203 ταύτην
1536 169 1670 204 ἀναϐῆναι
1683 169 1732 205 τὴν
1745 169 1837 203 τιμὴν.

214 230 304 250 rerum
328 227 500 256 paternarum
523 220 657 247 heredem
681 219 795 253 etl'ugit‘!
819 218 902 245 Nihil.
927 217 1000 250 Quo-

215 269 295 296 modo
307 275 373 303 οι·εο
388 268 505 302 petimus
522 265 547 293 id
560 266 631 300 quod
644 265 700 300 jam
717 265 807 292 datum
829 265 888 292 est?
905 264 1001 292 Aliena

216 323 230 341 ιι
254 314 370 341 ﬁliorum
395 313 540 347 adoptione
561 311 792 346 perpetravimus.
810 316 951 345 postquam
968 317 1000 337 ex

217 361 271 388 Deo
288 360 344 386 nati
367 366 464 386 sumus
479 362 505 385 et
522 358 554 385 ad
575 365 638 384 eum
657 358 788 385 honorem
806 357 999 391 pervenimus;

218 413 266 439 pro
291 405 352 432 (iliis
368 404 431 430 mali
454 403 524 430 servi
542 403 605 430 facti
621 410 727 435 sumus,
739 407 766 430 et
784 406 927 437 propterea
943 406 1003 428 tan-

216 458 298 484 quam
315 450 349 476 de
373 457 402 476 re
427 449 514 476 aliena
532 453 559 475 et
582 457 644 483 quae
658 448 726 475 nihil
750 448 782 474 ad
808 455 858 474 nos
872 448 1000 482 pertinet,

218 497 415 531 supplicamus.
427 495 499 530 Ergo
512 503 560 522 nos
576 503 685 530 quoque
698 495 779 530 hujus
794 494 1002 529 supplicationis

220 543 297 569 nobis
320 549 409 569 causa!
426 549 534 569 sumus.
549 541 586 568 De
603 542 683 568 bonis
700 547 790 567 autem
815 540 1003 575 corporalibus

217 588 299 622 jussit
312 587 444 615 Dominus
465 596 472 614 :
492 596 500 612 ε
515 587 600 614 Petite
624 586 741 621 primum
770 593 883 620 regnum
910 586 958 612 Dei
977 591 1004 613 et

218 634 364 667 justitiam,
382 637 410 661 et
432 633 491 660 ha‘c
509 633 599 660 omnia
627 631 790 667 adjicientur
815 632 909 665 vobis;
926 641 935 658 ι
955 637 980 659 et
997 643 1002 659 :

223 690 232 705 ‹
250 679 288 706 Ne
305 680 364 706 sitis
376 679 484 707 solliciti
499 679 530 705 de
543 678 721 708 nutrimento,
735 682 762 704 et
775 677 808 704 de
824 676 1003 709 indumentis,

221 729 247 753 et
266 724 345 751 Pater
361 729 452 751 vester
467 724 586 750 coelestis
604 723 736 758 quidquid
751 731 820 758 opus
831 723 923 757 fuerit,
939 732 1004 759 snp-

222 770 366 804 peditabit.
382 780 391 796 ι
412 769 468 797 Nos
493 774 583 797 autem
612 770 721 802 quando
748 769 789 796 eis
818 777 941 804 egemus,
963 770 1005 797 vel

222 820 333 850 propter
354 815 509 842 socordiam
536 819 562 842 et
588 813 776 841 infelicitatem
805 819 928 842 nostram
955 815 1005 843 hoc
1022 832 1041 859 Β

223 860 354 894 patimur,
366 864 393 887 et
410 859 483 894 quod
499 859 533 886 de
546 859 586 886 eis
604 863 766 893 praeceptum
780 866 835 886 non
848 867 1005 891 servamus;

228 911 256 932 et
276 911 339 932 tunc
353 909 461 940 egestas
482 909 605 932 nostrum
622 909 663 932 est
683 912 763 938 opus,
779 909 807 931 οι
823 911 883 939 quae
899 911 1009 940 propter

223 959 282 979 eam
305 951 334 978 ﬁt
351 951 514 986 supplicatio
535 958 543 977 :
560 951 602 977 vel
621 954 730 985 propter
746 950 792 978 Dei
809 951 1009 986 providentiam

224 1001 251 1024 ct
267 997 472 1031 benignitatem,
487 996 560 1023 sicut
583 995 646 1027 Job,
660 1001 689 1022 ut
705 996 809 1030 majora
831 1000 858 1023 et
878 1001 1010 1031 prmstan-

225 1045 294 1070 tiora
309 1043 382 1069 bona
403 1049 616 1076 consequamur.
640 1041 673 1069 Et
689 1036 756 1068 tunc
771 1042 816 1068 illa
833 1047 940 1077 egestas
963 1044 1008 1070 Dei

225 1097 293 1123 opus
309 1094 370 1120 est,
396 1096 449 1115 non
464 1087 566 1122 praebet
583 1092 673 1114 autem
688 1088 821 1115 orationis
836 1093 884 1115 aut
902 1089 1010 1123 suppli—

225 1133 352 1165 cationis,
369 1133 415 1160 sed
436 1131 645 1167 gloriﬁcationis
664 1136 692 1159 et
714 1132 867 1167 gratiarum
892 1133 1010 1160 actionis

226 1177 382 1204 materiam.
401 1176 636 1209 Quemadmodum
655 1176 706 1204 Job
725 1177 855 1204 dicebat:
879 1186 889 1203 ι
905 1177 946 1205 Sit
960 1185 1010 1205 no-

227 1230 290 1250 men
310 1222 418 1250 Domini
438 1223 610 1250 benedictum
630 1222 656 1249 in
673 1223 802 1250 sacculum
819 1224 921 1250 saeculi.
937 1233 946 1250 ι
966 1223 1012 1251 Vi-

227 1268 275 1301 des
291 1269 364 1302 quod
381 1268 472 1295 omnia
487 1275 548 1302 quae
569 1275 585 1295 a
601 1267 654 1295 Deo
671 1268 698 1295 in
723 1276 774 1295 nos
789 1269 1010 1303 proﬁciscuntur,

228 1320 278 1339 nos
293 1313 326 1339 ad
341 1313 564 1347 gloriﬁcationem
581 1318 608 1340 et
631 1314 781 1348 gratiarum
802 1315 935 1342 actionem
955 1321 1012 1343 tan~

229 1363 285 1386 tum
299 1359 451 1391 deducunt,
466 1359 620 1386 orationum
634 1364 725 1387 autem
740 1364 766 1387 et
781 1361 1011 1395 supplicationum

230 1413 281 1432 nos
299 1412 390 1432 causae
406 1412 512 1432 sumus.
529 1404 677 1440 Propterea
693 1406 815 1433 omnium
833 1407 967 1434 bonorum
986 1411 1013 1436 et

229 1450 352 1484 corporis
367 1454 393 1477 et
405 1450 514 1482 animae,
536 1451 563 1477 in
580 1451 683 1478 nostris
706 1451 741 1478 ad
758 1451 841 1479 Deum
859 1453 1015 1486 interpella-

1052 215 1110 241 ἀντὶ
1129 215 1193 242 υἱῶν
1206 216 1319 249 πονηροὶ
1333 215 1422 242 δοῦλοι
1438 215 1592 250 γεγόναμεν
1605 224 1612 230 -
1631 215 1678 241 καὶ
1695 215 1738 241 διὰ
1756 215 1837 240 τοῦτο

1053 260 1092 291 ὡς
1108 261 1171 296 περὶ
1191 260 1331 296 ἀλλοτρίου
1348 261 1523 296 πράγματος,
1542 261 1591 287 καὶ
1606 260 1683 287 οὒίὲν
1699 260 1765 295 ἡμῖν
1780 259 1838 286 δια-

1052 306 1178 341 φέροντος
1194 306 1362 340 ἱκετεύομεν.
1372 306 1477 333 Οὐκοῦν
1489 306 1537 333 καὶ
1546 307 1652 341 ταύτης
1665 306 1743 341 ἡμεῖς
1756 306 1840 340 ὲςμεν

1052 351 1134 377 αἴτιοι
1151 351 1202 385 τῆς
1218 352 1321 383 ἱκεσίας
1336 353 1403 387 ἡμῖν
1420 352 1522 382 αὐτοῖς.
1540 352 1608 386 Περὶ
1626 352 1655 377 δὲ
1669 352 1728 389 Δτῶν
1746 360 1843 385 σωμα-

1052 397 1135 423 τικῶν
1151 397 1260 431 ἀγαθῶν
1283 399 1296 424 6
1313 398 1415 434 Κύριος
1439 398 1600 425 ὲκελέυσενθ
1616 407 1626 424 ‹
1644 398 1750 424 Αἰτεῖτε
1767 397 1843 432 ιτρῶ-

1053 451 1099 469 τον
1113 443 1163 477 τὴν
1177 443 1317 478 βασιλείαν
1332 444 1379 470 τοῦ
1397 444 1474 476 Θεοῦ,
1490 443 1536 470 καὶ
1550 443 1638 473 ταῦτα
1653 444 1742 469 πάντα
1759 451 1842 476 προσ-

1053 487 1197 522 τεθήσεται
1216 489 1297 523 ὑμῖν.
1321 499 1329 514 ι
1350 490 1396 516 καί
1409 497 1415 505 ·
1441 499 1450 515 ι
1473 490 1515 524 Μὴ
1533 489 1683 524 μεριμνᾶτε
1707 488 1771 522 περὶ
1791 490 1841 522 τῆς

1053 534 1164 567 τροφῆς,
1179 535 1225 560 καὶ
1235 535 1390 569 ἐνδυμάτων
1402 542 1409 550 ·
1425 535 1470 562 καὶ
1482 535 1495 561 6
1505 535 1597 569 Πατὴρ
1608 534 1685 569 ὑμῶν
1695 535 1708 560 6
1719 534 1845 567 οὐράνιος

1055 580 1145 605 πᾶσαν
1157 580 1306 615 χορηγήσει
1320 580 1369 614 τὴν
1380 581 1485 615 χρείαν.
1497 590 1506 606 ι
1525 580 1619 614 Ἡμεῖς
1629 580 1656 605 δὲ
1673 579 1783 605 ἐπειδὰν
1796 579 1846 604 αὐ-

1056 624 1109 650 τῶν
1119 625 1215 656 ἐνδεῶς
1225 626 1334 661 ἔχομεν,
1344 627 1359 660 ἢ
1368 627 1411 653 διὰ
1421 626 1556 662 ρᾳθυμίαν
1579 626 1757 652 καὶάπιστίαν
1766 625 1846 651 τοῦτο

1057 671 1209 704 πάσχομεν,
1231 672 1320 697 καὶτὸ
1337 671 1374 706 μὴ
1392 672 1510 706 τηρῆσαι
1528 671 1576 706 τὴν
1591 671 1655 704 περὶ
1671 671 1759 697 αὐτῶν
1773 672 1848 696 ἔντο-

1055 714 1104 748 λῆν
1114 723 1120 729 “
1132 715 1179 741 καὶ
1189 714 1249 742 τότε
1259 716 1276 751 ἠ
1289 716 1377 742 ἔνδεια
1387 715 1467 751 ἔργον
1478 716 1622 751 ἡμέτερον,
1636 716 1680 742 κατ
1694 715 1752 750 sev
1762 715 1849 750 αὐτὴν

1060 761 1166 788 ἱκεσία·
1190 762 1206 797 ἢ
1230 763 1346 797 προνοίᾳ
1368 762 1448 794 Θεοῦ,
1469 762 1516 788 καὶ
1535 761 1734 797 φιλανθρωπίᾳ,
1752 761 1847 796 ὥσπερ

1057 807 1070 832 ὁ
1105 807 1176 840 Ἰὼϐ,
1201 808 1245 834 ἴνα
1278 808 1409 842 μειζόνων
1437 807 1564 842 τύχωμεν
1588 808 1635 834 καὶ
1662 807 1847 841 τιμιωτέρων.

1061 853 1115 879 Καὶ
1130 853 1190 880 τότε
1213 853 1229 888 ἡ
1244 853 1332 879 ἔνδεια
1353 853 1444 889 ἐκείνη
1460 854 1517 880 ἐστὶ
1534 853 1583 887 μὲν
1604 852 1650 879 τοῦ
1672 852 1740 878 Θεοῦ
1756 852 1848 887 ἔργον,

1060 898 1117 924 ἐστι
1127 899 1155 925 δὲ
1169 899 1199 925 οὐ
1209 898 1327 934 δεήσεώς
1338 907 1409 930 τινος
1424 899 1470 925 καὶ
1483 899 1597 930 ἱκεσίας,
1610 899 1679 925 ἀλλά
1690 899 1847 932 δοξολογίας

1059 944 1171 979 ἀφορμὴ
1199 944 1247 970 καὶ
1287 944 1474 979 εὐχαριστίας.
1497 944 1602 979 Ὠσπερ
1620 945 1634 970 ὁ
1654 943 1714 970 Ἰὼΰ
1739 944 1848 977 ἓ).εγεν”

1063 998 1072 1015 ι
1091 989 1140 1023 Είη
1155 989 1185 1015 τὸ
1197 989 1281 1024 ὖνομα
1297 989 1400 1024 Κυρίου
1418 989 1600 1024 εὐλογημένον
1613 989 1666 1015 ἀπὸ
1677 989 1724 1015 τοῦ
1741 990 1788 1015 νῦν
1800 989 1850 1015 καὶ

1060 1035 1099 1065 εἱς
1115 1035 1179 1065 τοὺς
1190 1035 1301 1066 αἰῶνας.
1320 1044 1330 1061 ‹
1354 1034 1434 1070 Ὁρᾷς
1448 1035 1488 1061 ὅτι
1502 1035 1535 1062 τὰ
1551 1035 1625 1070 παρά
1637 1035 1684 1061 τοῦ
1698 1035 1766 1061 Θεοῦ
1782 1035 1850 1070 πρὸς

1061 1081 1135 1116 ἡμᾶς
1148 1081 1257 1107 ἅπαντα
1272 1081 1339 1115 πρὸς
1351 1081 1508 1116 δοξολογίαν
1521 1082 1568 1108 καὶ
1581 1082 1757 1117 εὐχαριστίαν
1772 1081 1850 1116 φέρει

1063 1127 1144 1160 μόνον
1172 1134 1179 1142 ·
1204 1128 1259 1153 τῶν
1285 1127 1314 1154 δὲ
1339 1128 1446 1154 ἱκεσιῶν
1465 1127 1567 1154 τούτων
1591 1129 1637 1155 καὶ
1656 1127 1710 1155 τῶν
1732 1127 1850 1162 δεήσεων

1061 1171 1142 1205 ἡμεῖς
1156 1170 1246 1198 αἴτιοι.
1260 1171 1309 1198 Διὰ
1321 1172 1400 1199 τοῦτο
1414 1173 1526 1199 πάντων
1540 1173 1594 1199 τῶν
1604 1173 1723 1208 ἀγαθῶν,
1738 1174 1785 1200 καὶ
1795 1173 1850 1200 τῶν

1063 1217 1246 1249 σωματικῶν.
1265 1217 1312 1242 καὶ
1336 1216 1390 1243 τῶν
1406 1217 1455 1250 τῆς
1472 1217 1562 1252 ψυχῆς
1578 1219 1606 1244 ὲν
1621 1219 1681 1249 ταῖς
1696 1218 1764 1253 πρὸς
1784 1219 1850 1245 Θεὸν

1061 1260 1181 1295 ὁμιλίαις
1195 1261 1420 1295 μνημονεύοντες,
1432 1261 1476 1288 ἐπ’
1487 1262 1646 1299 εὐχαριστίᾳ
1659 1265 1768 1290 πάντων
1783 1272 1851 1298 μνη-

1064 1305 1224 1340 μονεύομεν,
1259 1306 1314 1333 εἴτε
1335 1306 1467 1342 πάρεστιν
1488 1309 1555 1343 ἡμῖν
1587 1309 1704 1342 ἅπαντα,
1729 1310 1783 1336 εἴτε
1801 1310 1849 1345 μή.

1069 1352 1186 1383 Ἐκεῖνος
1203 1352 1257 1386 γὰρ
1272 1352 1344 1385 ἅπαξ
1359 1352 1457 1380 ἔδωκεν
1473 1353 1592 1387 ἅπαντα,
1605 1355 1653 1381 καὶ
1666 1355 1742 1381 οὐδὲν
1759 1356 1851 1390 ἀφῆκε

1064 1397 1129 1431 παρ’
1143 1398 1242 1432 ἑαυτῷ,
1256 1398 1309 1424 Καὶ
1321 1399 1400 1425 τοῦτο
1425 1399 1503 1431 εἰδὼς
1514 1401 1527 1427 6
1539 1401 1673 1436 μακάριος
1692 1402 1852 1433 ’Λπόστολος

1064 1444 1190 1470 ἐκέλευσε
1204 1443 1310 1470 πάντων
1321 1443 1402 1471 ἕνεκα
1412 1445 1595 1481 εὐχαριστεῖν,
1605 1448 1718 1482 γράφων
1729 1456 1736 1462 ’
1752 1458 1761 1474 ι
1777 1448 1852 1475 [law

229 1495 350 1522 tionibus
368 1495 527 1522 memoriam
549 1494 690 1528 facientes,
707 1503 722 1523 a
754 1497 902 1532 gratiarum
926 1499 1012 1526 actio-

1063 1498 1123 1516 τοτε
1140 1484 1265 1525 χαίρετε,
1282 1491 1311 1518 ὲν
1328 1491 1409 1517 παντὶ
1425 1491 1622 1526 εὐχαριστεῖτε.
1649 1502 1659 1518 ι
1681 1493 1782 1522 Τούτου
1800 1496 1852 1529 χά-

228 1548 290 1567 nem
312 1540 434 1567 omnium
450 1541 740 1569 commemorationem
764 1542 890 1576 facimus,
908 1543 967 1572 sive
983 1552 1015 1572 ea

229 1586 309 1613 nobis
322 1585 413 1613 adsint
428 1586 485 1613 sive
503 1594 557 1613 non
573 1586 674 1614 adsint.
695 1586 743 1614 llle
759 1588 831 1615 enim
845 1589 929 1616 semel
942 1589 1016 1617 dedit

229 1632 332 1663 omnia,
358 1637 385 1660 et
404 1633 476 1667 apud
498 1640 528 1660 se
552 1632 621 1659 nihil
645 1632 766 1666 reliquit.
793 1633 827 1659 Et
849 1634 901 1661 hoc
925 1635 1016 1663 sciens

229 1677 326 1705 beatus
343 1676 446 1704 Paulus
468 1677 551 1712 jussit
576 1685 625 1712 pro
648 1677 777 1705 omnibus
799 1679 902 1713 gratias
925 1688 1016 1715 agere,

231 1723 379 1751 scribens:
399 1731 408 1749 ι
424 1723 537 1757 Semper
558 1723 683 1757 gaudete,
708 1723 735 1750 in
760 1724 889 1752 omnibus
914 1727 1017 1761 gratias

230 1769 312 1803 agite.
328 1778 336 1794 ι
355 1767 411 1796 Hac
432 1769 465 1796 de
485 1776 567 1796 causa
591 1769 817 1804 perfectissimam
833 1775 859 1797 et
874 1772 1017 1800 exactissi-

231 1822 303 1841 mam
330 1819 451 1842 nostram
473 1821 536 1841 cum
563 1815 619 1842 Deo
645 1815 875 1849 collocutionem,
896 1818 1017 1852 mysterii

233 1860 434 1887 communionis
459 1860 684 1893 celebrationem,
716 1861 743 1888 in
775 1869 828 1896 quo
851 1863 1016 1891 mentionem

232 1905 358 1938 iacimus,
377 1913 432 1933 non
448 1905 531 1939 hujus
544 1906 586 1933 vel
604 1906 679 1934 illius
696 1907 800 1941 gratim,
817 1908 863 1935 sed
882 1909 1016 1942 omnium,

234 1956 263 1977 ut
282 1951 366 1978 semel
389 1951 490 1984 dicam,
506 1951 553 1979 Dei
572 1952 715 1983 bonorum,
736 1957 763 1979 et
783 1961 843 1987 quae
859 1958 919 1981 actu
939 1955 1017 1982 nobis

233 2001 297 2023 sunt
313 2001 340 2023 et
355 1996 448 2024 iutura
462 2001 538 2030 sunt,
556 1996 769 2030 Eucharistiam,
786 1997 838 2025 hoc
850 2002 902 2032 cst,
919 2000 1019 2034 gratia-

233 2050 295 2070 rum
319 2042 466 2074 actionem,
489 2042 631 2070 nominare
646 2048 705 2070 erat
721 2049 947 2076 consentaneum,
963 2053 1017 2073 non

234 2095 266 2114 ex
284 2087 318 2114 iis
336 2094 396 2121 qua:
412 2087 439 2114 itt
455 2087 564 2114 miseria
582 2093 723 2115 versantes
742 2092 770 2114 et
793 2095 852 2115 eam
870 2088 1017 2123 imploran-

234 2137 275 2160 tes
291 2139 433 2167 rogamus,
455 2133 502 2160 scd
522 2140 556 2160 ex
580 2133 614 2160 iis
636 2140 697 2167 quae
718 2132 790 2160 Deus
805 2133 832 2160 in
852 2141 901 2160 nos
912 2134 1018 2162 confert

1067 1546 1109 1571 ριν
1123 1538 1171 1573 τὴν
1184 1539 1362 1575 τελειωτάτην
1372 1540 1418 1566 καὶ
1428 1539 1630 1575 ἀκριϐεστάτην
1644 1540 1711 1575 πρδς
1724 1540 1790 1567 Θεὸν
1802 1540 1853 1576 τὴν

1066 1583 1193 1617 ὁμιλίαν,
1216 1584 1266 1620 τὴν
1297 1585 1348 1619 τῆς
1374 1586 1516 1617 κοινωνίας
1540 1585 1661 1621 τελετὴν,
1687 1587 1716 1613 tv
1738 1583 1756 1623 ᾖ
1785 1595 1855 1622 μνη-

1068 1629 1240 1664 μονεύομεν,
1267 1631 1297 1657 οὐ
1327 1631 1449 1667 ταύτης,
1477 1633 1493 1665 ἢ
1519 1631 1628 1665 ἐκείνης
1650 1632 1698 1666 τῆς
1721 1633 1853 1668 χάριτος,

1069 1673 1137 1700 ἀλλά
1159 1675 1269 1702 πάντων
1299 1676 1392 1708 ἁπλῶς
1421 1676 1474 1702 τῶν
1501 1678 1533 1703 ὲκ
1561 1677 1629 1703 Θεοῦ
1656 1677 1777 1711 ἀγαθῶν,
1807 1679 1855 1706 καὶ

1068 1719 1152 1746 ὅντων
1174 1721 1241 1755 ἡμῖν
1268 1722 1393 1757 ἐνεργείᾳ.
1418 1722 1466 1749 καὶ
1494 1722 1642 1756 ἐσομένων,
1672 1723 1854 1758 Εὑχαριστίαν

1067 1765 1211 1799 ὀνομάζειν
1236 1766 1310 1799 εἰκὸς
1336 1764 1382 1801 ἦν,
1398 1767 1449 1794 οὐκ
1479 1767 1509 1800 ἐξ
1534 1764 1572 1794 ὧν
1596 1768 1674 1802 ἡμεῖς
1693 1769 1856 1804 δυστυχοῦν-

1067 1818 1112 1842 τες
1133 1811 1259 1846 δεόμεθα,
1285 1813 1431 1845 καλοῦντες
1451 1814 1545 1850 αὐτὴν,
1573 1812 1631 1841 ἀλλ’
1661 1815 1690 1848 ἐξ
1716 1812 1753 1842 ὧν
1779 1817 1856 1852 ἡμᾶς

1067 1856 1080 1881 6
1105 1855 1170 1888 Θεὸς
1188 1858 1339 1892 εὐεργετεῖ,
1364 1859 1420 1886 οὐδ’
1434 1860 1489 1887 ἀπὸ
1510 1861 1559 1895 τῆς
1591 1863 1728 1898 ἡμετέρας
1748 1863 1855 1897 πενίας,

1067 1902 1123 1928 ἀλλ’
1149 1903 1203 1930 ἀπὸ
1238 1904 1285 1930 τοῦ
1313 1905 1428 1932 πλούτου
1452 1907 1502 1941 τῆς
1527 1908 1630 1934 ἐκείνου
1658 1910 1853 1944 χρηστότητος.

1073 1947 1149 1973 Ἐπεὶ
1165 1948 1219 1983 γὰρ
1234 1950 1280 1975 καὶ
1294 1949 1451 1986 ἱκετεύομεν
1465 1953 1494 1979 ὲν
1509 1953 1576 1988 αὐτῇ
1592 1955 1637 1980 τὸν
1652 1955 1729 1987 Θεὸν,
1746 1956 1793 1982 καὶ
1808 1956 1856 1982 εὐ-

1068 1994 1264 2028 χαριστοῦμεν,
1283 1995 1342 2022 ἀλλ’
1356 1997 1372 2032 ή
1389 1997 1439 2031 μὲν
1453 1998 1613 2034 εὐχαριστία
1626 2000 1693 2026 Θεοῦ
1709 2001 1799 2035 ἔργον,
1817 2001 1856 2033 ὡς

1067 2038 1192 2074 εἴρηται·
1204 2041 1258 2075 ἠδὲ
1274 2042 1363 2069 ἱκεσία
1377 2044 1427 2077 τῆς
1443 2044 1616 2080 ἀνθρωπίνης
1632 2046 1785 2077 ἀσθενείας.
1801 2049 1856 2075 Καὶ

1068 2083 1084 2118 ή
1110 2085 1158 2118 μὲν
1176 2086 1336 2122 εὐχαριστία
1353 2089 1399 2115 ἐπὶ
1423 2089 1588 2126 π).είοσιν,ή
1615 2091 1644 2118 δὲ
1669 2092 1757 2119 ἱκεσία
1785 2094 1857 2129 ὑπὲρ

1069 2131 1219 2158 ἐλαττόνων
1230 2141 1237 2148 ·
1256 2134 1272 2168 ή
1293 2133 1341 2168 μὲν
1359 2135 1413 2170 γὰρ
1431 2136 1476 2162 ἐπὶ
1492 2137 1574 2163 πᾶσιν
1588 2138 1681 2169 ἁπλῶς
1697 2139 1822 2173 ἀγαθοῖς,
1838 2141 1855 2175 ἠ

234 2166 391 2211 beneﬁciis;
416 2186 465 2206 nec
491 2186 524 2206 ex
539 2183 633 2205 nostra
647 2166 819 2213 paupertate,
839 2179 885 2206 sed
903 2186 935 2206 ex
949 2180 1012 2207 diri-

1069 2177 1098 2203 δὲ
1121 2177 1165 2204 ἐπ’
1191 2178 1270 2205 ἐνίων
1287 2186 1293 2193 '
1313 2178 1358 2205 διὰ
1375 2180 1453 2207 τοῦτο
1473 2181 1528 2207 ἀπὸ
1548 2182 1603 2209 τῶν
1628 2184 1790 2218 κρειττόνων
1809 2186 1858 2212 καὶ

236 2224 283 2250 tiis
303 2224 376 2252 illius
399 2224 586 2256 benignitatis.
601 2224 671 2257 Quia
691 2225 762 2251 enim
787 2224 813 2251 in
834 2233 865 2252 ea
882 2225 936 2253 Deo
951 2234 1018 2261 sup-

235 2270 380 2304 plicamus,
393 2274 420 2297 ct
431 2270 533 2304 gratias
545 2271 668 2305 agitans:
683 2270 728 2297 sed
742 2271 892 2305 gratiarum
909 2272 1019 2306 quidem

237 2316 308 2343 actio
334 2315 380 2342 Dei
396 2323 464 2350 opus
477 2320 527 2348 est,
546 2320 575 2342 ut
592 2316 694 2343 dictum
706 2321 763 2348 est;
779 2316 942 2351 supplicatio
957 2325 1021 2344 vero

238 2357 368 2387 humana:
383 2360 598 2387 imbecillitatis:
617 2366 643 2388 et
655 2361 804 2395 gratiarum
816 2361 926 2395 quidem
939 2363 1020 2395 actio,

239 2410 349 2440 propter
370 2405 463 2440 plura;
489 2406 653 2440 supplicatio
674 2414 750 2439 vero,
764 2414 814 2441 pro
832 2407 1017 2441 paucioribus.

239 2452 285 2478 llla
307 2451 379 2478 enim
397 2456 507 2486 propter
527 2451 631 2484 omnia,
655 2457 684 2479 ut
707 2452 790 2479 semel
810 2452 911 2485 dicam,
928 2453 1020 2481 bona:

241 2496 297 2522 haec
320 2502 394 2526 vero,
422 2495 449 2521 in
476 2496 630 2528 nonnullis;
659 2500 799 2530 propterea
825 2497 967 2530 oportebat
988 2505 1022 2525 ex

240 2541 400 2568 melioribus
415 2545 442 2568 et
459 2541 583 2575 pluribus
596 2541 621 2568 ei
637 2542 748 2568 nomine
771 2542 910 2576 imposito,
926 2544 1020 2578 appel-

241 2587 297 2613 lare
325 2586 524 2614 Eucltarisliam
542 2587 589 2622 (ita
617 2587 689 2614 enim
711 2587 793 2614 etiam
815 2588 897 2614 homo
921 2588 1021 2616 dicitur

240 2631 341 2658 animal
365 2631 472 2658 ratione
494 2631 649 2666 praeditum,
667 2631 729 2658 licet
743 2632 778 2659 sit
798 2632 914 2667 alicujus
935 2634 1021 2668 parti-

1071 2223 1204 2250 πλειόνων
1227 2224 1279 2250 ἔδει
1299 2224 1419 2261 τοῦνομα
1443 2227 1510 2262 αὐτῇ
1532 2228 1661 2262 θεμένους
1680 2230 1858 2264 εὐχαριστίαν

1071 2270 1216 2305 ὀνομάζειν
1243 2270 1325 2306 (οὕτω
1341 2272 1395 2308 γὰρ
1417 2274 1465 2300 καὶ
1483 2274 1496 2300 ὁ
1511 2274 1652 2308 ἄνθρωπος
1668 2275 1775 2309 λογικὸν
1788 2276 1859 2308 ζῶον

1072 2316 1190 2349 λέγεται,
1209 2316 1256 2343 καί
1270 2325 1311 2343 τοι
1326 2318 1375 2344 καὶ
1390 2319 1490 2352 ἀλόγου
1507 2320 1578 2351 τινὸς
1597 2321 1727 2356 μετέχων,
1742 2322 1796 2348 ἀπὸ
1809 2323 1859 2349 τοῦ

1073 2361 1229 2396 κρείττονος
1247 2362 1296 2388 καὶ
1313 2363 1435 2397 μείζονος
1451 2365 1550 2399 μέρους
1565 2366 1752 2400 καλούμενος),
1770 2367 1860 2399 ἄλλως

1074 2407 1096 2432 0¹
1113 2407 1154 2433 ὅτι
1175 2408 1189 2433 6
1211 2408 1319 2442 πρῶτος
1336 2409 1421 2444 αὐτὴν
1437 2411 1608 2444 καταδείξας,
1628 2413 1643 2439 ὀ
1659 2412 1760 2448 Κύριος
1779 2413 1860 2448 ἡμῶν

1073 2451 1177 2486 Ἰησοῦς
1184 2452 1311 2487 Χριστὸς,
1320 2454 1369 2488 οὐχ
1378 2454 1515 2487 ἱκετεύων,
1523 2455 1590 2482 ἀλλὰ
1600 2456 1680 2490 μόνον
1688 2458 1860 2492 εὐχαριστῶν

1074 2496 1113 2532 τῷ
1130 2497 1236 2532 Πατρὶ,
1253 2502 1355 2534 ταύτην
1370 2500 1478 2526 ἐτέλεσε
1499 2501 1546 2527 καὶ
1562 2502 1703 2536 παρέδωκε
1718 2503 1767 2538 τὴν
1783 2503 1861 2530 τελε-

1076 2544 1195 2577 τήν⁶καὶ
1207 2545 1303 2571 τούτου
1317 2545 1396 2580 χάριν
1412 2547 1427 2582 ή
1447 2546 1601 2582 Ἐκκλησία,
1611 2548 1679 2584 ὅπερ
1695 2548 1777 2576 οὖσαν
1790 2559 1860 2585 παρ-

1076 2589 1169 2615 έλαϐεν
1179 2590 1273 2625 αὐτὴν,
1286 2591 1365 2617 τοῦτο
1381 2592 1468 2625 καλεῖ,
1484 2593 1659 2628 εὐχαριστίαν
1674 2595 1858 2630 ὀνομάζουσα.

1077 2636 1131 2662 Καὶ
1146 2635 1230 2662 ταῦτα
1249 2636 1298 2671 μὲν
1315 2638 1354 2669 εἰς
1369 2637 1506 2666 τοσοῦτον.

241 2686 306 2712 ceps
321 2677 394 2712 quod
412 2682 487 2705 caret
502 2677 662 2712 ratione,ut
674 2679 722 2713 qui
738 2679 873 2706 amcliori
890 2685 916 2706 et
950 2679 1045 2715 majori
1084 2685 1159 2714 parte
1184 2683 1321 2718 vocetur).
1343 2689 1370 2710 ct
1397 2684 1516 2712 maxime
1540 2686 1603 2720 quia
1628 2687 1733 2721 primus
1760 2689 1804 2722 qui
1831 2687 1858 2714 id

242 2725 372 2757 ostendit,
389 2723 522 2752 Dominus
539 2729 634 2752 noster
648 2724 727 2753 Jesns
741 2725 878 2758 Christus,
895 2733 948 2753 non
965 2727 1135 2761 supplicans,
1153 2729 1199 2755 sed
1218 2729 1306 2756 solum
1324 2729 1397 2758 l'atri
1414 2739 1498 2766 agens
1531 2733 1643 2766 gratias,
1677 2734 1729 2761 hoc
1760 2738 1861 2770 myste-

243 2771 313 2798 rium
326 2771 466 2806 peregitet
479 2772 589 2799 tradidit
601 2780 608 2798 :
622 2777 649 2800 et
660 2780 691 2800 ea
707 2773 741 2801 de
754 2779 849 2806 causa,
866 2772 940 2807 quod
957 2773 1023 2800 illud
1043 2781 1104 2802 esse
1130 2775 1245 2810 accepit,
1269 2776 1320 2804 hoc
1338 2783 1428 2810 vocat,
1465 2778 1664 2807 Eucharistiam
1702 2780 1861 2809 nemiuans.

245 2817 277 2844 Et
293 2818 350 2845 haec
365 2818 473 2854 quidem
490 2819 636 2848 hactenus.
