1976 3074
236 186 291 218 τωι
853 184 1012 215 NlCOLAI
1040 184 1234 215 CABASlL/E
1805 185 1855 217 492

241 251 291 271 nor
303 247 330 270 et
354 240 477 270 adoratio
492 258 502 274 .
519 239 565 276 qui
580 244 622 268 est
647 247 709 268 cum
724 239 803 268 Patre
814 239 873 275 eius
890 241 1021 276 principio

1121 259 1124 266 .
1151 239 1190 275 τῷ
1215 239 1341 275 παναγίῳ
1364 239 1411 266 καὶ
1437 238 1532 273 ἀγαθῷ
1561 239 1608 266 καὶ
1626 238 1751 273 ζωοποιῷ
1777 239 1854 266 αὺτοῦ
1872 258 1881 267 .

241 292 350 316 carente
366 291 413 322 ,ct
438 286 612 315 sanctissimo
644 290 671 314 et
691 286 763 315 bono
789 289 817 314 et
831 286 937 315 viviﬁco
962 286 1021 320 ejus

1076 287 1225 322 Πνεύματι,
1240 286 1288 314 νῦν
1303 286 1350 314 καὶ
1361 287 1404 315 ἀεὶ
1418 286 1467 314 καὶ
1477 287 1520 318 εἰς
1535 286 1597 318 τοὺς
1610 286 1711 318 αἰῶνας
1723 285 1777 312 τῶν
1796 285 1854 313 ιιῐώ-

241 334 344 370 Spiritu
364 353 372 367 ,
388 339 460 360 nunc
473 337 500 360 et
523 340 630 367 semper
646 353 654 366 ,
675 337 703 361 et
734 332 762 360 in
788 332 886 361 saecula
906 333 1021 361 saeculo-

476 337 500 360 et
523 340 630 367 semper
646 353 654 366 ,
675 337 703 361 et
734 332 762 360 in
788 332 886 361 saecula
906 333 1022 361 saeculo-
1074 342 1137 360 νων.
1159 333 1256 369 ’Δμήν.

240 388 311 408 rum.
329 380 426 408 Amen.

240 481 412 488 ———__.—

656 551 1382 670 ,ΝΙΚΟΛΑΟΥ

754 692 906 751 ΤΟΥ
941 692 1331 752 ΚΑΒΑΣΙΛΑ.

447 813 644 877 ΠΕΡΙ
694 813 863 877 ΤΗΣ
916 813 1019 877 ΕΝ
1070 813 1380 877 ΧΡΙΣΤΩ
1435 813 1659 878 ΖΩΗΣ

871 930 1043 974 ΛΟΓΟΙ
1059 931 1227 976 ΕΠΤΑ.

579 1122 965 1204 NICOLAI
1025 1122 1513 1201 CABASlLZE

655 1279 746 1337 DE
785 1280 964 1339 VlTA
1008 1281 1079 1338 IN
1127 1280 1441 1338 CHRISTO

825 1404 987 1449 LIBRI
1023 1405 1252 1450 SEPTEM

311 1585 364 1616 Ex
379 1582 492 1616 Jacobi
506 1580 644 1614 Pontum"
657 1581 825 1614 Societati:
840 1583 916 1613 Iesu
943 1581 1135 1620 Prw/alioue
1157 1580 1199 1612 ad
1211 1580 1379 1619 Lectorem,
1403 1580 1438 1612 in
1464 1579 1608 1620 Philippi
1629 1579 1777 1611 Solitarit'

923 1633 1089 1673 Dioptram
1111 1632 1165 1674 (α).

270 1718 491 1746 Exstabatetiam
509 1716 536 1744 in
556 1715 726 1744 Bibliotheca
752 1714 882 1742 Bavarica
898 1714 1001 1742 Nlcolai
1015 1714 1050 1742 Ca

1072 1715 1146 1743 asilae
1162 1715 1230 1750 Περὶ
1242 1715 1291 1750 τῆς
1305 1715 1333 1742 ἐν
1352 1715 1462 1751 Χριστῷ
1478 1715 1561 1751 ζωῆς,
1573 1715 1612 1743 De
1622 1716 1676 1743 vita
1695 1716 1723 1743 in
1736 1716 1852 1748 Christo.

242 1762 404 1799 opusculum
421 1768 488 1789 sane
499 1761 609 1789 doctum
627 1768 659 1788 ac
671 1760 755 1795 pium,
770 1764 797 1787 et
812 1760 844 1787 ad
858 1760 966 1787 animos
981 1760 1028 1788 Dei
1044 1766 1136 1786 amore
1151 1759 1361 1787 inﬂammandos
1374 1759 1442 1788 mire
1470 1759 1638 1795 appositum,
1649 1760 1722 1795 quod
1735 1760 1855 1795 Dioptrz

234 1807 385 1843 adjungere
407 1810 521 1841 propter
539 1812 630 1831 rerum
653 1804 873 1832 convenientiam
896 1804 1008 1838 placuit,
1031 1811 1229 1839 speramusque
1255 1806 1315 1840 pari
1333 1805 1424 1833 fructu
1451 1805 1593 1833 evolutum
1620 1805 1665 1833 iri.
1685 1805 1855 1835 Volebamus

233 1850 440 1884 inscriptionem
463 1849 499 1875 ita
516 1848 639 1880 reddere,
662 1847 700 1875 De
719 1849 774 1875 vita
787 1847 952 1875 Christiana.
969 1848 1022 1875 Sed
1039 1856 1101 1875 cum
1119 1848 1164 1876 ille
1181 1857 1236 1876 non
1257 1853 1311 1876 tam
1329 1849 1411 1876 vitam
1425 1848 1610 1877 Christianam
1630 1851 1774 1885 praeceptis
1795 1851 1855 1878 lor-

232 1901 288 1921 met
302 1915 309 1927 ,
325 1901 407 1928 quam
427 1892 659 1928 quemadmodum
677 1892 722 1919 illa
735 1900 797 1919 cum
813 1891 924 1919 Christo
939 1893 966 1920 in
987 1891 1042 1920 Deo
1058 1893 1221 1921 abscondita
1235 1894 1282 1926 sit,
1299 1895 1436 1926 ostendat,
1456 1893 1537 1929 idque
1556 1893 1639 1920 trium
1660 1899 1854 1921 sacramento-

233 1947 293 1967 ruun
325 1939 351 1966 vi
376 1943 402 1966 et
429 1939 530 1966 virtute
546 1937 733 1974 potissimum,
756 1937 898 1974 Baptismi,
914 1937 1057 1966 Unctionis
1082 1937 1142 1965 sive
1158 1937 1392 1970 Conﬁrmationis,
1418 1943 1445 1965 et
1467 1937 1658 1970 Eucharistize,
1686 1939 1779 1966 verius
1800 1939 1854 1966 luit

231 1983 404 2018 simpliciter,
421 1981 460 2009 De
474 1982 528 2009 vita
550 1982 579 2009 in
595 1981 710 2015 Christo,
730 1981 892 2015 inscribere,
909 1981 1059 2009 secundum
1076 1981 1158 2008 verba
1172 1980 1265 2009 Graeca
1281 1981 1399 2009 scilicet.
1415 1981 1477 2009 Fuit
1496 1981 1637 2010 Cabasilas
1661 1982 1704 2010 vir
1720 1982 1850 2014 illustris,

231 2028 308 2062 cujus
326 2026 478 2054 honorifica
503 2026 607 2053 mentio
624 2025 653 2052 in
677 2025 793 2053 historia
819 2024 932 2053 Joannis
949 2024 1130 2053 Cantacuceni
1155 2030 1260 2058 nostra,
1279 2025 1326 2053 lib.
1349 2033 1394 2059 ιιι,
1414 2033 1475 2061 cap.
1501 2025 1534 2052 73
1556 2030 1585 2053 et
1609 2026 1654 2059 99,
1676 2025 1722 2053 ubi
1752 2025 1853 2054 Sacelli

230 2076 342 2099 curator
358 2071 418 2097 sive
436 2069 588 2098 Praefectus
616 2069 784 2102 nominatur,
801 2069 848 2104 qui
872 2077 887 2096 a
912 2069 1076 2104 Curopalata
1103 2072 1173 2100 libro
1191 2072 1229 2099 De
1252 2070 1413 2107 ofﬁcialibur
1440 2072 1536 2108 palatii
1559 2072 1854 2107 Constantinopolitani

228 2121 253 2142 et
270 2115 367 2149 ofﬁciis
377 2114 480 2148 Magna
494 2113 619 2142 Ecclesia:
628 2114 667 2141 sic
682 2113 865 2141 describitur:
876 2114 900 2150 (ὁ
918 2114 1008 2140 σακελί

1089 2116 1203 2144 subaudi
1216 2116 1319 2152 ἄρχων)
1333 2118 1442 2152 κρατῶν
1451 2117 1500 2149 τὰς
1515 2116 1663 2149 καθολικὰς
1676 2117 1854 2153 Ἐκκλησιας,

232 2159 278 2186 καὶ
288 2159 318 2184 τὸ
331 2158 483 2190 σακιλλιον,
498 2158 576 2192 cujus
598 2161 637 2185 est
652 2161 767 2192 potestas
781 2158 807 2184 in
823 2157 958 2185 Ecclesiae
974 2157 1136 2193 Catholicae,
1152 2166 1176 2189 et
1188 2169 1228 2188 res
1240 2161 1410 2193 sacellorum,
1422 2161 1448 2189 id
1461 2165 1512 2193 est.
1529 2168 1619 2189 rerum
1631 2161 1664 2188 ad
1675 2168 1769 2190 sacras
1780 2163 1856 2189 aedes

227 2207 257 2230 et
282 2202 382 2229 sacella
407 2202 586 2237 pertinentes.
605 2201 734 2236 Ejusdem
758 2202 847 2229 oratio
863 2201 891 2228 in
918 2202 1095 2233 faeneratores
1118 2205 1144 2232 in
1164 2205 1259 2233 eodem
1288 2205 1380 2233 codice
1404 2205 1537 2234 Bavarico
1562 2206 1737 2241 sequebatur,
1766 2207 1857 2234 multo

227 2247 401 2276 emendatior
414 2247 539 2282 profecto
553 2252 579 2275 et
598 2248 713 2283 longior,
729 2256 811 2283 quam
828 2248 959 2283 Augustae
972 2249 1162 2284 superioribus
1182 2250 1263 2277 annis
1288 2254 1329 2277 est
1356 2243 1439 2277 editi.
1456 2250 1542 2283 Quam
1557 2249 1581 2277 si
1600 2250 1714 2285 legerint
1737 2250 1782 2277 isti
1802 2253 1855 2284 qui

226 2293 389 2326 fmnerando
409 2293 534 2322 homines
547 2294 676 2328 occidunt
689 2294 740 2329 (sic
754 2294 827 2322 enim
843 2294 912 2323 Cato
925 2294 1090 2326 Censorius,
1107 2294 1293 2328 interrogatus
1308 2293 1374 2328 quid
1391 2298 1466 2322 esset
1489 2293 1630 2327 ltenerari,
1655 2293 1731 2326 Quod
1760 2295 1855 2322 homi-

225 2345 303 2371 nem,
320 2337 420 2372 inquit,
437 2337 585 2374 occidere),
604 2339 670 2374 quid
681 2338 799 2373 amplius
812 2339 924 2367 nefaria:
936 2338 1103 2374 improbitati
1124 2346 1181 2366 suae
1196 2343 1355 2375 praetexam,
1380 2347 1434 2368 non
1454 2339 1605 2368 habebunt.
1623 2339 1750 2368 Occurrit
1764 2343 1856 2372 enim.

226 2387 254 2410 et
273 2382 397 2410 conlutat
413 2382 521 2410 illorum
539 2383 662 2411 rationes
679 2383 828 2411 universas.

262 2473 298 2505 (tr)
313 2473 374 2499 Vide
391 2476 449 2499 tom.
458 2473 571 2500 CXXVII.
