1976 3074
202 139 256 170 495

825 136 981 168 NICOLAI
998 135 1193 168 CABASILE

1762 132 1815 166 496

203 196 377 223 facultatibus
403 199 439 222 ἐι
475 196 601 223 sensibus
632 195 666 223 ad
697 196 782 230 ipsam
818 194 982 223 necessariis

1039 195 1105 221 ἀλλὰ
1117 195 1209 229 νεκροὶ
1231 195 1277 222 καὶ
1296 194 1382 221 ἄὺλιοι
1410 193 1455 221 τὸν
1480 192 1614 228 μακάριον
1641 193 1743 220 ἐκεῖνον
1771 193 1816 220 καὶ

202 242 327 269 desertos
341 241 487 276 acceperit.
498 241 531 268 iis
545 241 741 268 beatitudinem
755 241 855 269 nullam
869 241 964 269 afferet
976 250 983 269 :

202 289 248 313 sed
263 288 289 314 in
307 287 380 314 felici
394 287 440 314 illo
456 287 657 322 immortalique
679 287 783 315 mundo
805 288 857 323 ipsi
881 287 985 315 mortui

201 337 228 360 et
243 333 367 360 infelices
379 332 550 360 habitabunt.
566 333 634 360 Nam
655 334 747 362 lumen
764 334 874 369 quidem
891 334 984 362 exori-

202 383 256 410 tur,
271 383 298 406 et
313 379 352 406 sol
369 386 455 414 puros
469 379 572 406 emittit
588 380 690 413 radios,
705 380 802 408 oculus
818 385 910 408 autem
926 384 983 408 tum

201 431 256 450 non
273 423 418 451 formatur.
438 424 470 451 Et
485 425 578 453 odoris
597 425 749 461 fragrantia
771 426 845 462 large
861 426 986 462 copiose-

201 474 255 501 que
274 467 359 495 eﬂ'usa
377 468 470 502 implet
490 470 602 504 omnia;
628 475 655 498 at
672 478 763 504 nares,
779 471 836 499 sive
852 471 982 499 olfactum

201 511 248 546 qui
266 519 321 539 non
337 512 472 546 habuerit,
492 522 545 542 non
561 523 623 542 eutn
640 516 704 544 hinc
726 517 850 553 accipiet.
872 516 911 545 lta
924 526 984 554 my-

202 558 295 585 steriis
307 565 369 585 cum
389 559 458 586 Filio
475 560 521 588 Dei
535 561 640 589 amicos
656 562 702 590 illo
724 563 767 590 die
780 564 985 592 communicare

200 603 305 638 lieebit,
322 609 348 632 et
364 613 424 640 quae
437 607 573 634 audiverit
584 615 598 635 a
613 608 692 636 Patre
716 616 778 642 suo,
794 618 824 637 ea
840 611 874 638 ab
887 610 982 638 eodem

200 656 368 684 cognoscere
381 671 388 683 ,
405 652 452 679 sed
474 652 549 687 ipsos
568 655 672 682 amicos
685 655 744 689 ejus
759 656 839 683 etiam
857 663 917 684 eum
934 664 984 684 au-

200 695 278 722 ribus
293 704 328 722 eo
341 697 470 724 advenire
491 706 602 726 necesse
619 703 669 727 est.
686 699 741 728 Nec
756 702 829 728 enim
850 702 906 729 illic
927 704 985 738 pri-

202 749 276 768 mum
293 742 441 769 amicitiam
458 743 568 770 «labitur
584 745 759 781 conjungere.
781 751 808 774 et
827 755 907 775 aures
927 754 982 776 tum

202 787 312 814 demum
342 789 460 823 aperire,
489 794 648 825 vestemque
671 793 815 826 nuptialem
838 794 984 828 conﬁcere,

201 837 228 860 et
247 834 300 860 alia
315 835 424 861 demum
439 842 611 870 comparare,
629 845 690 872 quae
704 845 824 872 sponsus
835 839 880 867 ille
895 841 986 876 requi—

202 879 235 906 rit
250 888 257 906 :
275 888 369 908 verum
383 881 497 909 istorum
529 883 651 910 omnium
668 884 776 912 officina
791 890 832 913 est
846 887 919 921 quod
934 873 985 915 illic
1001 873 1022 901 Β

202 926 290 952 mtulis
314 926 450 962 degimus.
464 927 570 961 Quibus
592 937 675 964 porro
700 931 797 960 isthmc
814 940 867 960 non
886 941 986 969 suppe-

202 972 361 1006 ditaverint,
375 978 520 1008 antequam
545 975 686 1009 decedant,
710 976 745 1004 iis
768 978 836 1005 nihil
852 987 913 1006 cum
931 981 985 1007 vita

204 1017 247 1044 illa
266 1025 412 1046 commune
432 1018 495 1046 erit.
517 1018 612 1048 Testes
637 1025 700 1048 sunt
722 1022 843 1057 quinque
867 1024 986 1060 virgines

203 1065 293 1097 fatum,
312 1071 339 1093 et
365 1071 477 1094 vocatus
509 1067 542 1094 ad
572 1068 700 1102 nuptias;
721 1069 766 1101 qui
789 1071 917 1104 quoniam
943 1074 986 1100 in-

202 1112 299 1138 structi
318 1119 371 1139 non
387 1117 530 1145 venerunt,
547 1120 597 1140 nec
616 1113 668 1140 illa:
687 1114 777 1142 olcum
791 1118 920 1153 amplius,
939 1128 989 1149 nec.

203 1156 253 1182 istc
266 1160 368 1182 vestem
383 1156 527 1190 acquirere
544 1160 690 1191 potuerunt
702 1159 723 1184 '.

237 1203 352 1229 Omnino
386 1203 543 1230 interiorem
573 1203 722 1237 hominem.
744 1213 857 1241 novum,
887 1214 914 1237 et
939 1213 986 1246 qui

202 1249 353 1276 secundum
367 1248 449 1276 Deum
461 1254 571 1277 creatus
583 1255 624 1278 cst
633 1250 654 1282 ³,
665 1251 784 1280 mundus
796 1253 846 1282 iste
859 1259 986 1291 parturit,

204 1295 249 1329 qui
266 1295 310 1322 ltic
321 1295 401 1322 fictus
418 1295 608 1330 fortnatusque
623 1300 649 1323 et
666 1296 702 1323 ita
716 1298 853 1332 perfectus
867 1301 894 1328 in
909 1302 986 1330 illum

1036 240 1168 268 ἀθάνατον
1181 242 1321 276 οἰκήσουσι
1334 241 1447 275 κόσμον.
1465 240 1495 266 '0
1511 240 1539 266 δὲ
1555 239 1645 274 λόγος,
1665 239 1705 265 ὅτι
1717 238 1747 265 τὺ
1769 237 1816 273 μὲν

1037 286 1094 321 φῶς
1109 287 1255 318 ἀνατέλλει,
1268 287 1313 313 καὶ
1328 287 1342 313 ὁ
1355 286 1430 322 ἥλιος
1437 285 1560 321 καθαρὰν
1575 285 1624 320 τὴν
1637 285 1734 311 ἀκτῖνα
1748 292 1816 318 παρ-

1036 333 1102 366 έχει,
1121 332 1256 367 ὀφθαλμὸν
1274 331 1303 359 δὲ
1325 332 1375 358 οὐκ
1401 332 1439 358 Ενι
1462 331 1610 365 τηνικαῦτα
1635 329 1812 364 πλασθῆναι·

1036 379 1084 405 καὶ
1098 378 1115 414 ἡ
1134 379 1183 413 μὲν
1200 377 1246 405 τοῦ
1262 378 1417 413 πνεύματος
1431 378 1528 404 εὐωδία
1552 376 1671 411 δαψιλῶς
1699 377 1817 411 ἐκχεῖται

1036 428 1083 454 καὶ
1097 427 1131 454 τὰ
1147 428 1237 454 πάντα
1252 427 1375 462 κατέχει,
1395 426 1527 461 δσφρησιν
1542 424 1570 451 δὲ
1584 425 1634 451 οὐκ
1648 424 1682 452 ἄν
1705 432 1748 455 τις
1772 423 1818 450 λά-

1037 474 1079 501 ὃοι
1097 474 1134 509 μὴ
1150 474 1229 509 ἔχων.
1245 474 1300 500 Καὶ
1312 473 1366 500 τῶν
1382 472 1430 507 μὲν
1447 471 1601 507 μυστηρίων
1623 470 1710 502 ἔξεστι
1730 477 1819 496 κοινω-

1036 521 1115 555 νῆσαι
1131 520 1170 554 τῷ
1187 519 1245 553 Υἱῷ
1260 519 1306 545 τοῦ
1324 517 1391 544 Θεοῦ
1405 517 1467 548 τοὺς
1479 516 1571 550 φίλους
1588 515 1659 542 κατὰ
1685 514 1734 550 τὴν
1749 514 1818 549 ἠμέ-

1037 576 1085 603 ραν
1099 566 1215 601 ἐκείνην,
1234 565 1279 592 καὶ
1297 565 1314 592 ἃ
1331 565 1429 599 ἤκουσε
1444 563 1518 598 παρὰ
1532 562 1579 588 τοῦ
1592 561 1697 596 Πατρδς
1708 561 1818 594 ἐκεῖνος,

1035 614 1101 649 παρ’
1115 612 1219 639 ἐκείνου
1238 611 1331 646 μαῦείν
1348 609 1460 641 αὐτούς·
1477 609 1583 643 ἀνάγκη
1609 607 1638 633 δὲ
1667 607 1760 642 φίλους
1778 606 1820 632 δν-

1036 667 1084 690 τας
1098 658 1180 685 αὐτοῦ
1192 660 1238 684 καὶ
1254 655 1311 683 ὦτα
1323 656 1435 691 ἔχοντας
1451 653 1608 688 ἀφικέσθαι,
1626 652 1664 679 οὑ
1681 652 1734 686 γὰρ
1749 652 1820 678 ἐστιν

1036 704 1153 731 ἐνταῦθα
1167 703 1256 737 φιλίαν
1269 702 1398 736 συστῆναι
1413 702 1460 727 καὶ
1469 698 1516 731 οὖς
1532 699 1674 734 ἀνοιγῆναι
1695 697 1745 724 καὶ
1759 697 1822 732 ἰμά-

1036 759 1090 777 τιον
1105 749 1239 784 νυμφικδν
1269 746 1524 781 κατασκευασθῆναι
1538 745 1583 771 καὶ
1605 744 1689 771 τᾶλλα
1715 743 1822 777 ἑτοιμα-

1037 795 1143 829 σθῆναι,
1166 791 1203 820 ὦν
1217 793 1312 828 ἐκείνῳ
1335 792 1374 818 δεῖ
1394 792 1435 826 τῷ
1466 790 1600 825 νυμφῶνι,
1623 788 1692 816 ἀλλὰ
1721 787 1821 814 τούτων

1037 842 1164 868 ἁπάντων
1189 841 1368 875 ἐργαστήριον
1387 835 1464 869 οὗτος
1483 839 1497 864 ὁ
1513 837 1583 872 βίος·
1596 836 1642 863 καὶ
1655 832 1695 867 οἷς
1707 834 1757 861 οὐκ
1768 833 1822 867 ἐγέ-

1039 896 1098 915 νετο
1111 886 1195 914 ταῦτα
1217 886 1281 921 πρὶν
1295 885 1432 915 ἀπελθεῖν.
1447 883 1536 910 κοινὸν
1549 882 1625 909 οὐδὲν
1651 882 1692 912 είς
1714 879 1821 914 εκείνην

1039 935 1097 961 ἐστὶ
1115 933 1165 968 τὴν
1193 932 1275 967 ζωήν.
1294 931 1351 958 Καὶ
1374 930 1513 965 μάρτυρες
1537 928 1565 954 αἱ
1590 927 1670 952 πέντε
1695 925 1822 968 παρθένοι

1040 982 1088 1008 καὶ
1116 981 1129 1006 ὁ
1144 980 1184 1010 είς
1198 979 1243 1004 τὸν
1254 979 1340 1011 γάμον
1367 975 1486 1010 κληθεὶς,
1502 974 1562 1000 ἐπεὶ
1593 971 1630 1007 μὴ
1656 970 1762 1005 ἔχοντες
1776 967 1823 999 ἦλ-

1040 1029 1095 1058 θον,
1108 1027 1146 1062 μὴ
1161 1024 1310 1060 κτήσασθαι
1322 1023 1479 1055 δυνηθέντες
1492 1021 1559 1056 μήτε
1573 1020 1661 1045 ἔλαιον
1678 1018 1745 1053 μήτε
1763 1016 1823 1051 ἰμά-

1040 1083 1107 1101 τιον.

1075 1211 1162 1240 Ὅλως
1189 1208 1217 1235 δὲ
1246 1206 1292 1234 τὸν
1314 1205 1388 1236 ἐντὸς
1410 1203 1552 1240 ἄνθρωπον
1576 1201 1621 1229 τὸν
1645 1200 1749 1233 καινὸν,
1778 1200 1825 1228 τὸν

1040 1257 1111 1285 κατὰ
1130 1255 1196 1282 Θεὸν
1209 1254 1377 1288 κτιζόμενον,
1395 1252 1409 1278 ὁ
1430 1251 1531 1286 κόσμος
1556 1246 1633 1280 οὗτος
1655 1247 1754 1279 ὠδίνει,
1778 1246 1825 1273 καὶ

1037 1304 1166 1334 πλασθεὶς
1187 1301 1303 1330 ἐνταῦθα
1326 1299 1372 1327 καὶ
1392 1297 1547 1334 μορφωθεῖς
1569 1296 1640 1323 οὕτω
1664 1294 1766 1326 τέλειος
1785 1295 1825 1325 εἰς

202 1341 353 1374 perlectum
383 1345 410 1368 et
430 1341 505 1368 nullo
523 1342 599 1369 senio
615 1342 785 1371 fatiscentem
800 1347 930 1374 mundum
943 1357 986 1384 ge-

1039 1353 1083 1379 τὸν
1119 1350 1222 1376 τέλειον
1245 1348 1348 1374 ἐκεῖνον
1366 1345 1412 1372 καὶ
1438 1344 1533 1378 ἀγήρω
1554 1343 1675 1369 τίκτεται
1713 1341 1824 1375 κόσμον.

203 1391 325 1413 uenitur.
353 1387 587 1420 Quemadmodum
615 1389 686 1415 enim
721 1389 839 1424 fretum,
865 1395 985 1428 quantliu

1040 1397 1172 1430 Καθάπερ
1186 1395 1239 1428 γὰρ
1256 1393 1286 1419 τδ
1305 1391 1435 1427 ἑμὸρυον,
1455 1389 1506 1420 ἕως
1520 1389 1592 1415 ἐστὶν
1610 1388 1638 1415 ὲν
1660 1387 1698 1422 τῷ
1718 1394 1825 1417 σκοτει-

204 1439 327 1460 materno
354 1433 464 1460 clausus
492 1438 581 1463 utero.
611 1434 638 1461 in
661 1436 780 1464 tenebris
804 1442 830 1465 et
855 1439 881 1466 itt
907 1445 986 1471 nocte

1041 1443 1079 1478 νῷ
1095 1442 1142 1468 καὶ
1159 1439 1249 1475 νηκτῷ
1263 1439 1322 1474 βίῳ,
1340 1437 1408 1473 πρὸς
1423 1436 1473 1472 τὴν
1488 1436 1517 1462 ὲν
1537 1435 1606 1468 φωτὶ
1620 1433 1692 1469 ζωὴν
1705 1434 1721 1468 ἡ
1744 1433 1826 1466 φύσις

203 1480 282 1511 vivit,
309 1486 406 1507 natttra
432 1481 464 1507 ad
481 1482 605 1515 spiritum
625 1483 651 1509 in
678 1482 729 1510 hac
750 1483 811 1511 luce
833 1485 986 1515 ducendum

1042 1485 1256 1523 παρασκευάζει,
1272 1484 1318 1510 καὶ
1341 1483 1489 1510 πλάττεται
1513 1480 1638 1515 καθάπερ
1653 1480 1693 1512 είς
1725 1480 1824 1506 κανόνα

203 1526 329 1559 adornat,
348 1531 433 1561 atque
450 1527 483 1553 ad
502 1529 584 1554 vitam
606 1536 666 1562 quae
682 1529 756 1555 illttm
775 1536 921 1566 execptura
935 1538 986 1565 est,

204 1577 333 1606 tanquam
349 1573 382 1599 ad
398 1579 541 1603 canoncm.
558 1581 604 1600 seu
623 1574 744 1608 regulam
760 1577 906 1610 quamdam
924 1586 986 1606 con-

207 1618 308 1645 format
325 1627 332 1645 :
351 1618 388 1644 ita
405 1619 508 1645 sanctis
522 1626 632 1653 quoque
649 1627 698 1646 usu
721 1621 806 1648 venit.
820 1622 854 1648 Et
867 1623 918 1650 hoc
934 1628 987 1657 est,

205 1665 278 1698 quod
303 1664 341 1691 ait
364 1663 466 1691 Paulus
483 1664 628 1699 Apostolus
645 1662 677 1692 ad
703 1666 814 1695 Galatas
836 1669 961 1697 scribens
979 1679 986 1697 :

208 1722 216 1738 ι
232 1711 322 1738 Filinli
335 1712 400 1744 tnei,
412 1718 481 1745 quos
496 1711 595 1737 iterum
614 1712 747 1745 parturio,
758 1713 844 1741 donec
856 1714 1002 1743 formetur'

204 1758 330 1785 Christus
341 1757 368 1783 in
383 1755 484 1783 vobis'.
509 1764 518 1781 ι
530 1755 723 1784 Verumtamen
735 1757 853 1787 infantes
865 1761 988 1788 nondum

205 1804 260 1830 nali
274 1803 354 1830 vitam
367 1803 437 1829 hanc
449 1809 503 1830 non
519 1807 688 1836 cognoscunt
704 1812 711 1830 :
727 1805 835 1833 atb‘eati
848 1805 881 1833 de
895 1806 989 1834 futuro

204 1849 305 1878 saeculo
321 1849 404 1876 multa
418 1849 500 1876 etiam
515 1848 542 1875 in
556 1849 607 1876 hoc
620 1848 720 1876 saeculo
732 1855 916 1884 praenoscunt.
932 1852 989 1880 lluc

204 1895 267 1923 ideo
289 1895 327 1927 fit,
352 1895 424 1929 quod
441 1894 495 1922 illis
510 1894 564 1921 vita
579 1895 630 1922 hac
644 1895 696 1922 frui
711 1897 832 1924 nondum
861 1898 987 1934 contigit,

204 1941 311 1968 tametsi
328 1942 404 1967 cel-to
418 1940 569 1974 continget.
586 1939 642 1967 Nec
658 1941 731 1968 enim
750 1943 840 1970 adhuc
867 1944 895 1970 in
920 1944 988 1972 locis

205 1987 258 2014 illis
276 1987 321 2014 ubi
337 1986 461 2023 delitcnt,
477 1986 569 2013 radius
588 1987 658 2014 lucis
672 1995 838 2023 conspectus
853 1996 896 2018 est
912 1999 919 2018 :
938 1997 989 2018 nec

203 2040 297 2060 eorum
314 2032 387 2059 aliud
403 2033 563 2067 quidquam,
581 2032 682 2066 quibus
698 2034 752 2060 vita
768 2034 826 2062 haec
841 2040 934 2064 nostra
945 2038 989 2064 ni-

204 2079 270 2106 titur
278 2085 309 2105 ac
318 2081 497 2105 sustentatur.
512 2077 547 2104 At
556 2077 698 2106 nobiscum
709 2078 788 2106 aliter
796 2087 839 2107 res
847 2087 875 2108 se
885 2081 965 2109 habet
980 2091 987 2110 :

204 2125 304 2160 quibus
318 2124 371 2150 vita
382 2131 463 2158 quant
480 2128 683 2158 exspectamus,
698 2131 760 2151 cum
773 2124 825 2151 hac
840 2127 917 2160 quasi
933 2128 989 2155 col-

1039 1521 1087 1558 τὺν
1109 1530 1308 1564 ὑποδεξάμενον
1336 1529 1402 1563 βίον,
1430 1527 1475 1553 τὸν
1500 1526 1555 1553 ἴσον
1569 1526 1669 1561 τρόπον
1696 1524 1743 1551 καὶ
1769 1521 1825 1555 τοῖς

1040 1578 1127 1612 ἁγίοις
1144 1577 1303 1610 συμϐαίνει·
1319 1575 1366 1601 καὶ
1383 1573 1461 1600 τοῦτό
1477 1574 1559 1605 ἐστιν,
1570 1571 1638 1606 ὅπερ
1655 1569 1825 1601 ὁάπόστολος

1040 1625 1091 1659 ἔφη
1110 1623 1223 1654 Παῦλος,
1250 1621 1384 1652 Γαλάταις
1401 1619 1529 1654 γράφων·
1558 1627 1567 1644 ι
1580 1618 1679 1644 Τεκνία
1699 1625 1760 1652 μου,
1776 1615 1823 1648 οὓς

1039 1670 1119 1696 πάλιν
1131 1668 1228 1699 ὠδίνω,
1245 1668 1324 1702 ἄχρις
1341 1663 1371 1693 οὗ
1387 1664 1518 1701 μορφωοῇ
1533 1663 1650 1699 Χριστὸς
1670 1664 1698 1689 ιν
1718 1662 1793 1697 ὑμῖν.
1810 1670 1820 1688 ι

1038 1716 1075 1742 Οὐ
1093 1716 1146 1750 μὴν
1164 1714 1232 1741 ἀλλὰ
1247 1713 1280 1740 τὰ
1295 1713 1344 1748 μὲν
1356 1711 1462 1747 ἔμϐρυα
1472 1709 1586 1744 ταυτησὶ
1600 1709 1649 1744 τῆς
1672 1707 1744 1743 ζωῆς
1773 1707 1824 1734 οὐκ

1039 1761 1071 1788 ἂν
1091 1762 1129 1793 είς
1145 1761 1270 1796 αἴσθησιν
1284 1759 1356 1786 ἔλθοι
1374 1757 1450 1789 ποτὲ,
1470 1757 1524 1787 τοῖς
1540 1756 1568 1782 δὲ
1589 1754 1734 1791 μακαρίοις
1758 1754 1826 1781 πολ-

1038 1807 1082 1834 λαὶ
1094 1808 1147 1833 τῶν
1164 1806 1315 1841 μελλόντων
1331 1805 1376 1831 ἐπὶ
1390 1803 1438 1830 τοῦ
1465 1802 1599 1837 παρόντος
1627 1800 1760 1836 ἐμφάσεις
1770 1807 1778 1815 ο
1793 1801 1826 1827 τὸ

1038 1853 1065 1880 δὲ
1080 1854 1175 1884 αἴτιον,
1193 1853 1234 1878 ὅτι
1250 1853 1306 1882 τοῖς
1327 1851 1376 1884 μὲν
1393 1850 1422 1876 οὐ
1445 1848 1576 1883 πάρεστιν
1616 1843 1693 1878 οὗτος
1710 1847 1723 1872 ὁ
1755 1845 1824 1880 βίος,

1039 1899 1096 1926 ἀλλ’
1111 1898 1231 1933 ἀκριϐῶς
1245 1898 1301 1924 ἐστι
1318 1896 1433 1932 μέλλων.
1448 1893 1486 1922 Οὐ
1501 1893 1555 1928 γὰρ
1572 1892 1680 1927 ἐγένετο
1692 1891 1770 1923 ἀκτὶς
1795 1892 1826 1918 ἐν

1039 1945 1094 1976 τοῖς
1110 1944 1221 1979 χωρίοις
1238 1942 1364 1974 ἐκείνοις,
1379 1941 1439 1968 οὐδὲ
1455 1940 1510 1967 τῶν
1523 1940 1610 1966 ἄλλων
1632 1939 1719 1971 οὐδὲν,
1734 1938 1752 1965 ἃ
1775 1937 1826 1973 τὴν

1040 1989 1111 2025 ζωὴν
1127 1990 1255 2024 ὑφίστησι
1268 1988 1380 2023 ταύτην.
1401 1987 1450 2022 Ἑφ
1464 1986 1542 2022 ήμῶν
1565 1985 1594 2012 δὲ
1619 1985 1720 2017 οὐκέτι,
1736 1983 1795 2011 ἀλλ’
1811 1984 1827 2009 ό

1041 2036 1146 2072 μέλλων
1160 2036 1264 2067 ἐκεῖνος
1280 2033 1319 2069 τῷ
1334 2034 1449 2069 παρόντι
1461 2032 1547 2067 τούτῳ
1567 2030 1692 2066 καθάπερ
1712 2029 1826 2065 ἐνεχέθη

1039 2082 1087 2109 καὶ
1103 2082 1233 2116 ἀνεμίγη,
1247 2081 1295 2107 καὶ
1312 2082 1326 2107 ὁ
1339 2080 1415 2116 ἥλιος
1432 2080 1536 2110 ἐκεῖνος
1553 2078 1598 2105 καὶ
1611 2078 1677 2113 ἡμῖν
1704 2076 1828 2103 ἀνέτειλε

1040 2126 1248 2162 φιλανθρώπως,
1271 2125 1362 2152 καὶτὸ
1387 2122 1583 2159 ὑπερουράνιον
1615 2122 1702 2156 μύρον
1714 2122 1744 2148 ὲν
1769 2121 1828 2151 τοῖς

205 2171 296 2208 Ιίιῃιιιι⁷
319 2175 345 2197 et
367 2170 511 2197 commista
528 2174 579 2202 est,
604 2174 630 2197 et
650 2170 722 2198 illius
748 2172 787 2198 sol
804 2172 886 2199 etiam
911 2175 986 2201 nobis

1043 2172 1171 2199 δυσώῑεσι
1187 2172 1296 2206 χωρίοις
1321 2169 1483 2205 cacumen,
1505 2169 1552 2195 καὶ
1578 2169 1592 2195 ὁ
1616 2169 1670 2196 τῶν
1699 2167 1828 2202 ἀγγέλων

203 2218 319 2252 bcnigne
336 2216 434 2247 illuxit,
454 2216 621 2252 coelesteque
636 2221 804 2251 unguentum
820 2218 846 2245 in
868 2219 987 2253 regioni-

203 2265 254 2291 bus
277 2262 497 2298 graveolentibus
516 2261 644 2296 effusum,
672 2267 699 2290 et
725 2264 803 2298 panis
828 2264 986 2299 angelorum

204 2307 362 2337 hominibus
377 2315 487 2343 quoque
504 2308 659 2342 impertitus
674 2313 716 2336 est
731 2311 751 2335 '.

238 2354 408 2389 Quapropter
438 2361 492 2380 non
532 2355 619 2381 solum
650 2354 746 2381 instrui
779 2362 810 2382 ac
841 2359 987 2390 praeparari

203 2401 237 2427 ad
256 2400 339 2426 vitam
353 2399 436 2431 illam,
456 2400 501 2426 sed
515 2399 571 2434 jam
589 2400 740 2427 secundum
759 2402 882 2428 eamdem
899 2402 982 2429 etiam

181 2446 306 2485 λήνει-ρ,
327 2450 353 2472 et
370 2452 449 2479 agere
469 2445 572 2472 sant-tis
587 2445 744 2473 hominibus
760 2446 786 2472 in
806 2446 857 2473 hac
884 2454 982 2475 morta-

204 2492 280 2518 litate
299 2490 466 2518 conceditur.
489 2499 498 2516 ι
515 2490 697 2525 Apprehende
716 2491 797 2517 vitam
818 2495 957 2524 aeternam,
974 2501 983 2518 ι

204 2538 292 2572 inquit
306 2537 408 2564 Paulus
424 2537 544 2571 Epistola
562 2536 595 2563 ad
620 2535 808 2564 Timotheum“
823 2555 832 2564 .
849 2537 882 2564 Et
900 2538 985 2565 alibi:

207 2583 289 2611 tVivo
305 2583 459 2617 autcmjatn
478 2590 531 2610 non
554 2590 614 2617 ego,
644 2582 709 2609 vivit
725 2590 788 2610 vero
805 2583 830 2610 in
843 2591 886 2610 me
907 2583 986 2610 Chri-

203 2629 285 2659 stus'.
297 2639 306 2655 ι
326 2628 358 2656 Ει
372 2629 480 2655 divinus
500 2627 638 2662 lgnatius:
658 2637 667 2653 ι
682 2628 759 2662 Aqua
770 2628 828 2654 viva
844 2629 944 2656 saliens
959 2630 985 2655 in

204 2685 255 2709 me,
272 2677 345 2703 intus
356 2675 421 2702 mihi
437 2674 512 2706 dicit,
526 2673 593 2702 Veni
606 2673 639 2701 ad
653 2674 795 2708 patrcm‘.)
809 2675 840 2702 Et
850 2675 901 2701 alia
914 2682 988 2701 com-

204 2723 292 2757 plura,
309 2722 407 2757 quibus
434 2721 541 2748 refertae
568 2725 633 2749 sunt
662 2728 747 2748 sacrae
767 2721 885 2750 Litterae.
901 2721 988 2756 Super

1040 2219 1120 2253 ἄρτος
1135 2219 1181 2244 καὶ
1197 2219 1253 2248 τοῖς
1269 2216 1422 2252 ἀνθρώποις
1436 2216 1523 2250 ἐδόθη.

1075 2351 1124 2378 Διὰ
1147 2349 1234 2377 ταῦτα
1262 2348 1351 2375 τοίνυν
1365 2348 1395 2374 οὐ
1418 2345 1573 2380 διατεθῆναι
1597 2345 1676 2380 μόνον
1706 2344 1752 2370 καὶ
1774 2352 1832 2370 πα-

1041 2396 1260 2434 ρασκευασθῆναι
1280 2394 1349 2428 πρὸς
1371 2394 1420 2427 τὴν
1447 2392 1529 2427 ζωὴν,
1548 2390 1606 2418 ἁλλ’
1625 2391 1676 2426 ἤδη
1698 2390 1746 2416 καὶ
1776 2390 1829 2425 ζῇν

1036 2443 1094 2471 κατ’
1109 2442 1216 2476 εκείνην
1231 2441 1277 2468 καὶ
1294 2441 1416 2475 ἐνεργεῖν
1440 2439 1529 2471 ἔξεστι
1543 2438 1599 2469 τοῖς
1626 2437 1715 2471 ἁγίοις
1735 2437 1765 2463 ὲν
1785 2435 1830 2470 τῷ

1036 2488 1160 2523 παρόντι.
1177 2496 1186 2512 ι
1205 2484 1351 2512 Ἐπιλαὸοῦ
1369 2485 1434 2519 γὰρ,
1462 2483 1540 2517 φησὶ,
1556 2482 1606 2516 τῆς
1633 2481 1743 2508 αἰωνίου
1769 2480 1829 2512 ζω-

1035 2536 1079 2570 ῆς,
1098 2543 1106 2559 t
1125 2532 1248 2568 Θιμοθέῳ
1264 2531 1376 2566 γράφων
1390 2530 1404 2556 6
1418 2529 1533 2562 Παῦλος,
1557 2528 1618 2555 καί·
1637 2536 1647 2553 ι
1660 2527 1703 2554 Ζῶ
1721 2527 1750 2553 δὲ
1762 2527 1832 2552 οὐκ·

1037 2582 1077 2608 έτι
1104 2580 1170 2614 ἐγὼ,
1192 2578 1225 2614 ζῇ
1254 2578 1282 2605 δὲ
1298 2579 1325 2604 ὲν
1355 2576 1418 2612 ἐμοὶ
1452 2574 1610 2610 Χριστόςοι
1640 2573 1686 2600 καὶ
1711 2574 1725 2600 ὸ
1752 2572 1830 2603 esto;

1047 2627 1185 2662 Ἰγνάτιος,
1203 2634 1212 2650 ι
1230 2625 1323 2651 Ἔστιν
1340 2623 1412 2658 ὕδωρ
1426 2622 1480 2654 ζῶν
1498 2621 1546 2648 καὶ
1558 2619 1654 2647 λαλοῦν
1673 2620 1702 2646 ὲν
1717 2619 1792 2654 ἐμοὶ,
1813 2627 1824 2644 ι

1042 2674 1088 2701 καὶ
1105 2672 1210 2700 πολλῶν
1218 2671 1344 2698 τοιούτων
1363 2671 1379 2704 ἡ
1394 2669 1488 2704 Γραφὴ
1504 2668 1596 2703 γέμει.
1623 2667 1700 2701 Παρὰ
1734 2665 1830 2692 πάντα

1041 2721 1069 2748 δὲ
1087 2719 1182 2752 ταῦτα,
1200 2719 1264 2745 ὅταν
1275 2717 1346 2752 αῦτη
1362 2717 1378 2751 ἡ
1394 2716 1450 2750 ζωὴ
1467 2715 1587 2741 συνεῖναι
1614 2713 1695 2748 μέχρι
1723 2711 1830 2742 παντὲς

238 2814 248 2827 ’
265 2812 358 2839 Matth.
377 2821 445 2845 χχιι,
460 2820 523 2840 xxv.
564 2812 574 2828 ³
590 2811 689 2846 Epltes.
710 2821 747 2846 tv,
765 2812 810 2841 42.
849 2813 859 2829 ⁸
876 2813 985 2840 οειηω

1043 2811 1069 2839 9.
1108 2811 1118 2826 '
1135 2810 1206 2838 Psal.
1225 2817 1327 2842 tum,
1346 2806 1391 2834 25.
1431 2805 1441 2821 ‘
1458 2804 1467 2832 Ι
1482 2803 1553 2830 Tum,
1568 2810 1605 2835 vr,
1624 2801 1666 2828 12.
1706 2801 1715 2816 ⁷
1734 2800 1829 2827 Calai.

205 2855 237 2879 tt,
252 2849 296 2874 20.
335 2847 344 2863 '
365 2847 449 2881 Epist.
481 2848 513 2875 ad
546 2847 626 2874 Rom.
