  <div class='ocr_page' id='page_1' title='image "/cluster/home/n/w/nwhite01/storage/ocr_20150623/150/njp.32101077773180/264.png"; bbox 0 0 1976 3074; ppageno 0'>
   <div class='ocr_carea' id='block_1_1' title="bbox 143 125 192 159">
    <p class='ocr_par' dir='ltr' id='par_1_1' title="bbox 143 125 192 159">
     <span class='ocr_line' id='line_1_1' title="bbox 143 125 192 159; baseline -0.041 0"><span class='ocrx_word' id='word_1_1' title='bbox 143 125 192 159; x_wconf 83' lang='lat'><strong>501</strong></span> 
     </span>
    </p>
   </div>
   <div class='ocr_carea' id='block_1_2' title="bbox 675 125 1217 160">
    <p class='ocr_par' dir='ltr' id='par_1_2' title="bbox 675 125 1217 160">
     <span class='ocr_line' id='line_1_2' title="bbox 675 125 1217 160; baseline -0.004 -1"><span class='ocrx_word' id='word_1_2' title='bbox 675 129 726 159; x_wconf 87' lang='lat' dir='ltr'><strong>DE</strong></span> <span class='ocrx_word' id='word_1_3' title='bbox 749 128 836 160; x_wconf 86' lang='lat' dir='ltr'><strong>VlTA</strong></span> <span class='ocrx_word' id='word_1_4' title='bbox 856 127 896 157; x_wconf 83' lang='grc' dir='ltr'><strong>ΙΝ</strong></span> <span class='ocrx_word' id='word_1_5' title='bbox 913 126 1080 158; x_wconf 83' lang='lat' dir='ltr'><strong>CHRISTO</strong></span> <span class='ocrx_word' id='word_1_6' title='bbox 1101 126 1175 157; x_wconf 80' lang='lat' dir='ltr'><strong>LIB.</strong></span> <span class='ocrx_word' id='word_1_7' title='bbox 1193 125 1217 157; x_wconf 87' lang='grc' dir='ltr'><strong>Ι.</strong></span> 
     </span>
    </p>
   </div>
   <div class='ocr_carea' id='block_1_3' title="bbox 1710 125 1775 157">
    <p class='ocr_par' dir='ltr' id='par_1_3' title="bbox 1710 125 1775 157">
     <span class='ocr_line' id='line_1_3' title="bbox 1710 125 1775 157; baseline 0.015 -1"><span class='ocrx_word' id='word_1_8' title='bbox 1710 125 1775 157; x_wconf 75' lang='grc'><strong>502”</strong></span> 
     </span>
    </p>
   </div>
   <div class='ocr_carea' id='block_1_4' title="bbox 131 180 932 220">
    <p class='ocr_par' dir='ltr' id='par_1_4' title="bbox 131 182 924 220">
     <span class='ocr_line' id='line_1_4' title="bbox 131 182 924 220; baseline 0.001 -10"><span class='ocrx_word' id='word_1_9' title='bbox 131 183 188 210; x_wconf 72' lang='grc' dir='ltr'><strong>τὸν</strong></span> <span class='ocrx_word' id='word_1_10' title='bbox 212 182 274 210; x_wconf 82' lang='grc' dir='ltr'><strong>νοῦν</strong></span> <span class='ocrx_word' id='word_1_11' title='bbox 284 183 373 211; x_wconf 67' lang='grc' dir='ltr'>οὐδενὶ</span> <span class='ocrx_word' id='word_1_12' title='bbox 387 184 441 212; x_wconf 81' lang='grc' dir='ltr'><strong>τῶν</strong></span> <span class='ocrx_word' id='word_1_13' title='bbox 454 183 542 212; x_wconf 73' lang='grc' dir='ltr'>ἄλλων</span> <span class='ocrx_word' id='word_1_14' title='bbox 561 184 622 212; x_wconf 65' lang='grc' dir='ltr'>οὐδὶ</span> <span class='ocrx_word' id='word_1_15' title='bbox 653 185 745 213; x_wconf 76' lang='grc' dir='ltr'>λαϐεῖν</span> <span class='ocrx_word' id='word_1_16' title='bbox 757 185 846 220; x_wconf 75' lang='grc' dir='ltr'>ἔρωτα</span> <span class='ocrx_word' id='word_1_17' title='bbox 870 183 924 212; x_wconf 85' lang='grc' dir='ltr'><strong>τῶν</strong></span> 
     </span>
    </p>
   </div>
   <div class='ocr_carea' id='block_1_5' title="bbox 984 180 1760 220">
    <p class='ocr_par' dir='ltr' id='par_1_5' title="bbox 984 180 1760 218">
     <span class='ocr_line' id='line_1_5' title="bbox 984 180 1760 218; baseline 0 -9"><span class='ocrx_word' id='word_1_18' title='bbox 984 181 1076 211; x_wconf 74' lang='lat' dir='ltr'><strong>:ﬂundi</strong></span> <span class='ocrx_word' id='word_1_19' title='bbox 1093 188 1143 210; x_wconf 87' lang='lat' dir='ltr'><strong>nec</strong></span> <span class='ocrx_word' id='word_1_20' title='bbox 1164 181 1246 209; x_wconf 85' lang='lat' dir='ltr'><strong>ullius</strong></span> <span class='ocrx_word' id='word_1_21' title='bbox 1269 181 1309 210; x_wconf 87' lang='lat' dir='ltr'><strong>rei</strong></span> <span class='ocrx_word' id='word_1_22' title='bbox 1332 188 1426 210; x_wconf 85' lang='lat' dir='ltr'><strong>amore</strong></span> <span class='ocrx_word' id='word_1_23' title='bbox 1450 180 1593 218; x_wconf 78' lang='lat' dir='ltr'><strong>implicari.</strong></span> <span class='ocrx_word' id='word_1_24' title='bbox 1609 182 1666 210; x_wconf 81' lang='lat' dir='ltr'><strong>Etsi</strong></span> <span class='ocrx_word' id='word_1_25' title='bbox 1687 183 1760 210; x_wconf 87' lang='lat' dir='ltr'><strong>enim</strong></span> 
     </span>
    </p>
   </div>
   <div class='ocr_carea' id='block_1_6' title="bbox 141 228 926 267">
    <p class='ocr_par' dir='ltr' id='par_1_6' title="bbox 141 228 926 267">
     <span class='ocr_line' id='line_1_6' title="bbox 141 228 926 267; baseline 0.003 -11"><span class='ocrx_word' id='word_1_26' title='bbox 141 230 226 257; x_wconf 77' lang='grc' dir='ltr'>ὖντων</span> <span class='ocrx_word' id='word_1_27' title='bbox 239 230 355 262; x_wconf 75' lang='grc' dir='ltr'>οὐδενός.</span> <span class='ocrx_word' id='word_1_28' title='bbox 371 230 431 258; x_wconf 75' lang='grc' dir='ltr'>Κᾶν</span> <span class='ocrx_word' id='word_1_29' title='bbox 439 231 495 267; x_wconf 83' lang='grc' dir='ltr'><strong>γὰρ</strong></span> <span class='ocrx_word' id='word_1_30' title='bbox 506 228 557 259; x_wconf 77' lang='grc' dir='ltr'>ὦδε</span> <span class='ocrx_word' id='word_1_31' title='bbox 578 232 735 267; x_wconf 76' lang='grc' dir='ltr'><strong>κινήσωμεν</strong></span> <span class='ocrx_word' id='word_1_32' title='bbox 757 232 806 267; x_wconf 79' lang='grc' dir='ltr'>τὴν</span> <span class='ocrx_word' id='word_1_33' title='bbox 831 231 926 258; x_wconf 75' lang='grc' dir='ltr'>ἐπιθυ-</span> 
     </span>
    </p>
   </div>
   <div class='ocr_carea' id='block_1_7' title="bbox 143 275 925 312">
    <p class='ocr_par' dir='ltr' id='par_1_7' title="bbox 143 275 925 312">
     <span class='ocr_line' id='line_1_7' title="bbox 143 275 925 312; baseline 0.004 -10"><span class='ocrx_word' id='word_1_34' title='bbox 143 275 220 310; x_wconf 85' lang='grc' dir='ltr'>μίαν,</span> <span class='ocrx_word' id='word_1_35' title='bbox 237 276 317 308; x_wconf 78' lang='grc' dir='ltr'>αὐτὸς</span> <span class='ocrx_word' id='word_1_36' title='bbox 332 276 424 312; x_wconf 76' lang='grc' dir='ltr'>ἵστησι</span> <span class='ocrx_word' id='word_1_37' title='bbox 442 277 491 305; x_wconf 77' lang='grc' dir='ltr'>καὶ</span> <span class='ocrx_word' id='word_1_38' title='bbox 507 277 654 312; x_wconf 75' lang='grc' dir='ltr'><strong>ἀναπαύει,</strong></span> <span class='ocrx_word' id='word_1_39' title='bbox 666 278 718 306; x_wconf 78' lang='grc' dir='ltr'>κᾶν</span> <span class='ocrx_word' id='word_1_40' title='bbox 732 278 833 310; x_wconf 78' lang='grc' dir='ltr'><strong>ἐκεῖσε,</strong></span> <span class='ocrx_word' id='word_1_41' title='bbox 844 278 925 305; x_wconf 86' lang='grc' dir='ltr'>πάλιν</span> 
     </span>
    </p>
   </div>
   <div class='ocr_carea' id='block_1_8' title="bbox 129 318 926 359">
    <p class='ocr_par' dir='ltr' id='par_1_8' title="bbox 129 318 926 359">
     <span class='ocr_line' id='line_1_8' title="bbox 129 318 926 359; baseline 0.004 -12"><span class='ocrx_word' id='word_1_42' title='bbox 129 318 233 352; x_wconf 60' lang='grc' dir='ltr'>παῦτὺς,</span> <span class='ocrx_word' id='word_1_43' title='bbox 261 319 313 346; x_wconf 78' lang='grc' dir='ltr'>κᾶν</span> <span class='ocrx_word' id='word_1_44' title='bbox 326 320 456 356; x_wconf 72' lang='grc' dir='ltr'>ἑτέρωσε,</span> <span class='ocrx_word' id='word_1_45' title='bbox 483 321 530 349; x_wconf 86' lang='grc' dir='ltr'>καὶ</span> <span class='ocrx_word' id='word_1_46' title='bbox 546 322 648 358; x_wconf 75' lang='grc' dir='ltr'>ταύτην</span> <span class='ocrx_word' id='word_1_47' title='bbox 670 323 781 358; x_wconf 80' lang='grc' dir='ltr'><strong>κατέχει</strong></span> <span class='ocrx_word' id='word_1_48' title='bbox 799 323 849 359; x_wconf 80' lang='grc' dir='ltr'>τὴν</span> <span class='ocrx_word' id='word_1_49' title='bbox 866 322 926 350; x_wconf 80' lang='grc' dir='ltr'><strong>ὁδὸν</strong></span> 
     </span>
    </p>
   </div>
   <div class='ocr_carea' id='block_1_9' title="bbox 142 365 926 402">
    <p class='ocr_par' dir='ltr' id='par_1_9' title="bbox 142 365 926 402">
     <span class='ocr_line' id='line_1_9' title="bbox 142 365 926 402; baseline 0.006 -11"><span class='ocrx_word' id='word_1_50' title='bbox 142 365 191 392; x_wconf 80' lang='grc' dir='ltr'>καὶ</span> <span class='ocrx_word' id='word_1_51' title='bbox 216 366 365 401; x_wconf 79' lang='grc' dir='ltr'>παριόντας</span> <span class='ocrx_word' id='word_1_52' title='bbox 384 367 542 402; x_wconf 87' lang='grc' dir='ltr'>χειροῦται.</span> <span class='ocrx_word' id='word_1_53' title='bbox 566 377 575 395; x_wconf 80' lang='grc' dir='ltr'><strong>ι</strong></span> <span class='ocrx_word' id='word_1_54' title='bbox 605 369 668 396; x_wconf 78' lang='grc' dir='ltr'><strong>Ἐὰν</strong></span> <span class='ocrx_word' id='word_1_55' title='bbox 694 369 788 397; x_wconf 73' lang='grc' dir='ltr'>ἀναδῶ</span> <span class='ocrx_word' id='word_1_56' title='bbox 816 370 857 402; x_wconf 82' lang='grc' dir='ltr'><strong>εἰς</strong></span> <span class='ocrx_word' id='word_1_57' title='bbox 880 369 926 397; x_wconf 57' lang='grc' dir='ltr'><strong>τὸν</strong></span> 
     </span>
    </p>
   </div>
   <div class='ocr_carea' id='block_1_10' title="bbox 143 411 926 450">
    <p class='ocr_par' dir='ltr' id='par_1_10' title="bbox 143 411 926 450">
     <span class='ocr_line' id='line_1_10' title="bbox 143 411 926 450; baseline 0.008 -12"><span class='ocrx_word' id='word_1_58' title='bbox 143 411 272 448; x_wconf 66' lang='grc' dir='ltr'>οὺρανίιν,</span> <span class='ocrx_word' id='word_1_59' title='bbox 286 413 318 439; x_wconf 83' lang='grc' dir='ltr'>σὺ</span> <span class='ocrx_word' id='word_1_60' title='bbox 340 413 398 440; x_wconf 74' lang='grc' dir='ltr'>ἐκεῖ</span> <span class='ocrx_word' id='word_1_61' title='bbox 417 411 452 447; x_wconf 78' lang='grc' dir='ltr'><strong>εἴ,</strong></span> <span class='ocrx_word' id='word_1_62' title='bbox 477 414 569 450; x_wconf 80' lang='grc' dir='ltr'>φησίν·</span> <span class='ocrx_word' id='word_1_63' title='bbox 593 415 642 442; x_wconf 66' lang='grc' dir='ltr'><strong>ἑὰν</strong></span> <span class='ocrx_word' id='word_1_64' title='bbox 666 416 779 443; x_wconf 84' lang='grc' dir='ltr'>κατασῶ</span> <span class='ocrx_word' id='word_1_65' title='bbox 810 417 850 449; x_wconf 90' lang='grc' dir='ltr'><strong>εἰς</strong></span> <span class='ocrx_word' id='word_1_66' title='bbox 880 416 926 444; x_wconf 76' lang='grc' dir='ltr'><strong>τὸν</strong></span> 
     </span>
    </p>
   </div>
   <div class='ocr_carea' id='block_1_11' title="bbox 144 458 927 498">
    <p class='ocr_par' dir='ltr' id='par_1_11' title="bbox 144 458 927 498">
     <span class='ocr_line' id='line_1_11' title="bbox 144 458 927 498; baseline 0.005 -13"><span class='ocrx_word' id='word_1_67' title='bbox 144 458 223 494; x_wconf 62' lang='grc' dir='ltr'>ᾅδην.</span> <span class='ocrx_word' id='word_1_68' title='bbox 246 459 342 495; x_wconf 78' lang='grc' dir='ltr'>πάρει·</span> <span class='ocrx_word' id='word_1_69' title='bbox 362 459 410 487; x_wconf 76' lang='grc' dir='ltr'>ἐὰν</span> <span class='ocrx_word' id='word_1_70' title='bbox 429 459 556 488; x_wconf 75' lang='grc' dir='ltr'>ἀναλάϐω</span> <span class='ocrx_word' id='word_1_71' title='bbox 571 461 621 493; x_wconf 78' lang='grc' dir='ltr'><strong>τὰς</strong></span> <span class='ocrx_word' id='word_1_72' title='bbox 634 461 773 498; x_wconf 81' lang='grc' dir='ltr'>πτέρυγάς</span> <span class='ocrx_word' id='word_1_73' title='bbox 794 470 844 497; x_wconf 86' lang='grc' dir='ltr'><strong>μου</strong></span> <span class='ocrx_word' id='word_1_74' title='bbox 865 462 927 489; x_wconf 85' lang='grc' dir='ltr'>κατ’</span> 
     </span>
    </p>
   </div>
   <div class='ocr_carea' id='block_1_12' title="bbox 142 505 928 544">
    <p class='ocr_par' dir='ltr' id='par_1_12' title="bbox 142 505 928 544">
     <span class='ocr_line' id='line_1_12' title="bbox 142 505 928 544; baseline 0.006 -13"><span class='ocrx_word' id='word_1_75' title='bbox 142 505 240 541; x_wconf 69' lang='grc' dir='ltr'>ὄρθρον</span> <span class='ocrx_word' id='word_1_76' title='bbox 253 505 300 533; x_wconf 78' lang='grc' dir='ltr'>καὶ</span> <span class='ocrx_word' id='word_1_77' title='bbox 317 506 522 542; x_wconf 77' lang='grc' dir='ltr'>κατασκηνώσω</span> <span class='ocrx_word' id='word_1_78' title='bbox 535 507 574 539; x_wconf 81' lang='grc' dir='ltr'><strong>εἰς</strong></span> <span class='ocrx_word' id='word_1_79' title='bbox 592 508 626 535; x_wconf 80' lang='grc' dir='ltr'><strong>τά</strong></span> <span class='ocrx_word' id='word_1_80' title='bbox 648 508 749 543; x_wconf 78' lang='grc' dir='ltr'>ἔσχατα</span> <span class='ocrx_word' id='word_1_81' title='bbox 768 509 818 544; x_wconf 79' lang='grc' dir='ltr'><strong>τῆς</strong></span> <span class='ocrx_word' id='word_1_82' title='bbox 829 508 928 536; x_wconf 80' lang='grc' dir='ltr'>θαλάσ-</span> 
     </span>
    </p>
   </div>
   <div class='ocr_carea' id='block_1_13' title="bbox 145 551 927 590">
    <p class='ocr_par' dir='ltr' id='par_1_13' title="bbox 145 551 927 590">
     <span class='ocr_line' id='line_1_13' title="bbox 145 551 927 590; baseline 0.006 -12"><span class='ocrx_word' id='word_1_83' title='bbox 145 560 205 586; x_wconf 77' lang='grc' dir='ltr'>σης,</span> <span class='ocrx_word' id='word_1_84' title='bbox 233 551 280 579; x_wconf 71' lang='grc' dir='ltr'>καὶ</span> <span class='ocrx_word' id='word_1_85' title='bbox 309 553 364 588; x_wconf 83' lang='grc' dir='ltr'><strong>γὰρ</strong></span> <span class='ocrx_word' id='word_1_86' title='bbox 393 553 451 580; x_wconf 69' lang='grc' dir='ltr'>ἐκεῖ</span> <span class='ocrx_word' id='word_1_87' title='bbox 479 554 496 588; x_wconf 79' lang='grc' dir='ltr'><strong>ὴ</strong></span> <span class='ocrx_word' id='word_1_88' title='bbox 514 553 575 589; x_wconf 84' lang='grc' dir='ltr'>χείρ</span> <span class='ocrx_word' id='word_1_89' title='bbox 599 562 648 580; x_wconf 89' lang='grc' dir='ltr'><strong>σου</strong></span> <span class='ocrx_word' id='word_1_90' title='bbox 677 554 804 590; x_wconf 79' lang='grc' dir='ltr'><strong>ὁδηγήσει</strong></span> <span class='ocrx_word' id='word_1_91' title='bbox 822 564 854 590; x_wconf 86' lang='grc' dir='ltr'><strong>με</strong></span> <span class='ocrx_word' id='word_1_92' title='bbox 880 555 927 583; x_wconf 76' lang='grc' dir='ltr'>καὶ</span> 
     </span>
    </p>
   </div>
   <div class='ocr_carea' id='block_1_14' title="bbox 144 597 927 637">
    <p class='ocr_par' dir='ltr' id='par_1_14' title="bbox 144 597 927 637">
     <span class='ocr_line' id='line_1_14' title="bbox 144 597 927 637; baseline 0.008 -14"><span class='ocrx_word' id='word_1_93' title='bbox 144 597 253 631; x_wconf 77' lang='grc' dir='ltr'><strong>καθέξει</strong></span> <span class='ocrx_word' id='word_1_94' title='bbox 270 607 303 633; x_wconf 79' lang='grc' dir='ltr'><strong>με</strong></span> <span class='ocrx_word' id='word_1_95' title='bbox 318 599 334 633; x_wconf 86' lang='grc' dir='ltr'><strong>ἡ</strong></span> <span class='ocrx_word' id='word_1_96' title='bbox 349 598 425 632; x_wconf 76' lang='grc' dir='ltr'>δεξιά</span> <span class='ocrx_word' id='word_1_97' title='bbox 436 607 493 626; x_wconf 86' lang='grc' dir='ltr'>σου·</span> <span class='ocrx_word' id='word_1_98' title='bbox 513 609 522 626; x_wconf 74' lang='grc' dir='ltr'><strong>ι</strong></span> <span class='ocrx_word' id='word_1_99' title='bbox 541 601 648 635; x_wconf 74' lang='grc' dir='ltr'>ἀνάγκη</span> <span class='ocrx_word' id='word_1_100' title='bbox 662 601 716 628; x_wconf 82' lang='grc' dir='ltr'><strong>τινί</strong></span> <span class='ocrx_word' id='word_1_101' title='bbox 728 601 870 637; x_wconf 78' lang='grc' dir='ltr'><strong>θαυμαστῇ</strong></span> <span class='ocrx_word' id='word_1_102' title='bbox 879 602 927 629; x_wconf 73' lang='grc' dir='ltr'>καὶ</span> 
     </span>
    </p>
   </div>
   <div class='ocr_carea' id='block_1_15' title="bbox 144 641 928 680">
    <p class='ocr_par' dir='ltr' id='par_1_15' title="bbox 144 641 928 680">
     <span class='ocr_line' id='line_1_15' title="bbox 144 641 928 680; baseline 0.006 -12"><span class='ocrx_word' id='word_1_103' title='bbox 144 641 329 678; x_wconf 79' lang='grc' dir='ltr'>φιλανθρώπῳ</span> <span class='ocrx_word' id='word_1_104' title='bbox 359 644 496 679; x_wconf 78' lang='grc' dir='ltr'>τυραννίδι</span> <span class='ocrx_word' id='word_1_105' title='bbox 521 645 589 680; x_wconf 76' lang='grc' dir='ltr'>πρὸς</span> <span class='ocrx_word' id='word_1_106' title='bbox 614 645 709 673; x_wconf 72' lang='grc' dir='ltr'>ἑαυτὸν</span> <span class='ocrx_word' id='word_1_107' title='bbox 739 645 818 680; x_wconf 91' lang='grc' dir='ltr'>μόνον</span> <span class='ocrx_word' id='word_1_108' title='bbox 841 646 928 674; x_wconf 79' lang='grc' dir='ltr'>ἕλκων</span> 
     </span>
    </p>
   </div>
   <div class='ocr_carea' id='block_1_16' title="bbox 144 687 929 727">
    <p class='ocr_par' dir='ltr' id='par_1_16' title="bbox 144 687 929 727">
     <span class='ocr_line' id='line_1_16' title="bbox 144 687 929 727; baseline 0.008 -14"><span class='ocrx_word' id='word_1_109' title='bbox 144 687 192 713; x_wconf 75' lang='grc' dir='ltr'>καὶ</span> <span class='ocrx_word' id='word_1_110' title='bbox 213 688 302 724; x_wconf 80' lang='grc' dir='ltr'>ἑαυτῷ</span> <span class='ocrx_word' id='word_1_111' title='bbox 327 690 401 725; x_wconf 76' lang='grc' dir='ltr'>μόνῳ</span> <span class='ocrx_word' id='word_1_112' title='bbox 433 689 586 718; x_wconf 79' lang='grc' dir='ltr'>συνάπτων.</span> <span class='ocrx_word' id='word_1_113' title='bbox 608 691 664 718; x_wconf 76' lang='grc' dir='ltr'><strong>Καὶ</strong></span> <span class='ocrx_word' id='word_1_114' title='bbox 682 691 783 727; x_wconf 83' lang='grc' dir='ltr'>ταύτην</span> <span class='ocrx_word' id='word_1_115' title='bbox 802 689 872 718; x_wconf 79' lang='grc' dir='ltr'>εἶναι</span> <span class='ocrx_word' id='word_1_116' title='bbox 889 689 929 718; x_wconf 77' lang='grc' dir='ltr'><strong>οἷ-</strong></span> 
     </span>
    </p>
   </div>
   <div class='ocr_carea' id='block_1_17' title="bbox 146 732 928 773">
    <p class='ocr_par' dir='ltr' id='par_1_17' title="bbox 146 732 928 773">
     <span class='ocr_line' id='line_1_17' title="bbox 146 732 928 773; baseline 0.008 -14"><span class='ocrx_word' id='word_1_117' title='bbox 146 740 196 766; x_wconf 85' lang='grc' dir='ltr'>μαι</span> <span class='ocrx_word' id='word_1_118' title='bbox 210 733 259 768; x_wconf 78' lang='grc' dir='ltr'><strong>τὴν</strong></span> <span class='ocrx_word' id='word_1_119' title='bbox 274 734 408 770; x_wconf 85' lang='grc' dir='ltr'>ἀνάγκην,</span> <span class='ocrx_word' id='word_1_120' title='bbox 426 732 585 772; x_wconf 81' lang='grc' dir='ltr'>ᾖσυνέλασε</span> <span class='ocrx_word' id='word_1_121' title='bbox 605 737 673 769; x_wconf 80' lang='grc' dir='ltr'>πρὸς</span> <span class='ocrx_word' id='word_1_122' title='bbox 697 736 747 773; x_wconf 80' lang='grc' dir='ltr'>τὴν</span> <span class='ocrx_word' id='word_1_123' title='bbox 770 737 860 764; x_wconf 75' lang='grc' dir='ltr'>οἰκίαν</span> <span class='ocrx_word' id='word_1_124' title='bbox 881 738 928 766; x_wconf 78' lang='grc' dir='ltr'>καὶ</span> 
     </span>
    </p>
   </div>
   <div class='ocr_carea' id='block_1_18' title="bbox 144 777 928 817">
    <p class='ocr_par' dir='ltr' id='par_1_18' title="bbox 144 777 928 817">
     <span class='ocr_line' id='line_1_18' title="bbox 144 777 928 817; baseline 0.008 -13"><span class='ocrx_word' id='word_1_125' title='bbox 144 777 195 812; x_wconf 76' lang='grc' dir='ltr'>τὴν</span> <span class='ocrx_word' id='word_1_126' title='bbox 213 778 331 813; x_wconf 82' lang='grc' dir='ltr'>εὐωχίαν</span> <span class='ocrx_word' id='word_1_127' title='bbox 345 779 391 812; x_wconf 83' lang='grc' dir='ltr'>οὓς</span> <span class='ocrx_word' id='word_1_128' title='bbox 409 780 512 813; x_wconf 67' lang='grc' dir='ltr'>ἐκάλει,</span> <span class='ocrx_word' id='word_1_129' title='bbox 534 781 572 816; x_wconf 85' lang='grc' dir='ltr'>τῷ</span> <span class='ocrx_word' id='word_1_130' title='bbox 590 781 675 817; x_wconf 79' lang='grc' dir='ltr'>δούλῳ</span> <span class='ocrx_word' id='word_1_131' title='bbox 689 781 786 816; x_wconf 85' lang='grc' dir='ltr'>λέγων,</span> <span class='ocrx_word' id='word_1_132' title='bbox 803 791 814 808; x_wconf 75' lang='grc' dir='ltr'><strong>ι</strong></span> <span class='ocrx_word' id='word_1_133' title='bbox 833 782 928 817; x_wconf 74' lang='grc' dir='ltr'>’Δνάγ-</span> 
     </span>
    </p>
   </div>
   <div class='ocr_carea' id='block_1_19' title="bbox 145 824 835 863">
    <p class='ocr_par' dir='ltr' id='par_1_19' title="bbox 145 824 835 863">
     <span class='ocr_line' id='line_1_19' title="bbox 145 824 835 863; baseline 0.009 -13"><span class='ocrx_word' id='word_1_134' title='bbox 145 832 229 850; x_wconf 74' lang='grc' dir='ltr'>κασον</span> <span class='ocrx_word' id='word_1_135' title='bbox 252 824 392 858; x_wconf 74' lang='grc' dir='ltr'>εἰσελθεῖν,</span> <span class='ocrx_word' id='word_1_136' title='bbox 407 825 481 858; x_wconf 81' lang='grc' dir='ltr'>ὅπως</span> <span class='ocrx_word' id='word_1_137' title='bbox 495 827 611 863; x_wconf 77' lang='grc' dir='ltr'><strong>γεμισθῇ</strong></span> <span class='ocrx_word' id='word_1_138' title='bbox 625 828 639 854; x_wconf 91' lang='grc' dir='ltr'><strong>ό</strong></span> <span class='ocrx_word' id='word_1_139' title='bbox 649 826 722 860; x_wconf 80' lang='grc' dir='ltr'>οἰκός</span> <span class='ocrx_word' id='word_1_140' title='bbox 743 837 805 863; x_wconf 87' lang='grc' dir='ltr'>μου.</span> <span class='ocrx_word' id='word_1_141' title='bbox 825 838 835 856; x_wconf 73' lang='grc' dir='ltr'><strong>ι</strong></span> 
     </span>
    </p>
   </div>
   <div class='ocr_carea' id='block_1_20' title="bbox 181 868 928 911">
    <p class='ocr_par' dir='ltr' id='par_1_20' title="bbox 181 868 928 911">
     <span class='ocr_line' id='line_1_20' title="bbox 181 868 928 911; baseline 0.011 -15"><span class='ocrx_word' id='word_1_142' title='bbox 181 868 255 898; x_wconf 75' lang='grc' dir='ltr'>Εἶεν.</span> <span class='ocrx_word' id='word_1_143' title='bbox 283 870 346 897; x_wconf 82' lang='grc' dir='ltr'><strong>Ὀτι</strong></span> <span class='ocrx_word' id='word_1_144' title='bbox 362 871 411 905; x_wconf 73' lang='grc' dir='ltr'>μὲν</span> <span class='ocrx_word' id='word_1_145' title='bbox 432 869 504 906; x_wconf 74' lang='grc' dir='ltr'><strong>οὖνὴ</strong></span> <span class='ocrx_word' id='word_1_146' title='bbox 531 874 560 899; x_wconf 81' lang='grc' dir='ltr'>ὲν</span> <span class='ocrx_word' id='word_1_147' title='bbox 580 873 618 908; x_wconf 84' lang='grc' dir='ltr'>τῷ</span> <span class='ocrx_word' id='word_1_148' title='bbox 629 874 739 910; x_wconf 79' lang='grc' dir='ltr'><strong>Χριστῷ</strong></span> <span class='ocrx_word' id='word_1_149' title='bbox 751 875 868 911; x_wconf 72' lang='grc' dir='ltr'>ζωὴλύκ</span> <span class='ocrx_word' id='word_1_150' title='bbox 881 876 928 904; x_wconf 68' lang='grc' dir='ltr'>ἰπὶ</span> 
     </span>
    </p>
   </div>
   <div class='ocr_carea' id='block_1_21' title="bbox 146 914 929 957">
    <p class='ocr_par' dir='ltr' id='par_1_21' title="bbox 146 914 929 957">
     <span class='ocr_line' id='line_1_21' title="bbox 146 914 929 957; baseline 0.01 -16"><span class='ocrx_word' id='word_1_151' title='bbox 146 914 194 942; x_wconf 80' lang='grc' dir='ltr'><strong>τοῦ</strong></span> <span class='ocrx_word' id='word_1_152' title='bbox 214 915 357 950; x_wconf 85' lang='grc' dir='ltr'>μέλλοντος</span> <span class='ocrx_word' id='word_1_153' title='bbox 380 917 472 952; x_wconf 84' lang='grc' dir='ltr'>μόνον,</span> <span class='ocrx_word' id='word_1_154' title='bbox 489 918 607 954; x_wconf 76' lang='grc' dir='ltr'>ἀλλ’ῆδη</span> <span class='ocrx_word' id='word_1_155' title='bbox 621 920 668 946; x_wconf 79' lang='grc' dir='ltr'>καὶ</span> <span class='ocrx_word' id='word_1_156' title='bbox 688 921 736 947; x_wconf 66' lang='grc' dir='ltr'><strong>ἐπὶ</strong></span> <span class='ocrx_word' id='word_1_157' title='bbox 758 920 804 948; x_wconf 74' lang='grc' dir='ltr'><strong>τοῦ</strong></span> <span class='ocrx_word' id='word_1_158' title='bbox 828 922 929 957; x_wconf 73' lang='grc' dir='ltr'>παρόν-</span> 
     </span>
    </p>
   </div>
   <div class='ocr_carea' id='block_1_22' title="bbox 146 961 929 1002">
    <p class='ocr_par' dir='ltr' id='par_1_22' title="bbox 146 961 929 1002">
     <span class='ocr_line' id='line_1_22' title="bbox 146 961 929 1002; baseline 0.01 -15"><span class='ocrx_word' id='word_1_159' title='bbox 146 969 191 992; x_wconf 78' lang='grc' dir='ltr'><strong>τος</strong></span> <span class='ocrx_word' id='word_1_160' title='bbox 207 961 321 995; x_wconf 85' lang='grc' dir='ltr'>πάρεστι</span> <span class='ocrx_word' id='word_1_161' title='bbox 342 963 399 994; x_wconf 85' lang='grc' dir='ltr'>τοῖς</span> <span class='ocrx_word' id='word_1_162' title='bbox 421 963 510 997; x_wconf 80' lang='grc' dir='ltr'>ἁγίοις</span> <span class='ocrx_word' id='word_1_163' title='bbox 531 964 579 991; x_wconf 77' lang='grc' dir='ltr'>καὶ</span> <span class='ocrx_word' id='word_1_164' title='bbox 593 965 659 996; x_wconf 77' lang='grc' dir='ltr'>ζῶσι</span> <span class='ocrx_word' id='word_1_165' title='bbox 680 966 741 993; x_wconf 81' lang='grc' dir='ltr'>κατ’</span> <span class='ocrx_word' id='word_1_166' title='bbox 759 966 867 1002; x_wconf 76' lang='grc' dir='ltr'>ἑκείνην</span> <span class='ocrx_word' id='word_1_167' title='bbox 881 968 929 995; x_wconf 79' lang='grc' dir='ltr'>καὶ</span> 
     </span>
    </p>
   </div>
   <div class='ocr_carea' id='block_1_23' title="bbox 147 1006 929 1046">
    <p class='ocr_par' dir='ltr' id='par_1_23' title="bbox 147 1006 929 1046">
     <span class='ocr_line' id='line_1_23' title="bbox 147 1006 929 1046; baseline 0.01 -14"><span class='ocrx_word' id='word_1_168' title='bbox 147 1006 299 1041; x_wconf 65' lang='grc' dir='ltr'>ἐνεργοῦσι,</span> <span class='ocrx_word' id='word_1_169' title='bbox 324 1008 442 1043; x_wconf 75' lang='grc' dir='ltr'>φανερὸν</span> <span class='ocrx_word' id='word_1_170' title='bbox 463 1009 495 1036; x_wconf 74' lang='grc' dir='ltr'>ἑκ</span> <span class='ocrx_word' id='word_1_171' title='bbox 519 1009 574 1036; x_wconf 84' lang='grc' dir='ltr'><strong>τῶν</strong></span> <span class='ocrx_word' id='word_1_172' title='bbox 604 1010 767 1046; x_wconf 85' lang='grc' dir='ltr'>εἰρημένων.</span> <span class='ocrx_word' id='word_1_173' title='bbox 799 1011 881 1040; x_wconf 83' lang='grc' dir='ltr'>Ὅθεν</span> <span class='ocrx_word' id='word_1_174' title='bbox 900 1013 929 1040; x_wconf 62' lang='grc' dir='ltr'><strong>δὲ</strong></span> 
     </span>
    </p>
   </div>
   <div class='ocr_carea' id='block_1_24' title="bbox 146 1050 930 1090">
    <p class='ocr_par' dir='ltr' id='par_1_24' title="bbox 146 1050 930 1090">
     <span class='ocr_line' id='line_1_24' title="bbox 146 1050 930 1090; baseline 0.01 -13"><span class='ocrx_word' id='word_1_175' title='bbox 146 1050 221 1078; x_wconf 81' lang='grc' dir='ltr'>ιστιν</span> <span class='ocrx_word' id='word_1_176' title='bbox 252 1051 322 1079; x_wconf 78' lang='grc' dir='ltr'>οὕτω</span> <span class='ocrx_word' id='word_1_177' title='bbox 337 1052 418 1087; x_wconf 80' lang='grc' dir='ltr'>ζῆσαι</span> <span class='ocrx_word' id='word_1_178' title='bbox 443 1055 501 1086; x_wconf 78' lang='grc' dir='ltr'>καὶ,</span> <span class='ocrx_word' id='word_1_179' title='bbox 520 1055 534 1081; x_wconf 84' lang='grc' dir='ltr'><strong>ὃ</strong></span> <span class='ocrx_word' id='word_1_180' title='bbox 554 1064 621 1090; x_wconf 83' lang='grc' dir='ltr'>φησι</span> <span class='ocrx_word' id='word_1_181' title='bbox 646 1055 763 1090; x_wconf 78' lang='grc' dir='ltr'><strong>Παῦλος,</strong></span> <span class='ocrx_word' id='word_1_182' title='bbox 786 1058 816 1084; x_wconf 76' lang='grc' dir='ltr'>ὲν</span> <span class='ocrx_word' id='word_1_183' title='bbox 839 1060 930 1086; x_wconf 88' lang='grc' dir='ltr'>καινό-</span> 
     </span>
    </p>
   </div>
   <div class='ocr_carea' id='block_1_25' title="bbox 146 1097 930 1137">
    <p class='ocr_par' dir='ltr' id='par_1_25' title="bbox 146 1097 930 1137">
     <span class='ocr_line' id='line_1_25' title="bbox 146 1097 930 1137; baseline 0.01 -14"><span class='ocrx_word' id='word_1_184' title='bbox 146 1104 209 1131; x_wconf 75' lang='grc' dir='ltr'>τητι</span> <span class='ocrx_word' id='word_1_185' title='bbox 240 1097 312 1132; x_wconf 78' lang='grc' dir='ltr'>ζωῆς</span> <span class='ocrx_word' id='word_1_186' title='bbox 336 1100 533 1135; x_wconf 84' lang='grc' dir='ltr'>περιπατῆσαι,</span> <span class='ocrx_word' id='word_1_187' title='bbox 561 1100 632 1135; x_wconf 81' lang='grc' dir='ltr'>λέγω</span> <span class='ocrx_word' id='word_1_188' title='bbox 662 1101 694 1137; x_wconf 85' lang='grc' dir='ltr'><strong>δὴ</strong></span> <span class='ocrx_word' id='word_1_189' title='bbox 715 1101 742 1128; x_wconf 80' lang='grc' dir='ltr'><strong>τί</strong></span> <span class='ocrx_word' id='word_1_190' title='bbox 774 1102 895 1131; x_wconf 80' lang='grc' dir='ltr'>ποιοῦσιν</span> <span class='ocrx_word' id='word_1_191' title='bbox 916 1105 930 1131; x_wconf 80' lang='grc' dir='ltr'><strong>ὁ</strong></span> 
     </span>
    </p>
   </div>
   <div class='ocr_carea' id='block_1_26' title="bbox 146 1143 931 1182">
    <p class='ocr_par' dir='ltr' id='par_1_26' title="bbox 146 1143 931 1182">
     <span class='ocr_line' id='line_1_26' title="bbox 146 1143 931 1182; baseline 0.008 -12"><span class='ocrx_word' id='word_1_192' title='bbox 146 1143 264 1178; x_wconf 79' lang='grc' dir='ltr'>Χριστὸς</span> <span class='ocrx_word' id='word_1_193' title='bbox 279 1144 351 1172; x_wconf 77' lang='grc' dir='ltr'>οὕτω</span> <span class='ocrx_word' id='word_1_194' title='bbox 369 1145 533 1173; x_wconf 78' lang='grc' dir='ltr'>συνάπτεται</span> <span class='ocrx_word' id='word_1_195' title='bbox 555 1146 603 1174; x_wconf 80' lang='grc' dir='ltr'>καὶ</span> <span class='ocrx_word' id='word_1_196' title='bbox 621 1147 801 1182; x_wconf 76' lang='grc' dir='ltr'>προσφύεται,</span> <span class='ocrx_word' id='word_1_197' title='bbox 818 1149 864 1176; x_wconf 78' lang='grc' dir='ltr'>καὶ</span> <span class='ocrx_word' id='word_1_198' title='bbox 880 1149 931 1177; x_wconf 74' lang='grc' dir='ltr'>οὐκ</span> 
     </span>
    </p>
   </div>
   <div class='ocr_carea' id='block_1_27' title="bbox 146 1187 830 1228">
    <p class='ocr_par' dir='ltr' id='par_1_27' title="bbox 146 1187 830 1228">
     <span class='ocr_line' id='line_1_27' title="bbox 146 1187 830 1228; baseline 0.007 -12"><span class='ocrx_word' id='word_1_199' title='bbox 146 1187 194 1216; x_wconf 81' lang='grc' dir='ltr'><strong>οἶδ’</strong></span> <span class='ocrx_word' id='word_1_200' title='bbox 208 1191 222 1217; x_wconf 84' lang='grc' dir='ltr'><strong><em>ὃ</em></strong></span> <span class='ocrx_word' id='word_1_201' title='bbox 236 1199 262 1217; x_wconf 92' lang='grc' dir='ltr'><strong>τι</strong></span> <span class='ocrx_word' id='word_1_202' title='bbox 283 1191 329 1218; x_wconf 81' lang='grc' dir='ltr'>καὶ</span> <span class='ocrx_word' id='word_1_203' title='bbox 341 1191 394 1226; x_wconf 80' lang='grc' dir='ltr'>χρὴ</span> <span class='ocrx_word' id='word_1_204' title='bbox 409 1193 514 1225; x_wconf 83' lang='grc' dir='ltr'>καλεῖν,</span> <span class='ocrx_word' id='word_1_205' title='bbox 531 1192 596 1227; x_wconf 79' lang='grc' dir='ltr'>ἑξῆς</span> <span class='ocrx_word' id='word_1_206' title='bbox 613 1192 646 1219; x_wconf 77' lang='grc' dir='ltr'>ἂν</span> <span class='ocrx_word' id='word_1_207' title='bbox 663 1192 705 1227; x_wconf 84' lang='grc' dir='ltr'><strong>είη</strong></span> <span class='ocrx_word' id='word_1_208' title='bbox 726 1193 830 1228; x_wconf 79' lang='grc' dir='ltr'><strong>ῥητέον.</strong></span> 
     </span>
    </p>
   </div>
   <div class='ocr_carea' id='block_1_28' title="bbox 185 1236 930 1275">
    <p class='ocr_par' dir='ltr' id='par_1_28' title="bbox 185 1236 930 1275">
     <span class='ocr_line' id='line_1_28' title="bbox 185 1236 930 1275; baseline 0.007 -13"><span class='ocrx_word' id='word_1_209' title='bbox 185 1236 262 1263; x_wconf 86' lang='grc' dir='ltr'>Ἔστι</span> <span class='ocrx_word' id='word_1_210' title='bbox 286 1237 375 1263; x_wconf 82' lang='grc' dir='ltr'>τοίνυν</span> <span class='ocrx_word' id='word_1_211' title='bbox 401 1237 430 1264; x_wconf 80' lang='grc' dir='ltr'><strong>τὸ</strong></span> <span class='ocrx_word' id='word_1_212' title='bbox 458 1237 510 1273; x_wconf 83' lang='grc' dir='ltr'>μὲν</span> <span class='ocrx_word' id='word_1_213' title='bbox 531 1238 637 1271; x_wconf 79' lang='grc' dir='ltr'>θεόθεν,</span> <span class='ocrx_word' id='word_1_214' title='bbox 653 1238 683 1265; x_wconf 75' lang='grc' dir='ltr'>τὸ</span> <span class='ocrx_word' id='word_1_215' title='bbox 699 1238 727 1266; x_wconf 84' lang='grc' dir='ltr'><strong>δὲ</strong></span> <span class='ocrx_word' id='word_1_216' title='bbox 749 1239 798 1274; x_wconf 85' lang='grc' dir='ltr'><strong>τῆς</strong></span> <span class='ocrx_word' id='word_1_217' title='bbox 826 1240 930 1275; x_wconf 79' lang='grc' dir='ltr'>ἡμετέ-</span> 
     </span>
    </p>
   </div>
   <div class='ocr_carea' id='block_1_29' title="bbox 149 1283 929 1322">
    <p class='ocr_par' dir='ltr' id='par_1_29' title="bbox 149 1283 929 1322">
     <span class='ocr_line' id='line_1_29' title="bbox 149 1283 929 1322; baseline 0.008 -14"><span class='ocrx_word' id='word_1_218' title='bbox 149 1291 199 1318; x_wconf 88' lang='grc' dir='ltr'><strong>ρας</strong></span> <span class='ocrx_word' id='word_1_219' title='bbox 220 1283 348 1319; x_wconf 79' lang='grc' dir='ltr'>σπουδῆς,</span> <span class='ocrx_word' id='word_1_220' title='bbox 370 1284 418 1311; x_wconf 78' lang='grc' dir='ltr'><strong>καί</strong></span> <span class='ocrx_word' id='word_1_221' title='bbox 439 1283 470 1311; x_wconf 72' lang='grc' dir='ltr'><strong>τὸ</strong></span> <span class='ocrx_word' id='word_1_222' title='bbox 489 1284 539 1318; x_wconf 86' lang='grc' dir='ltr'>μὲν</span> <span class='ocrx_word' id='word_1_223' title='bbox 553 1285 662 1312; x_wconf 70' lang='grc' dir='ltr'>ἐκείνου</span> <span class='ocrx_word' id='word_1_224' title='bbox 688 1284 816 1321; x_wconf 78' lang='grc' dir='ltr'>καθαρῶς</span> <span class='ocrx_word' id='word_1_225' title='bbox 838 1285 929 1322; x_wconf 72' lang='grc' dir='ltr'>ιργον,</span> 
     </span>
    </p>
   </div>
   <div class='ocr_carea' id='block_1_30' title="bbox 149 1328 931 1365">
    <p class='ocr_par' dir='ltr' id='par_1_30' title="bbox 149 1328 931 1365">
     <span class='ocr_line' id='line_1_30' title="bbox 149 1328 931 1365; baseline 0.005 -11"><span class='ocrx_word' id='word_1_226' title='bbox 149 1328 180 1354; x_wconf 82' lang='grc' dir='ltr'>τὸ</span> <span class='ocrx_word' id='word_1_227' title='bbox 196 1328 224 1354; x_wconf 64' lang='grc' dir='ltr'><strong>δὲ</strong></span> <span class='ocrx_word' id='word_1_228' title='bbox 245 1328 292 1355; x_wconf 76' lang='grc' dir='ltr'><strong>καὶ</strong></span> <span class='ocrx_word' id='word_1_229' title='bbox 307 1330 373 1363; x_wconf 85' lang='grc' dir='ltr'>ἡμίν</span> <span class='ocrx_word' id='word_1_230' title='bbox 389 1328 446 1364; x_wconf 71' lang='grc' dir='ltr'>ἔχει</span> <span class='ocrx_word' id='word_1_231' title='bbox 467 1329 623 1365; x_wconf 77' lang='grc' dir='ltr'>φιλοτιμίαν</span> <span class='ocrx_word' id='word_1_232' title='bbox 634 1337 641 1345; x_wconf 73' lang='grc' dir='ltr'><strong><em>ο</em></strong></span> <span class='ocrx_word' id='word_1_233' title='bbox 664 1330 764 1365; x_wconf 78' lang='grc' dir='ltr'>μᾶλλον</span> <span class='ocrx_word' id='word_1_234' title='bbox 790 1330 820 1357; x_wconf 76' lang='grc' dir='ltr'><strong>δὲ</strong></span> <span class='ocrx_word' id='word_1_235' title='bbox 836 1331 931 1358; x_wconf 83' lang='grc' dir='ltr'>τοσοῦ-</span> 
     </span>
    </p>
   </div>
   <div class='ocr_carea' id='block_1_31' title="bbox 148 1372 930 1411">
    <p class='ocr_par' dir='ltr' id='par_1_31' title="bbox 148 1372 930 1411">
     <span class='ocr_line' id='line_1_31' title="bbox 148 1372 930 1411; baseline 0.006 -13"><span class='ocrx_word' id='word_1_236' title='bbox 148 1380 196 1399; x_wconf 89' lang='grc' dir='ltr'><strong>τον</strong></span> <span class='ocrx_word' id='word_1_237' title='bbox 218 1372 283 1408; x_wconf 81' lang='grc' dir='ltr'>παρ’</span> <span class='ocrx_word' id='word_1_238' title='bbox 298 1374 377 1408; x_wconf 80' lang='grc' dir='ltr'>ἡμῶν</span> <span class='ocrx_word' id='word_1_239' title='bbox 402 1374 558 1409; x_wconf 75' lang='grc' dir='ltr'>εἰσφέρεται</span> <span class='ocrx_word' id='word_1_240' title='bbox 582 1374 674 1408; x_wconf 82' lang='grc' dir='ltr'>μόνον,</span> <span class='ocrx_word' id='word_1_241' title='bbox 696 1374 758 1402; x_wconf 79' lang='grc' dir='ltr'>ὅσον</span> <span class='ocrx_word' id='word_1_242' title='bbox 785 1375 930 1411; x_wconf 79' lang='grc' dir='ltr'>ὑπομεῖναι</span> 
     </span>
    </p>
   </div>
   <div class='ocr_carea' id='block_1_32' title="bbox 149 1417 932 1457">
    <p class='ocr_par' dir='ltr' id='par_1_32' title="bbox 149 1417 932 1457">
     <span class='ocr_line' id='line_1_32' title="bbox 149 1417 932 1457; baseline 0.006 -13"><span class='ocrx_word' id='word_1_243' title='bbox 149 1417 199 1452; x_wconf 82' lang='grc' dir='ltr'>τὴν</span> <span class='ocrx_word' id='word_1_244' title='bbox 218 1419 298 1454; x_wconf 86' lang='grc' dir='ltr'>χάριν</span> <span class='ocrx_word' id='word_1_245' title='bbox 311 1419 359 1446; x_wconf 74' lang='grc' dir='ltr'>καὶ</span> <span class='ocrx_word' id='word_1_246' title='bbox 392 1419 429 1454; x_wconf 84' lang='grc' dir='ltr'>μὴ</span> <span class='ocrx_word' id='word_1_247' title='bbox 463 1419 610 1454; x_wconf 79' lang='grc' dir='ltr'>προδοῦναι</span> <span class='ocrx_word' id='word_1_248' title='bbox 630 1420 676 1447; x_wconf 80' lang='grc' dir='ltr'>τὸν</span> <span class='ocrx_word' id='word_1_249' title='bbox 693 1420 840 1456; x_wconf 76' lang='grc' dir='ltr'>θησαυρὸν,</span> <span class='ocrx_word' id='word_1_250' title='bbox 864 1421 932 1457; x_wconf 64' lang='grc' dir='ltr'>μηδὲ</span> 
     </span>
    </p>
   </div>
   <div class='ocr_carea' id='block_1_33' title="bbox 151 1464 932 1503">
    <p class='ocr_par' dir='ltr' id='par_1_33' title="bbox 151 1464 932 1503">
     <span class='ocr_line' id='line_1_33' title="bbox 151 1464 932 1503; baseline 0.005 -13"><span class='ocrx_word' id='word_1_251' title='bbox 151 1465 247 1491; x_wconf 77' lang='grc' dir='ltr'>σϐέσαι</span> <span class='ocrx_word' id='word_1_252' title='bbox 261 1464 310 1500; x_wconf 82' lang='grc' dir='ltr'><strong>τὴν</strong></span> <span class='ocrx_word' id='word_1_253' title='bbox 322 1465 450 1500; x_wconf 76' lang='grc' dir='ltr'>λαμπάδα</span> <span class='ocrx_word' id='word_1_254' title='bbox 465 1465 591 1501; x_wconf 66' lang='grc' dir='ltr'>ἡμμένην</span> <span class='ocrx_word' id='word_1_255' title='bbox 612 1465 673 1502; x_wconf 78' lang='grc' dir='ltr'>ήδη.</span> <span class='ocrx_word' id='word_1_256' title='bbox 684 1466 763 1500; x_wconf 83' lang='grc' dir='ltr'>Λέγω</span> <span class='ocrx_word' id='word_1_257' title='bbox 789 1466 821 1502; x_wconf 76' lang='grc' dir='ltr'><strong>δὴ</strong></span> <span class='ocrx_word' id='word_1_258' title='bbox 849 1467 932 1503; x_wconf 77' lang='grc' dir='ltr'>μηδὲν</span> 
     </span>
    </p>
   </div>
   <div class='ocr_carea' id='block_1_34' title="bbox 977 227 1763 264">
    <p class='ocr_par' dir='ltr' id='par_1_34' title="bbox 977 227 1763 264">
     <span class='ocr_line' id='line_1_34' title="bbox 977 227 1763 264; baseline 0.001 -9"><span class='ocrx_word' id='word_1_259' title='bbox 977 227 1022 255; x_wconf 86' lang='lat' dir='ltr'><strong>hic</strong></span> <span class='ocrx_word' id='word_1_260' title='bbox 1047 227 1209 264; x_wconf 72' lang='lat' dir='ltr'><strong>cupiditates</strong></span> <span class='ocrx_word' id='word_1_261' title='bbox 1232 227 1467 262; x_wconf 76' lang='lat' dir='ltr'><strong>debellaverimus,</strong></span> <span class='ocrx_word' id='word_1_262' title='bbox 1496 228 1556 263; x_wconf 83' lang='lat' dir='ltr'><strong>ipse</strong></span> <span class='ocrx_word' id='word_1_263' title='bbox 1583 235 1631 257; x_wconf 87' lang='lat' dir='ltr'><strong>cas</strong></span> <span class='ocrx_word' id='word_1_264' title='bbox 1655 233 1763 256; x_wconf 80' lang='lat' dir='ltr'><strong>coercet</strong></span> 
     </span>
    </p>
   </div>
   <div class='ocr_carea' id='block_1_35' title="bbox 976 269 1758 307">
    <p class='ocr_par' dir='ltr' id='par_1_35' title="bbox 976 269 1758 307">
     <span class='ocr_line' id='line_1_35' title="bbox 976 269 1758 307; baseline -0.001 -6"><span class='ocrx_word' id='word_1_265' title='bbox 976 280 1008 301; x_wconf 84' lang='lat' dir='ltr'><strong>ac</strong></span> <span class='ocrx_word' id='word_1_266' title='bbox 1018 273 1104 301; x_wconf 64' lang='lat' dir='ltr'><strong>sedat.</strong></span> <span class='ocrx_word' id='word_1_267' title='bbox 1119 273 1151 301; x_wconf 89' lang='lat' dir='ltr'><strong>Et</strong></span> <span class='ocrx_word' id='word_1_268' title='bbox 1163 281 1210 301; x_wconf 85' lang='lat' dir='ltr'><strong>seu</strong></span> <span class='ocrx_word' id='word_1_269' title='bbox 1227 273 1289 301; x_wconf 83' lang='lat' dir='ltr'><strong>illuc</strong></span> <span class='ocrx_word' id='word_1_270' title='bbox 1299 269 1358 306; x_wconf 86' lang='lat' dir='ltr'><strong>&#39;eas,</strong></span> <span class='ocrx_word' id='word_1_271' title='bbox 1370 281 1419 301; x_wconf 81' lang='lat' dir='ltr'><strong>seu</strong></span> <span class='ocrx_word' id='word_1_272' title='bbox 1428 273 1493 307; x_wconf 85' lang='lat' dir='ltr'><strong>alio,</strong></span> <span class='ocrx_word' id='word_1_273' title='bbox 1504 274 1586 302; x_wconf 88' lang='lat' dir='ltr'><strong>etiam</strong></span> <span class='ocrx_word' id='word_1_274' title='bbox 1597 274 1677 301; x_wconf 85' lang='lat' dir='ltr'><strong>aliam</strong></span> <span class='ocrx_word' id='word_1_275' title='bbox 1687 274 1758 301; x_wconf 85' lang='lat' dir='ltr'><strong>viam</strong></span> 
     </span>
    </p>
   </div>
   <div class='ocr_carea' id='block_1_36' title="bbox 976 319 1761 355">
    <p class='ocr_par' dir='ltr' id='par_1_36' title="bbox 976 319 1761 355">
     <span class='ocr_line' id='line_1_36' title="bbox 976 319 1761 355; baseline 0 -8"><span class='ocrx_word' id='word_1_276' title='bbox 976 323 1101 354; x_wconf 86' lang='lat' dir='ltr'><strong>occupat,</strong></span> <span class='ocrx_word' id='word_1_277' title='bbox 1132 323 1359 355; x_wconf 84' lang='lat' dir='ltr'><strong>transeuntesque</strong></span> <span class='ocrx_word' id='word_1_278' title='bbox 1370 327 1452 347; x_wconf 87' lang='lat' dir='ltr'><strong>manu</strong></span> <span class='ocrx_word' id='word_1_279' title='bbox 1466 320 1670 355; x_wconf 82' lang='lat' dir='ltr'><strong>comprehendit</strong></span> <span class='ocrx_word' id='word_1_280' title='bbox 1684 327 1691 346; x_wconf 90' lang='lat'><strong>:</strong></span> <span class='ocrx_word' id='word_1_281' title='bbox 1706 330 1717 346; x_wconf 70' lang='grc' dir='ltr'><strong>ι</strong></span> <span class='ocrx_word' id='word_1_282' title='bbox 1732 319 1761 347; x_wconf 87' lang='lat' dir='ltr'><strong>Si</strong></span> 
     </span>
    </p>
   </div>
   <div class='ocr_carea' id='block_1_37' title="bbox 976 363 1761 400">
    <p class='ocr_par' dir='ltr' id='par_1_37' title="bbox 976 363 1761 400">
     <span class='ocr_line' id='line_1_37' title="bbox 976 363 1761 400; baseline 0 -9"><span class='ocrx_word' id='word_1_283' title='bbox 976 364 1127 393; x_wconf 81' lang='lat' dir='ltr'><strong>ascendere</strong></span> <span class='ocrx_word' id='word_1_284' title='bbox 1139 363 1167 391; x_wconf 90' lang='lat' dir='ltr'><strong>in</strong></span> <span class='ocrx_word' id='word_1_285' title='bbox 1182 365 1292 398; x_wconf 75' lang='lat' dir='ltr'><strong>coelum,</strong></span> <span class='ocrx_word' id='word_1_286' title='bbox 1308 364 1408 400; x_wconf 89' lang='lat' dir='ltr'><strong>inquit,</strong></span> <span class='ocrx_word' id='word_1_287' title='bbox 1423 368 1451 392; x_wconf 91' lang='lat' dir='ltr'><strong>tu</strong></span> <span class='ocrx_word' id='word_1_288' title='bbox 1465 364 1521 392; x_wconf 85' lang='lat' dir='ltr'><strong>illic</strong></span> <span class='ocrx_word' id='word_1_289' title='bbox 1538 371 1584 397; x_wconf 84' lang='lat' dir='ltr'><strong>es;</strong></span> <span class='ocrx_word' id='word_1_290' title='bbox 1601 363 1624 392; x_wconf 87' lang='lat' dir='ltr'><strong>si</strong></span> <span class='ocrx_word' id='word_1_291' title='bbox 1645 364 1761 392; x_wconf 86' lang='lat' dir='ltr'><strong>descen-</strong></span> 
     </span>
    </p>
   </div>
   <div class='ocr_carea' id='block_1_38' title="bbox 976 409 1762 445">
    <p class='ocr_par' dir='ltr' id='par_1_38' title="bbox 976 409 1762 445">
     <span class='ocr_line' id='line_1_38' title="bbox 976 409 1762 445; baseline -0.001 -7"><span class='ocrx_word' id='word_1_292' title='bbox 976 410 1042 439; x_wconf 89' lang='lat' dir='ltr'><strong>dero</strong></span> <span class='ocrx_word' id='word_1_293' title='bbox 1060 410 1087 438; x_wconf 90' lang='lat' dir='ltr'><strong>in</strong></span> <span class='ocrx_word' id='word_1_294' title='bbox 1102 410 1249 442; x_wconf 81' lang='lat' dir='ltr'><strong>infernum.</strong></span> <span class='ocrx_word' id='word_1_295' title='bbox 1273 410 1349 438; x_wconf 85' lang='lat' dir='ltr'><strong>ades.</strong></span> <span class='ocrx_word' id='word_1_296' title='bbox 1365 409 1393 438; x_wconf 89' lang='lat' dir='ltr'><strong>Si</strong></span> <span class='ocrx_word' id='word_1_297' title='bbox 1409 417 1553 445; x_wconf 85' lang='lat' dir='ltr'><strong>sumpsero</strong></span> <span class='ocrx_word' id='word_1_298' title='bbox 1568 417 1671 445; x_wconf 89' lang='lat' dir='ltr'><strong>pennas</strong></span> <span class='ocrx_word' id='word_1_299' title='bbox 1686 417 1762 437; x_wconf 87' lang='lat' dir='ltr'><strong>meas</strong></span> 
     </span>
    </p>
   </div>
   <div class='ocr_carea' id='block_1_39' title="bbox 977 455 1760 490">
    <p class='ocr_par' dir='ltr' id='par_1_39' title="bbox 977 455 1760 490">
     <span class='ocr_line' id='line_1_39' title="bbox 977 455 1760 490; baseline -0.001 -7"><span class='ocrx_word' id='word_1_300' title='bbox 977 456 1097 490; x_wconf 88' lang='lat' dir='ltr'><strong>diliculo,</strong></span> <span class='ocrx_word' id='word_1_301' title='bbox 1113 461 1140 484; x_wconf 89' lang='lat' dir='ltr'><strong>et</strong></span> <span class='ocrx_word' id='word_1_302' title='bbox 1155 455 1316 484; x_wconf 79' lang='lat' dir='ltr'><strong>habitavero</strong></span> <span class='ocrx_word' id='word_1_303' title='bbox 1348 456 1376 483; x_wconf 83' lang='lat' dir='ltr'><strong>in</strong></span> <span class='ocrx_word' id='word_1_304' title='bbox 1392 456 1523 484; x_wconf 84' lang='lat' dir='ltr'><strong>extremis</strong></span> <span class='ocrx_word' id='word_1_305' title='bbox 1538 456 1638 489; x_wconf 82' lang='lat' dir='ltr'><strong>maris;</strong></span> <span class='ocrx_word' id='word_1_306' title='bbox 1659 456 1760 483; x_wconf 78' lang='lat' dir='ltr'><strong>etenim</strong></span> 
     </span>
    </p>
   </div>
   <div class='ocr_carea' id='block_1_40' title="bbox 976 500 1761 534">
    <p class='ocr_par' dir='ltr' id='par_1_40' title="bbox 976 500 1761 534">
     <span class='ocr_line' id='line_1_40' title="bbox 976 500 1761 534; baseline -0.003 -4"><span class='ocrx_word' id='word_1_307' title='bbox 976 502 1042 531; x_wconf 89' lang='lat' dir='ltr'><strong>illuc</strong></span> <span class='ocrx_word' id='word_1_308' title='bbox 1060 509 1159 530; x_wconf 84' lang='lat' dir='ltr'><strong>manus</strong></span> <span class='ocrx_word' id='word_1_309' title='bbox 1174 506 1218 529; x_wconf 83' lang='lat' dir='ltr'><strong>tua</strong></span> <span class='ocrx_word' id='word_1_310' title='bbox 1235 502 1351 530; x_wconf 76' lang='lat' dir='ltr'><strong>deducet</strong></span> <span class='ocrx_word' id='word_1_311' title='bbox 1364 509 1419 534; x_wconf 84' lang='lat' dir='ltr'><strong>me,</strong></span> <span class='ocrx_word' id='word_1_312' title='bbox 1435 507 1463 529; x_wconf 90' lang='lat' dir='ltr'><strong>et</strong></span> <span class='ocrx_word' id='word_1_313' title='bbox 1480 501 1581 529; x_wconf 87' lang='lat' dir='ltr'><strong>tenebit</strong></span> <span class='ocrx_word' id='word_1_314' title='bbox 1594 509 1640 529; x_wconf 89' lang='lat' dir='ltr'><strong>me</strong></span> <span class='ocrx_word' id='word_1_315' title='bbox 1651 500 1761 531; x_wconf 86' lang='lat' dir='ltr'><strong>dextera</strong></span> 
     </span>
    </p>
   </div>
   <div class='ocr_carea' id='block_1_41' title="bbox 977 547 1759 583">
    <p class='ocr_par' dir='ltr' id='par_1_41' title="bbox 977 547 1759 583">
     <span class='ocr_line' id='line_1_41' title="bbox 977 547 1759 583; baseline -0.004 -7"><span class='ocrx_word' id='word_1_316' title='bbox 977 552 1024 576; x_wconf 87' lang='lat' dir='ltr'><strong>tua</strong></span> <span class='ocrx_word' id='word_1_317' title='bbox 1039 548 1073 579; x_wconf 84' lang='lat'><strong>&quot;.</strong></span> <span class='ocrx_word' id='word_1_318' title='bbox 1093 557 1104 575; x_wconf 77' lang='grc' dir='ltr'><strong>ι</strong></span> <span class='ocrx_word' id='word_1_319' title='bbox 1118 552 1211 576; x_wconf 88' lang='lat' dir='ltr'><strong>coactu</strong></span> <span class='ocrx_word' id='word_1_320' title='bbox 1223 547 1343 583; x_wconf 89' lang='lat' dir='ltr'><strong>quodam</strong></span> <span class='ocrx_word' id='word_1_321' title='bbox 1363 547 1522 575; x_wconf 84' lang='lat' dir='ltr'><strong>admirando</strong></span> <span class='ocrx_word' id='word_1_322' title='bbox 1536 550 1563 575; x_wconf 88' lang='lat' dir='ltr'><strong>et</strong></span> <span class='ocrx_word' id='word_1_323' title='bbox 1575 548 1650 574; x_wconf 93' lang='lat' dir='ltr'><strong>suavi</strong></span> <span class='ocrx_word' id='word_1_324' title='bbox 1667 552 1759 581; x_wconf 79' lang='lat' dir='ltr'><strong>tyran-</strong></span> 
     </span>
    </p>
   </div>
   <div class='ocr_carea' id='block_1_42' title="bbox 978 592 1761 628">
    <p class='ocr_par' dir='ltr' id='par_1_42' title="bbox 978 592 1761 628">
     <span class='ocr_line' id='line_1_42' title="bbox 978 592 1761 628; baseline -0.003 -6"><span class='ocrx_word' id='word_1_325' title='bbox 978 594 1042 622; x_wconf 86' lang='lat' dir='ltr'><strong>nide</strong></span> <span class='ocrx_word' id='word_1_326' title='bbox 1058 593 1091 622; x_wconf 84' lang='lat' dir='ltr'><strong>ad</strong></span> <span class='ocrx_word' id='word_1_327' title='bbox 1109 601 1141 622; x_wconf 79' lang='lat' dir='ltr'><strong>se</strong></span> <span class='ocrx_word' id='word_1_328' title='bbox 1155 593 1244 622; x_wconf 86' lang='lat' dir='ltr'><strong>solum</strong></span> <span class='ocrx_word' id='word_1_329' title='bbox 1259 600 1310 621; x_wconf 87' lang='lat' dir='ltr'><strong>nos</strong></span> <span class='ocrx_word' id='word_1_330' title='bbox 1323 593 1446 626; x_wconf 80' lang='lat' dir='ltr'><strong>trahens,</strong></span> <span class='ocrx_word' id='word_1_331' title='bbox 1465 593 1573 628; x_wconf 81' lang='lat' dir='ltr'><strong>sibique</strong></span> <span class='ocrx_word' id='word_1_332' title='bbox 1589 592 1720 628; x_wconf 72' lang='lat' dir='ltr'><strong>copuiana</strong></span> <span class='ocrx_word' id='word_1_333' title='bbox 1734 597 1761 620; x_wconf 88' lang='lat' dir='ltr'><strong>et</strong></span> 
     </span>
    </p>
   </div>
   <div class='ocr_carea' id='block_1_43' title="bbox 978 639 1763 676">
    <p class='ocr_par' dir='ltr' id='par_1_43' title="bbox 978 639 1763 676">
     <span class='ocr_line' id='line_1_43' title="bbox 978 639 1763 676; baseline -0.004 -7"><span class='ocrx_word' id='word_1_334' title='bbox 978 642 1140 676; x_wconf 86' lang='lat' dir='ltr'><strong>astringens.</strong></span> <span class='ocrx_word' id='word_1_335' title='bbox 1159 640 1247 675; x_wconf 83' lang='lat' dir='ltr'><strong>Atque</strong></span> <span class='ocrx_word' id='word_1_336' title='bbox 1255 640 1326 668; x_wconf 87' lang='lat' dir='ltr'><strong>hanc</strong></span> <span class='ocrx_word' id='word_1_337' title='bbox 1337 640 1409 668; x_wconf 83' lang='lat' dir='ltr'><strong>illam</strong></span> <span class='ocrx_word' id='word_1_338' title='bbox 1424 647 1484 668; x_wconf 87' lang='lat' dir='ltr'><strong>esse</strong></span> <span class='ocrx_word' id='word_1_339' title='bbox 1501 640 1554 667; x_wconf 85' lang='lat' dir='ltr'><strong>vim</strong></span> <span class='ocrx_word' id='word_1_340' title='bbox 1567 643 1594 667; x_wconf 84' lang='lat' dir='ltr'><strong>ct</strong></span> <span class='ocrx_word' id='word_1_341' title='bbox 1613 639 1763 667; x_wconf 83' lang='lat' dir='ltr'><strong>necessita-</strong></span> 
     </span>
    </p>
   </div>
   <div class='ocr_carea' id='block_1_44' title="bbox 978 685 1762 722">
    <p class='ocr_par' dir='ltr' id='par_1_44' title="bbox 978 685 1762 722">
     <span class='ocr_line' id='line_1_44' title="bbox 978 685 1762 722; baseline -0.005 -7"><span class='ocrx_word' id='word_1_342' title='bbox 978 691 1032 715; x_wconf 94' lang='lat' dir='ltr'><strong>tem</strong></span> <span class='ocrx_word' id='word_1_343' title='bbox 1047 688 1154 722; x_wconf 85' lang='lat' dir='ltr'><strong>opinor,</strong></span> <span class='ocrx_word' id='word_1_344' title='bbox 1183 688 1277 722; x_wconf 87' lang='lat' dir='ltr'><strong>quain</strong></span> <span class='ocrx_word' id='word_1_345' title='bbox 1306 686 1417 714; x_wconf 91' lang='lat' dir='ltr'><strong>domum</strong></span> <span class='ocrx_word' id='word_1_346' title='bbox 1449 693 1527 713; x_wconf 83' lang='lat' dir='ltr'><strong>suam</strong></span> <span class='ocrx_word' id='word_1_347' title='bbox 1542 685 1576 713; x_wconf 89' lang='lat' dir='ltr'><strong>ad</strong></span> <span class='ocrx_word' id='word_1_348' title='bbox 1607 685 1762 713; x_wconf 81' lang='lat' dir='ltr'><strong>convivium</strong></span> 
     </span>
    </p>
   </div>
   <div class='ocr_carea' id='block_1_45' title="bbox 978 730 1727 768">
    <p class='ocr_par' dir='ltr' id='par_1_45' title="bbox 978 730 1727 768">
     <span class='ocr_line' id='line_1_45' title="bbox 978 730 1727 768; baseline -0.005 -7"><span class='ocrx_word' id='word_1_349' title='bbox 978 733 1206 768; x_wconf 58' lang='lat' dir='ltr'><strong>compulithuos</strong></span> <span class='ocrx_word' id='word_1_350' title='bbox 1226 732 1394 765; x_wconf 74' lang='lat' dir='ltr'><strong>convocavit,</strong></span> <span class='ocrx_word' id='word_1_351' title='bbox 1428 738 1490 759; x_wconf 86' lang='lat' dir='ltr'><strong>cum</strong></span> <span class='ocrx_word' id='word_1_352' title='bbox 1520 738 1600 759; x_wconf 84' lang='lat' dir='ltr'><strong>servo</strong></span> <span class='ocrx_word' id='word_1_353' title='bbox 1624 730 1727 758; x_wconf 83' lang='lat' dir='ltr'><strong>diceret</strong></span> 
     </span>
    </p>
   </div>
   <div class='ocr_carea' id='block_1_46' title="bbox 981 777 1717 815">
    <p class='ocr_par' dir='ltr' id='par_1_46' title="bbox 981 777 1717 815">
     <span class='ocr_line' id='line_1_46' title="bbox 981 777 1717 815; baseline -0.005 -8"><span class='ocrx_word' id='word_1_354' title='bbox 981 788 992 806; x_wconf 77' lang='grc' dir='ltr'><strong>ι</strong></span> <span class='ocrx_word' id='word_1_355' title='bbox 1005 779 1143 815; x_wconf 86' lang='lat' dir='ltr'><strong>Compelle</strong></span> <span class='ocrx_word' id='word_1_356' title='bbox 1155 779 1269 810; x_wconf 81' lang='lat' dir='ltr'><strong>intrare,</strong></span> <span class='ocrx_word' id='word_1_357' title='bbox 1285 783 1314 808; x_wconf 89' lang='lat' dir='ltr'><strong>ut</strong></span> <span class='ocrx_word' id='word_1_358' title='bbox 1329 778 1472 814; x_wconf 83' lang='lat' dir='ltr'><strong>impleatur</strong></span> <span class='ocrx_word' id='word_1_359' title='bbox 1484 777 1581 806; x_wconf 89' lang='lat' dir='ltr'><strong>domus</strong></span> <span class='ocrx_word' id='word_1_360' title='bbox 1596 784 1656 804; x_wconf 85' lang='lat' dir='ltr'><strong>mea</strong></span> <span class='ocrx_word' id='word_1_361' title='bbox 1667 777 1717 805; x_wconf 70' lang='lat' dir='ltr'><strong>“.i</strong></span> 
     </span>
    </p>
   </div>
   <div class='ocr_carea' id='block_1_47' title="bbox 940 847 1762 904">
    <p class='ocr_par' dir='ltr' id='par_1_47' title="bbox 940 847 1762 904">
     <span class='ocr_line' id='line_1_47' title="bbox 940 847 1762 904; baseline -0.004 -7"><span class='ocrx_word' id='word_1_362' title='bbox 940 847 966 878; x_wconf 67' lang='grc' dir='ltr'><strong>Β</strong></span> <span class='ocrx_word' id='word_1_363' title='bbox 1012 868 1101 897; x_wconf 80' lang='lat' dir='ltr'><strong>Vitam</strong></span> <span class='ocrx_word' id='word_1_364' title='bbox 1128 868 1212 904; x_wconf 84' lang='lat' dir='ltr'><strong>igitur</strong></span> <span class='ocrx_word' id='word_1_365' title='bbox 1238 868 1266 895; x_wconf 90' lang='lat' dir='ltr'><strong>in</strong></span> <span class='ocrx_word' id='word_1_366' title='bbox 1289 867 1397 896; x_wconf 80' lang='lat' dir='ltr'><strong>Christo</strong></span> <span class='ocrx_word' id='word_1_367' title='bbox 1411 875 1464 895; x_wconf 91' lang='lat' dir='ltr'><strong>non</strong></span> <span class='ocrx_word' id='word_1_368' title='bbox 1479 875 1506 895; x_wconf 88' lang='lat' dir='ltr'><strong>In</strong></span> <span class='ocrx_word' id='word_1_369' title='bbox 1519 872 1634 895; x_wconf 87' lang='lat' dir='ltr'><strong>venturo</strong></span> <span class='ocrx_word' id='word_1_370' title='bbox 1660 872 1762 895; x_wconf 85' lang='lat' dir='ltr'><strong>tantum</strong></span> 
     </span>
    </p>
   </div>
   <div class='ocr_carea' id='block_1_48' title="bbox 978 915 1763 951">
    <p class='ocr_par' dir='ltr' id='par_1_48' title="bbox 978 915 1763 951">
     <span class='ocr_line' id='line_1_48' title="bbox 978 915 1763 951; baseline -0.004 -6"><span class='ocrx_word' id='word_1_371' title='bbox 978 917 1079 945; x_wconf 51' lang='lat' dir='ltr'><strong>saeculo</strong></span> <span class='ocrx_word' id='word_1_372' title='bbox 1105 916 1271 948; x_wconf 76' lang='lat' dir='ltr'><strong>adfuturam,</strong></span> <span class='ocrx_word' id='word_1_373' title='bbox 1297 915 1345 944; x_wconf 79' lang='lat' dir='ltr'><strong>sed</strong></span> <span class='ocrx_word' id='word_1_374' title='bbox 1371 915 1399 942; x_wconf 90' lang='lat' dir='ltr'><strong>in</strong></span> <span class='ocrx_word' id='word_1_375' title='bbox 1428 915 1554 951; x_wconf 60' lang='lat' dir='ltr'><strong>praesenti</strong></span> <span class='ocrx_word' id='word_1_376' title='bbox 1571 915 1652 943; x_wconf 87' lang='lat' dir='ltr'><strong>etiam</strong></span> <span class='ocrx_word' id='word_1_377' title='bbox 1667 916 1763 943; x_wconf 83' lang='lat' dir='ltr'><strong>adesse</strong></span> 
     </span>
    </p>
   </div>
   <div class='ocr_carea' id='block_1_49' title="bbox 979 961 1764 996">
    <p class='ocr_par' dir='ltr' id='par_1_49' title="bbox 979 961 1764 996">
     <span class='ocr_line' id='line_1_49' title="bbox 979 961 1764 996; baseline -0.001 -6"><span class='ocrx_word' id='word_1_378' title='bbox 979 962 1093 996; x_wconf 79' lang='lat' dir='ltr'><strong>sanctis,</strong></span> <span class='ocrx_word' id='word_1_379' title='bbox 1107 966 1133 990; x_wconf 87' lang='lat' dir='ltr'><strong>et</strong></span> <span class='ocrx_word' id='word_1_380' title='bbox 1148 962 1297 990; x_wconf 85' lang='lat' dir='ltr'><strong>secundum</strong></span> <span class='ocrx_word' id='word_1_381' title='bbox 1326 961 1401 989; x_wconf 86' lang='lat' dir='ltr'><strong>illam</strong></span> <span class='ocrx_word' id='word_1_382' title='bbox 1421 968 1468 990; x_wconf 90' lang='lat' dir='ltr'><strong>eos</strong></span> <span class='ocrx_word' id='word_1_383' title='bbox 1481 961 1575 989; x_wconf 85' lang='lat' dir='ltr'><strong>vivere</strong></span> <span class='ocrx_word' id='word_1_384' title='bbox 1603 966 1685 996; x_wconf 85' lang='lat' dir='ltr'><strong>atque</strong></span> <span class='ocrx_word' id='word_1_385' title='bbox 1700 970 1764 996; x_wconf 83' lang='lat' dir='ltr'><strong>ope—</strong></span> 
     </span>
    </p>
   </div>
   <div class='ocr_carea' id='block_1_50' title="bbox 979 1007 1764 1042">
    <p class='ocr_par' dir='ltr' id='par_1_50' title="bbox 979 1007 1764 1042">
     <span class='ocr_line' id='line_1_50' title="bbox 979 1007 1764 1042; baseline -0.001 -7"><span class='ocrx_word' id='word_1_386' title='bbox 979 1008 1045 1040; x_wconf 87' lang='lat' dir='ltr'><strong>rari,</strong></span> <span class='ocrx_word' id='word_1_387' title='bbox 1068 1015 1102 1036; x_wconf 87' lang='lat' dir='ltr'><strong>ex</strong></span> <span class='ocrx_word' id='word_1_388' title='bbox 1119 1007 1162 1035; x_wconf 88' lang='lat' dir='ltr'><strong>his</strong></span> <span class='ocrx_word' id='word_1_389' title='bbox 1179 1015 1240 1042; x_wconf 84' lang='lat' dir='ltr'><strong>quae</strong></span> <span class='ocrx_word' id='word_1_390' title='bbox 1259 1007 1332 1035; x_wconf 81' lang='lat' dir='ltr'><strong>dicta</strong></span> <span class='ocrx_word' id='word_1_391' title='bbox 1350 1011 1414 1035; x_wconf 79' lang='lat' dir='ltr'><strong>sunt</strong></span> <span class='ocrx_word' id='word_1_392' title='bbox 1442 1007 1616 1042; x_wconf 83' lang='lat' dir='ltr'><strong>perspicuum</strong></span> <span class='ocrx_word' id='word_1_393' title='bbox 1628 1007 1666 1034; x_wconf 82' lang='lat' dir='ltr'><strong>iit.</strong></span> <span class='ocrx_word' id='word_1_394' title='bbox 1687 1007 1764 1035; x_wconf 82' lang='lat' dir='ltr'><strong>Unde</strong></span> 
     </span>
    </p>
   </div>
   <div class='ocr_carea' id='block_1_51' title="bbox 980 1053 1762 1089">
    <p class='ocr_par' dir='ltr' id='par_1_51' title="bbox 980 1053 1762 1089">
     <span class='ocr_line' id='line_1_51' title="bbox 980 1053 1762 1089; baseline 0 -8"><span class='ocrx_word' id='word_1_395' title='bbox 980 1059 1071 1081; x_wconf 90' lang='lat' dir='ltr'><strong>autem</strong></span> <span class='ocrx_word' id='word_1_396' title='bbox 1096 1054 1133 1081; x_wconf 90' lang='lat' dir='ltr'><strong>ita</strong></span> <span class='ocrx_word' id='word_1_397' title='bbox 1152 1054 1245 1081; x_wconf 79' lang='lat' dir='ltr'><strong>vivere</strong></span> <span class='ocrx_word' id='word_1_398' title='bbox 1260 1054 1351 1087; x_wconf 86' lang='lat' dir='ltr'><strong>liceat,</strong></span> <span class='ocrx_word' id='word_1_399' title='bbox 1368 1057 1397 1081; x_wconf 90' lang='lat' dir='ltr'><strong>et</strong></span> <span class='ocrx_word' id='word_1_400' title='bbox 1415 1053 1488 1089; x_wconf 86' lang='lat' dir='ltr'><strong>quod</strong></span> <span class='ocrx_word' id='word_1_401' title='bbox 1514 1053 1614 1082; x_wconf 83' lang='lat' dir='ltr'><strong>Paulus</strong></span> <span class='ocrx_word' id='word_1_402' title='bbox 1633 1054 1672 1081; x_wconf 88' lang='lat' dir='ltr'><strong>ait</strong></span> <span class='ocrx_word' id='word_1_403' title='bbox 1685 1054 1720 1087; x_wconf 83' lang='grc'><strong>¹¹,</strong></span> <span class='ocrx_word' id='word_1_404' title='bbox 1735 1053 1762 1081; x_wconf 87' lang='lat' dir='ltr'><strong>in</strong></span> 
     </span>
    </p>
   </div>
   <div class='ocr_carea' id='block_1_52' title="bbox 980 1099 1764 1135">
    <p class='ocr_par' dir='ltr' id='par_1_52' title="bbox 980 1099 1764 1135">
     <span class='ocr_line' id='line_1_52' title="bbox 980 1099 1764 1135; baseline 0 -8"><span class='ocrx_word' id='word_1_405' title='bbox 980 1099 1101 1127; x_wconf 86' lang='lat' dir='ltr'><strong>novitate</strong></span> <span class='ocrx_word' id='word_1_406' title='bbox 1127 1099 1188 1127; x_wconf 67' lang='lat' dir='ltr'><strong>vitae</strong></span> <span class='ocrx_word' id='word_1_407' title='bbox 1203 1099 1354 1133; x_wconf 86' lang='lat' dir='ltr'><strong>ambulare,</strong></span> <span class='ocrx_word' id='word_1_408' title='bbox 1370 1099 1447 1135; x_wconf 89' lang='lat' dir='ltr'><strong>quid,</strong></span> <span class='ocrx_word' id='word_1_409' title='bbox 1463 1099 1585 1134; x_wconf 86' lang='lat' dir='ltr'><strong>inquam,</strong></span> <span class='ocrx_word' id='word_1_410' title='bbox 1598 1099 1764 1127; x_wconf 81' lang='lat' dir='ltr'><strong>facientibus</strong></span> 
     </span>
    </p>
   </div>
   <div class='ocr_carea' id='block_1_53' title="bbox 980 1144 1764 1180">
    <p class='ocr_par' dir='ltr' id='par_1_53' title="bbox 980 1144 1764 1180">
     <span class='ocr_line' id='line_1_53' title="bbox 980 1144 1764 1180; baseline 0 -8"><span class='ocrx_word' id='word_1_411' title='bbox 980 1144 1107 1173; x_wconf 88' lang='lat' dir='ltr'><strong>Christus</strong></span> <span class='ocrx_word' id='word_1_412' title='bbox 1131 1145 1170 1173; x_wconf 82' lang='lat' dir='ltr'><strong>ita</strong></span> <span class='ocrx_word' id='word_1_413' title='bbox 1189 1145 1372 1180; x_wconf 75' lang='lat' dir='ltr'><strong>coniungatur</strong></span> <span class='ocrx_word' id='word_1_414' title='bbox 1399 1149 1426 1173; x_wconf 88' lang='lat' dir='ltr'><strong>et</strong></span> <span class='ocrx_word' id='word_1_415' title='bbox 1448 1145 1626 1178; x_wconf 79' lang='lat' dir='ltr'><strong>adha-rcseat,</strong></span> <span class='ocrx_word' id='word_1_416' title='bbox 1646 1149 1694 1173; x_wconf 84' lang='lat' dir='ltr'><strong>aut</strong></span> <span class='ocrx_word' id='word_1_417' title='bbox 1710 1152 1764 1180; x_wconf 89' lang='lat' dir='ltr'><strong>quo</strong></span> 
     </span>
    </p>
   </div>
   <div class='ocr_carea' id='block_1_54' title="bbox 980 1191 1728 1227">
    <p class='ocr_par' dir='ltr' id='par_1_54' title="bbox 980 1191 1728 1227">
     <span class='ocr_line' id='line_1_54' title="bbox 980 1191 1728 1227; baseline -0.001 -8"><span class='ocrx_word' id='word_1_418' title='bbox 980 1192 1090 1219; x_wconf 87' lang='lat' dir='ltr'><strong>nomine</strong></span> <span class='ocrx_word' id='word_1_419' title='bbox 1106 1199 1151 1220; x_wconf 85' lang='lat' dir='ltr'><strong>res</strong></span> <span class='ocrx_word' id='word_1_420' title='bbox 1167 1191 1326 1227; x_wconf 87' lang='lat' dir='ltr'><strong>appellanda</strong></span> <span class='ocrx_word' id='word_1_421' title='bbox 1340 1195 1394 1224; x_wconf 87' lang='lat' dir='ltr'><strong>est,</strong></span> <span class='ocrx_word' id='word_1_422' title='bbox 1410 1191 1538 1225; x_wconf 86' lang='lat' dir='ltr'><strong>deinceps</strong></span> <span class='ocrx_word' id='word_1_423' title='bbox 1549 1191 1728 1219; x_wconf 80' lang='lat' dir='ltr'><strong>disseremus.</strong></span> 
     </span>
    </p>
   </div>
   <div class='ocr_carea' id='block_1_55' title="bbox 1016 1236 1764 1273">
    <p class='ocr_par' dir='ltr' id='par_1_55' title="bbox 1016 1236 1764 1273">
     <span class='ocr_line' id='line_1_55' title="bbox 1016 1236 1764 1273; baseline 0 -8"><span class='ocrx_word' id='word_1_424' title='bbox 1016 1237 1212 1266; x_wconf 81' lang='lat' dir='ltr'><strong>Faciendorum</strong></span> <span class='ocrx_word' id='word_1_425' title='bbox 1239 1237 1330 1273; x_wconf 81' lang='lat' dir='ltr'><strong>itaque</strong></span> <span class='ocrx_word' id='word_1_426' title='bbox 1348 1237 1421 1265; x_wconf 80' lang='lat' dir='ltr'><strong>aliud</strong></span> <span class='ocrx_word' id='word_1_427' title='bbox 1442 1245 1458 1265; x_wconf 88' lang='lat' dir='ltr'><strong>a</strong></span> <span class='ocrx_word' id='word_1_428' title='bbox 1472 1236 1536 1270; x_wconf 89' lang='lat' dir='ltr'><strong>Deo,</strong></span> <span class='ocrx_word' id='word_1_429' title='bbox 1551 1237 1626 1264; x_wconf 86' lang='lat' dir='ltr'><strong>aliud</strong></span> <span class='ocrx_word' id='word_1_430' title='bbox 1640 1245 1655 1264; x_wconf 81' lang='lat' dir='ltr'><strong>a</strong></span> <span class='ocrx_word' id='word_1_431' title='bbox 1674 1237 1764 1265; x_wconf 89' lang='lat' dir='ltr'><strong>studio</strong></span> 
     </span>
    </p>
   </div>
   <div class='ocr_carea' id='block_1_56' title="bbox 980 1283 1764 1320">
    <p class='ocr_par' dir='ltr' id='par_1_56' title="bbox 980 1283 1764 1320">
     <span class='ocr_line' id='line_1_56' title="bbox 980 1283 1764 1320; baseline 0.001 -9"><span class='ocrx_word' id='word_1_432' title='bbox 980 1287 1008 1312; x_wconf 90' lang='lat' dir='ltr'><strong>et</strong></span> <span class='ocrx_word' id='word_1_433' title='bbox 1020 1283 1160 1320; x_wconf 74' lang='lat' dir='ltr'><strong>diligentia</strong></span> <span class='ocrx_word' id='word_1_434' title='bbox 1175 1288 1267 1312; x_wconf 89' lang='lat' dir='ltr'><strong>nostra</strong></span> <span class='ocrx_word' id='word_1_435' title='bbox 1281 1288 1374 1319; x_wconf 89' lang='lat' dir='ltr'><strong>aptum</strong></span> <span class='ocrx_word' id='word_1_436' title='bbox 1386 1287 1428 1311; x_wconf 83' lang='lat' dir='ltr'><strong>est</strong></span> <span class='ocrx_word' id='word_1_437' title='bbox 1441 1291 1448 1311; x_wconf 93' lang='lat'><strong>:</strong></span> <span class='ocrx_word' id='word_1_438' title='bbox 1460 1287 1487 1311; x_wconf 87' lang='lat' dir='ltr'><strong>et</strong></span> <span class='ocrx_word' id='word_1_439' title='bbox 1502 1283 1567 1311; x_wconf 91' lang='lat' dir='ltr'><strong>illud</strong></span> <span class='ocrx_word' id='word_1_440' title='bbox 1575 1283 1686 1319; x_wconf 86' lang='lat' dir='ltr'><strong>quidem</strong></span> <span class='ocrx_word' id='word_1_441' title='bbox 1695 1291 1764 1320; x_wconf 85' lang='lat' dir='ltr'><strong>opus</strong></span> 
     </span>
    </p>
   </div>
   <div class='ocr_carea' id='block_1_57' title="bbox 982 1329 1764 1365">
    <p class='ocr_par' dir='ltr' id='par_1_57' title="bbox 982 1329 1764 1365">
     <span class='ocr_line' id='line_1_57' title="bbox 982 1329 1764 1365; baseline 0 -8"><span class='ocrx_word' id='word_1_442' title='bbox 982 1329 1043 1365; x_wconf 84' lang='lat' dir='ltr'><strong>ejus</strong></span> <span class='ocrx_word' id='word_1_443' title='bbox 1055 1330 1140 1358; x_wconf 81' lang='lat' dir='ltr'><strong>solius</strong></span> <span class='ocrx_word' id='word_1_444' title='bbox 1152 1335 1205 1363; x_wconf 85' lang='lat' dir='ltr'><strong>est,</strong></span> <span class='ocrx_word' id='word_1_445' title='bbox 1225 1330 1275 1358; x_wconf 87' lang='lat' dir='ltr'><strong>hoc</strong></span> <span class='ocrx_word' id='word_1_446' title='bbox 1291 1334 1413 1358; x_wconf 84' lang='lat' dir='ltr'><strong>nostram</strong></span> <span class='ocrx_word' id='word_1_447' title='bbox 1437 1337 1547 1365; x_wconf 87' lang='lat' dir='ltr'><strong>quoque</strong></span> <span class='ocrx_word' id='word_1_448' title='bbox 1561 1330 1764 1358; x_wconf 86' lang='lat' dir='ltr'><strong>contentionem</strong></span> 
     </span>
    </p>
   </div>
   <div class='ocr_carea' id='block_1_58' title="bbox 982 1375 1766 1412">
    <p class='ocr_par' dir='ltr' id='par_1_58' title="bbox 982 1375 1766 1412">
     <span class='ocr_line' id='line_1_58' title="bbox 982 1375 1766 1412; baseline 0.001 -9"><span class='ocrx_word' id='word_1_449' title='bbox 982 1375 1130 1410; x_wconf 82' lang='lat' dir='ltr'><strong>desiderat,</strong></span> <span class='ocrx_word' id='word_1_450' title='bbox 1157 1376 1198 1403; x_wconf 80' lang='lat' dir='ltr'><strong>rei</strong></span> <span class='ocrx_word' id='word_1_451' title='bbox 1220 1377 1322 1411; x_wconf 79' lang='lat' dir='ltr'><strong>potius,</strong></span> <span class='ocrx_word' id='word_1_452' title='bbox 1351 1383 1365 1403; x_wconf 89' lang='lat' dir='ltr'><strong>a</strong></span> <span class='ocrx_word' id='word_1_453' title='bbox 1382 1376 1461 1404; x_wconf 83' lang='lat' dir='ltr'><strong>nobis</strong></span> <span class='ocrx_word' id='word_1_454' title='bbox 1486 1380 1592 1404; x_wconf 84' lang='lat' dir='ltr'><strong>tantum</strong></span> <span class='ocrx_word' id='word_1_455' title='bbox 1619 1381 1766 1412; x_wconf 62' lang='lat' dir='ltr'><strong>praestatur</strong></span> 
     </span>
    </p>
   </div>
   <div class='ocr_carea' id='block_1_59' title="bbox 960 1420 1764 1457">
    <p class='ocr_par' dir='ltr' id='par_1_59' title="bbox 960 1420 1764 1457">
     <span class='ocr_line' id='line_1_59' title="bbox 960 1420 1764 1457; baseline 0.004 -10"><span class='ocrx_word' id='word_1_456' title='bbox 960 1438 969 1442; x_wconf 44' lang='grc' dir='ltr'><em>Α</em></span> <span class='ocrx_word' id='word_1_457' title='bbox 982 1420 1126 1454; x_wconf 80' lang='lat' dir='ltr'><strong>duntaxat,</strong></span> <span class='ocrx_word' id='word_1_458' title='bbox 1143 1427 1274 1455; x_wconf 76' lang='lat' dir='ltr'><strong>quantum</strong></span> <span class='ocrx_word' id='word_1_459' title='bbox 1288 1422 1382 1457; x_wconf 63' lang='lat' dir='ltr'><strong>gratiae</strong></span> <span class='ocrx_word' id='word_1_460' title='bbox 1395 1421 1530 1455; x_wconf 88' lang='lat' dir='ltr'><strong>innititur,</strong></span> <span class='ocrx_word' id='word_1_461' title='bbox 1546 1428 1596 1450; x_wconf 89' lang='lat' dir='ltr'><strong>nec</strong></span> <span class='ocrx_word' id='word_1_462' title='bbox 1607 1423 1764 1450; x_wconf 86' lang='lat' dir='ltr'><strong>thesaurum</strong></span> 
     </span>
    </p>
   </div>
   <div class='ocr_carea' id='block_1_60' title="bbox 982 1467 1764 1503">
    <p class='ocr_par' dir='ltr' id='par_1_60' title="bbox 982 1467 1764 1503">
     <span class='ocr_line' id='line_1_60' title="bbox 982 1467 1764 1503; baseline 0.001 -9"><span class='ocrx_word' id='word_1_463' title='bbox 982 1467 1082 1502; x_wconf 85' lang='lat' dir='ltr'><strong>prodit,</strong></span> <span class='ocrx_word' id='word_1_464' title='bbox 1110 1474 1162 1495; x_wconf 90' lang='lat' dir='ltr'><strong>nec</strong></span> <span class='ocrx_word' id='word_1_465' title='bbox 1188 1467 1325 1495; x_wconf 76' lang='lat' dir='ltr'><strong>lucernam</strong></span> <span class='ocrx_word' id='word_1_466' title='bbox 1353 1468 1410 1503; x_wconf 80' lang='lat' dir='ltr'><strong>jam</strong></span> <span class='ocrx_word' id='word_1_467' title='bbox 1440 1475 1584 1496; x_wconf 81' lang='lat' dir='ltr'><strong>accensam</strong></span> <span class='ocrx_word' id='word_1_468' title='bbox 1598 1468 1764 1503; x_wconf 77' lang='lat' dir='ltr'><strong>exstinguit;</strong></span> 
     </span>
    </p>
   </div>
   <div class='ocr_carea' id='block_1_61' title="bbox 149 1512 932 1555">
    <p class='ocr_par' dir='ltr' id='par_1_61' title="bbox 149 1512 932 1549">
     <span class='ocr_line' id='line_1_61' title="bbox 149 1512 932 1549; baseline 0.003 -11"><span class='ocrx_word' id='word_1_469' title='bbox 149 1512 381 1546; x_wconf 76' lang='grc' dir='ltr'>ἑπεισαγαγόντας</span> <span class='ocrx_word' id='word_1_470' title='bbox 396 1512 516 1541; x_wconf 65' lang='grc' dir='ltr'>ἐναντίον</span> <span class='ocrx_word' id='word_1_471' title='bbox 535 1514 567 1548; x_wconf 76' lang='grc' dir='ltr'>τῇ</span> <span class='ocrx_word' id='word_1_472' title='bbox 583 1513 639 1549; x_wconf 81' lang='grc' dir='ltr'>ζωῇ</span> <span class='ocrx_word' id='word_1_473' title='bbox 653 1512 701 1540; x_wconf 80' lang='grc' dir='ltr'>καὶ</span> <span class='ocrx_word' id='word_1_474' title='bbox 714 1512 732 1541; x_wconf 79' lang='grc' dir='ltr'><strong>ἅ</strong></span> <span class='ocrx_word' id='word_1_475' title='bbox 752 1513 798 1540; x_wconf 79' lang='grc' dir='ltr'>τὸν</span> <span class='ocrx_word' id='word_1_476' title='bbox 821 1513 932 1540; x_wconf 84' lang='grc' dir='ltr'>θάνατον</span> 
     </span>
    </p>
   </div>
   <div class='ocr_carea' id='block_1_62' title="bbox 984 1512 1767 1555">
    <p class='ocr_par' dir='ltr' id='par_1_62' title="bbox 984 1512 1767 1548">
     <span class='ocr_line' id='line_1_62' title="bbox 984 1512 1767 1548; baseline 0.001 -9"><span class='ocrx_word' id='word_1_477' title='bbox 984 1519 1046 1540; x_wconf 91' lang='lat' dir='ltr'><strong>cum</strong></span> <span class='ocrx_word' id='word_1_478' title='bbox 1064 1512 1170 1540; x_wconf 86' lang='lat' dir='ltr'><strong>scilicet</strong></span> <span class='ocrx_word' id='word_1_479' title='bbox 1195 1512 1262 1540; x_wconf 89' lang='lat' dir='ltr'><strong>nihil</strong></span> <span class='ocrx_word' id='word_1_480' title='bbox 1276 1512 1525 1548; x_wconf 85' lang='lat' dir='ltr'><strong>superinducimus,</strong></span> <span class='ocrx_word' id='word_1_481' title='bbox 1541 1513 1615 1548; x_wconf 90' lang='lat' dir='ltr'><strong>quod</strong></span> <span class='ocrx_word' id='word_1_482' title='bbox 1635 1513 1697 1540; x_wconf 60' lang='lat' dir='ltr'><strong>vitae</strong></span> <span class='ocrx_word' id='word_1_483' title='bbox 1716 1513 1767 1540; x_wconf 82' lang='lat' dir='ltr'><strong>ad-</strong></span> 
     </span>
    </p>
   </div>
   <div class='ocr_carea' id='block_1_63' title="bbox 148 1559 932 1595">
    <p class='ocr_par' dir='ltr' id='par_1_63' title="bbox 148 1559 932 1595">
     <span class='ocr_line' id='line_1_63' title="bbox 148 1559 932 1595; baseline 0.003 -11"><span class='ocrx_word' id='word_1_484' title='bbox 148 1559 255 1586; x_wconf 69' lang='grc' dir='ltr'><strong>τίκτει⁸</strong></span> <span class='ocrx_word' id='word_1_485' title='bbox 270 1559 336 1594; x_wconf 82' lang='grc' dir='ltr'>πρὸς</span> <span class='ocrx_word' id='word_1_486' title='bbox 348 1559 428 1586; x_wconf 83' lang='grc' dir='ltr'>τοῦτο</span> <span class='ocrx_word' id='word_1_487' title='bbox 449 1560 502 1595; x_wconf 80' lang='grc' dir='ltr'><strong>γὰρ</strong></span> <span class='ocrx_word' id='word_1_488' title='bbox 518 1560 573 1587; x_wconf 85' lang='grc' dir='ltr'>πᾶν</span> <span class='ocrx_word' id='word_1_489' title='bbox 589 1559 756 1594; x_wconf 72' lang='grc' dir='ltr'>ἀνθρώπειον</span> <span class='ocrx_word' id='word_1_490' title='bbox 767 1559 868 1594; x_wconf 72' lang='grc' dir='ltr'>ἀγαθὸν</span> <span class='ocrx_word' id='word_1_491' title='bbox 884 1559 932 1586; x_wconf 81' lang='grc' dir='ltr'>καὶ</span> 
     </span>
    </p>
   </div>
   <div class='ocr_carea' id='block_1_64' title="bbox 149 1605 932 1642">
    <p class='ocr_par' dir='ltr' id='par_1_64' title="bbox 149 1605 932 1642">
     <span class='ocr_line' id='line_1_64' title="bbox 149 1605 932 1642; baseline 0.001 -12"><span class='ocrx_word' id='word_1_492' title='bbox 149 1606 225 1631; x_wconf 63' lang='grc' dir='ltr'>πᾶσα</span> <span class='ocrx_word' id='word_1_493' title='bbox 239 1605 322 1641; x_wconf 82' lang='grc' dir='ltr'>ἁρετὴ</span> <span class='ocrx_word' id='word_1_494' title='bbox 349 1606 438 1641; x_wconf 79' lang='grc' dir='ltr'>φέρει,</span> <span class='ocrx_word' id='word_1_495' title='bbox 465 1605 503 1642; x_wconf 82' lang='grc' dir='ltr'>μὴ</span> <span class='ocrx_word' id='word_1_496' title='bbox 526 1605 588 1633; x_wconf 79' lang='grc' dir='ltr'>καθ’</span> <span class='ocrx_word' id='word_1_497' title='bbox 609 1606 708 1633; x_wconf 70' lang='grc' dir='ltr'>ἑαυτοῦ</span> <span class='ocrx_word' id='word_1_498' title='bbox 727 1614 787 1633; x_wconf 85' lang='grc' dir='ltr'>τινα</span> <span class='ocrx_word' id='word_1_499' title='bbox 804 1606 834 1632; x_wconf 86' lang='grc' dir='ltr'>τδ</span> <span class='ocrx_word' id='word_1_500' title='bbox 857 1605 932 1640; x_wconf 83' lang='grc' dir='ltr'>ξίφος</span> 
     </span>
    </p>
   </div>
   <div class='ocr_carea' id='block_1_65' title="bbox 149 1650 934 1687">
    <p class='ocr_par' dir='ltr' id='par_1_65' title="bbox 149 1650 934 1687">
     <span class='ocr_line' id='line_1_65' title="bbox 149 1650 934 1687; baseline 0.004 -11"><span class='ocrx_word' id='word_1_501' title='bbox 149 1650 265 1686; x_wconf 79' lang='grc' dir='ltr'>ὡθῆσαι,</span> <span class='ocrx_word' id='word_1_502' title='bbox 283 1651 349 1686; x_wconf 86' lang='grc' dir='ltr'>μηδὲ</span> <span class='ocrx_word' id='word_1_503' title='bbox 361 1652 459 1686; x_wconf 81' lang='grc' dir='ltr'>φυγεῖν</span> <span class='ocrx_word' id='word_1_504' title='bbox 473 1651 523 1687; x_wconf 79' lang='grc' dir='ltr'><strong>τὴν</strong></span> <span class='ocrx_word' id='word_1_505' title='bbox 530 1651 704 1686; x_wconf 80' lang='grc' dir='ltr'>εὐδαιμονίαν</span> <span class='ocrx_word' id='word_1_506' title='bbox 721 1651 768 1678; x_wconf 75' lang='grc' dir='ltr'>καὶ</span> <span class='ocrx_word' id='word_1_507' title='bbox 787 1650 836 1687; x_wconf 72' lang='grc' dir='ltr'><strong>τῆς</strong></span> <span class='ocrx_word' id='word_1_508' title='bbox 847 1659 934 1686; x_wconf 84' lang='grc' dir='ltr'>κεφα-</span> 
     </span>
    </p>
   </div>
   <div class='ocr_carea' id='block_1_66' title="bbox 149 1695 933 1732">
    <p class='ocr_par' dir='ltr' id='par_1_66' title="bbox 149 1695 933 1732">
     <span class='ocr_line' id='line_1_66' title="bbox 149 1695 933 1732; baseline 0.003 -11"><span class='ocrx_word' id='word_1_509' title='bbox 149 1695 199 1728; x_wconf 80' lang='grc' dir='ltr'><strong>λῆς</strong></span> <span class='ocrx_word' id='word_1_510' title='bbox 211 1696 406 1723; x_wconf 83' lang='grc' dir='ltr'>ἁποσείσασθαι</span> <span class='ocrx_word' id='word_1_511' title='bbox 418 1696 480 1728; x_wconf 82' lang='grc' dir='ltr'>τοὺς</span> <span class='ocrx_word' id='word_1_512' title='bbox 501 1696 659 1731; x_wconf 70' lang='grc' dir='ltr'>στεφάνους,</span> <span class='ocrx_word' id='word_1_513' title='bbox 674 1697 712 1728; x_wconf 82' lang='grc' dir='ltr'><strong>ὡς</strong></span> <span class='ocrx_word' id='word_1_514' title='bbox 726 1697 776 1732; x_wconf 82' lang='grc' dir='ltr'>τήν</span> <span class='ocrx_word' id='word_1_515' title='bbox 788 1705 820 1731; x_wconf 83' lang='grc' dir='ltr'><strong>γε</strong></span> <span class='ocrx_word' id='word_1_516' title='bbox 839 1696 933 1724; x_wconf 84' lang='grc' dir='ltr'>οὐσίαν</span> 
     </span>
    </p>
   </div>
   <div class='ocr_carea' id='block_1_67' title="bbox 150 1741 933 1778">
    <p class='ocr_par' dir='ltr' id='par_1_67' title="bbox 150 1741 933 1778">
     <span class='ocr_line' id='line_1_67' title="bbox 150 1741 933 1778; baseline 0.003 -10"><span class='ocrx_word' id='word_1_517' title='bbox 150 1741 236 1776; x_wconf 79' lang='grc' dir='ltr'>αὐτὴν</span> <span class='ocrx_word' id='word_1_518' title='bbox 263 1741 311 1776; x_wconf 85' lang='grc' dir='ltr'><strong>τῆς</strong></span> <span class='ocrx_word' id='word_1_519' title='bbox 327 1742 400 1776; x_wconf 81' lang='grc' dir='ltr'>ζωῆς</span> <span class='ocrx_word' id='word_1_520' title='bbox 432 1741 513 1773; x_wconf 75' lang='grc' dir='ltr'>αὐτὸς</span> <span class='ocrx_word' id='word_1_521' title='bbox 529 1742 623 1778; x_wconf 80' lang='grc' dir='ltr'>παρὼν</span> <span class='ocrx_word' id='word_1_522' title='bbox 640 1743 654 1769; x_wconf 84' lang='grc' dir='ltr'><strong>ὸ</strong></span> <span class='ocrx_word' id='word_1_523' title='bbox 669 1742 787 1777; x_wconf 79' lang='grc' dir='ltr'>Χριστὸς</span> <span class='ocrx_word' id='word_1_524' title='bbox 811 1741 933 1778; x_wconf 76' lang='grc' dir='ltr'>άρῥητόν</span> 
     </span>
    </p>
   </div>
   <div class='ocr_carea' id='block_1_68' title="bbox 149 1787 934 1824">
    <p class='ocr_par' dir='ltr' id='par_1_68' title="bbox 149 1787 934 1824">
     <span class='ocr_line' id='line_1_68' title="bbox 149 1787 934 1824; baseline 0.001 -10"><span class='ocrx_word' id='word_1_525' title='bbox 149 1795 211 1814; x_wconf 86' lang='grc' dir='ltr'>τινα</span> <span class='ocrx_word' id='word_1_526' title='bbox 226 1787 328 1823; x_wconf 78' lang='grc' dir='ltr'>τρόπον</span> <span class='ocrx_word' id='word_1_527' title='bbox 341 1787 451 1821; x_wconf 76' lang='grc' dir='ltr'>φυτεύει</span> <span class='ocrx_word' id='word_1_528' title='bbox 470 1789 530 1820; x_wconf 83' lang='grc' dir='ltr'>ταῖς</span> <span class='ocrx_word' id='word_1_529' title='bbox 551 1789 701 1824; x_wconf 79' lang='grc' dir='ltr'>ἡμετέραις</span> <span class='ocrx_word' id='word_1_530' title='bbox 715 1788 826 1824; x_wconf 79' lang='grc' dir='ltr'>ψυχαῖς.</span> <span class='ocrx_word' id='word_1_531' title='bbox 844 1789 934 1824; x_wconf 81' lang='grc' dir='ltr'>Πάρε-</span> 
     </span>
    </p>
   </div>
   <div class='ocr_carea' id='block_1_69' title="bbox 152 1834 932 1871">
    <p class='ocr_par' dir='ltr' id='par_1_69' title="bbox 152 1834 932 1871">
     <span class='ocr_line' id='line_1_69' title="bbox 152 1834 932 1871; baseline 0.003 -11"><span class='ocrx_word' id='word_1_532' title='bbox 152 1842 194 1861; x_wconf 85' lang='grc' dir='ltr'><strong>στι</strong></span> <span class='ocrx_word' id='word_1_533' title='bbox 208 1834 263 1870; x_wconf 81' lang='grc' dir='ltr'><strong>γὰρ</strong></span> <span class='ocrx_word' id='word_1_534' title='bbox 275 1834 382 1870; x_wconf 81' lang='grc' dir='ltr'>ἀληθῶς</span> <span class='ocrx_word' id='word_1_535' title='bbox 395 1835 442 1862; x_wconf 87' lang='grc' dir='ltr'>καὶ</span> <span class='ocrx_word' id='word_1_536' title='bbox 457 1835 550 1870; x_wconf 85' lang='grc' dir='ltr'>βοηθεῖ</span> <span class='ocrx_word' id='word_1_537' title='bbox 572 1836 632 1867; x_wconf 81' lang='grc' dir='ltr'>ταῖς</span> <span class='ocrx_word' id='word_1_538' title='bbox 651 1835 750 1870; x_wconf 75' lang='grc' dir='ltr'>ἀρχαῖς</span> <span class='ocrx_word' id='word_1_539' title='bbox 772 1835 822 1868; x_wconf 91' lang='grc' dir='ltr'><strong>τῆς</strong></span> <span class='ocrx_word' id='word_1_540' title='bbox 847 1834 932 1871; x_wconf 74' lang='grc' dir='ltr'>ζωῆς,</span> 
     </span>
    </p>
   </div>
   <div class='ocr_carea' id='block_1_70' title="bbox 151 1877 935 1916">
    <p class='ocr_par' dir='ltr' id='par_1_70' title="bbox 151 1877 935 1916">
     <span class='ocr_line' id='line_1_70' title="bbox 151 1877 935 1916; baseline 0 -9"><span class='ocrx_word' id='word_1_541' title='bbox 151 1877 196 1912; x_wconf 82' lang='grc' dir='ltr'>αἶς</span> <span class='ocrx_word' id='word_1_542' title='bbox 219 1880 298 1912; x_wconf 78' lang='grc' dir='ltr'>αὐτὸς</span> <span class='ocrx_word' id='word_1_543' title='bbox 322 1881 494 1916; x_wconf 79' lang='grc' dir='ltr'>ιπιδημήσας</span> <span class='ocrx_word' id='word_1_544' title='bbox 521 1882 662 1916; x_wconf 70' lang='grc' dir='ltr'>παρέσχε·</span> <span class='ocrx_word' id='word_1_545' title='bbox 688 1880 805 1916; x_wconf 77' lang='grc' dir='ltr'>πάρεστι</span> <span class='ocrx_word' id='word_1_546' title='bbox 830 1880 859 1908; x_wconf 65' lang='grc' dir='ltr'><strong>δὲ</strong></span> <span class='ocrx_word' id='word_1_547' title='bbox 885 1881 935 1916; x_wconf 77' lang='grc' dir='ltr'><strong>οὐχ</strong></span> 
     </span>
    </p>
   </div>
   <div class='ocr_carea' id='block_1_71' title="bbox 152 1926 937 1963">
    <p class='ocr_par' dir='ltr' id='par_1_71' title="bbox 152 1926 937 1963">
     <span class='ocr_line' id='line_1_71' title="bbox 152 1926 937 1963; baseline -0.001 -9"><span class='ocrx_word' id='word_1_548' title='bbox 152 1927 246 1962; x_wconf 82' lang='grc' dir='ltr'>ὥσπερ</span> <span class='ocrx_word' id='word_1_549' title='bbox 260 1927 290 1954; x_wconf 79' lang='grc' dir='ltr'><strong>τὸ</strong></span> <span class='ocrx_word' id='word_1_550' title='bbox 309 1927 417 1962; x_wconf 85' lang='grc' dir='ltr'>πρῶτον</span> <span class='ocrx_word' id='word_1_551' title='bbox 435 1927 539 1962; x_wconf 83' lang='grc' dir='ltr'>διαίτης</span> <span class='ocrx_word' id='word_1_552' title='bbox 554 1928 601 1954; x_wconf 76' lang='grc' dir='ltr'>καὶ</span> <span class='ocrx_word' id='word_1_553' title='bbox 616 1927 753 1961; x_wconf 85' lang='grc' dir='ltr'>συλλόγων</span> <span class='ocrx_word' id='word_1_554' title='bbox 770 1927 817 1954; x_wconf 81' lang='grc' dir='ltr'>καὶ</span> <span class='ocrx_word' id='word_1_555' title='bbox 833 1926 937 1963; x_wconf 81' lang='grc' dir='ltr'>διατρι-</span> 
     </span>
    </p>
   </div>
   <div class='ocr_carea' id='block_1_72' title="bbox 153 1972 936 2008">
    <p class='ocr_par' dir='ltr' id='par_1_72' title="bbox 153 1972 936 2008">
     <span class='ocr_line' id='line_1_72' title="bbox 153 1972 936 2008; baseline 0.003 -10"><span class='ocrx_word' id='word_1_556' title='bbox 153 1973 209 1999; x_wconf 75' lang='grc' dir='ltr'><strong>ϐῶν</strong></span> <span class='ocrx_word' id='word_1_557' title='bbox 224 1974 289 2008; x_wconf 80' lang='grc' dir='ltr'>ἡμῖν</span> <span class='ocrx_word' id='word_1_558' title='bbox 306 1972 351 1999; x_wconf 75' lang='grc' dir='ltr'>καὶ</span> <span class='ocrx_word' id='word_1_559' title='bbox 367 1972 513 2006; x_wconf 87' lang='grc' dir='ltr'>κοινωνῶν,</span> <span class='ocrx_word' id='word_1_560' title='bbox 533 1973 591 2000; x_wconf 81' lang='grc' dir='ltr'>ἀλλ’</span> <span class='ocrx_word' id='word_1_561' title='bbox 609 1973 702 2008; x_wconf 74' lang='grc' dir='ltr'>ἕτερον</span> <span class='ocrx_word' id='word_1_562' title='bbox 717 1973 814 2008; x_wconf 66' lang='grc' dir='ltr'>ἐκείνῳ</span> <span class='ocrx_word' id='word_1_563' title='bbox 828 1973 876 2000; x_wconf 74' lang='grc' dir='ltr'>καὶ</span> <span class='ocrx_word' id='word_1_564' title='bbox 892 1981 936 2000; x_wconf 75' lang='grc' dir='ltr'>τε·</span> 
     </span>
    </p>
   </div>
   <div class='ocr_carea' id='block_1_73' title="bbox 153 2018 937 2054">
    <p class='ocr_par' dir='ltr' id='par_1_73' title="bbox 153 2018 937 2054">
     <span class='ocr_line' id='line_1_73' title="bbox 153 2018 937 2054; baseline 0 -8"><span class='ocrx_word' id='word_1_565' title='bbox 153 2019 285 2054; x_wconf 84' lang='grc' dir='ltr'>λεώτερον</span> <span class='ocrx_word' id='word_1_566' title='bbox 298 2019 410 2054; x_wconf 79' lang='grc' dir='ltr'>τρόπον,</span> <span class='ocrx_word' id='word_1_567' title='bbox 425 2019 485 2046; x_wconf 76' lang='grc' dir='ltr'>καθ’</span> <span class='ocrx_word' id='word_1_568' title='bbox 497 2019 526 2046; x_wconf 82' lang='grc' dir='ltr'>ὃν</span> <span class='ocrx_word' id='word_1_569' title='bbox 540 2018 679 2054; x_wconf 78' lang='grc' dir='ltr'>σύσσωμοι</span> <span class='ocrx_word' id='word_1_570' title='bbox 703 2019 776 2054; x_wconf 82' lang='grc' dir='ltr'>αὐτῷ</span> <span class='ocrx_word' id='word_1_571' title='bbox 806 2019 937 2054; x_wconf 81' lang='grc' dir='ltr'>γινόμεθα</span> 
     </span>
    </p>
   </div>
   <div class='ocr_carea' id='block_1_74' title="bbox 153 2065 936 2102">
    <p class='ocr_par' dir='ltr' id='par_1_74' title="bbox 153 2065 936 2102">
     <span class='ocr_line' id='line_1_74' title="bbox 153 2065 936 2102; baseline 0.001 -10"><span class='ocrx_word' id='word_1_572' title='bbox 153 2066 202 2093; x_wconf 89' lang='grc' dir='ltr'>καὶ</span> <span class='ocrx_word' id='word_1_573' title='bbox 217 2066 315 2098; x_wconf 78' lang='grc' dir='ltr'>σύζωοι</span> <span class='ocrx_word' id='word_1_574' title='bbox 330 2066 377 2093; x_wconf 76' lang='grc' dir='ltr'>καὶ</span> <span class='ocrx_word' id='word_1_575' title='bbox 394 2065 474 2101; x_wconf 79' lang='grc' dir='ltr'>μέλη.</span> <span class='ocrx_word' id='word_1_576' title='bbox 493 2065 540 2092; x_wconf 78' lang='grc' dir='ltr'>καὶ</span> <span class='ocrx_word' id='word_1_577' title='bbox 555 2065 582 2092; x_wconf 86' lang='grc' dir='ltr'><strong>εί</strong></span> <span class='ocrx_word' id='word_1_578' title='bbox 603 2074 630 2092; x_wconf 85' lang='grc' dir='ltr'><strong>τι</strong></span> <span class='ocrx_word' id='word_1_579' title='bbox 652 2065 720 2100; x_wconf 78' lang='grc' dir='ltr'>πρὸς</span> <span class='ocrx_word' id='word_1_580' title='bbox 743 2066 825 2092; x_wconf 75' lang='grc' dir='ltr'>τοῦτο</span> <span class='ocrx_word' id='word_1_581' title='bbox 847 2065 936 2102; x_wconf 84' lang='grc' dir='ltr'>φέρει.</span> 
     </span>
    </p>
   </div>
   <div class='ocr_carea' id='block_1_75' title="bbox 154 2111 938 2147">
    <p class='ocr_par' dir='ltr' id='par_1_75' title="bbox 154 2111 938 2147">
     <span class='ocr_line' id='line_1_75' title="bbox 154 2111 938 2147; baseline 0 -8"><span class='ocrx_word' id='word_1_582' title='bbox 154 2112 288 2147; x_wconf 77' lang='grc' dir='ltr'>Καθάπερ</span> <span class='ocrx_word' id='word_1_583' title='bbox 313 2113 367 2147; x_wconf 76' lang='grc' dir='ltr'><strong>γὰρ</strong></span> <span class='ocrx_word' id='word_1_584' title='bbox 391 2112 407 2147; x_wconf 81' lang='grc' dir='ltr'><strong>ἡ</strong></span> <span class='ocrx_word' id='word_1_585' title='bbox 432 2111 621 2146; x_wconf 82' lang='grc' dir='ltr'>φιλανθρωπία</span> <span class='ocrx_word' id='word_1_586' title='bbox 649 2112 762 2144; x_wconf 64' lang='grc' dir='ltr'>ἇςατος,</span> <span class='ocrx_word' id='word_1_587' title='bbox 792 2111 852 2138; x_wconf 78' lang='grc' dir='ltr'>ὅθεν</span> <span class='ocrx_word' id='word_1_588' title='bbox 869 2120 938 2146; x_wconf 86' lang='grc' dir='ltr'>προ·</span> 
     </span>
    </p>
   </div>
   <div class='ocr_carea' id='block_1_76' title="bbox 154 2156 936 2193">
    <p class='ocr_par' dir='ltr' id='par_1_76' title="bbox 154 2156 936 2193">
     <span class='ocr_line' id='line_1_76' title="bbox 154 2156 936 2193; baseline 0 -9"><span class='ocrx_word' id='word_1_589' title='bbox 154 2158 225 2193; x_wconf 80' lang='grc' dir='ltr'>ήχοη</span> <span class='ocrx_word' id='word_1_590' title='bbox 241 2159 302 2189; x_wconf 79' lang='grc' dir='ltr'>τοὺς</span> <span class='ocrx_word' id='word_1_591' title='bbox 319 2158 474 2193; x_wconf 80' lang='grc' dir='ltr'>αἰσχίστους</span> <span class='ocrx_word' id='word_1_592' title='bbox 488 2157 560 2184; x_wconf 72' lang='grc' dir='ltr'>οὕτω</span> <span class='ocrx_word' id='word_1_593' title='bbox 579 2157 695 2192; x_wconf 75' lang='grc' dir='ltr'>φιλήσεις</span> <span class='ocrx_word' id='word_1_594' title='bbox 709 2156 782 2183; x_wconf 83' lang='grc' dir='ltr'>οὕτω</span> <span class='ocrx_word' id='word_1_595' title='bbox 799 2157 936 2192; x_wconf 80' lang='grc' dir='ltr'>μεγίστων</span> 
     </span>
    </p>
   </div>
   <div class='ocr_carea' id='block_1_77' title="bbox 983 1558 1765 1595">
    <p class='ocr_par' dir='ltr' id='par_1_77' title="bbox 983 1558 1765 1595">
     <span class='ocr_line' id='line_1_77' title="bbox 983 1558 1765 1595; baseline 0.001 -9"><span class='ocrx_word' id='word_1_596' title='bbox 983 1559 1116 1591; x_wconf 74' lang='lat' dir='ltr'><strong>versetur,</strong></span> <span class='ocrx_word' id='word_1_597' title='bbox 1135 1563 1305 1594; x_wconf 85' lang='lat' dir='ltr'><strong>mortemque</strong></span> <span class='ocrx_word' id='word_1_598' title='bbox 1325 1559 1478 1595; x_wconf 77' lang='lat' dir='ltr'><strong>progignat.</strong></span> <span class='ocrx_word' id='word_1_599' title='bbox 1499 1558 1559 1587; x_wconf 86' lang='lat' dir='ltr'><strong>Huc</strong></span> <span class='ocrx_word' id='word_1_600' title='bbox 1573 1559 1647 1588; x_wconf 87' lang='lat' dir='ltr'><strong>enim</strong></span> <span class='ocrx_word' id='word_1_601' title='bbox 1663 1560 1765 1587; x_wconf 87' lang='lat' dir='ltr'><strong>bonum</strong></span> 
     </span>
    </p>
   </div>
   <div class='ocr_carea' id='block_1_78' title="bbox 983 1605 1766 1641">
    <p class='ocr_par' dir='ltr' id='par_1_78' title="bbox 983 1605 1766 1641">
     <span class='ocr_line' id='line_1_78' title="bbox 983 1605 1766 1641; baseline 0.003 -10"><span class='ocrx_word' id='word_1_602' title='bbox 983 1611 1063 1633; x_wconf 88' lang='lat' dir='ltr'><strong>omne</strong></span> <span class='ocrx_word' id='word_1_603' title='bbox 1084 1610 1111 1632; x_wconf 90' lang='lat' dir='ltr'><strong>et</strong></span> <span class='ocrx_word' id='word_1_604' title='bbox 1126 1605 1215 1633; x_wconf 89' lang='lat' dir='ltr'><strong>omnis</strong></span> <span class='ocrx_word' id='word_1_605' title='bbox 1241 1605 1328 1634; x_wconf 84' lang='lat' dir='ltr'><strong>virtus</strong></span> <span class='ocrx_word' id='word_1_606' title='bbox 1351 1606 1470 1633; x_wconf 86' lang='lat' dir='ltr'><strong>humana</strong></span> <span class='ocrx_word' id='word_1_607' title='bbox 1491 1605 1630 1638; x_wconf 85' lang='lat' dir='ltr'><strong>collineat,</strong></span> <span class='ocrx_word' id='word_1_608' title='bbox 1653 1613 1690 1633; x_wconf 87' lang='lat' dir='ltr'><strong>ne</strong></span> <span class='ocrx_word' id='word_1_609' title='bbox 1702 1606 1766 1641; x_wconf 85' lang='lat' dir='ltr'><strong>quis</strong></span> 
     </span>
    </p>
   </div>
   <div class='ocr_carea' id='block_1_79' title="bbox 983 1651 1767 1688">
    <p class='ocr_par' dir='ltr' id='par_1_79' title="bbox 983 1651 1767 1688">
     <span class='ocr_line' id='line_1_79' title="bbox 983 1651 1767 1688; baseline 0.003 -10"><span class='ocrx_word' id='word_1_610' title='bbox 983 1651 1103 1686; x_wconf 78' lang='lat' dir='ltr'><strong>gladium</strong></span> <span class='ocrx_word' id='word_1_611' title='bbox 1121 1651 1147 1679; x_wconf 90' lang='lat' dir='ltr'><strong>in</strong></span> <span class='ocrx_word' id='word_1_612' title='bbox 1164 1651 1341 1688; x_wconf 85' lang='lat' dir='ltr'><strong>semetipsum</strong></span> <span class='ocrx_word' id='word_1_613' title='bbox 1364 1652 1466 1688; x_wconf 88' lang='lat' dir='ltr'><strong>adigat,</strong></span> <span class='ocrx_word' id='word_1_614' title='bbox 1492 1660 1543 1681; x_wconf 88' lang='lat' dir='ltr'><strong>nec</strong></span> <span class='ocrx_word' id='word_1_615' title='bbox 1555 1652 1642 1688; x_wconf 78' lang='lat' dir='ltr'><strong>fugiat.</strong></span> <span class='ocrx_word' id='word_1_616' title='bbox 1654 1651 1767 1680; x_wconf 78' lang='lat' dir='ltr'><strong>felicita-</strong></span> 
     </span>
    </p>
   </div>
   <div class='ocr_carea' id='block_1_80' title="bbox 983 1698 1769 1734">
    <p class='ocr_par' dir='ltr' id='par_1_80' title="bbox 983 1698 1769 1734">
     <span class='ocr_line' id='line_1_80' title="bbox 983 1698 1769 1734; baseline 0.005 -11"><span class='ocrx_word' id='word_1_617' title='bbox 983 1699 1048 1729; x_wconf 86' lang='lat' dir='ltr'><strong>tem.</strong></span> <span class='ocrx_word' id='word_1_618' title='bbox 1071 1703 1098 1726; x_wconf 90' lang='lat' dir='ltr'><strong>et</strong></span> <span class='ocrx_word' id='word_1_619' title='bbox 1121 1704 1252 1726; x_wconf 83' lang='lat' dir='ltr'><strong>coronam</strong></span> <span class='ocrx_word' id='word_1_620' title='bbox 1268 1705 1284 1726; x_wconf 91' lang='lat' dir='ltr'><strong>e</strong></span> <span class='ocrx_word' id='word_1_621' title='bbox 1300 1698 1389 1734; x_wconf 85' lang='lat' dir='ltr'><strong>capite</strong></span> <span class='ocrx_word' id='word_1_622' title='bbox 1412 1699 1549 1733; x_wconf 77' lang='lat' dir='ltr'><strong>excutiat;</strong></span> <span class='ocrx_word' id='word_1_623' title='bbox 1580 1699 1709 1734; x_wconf 80' lang='lat' dir='ltr'><strong>quoniam</strong></span> <span class='ocrx_word' id='word_1_624' title='bbox 1725 1707 1769 1728; x_wconf 88' lang='lat' dir='ltr'><strong>es-</strong></span> 
     </span>
    </p>
   </div>
   <div class='ocr_carea' id='block_1_81' title="bbox 983 1744 1769 1781">
    <p class='ocr_par' dir='ltr' id='par_1_81' title="bbox 983 1744 1769 1781">
     <span class='ocr_line' id='line_1_81' title="bbox 983 1744 1769 1781; baseline 0.001 -7"><span class='ocrx_word' id='word_1_625' title='bbox 983 1745 1099 1774; x_wconf 81' lang='lat' dir='ltr'><strong>sentiam</strong></span> <span class='ocrx_word' id='word_1_626' title='bbox 1109 1745 1197 1780; x_wconf 86' lang='lat' dir='ltr'><strong>ipsam</strong></span> <span class='ocrx_word' id='word_1_627' title='bbox 1214 1744 1274 1772; x_wconf 75' lang='lat' dir='ltr'><strong>vitae</strong></span> <span class='ocrx_word' id='word_1_628' title='bbox 1286 1744 1412 1773; x_wconf 83' lang='lat' dir='ltr'><strong>Christus</strong></span> <span class='ocrx_word' id='word_1_629' title='bbox 1424 1745 1538 1781; x_wconf 81' lang='lat' dir='ltr'><strong>ipsemet</strong></span> <span class='ocrx_word' id='word_1_630' title='bbox 1548 1752 1679 1781; x_wconf 63' lang='lat' dir='ltr'><strong>presens,</strong></span> <span class='ocrx_word' id='word_1_631' title='bbox 1687 1747 1769 1775; x_wconf 87' lang='lat' dir='ltr'><strong>modo</strong></span> 
     </span>
    </p>
   </div>
   <div class='ocr_carea' id='block_1_82' title="bbox 983 1790 1768 1827">
    <p class='ocr_par' dir='ltr' id='par_1_82' title="bbox 983 1790 1768 1827">
     <span class='ocr_line' id='line_1_82' title="bbox 983 1790 1768 1827; baseline 0.001 -8"><span class='ocrx_word' id='word_1_632' title='bbox 983 1792 1114 1827; x_wconf 85' lang='lat' dir='ltr'><strong>quodam,</strong></span> <span class='ocrx_word' id='word_1_633' title='bbox 1138 1790 1182 1818; x_wconf 89' lang='lat' dir='ltr'><strong>cui</strong></span> <span class='ocrx_word' id='word_1_634' title='bbox 1201 1790 1374 1825; x_wconf 83' lang='lat' dir='ltr'><strong>explanando</strong></span> <span class='ocrx_word' id='word_1_635' title='bbox 1396 1791 1479 1819; x_wconf 81' lang='lat' dir='ltr'><strong>verba</strong></span> <span class='ocrx_word' id='word_1_636' title='bbox 1498 1798 1553 1820; x_wconf 87' lang='lat' dir='ltr'><strong>non</strong></span> <span class='ocrx_word' id='word_1_637' title='bbox 1581 1793 1768 1827; x_wconf 83' lang='lat' dir='ltr'><strong>reperiuntur.</strong></span> 
     </span>
    </p>
   </div>
   <div class='ocr_carea' id='block_1_83' title="bbox 984 1837 1770 1874">
    <p class='ocr_par' dir='ltr' id='par_1_83' title="bbox 984 1837 1770 1874">
     <span class='ocr_line' id='line_1_83' title="bbox 984 1837 1770 1874; baseline 0 -8"><span class='ocrx_word' id='word_1_638' title='bbox 984 1839 1082 1867; x_wconf 85' lang='lat' dir='ltr'><strong>animis</strong></span> <span class='ocrx_word' id='word_1_639' title='bbox 1092 1838 1194 1866; x_wconf 79' lang='lat' dir='ltr'><strong>nostris</strong></span> <span class='ocrx_word' id='word_1_640' title='bbox 1207 1838 1283 1865; x_wconf 87' lang='lat' dir='ltr'><strong>serit.</strong></span> <span class='ocrx_word' id='word_1_641' title='bbox 1303 1837 1374 1866; x_wconf 84' lang='lat' dir='ltr'><strong>Vere</strong></span> <span class='ocrx_word' id='word_1_642' title='bbox 1387 1838 1461 1866; x_wconf 86' lang='lat' dir='ltr'><strong>enim</strong></span> <span class='ocrx_word' id='word_1_643' title='bbox 1487 1837 1576 1872; x_wconf 84' lang='lat' dir='ltr'><strong>adest,</strong></span> <span class='ocrx_word' id='word_1_644' title='bbox 1588 1842 1615 1866; x_wconf 90' lang='lat' dir='ltr'><strong>et</strong></span> <span class='ocrx_word' id='word_1_645' title='bbox 1627 1838 1770 1874; x_wconf 81' lang='lat' dir='ltr'><strong>principiis</strong></span> 
     </span>
    </p>
   </div>
   <div class='ocr_carea' id='block_1_84' title="bbox 983 1883 1770 1919">
    <p class='ocr_par' dir='ltr' id='par_1_84' title="bbox 983 1883 1770 1919">
     <span class='ocr_line' id='line_1_84' title="bbox 983 1883 1770 1919; baseline 0.001 -7"><span class='ocrx_word' id='word_1_646' title='bbox 983 1884 1091 1913; x_wconf 78' lang='lat' dir='ltr'><strong>vivendi</strong></span> <span class='ocrx_word' id='word_1_647' title='bbox 1108 1891 1187 1919; x_wconf 87' lang='lat' dir='ltr'><strong>opem</strong></span> <span class='ocrx_word' id='word_1_648' title='bbox 1206 1883 1271 1917; x_wconf 79' lang='lat' dir='ltr'><strong>fert,</strong></span> <span class='ocrx_word' id='word_1_649' title='bbox 1292 1891 1355 1919; x_wconf 57' lang='lat' dir='ltr'><strong>qua!</strong></span> <span class='ocrx_word' id='word_1_650' title='bbox 1371 1884 1486 1919; x_wconf 85' lang='lat' dir='ltr'><strong>ipsemet</strong></span> <span class='ocrx_word' id='word_1_651' title='bbox 1499 1884 1618 1912; x_wconf 84' lang='lat' dir='ltr'><strong>adventu</strong></span> <span class='ocrx_word' id='word_1_652' title='bbox 1634 1892 1686 1912; x_wconf 88' lang='lat' dir='ltr'><strong>suo</strong></span> <span class='ocrx_word' id='word_1_653' title='bbox 1699 1889 1770 1913; x_wconf 88' lang='lat' dir='ltr'><strong>attu-</strong></span> 
     </span>
    </p>
   </div>
   <div class='ocr_carea' id='block_1_85' title="bbox 985 1930 1769 1966">
    <p class='ocr_par' dir='ltr' id='par_1_85' title="bbox 985 1930 1769 1966">
     <span class='ocr_line' id='line_1_85' title="bbox 985 1930 1769 1966; baseline 0 -8"><span class='ocrx_word' id='word_1_654' title='bbox 985 1930 1024 1958; x_wconf 73' lang='lat' dir='ltr'><strong>lit.</strong></span> <span class='ocrx_word' id='word_1_655' title='bbox 1042 1930 1125 1958; x_wconf 80' lang='lat' dir='ltr'><strong>Adest</strong></span> <span class='ocrx_word' id='word_1_656' title='bbox 1140 1935 1242 1962; x_wconf 86' lang='lat' dir='ltr'><strong>autem,</strong></span> <span class='ocrx_word' id='word_1_657' title='bbox 1261 1937 1315 1958; x_wconf 92' lang='lat' dir='ltr'><strong>non</strong></span> <span class='ocrx_word' id='word_1_658' title='bbox 1332 1934 1361 1958; x_wconf 88' lang='lat' dir='ltr'><strong>ut</strong></span> <span class='ocrx_word' id='word_1_659' title='bbox 1375 1930 1493 1965; x_wconf 78' lang='lat' dir='ltr'><strong>primum</strong></span> <span class='ocrx_word' id='word_1_660' title='bbox 1509 1930 1595 1964; x_wconf 82' lang='lat' dir='ltr'><strong>victu,</strong></span> <span class='ocrx_word' id='word_1_661' title='bbox 1608 1938 1769 1966; x_wconf 80' lang='lat' dir='ltr'><strong>congressu,</strong></span> 
     </span>
    </p>
   </div>
   <div class='ocr_carea' id='block_1_86' title="bbox 985 1968 1772 2011">
    <p class='ocr_par' dir='ltr' id='par_1_86' title="bbox 985 1968 1772 2011">
     <span class='ocr_line' id='line_1_86' title="bbox 985 1968 1772 2011; baseline 0 -8"><span class='ocrx_word' id='word_1_662' title='bbox 985 1975 1182 2003; x_wconf 81' lang='lat' dir='ltr'><strong>consuetudine</strong></span> <span class='ocrx_word' id='word_1_663' title='bbox 1201 1975 1343 2003; x_wconf 82' lang='lat' dir='ltr'><strong>nobiscum</strong></span> <span class='ocrx_word' id='word_1_664' title='bbox 1356 1968 1563 2004; x_wconf 67' lang='lat' dir='ltr'><strong>communica&quot;</strong></span> <span class='ocrx_word' id='word_1_665' title='bbox 1572 1976 1629 2004; x_wconf 86' lang='lat' dir='ltr'><strong>:sed</strong></span> <span class='ocrx_word' id='word_1_666' title='bbox 1639 1975 1691 2003; x_wconf 87' lang='lat' dir='ltr'><strong>alia</strong></span> <span class='ocrx_word' id='word_1_667' title='bbox 1704 1983 1772 2011; x_wconf 87' lang='lat' dir='ltr'><strong>qua-</strong></span> 
     </span>
    </p>
   </div>
   <div class='ocr_carea' id='block_1_87' title="bbox 986 2019 1770 2054">
    <p class='ocr_par' dir='ltr' id='par_1_87' title="bbox 986 2019 1770 2054">
     <span class='ocr_line' id='line_1_87' title="bbox 986 2019 1770 2054; baseline 0 -7"><span class='ocrx_word' id='word_1_668' title='bbox 986 2020 1048 2047; x_wconf 89' lang='lat' dir='ltr'><strong>dam</strong></span> <span class='ocrx_word' id='word_1_669' title='bbox 1080 2020 1186 2047; x_wconf 83' lang='lat' dir='ltr'><strong>ratione</strong></span> <span class='ocrx_word' id='word_1_670' title='bbox 1213 2019 1326 2047; x_wconf 88' lang='lat' dir='ltr'><strong>meliore</strong></span> <span class='ocrx_word' id='word_1_671' title='bbox 1354 2019 1579 2054; x_wconf 82' lang='lat' dir='ltr'><strong>perfectioreque,</strong></span> <span class='ocrx_word' id='word_1_672' title='bbox 1619 2020 1770 2048; x_wconf 87' lang='lat' dir='ltr'><strong>secundum</strong></span> 
     </span>
    </p>
   </div>
   <div class='ocr_carea' id='block_1_88' title="bbox 987 2065 1772 2101">
    <p class='ocr_par' dir='ltr' id='par_1_88' title="bbox 987 2065 1772 2101">
     <span class='ocr_line' id='line_1_88' title="bbox 987 2065 1772 2101; baseline 0.001 -8"><span class='ocrx_word' id='word_1_673' title='bbox 987 2070 1070 2098; x_wconf 81' lang='lat' dir='ltr'><strong>quam</strong></span> <span class='ocrx_word' id='word_1_674' title='bbox 1089 2068 1282 2100; x_wconf 87' lang='lat' dir='ltr'><strong>concorpor&#39;es,</strong></span> <span class='ocrx_word' id='word_1_675' title='bbox 1302 2069 1330 2094; x_wconf 90' lang='lat' dir='ltr'><strong>et</strong></span> <span class='ocrx_word' id='word_1_676' title='bbox 1344 2065 1465 2100; x_wconf 77' lang='lat' dir='ltr'><strong>ejusdem</strong></span> <span class='ocrx_word' id='word_1_677' title='bbox 1481 2065 1544 2093; x_wconf 68' lang='lat' dir='ltr'><strong>vim</strong></span> <span class='ocrx_word' id='word_1_678' title='bbox 1568 2065 1727 2101; x_wconf 87' lang='lat' dir='ltr'><strong>participes,</strong></span> <span class='ocrx_word' id='word_1_679' title='bbox 1743 2070 1772 2094; x_wconf 81' lang='lat' dir='ltr'><strong>et</strong></span> 
     </span>
    </p>
   </div>
   <div class='ocr_carea' id='block_1_89' title="bbox 988 2110 1771 2146">
    <p class='ocr_par' dir='ltr' id='par_1_89' title="bbox 988 2110 1771 2146">
     <span class='ocr_line' id='line_1_89' title="bbox 988 2110 1771 2146; baseline 0.003 -9"><span class='ocrx_word' id='word_1_680' title='bbox 988 2111 1108 2139; x_wconf 86' lang='lat' dir='ltr'><strong>membra</strong></span> <span class='ocrx_word' id='word_1_681' title='bbox 1142 2110 1179 2138; x_wconf 89' lang='lat' dir='ltr'><strong>illi</strong></span> <span class='ocrx_word' id='word_1_682' title='bbox 1205 2111 1356 2144; x_wconf 86' lang='lat' dir='ltr'><strong>evadimus,</strong></span> <span class='ocrx_word' id='word_1_683' title='bbox 1385 2115 1413 2139; x_wconf 88' lang='lat' dir='ltr'><strong>et</strong></span> <span class='ocrx_word' id='word_1_684' title='bbox 1433 2111 1458 2139; x_wconf 86' lang='lat' dir='ltr'><strong>si</strong></span> <span class='ocrx_word' id='word_1_685' title='bbox 1480 2111 1544 2146; x_wconf 87' lang='lat' dir='ltr'><strong>quid</strong></span> <span class='ocrx_word' id='word_1_686' title='bbox 1573 2111 1647 2139; x_wconf 89' lang='lat' dir='ltr'><strong>aliud</strong></span> <span class='ocrx_word' id='word_1_687' title='bbox 1675 2111 1771 2139; x_wconf 89' lang='lat' dir='ltr'><strong>eodem</strong></span> 
     </span>
    </p>
   </div>
   <div class='ocr_carea' id='block_1_90' title="bbox 988 2155 1772 2193">
    <p class='ocr_par' dir='ltr' id='par_1_90' title="bbox 988 2155 1772 2193">
     <span class='ocr_line' id='line_1_90' title="bbox 988 2155 1772 2193; baseline 0.003 -10"><span class='ocrx_word' id='word_1_688' title='bbox 988 2157 1114 2192; x_wconf 87' lang='lat' dir='ltr'><strong>pertinet.</strong></span> <span class='ocrx_word' id='word_1_689' title='bbox 1130 2155 1364 2189; x_wconf 88' lang='lat' dir='ltr'><strong>Quemadmodum</strong></span> <span class='ocrx_word' id='word_1_690' title='bbox 1383 2156 1456 2184; x_wconf 90' lang='lat' dir='ltr'><strong>enim</strong></span> <span class='ocrx_word' id='word_1_691' title='bbox 1484 2157 1693 2192; x_wconf 76' lang='lat' dir='ltr'><strong>benignitatem,</strong></span> <span class='ocrx_word' id='word_1_692' title='bbox 1718 2165 1772 2193; x_wconf 85' lang='lat' dir='ltr'><strong>qua</strong></span> 
     </span>
    </p>
   </div>
   <div class='ocr_carea' id='block_1_91' title="bbox 155 2199 932 2239">
    <p class='ocr_par' dir='ltr' id='par_1_91' title="bbox 155 2202 932 2239">
     <span class='ocr_line' id='line_1_91' title="bbox 155 2202 932 2239; baseline -0.001 -8"><span class='ocrx_word' id='word_1_693' title='bbox 155 2204 269 2237; x_wconf 77' lang='grc' dir='ltr'>ἀξιῶσαι</span> <span class='ocrx_word' id='word_1_694' title='bbox 284 2204 414 2239; x_wconf 83' lang='grc' dir='ltr'>χαρίτων,</span> <span class='ocrx_word' id='word_1_695' title='bbox 432 2204 505 2239; x_wconf 79' lang='grc' dir='ltr'>καὶὴ</span> <span class='ocrx_word' id='word_1_696' title='bbox 526 2203 667 2237; x_wconf 75' lang='grc' dir='ltr'>συνάφεια,</span> <span class='ocrx_word' id='word_1_697' title='bbox 687 2202 748 2229; x_wconf 71' lang='grc' dir='ltr'>καθ’</span> <span class='ocrx_word' id='word_1_698' title='bbox 765 2203 799 2238; x_wconf 75' lang='grc' dir='ltr'>ἢν</span> <span class='ocrx_word' id='word_1_699' title='bbox 829 2202 932 2230; x_wconf 81' lang='grc' dir='ltr'>σύνεστι</span> 
     </span>
    </p>
   </div>
   <div class='ocr_carea' id='block_1_92' title="bbox 984 2199 1772 2239">
    <p class='ocr_par' dir='ltr' id='par_1_92' title="bbox 990 2201 1772 2238">
     <span class='ocr_line' id='line_1_92' title="bbox 990 2201 1772 2238; baseline 0.001 -9"><span class='ocrx_word' id='word_1_700' title='bbox 990 2202 1122 2236; x_wconf 84' lang='lat' dir='ltr'><strong>impulsus</strong></span> <span class='ocrx_word' id='word_1_701' title='bbox 1139 2203 1266 2231; x_wconf 87' lang='lat' dir='ltr'><strong>inimicos</strong></span> <span class='ocrx_word' id='word_1_702' title='bbox 1280 2203 1348 2230; x_wconf 81' lang='lat' dir='ltr'><strong>adeo</strong></span> <span class='ocrx_word' id='word_1_703' title='bbox 1357 2201 1462 2235; x_wconf 82' lang='lat' dir='ltr'><strong>dilexit,</strong></span> <span class='ocrx_word' id='word_1_704' title='bbox 1478 2202 1616 2238; x_wconf 86' lang='lat' dir='ltr'><strong>tantisque</strong></span> <span class='ocrx_word' id='word_1_705' title='bbox 1630 2203 1772 2231; x_wconf 79' lang='lat' dir='ltr'><strong>beneﬂciis</strong></span> 
     </span>
    </p>
   </div>
   <div class='ocr_carea' id='block_1_93' title="bbox 154 2249 937 2284">
    <p class='ocr_par' dir='ltr' id='par_1_93' title="bbox 154 2249 937 2284">
     <span class='ocr_line' id='line_1_93' title="bbox 154 2249 937 2284; baseline -0.003 -7"><span class='ocrx_word' id='word_1_706' title='bbox 154 2252 208 2281; x_wconf 84' lang='grc' dir='ltr'>τοῖς</span> <span class='ocrx_word' id='word_1_707' title='bbox 223 2251 405 2284; x_wconf 81' lang='grc' dir='ltr'>φιλουμένοις,</span> <span class='ocrx_word' id='word_1_708' title='bbox 418 2250 507 2277; x_wconf 81' lang='grc' dir='ltr'>πᾶσαν</span> <span class='ocrx_word' id='word_1_709' title='bbox 521 2250 613 2277; x_wconf 83' lang='grc' dir='ltr'>εἰκόνα</span> <span class='ocrx_word' id='word_1_710' title='bbox 626 2250 674 2276; x_wconf 78' lang='grc' dir='ltr'><strong>καὶ</strong></span> <span class='ocrx_word' id='word_1_711' title='bbox 685 2250 775 2276; x_wconf 75' lang='grc' dir='ltr'>πᾶσαν</span> <span class='ocrx_word' id='word_1_712' title='bbox 798 2249 937 2284; x_wconf 73' lang='grc' dir='ltr'>ἐπωνυμί-</span> 
     </span>
    </p>
   </div>
   <div class='ocr_carea' id='block_1_94' title="bbox 155 2295 935 2332">
    <p class='ocr_par' dir='ltr' id='par_1_94' title="bbox 155 2295 935 2332">
     <span class='ocr_line' id='line_1_94' title="bbox 155 2295 935 2332; baseline -0.001 -9"><span class='ocrx_word' id='word_1_713' title='bbox 155 2306 188 2324; x_wconf 89' lang='grc' dir='ltr'><strong>αν</strong></span> <span class='ocrx_word' id='word_1_714' title='bbox 206 2298 277 2332; x_wconf 82' lang='grc' dir='ltr'>νικᾷ,</span> <span class='ocrx_word' id='word_1_715' title='bbox 293 2297 364 2323; x_wconf 81' lang='grc' dir='ltr'>οῦτω</span> <span class='ocrx_word' id='word_1_716' title='bbox 380 2297 428 2323; x_wconf 81' lang='grc' dir='ltr'><strong>καὶ</strong></span> <span class='ocrx_word' id='word_1_717' title='bbox 446 2297 460 2323; x_wconf 82' lang='grc' dir='ltr'><strong><em>ὸ</em></strong></span> <span class='ocrx_word' id='word_1_718' title='bbox 482 2296 592 2331; x_wconf 80' lang='grc' dir='ltr'>τρόπος,</span> <span class='ocrx_word' id='word_1_719' title='bbox 620 2295 682 2322; x_wconf 82' lang='grc' dir='ltr'>καθ’</span> <span class='ocrx_word' id='word_1_720' title='bbox 696 2295 726 2322; x_wconf 81' lang='grc' dir='ltr'>ὃν</span> <span class='ocrx_word' id='word_1_721' title='bbox 757 2295 865 2322; x_wconf 75' lang='grc' dir='ltr'>σύνεστι</span> <span class='ocrx_word' id='word_1_722' title='bbox 887 2296 935 2323; x_wconf 79' lang='grc' dir='ltr'>καὶ</span> 
     </span>
    </p>
   </div>
   <div class='ocr_carea' id='block_1_95' title="bbox 155 2341 937 2376">
    <p class='ocr_par' dir='ltr' id='par_1_95' title="bbox 155 2341 937 2376">
     <span class='ocr_line' id='line_1_95' title="bbox 155 2341 937 2376; baseline -0.003 -7"><span class='ocrx_word' id='word_1_723' title='bbox 155 2344 268 2376; x_wconf 52' lang='lat' dir='ltr'><strong>succisi,</strong></span> <span class='ocrx_word' id='word_1_724' title='bbox 285 2342 449 2376; x_wconf 80' lang='grc' dir='ltr'>θαυμαστὸς,</span> <span class='ocrx_word' id='word_1_725' title='bbox 464 2343 511 2370; x_wconf 74' lang='grc' dir='ltr'>καὶ</span> <span class='ocrx_word' id='word_1_726' title='bbox 523 2342 561 2376; x_wconf 86' lang='grc' dir='ltr'>τῷ</span> <span class='ocrx_word' id='word_1_727' title='bbox 573 2341 717 2376; x_wconf 82' lang='grc' dir='ltr'>θαυμαστὰ</span> <span class='ocrx_word' id='word_1_728' title='bbox 731 2341 853 2368; x_wconf 80' lang='grc' dir='ltr'>ποιοῦντι</span> <span class='ocrx_word' id='word_1_729' title='bbox 864 2341 937 2376; x_wconf 84' lang='grc' dir='ltr'>μόνῳ</span> 
     </span>
    </p>
   </div>
   <div class='ocr_carea' id='block_1_96' title="bbox 155 2387 937 2425">
    <p class='ocr_par' dir='ltr' id='par_1_96' title="bbox 155 2387 937 2425">
     <span class='ocr_line' id='line_1_96' title="bbox 155 2387 937 2425; baseline -0.003 -9"><span class='ocrx_word' id='word_1_730' title='bbox 155 2389 313 2425; x_wconf 80' lang='grc' dir='ltr'>προσήκων.</span> <span class='ocrx_word' id='word_1_731' title='bbox 326 2389 377 2415; x_wconf 86' lang='grc' dir='ltr'><strong>Τδν</strong></span> <span class='ocrx_word' id='word_1_732' title='bbox 394 2389 447 2424; x_wconf 78' lang='grc' dir='ltr'><strong>γὰρ</strong></span> <span class='ocrx_word' id='word_1_733' title='bbox 462 2388 588 2420; x_wconf 75' lang='grc' dir='ltr'>θάνατον,</span> <span class='ocrx_word' id='word_1_734' title='bbox 616 2387 647 2414; x_wconf 75' lang='grc' dir='ltr'>ὃν</span> <span class='ocrx_word' id='word_1_735' title='bbox 660 2387 767 2422; x_wconf 82' lang='grc' dir='ltr'>ἀληθῶς</span> <span class='ocrx_word' id='word_1_736' title='bbox 795 2387 865 2422; x_wconf 62' lang='grc' dir='ltr'>ὑπὲρ</span> <span class='ocrx_word' id='word_1_737' title='bbox 887 2389 937 2424; x_wconf 81' lang='grc' dir='ltr'><strong>τῆς</strong></span> 
     </span>
    </p>
   </div>
   <div class='ocr_carea' id='block_1_97' title="bbox 156 2433 935 2471">
    <p class='ocr_par' dir='ltr' id='par_1_97' title="bbox 156 2433 935 2471">
     <span class='ocr_line' id='line_1_97' title="bbox 156 2433 935 2471; baseline -0.003 -9"><span class='ocrx_word' id='word_1_738' title='bbox 156 2436 292 2471; x_wconf 82' lang='grc' dir='ltr'>ἡμετέρας</span> <span class='ocrx_word' id='word_1_739' title='bbox 306 2435 379 2470; x_wconf 82' lang='grc' dir='ltr'>ζωῆς</span> <span class='ocrx_word' id='word_1_740' title='bbox 391 2435 522 2468; x_wconf 77' lang='grc' dir='ltr'>ἀπέθανε,</span> <span class='ocrx_word' id='word_1_741' title='bbox 541 2433 686 2470; x_wconf 76' lang='grc' dir='ltr'>συμϐόλοις</span> <span class='ocrx_word' id='word_1_742' title='bbox 719 2434 776 2461; x_wconf 76' lang='grc' dir='ltr'>τισὶ</span> <span class='ocrx_word' id='word_1_743' title='bbox 808 2434 935 2470; x_wconf 80' lang='grc' dir='ltr'>καθάπερ</span> 
     </span>
    </p>
   </div>
   <div class='ocr_carea' id='block_1_98' title="bbox 156 2481 940 2517">
    <p class='ocr_par' dir='ltr' id='par_1_98' title="bbox 156 2481 940 2517">
     <span class='ocr_line' id='line_1_98' title="bbox 156 2481 940 2517; baseline -0.001 -9"><span class='ocrx_word' id='word_1_744' title='bbox 156 2483 186 2508; x_wconf 69' lang='grc' dir='ltr'>ιν</span> <span class='ocrx_word' id='word_1_745' title='bbox 205 2483 296 2517; x_wconf 82' lang='grc' dir='ltr'>γραφῇ</span> <span class='ocrx_word' id='word_1_746' title='bbox 315 2481 501 2517; x_wconf 81' lang='grc' dir='ltr'>μιμουμένους</span> <span class='ocrx_word' id='word_1_747' title='bbox 515 2481 676 2516; x_wconf 82' lang='grc' dir='ltr'>πράγμασιν</span> <span class='ocrx_word' id='word_1_748' title='bbox 690 2481 781 2513; x_wconf 74' lang='grc' dir='ltr'>αὐτοῖς</span> <span class='ocrx_word' id='word_1_749' title='bbox 797 2481 940 2508; x_wconf 76' lang='grc' dir='ltr'>ἀνακαινί-</span> 
     </span>
    </p>
   </div>
   <div class='ocr_carea' id='block_1_99' title="bbox 157 2526 941 2561">
    <p class='ocr_par' dir='ltr' id='par_1_99' title="bbox 157 2526 941 2561">
     <span class='ocr_line' id='line_1_99' title="bbox 157 2526 941 2561; baseline -0.003 -6"><span class='ocrx_word' id='word_1_750' title='bbox 157 2528 199 2561; x_wconf 71' lang='lat' dir='ltr'><strong>{st</strong></span> <span class='ocrx_word' id='word_1_751' title='bbox 213 2529 259 2555; x_wconf 77' lang='grc' dir='ltr'>καὶ</span> <span class='ocrx_word' id='word_1_752' title='bbox 275 2526 441 2555; x_wconf 78' lang='grc' dir='ltr'>ἀναπλάττει</span> <span class='ocrx_word' id='word_1_753' title='bbox 452 2527 498 2553; x_wconf 73' lang='grc' dir='ltr'>ταὶ</span> <span class='ocrx_word' id='word_1_754' title='bbox 513 2527 562 2559; x_wconf 76' lang='grc' dir='ltr'><strong>τῆς</strong></span> <span class='ocrx_word' id='word_1_755' title='bbox 577 2526 674 2553; x_wconf 78' lang='grc' dir='ltr'>ἑαυτοῦ</span> <span class='ocrx_word' id='word_1_756' title='bbox 701 2526 845 2558; x_wconf 84' lang='grc' dir='ltr'>κοινωνοὺς</span> <span class='ocrx_word' id='word_1_757' title='bbox 856 2528 941 2554; x_wconf 73' lang='grc' dir='ltr'>ποιεῖ-</span> 
     </span>
    </p>
   </div>
   <div class='ocr_carea' id='block_1_100' title="bbox 157 2574 302 2610">
    <p class='ocr_par' dir='ltr' id='par_1_100' title="bbox 157 2574 302 2610">
     <span class='ocr_line' id='line_1_100' title="bbox 157 2574 302 2610; baseline -0.007 -8"><span class='ocrx_word' id='word_1_758' title='bbox 157 2583 203 2602; x_wconf 90' lang='grc' dir='ltr'><strong>ται</strong></span> <span class='ocrx_word' id='word_1_759' title='bbox 218 2574 302 2610; x_wconf 77' lang='grc' dir='ltr'>ζωῆς.</span> 
     </span>
    </p>
   </div>
   <div class='ocr_carea' id='block_1_101' title="bbox 201 2664 942 2704">
    <p class='ocr_par' dir='ltr' id='par_1_101' title="bbox 201 2664 942 2704">
     <span class='ocr_line' id='line_1_101' title="bbox 201 2664 942 2704; baseline -0.008 -7"><span class='ocrx_word' id='word_1_760' title='bbox 201 2669 263 2697; x_wconf 85' lang='grc' dir='ltr'><strong>Ἐπὶ</strong></span> <span class='ocrx_word' id='word_1_761' title='bbox 275 2669 330 2704; x_wconf 85' lang='grc' dir='ltr'>γὰρ</span> <span class='ocrx_word' id='word_1_762' title='bbox 338 2667 393 2696; x_wconf 87' lang='grc' dir='ltr'><strong>τῶν</strong></span> <span class='ocrx_word' id='word_1_763' title='bbox 405 2667 562 2703; x_wconf 83' lang='grc' dir='ltr'>μυστηρίων</span> <span class='ocrx_word' id='word_1_764' title='bbox 582 2666 637 2694; x_wconf 82' lang='grc' dir='ltr'><strong>τῶν</strong></span> <span class='ocrx_word' id='word_1_765' title='bbox 648 2666 729 2702; x_wconf 78' lang='grc' dir='ltr'>ιερῶν</span> <span class='ocrx_word' id='word_1_766' title='bbox 740 2666 787 2693; x_wconf 69' lang='grc' dir='ltr'>τὸν</span> <span class='ocrx_word' id='word_1_767' title='bbox 798 2665 883 2700; x_wconf 86' lang='grc' dir='ltr'>τάφον</span> <span class='ocrx_word' id='word_1_768' title='bbox 894 2664 942 2691; x_wconf 80' lang='grc' dir='ltr'><strong>αὐ-</strong></span> 
     </span>
    </p>
   </div>
   <div class='ocr_carea' id='block_1_102' title="bbox 159 2712 942 2751">
    <p class='ocr_par' dir='ltr' id='par_1_102' title="bbox 159 2712 942 2751">
     <span class='ocr_line' id='line_1_102' title="bbox 159 2712 942 2751; baseline -0.008 -7"><span class='ocrx_word' id='word_1_769' title='bbox 159 2715 206 2744; x_wconf 91' lang='grc' dir='ltr'><strong>τοῦ</strong></span> <span class='ocrx_word' id='word_1_770' title='bbox 221 2715 375 2751; x_wconf 81' lang='grc' dir='ltr'>γράφοντες</span> <span class='ocrx_word' id='word_1_771' title='bbox 386 2715 434 2742; x_wconf 76' lang='grc' dir='ltr'>καὶ</span> <span class='ocrx_word' id='word_1_772' title='bbox 447 2715 492 2741; x_wconf 62' lang='grc' dir='ltr'><strong>τὸν</strong></span> <span class='ocrx_word' id='word_1_773' title='bbox 508 2714 623 2741; x_wconf 77' lang='grc' dir='ltr'>θάνατον</span> <span class='ocrx_word' id='word_1_774' title='bbox 643 2713 727 2740; x_wconf 77' lang='grc' dir='ltr'>αὑτοῦ</span> <span class='ocrx_word' id='word_1_775' title='bbox 740 2712 942 2746; x_wconf 85' lang='grc' dir='ltr'>καταγγέλλον-</span> 
     </span>
    </p>
   </div>
   <div class='ocr_carea' id='block_1_103' title="bbox 160 2758 944 2797">
    <p class='ocr_par' dir='ltr' id='par_1_103' title="bbox 160 2758 944 2797">
     <span class='ocr_line' id='line_1_103' title="bbox 160 2758 944 2797; baseline -0.008 -8"><span class='ocrx_word' id='word_1_776' title='bbox 160 2771 216 2796; x_wconf 80' lang='grc' dir='ltr'>τες,</span> <span class='ocrx_word' id='word_1_777' title='bbox 231 2762 265 2790; x_wconf 74' lang='grc' dir='ltr'><strong>δι’</strong></span> <span class='ocrx_word' id='word_1_778' title='bbox 276 2762 365 2789; x_wconf 78' lang='grc' dir='ltr'>αὐτῶν</span> <span class='ocrx_word' id='word_1_779' title='bbox 380 2761 540 2797; x_wconf 64' lang='grc' dir='ltr'>γενώμεθα</span> <span class='ocrx_word' id='word_1_780' title='bbox 551 2761 598 2788; x_wconf 81' lang='grc' dir='ltr'>καὶ</span> <span class='ocrx_word' id='word_1_781' title='bbox 612 2759 784 2794; x_wconf 74' lang='grc' dir='ltr'>πλαττόμεθα</span> <span class='ocrx_word' id='word_1_782' title='bbox 799 2758 846 2785; x_wconf 82' lang='grc' dir='ltr'>καὶ</span> <span class='ocrx_word' id='word_1_783' title='bbox 861 2758 944 2792; x_wconf 84' lang='grc' dir='ltr'>ὑπερ-</span> 
     </span>
    </p>
   </div>
   <div class='ocr_carea' id='block_1_104' title="bbox 163 2803 943 2844">
    <p class='ocr_par' dir='ltr' id='par_1_104' title="bbox 163 2803 943 2844">
     <span class='ocr_line' id='line_1_104' title="bbox 163 2803 943 2844; baseline -0.008 -8"><span class='ocrx_word' id='word_1_784' title='bbox 163 2809 239 2844; x_wconf 74' lang='grc' dir='ltr'>φυῶς</span> <span class='ocrx_word' id='word_1_785' title='bbox 259 2808 453 2844; x_wconf 82' lang='grc' dir='ltr'>συναπτόμεθα</span> <span class='ocrx_word' id='word_1_786' title='bbox 463 2807 502 2844; x_wconf 83' lang='grc' dir='ltr'><strong>τῷ</strong></span> <span class='ocrx_word' id='word_1_787' title='bbox 517 2807 625 2843; x_wconf 85' lang='grc' dir='ltr'>Σωτῆρι</span> <span class='ocrx_word' id='word_1_788' title='bbox 635 2814 642 2821; x_wconf 81' lang='grc'><strong><em>⁸</em></strong></span> <span class='ocrx_word' id='word_1_789' title='bbox 657 2807 743 2833; x_wconf 79' lang='grc' dir='ltr'>ταῦτα</span> <span class='ocrx_word' id='word_1_790' title='bbox 757 2805 813 2840; x_wconf 86' lang='grc' dir='ltr'><strong>γάρ</strong></span> <span class='ocrx_word' id='word_1_791' title='bbox 826 2805 895 2837; x_wconf 73' lang='grc' dir='ltr'>ἐστι,</span> <span class='ocrx_word' id='word_1_792' title='bbox 908 2803 943 2830; x_wconf 82' lang='grc' dir='ltr'><strong>δι’</strong></span> 
     </span>
    </p>
   </div>
   <div class='ocr_carea' id='block_1_105' title="bbox 990 2249 1783 2284">
    <p class='ocr_par' dir='ltr' id='par_1_105' title="bbox 990 2249 1783 2284">
     <span class='ocr_line' id='line_1_105' title="bbox 990 2249 1783 2284; baseline 0.001 -8"><span class='ocrx_word' id='word_1_793' title='bbox 990 2249 1151 2281; x_wconf 85' lang='lat' dir='ltr'><strong>cumulavit,</strong></span> <span class='ocrx_word' id='word_1_794' title='bbox 1163 2249 1236 2276; x_wconf 87' lang='lat' dir='ltr'><strong>nulla</strong></span> <span class='ocrx_word' id='word_1_795' title='bbox 1256 2249 1349 2283; x_wconf 79' lang='lat' dir='ltr'><strong>lingua</strong></span> <span class='ocrx_word' id='word_1_796' title='bbox 1364 2252 1561 2284; x_wconf 83' lang='lat' dir='ltr'><strong>consequatur:</strong></span> <span class='ocrx_word' id='word_1_797' title='bbox 1575 2253 1603 2276; x_wconf 85' lang='lat' dir='ltr'><strong>et</strong></span> <span class='ocrx_word' id='word_1_798' title='bbox 1620 2253 1649 2276; x_wconf 86' lang='lat' dir='ltr'><strong>ut</strong></span> <span class='ocrx_word' id='word_1_799' title='bbox 1660 2249 1783 2284; x_wconf 72' lang='lat' dir='ltr'><strong>proinde-</strong></span> 
     </span>
    </p>
   </div>
   <div class='ocr_carea' id='block_1_106' title="bbox 990 2295 1774 2330">
    <p class='ocr_par' dir='ltr' id='par_1_106' title="bbox 990 2295 1774 2330">
     <span class='ocr_line' id='line_1_106' title="bbox 990 2295 1774 2330; baseline 0.001 -8"><span class='ocrx_word' id='word_1_800' title='bbox 990 2295 1148 2330; x_wconf 87' lang='lat' dir='ltr'><strong>eonjunctio</strong></span> <span class='ocrx_word' id='word_1_801' title='bbox 1168 2295 1239 2330; x_wconf 82' lang='lat' dir='ltr'><strong>ejus,</strong></span> <span class='ocrx_word' id='word_1_802' title='bbox 1265 2303 1318 2330; x_wconf 84' lang='lat' dir='ltr'><strong>qua</strong></span> <span class='ocrx_word' id='word_1_803' title='bbox 1335 2295 1432 2322; x_wconf 75' lang='lat' dir='ltr'><strong>amicis</strong></span> <span class='ocrx_word' id='word_1_804' title='bbox 1446 2295 1503 2322; x_wconf 82' lang='lat' dir='ltr'><strong>suis</strong></span> <span class='ocrx_word' id='word_1_805' title='bbox 1517 2295 1680 2328; x_wconf 79' lang='lat' dir='ltr'><strong>devincitur,</strong></span> <span class='ocrx_word' id='word_1_806' title='bbox 1713 2303 1774 2323; x_wconf 85' lang='lat' dir='ltr'><strong>om-</strong></span> 
     </span>
    </p>
   </div>
   <div class='ocr_carea' id='block_1_107' title="bbox 991 2341 1775 2377">
    <p class='ocr_par' dir='ltr' id='par_1_107' title="bbox 991 2341 1775 2377">
     <span class='ocr_line' id='line_1_107' title="bbox 991 2341 1775 2377; baseline 0.001 -8"><span class='ocrx_word' id='word_1_807' title='bbox 991 2349 1053 2369; x_wconf 78' lang='lat' dir='ltr'><strong>nem</strong></span> <span class='ocrx_word' id='word_1_808' title='bbox 1065 2349 1126 2377; x_wconf 72' lang='lat' dir='ltr'><strong>quae</strong></span> <span class='ocrx_word' id='word_1_809' title='bbox 1134 2341 1374 2369; x_wconf 73' lang='lat' dir='ltr'><strong>animoinformari</strong></span> <span class='ocrx_word' id='word_1_810' title='bbox 1395 2345 1442 2368; x_wconf 86' lang='lat' dir='ltr'><strong>aut</strong></span> <span class='ocrx_word' id='word_1_811' title='bbox 1453 2341 1587 2369; x_wconf 88' lang='lat' dir='ltr'><strong>nominari</strong></span> <span class='ocrx_word' id='word_1_812' title='bbox 1600 2346 1699 2376; x_wconf 83' lang='lat' dir='ltr'><strong>potest,</strong></span> <span class='ocrx_word' id='word_1_813' title='bbox 1709 2348 1775 2370; x_wconf 86' lang='lat' dir='ltr'><strong>con-</strong></span> 
     </span>
    </p>
   </div>
   <div class='ocr_carea' id='block_1_108' title="bbox 989 2387 1786 2424">
    <p class='ocr_par' dir='ltr' id='par_1_108' title="bbox 989 2387 1786 2424">
     <span class='ocr_line' id='line_1_108' title="bbox 989 2387 1786 2424; baseline 0.001 -9"><span class='ocrx_word' id='word_1_814' title='bbox 989 2388 1155 2423; x_wconf 78' lang='lat' dir='ltr'><strong>junctionem</strong></span> <span class='ocrx_word' id='word_1_815' title='bbox 1171 2392 1234 2423; x_wconf 85' lang='lat' dir='ltr'><strong>post</strong></span> <span class='ocrx_word' id='word_1_816' title='bbox 1247 2395 1277 2416; x_wconf 87' lang='lat' dir='ltr'><strong>se</strong></span> <span class='ocrx_word' id='word_1_817' title='bbox 1295 2387 1424 2423; x_wconf 88' lang='lat' dir='ltr'><strong>relinquit</strong></span> <span class='ocrx_word' id='word_1_818' title='bbox 1435 2396 1446 2421; x_wconf 87' lang='lat'><strong>;</strong></span> <span class='ocrx_word' id='word_1_819' title='bbox 1459 2387 1500 2415; x_wconf 87' lang='lat' dir='ltr'><strong>sic</strong></span> <span class='ocrx_word' id='word_1_820' title='bbox 1511 2387 1576 2415; x_wconf 82' lang='lat' dir='ltr'><strong>item</strong></span> <span class='ocrx_word' id='word_1_821' title='bbox 1605 2389 1702 2416; x_wconf 89' lang='lat' dir='ltr'><strong>modus</strong></span> <span class='ocrx_word' id='word_1_822' title='bbox 1719 2395 1786 2424; x_wconf 88' lang='lat' dir='ltr'><strong>quo-</strong></span> 
     </span>
    </p>
   </div>
   <div class='ocr_carea' id='block_1_109' title="bbox 991 2432 1776 2468">
    <p class='ocr_par' dir='ltr' id='par_1_109' title="bbox 991 2432 1776 2468">
     <span class='ocr_line' id='line_1_109' title="bbox 991 2432 1776 2468; baseline -0.003 -6"><span class='ocrx_word' id='word_1_823' title='bbox 991 2435 1069 2462; x_wconf 87' lang='lat' dir='ltr'><strong>adest</strong></span> <span class='ocrx_word' id='word_1_824' title='bbox 1092 2438 1120 2462; x_wconf 85' lang='lat' dir='ltr'><strong>et</strong></span> <span class='ocrx_word' id='word_1_825' title='bbox 1132 2434 1274 2467; x_wconf 82' lang='lat' dir='ltr'><strong>benefacit,</strong></span> <span class='ocrx_word' id='word_1_826' title='bbox 1292 2433 1471 2461; x_wconf 86' lang='lat' dir='ltr'><strong>admiratione</strong></span> <span class='ocrx_word' id='word_1_827' title='bbox 1491 2432 1601 2468; x_wconf 86' lang='lat' dir='ltr'><strong>dignus,</strong></span> <span class='ocrx_word' id='word_1_828' title='bbox 1617 2437 1644 2460; x_wconf 88' lang='lat' dir='ltr'><strong>et</strong></span> <span class='ocrx_word' id='word_1_829' title='bbox 1664 2432 1776 2460; x_wconf 81' lang='lat' dir='ltr'><strong>facienti</strong></span> 
     </span>
    </p>
   </div>
   <div class='ocr_carea' id='block_1_110' title="bbox 992 2477 1774 2513">
    <p class='ocr_par' dir='ltr' id='par_1_110' title="bbox 992 2477 1774 2513">
     <span class='ocr_line' id='line_1_110' title="bbox 992 2477 1774 2513; baseline -0.005 -5"><span class='ocrx_word' id='word_1_830' title='bbox 992 2480 1127 2508; x_wconf 75' lang='lat' dir='ltr'><strong>mirabilia</strong></span> <span class='ocrx_word' id='word_1_831' title='bbox 1138 2480 1190 2508; x_wconf 89' lang='lat' dir='ltr'><strong>soli</strong></span> <span class='ocrx_word' id='word_1_832' title='bbox 1216 2479 1383 2508; x_wconf 85' lang='lat' dir='ltr'><strong>conveniens</strong></span> <span class='ocrx_word' id='word_1_833' title='bbox 1403 2484 1453 2507; x_wconf 84' lang='lat' dir='ltr'><strong>est.</strong></span> <span class='ocrx_word' id='word_1_834' title='bbox 1471 2477 1585 2506; x_wconf 82' lang='lat' dir='ltr'><strong>Mortem</strong></span> <span class='ocrx_word' id='word_1_835' title='bbox 1596 2478 1680 2510; x_wconf 89' lang='lat' dir='ltr'><strong>enim,</strong></span> <span class='ocrx_word' id='word_1_836' title='bbox 1694 2485 1774 2513; x_wconf 82' lang='lat' dir='ltr'><strong>quam</strong></span> 
     </span>
    </p>
   </div>
   <div class='ocr_carea' id='block_1_111' title="bbox 993 2523 1776 2562">
    <p class='ocr_par' dir='ltr' id='par_1_111' title="bbox 993 2523 1776 2562">
     <span class='ocr_line' id='line_1_111' title="bbox 993 2523 1776 2562; baseline -0.005 -8"><span class='ocrx_word' id='word_1_837' title='bbox 993 2527 1050 2562; x_wconf 87' lang='lat' dir='ltr'><strong>ipse</strong></span> <span class='ocrx_word' id='word_1_838' title='bbox 1063 2533 1112 2561; x_wconf 88' lang='lat' dir='ltr'><strong>pro</strong></span> <span class='ocrx_word' id='word_1_839' title='bbox 1136 2527 1193 2554; x_wconf 77' lang='lat' dir='ltr'><strong>vita</strong></span> <span class='ocrx_word' id='word_1_840' title='bbox 1208 2530 1302 2554; x_wconf 83' lang='lat' dir='ltr'><strong>nostra</strong></span> <span class='ocrx_word' id='word_1_841' title='bbox 1315 2533 1378 2554; x_wconf 83' lang='lat' dir='ltr'><strong>vere</strong></span> <span class='ocrx_word' id='word_1_842' title='bbox 1388 2525 1466 2559; x_wconf 84' lang='lat' dir='ltr'><strong>obiit,</strong></span> <span class='ocrx_word' id='word_1_843' title='bbox 1479 2524 1565 2560; x_wconf 89' lang='lat' dir='ltr'><strong>signis</strong></span> <span class='ocrx_word' id='word_1_844' title='bbox 1588 2529 1616 2552; x_wconf 88' lang='lat' dir='ltr'><strong>et</strong></span> <span class='ocrx_word' id='word_1_845' title='bbox 1629 2523 1702 2551; x_wconf 88' lang='lat' dir='ltr'><strong>notis</strong></span> <span class='ocrx_word' id='word_1_846' title='bbox 1715 2523 1776 2558; x_wconf 83' lang='lat' dir='ltr'><strong>qui-</strong></span> 
     </span>
    </p>
   </div>
   <div class='ocr_carea' id='block_1_112' title="bbox 992 2570 1777 2608">
    <p class='ocr_par' dir='ltr' id='par_1_112' title="bbox 992 2570 1777 2608">
     <span class='ocr_line' id='line_1_112' title="bbox 992 2570 1777 2608; baseline -0.006 -7"><span class='ocrx_word' id='word_1_847' title='bbox 992 2573 1120 2605; x_wconf 77' lang='lat' dir='ltr'><strong>busdam.</strong></span> <span class='ocrx_word' id='word_1_848' title='bbox 1140 2573 1212 2600; x_wconf 85' lang='lat' dir='ltr'><strong>velut</strong></span> <span class='ocrx_word' id='word_1_849' title='bbox 1224 2572 1252 2600; x_wconf 90' lang='lat' dir='ltr'><strong>in</strong></span> <span class='ocrx_word' id='word_1_850' title='bbox 1266 2573 1371 2608; x_wconf 84' lang='lat' dir='ltr'><strong>pictura</strong></span> <span class='ocrx_word' id='word_1_851' title='bbox 1386 2572 1537 2604; x_wconf 78' lang='lat' dir='ltr'><strong>imitantes,</strong></span> <span class='ocrx_word' id='word_1_852' title='bbox 1557 2571 1640 2598; x_wconf 83' lang='lat' dir='ltr'><strong>rebus</strong></span> <span class='ocrx_word' id='word_1_853' title='bbox 1655 2570 1721 2605; x_wconf 86' lang='lat' dir='ltr'><strong>ipsis</strong></span> <span class='ocrx_word' id='word_1_854' title='bbox 1732 2576 1777 2596; x_wconf 88' lang='lat' dir='ltr'><strong>rc-</strong></span> 
     </span>
    </p>
   </div>
   <div class='ocr_carea' id='block_1_113' title="bbox 993 2618 1777 2651">
    <p class='ocr_par' dir='ltr' id='par_1_113' title="bbox 993 2618 1777 2651">
     <span class='ocr_line' id='line_1_113' title="bbox 993 2618 1777 2651; baseline -0.005 -6"><span class='ocrx_word' id='word_1_855' title='bbox 993 2623 1076 2646; x_wconf 86' lang='lat' dir='ltr'><strong>novst</strong></span> <span class='ocrx_word' id='word_1_856' title='bbox 1089 2622 1116 2645; x_wconf 87' lang='lat' dir='ltr'><strong>et</strong></span> <span class='ocrx_word' id='word_1_857' title='bbox 1130 2619 1282 2651; x_wconf 80' lang='lat' dir='ltr'><strong>instaurat,</strong></span> <span class='ocrx_word' id='word_1_858' title='bbox 1307 2625 1340 2646; x_wconf 85' lang='lat' dir='ltr'><strong>ac</strong></span> <span class='ocrx_word' id='word_1_859' title='bbox 1351 2618 1414 2646; x_wconf 74' lang='lat' dir='ltr'><strong>vitae</strong></span> <span class='ocrx_word' id='word_1_860' title='bbox 1429 2625 1484 2646; x_wconf 68' lang='lat' dir='ltr'><strong>sure</strong></span> <span class='ocrx_word' id='word_1_861' title='bbox 1499 2622 1640 2646; x_wconf 83' lang='lat' dir='ltr'><strong>consortes</strong></span> <span class='ocrx_word' id='word_1_862' title='bbox 1654 2618 1777 2650; x_wconf 79' lang='lat' dir='ltr'><strong>praestat.</strong></span> 
     </span>
    </p>
   </div>
   <div class='ocr_carea' id='block_1_114' title="bbox 1023 2659 1777 2699">
    <p class='ocr_par' dir='ltr' id='par_1_114' title="bbox 1023 2659 1777 2699">
     <span class='ocr_line' id='line_1_114' title="bbox 1023 2659 1777 2699; baseline -0.005 -9"><span class='ocrx_word' id='word_1_863' title='bbox 1023 2663 1052 2691; x_wconf 88' lang='lat' dir='ltr'><strong>in</strong></span> <span class='ocrx_word' id='word_1_864' title='bbox 1063 2664 1147 2692; x_wconf 78' lang='lat' dir='ltr'><strong>sacris</strong></span> <span class='ocrx_word' id='word_1_865' title='bbox 1158 2671 1274 2698; x_wconf 87' lang='lat' dir='ltr'><strong>namque</strong></span> <span class='ocrx_word' id='word_1_866' title='bbox 1291 2663 1591 2699; x_wconf 83' lang='lat' dir='ltr'><strong>mysteriissepulturam</strong></span> <span class='ocrx_word' id='word_1_867' title='bbox 1603 2661 1662 2696; x_wconf 87' lang='lat' dir='ltr'><strong>ejus</strong></span> <span class='ocrx_word' id='word_1_868' title='bbox 1676 2659 1777 2687; x_wconf 82' lang='lat' dir='ltr'><strong>adum-</strong></span> 
     </span>
    </p>
   </div>
   <div class='ocr_carea' id='block_1_115' title="bbox 993 2709 1776 2744">
    <p class='ocr_par' dir='ltr' id='par_1_115' title="bbox 993 2709 1776 2744">
     <span class='ocr_line' id='line_1_115' title="bbox 993 2709 1776 2744; baseline -0.006 -8"><span class='ocrx_word' id='word_1_869' title='bbox 993 2709 1115 2741; x_wconf 87' lang='lat' dir='ltr'><strong>hrantes.</strong></span> <span class='ocrx_word' id='word_1_870' title='bbox 1126 2714 1153 2737; x_wconf 90' lang='lat' dir='ltr'><strong>et</strong></span> <span class='ocrx_word' id='word_1_871' title='bbox 1163 2714 1276 2737; x_wconf 87' lang='lat' dir='ltr'><strong>mortem</strong></span> <span class='ocrx_word' id='word_1_872' title='bbox 1285 2709 1489 2742; x_wconf 84' lang='lat' dir='ltr'><strong>annuntiantes,</strong></span> <span class='ocrx_word' id='word_1_873' title='bbox 1501 2715 1548 2744; x_wconf 86' lang='lat' dir='ltr'><strong>per</strong></span> <span class='ocrx_word' id='word_1_874' title='bbox 1559 2714 1590 2735; x_wconf 89' lang='lat' dir='ltr'><strong>ea</strong></span> <span class='ocrx_word' id='word_1_875' title='bbox 1603 2712 1776 2742; x_wconf 76' lang='lat' dir='ltr'><strong>generamur,</strong></span> 
     </span>
    </p>
   </div>
   <div class='ocr_carea' id='block_1_116' title="bbox 994 2753 1779 2790">
    <p class='ocr_par' dir='ltr' id='par_1_116' title="bbox 994 2753 1779 2790">
     <span class='ocr_line' id='line_1_116' title="bbox 994 2753 1779 2790; baseline -0.009 -6"><span class='ocrx_word' id='word_1_876' title='bbox 994 2760 1021 2784; x_wconf 84' lang='lat' dir='ltr'><strong>et</strong></span> <span class='ocrx_word' id='word_1_877' title='bbox 1033 2755 1170 2790; x_wconf 82' lang='lat' dir='ltr'><strong>(ingimur,</strong></span> <span class='ocrx_word' id='word_1_878' title='bbox 1185 2760 1212 2783; x_wconf 86' lang='lat' dir='ltr'><strong>et</strong></span> <span class='ocrx_word' id='word_1_879' title='bbox 1225 2756 1454 2784; x_wconf 79' lang='lat' dir='ltr'><strong>excellentissime</strong></span> <span class='ocrx_word' id='word_1_880' title='bbox 1477 2761 1538 2782; x_wconf 88' lang='lat' dir='ltr'><strong>cum</strong></span> <span class='ocrx_word' id='word_1_881' title='bbox 1564 2753 1707 2781; x_wconf 73' lang='lat' dir='ltr'><strong>Saluatore</strong></span> <span class='ocrx_word' id='word_1_882' title='bbox 1732 2757 1779 2778; x_wconf 79' lang='lat' dir='ltr'><strong>co-</strong></span> 
     </span>
    </p>
   </div>
   <div class='ocr_carea' id='block_1_117' title="bbox 995 2797 1781 2838">
    <p class='ocr_par' dir='ltr' id='par_1_117' title="bbox 995 2797 1781 2838">
     <span class='ocr_line' id='line_1_117' title="bbox 995 2797 1781 2838; baseline -0.006 -9"><span class='ocrx_word' id='word_1_883' title='bbox 995 2801 1153 2830; x_wconf 83' lang='lat' dir='ltr'><strong>alescimus.</strong></span> <span class='ocrx_word' id='word_1_884' title='bbox 1172 2802 1234 2831; x_wconf 65' lang='lat' dir='ltr'><strong>Haec</strong></span> <span class='ocrx_word' id='word_1_885' title='bbox 1246 2803 1317 2831; x_wconf 86' lang='lat' dir='ltr'><strong>enim</strong></span> <span class='ocrx_word' id='word_1_886' title='bbox 1331 2805 1405 2836; x_wconf 85' lang='lat' dir='ltr'><strong>sunt,</strong></span> <span class='ocrx_word' id='word_1_887' title='bbox 1419 2809 1466 2838; x_wconf 92' lang='lat' dir='ltr'><strong>per</strong></span> <span class='ocrx_word' id='word_1_888' title='bbox 1480 2807 1540 2836; x_wconf 83' lang='lat' dir='ltr'><strong>qua:</strong></span> <span class='ocrx_word' id='word_1_889' title='bbox 1550 2799 1577 2827; x_wconf 87' lang='lat' dir='ltr'><strong>in</strong></span> <span class='ocrx_word' id='word_1_890' title='bbox 1594 2797 1781 2834; x_wconf 78' lang='lat' dir='ltr'><strong>lpso,utPau-</strong></span> 
     </span>
    </p>
   </div>
   <div class='ocr_carea' id='block_1_118' title="bbox 202 2859 932 2897">
    <p class='ocr_par' dir='ltr' id='par_1_118' title="bbox 202 2859 915 2897">
     <span class='ocr_line' id='line_1_118' title="bbox 202 2859 915 2897; baseline -0.006 -3"><span class='ocrx_word' id='word_1_891' title='bbox 202 2866 221 2881; x_wconf 70' lang='grc' dir='ltr'><strong>ι·</strong></span> <span class='ocrx_word' id='word_1_892' title='bbox 239 2863 311 2894; x_wconf 81' lang='lat' dir='ltr'><strong>Psal.</strong></span> <span class='ocrx_word' id='word_1_893' title='bbox 327 2871 460 2897; x_wconf 74' lang='lat' dir='ltr'><strong>cxxxvm,</strong></span> <span class='ocrx_word' id='word_1_894' title='bbox 477 2862 551 2892; x_wconf 75' lang='lat'><strong>8-10.</strong></span> <span class='ocrx_word' id='word_1_895' title='bbox 589 2863 612 2879; x_wconf 83' lang='grc'><strong>²⁶</strong></span> <span class='ocrx_word' id='word_1_896' title='bbox 638 2862 705 2890; x_wconf 89' lang='lat' dir='ltr'><strong>Luc.</strong></span> <span class='ocrx_word' id='word_1_897' title='bbox 723 2871 779 2897; x_wconf 83' lang='lat' dir='ltr'><strong>xlv,</strong></span> <span class='ocrx_word' id='word_1_898' title='bbox 809 2861 854 2890; x_wconf 75' lang='lat'><strong>23.</strong></span> <span class='ocrx_word' id='word_1_899' title='bbox 894 2859 915 2877; x_wconf 85' lang='lat'><strong>&quot;</strong></span> 
     </span>
    </p>
   </div>
   <div class='ocr_carea' id='block_1_119' title="bbox 984 2859 1113 2897">
    <p class='ocr_par' dir='ltr' id='par_1_119' title="bbox 984 2859 1113 2894">
     <span class='ocr_line' id='line_1_119' title="bbox 984 2859 1113 2894; baseline 0.008 -7"><span class='ocrx_word' id='word_1_900' title='bbox 984 2859 1113 2894; x_wconf 73' lang='lat' dir='ltr'><strong>n.1x,5.</strong></span> 
     </span>
    </p>
   </div>
  </div>
