1976 3074
189 127 244 158 503

817 127 972 157 NlCOLAl
992 127 1185 158 CABASlLE

1757 119 1811 153 5M

192 186 235 213 lus
260 184 297 211 ait
309 185 342 216 ",
357 184 484 214 vivimus.
500 191 651 216 uteremur,
664 189 692 212 ct
707 192 818 218 sumus;
841 185 974 219 siquidem

1044 194 1063 211 ιν
1084 185 1113 211 ἒν
1130 183 1205 219 αὐτῷ
1220 182 1321 217 ζῶμεν,
1377 190 1458 217 φησιν
1472 180 1588 212 Παῦλος,
1602 180 1649 207 καὶ
1662 180 1812 214 κινούμεθα

191 231 326 265 baptisma
355 231 464 265 quidem
489 237 550 267 esse
577 235 604 257 et
633 237 745 264 prorsus
775 229 924 257 subsistere
951 230 976 256 in

191 277 300 304 Christo
326 276 452 310 largitur.
482 275 509 302 Id
539 276 610 303 enim
636 281 761 304 mortuos
802 277 978 311 perditosqne

190 322 373 356 complexum,
383 321 500 356 primum
516 321 542 347 in
556 321 637 349 vitam
656 322 812 349 introducit.
830 322 914 349 Sacra
928 330 978 348 au~

191 369 243 391 tem
259 364 352 392 unctio
374 370 467 393 natum
482 366 589 400 perficit
601 370 627 393 et
643 370 825 398 consummat,
843 367 977 393 actionem

190 411 237 438 tali
256 411 316 437 vita
326 411 533 445 respondentem
549 411 684 439 inserens.
701 411 795 439 Divina
813 412 910 439 deinde
923 411 979 439 Eu-

189 455 317 483 charistia
333 455 415 483 vitam
434 455 504 484 hanc
519 461 547 484 et
572 457 718 484 sanitatem
746 457 868 485 continet
898 462 980 492 atque

189 505 341 528 conservat.
365 501 446 528 Parta
475 502 548 529 enim
576 510 695 535 scrvare,
711 507 737 530 et
753 504 834 530 vitam
851 503 979 534 retinere,

189 547 270 581 panis
290 548 351 574 vitae
377 547 478 574 donum
500 555 531 575 ac
544 555 644 576 munus
658 554 709 576 est.
726 549 834 576 Idcirco
851 549 902 577 hoc
921 550 981 584 qni-

190 592 251 619 dem
267 600 335 627 pane
349 592 474 627 vivimus,
483 599 623 629 unguento
636 598 726 621 autem
737 601 888 626 movemur.
901 599 980 630 post-

190 646 272 674 quam
287 646 302 665 a
318 638 455 673 baptismo
485 640 642 674 accepimus
672 644 701 667 ut
715 647 849 668 essemus.
881 640 914 668 Et
930 641 982 669 hoc

191 691 271 719 pacto
288 685 406 712 vivimus
420 685 475 712 vita
506 686 608 713 mundo
623 686 676 714 isto
699 686 857 720 aspectabi-li
887 687 919 713 ad
943 687 983 714 in-

191 730 383 764 aspectabilem
394 738 536 764 conversa,
553 736 578 758 et
588 739 641 759 non
653 732 762 766 quidem
774 732 845 764 loco,
859 733 905 760 sed
928 733 982 760 vita

191 779 219 801 et
234 775 342 803 vivendi
360 776 511 804 rationibus
526 778 711 805 commutatis.
723 777 777 805 Nec
791 777 864 804 enim
880 777 932 812 ipsi
949 779 982 805 ad

193 820 277 848 Deum
294 822 379 849 evecti
395 830 502 856 sumus,
517 830 566 850 nec
578 824 611 850 ad
624 824 697 850 illum
710 824 900 857 ascendimus;
915 824 982 859 quin

193 866 237 893 ille
250 867 342 901 potius
355 867 388 894 ad
406 875 456 895 nos
474 869 557 901 venit,
575 874 601 896 et
618 869 768 902 descendit,
786 877 835 897 nec
846 877 896 897 nos
905 877 980 904 thIE-
998 863 1018 890 Β

193 913 315 946 sivimus,
333 913 502 953 sedfquatsitl
513 923 608 942 sumus
617 937 625 949 ,
634 915 696 948 quia
706 923 758 942 non
768 916 826 943 ovis
835 920 983 949 pastorem,

193 963 243 982 nec
257 956 385 984 drachma
410 958 633 992 patremfamilias
646 959 783 993 qua-sivit,
807 964 849 986 ast
875 959 932 991 ipse
952 960 986 986 de

193 1003 262 1030 ratio
276 1002 302 1029 in
314 1007 415 1030 terram
425 1005 610 1038 prosprxit,et
622 1005 727 1032 invenit
739 1006 882 1040 imaginem
896 1014 984 1038 snam,

194 1048 323 1082 venitque
341 1048 366 1075 in
383 1049 441 1076 loca
464 1049 491 1076 in
507 1050 606 1084 quibus
631 1051 741 1078 errabat
766 1052 836 1084 ovis,
851 1053 941 1086 [quam
958 1051 986 1078 in

195 1095 325 1121 humeros
337 1095 457 1127 sustulit.
469 1096 544 1129 etab
560 1097 678 1124 errando
694 1097 836 1125 cohibuit:
853 1106 906 1125 non
925 1099 987 1126 inde

196 1140 320 1170 homines
335 1141 534 1174 transferendo,
545 1143 590 1170 sed
604 1143 631 1170 in
647 1144 728 1171 terris
742 1149 881 1172 manentes
896 1150 922 1172 et
936 1153 988 1172 em-

198 1186 279 1213 Iestes
291 1186 417 1220 reddidit,
428 1191 454 1214 et
468 1187 548 1214 vitam
561 1188 596 1215 iis
606 1189 742 1216 caelestem
755 1190 914 1224 impertivit.
929 1191 987 1218 Non

198 1232 225 1261 in
239 1232 338 1260 malum
355 1240 405 1260 nos
426 1233 569 1267 subduxit,
584 1234 631 1262 sed
648 1237 745 1262 cretum
759 1236 792 1263 ad
809 1244 859 1264 nos
871 1237 988 1265 inclina-

197 1278 236 1305 vit
248 1282 275 1305 et
293 1278 415 1308 deduxit.
428 1279 638 1315 sicutPropheta
654 1282 708 1308 ait:
721 1282 880 1310 tlnelinavit
892 1284 987 1316 caelos,

198 1328 227 1350 et
246 1323 385 1351 descendit
398 1325 432 1352 ".
449 1334 458 1351 ι
475 1325 590 1354 Proinde
607 1334 654 1361 per
674 1327 730 1355 haec
750 1334 842 1356 sancta
860 1330 989 1365 mysteria

200 1372 330 1405 tauquam
355 1378 403 1404 per
429 1371 562 1400 fenestras
577 1372 602 1400 in
627 1374 801 1402 tenebrosum
813 1375 886 1402 hunc
910 1383 991 1403 mun-

200 1416 266 1445 dum
293 1416 339 1443 Sol
353 1416 466 1450 justilire
487 1417 648 1452 ingreditur,
664 1421 800 1455 vitamque
811 1421 875 1448 huic
891 1423 992 1449 mundo

201 1461 369 1489 conformem
384 1467 470 1490 morte
482 1463 575 1496 allicit,
587 1472 618 1492 ac
632 1465 772 1493 caelestem
785 1468 894 1499 excitat,
908 1474 935 1495 et
945 1469 990 1495 lux

1032 233 1077 258 καί
1096 230 1189 266 ἐσμέν.
1211 229 1289 256 Ἑπεί
1307 229 1338 256 τὸ
1359 229 1408 263 μὲν
1432 227 1576 263 βάπτισμα
1591 227 1622 253 τδ
1636 225 1707 253 εἰναι
1722 227 1815 253 δίδωσι

1032 277 1078 303 καὶ
1096 276 1163 307 ὅλως
1187 275 1339 308 ὑποστῆναι
1359 274 1429 300 κατὰ
1442 273 1562 308 Χριστόν
1576 281 1583 289 ·
1609 273 1689 299 τοῦτο
1705 272 1760 306 γὰρ
1773 280 1817 298 νε-

1033 322 1115 358 κροὺς
1132 321 1179 348 καὶ
1193 319 1416 354 ,διεφθαρμένους
1436 317 1596 353 παραλαὸὸν
1616 317 1656 348 εἰς
1678 317 1727 351 τὴν
1743 315 1818 350 ζωὴν

1033 368 1142 403 πρῶτον
1155 367 1272 400 εἰσάγει.
1290 365 1322 392 Ἦ
1337 365 1365 392 δὲ
1381 364 1427 391 τοῦ
1449 365 1537 399 μύρου
1552 363 1642 398 χρίσις
1655 362 1755 388 τελειοῖ
1769 362 1816 388 τὸν

1033 413 1234 448 γεγεννημένον
1246 413 1279 446 τῇ
1295 411 1383 445 τοιᾷδε
1400 410 1456 445 ζωῇ
1471 410 1664 446 προσήκουσαν
1677 408 1818 442 ἐνέργειαν

1034 459 1169 486 ἔντιθεϊσα
1182 466 1189 473 ·
1210 458 1226 492 ή
1242 457 1270 484 δὲ
1294 457 1353 483 θεία
1374 456 1536 491 εὐχαριστία
1560 455 1609 489 τὴν
1626 454 1701 489 ζωὴν
1716 453 1819 487 ταύτην

1035 506 1082 532 καὶ
1098 505 1146 540 τὴν
1159 505 1254 538 ὑγείαν
1273 504 1402 539 συντηρεῐ
1419 502 1466 529 καὶ
1480 502 1597 536 συνέχει.
1613 501 1649 527 Τὸ
1664 500 1718 533 γὰρ
1733 499 1820 526 σῶσαι

1034 552 1070 578 τὰ
1093 551 1228 586 κτηθέντα
1244 551 1291 576 καὶ
1314 549 1469 576 διατελέσαι
1494 546 1609 579 ζῶντας,
1637 547 1651 573 ὁ
1676 546 1726 579 τῆς
1747 544 1820 578 ζωῆς

1034 598 1141 626 δίδωσιν
1159 597 1241 632 ἄρτος
1255 604 1261 610 ·
1276 595 1320 622 διὰ
1345 594 1433 621 ταῦτα
1453 594 1541 628 τούτῳ
1560 592 1609 626 μὲν
1627 591 1667 626 τῷ
1680 591 1754 626 ἄρτιμ
1769 590 1822 622 ζῶ-

1037 653 1097 680 μεν,
1114 642 1264 677 κινούμεθα
1274 642 1302 669 δὲ
1313 641 1351 676 τῷ
1366 640 1443 675 μύρῳ
1455 640 1509 666 ἀπὸ
1521 639 1568 665 τοῦ
1585 637 1698 672 λουτροῦ
1710 637 1739 663 τὸ
1752 635 1822 662 εἶναι

1036 691 1176 721 λαϐόντες.
1193 689 1249 715 Καὶ
1263 687 1357 714 τοῦτον
1373 686 1420 712 τὸν
1435 685 1535 719 τρόπον
1552 685 1580 709 ἐν
1591 683 1629 717 τῷ
1644 681 1703 716 Θεῷ
1717 681 1820 715 ζῶμεν,

1038 735 1228 772 μετατιθέντες
1255 733 1301 760 τὸν
1325 732 1382 767 βίον
1407 731 1461 758 ἀπὸ
1483 730 1530 756 τοῦ
1555 728 1695 763 ὁρωμένου
1722 726 1820 753 τούτου

1037 771 1105 818 πρὸς
1119 783 1164 808 τὴν
1180 781 1218 816 μὴ
1235 779 1401 815 βλεπόμενον
1411 777 1526 811 κόσμον,
1543 775 1573 801 οὐ
1585 774 1631 800 τὸν
1647 773 1730 800 τόπον
1742 771 1823 806 ἀμεί-

1037 829 1143 859 6οντες,
1158 826 1226 853 ἀλλὰ
1242 825 1288 851 τὸν
1312 824 1368 859 βίον
1387 822 1434 849 καὶ
1448 821 1497 856 τὴν
1514 821 1598 855 ζωήν.
1624 819 1660 846 Οὐ
1678 819 1733 853 γὰρ
1746 818 1824 844 αὐτοὶ

1037 874 1105 909 πρὸς
1122 873 1169 899 τὸν
1183 872 1248 899 Θεὸν
1271 870 1442 905 ικινήθημεν
1452 868 1514 895 οὐδὲ
1536 866 1685 901 ἁνέϐημεν,
1702 865 1760 892 ἀλλ’
1777 865 1822 890 αὖ·

1035 921 1080 952 τὸς
1098 920 1166 954 πρὸς
1182 919 1257 954 ἡμᾶς
1277 916 1391 952 ἐλήλυθε
1411 915 1460 941 καὶ
1473 914 1580 949 κατῄει.
1597 913 1634 939 oe
1648 912 1702 947 γὰρ
1724 911 1823 945 ἐζητή-

1037 975 1135 1001 σαμεν,
1147 965 1205 991 ἀλλ’
1220 963 1406 998 ὲζητὴθημεν,
1420 962 1462 988 ὅτι
1477 960 1527 986 οὑκ
1543 959 1694 993 ὲξεζὴτησε
1710 957 1740 984 τὺ
1753 957 1822 990 πρό-

1036 1013 1118 1038 ϐατον
1133 1011 1179 1038 τὸν
1193 1010 1323 1045 ποιμένα,
1333 1009 1379 1036 καὶ
1394 1009 1410 1042 ἡ
1425 1006 1534 1043 δραχμὴ
1557 1005 1603 1032 τὸν
1617 1004 1822 1037 οἰκοδεσπότην.

1037 1059 1094 1085 ἀλλ’
1110 1057 1190 1088 αὺτὺς
1205 1056 1304 1090 ἔκυψεν
1314 1056 1353 1086 εἰς
1365 1054 1413 1089 τὴν
1426 1053 1478 1087 γῆν
1492 1061 1500 1078 ι
1512 1053 1560 1078 καὶ
1570 1046 1632 1085 εὗρε
1643 1050 1690 1085 τὴν
1706 1048 1797 1074 εἰκόνα
1812 1056 1822 1073 ι

1038 1105 1086 1132 καὶ
1105 1105 1151 1130 ἐπὶ
1174 1103 1228 1130 τῶν
1253 1102 1343 1128 τόπων
1357 1100 1475 1134 ἐγένετο,
1501 1098 1542 1132 ἐφ’
1563 1094 1604 1128 οἷς
1633 1096 1663 1122 τὸ
1685 1095 1824 1129 πρόϐατον

1039 1150 1184 1181 ἐπλανᾶτο,
1200 1148 1248 1176 καὶ
1262 1147 1384 1174 ἀνείλετο
1401 1145 1449 1171 καὶ
1464 1145 1514 1180 τῆς
1530 1143 1635 1178 πλάνης
1655 1142 1779 1176 ἔστησεν,
1792 1140 1822 1165 οὗ

1041 1197 1218 1233 μεταστήσας
1244 1193 1361 1224 ἐνθένδε,
1383 1192 1451 1219 ἀλλὰ
1480 1191 1622 1226 μένοντας·
1636 1189 1683 1215 ἐπὶ
1699 1188 1748 1222 τῆς
1772 1187 1824 1233 γῆς

1040 1232 1089 1270 καὶ
1120 1241 1264 1276 οὐρανίους
1290 1239 1402 1273 ἐποίησε
1429 1237 1477 1264 καὶ
1501 1236 1550 1272 τὴν
1575 1237 1604 1262 ὲν
1623 1233 1731 1270 ούρανῷ
1750 1232 1825 1265 ζωὴν

1040 1290 1179 1324 ἐνέθηκεν,
1202 1287 1252 1313 οὐκ
1265 1285 1410 1319 ἀναγαγὼν
1427 1284 1467 1316 εἰς
1483 1283 1529 1310 τὸν
1552 1281 1678 1317 οὐρανὸν,
1697 1280 1764 1307 ἀλλὰ
1779 1279 1824 1304 τὸν

1041 1323 1155 1368 οὐρανὸν
1169 1332 1209 1362 εἰς
1219 1331 1293 1365 ἡμᾶς
1305 1329 1398 1360 κλίνας
1414 1329 1461 1355 καὶ
1473 1326 1651 1361 καταγαγών.
1672 1335 1680 1351 ι
1696 1325 1746 1351 Καὶ
1759 1323 1825 1357 γὰρ.

1041 1380 1055 1406 δ
1071 1377 1343 1413 φησινόῐιροφήτης.
1358 1375 1462 1401 ἔκλινεν
1477 1373 1609 1408 οὐρανοὺς
1625 1372 1672 1398 καὶ
1687 1370 1799 1403 κατέῆη.
1815 1379 1823 1394 ι

1044 1426 1099 1452 Καὶ
1121 1423 1212 1450 τοίνυν
1227 1422 1271 1449 διὰ
1297 1421 1350 1448 τῶν
1367 1419 1526 1455 μυστηρίων
1545 1418 1648 1446 τούτων
1672 1417 1726 1443 τῶν
1747 1416 1828 1451 ιερῶν

1044 1471 1137 1505 ὥσπερ
1151 1470 1195 1497 διὰ
1213 1468 1330 1504 θυρίδων
1346 1469 1387 1499 εἰς
1400 1466 1446 1493 τὸν
1467 1465 1605 1493 σκοτεινὸν
1620 1464 1714 1490 τοῦτον
1727 1462 1828 1496 κόσμον

201 1508 296 1534 mundi
324 1508 457 1536 mundum
477 1509 579 1542 vincit;
596 1511 668 1544 quod
684 1511 725 1538 his
740 1512 830 1540 verbis
855 1513 989 1540 insinuat:

1044 1518 1058 1544 ὁ
1069 1517 1144 1552 ἥλιος
1158 1516 1311 1550 εἰσέρχεται
1327 1514 1377 1548 τῆς
1396 1511 1581 1546 δικαιοσύνης,
1603 1510 1650 1537 καὶ
1660 1509 1770 1556 θανατοῖ

203 1554 275 1589 «Ego
291 1555 342 1582 vici
359 1556 490 1583 mundum
503 1556 552 1583 “.1
572 1556 600 1584 ln
616 1558 722 1585 mortali
738 1563 764 1585 et
775 1558 864 1593 fragili
877 1566 992 1594 carpore

201 1602 328 1629 stabilem
345 1608 531 1636 aeternamque
545 1604 628 1631 vitam
646 1604 746 1631 intulit.

202 1650 315 1683 κόσμου,
342 1649 412 1684 ὅπερ
444 1649 592 1676 αἰνίττεται
625 1651 724 1684 λέγων,
762 1661 771 1677 ι
798 1652 866 1685 Ἐγὼ
889 1653 1021 1689 νενίκηκα

201 1695 326 1724 ἑστῶσαν
347 1696 392 1721 καὶ
406 1695 542 1721 ἀθάνατον
557 1696 676 1730 εἰπάγων
690 1697 773 1731 ζωήν.

239 1742 315 1770 Sicut
331 1743 404 1770 enim
426 1743 452 1770 in
472 1743 553 1771 domo
569 1745 709 1778 quapiam,
728 1745 825 1779 illapso
835 1746 900 1773 solis
913 1746 988 1773 radio

203 1783 314 1815 lucerna
327 1789 495 1816 cernentium
504 1789 598 1817 oculos
608 1789 641 1816 ad
657 1798 685 1818 se
699 1791 815 1825 amplius
827 1799 880 1818 non
894 1791 990 1819 adver-

205 1835 248 1867 tit,
263 1842 357 1862 νει-ωτι
383 1835 493 1863 claritas
506 1835 574 1863 radii
590 1843 650 1863 eam
673 1836 753 1872 longe
773 1836 884 1864 vincens
900 1837 990 1864 domi-

206 1886 302 1908 natur:
317 1881 496 1909 consimiliter
507 1883 533 1910 in
548 1882 600 1910 hac
616 1883 672 1910 vita
683 1891 730 1918 per
746 1885 874 1919 mysteria
895 1885 992 1912 futurae

206 1927 268 1955 vita:
283 1927 411 1962 splendor
436 1928 585 1960 immissus,
599 1933 626 1956 et
642 1930 750 1957 animas
764 1930 934 1964 inhabitans,
951 1930 992 1956 vi-

207 1979 262 2001 tam
280 1982 341 2009 quae
359 1975 385 2001 in
406 1982 488 2002 carne
505 1975 622 2010 degitur,
640 1975 735 2009 vineit,
753 1976 996 2011 pulchritudinem-

209 2028 261 2054 que
273 2026 299 2046 οι
314 2020 463 2047 claritatem
477 2021 569 2048 mundi
583 2021 665 2057 hujus
679 2022 816 2050 obscurat.
826 2022 860 2050 Et
877 2023 934 2050 batc
956 2027 998 2050 est

209 2068 264 2094 vita
275 2068 318 2094 illa
335 2068 360 2094 in
375 2067 481 2101 spiritu,
494 2075 546 2102 qua
562 2069 650 2096 ontnis
661 2069 880 2102 concupiscentia
895 2069 997 2100 carnis,

207 2113 253 2146 jus
260 2117 286 2139 ta
301 2112 377 2140 Pauli
390 2120 495 2144 vocem,
508 2113 708 2148 triumphatur:
724 2114 839 2149 «Spiritu
850 2115 996 2145 ambulate,

211 2158 310 2192 inquit,
328 2163 354 2184 et
367 2158 500 2186 desideria
519 2160 610 2186 carnis
624 2167 676 2187 non
694 2161 841 2195 perliciatis
854 2162 903 2187 ²⁵.›
920 2160 994 2187 Hanc

212 2203 282 2229 viam
298 2203 385 2230 secuit
403 2203 533 2232 Dominus
544 2209 646 2238 noster,
663 2212 725 2232 cum
738 2206 770 2232 ad
782 2213 831 2233 nos
847 2206 960 2237 veniret,
970 2210 997 2232 et

212 2249 283 2275 hanc
305 2254 409 2283 portam
433 2251 459 2277 in
477 2251 607 2278 mundum
626 2251 771 2287 Iingressus
790 2252 908 2286 aperuit,
925 2256 952 2278 et
964 2251 995 2278 ad

212 2294 318 2322 Patrem
338 2302 471 2328 reversus,
489 2297 614 2325 claudere
627 2306 682 2325 non
696 2299 836 2331 sustinuit,
850 2299 896 2325 sed
912 2306 944 2324 ex
963 2305 997 2324 eo
1010 2312 1038 2341 Ι)

215 2349 262 2375 per
273 2341 343 2369 hanc
356 2342 389 2369 ad
402 2348 513 2370 sanctos
525 2344 644 2378 accedit;
655 2345 720 2378 quin
733 2345 823 2379 potius
836 2346 910 2371 omni
927 2348 994 2370 tem-

214 2394 279 2421 pore
296 2387 382 2418 adest.
401 2393 428 2416 et
446 2389 586 2417 nobiscum
616 2394 659 2417 est
678 2394 704 2417 et
717 2391 769 2418 erit
797 2397 915 2423 semper,
930 2396 995 2423 pro-

215 2433 329 2461 missum
345 2441 376 2461 ac
392 2439 528 2469 receptum
542 2435 605 2463 illud
621 2443 699 2463 suum
708 2436 837 2464 efﬁciens.
848 2435 995 2469 Quocirca.

219 2487 229 2505 ι
242 2477 298 2505 Νοη
312 2483 352 2506 est
365 2479 415 2506 hoc
424 2480 509 2512 aliud,
523 2481 574 2508 nisi
585 2481 683 2509 domus
695 2480 753 2514 Dei,
764 2486 791 2509 et
800 2482 857 2509 haec
868 2485 912 2508 est
923 2485 1001 2515 porta

216 2524 292 2553 caeli.
307 2533 317 2550 ι
331 2524 399 2552 dixit
415 2525 499 2553 lacoo
517 2527 670 2561 patriarcha
681 2527 720 2559 υ,
733 2535 780 2562 per
790 2534 872 2562 quam
889 2534 943 2553 non
955 2533 1001 2555 so-

217 2571 273 2598 lum
294 2571 382 2606 angeli
399 2572 425 2599 in
438 2576 526 2600 terras
538 2573 706 2600 doseendunt
723 2573 844 2607 (cuilibet
862 2572 935 2600 enim
949 2572 1002 2600 ini-

219 2615 286 2644 li;th
300 2616 421 2652 adsunt),
435 2617 480 2645 sed
500 2619 580 2645 etiam
607 2619 719 2652 ipsemet
735 2618 893 2654 angelorum
913 2618 1003 2645 Domi-

220 2669 281 2689 nus.
303 2662 379 2689 Hanc
395 2664 430 2691 ob
449 2672 560 2691 causam
582 2669 608 2690 ct
635 2663 759 2691 Salvator
779 2664 890 2698 quando
917 2663 1004 2698 bapti-

221 2715 310 2735 smum
325 2718 403 2737 suum
419 2718 468 2738 ceu
486 2711 512 2740 iu
525 2711 613 2738 tabula
629 2715 850 2745 [tt-mittenstrans,
870 2711 1003 2745 baptismo

221 2752 335 2783 Joannis
353 2755 411 2790 ipse
427 2765 536 2792 quoque
550 2757 622 2784 ablui
636 2764 691 2784 non
706 2757 813 2791 refugit,
833 2757 932 2784 coelum
944 2763 994 2789 ape

1046 1564 1095 1597 τὴν
1116 1562 1260 1596 σύστοιχον
1277 1560 1316 1595 τῷ
1330 1559 1427 1594 κόσμῳ
1445 1557 1532 1592 τούτῳ
1549 1556 1632 1591 ζωὴν,
1661 1555 1786 1588 ἀνίστησι
1801 1553 1830 1603 6}

1045 1609 1093 1643 τὴν
1108 1607 1306 1642 ὑπερκόσμιον,
1330 1605 1378 1632 καὶ
1392 1605 1455 1640 νικᾷ
1468 1604 1513 1630 τὺν
1533 1603 1637 1636 κόσμον
1652 1602 1682 1627 τὸ
1701 1600 1759 1634 φῶς
1779 1600 1829 1624 τοῦ

1045 1656 1090 1681 τὸν
1111 1654 1223 1688 κόσμον,
1245 1663 1254 1678 ι
1285 1654 1313 1678 ἐν
1343 1651 1433 1688 θνητῷ
1459 1650 1506 1677 καὶ
1534 1649 1622 1685 ῥέοντι
1649 1647 1754 1682 σώματι
1779 1647 1830 1680 τὴν

1078 1746 1210 1781 Καθάπερ
1237 1748 1291 1781 γὰρ
1319 1746 1349 1772 ὲν
1370 1745 1444 1780 οἰκίᾳ
1470 1744 1520 1780 τῆς
1535 1743 1644 1774 ἀκτῖνος
1658 1739 1831 1772 εἰσελθούσης

1044 1794 1057 1819 ὁ
1077 1793 1173 1827 λύχνος
1190 1792 1282 1818 οὐκέτι
1297 1791 1345 1821 τὰς
1361 1790 1436 1824 Wst;
1451 1789 1504 1816 τῶν
1527 1787 1652 1823 ὁρώντων
1674 1786 1714 1817 εἰς
1735 1786 1832 1811 ἐιυτὶιν

1044 1839 1215 1874 ἐπιστρέφει,
1230 1837 1289 1864 ἀλλ’
1305 1838 1321 1872 ἠ
1337 1837 1387 1870 τῆς
1405 1836 1514 1865 ἀκτῖνος
1531 1833 1693 1868 λαμπρότης
1718 1832 1831 1864 ὑπερνι-

1047 1886 1122 1913 κῶσα
1139 1884 1250 1919 κατέχει
1260 1891 1266 1897 “
1281 1883 1327 1909 τδν
1344 1882 1400 1908 ἴσον
1421 1881 1521 1915 τρόπον
1535 1880 1580 1906 καὶ
1596 1880 1625 1905 ὲν
1639 1877 1708 1912 τῷδε
1728 1877 1766 1910 τῷ
1780 1876 1831 1910 βίῳ

1046 1933 1090 1959 διὰ
1106 1931 1160 1958 τῶν
1175 1930 1332 1966 μυστηρίων
1344 1929 1361 1964 ή
1382 1929 1431 1962 τῆς
1446 1926 1596 1962 μελλούσης
1610 1925 1682 1960 ζωῆς
1707 1922 1833 1958 λαμπρό-

1048 1987 1097 2013 της
1110 1977 1288 2012 εἰσερχομένη
1304 1975 1351 2001 καὶ
1364 1974 1424 2005 ταῖς
1438 1972 1539 2007 ψυχαῖς
1548 1970 1693 1998 ἐνοικοῦσα
1706 1969 1768 2003 νικᾷ
1783 1968 1833 2001 τὴν

1048 2026 1078 2051 ὲν
1091 2024 1172 2058 σαρκὶ
1185 2022 1257 2057 ζωὴν
1269 2020 1357 2048 καὶτὸ
1371 2019 1467 2050 κάλλος
1482 2017 1528 2044 τοῦ
1546 2019 1648 2051 κόσμου
1662 2015 1771 2044 τούτου,
1787 2014 1836 2039 καὶ

1048 2069 1097 2104 τὴν
1124 2067 1306 2102 λαμπρότητα
1325 2064 1508 2098 ἀποκρύπτει,
1524 2062 1572 2089 καὶ
1597 2061 1667 2095 αὕτη
1684 2060 1758 2086 sntit
1772 2059 1788 2092 ἡ
1805 2059 1835 2083 ἐν

1049 2114 1184 2149 πνεύματι
1195 2112 1262 2146 ζωὴ,
1283 2108 1318 2147 ἧς
1335 2110 1467 2142 ἐπιθυμία
1486 2109 1561 2136 πᾶσα
1586 2106 1687 2142 σαρκὸς
1706 2106 1833 2140 ἡττᾶται,

1050 2159 1121 2186 κατὰ
1143 2158 1188 2184 τὸν
1215 2156 1324 2183 Παύλου
1351 2155 1439 2188 λόγον,
1457 2163 1466 2179 ι
1487 2153 1624 2187 Πνεύματι
1654 2150 1835 2185 περιπατεῖτε

1051 2205 1098 2231 καὶ
1123 2202 1271 2236 ἐπιθυμίαν
1289 2201 1388 2236 σαρκὸς
1414 2200 1445 2225 οὺ
1464 2199 1501 2234 μὴ
1525 2198 1663 2232 τελέσητε.
1691 2206 1700 2222 ι
1724 2196 1834 2230 Ταύτην
1862 2208 1869 2217 ι

1050 2249 1098 2285 τὴν
1121 2250 1179 2276 ὁδὸν
1191 2249 1205 2274 ὁ
1229 2247 1329 2282 Κύριος
1344 2247 1440 2281 ἔτεμεν
1456 2246 1495 2277 εἰς
1512 2245 1586 2280 ἡμᾶς
1611 2244 1769 2279 ἐρχόμενος,
1785 2244 1834 2269 καὶ

1050 2295 1152 2330 ταύτην
1168 2294 1269 2329 ἀνέῳξε
1283 2293 1332 2327 τὴν
1343 2291 1443 2329 πύλην,
1458 2291 1588 2318 εἰσελθὼν
1603 2291 1643 2320 εἰς
1656 2291 1702 2316 τὸν
1718 2289 1832 2322 κόσμον,

1050 2341 1097 2368 καὶ
1113 2342 1153 2371 εἰς
1168 2340 1213 2366 τδν
1231 2339 1341 2372 Πατέρα
1360 2338 1480 2364 ἀνελθὼν
1497 2337 1548 2364 οὐκ
1563 2337 1691 2371 ἠνέσχετο
1715 2334 1832 2366 κλεῖσαι,

1051 2387 1107 2414 ἀλλ’
1121 2387 1150 2418 ἐξ
1161 2385 1264 2412 ἐκείνου
1279 2385 1323 2411 διὰ
1335 2385 1436 2419 ταύτης
1449 2383 1581 2418 ἐπιδημεῖ
1594 2384 1649 2414 τοῖς
1660 2379 1814 2415 ἀνθρώποις
1826 2386 1835 2394 ’
1862 2403 1865 2413 ,

1055 2433 1154 2468 μᾶλλον
1173 2432 1201 2458 δὲ
1230 2432 1362 2466 πάρεστιν
1390 2430 1433 2457 ἀεὶ
1447 2430 1495 2459 καὶ
1521 2429 1581 2464 μεθ’
1600 2428 1679 2463 ἡμῶν
1704 2427 1762 2452 ἐστι
1789 2425 1836 2452 καὶ

1054 2480 1131 2506 ἔσται
1145 2480 1226 2513 μέχρι
1240 2479 1340 2508 παντὸς
1357 2478 1405 2508 τὰς
1425 2476 1589 2511 ἐπαγγελίας
1604 2474 1697 2506 σώζων
1714 2472 1835 2503 ὲκείνας.

1059 2525 1163 2552 οὐκοῦν
1176 2525 1226 2552 οὐκ
1235 2524 1293 2551 ἔστι
1306 2524 1385 2550 τοῦτο
1394 2523 1458 2550 ἄλλο
1469 2523 1485 2558 ἢ
1495 2520 1568 2554 οἶκος
1579 2521 1658 2552 Θεοῦ,
1673 2519 1720 2547 καὶ
1731 2519 1802 2553 αὕτη
1818 2519 1835 2552 ἡ

1056 2572 1126 2607 πύλη
1138 2571 1185 2598 τοῦ
1199 2570 1334 2606 οὐρανοῦ,
1353 2571 1367 2597 ὁ
1381 2569 1554 2604 πατριάρχης
1569 2567 1602 2595 ἂν
1620 2564 1692 2599 εἰπε,
1707 2567 1740 2592 δι’
1754 2562 1788 2601 ἦς
1804 2564 1836 2591 οὔ

1057 2618 1137 2653 μόνον
1157 2617 1269 2651 ἄγγελοι
1285 2615 1494 2643 καταϐαίνουσιν
1508 2614 1548 2645 είς
1565 2613 1613 2648 τὴν
1628 2613 1679 2646 γῆν
1708 2611 1767 2647 (καὶ
1782 2612 1838 2644 γὰρ

1054 2664 1181 2698 πάρεισιν
1200 2662 1306 2696 ἑκάστῳ
1317 2661 1371 2687 τῶν
1389 2659 1582 2694 τελουμένων),
1607 2657 1673 2685 ἀλλὰ
1690 2657 1737 2683 καὶ
1756 2656 1839 2686 αὐτὸς

1057 2711 1071 2736 ὁ
1090 2709 1145 2735 τῶν
1165 2708 1289 2742 ἀγγέλων
1303 2707 1451 2741 Δεσπότης,
1471 2705 1521 2732 Διὰ
1537 2704 1615 2731 τοῦτο
1637 2703 1684 2729 καὶ
1705 2702 1789 2736 ἡνίκα
1809 2702 1840 2726 τὸ

1060 2755 1202 2789 βάπτισμα
1220 2753 1250 2782 τὺ
1265 2752 1362 2779 ἑαυτοῦ
1377 2751 1503 2786 καθάπερ
1518 2751 1546 2777 ὲν
1566 2750 1658 2785 γραφῇ
1680 2746 1840 2783 προχαράτ-

258 2841 280 2860 ει
299 2842 357 2869 Act.
378 2849 442 2871 xv".
458 2842 502 2870 28.
542 2841 562 2856 "
580 2841 649 2868 Paul.
680 2849 744 2873 \vn,
769 2841 799 2867 10
811 2849 864 2868 see.
884 2839 963 2869 LXX.
1003 2839 1024 2854 “
1040 2837 1119 2869 Jnan.
1138 2846 1191 2869 xvi,
1206 2838 1249 2864 55.
1291 2837 1311 2851 ³⁵
1328 2836 1414 2866 Galat.
1428 2845 1453 2870 ν,
1477 2835 1518 2862 ἰϋ.
1555 2836 1577 2850 ’⁵
1599 2834 1665 2862 Gen.
1686 2839 1779 2865 xtvtu,
1797 2829 1837 2860 I2.
