1976 3074
162 137 216 170 505

712 142 761 172 DE
782 141 873 172 VlTA
885 142 925 172 ΙΝ
946 141 1111 174 CHRiSTO
1131 144 1206 176 LIB.
1223 145 1247 175 ῐ.

1733 146 1786 178 506

161 207 227 232 των,
241 199 270 226 τδ
283 198 424 235 βάπτισμα
443 198 569 226 Ἰωάννου
587 199 633 226 καὶ
650 199 730 231 αὐτὸς
746 201 760 227 ό
774 200 868 235 Σωτὴρ
882 199 936 235 qvi:

997 203 1067 234 ruit,
1092 202 1205 235 dooens,
1224 203 1276 230 hoc
1291 210 1352 231 esse
1364 210 1412 238 per
1429 203 1501 238 quod
1526 204 1651 232 cu‘lestes
1667 206 1728 234 illas
1742 215 1783 234 re-

162 252 242 279 σχετο
257 243 448 279 βαπτισθῆναι,
464 245 510 271 τὸν
526 245 641 279 οὐρανὸν
654 245 766 281 ἀνέῳξε,
783 245 890 277 δεικνὺς
905 245 946 272 ὅτι

159 289 238 317 τοῦτό
257 291 327 322 ἐστι,
342 289 377 316 δι’
391 287 421 317 οὗ
442 292 488 317 τὸν
500 291 625 326 οὐράνιον
639 291 762 326 ὀψόμεθα
774 291 863 326 χῶρον
875 299 882 306 ·
899 291 946 318 καὶ

160 336 215 371 μὴν
229 337 277 362 καὶ
291 336 325 363 δι’
337 333 374 363 ὧν
389 338 550 372 ἀπεφήνατο
564 337 602 372 μὴ
614 337 744 364 δύνασθαι
759 337 892 364 εἰσελθεῖν
905 337 946 368 είς

157 382 207 417 τὴν
227 382 301 417 ζωὴν
328 383 375 409 τὸν
401 383 439 418 μὴ
455 383 649 418 βαπτισθέντα,
678 383 758 410 τοῦτο
780 383 811 410 τὸ
831 383 945 418 λουτρὸν

157 427 259 454 εἴσοδον
274 437 335 455 τινα
349 429 415 455 αὐτὸ
430 429 578 457 αἰνίττεται
592 430 640 457 καὶ
656 429 755 464 πύλην.
774 438 784 454 α
808 429 945 462 ’Δνοίξατέ

158 482 203 508 μοι
221 474 309 506 πύλας
331 475 517 510 δικαιοσύνης,
537 485 546 502 ι
571 476 653 511 φησὶν
670 477 683 503 ὁ
707 476 800 505 Δασὶδ,
830 475 944 508 ταύτας,

155 517 244 554 οἶμαι,
264 520 313 552 τὰς
331 521 417 553 πύλας
441 522 582 557 ἀνοιγῆναι
603 523 755 557 ἑπιθυμῶν.
782 521 867 559 Τοῦτο
891 522 945 557 γάρ

155 567 240 600 ἔστιν,
258 566 273 593 ὃ
289 567 382 593 πολλοὶ
399 568 538 603 προφῆται
563 568 612 595 καὶ
628 569 748 603 βασιλεῖς
766 568 944 604 ἐπεθύμησαν

156 613 232 645 ἰδεῖν,
248 614 414 648 ἀφικόμενον
426 615 465 646 εἰς
478 614 529 650 τὴν
546 615 599 650 γῆν
613 615 658 642 τὸν
677 616 804 650 τεχνίτην
824 617 877 654 τῷν
895 616 943 642 θυ-

155 659 213 693 ρῶν
224 660 330 686 τούτων
342 668 349 675 ·
365 660 409 686 διὰ
430 661 510 687 τοῦτο
524 662 572 687 καὶ
585 661 608 687 ει
629 661 743 695 γένοιτο,
759 661 851 695 φησὶν.
867 661 942 696 αὐτῷ

152 706 246 740 τυχεῖν
263 706 314 741 τῆς
328 707 433 733 εἰσόδου
457 706 506 734 καὶ
521 707 566 734 διὰ
592 707 694 734 τούτων
711 708 799 734 ἐλθεῖν
813 706 868 734 τῶν
888 716 943 734 πυ-

152 750 219 784 λῶν,
243 751 359 787 χάριτας
377 753 559 787 ὁμολογήσειν
577 753 617 788 τῷ
632 753 692 788 Θεῷ
711 753 749 788 τῷ
772 753 888 780 διελόντι
912 754 944 780 τὸ

151 797 251 831 τεῖχος.
272 806 281 823 ι
299 797 436 824 Εἰσελθὼν
451 798 515 832 γὰρ,
542 798 637 832 φησὶν,
653 798 682 824 ὲν
704 798 800 830 αὑταῖς
816 798 943 832 ἐξομολο-

152 843 273 877 γήσομαι
289 842 328 877 τῷ
354 842 459 878 Κυρίῳ,
481 851 490 867 ι
509 844 546 874 ὡς
569 843 622 869 ἀπὶ
637 843 740 870 τούτων
755 844 872 876 μάλιστα
887 844 941 870 τῶν

152 887 246 914 τιυλῶν
258 890 298 918 εἰς
310 888 481 923 τελεωτάτην
494 888 527 916 ἂν
538 889 639 922 γνῶσιν
654 889 779 924 δυνηθιὶς
791 890 939 923 ἀφικέσθαι

151 934 202 968 τῆς
217 934 265 961 τοῦ
279 935 346 961 Θεοῦ
361 936 425 970 περὶ
443 935 470 962 τὸ
487 935 564 969 γένος
588 935 759 970 ἀγαθότητος
775 936 822 962 καὶ
846 935 941 969 φιλαν-

152 981 285 1016 θρωπίας.
296 1007 300 1010 .

187 1028 220 1054 Τί
242 1029 296 1062 γὰρ
319 1027 352 1054 ἂν
377 1029 483 1062 γένοιτο
510 1028 603 1063 μεῖζον
619 1029 803 1064 χρηστότητος
824 1030 870 1056 καὶ
895 1038 940 1063 φι-

150 1073 327 1109 λανθρωπίας
347 1076 472 1109 σημεῖον,
492 1074 510 1110 ἢ
534 1074 647 1102 λούονται
677 1076 725 1111 μὲν
750 1076 826 1102 δδατι
851 1075 938 1109 ῥύπου

151 1121 201 1156 τὴν
212 1120 301 1155 ψυχὴν
315 1120 508 1153 ἀπαλλάττειν,
523 1121 634 1156 χρίοντα
649 1120 676 1148 δὲ
695 1121 772 1157 μύρῳ
786 1121 939 1156 βασιλεύειν

149 1167 199 1202 τὴν
212 1169 240 1193 ὲν
254 1169 379 1204 οὐρανοῖς
392 1168 542 1203 βασιλείαν,
554 1168 647 1204 ἐστιᾷν
659 1168 726 1195 δὲτὸ
740 1169 820 1203 σῶμα
833 1171 862 1196 τὸ
875 1170 938 1196 ἐαυ-

149 1215 197 1243 τοῦ
211 1217 258 1242 καὶ
276 1216 307 1243 τὺ
325 1214 395 1252 αἷμα
414 1216 622 1252 παρατιθέντα;
648 1217 684 1243 Τό
699 1225 732 1250 γε
756 1217 810 1251 μὴν
830 1217 936 1252 ἀνθρώ-

149 1271 218 1294 πους
232 1262 311 1294 θεοὺς
331 1263 375 1289 καὶ
389 1263 464 1295 υἱοὺς
480 1263 608 1297 γενέσθαι
627 1263 705 1295 Θεοῦ,
729 1263 776 1289 καὶ
791 1263 840 1299 τὴν
855 1265 936 1298 φύσιν

148 1308 199 1343 τὴν
216 1309 354 1344 ἡμετέραν
370 1308 438 1335 Θεοῦ
455 1310 523 1344 τιμῇ
550 1309 711 1344 τιμηθῆναι,
729 1309 777 1336 καὶ
798 1310 844 1336 τὸν
871 1310 936 1345 χοῦν

148 1355 189 1386 τίς
204 1355 282 1381 τοῦτο
295 1355 373 1390 δόξης
389 1354 579 1390 ἀνενεχθῆναι,
600 1355 638 1385 ὡς
653 1355 782 1390 ὁμότιμον
800 1355 847 1382 καὶ
870 1356 935 1390 ὀμό-

148 1401 210 1427 Θεον
233 1400 282 1436 ἤδη
301 1402 334 1435 τῇ
351 1400 412 1436 θείᾳ
432 1400 511 1434 φύσει
531 1400 668 1434 γενέσθαι,
700 1399 753 1426 τίνι
780 1400 878 1434 γένοιτ’
902 1401 935 1427 ἂν

148 1445 226 1478 ῐσ.ν;
244 1445 305 1473 τίνα
327 1446 349 1472 δ’
363 1445 396 1472 ἂν
418 1446 576 1480 καινότητος
592 1445 746 1481 ὑπερϐολὴν
767 1446 933 1480 immittet;

148 1491 234 1518 Τοῦτο
249 1492 302 1527 γάρ
319 1493 393 1518 ἔστιν
406 1493 423 1527 ὴ
449 1492 534 1527 ἁρετὴ
556 1491 603 1518 τοῦ
621 1492 701 1523 Θεοῦ,
723 1492 784 1528 ἥτις
799 1492 933 1528 ἐκάλυψεν

997 248 1093 282 giones
1119 248 1204 276 visuri
1225 249 1322 276 simtts.
1343 249 1414 282 Quin
1445 249 1537 283 etiam,
1563 251 1662 286 quibus
1696 253 1786 280 verbis

996 294 1150 325 aﬂirmavit,
1167 303 1221 322 non
1237 303 1316 329 posse
1341 296 1387 330 qui
1403 303 1483 322 sacro
1499 295 1574 323 fonte
1598 297 1707 325 ablutus
1727 307 1782 326 non

996 340 1042 372 sit,
1067 339 1094 367 in
1113 341 1195 368 vitam
1224 341 1338 376 ingredi,
1355 341 1388 368 iis
1403 341 1470 375 ipsis
1498 341 1637 369 lavacrum
1658 344 1729 371 istuc
1746 345 1787 370 in-

996 385 1108 412 troitum
1137 391 1162 413 et
1183 392 1288 421 portam
1307 387 1454 422 quamdam
1478 387 1550 414 illius
1565 395 1627 415 esse
1642 389 1784 417 indicavit.

999 430 1123 466 «Aperite
1140 431 1207 459 mihi
1226 437 1318 466 portas
1335 432 1448 467 justitite
1466 433 1516 463 ".t
1537 434 1673 460 exclamat
1688 434 1784 466 David,

996 476 1057 508 bas,
1089 480 1119 504 ut
1133 477 1265 510 arbitror,
1292 481 1385 512 portas
1411 478 1511 513 aperiri
1539 478 1708 506 desiderans.
1729 479 1785 506 Hoc

995 523 1067 550 enim
1083 527 1136 555 est,
1153 524 1225 558 qttod
1244 524 1323 550 multi
1341 532 1419 558 rcges
1434 529 1460 551 et
1476 524 1613 559 prophetae
1634 526 1725 553 vitlcre
1737 533 1784 552 cu-

995 567 1116 601 pierunt,
1133 568 1275 603 delapsum
1289 568 1393 595 scilicet
1411 569 1437 595 in
1454 574 1541 597 terras
1560 574 1700 604 portarum
1719 569 1784 597 ista-

994 620 1054 639 rum
1069 614 1213 640 artilicem.
1242 612 1388 647 Propterea
1413 614 1477 641 item
1493 615 1514 642 si
1531 616 1656 650 ingressu
1671 615 1723 641 isto
1737 623 1785 650 po~

995 659 1089 691 tiatur,
1106 667 1206 694 perque
1220 665 1312 693 portas
1325 660 1406 687 hasce
1424 660 1552 692 introeat,
1569 661 1670 694 gratias
1683 669 1712 688 se
1729 660 1784 687 Deo

994 708 1119 731 acturum
1137 706 1291 739 proﬁtetur,
1309 705 1354 740 qui
1371 713 1479 732 murum
1500 706 1607 733 divisit:
1628 706 1784 741 «ingressus

993 750 1065 777 enim
1082 751 1109 777 in
1124 758 1180 782 eas.
1206 751 1306 785 inquit,
1326 750 1478 778 conlitebor
1499 751 1613 778 Domino
1625 751 1675 783 ",p
1692 756 1720 778 ut
1737 753 1782 786 qui

993 796 1027 823 ab
1044 796 1118 823 hisee
1140 797 1226 830 portis
1251 797 1369 823 maxime
1394 796 1427 823 ad
1445 796 1669 831 perfectissimam
1686 797 1784 823 divina:

995 842 1125 870 bonitatis
1152 843 1379 877 benignitatisque
1392 850 1454 877 erga
1470 851 1555 878 genus
1573 844 1722 870 humanum
1738 851 1784 870 co-

992 889 1143 924 gnitionem
1160 888 1281 924 aspirare
1297 889 1428 924 potuerit.

1025 1044 1102 1077 Quod
1131 1044 1202 1071 enim
1224 1043 1376 1071 clementia:
1403 1047 1430 1070 et
1451 1042 1624 1077 benignitatis
1652 1042 1781 1070 iudicitttn

988 1090 1176 1122 excellentius,
1186 1097 1268 1124 quam
1280 1089 1414 1116 lavantem
1427 1095 1507 1122 aqua,
1518 1095 1533 1114 a
1546 1088 1672 1115 sordibus
1684 1088 1782 1115 animae

988 1135 1116 1170 purgari?
1143 1140 1257 1162 unctum
1287 1138 1426 1169 unguento
1442 1141 1559 1168 regnare
1575 1133 1602 1160 iu
1629 1141 1713 1168 regno
1726 1140 1783 1160 cm-

988 1181 1068 1210 iesti?
1081 1182 1207 1209 convivio
1223 1180 1310 1214 excipi
1331 1180 1365 1206 ab
1379 1187 1424 1212 eo,
1441 1180 1487 1214 qui
1507 1187 1586 1207 suum
1608 1179 1665 1213 ipse
1682 1186 1782 1213 corpus

987 1233 1014 1256 et
1026 1227 1186 1263 sanguinem
1212 1225 1360 1261 apposuit?
1377 1225 1501 1253 homines
1514 1226 1590 1255 deos,
1606 1230 1632 1252 et
1648 1225 1717 1252 tilios
1735 1225 1781 1255 Dei

986 1276 1045 1303 ﬁeri
1063 1275 1267 1309 ?naturau|que
1283 1278 1403 1301 nostram
1422 1273 1527 1300 divinis
1545 1272 1700 1300 honoribus
1715 1273 1780 1304 coli,

987 1330 1019 1350 ac
1039 1322 1177 1357 pulverem
1195 1321 1221 1348 in
1240 1325 1345 1348 tantum
1364 1320 1457 1356 gloria
1471 1319 1608 1354 fastigium
1630 1319 1733 1350 extolli,
1752 1323 1782 1346 ut

983 1368 1039 1403 jam
1052 1368 1149 1395 divina:
1168 1373 1283 1400 naturze,
1298 1371 1326 1393 et
1343 1367 1468 1397 honoris,
1486 1371 1513 1393 et
1528 1366 1638 1393 deitatis
1664 1372 1782 1392 consors

985 1414 1042 1441 sit?
1072 1414 1189 1441 Cuinatn
1217 1412 1319 1446 aliquid
1335 1412 1388 1439 tale
1413 1411 1539 1438 eveniat?
1566 1419 1660 1446 quam,
1676 1417 1780 1445 quaeso.

986 1460 1124 1490 novitatis,
1145 1463 1172 1485 et
1191 1459 1327 1485 inusitatae
1353 1458 1390 1483 rei
1421 1457 1636 1492 magnitudinem
1664 1461 1779 1490 prmler-

986 1505 1078 1532 misit?
1094 1505 1239 1531 lime'enitn
1258 1510 1301 1531 est
1318 1505 1404 1530 virtus
1418 1502 1473 1534 Dei,
1490 1510 1551 1537 qua:
1564 1502 1672 1537 operuit
1685 1502 1781 1536 caelos,

148 1538 279 1573 οὖρανούς
292 1547 300 1555 ·
317 1536 405 1574 οἶμαι,
426 1540 516 1565 πᾶσαν
532 1539 676 1575 (ὑπερέϐη)
704 1539 792 1566 κτίσιν
815 1540 861 1566 καὶ
880 1541 933 1568 πᾶν

989 1552 1094 1587 opinor,
1121 1558 1273 1580 creaturam
1301 1552 1457 1578 universqu
1479 1557 1662 1586 supergressa
1684 1555 1736 1580 est,
1753 1554 1780 1576 rt

147 1584 227 1619 ἔργον
241 1585 385 1620 ἀπέκρυψε
399 1585 445 1612 τοῦ
462 1584 530 1611 Θεοῦ
547 1585 585 1620 τῷ
603 1585 713 1620 μεγέθει
725 1586 770 1612 καὶ
785 1584 823 1620 τῷ
839 1585 933 1612 κάλλει

146 1632 272 1666 νικῆσαν.
290 1631 351 1658 Τῶν
372 1631 426 1667 γὰρ
444 1631 524 1658 θείων
543 1631 632 1666 ἔργων
650 1631 778 1659 ἁπάντων
792 1631 863 1659 οὕτω
883 1633 935 1668 μὲν

146 1679 252 1705 πολλῶν
271 1679 366 1709 ἤντων,
393 1678 465 1705 οὕτω
479 1679 507 1705 δὲ
533 1676 624 1705 καλῦν
649 1679 696 1705 καὶ
727 1679 863 1714 μεγάλων,
883 1680 934 1707 οὐκ

146 1724 221 1750 ἐστιν
234 1724 321 1757 οὐδὲν,
344 1724 358 1751 ὃ
377 1724 415 1759 μὴ
442 1724 492 1759 τῆς
515 1725 613 1758 σοφίας
632 1725 678 1751 τοῦ
693 1725 862 1760 δημιουργοῦ
888 1727 934 1754 καὶ

144 1770 196 1804 τῆς
216 1770 314 1805 τέχνης
329 1770 441 1796 ἔλαττον
457 1770 526 1806 ἔχει,
546 1771 593 1797 καὶ
607 1769 711 1797 δύναιτ’
726 1772 759 1798 ἂν
775 1771 829 1798 τῶν
845 1773 934 1808 t5qu-

145 1817 256 1851 γμένων
269 1817 314 1843 καὶ
335 1816 438 1843 καλλίω
461 1817 509 1844 καὶ
526 1816 612 1851 μείζω
636 1817 772 1852 παράγειν
801 1819 934 1853 οὐμενοῦν

144 1863 200 1890 οὐδ’
214 1864 276 1890 ὅσον
298 1864 386 1889 εἰπεῖν
402 1862 513 1895 ἐξεῖναι.
531 1863 562 1890 Et
587 1863 608 1890 δ’
625 1863 729 1890 ἔνεστιν
756 1864 837 1899 ἔργον
864 1865 932 1892 Θεοῦ

144 1909 273 1943 γενέσθαι
295 1909 388 1942 καλὸν,
410 1908 496 1940 οὕτως
511 1909 625 1943 ἀγαθὸν,
644 1910 713 1936 ὥστε
741 1910 809 1944 πρὸς
827 1911 876 1941 τὴν
889 1921 934 1938 σο⁶

145 1956 210 1989 (ρίαν
226 1955 333 1989 ἐκείνην
348 1955 394 1980 καὶ
407 1954 455 1989 τὴν
467 1954 582 1989 δύναμιν
605 1955 651 1981 καὶ
665 1955 716 1990 τὴν
732 1955 830 1990 τέχνην
855 1956 935 1990 ἁμιλ-

144 2001 269 2036 ληθῆναι,
290 2002 337 2027 καὶ
353 2001 390 2032 ὡς
417 2002 483 2031 ἔπος
505 2001 604 2033 εἰπεῖν,
632 2000 701 2035 πρὸς
728 2000 778 2036 τὴν
803 2002 934 2037 ἀπειρίαν

144 2047 320 2081 ἐξισωθῆναι,
340 2048 387 2073 καὶ
403 2047 528 2082 καθάπερ
545 2047 616 2082 ἴχνος
628 2048 657 2074 τὸ
671 2048 785 2082 μέγεθος
799 2049 872 2076 ἅπαν
885 2050 933 2085 τῆς

143 2093 242 2129 (θείας)
260 2093 429 2128 ἁγαθότητος
446 2094 595 2126 ὑποδεῖξαι,
610 2093 690 2120 τοῦτο
705 2092 782 2129 οἶμαι
804 2093 876 2122 εἶναι
893 2106 933 2123 νι-

143 2141 238 2174 κῆσαι.
253 2139 283 2166 Et
305 2141 360 2175 γὰρ
377 2140 455 2167 τοῦτό
481 2141 555 2166 ἐστιν
582 2141 625 2168 ἀεὶ
649 2141 688 2175 τῷ
710 2141 769 2176 Θεῷ
786 2142 816 2169 τὸ
841 2143 932 2179 ἔργον,

142 2186 248 2221 ἀγαθοῦ
266 2187 448 2221 μεταδιδόναι,
474 2188 520 2214 καὶ
537 2187 609 2222 ὑπὲρ
623 2188 720 2215 τούτου
737 2190 825 2216 πάντα
850 2192 931 2223 ποιεῖ,

988 1604 1069 1624 omne
1098 1604 1168 1631 opus
1191 1597 1237 1623 Dei
1263 1595 1421 1631 pratceliuit,
1452 1595 1594 1629 majestate
1623 1594 1728 1621 Scilicet
1753 1598 1781 1620 ct

988 1642 1144 1677 prmstautia
1156 1649 1336 1676 exsuperans.
1347 1640 1476 1667 Omnium
1491 1647 1610 1675 namque
1621 1639 1778 1666 divinorum

988 1697 1111 1724 operum,
1131 1693 1185 1715 tam
1202 1688 1362 1720 multorum,
1381 1687 1526 1718 bonorutn,
1563 1693 1780 1721 magnorumque

988 1735 1091 1762 nullum
1120 1740 1171 1764 est.
1187 1734 1258 1769 quod
1285 1741 1338 1760 non
1370 1733 1441 1760 intra
1470 1732 1629 1767 sapientiam
1653 1736 1778 1759 etartetn

988 1781 1160 1809 fabricatoris
1183 1781 1305 1807 omnium
1332 1779 1465 1811 videatur,
1483 1783 1641 1813 potestque.
1671 1779 1692 1805 si
1711 1778 1778 1809 vult,

987 1827 1068 1855 enlitis
1082 1827 1195 1854 meliora
1215 1831 1242 1853 et
1255 1826 1359 1860 majora
1376 1826 1468 1857 edere,
1496 1830 1629 1859 quantum
1659 1823 1780 1858 profecto

987 1873 1078 1901 dicere
1093 1873 1246 1907 nequimus.
1260 1871 1338 1904 Quod
1349 1871 1370 1898 si
1387 1871 1454 1898 adeo
1476 1871 1576 1897 bonum
1603 1875 1630 1897 et
1644 1870 1774 1896 eximium

988 1917 1035 1944 Dei
1053 1925 1120 1952 opus
1150 1916 1206 1943 lieri
1225 1921 1324 1951 potest,
1342 1921 1373 1943 ut
1391 1923 1452 1943 cum
1469 1916 1540 1942 illius
1554 1916 1700 1950 sapientia,
1728 1924 1778 1951 pn-

989 1968 1098 1993 testate.
1112 1967 1140 1990 et
1159 1967 1217 1990 arte
1231 1962 1386 1994 contendat,
1399 1967 1436 1992 et.
1451 1966 1479 1988 ut
1496 1961 1577 1988 verbo
1599 1961 1701 1994 dicant,
1717 1962 1777 1995 ejus

988 2009 1114 2036 inlinitati
1131 2013 1300 2043 exaequetur,
1313 2013 1339 2035 et
1355 2008 1437 2035 veluti
1455 2007 1600 2042 vestigium
1617 2011 1700 2033 totam
1715 2006 1778 2041 ejus

987 2055 1155 2090 majestatcm
1179 2053 1441 2089 amplitudinemque
1466 2052 1604 2082 ostendat.
1632 2052 1683 2080 hoc
1701 2053 1776 2080 arbi-

987 2105 1045 2128 tror
1060 2108 1121 2128 esse
1140 2099 1250 2128 vicisse.
1263 2098 1331 2127 Nam
1347 2099 1369 2127 si
1392 2099 1443 2127 hoc
1460 2098 1506 2125 Dei
1522 2106 1590 2133 opus
1601 2105 1709 2133 semper
1725 2106 1777 2132 est,

988 2146 1088 2172 bonum
1104 2145 1318 2178 communicare,
1336 2148 1363 2172 et
1377 2143 1437 2178 ejus
1452 2143 1489 2170 rei
1504 2150 1588 2170 causa
1608 2143 1662 2178 agit
1677 2144 1778 2176 omnia,

987 2195 1014 2218 et
1032 2191 1076 2219 hic
1093 2195 1136 2218 est
1152 2191 1212 2218 linis
1229 2195 1312 2226 atque
1333 2197 1434 2225 scopus
1453 2194 1509 2216 tum
1526 2195 1622 2216 eorum
1638 2197 1699 2224 quae
1713 2189 1779 2217 hac-

142 2233 192 2258 καὶ
205 2232 283 2259 τοῦτο
298 2233 328 2258 τὸ
342 2233 419 2264 τέλος
435 2233 488 2259 τῶν
504 2242 533 2260 τε
556 2233 607 2269 ἤδη
623 2235 775 2268 γεγονότων
791 2237 838 2262 καὶ
851 2236 869 2263 ἃ
884 2238 932 2270 γέ-

989 2241 1067 2265 tenus
1084 2237 1118 2265 ab
1133 2245 1166 2265 eo
1177 2237 1248 2264 facta
1260 2241 1335 2269 sunt.
1355 2241 1414 2264 tum
1436 2243 1531 2264 eorum
1560 2243 1621 2270 qua:
1642 2235 1669 2262 in
1690 2240 1780 2271 poste-

141 2279 210 2306 νοιτ⁵
223 2279 256 2306 ἂι
270 2279 317 2306 τὸν
334 2279 430 2306 ἔπειτα
455 2280 551 2315 χρόνον
568 2280 691 2315 (χεθῆναί
707 2290 772 2316 φησι
786 2284 816 2309 τὸ
830 2283 935 2317 ἀγαθὸν

142 2326 190 2353 καὶ
204 2326 323 2361 ὁδεῦσαι)
338 2335 344 2341 ·
361 2326 374 2352 ὃ
395 2326 481 2352 ποιῶν
495 2326 543 2353 τοῦ
557 2327 668 2354 πάντων
683 2329 696 2354 ὁ
712 2328 778 2360 Θεὸς
802 2330 933 2364 μεγίστου

142 2372 296 2407 μετέδωκεν
312 2372 415 2406 ἀγαθοῦ
445 2373 492 2398 καὶ
515 2369 545 2400 οὗ
567 2374 660 2407 μεῖζον
679 2374 729 2401 οὐκ
744 2374 801 2409 ἔχει
827 2375 931 2410 δοῦναι,

140 2419 221 2445 τοῦτο
235 2418 269 2446 ἂν
285 2419 328 2454 εἴη
343 2419 374 2445 τὸ
391 2419 519 2453 μέγιστον
535 2419 583 2446 καὶ
600 2419 744 2447 κάλλιστον
760 2421 810 2456 τῆς
826 2422 930 2455 ἀγαθό-

140 2473 223 2500 τητος
239 2465 320 2500 ἔργον
336 2466 383 2492 καὶ
395 2465 408 2490 ὁ
421 2465 576 2496 τελευταῖος
591 2466 641 2500 τῆς
657 2467 844 2502 χρηστότητος
857 2469 930 2502 ὅρος.

141 2512 271 2538 Τοιοῦτον
297 2512 325 2538 δὲ
341 2513 372 2538 τδ
389 2511 439 2547 τῆς
464 2512 620 2547 οἰκονομίας
643 2513 736 2548 ἔργον,
753 2515 770 2550 ἦ
789 2515 853 2549 περὶ
879 2515 933 2541 τῶν

141 2557 298 2592 ἀνθρώπων
311 2558 487 2593 ᾠχονομήθη.
508 2558 639 2585 Ἐνταῦθα
656 2559 710 2594 γὰρ
731 2560 761 2586 οὐ
779 2560 933 2594 μετέδωκεν

141 2603 239 2636 ἁπλῶς
256 2603 367 2630 ὁτουοῦν
393 2604 499 2638 ἀγαθοῦ
515 2606 547 2640 τῇ
564 2604 644 2639 φύσει
663 2605 718 2632 τῶν
744 2606 897 2641 ἀνθρώπων
918 2608 932 2634 ὁ

142 2650 208 2682 Θεὸς
225 2650 292 2686 παρ’
309 2650 399 2685 ἑαυτῷ
414 2650 449 2677 τὰ
463 2650 550 2678 πλείω
566 2652 700 2686 τηρήσας,
718 2651 777 2679 ἀλλ’
797 2653 862 2679 αὐτὸ
879 2654 933 2683 πᾶν

141 2696 172 2723 τὸ
189 2696 327 2731 πλήρωμα
345 2696 395 2731 τῆς
419 2696 555 2731 θεότητος,
570 2697 631 2724 ὅλον
652 2697 734 2723 αὑτὸν
747 2698 793 2724 τὸν
816 2699 931 2731 φυσικὸν

141 2742 257 2777 ἐνέθηκε
278 2743 403 2769 πλοῦτον.
425 2743 475 2769 Διὰ
497 2742 577 2770 τοῦτο
604 2744 651 2769 καὶ
679 2743 854 2777 δικαιοσύνην
882 2743 929 2771 τοῦ

141 2788 210 2816 Θεοῦ
226 2789 256 2815 ὲν
268 2789 308 2824 τῷ
317 2789 477 2825 Εὑαγγελίῳ
490 2788 674 2825 διαφερόντως
687 2789 929 2818 ἀποκαλύπτεσθαι

181 2881 203 2896 ’⁷
220 2880 293 2908 Psai.
316 2889 384 2917 xvtt,
405 2882 447 2910 l9.
486 2881 506 2898 ”
532 2881 598 2909 ibid.

985 2293 1045 2312 rutn
1065 2284 1121 2312 ﬂeri
1135 2284 1170 2311 ab
1186 2291 1219 2312 eo
1234 2288 1351 2319 possunt
1376 2284 1489 2320 (bonum
1507 2283 1580 2311 enim
1606 2283 1721 2311 dilTundi
1747 2290 1778 2310 ac

984 2331 1127 2366 propagari
1137 2330 1176 2357 ait
1187 2328 1381 2364 Dionysius").
1392 2329 1463 2364 quod
1476 2329 1579 2356 iaciens
1589 2329 1661 2357 Deus
1671 2329 1778 2356 univer—

983 2384 1092 2408 sorum,
1104 2375 1317 2403 communicavit
1331 2375 1432 2402 bonum
1446 2374 1568 2402 omnium
1581 2374 1741 2406 maximum,
1752 2377 1779 2400 et

983 2430 1038 2457 quo
1048 2421 1170 2449 nobilius
1177 2421 1242 2448 dare
1251 2420 1356 2454 nequit.
1368 2420 1393 2447 id
1404 2420 1488 2447 fuerit
1499 2427 1656 2454 supremum
1667 2419 1741 2450 illud.
1751 2425 1779 2449 et

981 2466 1198 2502 pulcherrimum
1209 2465 1338 2492 bonitatis
1351 2472 1431 2500 opus.
1442 2470 1470 2493 et
1483 2470 1638 2492 extremum
1648 2465 1778 2492 bonitatis

981 2511 1256 2548 ejus.ﬂujuscetnodi
1272 2518 1353 2546 porro
1365 2512 1527 2539 mcouomia:
1541 2519 1610 2546 opus
1625 2514 1678 2541 est,
1690 2517 1773 2544 quam

982 2567 1031 2594 pro
1049 2559 1136 2587 salute
1162 2558 1284 2585 humana
1309 2557 1431 2592 suscepit
1446 2562 1472 2584 ct
1487 2556 1701 2585 administravit.
1727 2554 1777 2583 ilic

981 2606 1054 2635 enim
1072 2613 1125 2633 non
1142 2604 1302 2639 simpliciter
1330 2603 1520 2638 qualecunque
1546 2602 1646 2630 bonum
1665 2605 1773 2629 natura:

987 2654 1114 2680 humanae
1128 2649 1354 2681 communicavit,
1371 2649 1421 2676 sibi
1439 2648 1590 2684 potioribus
1613 2647 1775 2680 reservatis;

985 2697 1032 2726 sed
1048 2696 1134 2731 ipsam
1160 2699 1246 2722 totam
1264 2694 1460 2730 pleuitttdinetn
1486 2691 1649 2723 divinitatis,
1680 2697 1776 2718 omnes

984 2742 1095 2770 divitias
1111 2748 1176 2768 suas
1191 2740 1331 2768 naturales
1350 2740 1376 2767 in
1394 2746 1453 2766 eam
1465 2737 1613 2773 congessit.
1628 2736 1733 2763 idcirco
1747 2740 1775 2762 ct

982 2788 1116 2826 justitiam
1133 2787 1179 2815 Dei
1191 2787 1226 2822 in.
1241 2786 1387 2822 Evangeiio
1402 2784 1531 2821 pratclare
1547 2783 1659 2811 revelari
1675 2781 1774 2810 Paulus

656 2882 676 2898 υ
695 2881 732 2909 De
753 2881 839 2909 divin.
857 2887 931 2909 nom.
950 2889 977 2910 ε.
992 2880 1019 2908 ι.
