1976 3074
230 140 280 170 5οἹ

856 136 1011 168 NICOLAI
1028 136 1222 168 CABASILIE

1796 137 1853 169 50‘?

229 196 339 224 scribit:
356 195 480 223 «Iustitia
508 196 579 223 enim
598 195 643 223 Dei
661 196 688 223 in
701 202 734 223 eo
749 195 885 223 reveletur
896 195 930 226 ³³,
946 204 954 220 ι
973 193 1010 219 in-

1069 194 1172 226 Παῦλος
1184 192 1246 222 εἷπε
1261 202 1267 209 ·
1281 194 1306 222 εί
1319 193 1373 229 γάρ
1385 193 1444 220 ἐστι
1457 201 1499 225 τις
1513 192 1598 228 ἀρετὴ
1608 191 1676 219 Θεοῦ
1688 192 1737 220 καὶ
1746 193 1841 222 δικαιο-

230 243 300 278 quit.
316 242 342 269 Si
355 249 409 277 qua
424 242 495 269 enim
507 245 547 268 est
559 241 663 275 justitia
691 247 719 269 et
732 243 816 270 virtus
832 241 890 275 Dei,
905 250 936 269 ea
951 242 1014 274 erit,

230 289 358 315 omnibus
377 288 518 315 afﬂuentes
555 290 624 315 bona
648 296 697 315 sua
730 288 875 323 impertiri,
903 289 1016 323 ipsaque

230 335 385 362 communio
402 334 589 361 beatitudinis.
604 335 680 362 Hanc
697 335 733 362 ob
749 342 861 362 causam
886 335 1015 370 mysteria

231 379 415 406 sacratissima
446 384 531 412 porta:
558 380 674 414 justitiae
704 381 801 408 merito
825 381 1021 414 nominentur,‘

230 425 359 458 quoniam
374 424 418 451 Dei
433 433 494 459 erga
510 433 595 460 genus
607 431 730 453 nostrqu
750 434 876 460 suprema
892 427 1015 461 benigni-

231 477 272 496 tas
280 477 307 497 et
321 471 439 501 bonitas,
452 479 513 505 quae
524 477 565 498 est
576 471 665 499 divina
681 473 767 500 virtus
779 477 806 500 et
815 473 931 508 iustitia,
944 473 1017 501 hunc

230 516 309 542 nobis
328 515 466 542 introitum
485 517 511 543 in
528 517 626 544 cmlum
646 518 781 552 patefecit.

267 562 324 588 lino
349 570 414 589 vero
439 563 518 589 etiam
533 565 586 590 alio
602 572 644 591 mo
655 565 690 595 lo,
703 565 807 598 judicio
833 565 963 599 quodam,
989 570 1016 592 et

231 607 338 639 justitia
354 607 406 633 hoc
420 612 552 641 tropaeum
582 609 724 635 constituit
741 609 880 640 Dominus.
905 613 932 636 et
947 609 1017 635 hanc

233 655 336 683 pmtam
354 656 381 677 el
402 651 472 678 hanc
494 652 562 678 viam
579 653 658 679 nobis
671 658 712 680 est
730 653 854 687 largitus.
869 653 930 682 Non
943 654 1015 681 enim

230 696 353 729 captivos
366 697 467 730 rapuit,
485 697 531 724 sed
557 697 726 726 liberationis
744 700 860 734 pretium
875 699 1016 734 persolvit,

231 745 257 765 ιιι
274 740 370 766 fortem
401 741 532 776 alligavit,
551 744 623 778 quod
638 749 711 771 esset
735 746 882 779 potentior,
901 751 928 773 et
942 746 1016 781 jnsta

231 786 365 812 sententia
386 794 419 814 eo
436 788 626 822 condemnato,
640 791 762 825 regnavit
774 792 800 818 in
823 792 904 820 domo
922 792 1015 825 Jacob,

232 829 258 855 in
273 830 417 858 animabus
445 833 584 860 hominum
617 836 786 870 tyrannidem
804 843 945 870 evertens;
961 845 1015 865 non

231 875 294 908 quia
315 881 436 904 evertere
462 879 560 912 potuit,
584 880 631 906 sed
653 881 716 914 quia
733 889 791 908 eam
812 883 1013 917 evertijustttm

230 924 298 947 erat.
314 921 401 956 Atque
413 922 464 950 hoc
479 923 560 950 David
575 924 708 956 indicans.
722 927 777 954 ait:
797 928 920 956 «Iustitia
931 933 957 955 et
967 929 1015 964 ju-

231 966 344 1000 dicimn,
357 970 516 1003 prmparatio
532 971 604 999 sedis
617 974 728 1000 tum'h
745 974 804 1002 Non
816 975 903 1002 solum
923 981 1013 1004 autem

229 1013 335 1047 justitia
350 1014 398 1042 llas
413 1021 506 1050 portas
531 1020 651 1052 aperuit,
677 1021 724 1046 sed
741 1021 821 1047 etiam
836 1022 939 1056 justitia
954 1023 1015 1057 ipsa

230 1065 279 1090 per
294 1065 340 1085 eas
352 1059 383 1086 ad
400 1068 485 1095 genus
515 1068 637 1089 nostrum
670 1065 755 1092 venit.
769 1064 912 1094 Prioribus
941 1068 1012 1095 enim

231 1104 409 1138 t.-mporibus,
432 1106 589 1142 priusquam
609 1108 679 1136 Deus
693 1109 726 1136 ad
741 1110 864 1138 homines
877 1112 1014 1140 delabere-

231 1153 287 1181 tur,
303 1149 407 1184 justitia
424 1153 450 1179 lu
468 1154 532 1180 orbe
547 1159 681 1182 terrarum
702 1164 838 1191 ttusquam
857 1160 1014 1188 invenieba-

233 1198 288 1222 tur.
307 1196 365 1230 lpse
389 1198 461 1225 enim
479 1199 548 1227 Deus
571 1201 603 1228 de
615 1202 683 1229 cwlo
709 1204 844 1237 aspiciens
872 1207 1013 1241 quaasirit,

232 1248 312 1274 quem
332 1243 414 1269 latere
443 1251 496 1270 non
526 1247 667 1279 potuisset,
698 1249 719 1275 si
741 1249 792 1276 ulla
809 1252 969 1286 exstitisset,
988 1258 1014 1282 cl.

233 1291 322 1313 tzttncn
336 1296 388 1315 non
403 1289 520 1317 invenit:
534 1291 649 1320 «Omnes
661 1294 848 1330 enim,iuquit,
861 1297 1014 1326 declinavc~

233 1337 306 1364 runt,
324 1338 350 1360 et
362 1333 471 1362 inutiles
487 1335 548 1363 facti
569 1343 650 1365 sunt:
669 1347 722 1366 non
750 1345 791 1367 est.
807 1342 852 1376 qui
871 1341 953 1370 faciat
968 1345 1015 1370 bo-

233 1385 297 1405 num
313 1387 320 1410 ;
340 1387 394 1406 non
423 1386 464 1408 est
492 1390 579 1418 usque
596 1384 629 1411 ad
660 1393 744 1412 untttn
757 1386 806 1412 ³¹.›
823 1387 857 1413 At
871 1392 1012 1423 postquam

232 1424 331 1452 veritas
347 1425 379 1452 de
393 1430 462 1453 terra
488 1427 514 1455 in
529 1429 647 1456 tenebris
662 1436 743 1465 atque
768 1432 863 1459 umbra
882 1434 1013 1461 mendacii

231 1470 390 1499 sedentibus
406 1478 500 1500 exorta
519 1479 570 1506 est,
586 1479 650 1503 tttnc
665 1477 746 1503 etiam
776 1477 880 1512 justitia
895 1479 929 1506 de
945 1480 1015 1507 cmlo

231 1518 380 1551 prospexit,
393 1524 419 1546 et
431 1524 486 1546 tum
503 1521 621 1554 primum
637 1530 698 1549 rere
720 1523 892 1559 perfecteque
906 1525 1021 1552 homini-

232 1562 283 1589 bus
295 1565 418 1597 apparuit
432 1585 438 1597 ,
453 1569 478 1591 et
492 1565 632 1598 iustificati
648 1574 759 1600 sumus;
776 1569 893 1603 primum
911 1571 1019 1605 quidem

232 1615 246 1633 δ
268 1608 392 1641 vinculis,
421 1614 448 1636 et
474 1618 488 1636 a
505 1612 609 1638 ratione
626 1613 760 1640 reddenda
787 1614 907 1648 liberati,
925 1624 957 1643 eo
973 1618 1019 1652 qui

233 1652 299 1678 nihil
315 1655 425 1681 sceleris
442 1656 590 1683 admiserat
605 1665 654 1691 per
668 1663 781 1685 mortem
800 1661 890 1688 crucis
908 1669 956 1695 pro
971 1669 1020 1689 no-

234 1699 275 1724 bis
292 1700 492 1733 respondente;
508 1709 560 1735 qua
582 1710 676 1736 poenas
690 1704 739 1731 luit
766 1713 874 1738 eorum.
894 1715 955 1741 quae
971 1716 1020 1736 nos

235 1744 338 1771 nefarie
353 1745 412 1772 ausi
429 1745 587 1775 fueramus:
604 1748 701 1776 deimle
714 1757 762 1785 per
775 1757 887 1779 tnortem
905 1753 977 1781 illam
992 1759 1019 1782 et

232 1790 311 1817 altrici
326 1790 381 1821 Dei,
392 1791 494 1826 etjusti
505 1795 653 1822 evasimus.
668 1795 728 1822 Non
741 1797 814 1824 enim
829 1801 1018 1828 tantummodo

233 1844 282 1862 nos
300 1836 434 1870 liberavit,
447 1842 474 1865 et
489 1846 550 1866 cum
565 1839 642 1867 Patre
655 1840 682 1868 in
697 1842 811 1876 gratiam
825 1845 931 1871 reduxit
945 1854 1017 1873 tuor-

232 1884 295 1907 tnus
307 1881 449 1915 Salvator,
466 1884 512 1910 sed
528 1884 639 1920 insuper
658 1887 746 1914 «dedit
762 1889 840 1916 nobis
857 1895 1016 1924 potestatem

231 1925 302 1953 ﬁlios
318 1927 362 1954 Dei
380 1928 437 1955 ﬂeri
450 1929 498 1957 ³⁵.)
528 1930 665 1966 Copulans
696 1933 805 1967 quidem
823 1935 874 1961 sibi
892 1942 1015 1965 naturam

231 1977 366 2006 nostram,
385 1981 433 2008 per
449 1977 655 2007 earnemqiobis
682 1985 856 2014 comparatus
887 1987 948 2009 cst:
966 1991 1015 2011 no-

230 2023 319 2045 strum
333 2025 423 2047 autem
445 2029 666 2058 unumquemque
695 2026 769 2052 carni
801 2034 857 2053 suae
874 2029 1015 2062 copulans,

231 2065 331 2092 virtute
356 2068 548 2102 mysteriorum
566 2069 701 2102 videlicet,
719 2071 769 2098 hoc
786 2073 867 2099 modo
881 2074 1013 2108 justitiam

231 2118 308 2138 suam
327 2117 353 2140 et
367 2114 448 2140 vitam
474 2115 499 2142 in
515 2115 654 2143 anitnabus
667 2118 766 2145 nostris
777 2119 876 2145 exoriri
891 2119 962 2147 facit.
978 2122 1013 2148 lla

233 2163 324 2182 veram
347 2157 480 2190 justitiam
499 2167 545 2193 per
560 2167 636 2187 sacra
666 2162 794 2197 mysteria
809 2169 837 2190 et
851 2171 1014 2198 cognoscere

233 2201 388 2230 hominibus
402 2203 488 2237 licuit,
505 2211 531 2232 et
543 2212 573 2233 ea
586 2207 636 2234 rite
650 2207 735 2243 fungi.

267 2289 325 2317 Etsi
345 2291 417 2317 enim
443 2293 519 2319 multi
538 2293 615 2327 justi,
631 2300 658 2322 et
669 2296 749 2323 amici
765 2297 810 2324 Dei
836 2299 862 2324 in
892 2298 1014 2334 Scriptu-

233 2343 263 2362 ra
277 2342 471 2370 memorentur,
490 2344 633 2374 antequam
649 2342 801 2375 adveniret,
815 2345 861 2378 qui
881 2345 1014 2379 justilit-a-

235 2387 276 2408 rct
299 2386 325 2409 et
341 2384 547 2417 reconciliaret,
566 2391 655 2413 tamen
677 2387 743 2415 illud
772 2389 796 2415 in
820 2391 913 2423 primis
939 2392 1013 2425 cogi-

235 2429 346 2455 tamlum
362 2433 414 2460 est,
436 2431 508 2464 quod
525 2431 643 2465 primum
662 2433 693 2459 ad
721 2434 849 2461 saeculum
881 2435 1013 2469 ipsorum,

233 2479 293 2508 post
310 2475 342 2500 ad
369 2474 490 2502 futurum
505 2477 647 2510 attinebat,
671 2486 718 2506 eos
733 2480 866 2513 potuisse,
884 2486 910 2508 et
936 2489 1015 2515 para-

235 2524 276 2547 tos
298 2520 380 2547 fuisse
395 2520 427 2547 ad
440 2522 588 2554 justitiam,
605 2523 687 2551 veluti
701 2525 734 2551 ad
751 2525 887 2554 sublatum
905 2527 1015 2561 aliqttod

234 2567 340 2601 signum
377 2575 530 2600 accurrere,
568 2570 760 2605 persolutoqne
794 2571 890 2606 pretio.
916 2572 1016 2606 quibus

235 2613 398 2641 tt-ttebanlur
408 2614 522 2641 vinculis
534 2615 628 2648 levari,
638 2616 812 2652 oblatumque
826 2618 916 2644 lumen
935 2625 1015 2653 aspe-

233 2668 319 2693 ctare.
344 2669 371 2690 et
399 2664 585 2691 demonstrata
603 2664 659 2699 jam
691 2665 815 2698 veritate,
834 2674 849 2694 a
865 2667 960 2701 figuris
989 2671 1017 2695 et

234 2709 340 2736 umbris
361 2710 495 2737 recedere.
522 2709 556 2737 Et
566 2711 618 2738 hoc
631 2711 696 2745 justi
718 2712 752 2739 ab
775 2713 905 2747 improbis
929 2713 1015 2741 diﬂ'e-

234 2756 341 2789 rebanl,
358 2763 420 2783 cum
444 2760 537 2784 essent
565 2756 668 2792 alioqui
696 2758 893 2792 propemodum
919 2757 1014 2785 iisdem

1035 1515 1054 1526 I‘

1035 1529 1055 1544 υ

1067 239 1148 274 σύνη,
1167 239 1245 266 τοῦτο
1260 239 1293 266 ἂν
1312 239 1354 273 εἴη
1369 239 1400 265 τὸ
1413 239 1495 266 πᾶσιν
1518 238 1643 273 ἀφθόνως
1667 237 1722 266 τῶν
1737 239 1845 273 ἀγαθῶν

1067 284 1120 311 τῶν
1135 285 1232 311 ἑαυτοῦ
1247 284 1408 318 μεταδοῦναι
1420 285 1467 311 καὶ
1479 285 1496 319 ἡ
1507 284 1558 319 τῆς
1574 285 1776 319 μακαριότητος
1790 294 1842 312 κοι-

1067 330 1160 356 νωνία.
1178 328 1280 356 Τούτου
1302 329 1382 364 χάριν
1400 330 1433 356 τὰ
1457 329 1592 364 ίερὼτατα
1609 331 1747 364 μυστήρια
1767 330 1845 357 πύλαι

1067 375 1100 402 ἂν
1124 375 1237 406 εἰκότως
1254 375 1378 402 καλοῖντο
1406 375 1592 410 δικαιοσύνης,
1611 377 1685 412 aut;
1708 376 1754 403 τοῦ
1781 376 1847 403 Θεοῦ

1067 421 1132 457 περὶ
1145 421 1176 448 τὸ
1192 421 1270 455 γένος
1293 421 1395 457 ἐσχάτη
1420 421 1612 457 φιλανθρωπία
1635 421 1684 448 καὶ
1702 421 1847 456 ἀγαθότης,

1066 467 1127 502 ἥτις
1152 467 1225 494 ἐστὶν
1248 468 1265 501 ἡ
1285 467 1344 493 θεία
1367 466 1454 502 ἀρετὴ
1478 467 1524 494 καὶ
1551 466 1722 502 δικαιοσύνη,
1748 467 1849 498 ταύτας

1067 514 1132 548 ἡμῖν
1147 514 1187 545 είς
1199 513 1244 539 τὸν
1257 512 1370 548 οὐρανὸν
1382 513 1495 547 εποίησε
1511 513 1561 543 τὰς
1575 513 1705 543 εἰσόδους.

1102 559 1157 586 Καὶ
1176 558 1228 593 μὴν
1244 559 1289 586 καὶ
1299 559 1393 594 ἕτερον
1411 558 1510 592 τρόπον
1528 558 1617 593 κρίσει
1633 559 1685 586 τινὶ
1693 558 1851 585 καὶδικαιο-

1068 603 1135 640 σύνῃ
1150 604 1230 630 τοῦτο
1241 604 1272 630 τὸ
1284 603 1413 639 τρόπαιον
1431 603 1545 638 ἔστησεν
1559 605 1572 630 ὁ
1588 604 1706 639 Κύριος,
1721 605 1769 631 καὶ
1785 604 1852 631 ταύ-

1067 658 1118 684 την
1132 650 1198 684 ἡμῖν
1223 648 1323 675 ἔδωκεν
1346 648 1395 683 τὴν
1414 647 1503 683 πύλην
1517 648 1564 675 καὶ
1579 648 1629 683 τὴν
1651 649 1722 676 ὀδόν.
1736 649 1774 675 Οὺ
1798 651 1851 684 γὰρ

1067 697 1176 732 ἥρπασε
1192 695 1254 726 τοὺς
1282 693 1482 729 αἰχμαλώτους,
1507 693 1574 720 ἀλλὰ
1588 694 1686 729 λύτρον
1703 694 1787 722 ἔδωκε
1805 695 1852 721 καὶ

1068 742 1149 776 ἔδησε
1171 741 1216 767 τὸν
1248 740 1369 775 ίσχυρδν,
1393 740 1424 766 οὗ
1449 738 1487 775 τῷ
1517 739 1603 774 μείζω
1628 740 1743 775 δύναμιν
1769 741 1851 775 ἔχειν,

1068 789 1150 822 ψήφῳ
1167 787 1196 814 δὲ
1212 787 1305 821 δικαίᾳ
1324 786 1537 822 κατακριθέντα,
1553 787 1601 814 καὶ
1617 787 1791 814 ὲὸασὶλευσεν
1807 787 1853 814 ἐπὶ

1068 833 1114 859 τὸν
1127 829 1200 858 οἷκον
1217 831 1324 864 Ἰακὼϐ,
1340 832 1368 857 ὲν
1387 831 1449 862 ταῖς
1463 831 1562 866 ψυχαῖς
1577 832 1630 858 τῶν
1643 831 1792 866 ἀνθρώπων
1803 831 1853 867 τὴν

1073 878 1217 913 τυραννίδα
1234 877 1329 909 λύσας.
1354 877 1403 912 οὑχ
1420 878 1461 904 ὅτι
1483 878 1594 904 ἐδύνατο
1616 878 1708 910 λῦσαι,
1732 877 1790 904 ἀλλ’
1813 879 1853 905 ὅτι

1072 923 1187 958 λυθῆναι
1203 923 1309 950 δίκαιον
1323 920 1366 959 ἦν.
1382 923 1436 950 Καὶ
1449 923 1530 950 τοῦτο
1542 923 1677 959 ἐμήνυσεν
1690 925 1718 950 ὲν
1728 921 1768 955 οἷς
1780 922 1853 956 εἷπε,

1074 978 1084 995 t
1103 968 1263 1003 Δικαιοσύνη
1286 968 1333 994 καὶ
1347 968 1432 1003 κρίμα
1446 969 1591 1002 ἑτοιμασία
1606 969 1651 996 τοῦ
1667 969 1772 1003 θρόνου.
1791 978 1800 995 ι
1815 969 1852 995 Ού

1071 1014 1228 1049 δικαιοσύνη
1243 1014 1270 1040 δὲ
1287 1014 1366 1047 μόνον
1382 1013 1484 1046 ταύτας
1500 1013 1582 1041 διεῖλε
1603 1015 1652 1046 τὰς
1673 1014 1769 1046 πύλας,
1785 1014 1853 1041 ἀλλὰ

1071 1059 1229 1095 δικαιοσύνη
1254 1059 1288 1086 δι’
1305 1059 1394 1086 αὐτῶν
1412 1060 1451 1091 είς
1466 1059 1497 1086 τὸ
1522 1060 1659 1095 ἡμέτερον
1675 1060 1789 1094 ἀφίκετο
1807 1060 1853 1094 γέ-

1072 1115 1126 1137 νος.
1151 1105 1213 1131 Ἐπὶ
1230 1106 1281 1140 μὲν
1303 1105 1357 1140 γὰρ
1376 1104 1430 1131 τῶν
1453 1105 1595 1140 προτέρων
1614 1106 1728 1141 χρόνων,
1756 1105 1852 1141 πρὶνῆ

1071 1152 1117 1178 τὸν
1132 1151 1198 1178 Θεὸν
1218 1151 1258 1182 εἰς
1280 1150 1344 1182 τοὺς
1364 1149 1524 1185 ἀνθρώπους
1551 1151 1729 1185 ἐπιδημῆσαι,
1746 1152 1796 1178 οὐκ
1820 1150 1854 1186 ἧν

1071 1197 1162 1232 εὑρεῖν
1178 1195 1354 1230 δικαιοσύνην
1369 1196 1415 1222 ἐπὶ
1430 1196 1480 1230 τῆς
1503 1196 1563 1231 γῆς.
1581 1197 1669 1229 Αὐτὸς
1682 1197 1737 1232 γὰρ
1759 1198 1792 1224 ἐκ
1808 1197 1853 1224 τοῦ

1071 1243 1187 1277 οὖρανοῦ
1198 1242 1309 1276 διέκυψε
1323 1241 1372 1268 καὶ
1387 1241 1520 1277 ἐζήτησεν
1535 1243 1548 1268 ὸ
1565 1242 1641 1274 Θεδς,
1655 1243 1685 1269 δν
1697 1243 1791 1270 λαϐεῖν
1805 1244 1854 1271 ούκ

1071 1287 1146 1322 ἐνῆν,
1163 1288 1242 1323 εἴπερ
1255 1287 1323 1318 ὅλως
1336 1285 1380 1323 ἦν,
1397 1287 1444 1313 καὶ
1463 1289 1538 1322 ὅμως
1551 1287 1600 1323 οὐχ
1614 1285 1677 1324 εὗρε
1689 1296 1696 1303 ·
1715 1299 1724 1315 ι
1749 1289 1854 1322 Πάντες

1071 1333 1136 1367 γὰρ,
1151 1332 1243 1368 φησὶν,
1264 1332 1415 1366 ἐξέκλιναν,
1430 1332 1487 1367 ἅμα
1500 1334 1702 1368 ήχρειώθησαν,
1719 1335 1767 1366 οὐκ
1795 1335 1852 1362 ἔστι

1071 1380 1156 1406 ποιῶν
1172 1379 1353 1414 χρηστότητα,
1367 1379 1416 1405 οὐκ
1428 1379 1500 1405 ἐστιν
1516 1379 1568 1411 ἕως
1580 1380 1650 1412 ἑνός.
1670 1389 1680 1406 ι
1701 1380 1776 1408 Ἐπεὶ
1792 1381 1820 1408 δὲ
1835 1382 1851 1417 ή

1071 1425 1186 1460 ἀλήθεια
1200 1426 1232 1451 ὲκ
1251 1425 1301 1460 τῆς
1313 1425 1366 1460 γῆς
1382 1424 1504 1451 ἀνέτειλε
1520 1426 1577 1457 τοῖς
1593 1426 1621 1451 ὲν
1640 1425 1680 1461 τῷ
1701 1427 1795 1453 σκότει
1807 1427 1853 1453 τοῦ

1070 1473 1184 1507 ψεύδους
1208 1472 1254 1498 καὶ
1267 1473 1299 1506 τῇ
1318 1472 1382 1507 σκιᾷ
1402 1472 1579 1507 καθημένοις,
1605 1474 1756 1508 τηνικαῦτα
1772 1476 1820 1501 καὶ
1837 1476 1853 1510 ἡ

1071 1517 1228 1553 δικαιοσύνη
1245 1519 1276 1543 ὲκ
1302 1516 1349 1544 τοῦ
1365 1517 1479 1552 ούρανοῦ
1505 1518 1633 1554 διέκυψεν
1648 1520 1712 1554 ἄρτι
1737 1520 1854 1555 πρώτως

1071 1563 1178 1598 ἀληθῶς
1190 1563 1236 1589 καὶ
1244 1562 1353 1594 τελείως
1360 1564 1416 1594 τοῖς
1425 1563 1473 1590 ἀνο
1480 1563 1581 1599 ρώποις
1593 1565 1707 1600 φανεῖσα
1719 1573 1725 1581 ⁸
1743 1565 1792 1592 καὶ
1799 1566 1853 1592 ἐδι-

1071 1609 1238 1644 καιώθημεν,
1247 1608 1355 1642 πρῶτον
1373 1609 1423 1643 μὲν
1434 1609 1488 1636 τιῖιν
1499 1609 1606 1644 δεσμῶν
1618 1611 1664 1637 καὶ
1676 1610 1724 1646 τῆς
1736 1611 1853 1646 εὐθύνης

1070 1655 1290 1689 ἀπαλλαγέντες,
1315 1655 1363 1682 τοῦ
1389 1655 1473 1691 μηδὲν
1495 1655 1658 1691 ἀδικηκότος
1682 1657 1752 1692 ὑπὲρ
1775 1658 1853 1693 ἡμῶν

1069 1701 1313 1736 ἀπολογησαμένου
1329 1701 1367 1735 τῷ
1389 1701 1434 1728 διὰ
1462 1702 1580 1737 σταυροῦ
1602 1701 1720 1738 θανάτῳ,
1741 1704 1805 1731 καθ’
1823 1704 1853 1731 ὃν

1069 1747 1153 1773 ἔδωκε
1168 1746 1246 1782 δίκην
1271 1746 1341 1781 ὑπὲρ
1357 1743 1395 1774 ὧν
1421 1747 1503 1782 ἡμεῖς
1531 1748 1733 1783 ιτολμήσαμεν,
1756 1749 1852 1776 ἔπειτα

1070 1792 1118 1819 καὶ
1137 1792 1208 1826 φίλοι
1225 1791 1293 1818 Θεοῦ
1310 1793 1357 1819 καὶ
1374 1792 1475 1819 δίκαιοι
1496 1793 1670 1827 κατέστημεν
1684 1794 1729 1820 διὰ
1742 1793 1790 1821 τὸν
1807 1795 1853 1821 θάα

1069 1847 1149 1865 νατον
1163 1839 1276 1865 ἐκεῖνον.
1299 1838 1337 1864 Οὐ
1357 1838 1411 1873 γὰρ
1432 1839 1511 1865 ἔλυσε
1535 1839 1615 1874 μόνον
1632 1840 1680 1866 καὶ
1704 1839 1745 1875 τῷ
1765 1841 1852 1875 Πατρὶ

1068 1885 1237 1920 κατήλλαξεν
1257 1884 1400 1912 ἀποθανὼν
1423 1886 1438 1911 ὸ
1465 1885 1571 1920 Σωτὴρ,
1586 1884 1651 1912 ἀλλὰ
1665 1887 1713 1912 καὶ
1729 1897 1739 1912 ι
1753 1887 1852 1914 ἔδωκεν

1067 1933 1134 1966 ἡμῖν
1149 1931 1276 1963 ἐξουσίαν
1291 1931 1374 1957 τέκνα
1390 1930 1458 1957 Θεοῦ
1475 1931 1613 1965 γενέσθαι,
1635 1941 1644 1957 ι
1662 1932 1786 1966 συνάψας
1803 1933 1851 1967 μὲν

1068 1975 1157 2011 ἑαυτῷ
1177 1976 1227 2009 τὴν
1244 1975 1326 2010 φύσιν
1337 1975 1386 2010 τὴν
1403 1975 1541 2010 ἡμετέραν
1557 1974 1601 2001 διὰ
1620 1975 1670 2010 τῆς
1690 1978 1802 2012 σαρκὸς,
1819 1979 1852 2013 ἣν

1067 2022 1198 2053 ἀνείλετο,
1232 2022 1375 2048 συνάπτων
1400 2022 1428 2048 δὲ
1456 2021 1535 2056 ἡμῶν
1553 2021 1668 2048 ἕκαστον
1694 2025 1727 2058 τῇ
1752 2024 1850 2050 ἑαυτοῦ

1068 2068 1150 2103 σαρκὶ
1163 2069 1195 2103 τῇ
1211 2069 1325 2102 δυνάμει
1348 2069 1402 2094 τῶν
1426 2069 1595 2102 μυστηρίων.
1615 2069 1669 2096 Καὶ
1692 2069 1788 2096 τοῦτον
1806 2071 1850 2096 τὴν

1066 2114 1166 2148 τρόπον
1180 2113 1228 2148 τὴν
1240 2113 1337 2140 ἑαυτοῦ
1351 2114 1525 2148 δικαιοσύνην
1541 2117 1587 2141 καὶ
1602 2116 1652 2150 τὴν
1666 2115 1738 2148 ζωὴν
1753 2117 1781 2142 ἐν
1793 2117 1850 2147 ταῖς

1067 2161 1214 2194 ἡμετέραις
1230 2159 1367 2186 ἀνατέλλει
1382 2159 1482 2194 ψυχαῖς
1493 2168 1499 2176 ·
1516 2161 1587 2187 οὕτω
1594 2161 1643 2196 τὴν
1658 2161 1744 2196 ἀληθῆ
1753 2162 1853 2188 δικαιο-

1069 2207 1152 2241 σύνην
1175 2205 1218 2232 διὰ
1246 2205 1301 2231 τῶν
1326 2205 1485 2240 μυστηρίων
1513 2207 1567 2232 τῶν
1601 2207 1681 2241 ἱερῶν
1713 2207 1851 2242 ἐξεγένετο

1067 2251 1114 2278 aut
1128 2251 1230 2285 γνῶναι
1245 2251 1300 2282 τοῖς
1317 2250 1472 2285 ἀνθρώποις
1487 2251 1536 2277 καὶ
1550 2251 1733 2284 κατορθῶσαι.

1100 2298 1132 2323 Εἰ
1157 2297 1210 2331 γὰρ
1229 2296 1320 2322 πολλοὶ
1344 2296 1443 2322 δίκαιοι
1471 2296 1518 2322 καὶ
1542 2296 1613 2330 φίλοι
1635 2296 1702 2323 Θεοῦ
1721 2297 1797 2332 παρὰ
1816 2297 1848 2332 τῇ

1066 2343 1161 2378 Γραφῇ
1186 2343 1248 2377 πρὶν
1266 2342 1380 2376 ἀφῖχθαι
1402 2341 1447 2368 τὸν
1469 2342 1626 2369 δικαιοῦντα
1653 2343 1699 2369 καὶ
1724 2343 1850 2370 διαλλάτ-

1066 2398 1157 2422 τοντα,
1183 2390 1272 2416 ἐκεῖνο
1297 2387 1451 2420 λογίζεσθαι
1468 2388 1531 2423 χρὴ,
1550 2388 1669 2422 μάλιστα
1696 2389 1744 2424 μὲν
1770 2390 1800 2416 ὲν
1816 2390 1849 2423 τῇ

1067 2436 1149 2469 γενεᾷ
1165 2436 1266 2466 αὐτῶν,
1283 2434 1378 2461 ἔπειτα
1395 2435 1443 2460 καὶ
1462 2434 1507 2460 διά
1526 2434 1556 2460 τὸ
1575 2434 1682 2469 μέλλον,
1695 2435 1737 2461 ὅτι
1751 2432 1805 2461 οἷοί
1819 2443 1849 2460 τε

1068 2482 1190 2516 ἐγένοντο
1213 2482 1261 2508 καὶ
1289 2479 1559 2515 παρασκευάσθησαν
1587 2481 1741 2516 ἀνασχούσῃ
1768 2489 1852 2516 προσ-

1068 2528 1182 2564 δραμεῖν
1198 2529 1231 2562 τῇ
1251 2527 1410 2563 δικαιοσύνῃ
1432 2527 1479 2553 καὶ
1495 2527 1609 2562 λυθῆναι
1627 2527 1678 2562 μὲν
1691 2528 1738 2554 τοῦ
1753 2527 1850 2561 λύτρου

1068 2573 1296 2608 καταϐληθέντος,
1323 2572 1387 2598 ίδεῖν
1403 2572 1430 2599 δὲ
1451 2571 1498 2599 τοῦ
1520 2573 1608 2605 φωτὸς
1631 2573 1772 2606 φανέντος.
1789 2573 1853 2598 ἀνα-

1067 2621 1162 2654 στῆναι
1181 2619 1208 2645 δὲ
1224 2619 1278 2644 τῶν
1296 2618 1390 2644 τύπων
1411 2618 1462 2652 τῆς
1481 2618 1611 2653 ἀληθείας
1635 2619 1849 2654 ἁναδειχθείσης.

1067 2667 1120 2692 Καὶ
1138 2665 1224 2699 τούτῳ
1245 2664 1393 2698 διήνεγκαν
1412 2665 1436 2690 οι
1461 2664 1563 2691 δίκαιοι
1585 2664 1639 2690 τῶν
1661 2664 1798 2699 πονηρῶν,
1822 2663 1851 2690 ἑν

1066 2714 1122 2743 τοῖς
1137 2713 1229 2742 αὐτοῖς
1252 2711 1346 2746 σχεδὸν
1371 2711 1487 2742 ἐκείνοις
1511 2710 1588 2742 ὅντες
1611 2710 1717 2744 δεσμοῖς
1739 2709 1786 2736 καὶ
1802 2708 1851 2743 τὴν

1065 2757 1150 2792 αὐτὴν
1167 2757 1348 2791 ὑφιστάμενοι
1370 2755 1529 2790 τυραννίδα,
1545 2755 1585 2782 ὅτι
1610 2755 1635 2782 οἱ
1657 2755 1706 2790 μὲν
1719 2754 1787 2790 πρὸς
1805 2753 1853 2780 τὸν

273 2846 295 2860 ³⁰
319 2845 397 2873 llum.
423 2855 441 2879 ι,
461 2846 504 2875 l7.
541 2846 562 2862 "
579 2846 652 2874 Psal.
673 2855 805 2881 Lxxxvm,
820 2847 862 2875 l5.
901 2848 923 2866 ⁸¹
939 2847 1011 2877 Psal.

1069 2856 1090 2880 ι,
1108 2848 1135 2875 3.
1173 2845 1286 2874 "Joan.
1306 2853 1325 2880 t,
1348 2846 1393 2874 12.
