1976 3074
138 123 193 155 509

691 132 740 162 DE
762 132 850 163 VITA
872 133 914 163 IN
934 134 1105 166 CHRISTO
1126 137 1200 167 LIB.
1223 138 1248 168 Ι.

1707 141 1758 171 510

138 182 359 230 ἀνδραποδισμδν
378 183 481 212 ἐκεῖνον
503 185 550 213 καὶ
570 185 619 221 τὴν
633 187 758 214 δουλείαν
781 189 921 225 δυσχερῶς

989 194 1149 228 ompctlibus
1166 195 1274 226 irretiti,
1296 196 1476 230 eamdemque
1496 195 1665 230 tyrannidem
1683 202 1761 230 pate-

140 225 224 262 εῐχον,
243 229 289 255 καὶ
309 228 424 264 ηὔχοντο
444 231 474 258 τὸ
493 231 679 268 δεσμωτήριον
697 236 925 270 καταπραφῆναι

140 274 237 301 καὶτὰ
260 275 348 307 δεσμὰ
372 277 463 304 ἐκεῖνα
479 277 603 312 λυθῆναι,
627 279 674 306 καὶ
700 280 854 316 ἐπεθύμουν
877 290 927 308 πα-

141 319 276 354 τουμένην
292 321 358 348 ἰδεῖν
375 322 427 347 ῡττὺ
441 323 494 349 τῶν
507 323 656 358 δεδεμένων
667 325 717 360 τὴν
731 326 778 352 τοῦ
792 326 926 360 τυράννου

142 366 274 402 κεφαλὴν,
298 369 353 398 τοῖς
371 368 400 395 δὲ
425 369 484 397 οὔτε
506 371 591 398 ὲδόκει
615 372 700 398 δεινὸν
715 372 791 398 οὐδὲν
803 373 837 400 τὰ
856 381 928 408 παρ-

145 411 219 444 όντα,
247 413 294 439 καὶ
322 414 418 448 ἥδοντο
441 415 623 448 δουλεύοντες.
652 415 710 444 Οἷοι
737 418 785 444 καὶ
807 418 853 444 ἐπὶ
875 419 929 444 τῶν

144 458 257 492 ἡμερῶν
286 460 397 486 ἐκείνων
429 462 553 494 ἐγένοντο
580 463 635 489 τῶν
651 464 816 498 ,μακαρίων,
833 463 857 490 oi
884 464 930 490 τὸν

143 504 220 538 ἥλιον
237 506 280 531 ἐπ’
292 506 382 532 αὐτῶν
397 507 576 535 ἀνατείλαντα
591 508 653 536 οὔτε
669 508 795 541 ἐδέξαντο
808 510 854 536 καὶ
865 511 931 536 ἀπο-

145 549 240 576 σϐέσαι
255 551 437 586 ἐπεχείρησαν
455 550 495 584 οἷς
510 553 584 587 ἐξῆν,
604 554 637 580 δι’
652 551 689 581 ὦν
703 554 833 589 ᾠήθησαν
851 555 931 590 δυνη-

144 595 222 629 θῆναι
238 597 369 630 ἀφανίσαι
385 598 435 633 τὴν
456 599 554 625 ἀκτῖνα
577 600 667 627 πάντα
683 601 834 631 ποιοῦντος.
849 601 931 627 Ὀθεν

125 643 192 667 ’καὶ
208 643 232 668 οί
260 645 310 677 μὲν
334 644 469 680 ἐλύθησαν
487 647 536 680 τῆς
564 647 593 673 ὲν
614 647 677 683 ᾅδου
701 648 860 682 τυραννίδος
883 647 931 673 τοῦ

145 687 278 721 βασιλέως
295 691 438 723 φανέντος,
458 692 483 718 ot
506 692 533 718 δὲ
548 692 660 724 ἔμειναν
680 693 726 719 ἐπὶ
742 693 797 719 τῶν
811 693 930 727 δεσμῶν.

180 779 313 814 Καθάπερ
337 780 384 806 ἐπὶ
403 780 457 806 τῶν
476 782 655 808 νοσούντωνοῖ
675 783 724 817 τὴν
743 782 890 817 θεραπείαν
902 784 934 810 ὲκ

143 826 247 857 παντὸς
260 826 362 860 τρόπου
378 827 491 861 ζητοῦσι
505 828 552 854 καὶ
571 827 617 855 τὸν
634 829 726 864 ίατρδν
745 829 833 864 ἡδέως
847 829 931 864 ὁρῶσι

145 872 198 898 τῶν
217 872 285 906 μηδὲ
299 872 409 899 είδότων
425 874 464 899 ὅτι
479 874 586 901 νοσοῦσι
602 875 648 902 καὶ
664 875 733 910 πρὸς
750 875 784 902 τὰ
798 876 932 911 φάρμακα

145 918 349 952 ἀποπηδὼντων
364 918 492 953 ἀμείνους
508 920 555 945 καὶ
569 920 764 955 ἁνεκτοτέρους
777 918 846 946 εἶναι
864 929 932 955 συμ-

146 963 235 989 6αίνει
248 971 255 979 ·
275 963 388 994 τούτους
408 964 464 1000 γὰρ
483 966 496 990 6
515 964 618 998 ἰατρός,
636 962 780 999 οἷμαι,κα“ι
794 965 933 998 ὑγιαίνονσ

145 1019 195 1042 τας
222 1011 272 1046 ἤδη
297 1013 428 1046 προσερεῖ
450 1012 498 1038 καὶ
526 1012 608 1046 μήπω
636 1011 761 1045 ὑγιάσας,
790 1011 816 1038 εί
839 1021 871 1046 γε
896 1013 932 1048 μὴ

149 1057 269 1084 σύνοιδεν
288 1057 379 1092 ἑαυτῷ
396 1057 445 1092 τὴν
458 1058 556 1092 τέχνην
574 1059 621 1092 τῆς
638 1059 795 1094 ἀρρωστίας
807 1059 911 1086 ὲλάττω
924 1067 932 1075 ο

146 1101 241 1128 τοῦτον
267 1102 313 1130 τὸν
327 1103 428 1138 τρόπον
449 1103 497 1130 καὶ
520 1103 642 1135 δικαίους
664 1103 711 1130 καὶ
733 1103 827 1138 φίλους
846 1104 933 1136 ἐνίους

147 1149 196 1175 ἐπὶ
211 1149 266 1176 τῶν
281 1150 385 1185 χρόνων
408 1150 523 1177 ἐκείνων
542 1150 672 1178 ἐκάλεσεν
686 1151 699 1176 6
723 1150 799 1181 Θεός.
825 1150 865 1177 Τὰ
879 1150 933 1186 γὰρ

148 1196 216 1230 παρ’
232 1195 337 1222 ἑαυτῶν
354 1197 497 1232 εἰσέφερον
511 1197 600 1223 πάντα
613 1197 661 1223 καὶ
674 1197 724 1232 τὴν
738 1197 855 1232 δυνατὴν
871 1197 935 1223 ἐπε-

147 1242 271 1275 δείξαντο
297 1242 489 1276 δικαιοσύνην,
521 1243 591 1278 ὅπερ
618 1243 734 1277 λυθῆναι
762 1243 812 1277 μὲν
840 1243 935 1276 ἀξίους

147 1288 261 1323 ἐποίησε
273 1288 319 1315 τοῦ
332 1289 413 1315 λῦσαι
427 1289 578 1324 δυναμένου
595 1290 737 1323 φανέντος,
751 1289 828 1316 ἔλυσε
845 1290 872 1316 δὲ
887 1289 934 1316 οὐ·

148 1335 254 1369 δαμῶς.
272 1335 368 1361 Καίτοι
389 1336 413 1361 εί
434 1335 513 1361 τοῦτο
527 1333 561 1371 ἦν
577 1335 681 1370 ἀληθὴς
700 1336 871 1370 δικαιοσύνη,
887 1336 935 1362 καὶ

148 1380 225 1406 αὐτοὶ
241 1380 274 1406 ἂν
290 1377 360 1416 ἦσαν
377 1390 387 1406 ι
403 1381 432 1406 ὲν
449 1380 544 1416 είρήνῃ
568 1381 614 1407 καὶ
633 1381 662 1407 ἐν
678 1383 749 1416 χειρὶ
764 1381 844 1413 Θεοῦ,
862 1391 871 1407 ι
888 1382 936 1408 Σο-

148 1426 241 1462 λομὼν
261 1425 333 1459 εἷπε,
349 1427 379 1453 τὸ
398 1426 478 1462 σῶμα
500 1428 690 1460 ἀνατιθέμενοι
710 1428 807 1454 τοῦτο·
834 1428 882 1454 νῦν
907 1429 936 1455 δὲ

148 1472 353 1508 ἀπερχομένους
366 1473 469 1500 ἐνθένδε
482 1473 547 1508 ᾅδης
559 1473 705 1508 ἐξεδέχετο.
718 1474 774 1509 Τὴν
784 1473 838 1509 γὰρ
849 1474 936 1510 ἀληθῆ

949 861 968 887 Β

977 244 1079 267 rentur.
1102 241 1170 267 Nam
1195 242 1232 268 illi
1257 241 1420 275 mancipium
1436 246 1464 268 et
1497 242 1655 268 servitutem
1689 242 1762 268 illam

979 283 1072 319 iniquo
1105 286 1229 314 ferebant
1264 287 1380 317 animo.
1403 287 1589 321 optabuntque
1623 294 1762 315 carcerem

978 331 1093 363 destrui,
1107 338 1134 359 et
1150 333 1256 359 vincula
1282 332 1326 359 illa
1342 333 1486 366 disrumpi.
1513 337 1539 360 et
1559 333 1666 367 tyranni
1680 339 1762 366 caput

979 386 994 404 a
1013 378 1111 405 vinctis
1127 379 1316 405 conculcatnnt
1336 378 1426 404 videre
1439 377 1594 412 cupiebant.
1606 378 1655 405 llis
1671 383 1761 404 autent

981 429 1099 457 praesens
1113 430 1201 450 rerum
1221 427 1308 449 status
1338 423 1405 449 nihil
1423 423 1523 449 habere
1543 423 1673 449 horribile
1690 422 1764 449 vide-

981 471 1070 502 batur,
1091 474 1117 496 et
1135 470 1266 497 servitute
1281 471 1337 504 ipsa
1356 469 1526 496 laetabantur.
1540 469 1642 501 Quales
1657 474 1683 496 et
1698 469 1763 496 hea-

983 516 1016 542 tis
1036 515 1088 542 illis
1102 515 1271 549 temporibtts
1293 520 1383 545 erant,
1400 515 1448 549 qui
1473 515 1558 541 solem
1575 522 1657 547 super
1674 522 1702 541 se
1718 522 1765 540 ex-

982 566 1071 587 ortum
1090 567 1139 588 nec
1152 560 1342 593 admittebant,
1361 564 1388 587 et
1414 560 1515 594 quibus
1534 565 1644 593 possent
1677 561 1764 586 modis

982 607 1154 641 exstinguere
1167 606 1358 638 moliebantur,
1371 606 1437 632 nillil
1451 607 1698 640 prmtermittcntes,
1710 613 1765 640 qtto

983 660 1012 678 se
1032 653 1136 678 radium
1162 651 1357 678 obscuraturos
1384 651 1597 677 arbitrabantur.
1627 649 1705 677 Unde
1739 655 1765 677 et

984 696 1032 728 illi,
1049 697 1094 723 ubi
1114 704 1158 722 rex
1173 696 1310 731 apparuit,
1336 704 1350 722 ο
1378 700 1496 722 tartareo
1513 695 1655 722 dominatu
1679 695 1764 729 erepti

985 747 1067 768 sunt:
1087 742 1112 768 hi
1130 749 1194 768 vero
1211 742 1237 767 in
1255 741 1370 768 vinculis
1388 745 1607 775 permanserunt.

1019 788 1096 816 Sicut
1115 787 1187 814 enim
1210 787 1279 814 inter
1302 791 1430 821 mgrntos,
1454 786 1680 820 quicurationcm
1693 793 1768 812 ontnt

986 834 1124 869 diligentia
1139 834 1298 868 exquirunt,
1320 836 1348 859 et
1364 832 1498 858 medicum
1513 830 1623 857 minime
1638 838 1767 857 aversan—

982 887 1038 913 tur,
1053 880 1087 907 iis
1108 880 1153 915 qui
1167 888 1201 906 nc
1215 879 1336 907 sentiuttt
1349 878 1458 913 quidem
1484 885 1514 904 se
1539 881 1680 911 aegrotare,
1704 881 1730 903 et
1751 883 1767 903 tl

984 927 1121 954 medicina
1145 926 1282 957 resiliunt,
1303 925 1437 952 meliores
1453 929 1480 951 et
1492 923 1692 950 tolerabiliores
1707 930 1767 949 esse

983 973 1091 1001 solent:
1112 973 1155 1000 his
1171 973 1294 999 medicus
1311 971 1445 1002 medetur,
1459 970 1567 1004 opinor,
1600 973 1627 996 et
1641 969 1769 996 convale-

983 1024 1092 1047 scentes
1113 1019 1272 1053 alloqttitnr,
1289 1018 1369 1053 idque
1381 1017 1447 1044 nihil
1463 1016 1601 1047 dubitans,
1625 1016 1647 1043 si
1666 1016 1769 1044 noverit

983 1070 1069 1093 artem
1078 1073 1155 1092 suam
1176 1064 1263 1092 morbi
1280 1063 1390 1092 saevitia:
1405 1071 1459 1090 non
1484 1063 1614 1096 imparem
1638 1069 1717 1094 esse;
1735 1061 1768 1087 ad

984 1112 1108 1138 eumdem
1138 1110 1249 1137 modum
1264 1110 1346 1137 etiam
1360 1108 1450 1144 justos
1465 1113 1492 1135 et
1515 1107 1617 1134 amicos
1635 1107 1768 1142 quosdam

984 1158 1037 1185 illis
1052 1157 1158 1185 saeculis
1184 1156 1290 1184 vocavit
1319 1155 1400 1183 Deus.
1420 1155 1496 1188 Quod
1512 1153 1584 1181 enim
1610 1155 1636 1180 in
1655 1161 1685 1181 se
1700 1158 1769 1184 erat,

985 1205 1011 1233 id
1027 1204 1204 1239 praestabant,
1225 1205 1253 1230 ct
1283 1210 1333 1237 pro
1360 1201 1432 1228 virili
1464 1201 1597 1235 justitiam
1631 1199 1768 1232 colebant,

984 1251 1057 1286 quod
1074 1258 1122 1278 eos
1148 1249 1286 1277 solutione
1310 1248 1408 1283 dignos
1436 1247 1588 1278 reddebat,
1618 1253 1679 1273 cntn
1703 1245 1726 1272 is
1743 1245 1769 1271 itt

986 1294 1075 1322 medio
1090 1297 1174 1325 esset,
1189 1293 1237 1328 qui
1260 1293 1382 1320 solvendi
1398 1296 1560 1327 potestatem
1581 1291 1709 1318 habebat.
1722 1291 1772 1317 Ast

986 1341 1143 1375 neutiquam
1158 1339 1251 1367 solvit.
1272 1338 1354 1373 Atqui
1372 1338 1395 1365 si
1411 1339 1468 1364 lucc
1484 1343 1543 1364 erat
1568 1345 1630 1364 vera
1653 1336 1771 1371 justitia.

987 1386 1038 1420 ipsi
1069 1392 1177 1419 quoque
1196 1391 1311 1418 corpore
1331 1384 1383 1411 hoc
1395 1383 1519 1416 deposito
1535 1391 1544 1407 (
1560 1382 1585 1408 in
1611 1389 1676 1415 paen
1702 1385 1728 1408 cl
1744 1381 1771 1407 in

987 1439 1066 1459 manu
1085 1431 1131 1457 Dei
1143 1440 1153 1456 ι
1172 1437 1233 1458 esse
1247 1429 1408 1456 debuerunt.
1422 1428 1498 1455 Nunc
1514 1432 1647 1454 autvmcx
1661 1429 1711 1453 hac
1728 1426 1772 1453 Iu-

987 1488 1017 1507 ce
1044 1479 1194 1511 abeuntes,
1223 1476 1302 1504 inl‘eri
1337 1475 1520 1510 excipiebant.
1554 1473 1651 1501 Veram
1673 1473 1772 1508 quippe

148 1518 324 1554 δικαιοσύνην
339 1519 384 1545 καὶ
398 1518 447 1553 τὴν
467 1519 536 1554 πρὸς
553 1518 619 1545 Θεὸν
635 1519 759 1554 ἑταιρίαν
773 1519 822 1554 οὐχ
834 1520 935 1554 ὑπερό-

988 1527 1119 1568 ittstitiatn
1139 1531 1242 1552 etcum
1266 1524 1321 1551 Deo
1347 1522 1497 1550 amicitiam
1528 1521 1659 1547 Dominus
1681 1523 1774 1546 noster

150 1574 208 1601 ριον
222 1565 305 1592 οὖσαν
318 1567 477 1600 κατήγαγεν
491 1566 505 1591 ὁ
520 1566 660 1600 Δεσπότης
674 1566 762 1599 ἡμῶν,
777 1566 835 1592 ἀλλ’
853 1566 935 1598 αὐτὸς

149 1612 299 1646 εἰσήγαγεν
316 1611 356 1643 εἰς
378 1611 425 1638 τὸν
454 1611 569 1646 κόσμον,
587 1612 634 1638 καὶ
662 1613 711 1646 τὴν
734 1612 870 1647 φέρουσαν
895 1613 935 1644 είς

149 1659 195 1685 τὸν
211 1658 325 1694 οὐρανὸν
338 1659 389 1685 οὐκ
402 1655 482 1685 οὖσαν
498 1654 590 1692 εὗρεν,
607 1657 664 1684 ἀλλ’
683 1659 763 1691 αὐτὸς
779 1659 887 1694 ἔτεμεν.
904 1659 936 1685 Et

150 1706 205 1740 γὰρ
221 1703 265 1740 ἦν,
287 1706 334 1732 καὶ
350 1705 428 1736 ἄλλος
443 1705 476 1732 ἂν
496 1705 577 1740 ἔτεμε
594 1706 649 1732 τῶν
664 1706 806 1742 προτέρων
819 1715 826 1722 ⁸
846 1707 893 1734 νῦν
908 1707 936 1733 δὲ

154 1761 164 1777 ι
185 1752 279 1782 Οὐδεὶς
307 1751 478 1786 ἀναϐέϐηκεν
501 1752 542 1782 είς
556 1752 601 1778 τὸν
623 1752 750 1786 οὐρανὸν,
774 1754 798 1779 εί
823 1753 859 1788 μὴ
875 1754 888 1779 6
905 1754 937 1780 ἐκ

150 1798 198 1826 τοῦ
212 1798 328 1833 οὐρα.νοῦ
345 1797 478 1830 καταϐὰς,
491 1798 505 1824 6
523 1798 586 1830 Υιὸς
599 1798 647 1825 τοῦ
656 1798 812 1834 ἀνθρώπου,
830 1801 843 1825 6
856 1799 894 1826 ὢν
906 1801 934 1826 ἐν

149 1845 190 1880 τῷ
205 1845 323 1880 οὐρανῷ.
342 1854 351 1870 ι
367 1845 453 1871 Ὅπου
467 1845 521 1879 γὰρ
533 1844 630 1878 ἄφεσιν
643 1845 788 1880 ἁμαρτιῶν
803 1846 849 1871 καὶ
860 1846 938 1881 δίκὴς

150 1891 316 1926 ἀπαλλαγὴν
331 1891 381 1918 οὐκ
397 1888 432 1926 ἦν
449 1890 540 1925 εὑρεῖν
556 1891 609 1926 πρὸ
628 1891 675 1918 τοῦ
692 1890 823 1927 σταυροῦ,
835 1893 862 1918 τί
883 1894 937 1928 χρὴ

151 1938 218 1970 περὶ
241 1937 413 1971 δικαιοσύνης
437 1937 576 1971 νομίζειν;
596 1938 633 1964 Οὐ
658 1937 713 1972 γὰρ
728 1935 761 1973 ἦν
779 1938 937 1972 ἀκόλουθον,

151 1983 243 2016 οἴμαι,
259 1985 324 2019 πρὶν
348 1984 554 2018 καταλλαγῆναι
574 1984 643 2019 μετὰ
659 1984 706 2010 τοῦ
724 1985 806 2020 χοροῦ
823 1985 877 2011 τῶν
893 1987 938 2020 φί-

152 2032 208 2057 λων
224 2030 334 2056 ἑστάναι
358 2029 405 2056 καὶ
419 2029 509 2064 δεσμὰ
531 2029 743 2064 περικειμένους
766 2029 806 2056 ἔτι
820 2031 938 2066 ἐστεφα-

152 2076 291 2110 νωμένους
305 2075 542 2110 ἀνακηρύττεσθαι
554 2083 561 2090 '
576 2075 644 2106 ὅλως
656 2075 688 2102 δὲ
697 2075 761 2102 εἰτὸ
774 2077 828 2102 πᾶν
842 2077 940 2111 ἤνυσεν

140 2123 167 2148 ’ὁ
184 2123 269 2155 ἀμνὸς
284 2122 402 2153 ὲκεῖκος,
419 2121 445 2147 τί
460 2120 516 2148 τῶν
528 2121 663 2154 δευτέρων
675 2121 727 2148 ἔδει
741 2122 863 2155 τούτων;
880 2123 940 2150 Τῶν

107 2179 112 2187 ·
152 2169 209 2204 γὰρ
225 2168 318 2194 τύπων
333 2168 380 2195 καὶ
395 2167 450 2194 τῶν
470 2167 583 2194 εἰκόνων
597 2168 646 2202 τὴν
658 2167 830 2204 ζητουμένην
848 2169 939 2195 εὐδαι-

154 2215 250 2252 μονίαν
265 2214 478 2247 εἰσενεγκόντων
497 2214 586 2249 μάτην
601 2215 616 2249 ἡ
632 2215 745 2249 ἀλήθεια
761 2215 807 2241 κικῖ¹
822 2215 856 2241 τὰ
870 2216 941 2250 πρά·
956 2209 978 2237 Ῑ)

152 2272 260 2298 γματα.
277 2263 314 2290 Τό
329 2271 360 2296 γε
375 2264 428 2298 μὴν
439 2263 483 2289 διὰ
500 2262 546 2288 τοῦ
564 2261 680 2288 Θανάτου
695 2260 741 2287 τοῦ
757 2261 876 2296 Χριστοῦ
888 2262 940 2296 τὴν

152 2309 255 2345 ἔχθραν
280 2308 476 2343 καταλυθῆναι,
499 2308 593 2335 καὶτὸ
623 2307 782 2342 μεσότοιχον
806 2308 838 2334 ἐκ
855 2308 939 2342 μέσου

152 2356 345 2391 γενέσθαικαὶ
363 2357 478 2391 εἰρήνην
495 2355 542 2383 καὶ
558 2354 734 2388 δικαιοσύνην
755 2355 803 2380 ἐπὶ
818 2354 872 2380 τῶν
890 2354 939 2380 τοῦ

153 2403 283 2437 Σωτῆρος
297 2401 412 2437 ἡμερῶν
430 2401 570 2428 ἀνατεῖλαι
596 2401 644 2426 καὶ
657 2400 748 2427 πάντα
765 2399 867 2432 suum;
878 2400 940 2427 τίνα

153 2449 187 2476 ἂν
202 2448 242 2475 ἔτι
264 2447 356 2484 χώραν
372 2447 439 2483 ἔχοι,
459 2448 483 2474 at
505 2447 577 2481 φίλοι
601 2446 670 2473 Θεοῦ
696 2446 743 2472 καὶ
769 2446 869 2473 δίκαιοι
888 2447 941 2482 πρὸ

153 2496 204 2529 τῆς
231 2494 325 2525 Θυσίας
341 2492 412 2530 ἦσαν
439 2494 562 2529 ἐκείνηςς
589 2493 748 2528 Ἰέκμήριον
764 2492 792 2519 δὲ
817 2494 940 2521 κάκεῖνο.

154 2540 222 2566 Τότε
235 2539 293 2574 ’μὲν
308 2540 363 2573 γὰρ
377 2540 459 2574 νόμος
482 2539 554 2573 ἡμᾶς
570 2539 608 2573 τῷ
630 2538 690 2572 Θεῴ
709 2539 838 2572 συνῆπτε,
854 2539 900 2565 νῦν
914 2540 944 2566 δὲ

154 2586 248 2618 πίστις
261 2588 308 2613 καὶ
323 2586 403 2621 χάρις
419 2586 465 2612 καὶ
478 2585 506 2612 εῐ
518 2594 543 2612 τι
557 2585 660 2611 τούτων
676 2584 777 2620 ἔχεται.
791 2585 876 2620 Δῆλον
889 2586 943 2621 γὰρ

154 2633 282 2659 ἐντεῦθεν
299 2632 450 2667 τηνικαῦτα
480 2632 530 2667 μὲν
551 2632 687 2664 δουλείαν,
705 2633 752 2658 νῦν
775 2632 803 2658 δὲ
832 2631 943 2666 υίότητα

156 2680 203 2706 καὶ
217 2679 309 2714 φιλίαν
323 2687 373 2711 την
390 2678 445 2705 τῶν
457 2677 608 2713 ἀνθρώπων
625 2678 694 2712 πρὸς
715 2677 781 2704 Θεὸν
801 2678 943 2704 κοινωνίαν

153 2724 225 2752 εἶναι
237 2733 244 2739 ·
258 2725 273 2750 ὸ
295 2724 345 2759 μὲν
358 2725 414 2759 γὰρ
427 2724 509 2758 νόμος
530 2725 586 2755 τοῖς
605 2724 719 2756 δούλοις,
742 2724 828 2757 φίλων
843 2723 873 2749 δὲ
896 2723 943 2749 καὶ

156 2771 223 2798 υἱῶν
241 2772 256 2804 ἡ
275 2770 352 2805 χάρις
371 2770 418 2796 καὶ
436 2771 452 2806 ἡ
469 2770 559 2802 πίστις
576 2770 621 2797 καὶ
645 2770 676 2797 τὸ
700 2770 824 2805 θαρρεῖν.
845 2769 889 2801 Ἐξ
904 2766 942 2796 ὢν

195 2866 215 2882 ⁸⁵
230 2866 297 2894 Juan
316 2873 355 2899 tu,
377 2865 418 2892 l3.
459 2865 480 2882 ³⁵
495 2864 581 2898 Exod.
598 2871 646 2897 xu,
661 2871 737 2898 seqq.
765 2863 786 2880 ³⁶
802 2863 900 2899 Ephes.
915 2871 944 2896 lt,

987 1582 1042 1601 non
1072 1581 1087 1600 e
1109 1570 1304 1599 remotissimis
1329 1573 1355 1596 et
1384 1567 1535 1603 peregrinis
1561 1567 1630 1594 locis
1644 1571 1772 1601 tamquam

986 1621 1020 1648 ah
1034 1619 1131 1647 exsilio
1147 1618 1255 1645 reduxit
1270 1625 1278 1650 ;
1308 1616 1354 1644 sed
1372 1615 1488 1650 ipsemet
1517 1613 1622 1648 primus
1636 1613 1663 1639 in
1693 1619 1776 1639 mun-

987 1668 1049 1693 tiutll
1065 1663 1226 1694 introduxit,
1245 1668 1272 1690 et
1292 1662 1343 1689 iter
1358 1662 1383 1688 iu
1398 1661 1494 1687 ccelunt
1513 1659 1613 1690 [vn-ns,
1636 1665 1688 1685 non
1701 1657 1772 1692 quod

985 1716 1045 1739 erat
1073 1711 1189 1741 invenit,
1207 1709 1255 1736 sed
1290 1708 1347 1744 ipse
1379 1707 1444 1733 illud
1462 1705 1589 1738 munivit,
1609 1710 1636 1731 ct
1650 1703 1773 1731 ambula-

988 1758 1036 1784 vit.
1054 1757 1120 1784 Nam
1142 1755 1165 1782 si
1184 1755 1293 1787 fuisset,
1312 1753 1409 1788 utique
1426 1753 1497 1779 alius
1522 1752 1577 1786 pris
1596 1758 1676 1777 orum
1708 1748 1775 1776 illud

988 1802 1151 1838 capessisset
1174 1810 1181 1829 :
1210 1800 1316 1834 tAtqui
1344 1807 1424 1826 nemo
1453 1797 1576 1826 ascendit
1609 1797 1636 1824 in
1663 1796 1775 1826 malum,

988 1851 1041 1878 nisi
1057 1849 1143 1877 Filius
1158 1847 1286 1879 hominis,
1301 1846 1347 1882 qui
1365 1851 1406 1873 est
1423 1845 1451 1872 in
1479 1844 1548 1871 coelo
1577 1843 1610 1870 “.
1629 1852 1639 1869 ι
1661 1841 1777 1875 Quando

988 1897 1061 1923 enirn
1075 1898 1248 1930 peccatorum
1263 1892 1383 1924 veniam,
1417 1896 1617 1925 ptnnarumque
1646 1887 1777 1915 immuni.

990 1946 1072 1969 tatem
1101 1944 1164 1967 ante
1184 1938 1329 1966 Dominum
1357 1938 1383 1964 in
1410 1944 1492 1964 cruce
1516 1934 1643 1963 sullixum
1663 1933 1779 1967 adipisci

990 1996 1044 2015 non
1062 1987 1148 2020 licuit,
1165 1986 1229 2021 quid
1255 1984 1410 2021 dejustitia
1434 1982 1654 2011 existimabimus
1669 1980 1679 2007 ?
1700 1979 1776 2008 Haud

990 2035 1062 2062 enim
1078 2038 1296 2060 consentaneum
1314 2035 1385 2063 erat,
1401 2034 1432 2057 ut
1443 2029 1574 2058 arbitror,
1591 2032 1654 2054 ante
1680 2033 1778 2054 recon-

990 2081 1156 2114 ciliationem
1175 2080 1202 2107 in
1217 2079 1302 2107 choro
1322 2078 1475 2106 amicorum
1492 2073 1636 2106 collocari,
1651 2073 1778 2100 etadhttc

992 2127 1113 2154 vinculis
1136 2125 1323 2154 circumdatos
1353 2130 1403 2158 pro
1434 2121 1573 2149 coronatis
1597 2118 1777 2154 promulgari.

990 2174 1026 2202 Ut
1041 2173 1196 2201 summatim
1216 2172 1314 2203 dicam,
1331 2170 1354 2197 si
1375 2177 1461 2204 agnus
1490 2166 1626 2202 paschalis
1648 2166 1693 2193 ille
1721 2173 1780 2192 om-

994 2222 1038 2248 nia
1052 2219 1177 2250 cont'eeit,
1203 2218 1268 2252 quid
1292 2217 1334 2244 his
1357 2215 1553 2251 posterioribus
1568 2221 1637 2248 opus
1658 2212 1709 2240 fuit
1725 2212 1748 2228 ³⁸
1768 2211 1779 2238 i

992 2266 1059 2293 Nam
1073 2265 1095 2292 si
1113 2265 1166 2300 typi
1191 2269 1219 2290 et
1243 2262 1375 2297 imagines
1390 2262 1531 2296 quaesitam
1559 2259 1713 2287 felicitatem
1740 2262 1781 2287 al-

994 2311 1125 2342 tnlerttnt,
1143 2309 1243 2336 veritas
1268 2314 1295 2335 et.
1315 2315 1359 2335 res
1374 2307 1431 2342 ipsa
1445 2306 1538 2334 inania
1553 2311 1630 2333 sunt.
1641 2305 1693 2332 Per
1706 2312 1782 2332 mor-

993 2362 1048 2384 tetn
1068 2364 1131 2382 vero
1145 2353 1248 2382 Christi
1264 2353 1423 2380 inimicitias
1448 2351 1580 2383 convelli,
1606 2354 1633 2378 et
1659 2349 1782 2377 medium

994 2403 1124 2439 parietem
1140 2410 1154 2429 e
1175 2401 1263 2428 medio
1285 2399 1342 2427 tolli
1361 2399 1394 2432 “,
1426 2406 1576 2434 pacemque
1603 2402 1632 2425 et
1646 2396 1783 2432 justitiam

994 2449 1161 2484 temporibus
1190 2446 1340 2474 Salvatoris
1366 2445 1478 2476 exoriri,
1505 2449 1532 2472 et
1548 2444 1642 2472 omnia
1669 2435 1798 2471 demum'

995 2493 1159 2530 hujusmodi,
1187 2499 1334 2526 quetnnatn
1363 2491 1452 2517 adltuc
1481 2490 1572 2518 locum
1604 2489 1732 2520 habeant,
1756 2487 1781 2515 si

994 2546 1056 2567 ante
1076 2538 1241 2567 sacrilicium
1271 2537 1336 2564 illud
1358 2537 1425 2572 justi
1453 2541 1480 2563 et
1512 2536 1591 2563 amici
1617 2534 1663 2561 Dei
1679 2534 1783 2561 erant?

995 2587 1043 2614 Est
1067 2591 1093 2613 et
1117 2585 1190 2613 aliud
1212 2586 1238 2612 in
1258 2588 1386 2620 promptu
1405 2588 1610 2618 argumentum.
1626 2581 1704 2609 Tuuc
1719 2581 1782 2616 qui-

996 2633 1056 2660 dem
1072 2632 1114 2659 lex
1130 2631 1182 2659 Deo
1197 2638 1248 2658 nos
1262 2629 1431 2657 consociavit
1445 2638 1452 2656 :
1467 2633 1494 2656 at
1504 2635 1576 2656 nunc
1593 2627 1670 2658 ﬁdes,
1684 2632 1781 2661 etgra-

998 2678 1047 2710 tia,
1073 2683 1100 2704 et
1126 2677 1148 2704 si
1167 2677 1231 2711 quid
1258 2676 1300 2703 his
1335 2675 1414 2703 aliine
1436 2679 1488 2702 est.
1517 2672 1689 2701 Manifestum
1709 2671 1782 2699 enim

998 2724 1070 2756 hinc,
1096 2728 1152 2750 tum
1173 2722 1282 2758 quidem
1310 2721 1533 2749 communionem
1551 2718 1692 2746 hominum
1719 2725 1782 2745 cum

998 2770 1052 2797 Deo
1069 2776 1171 2796 meram
1196 2769 1368 2802 servitutem,
1388 2774 1463 2795 nunc
1480 2773 1546 2794 vero
1567 2765 1684 2794 ﬁliorum
1699 2765 1783 2801 adop-

970 2863 1010 2896 ιι,
1034 2862 1077 2891 16.
