1976 3074
201 102 254 158 sti

838 124 997 156 NICOLAI
1014 124 1211 155 CABASILIE

1772 122 1826 155 512

199 185 304 213 tionem
330 188 357 212 et
375 185 525 212 amicitiam
541 191 611 212 esse.
639 184 694 211 Lex
719 184 819 212 ctenim
841 185 928 212 servis
946 184 1010 212 da-i

1063 186 1171 213 πάντων
1195 183 1300 218 γίνεται
1325 182 1415 217 δῆλον,
1437 181 1531 217 ὥσπερ
1550 191 1560 208 t
1581 182 1754 217 πρωτότοκος
1771 181 1826 208 τῶν

201 235 256 261 tur,
273 230 424 257 amicorum
444 234 533 256 autem
551 230 724 264 liliorumque
744 231 840 264 gratia,
861 229 940 261 lides.
958 229 989 256 li—

202 275 283 303 ducia
306 279 357 303 est.
381 276 416 302 Ex
439 275 539 310 quibus
554 275 681 302 omnibus
705 280 788 310 patet,
813 275 990 310 quemadmo—

204 323 268 349 dum
292 322 418 349 Salvator
437 333 445 348 ι
470 323 670 356 priinogenitus
684 328 727 350 est
746 327 916 349 mortuorum
931 323 963 355 ³⁷,
977 332 986 348 ι

204 376 257 396 nec
273 373 380 403 poterat
397 370 546 404 quisquam
563 368 755 396 defunctorum
773 373 836 396 ante
848 369 883 396 ad
908 369 990 396 vitam

206 416 387 443 immortalem
406 415 578 446 reviviscere,
609 422 689 449 quam
708 415 753 442 ille
768 415 906 443 redivivus
917 415 992 442 exsi-

206 466 291 488 steret
308 469 316 494 ;
339 461 434 488 eodem
453 461 533 488 modo
549 461 631 488 etiam
644 460 676 488 ad
690 462 861 488 sanctitatem
873 460 992 496 etjusti-

207 507 273 533 tiam
286 506 444 533 hominibus
456 506 541 540 ipsum
558 505 645 533 solum
664 505 826 540 praeivisse;
843 509 871 531 et
891 503 992 531 Paulus

208 552 364 581 conﬁrmat,
394 551 534 578 Christum
558 559 756 586 prmcursorciii
793 558 843 585 pro
862 550 939 577 nobis
965 550 993 576 in

210 602 305 624 sancta
321 598 463 625 introiissc
492 598 629 625 scribens.
655 597 783 624 Introivit
807 597 881 623 cnim
916 601 996 631 post-

210 651 292 677 quam
309 643 428 677 scipsum
445 643 543 670 obtulit
560 643 643 674 Patri,
656 648 682 670 et
694 643 816 670 volentes
835 642 995 672 introducit.

210 687 356 721 sepulturae
368 688 426 722 ejus
443 692 586 715 consortes
601 696 609 721 ;
627 695 682 714 non
697 695 763 715 sane
777 687 889 722 perinde
906 692 934 713 ut
952 687 997 713 ille

211 733 374 766 morientes,
389 733 436 761 sed
456 738 571 760 mortem
601 733 675 760 illam
693 734 720 760 in
734 733 845 761 lavacro
869 732 996 767 baptismi

213 778 369 814 cogitationi
391 779 577 814 sulijicicntes,
591 783 617 806 ct
629 784 737 810 unctos,
751 785 778 806 et
791 779 817 806 in
832 787 909 807 sacra
923 787 998 806 men-

214 831 244 850 sa
269 824 477 858 annuntiantes,
508 826 644 860 modoque
677 825 807 853 ineffabili
834 833 882 861 pro
910 825 999 860 epulis

1039 231 1145 267 νεκρῶν
1160 240 1169 256 ι
1181 231 1195 257 ὁ
1209 229 1317 264 Σωτὴρ,
1333 230 1380 256 καὶ
1391 229 1441 255 οὐκ
1453 226 1487 264 ἦν
1499 227 1648 255 ἀναϐιῶναι
1663 227 1717 254 τῶν
1729 226 1827 261 τεθνη-

1040 277 1128 304 κότων
1145 275 1243 302 οὐδένα
1266 275 1316 309 τὴν
1342 274 1477 301 ἀθάνατον
1500 273 1574 308 ζωὴν
1594 273 1632 308 μὴ
1658 273 1826 303 ἀναστάντος

1040 323 1162 350 ἐκείνου·
1176 321 1222 348 τὸν
1249 322 1308 348 τσον
1322 320 1423 355 τρόπον
1439 319 1486 346 καὶ
1500 319 1569 354 πρὸς
1590 319 1639 354 τὴν
1669 317 1828 353 ἁγιωσύνην

1041 369 1090 396 καὶ
1103 368 1277 403 δικαιοσύνην
1288 368 1345 399 τοῖς
1357 366 1512 402 ἀνθρώποις
1526 365 1610 397 αὐτὸς
1629 365 1754 401 ἡγήσατο
1777 364 1828 398 μό-

1042 425 1098 448 νος,
1115 415 1163 442 καὶ
1185 414 1266 441 τοῦτο
1289 413 1394 445 Παῦλος
1417 413 1501 445 ἔδειξε
1528 412 1654 447 γράφων,
1671 411 1828 446 πρόδρομον

1043 462 1113 496 ὑπὲρ
1129 461 1211 496 ἡμῶν
1224 461 1264 492 είς
1279 460 1313 487 τὰ.
1328 459 1396 494 ἅγια
1410 460 1457 485 τὸν
1475 458 1593 493 Χριστὸν
1613 455 1828 492 εἰσεληλυθέναι.

1044 507 1160 541 Εἱσῆλθε
1168 506 1223 542 γὰρ
1230 506 1270 538 εις
1279 506 1314 533 τά
1322 505 1398 540 ἀγια,
1408 504 1504 532 ἑαυτὸν
1515 503 1668 537 ἀνενεγκὼν
1679 503 1718 537 τῷ
1728 501 1828 536 Πατρδ,

1045 555 1092 581 καὶ
1106 554 1170 585 τοὺς
1186 552 1365 588 βουλομένους
1378 551 1483 586 εἰσάγει
1501 551 1550 586 τῆς
1570 550 1660 584 ταφῆς
1677 549 1751 583 αὒτῷ
1771 557 1830 575 κοι-

1045 600 1208 632 νωνοῦντας,
1224 599 1274 626 οὐκ
1288 598 1512 633 ἀποθνήσκοντας
1527 597 1621 632 ὥσπερ
1644 596 1758 627 ἐκεῖνος,
1772 593 1830 620 ἀλλ’

1047 647 1093 674 ἐπὶ
1108 647 1155 674 τοῦ
1169 645 1282 681 λουτροῦ
1298 645 1344 672 τὸν
1360 645 1474 672 θάνατον
1490 642 1733 676 ἐπιδεικνυμένους
1758 640 1831 666 ἐκεῖ·

1047 702 1102 725 νον,
1134 693 1181 719 καὶ
1205 692 1252 718 ἐπὶ
1279 691 1329 726 τῆς
1353 689 1494 726 τραπέζης
1517 687 1753 722 καταγγέλλοντας
1781 685 1833 719 τῆς

1049 738 1125 772 ἱερᾶς
1142 737 1189 764 καὶ
1216 737 1378 772 χρωμένους
1401 736 1450 762 καὶ
1479 734 1684 770 εὐωχουμένους
1711 732 1834 769 ἀῤῥητόν

1049 790 1110 808 τινα
1128 781 1229 815 τρόπον
1246 781 1328 811 αὐτὸν
1351 781 1396 807 τὸν
1410 781 1584 815 νεκρωθέντα
1597 780 1645 806 καὶ
1666 779 1835 806 ἀναστάντα.

1051 827 1106 854 Καὶ
1123 826 1194 854 οὕτω
1210 826 1255 853 διὰ
1269 827 1324 853 τῶν
1337 826 1430 853 πυλῶν
1444 826 1547 853 τούτων
1561 824 1717 860 εἰσαγαγὼν
1732 824 1772 855 είς
1786 822 1836 858 τὴν

215 874 356 897 sumentes
387 871 476 906 ipsum
502 871 547 904 qui
573 877 698 899 mortuus
727 877 768 900 est
790 876 814 900 et
840 871 999 899 resurrexit.

1063 873 1193 900 ιασιλείαν
1205 873 1252 900 καὶ
1266 873 1330 905 τοὺς
1347 873 1496 907 στεφάνους
1512 873 1634 908 ἡγεῖται.

217 915 249 943 Et
266 917 302 943 ita
320 924 367 950 per
392 917 441 944 has
473 921 567 952 portas
589 918 761 945 introductos
780 918 812 944 ad
841 925 952 952 regnum
975 921 1002 944 et

216 961 249 988 ad
262 968 377 989 coronas
394 963 481 990 ducit.
895 988 900 990 ν

253 1007 339 1035 Porta:
364 1009 422 1036 ista:
449 1010 501 1038 illis
517 1010 635 1045 paradisi
661 1011 747 1046 portis
767 1010 853 1038 multo
872 1009 1002 1044 majorem

218 1055 425 1082 venerationem
440 1061 465 1083 et
489 1057 633 1084 utilitatem
653 1058 763 1085 habent.
782 1057 838 1085 Illa:
868 1057 1003 1092 siquidem

219 1100 286 1126 nulli
301 1101 457 1134 aperientur
471 1101 519 1136 qui
541 1110 589 1137 per
603 1103 686 1130 hasce
708 1103 784 1137 prius
810 1110 863 1130 non
885 1102 1005 1129 intrave-

220 1146 277 1173 rit:
296 1146 337 1174 ha:
351 1155 426 1179 vero,
447 1149 574 1182 quamvis
588 1148 692 1175 clausis
713 1148 775 1180 illis,
789 1152 880 1182 patent
907 1147 939 1174 Et
954 1147 1007 1174 illae

222 1191 331 1225 quidem
350 1192 432 1219 etiam
449 1192 567 1220 educere
585 1198 744 1228 potuerunt,
759 1193 832 1221 intus
843 1197 983 1220 versantes
998 1201 1005 1219 :

224 1237 265 1264 hae
280 1242 384 1265 tantum
404 1239 594 1271 introducunt.
621 1240 756 1266 neminem
775 1240 904 1269 educunt;
922 1240 953 1266 Et
974 1239 1007 1266 il-

224 1278 258 1305 la:
271 1280 376 1307 occludi
402 1286 539 1315 poterant,
566 1282 738 1316 occluschne
764 1286 829 1309 sunt
846 1290 853 1315 ;
870 1289 952 1317 super
965 1281 1008 1309 his

225 1326 297 1360 quod
312 1326 399 1353 velum
422 1327 483 1360 fuit,
497 1327 610 1354 omnino
630 1327 788 1362 disjectum,
802 1332 828 1354 et
842 1328 949 1356 medius
961 1336 1010 1362 pa-

225 1372 282 1398 ries
310 1372 435 1400 sublatus
458 1377 499 1400 est
517 1382 523 1400 :
543 1381 593 1400 nec
615 1373 696 1400 datur
714 1374 832 1409 amplius
863 1375 1009 1401 maceriam

226 1417 358 1449 excitare,
378 1422 405 1444 et
421 1419 565 1453 portasilli
592 1424 696 1454 aptare,
717 1423 744 1446 et
769 1419 873 1453 pariete
893 1419 1011 1447 interce-

226 1462 308 1490 dente
325 1464 441 1491 mundos
467 1465 596 1497 invicem,
622 1465 804 1500 superiorem,
829 1466 950 1500 inquam,
968 1466 1011 1492 in-

1089 1002 1211 1033 Δῦταιαι
1231 1006 1313 1034 πύλαι
1332 1006 1386 1033 τῶν
1394 1006 1441 1034 τοῦ
1458 1006 1622 1042 παραδείσου
1643 1005 1736 1033 πυλῶν
1747 1004 1839 1040 πολλῷ

1057 1055 1220 1090 συμνότεραι
1235 1055 1282 1081 καὶ
1305 1053 1536 1089 λυσιτελέστεραι.
1554 1054 1586 1080 At
1605 1053 1654 1088 μὲν
1670 1053 1725 1087 γὰρ
1743 1053 1793 1079 ούκ
1806 1051 1840 1079 ἂν

1056 1101 1190 1135 ἀνοιγεῖεν
1206 1101 1295 1128 οὐδενὶ
1315 1101 1352 1135 μὴ
1365 1102 1409 1127 διὰ
1427 1100 1530 1127 τούτων
1539 1099 1688 1126 είσελθόντι
1701 1098 1837 1134 πρότερον

1055 1147 1111 1174 τῶν
1124 1147 1224 1177 πυλῶν,
1243 1146 1270 1173 αἱ
1288 1146 1316 1173 δὲ
1332 1145 1534 1179 κεκλεισμένων
1545 1145 1658 1173 ἐκείνων
1669 1145 1819 1180 ὴνοίγησαν
1831 1152 1839 1160 ο

1057 1195 1105 1220 καὶ
1124 1193 1151 1219 αι
1177 1193 1227 1226 μὲν
1245 1192 1291 1218 καὶ
1308 1191 1437 1219 ἐδύναντο
1459 1192 1567 1226 ἐξάγειν
1589 1191 1653 1223 τοὺς
1669 1190 1753 1222 ἔνδον,
1770 1190 1798 1216 αἱ
1813 1190 1842 1217 δὲ

1058 1239 1200 1272 είσάγουσι
1225 1239 1316 1273 μόνον,
1341 1238 1469 1272 ἐξάγουσι
1485 1238 1513 1265 δὲ
1527 1238 1634 1265 οὐδένα.
1659 1237 1712 1264 Καὶ
1727 1237 1777 1269 τὰς
1793 1237 1844 1272 μὲν

1057 1284 1105 1318 ,καὶ
1122 1283 1281 1318 κλεισθῆναι
1298 1283 1411 1310 δυνατὸν
1425 1281 1459 1319 ἦν
1474 1283 1520 1310 καί
1536 1291 1567 1317 γε
1583 1283 1776 1317 ἐκλείσθησαν,
1796 1283 1844 1308 ἐπὶ

1059 1330 1088 1357 δὲ
1101 1330 1204 1357 τούτων
1222 1330 1378 1357 παντάπασι
1395 1330 1425 1356 τὸ
1439 1330 1645 1364 παραπέτασμα
1659 1329 1706 1356 καὶ
1720 1329 1751 1355 τὺ
1765 1328 1848 1363 μεσόι

1060 1386 1151 1412 τοιχον
1179 1376 1260 1412 ἐλύθη
1288 1378 1335 1403 καὶ
1363 1377 1505 1412 ἀνῃρέθη·
1524 1377 1570 1403 καὶ
1598 1376 1648 1403 οὐκ
1674 1376 1780 1402 ἔνεστιν
1805 1375 1846 1402 ἔτι

1063 1423 1190 1458 φραγμὸν
1207 1422 1357 1456 ἀναστῆναι
1384 1423 1432 1449 καὶ
1456 1422 1542 1454 πύλας
1564 1421 1772 1457 ἀναρμοσθῆναι
1799 1421 1848 1448 καὶ

1062 1471 1125 1500 τοὺς
1141 1469 1261 1503 κόσμους
1283 1468 1407 1502 ἀλλήλων
1425 1468 1518 1503 τειχίῳ
1540 1468 1724 1502 διαιρεθῆναι.
1740 1468 1777 1494 Οὐ
1793 1467 1849 1502 γὰρ

228 1507 412 1544 ferioremque
430 1510 569 1538 dirimere.
590 1511 647 1538 Non
664 1512 735 1538 enim
762 1511 923 1547 simpliciter
943 1511 1010 1539 dun-

1064 1515 1219 1551 ἁνεῴγασιν
1246 1515 1338 1546 ἁπλῶς
1357 1515 1448 1549 μόνον,
1467 1514 1526 1541 ἀλλ’
1541 1514 1706 1549 ἐσχίσθησαν
1726 1515 1750 1541 oi
1768 1514 1851 1548 ούρα-

229 1558 305 1581 taxat
321 1555 425 1590 aperti,
445 1557 492 1584 sed
508 1561 535 1584 et
559 1557 672 1589 diducti,
687 1562 713 1584 et
731 1558 809 1592 quasi
829 1557 922 1584 diﬂissi
949 1562 1014 1584 sunt

229 1599 304 1631 εαξη,
320 1606 349 1626 ιιι
368 1601 479 1629 Marcus
499 1603 537 1629 ait
551 1601 583 1628 "'.
604 1603 662 1635 Qua
685 1611 714 1630 re
734 1607 875 1630 ostensum
891 1608 942 1636 est,
959 1611 1012 1630 non

230 1647 286 1681 jam
301 1651 408 1680 portam
437 1651 462 1674 et
485 1653 586 1682 postes,
603 1656 691 1683 neque
716 1650 899 1677 velamentum
930 1649 1014 1676 ullum

231 1693 360 1720 relictum
377 1701 448 1721 esse.
462 1693 513 1726 Qui
541 1695 613 1722 enim
641 1703 789 1730 supernum
810 1697 942 1723 mundum
973 1697 1015 1723 his

232 1739 280 1773 qui
305 1739 375 1767 intra
393 1745 455 1767 sunt
474 1741 661 1769 reconciliavit
675 1747 701 1769 et
714 1742 867 1776 conjunxit,
880 1747 907 1770 et
922 1749 1016 1776 pacem

234 1786 308 1818 fecit,
329 1786 515 1821 parietemque
541 1787 658 1814 medium
685 1789 809 1815 maceriae
835 1789 969 1816 destruxit
983 1789 1016 1820 ",

235 1841 288 1861 non
307 1838 395 1868 potest
424 1841 524 1868 negare
548 1834 729 1868 semetipsum
742 1834 776 1867 ⁵ο,
801 1839 832 1862 ut
859 1834 889 1862 Β.
918 1834 1018 1862 Paulus

236 1880 335 1914 inquit.
352 1880 448 1908 Portas
459 1881 532 1907 enim
553 1881 614 1908 illas
627 1885 736 1916 propter
750 1881 885 1909 Adamum
901 1885 1018 1916 apertas,

236 1933 269 1953 eo
287 1933 339 1952 non
354 1926 527 1960 persistente,
541 1926 567 1953 in
584 1927 684 1961 quibus
702 1928 846 1962 persistere
863 1927 1018 1963 op0rtcbat,

237 1972 319 1998 ctiam
338 1972 427 1999 claudi
457 1972 551 2007 utique
573 1977 787 2000 consentaneum
806 1977 873 2000 erat.
900 1972 954 2001 llas
972 1981 1021 2000 au-

238 2022 292 2044 tem
307 2017 434 2046 Christus
457 2019 572 2054 ipsemet
588 2020 732 2052 reseravit,
746 2019 792 2055 qui
809 2024 949 2054 peccatum
967 2028 1020 2047 non

239 2063 315 2096 fecit,
339 2069 365 2091 et
391 2064 417 2091 in
434 2073 514 2099 quem
543 2073 655 2100 peccare
673 2074 728 2093 non
748 2065 820 2092 cadit
835 2065 868 2093 δί.
887 2075 897 2092 t
912 2065 1022 2094 Iustitia

239 2110 313 2136 enim
326 2110 396 2144 ejus,
415 2110 504 2145 inquit
527 2111 622 2142 David,
639 2117 730 2139 manet
755 2112 781 2139 in
809 2116 940 2140 aeternum
955 2113 989 2139 δ’.
1010 2121 1020 2138 ι

241 2155 319 2183 Unde
334 2164 380 2184 eas
395 2162 486 2191 patere
500 2165 606 2192 semper
617 2165 729 2192 prorsus
745 2166 858 2186 necesse
873 2163 926 2191 est,
943 2163 970 2186 et
989 2159 1022 2186 ad

1064 1561 1115 1592 νοὶ,
1135 1562 1149 1587 ὁ
1168 1560 1319 1596 θαυμάσιος
1343 1559 1396 1595 Em
1422 1560 1547 1596 Μάρκος,
1570 1560 1678 1591 δεικνὺς
1702 1559 1739 1590 ὡς
1753 1558 1850 1585 οὐκέτι

1065 1606 1134 1641 θύρα
1149 1607 1196 1633 καὶ
1215 1606 1387 1641 παραστάδες
1402 1606 1461 1633 οὐδὲ
1477 1607 1684 1641 παραπέτασμα
1693 1605 1770 1633 οὐδὲν
1783 1605 1850 1632 ὑπε-

1064 1651 1172 1686 λείφθη.
1190 1650 1220 1677 '0
1235 1652 1290 1687 γὰρ
1314 1651 1486 1684 καταλλάξας
1506 1651 1554 1678 καὶ
1574 1651 1697 1685 συνάψας
1711 1651 1758 1677 καὶ
1770 1651 1849 1685 εἰρη-

1066 1698 1211 1732 νοποιήσας
1229 1697 1274 1724 τὸν
1295 1697 1352 1725 ἄνω
1368 1698 1470 1732 κόσμον
1489 1699 1546 1729 τοῖς
1562 1698 1638 1724 κάτω
1656 1698 1702 1724 καὶ
1719 1697 1748 1724 τὸ
1769 1696 1854 1731 μεσό-

1066 1752 1154 1779 τοιχον
1176 1743 1224 1770 τοῦ
1243 1743 1373 1779 φραγμοῦ
1397 1743 1484 1775 λύσας
1505 1743 1535 1770 οὺ
1550 1744 1663 1771 δύναται
1678 1743 1854 1778 ἀρνήσασθαι

1067 1790 1174 1821 ἑαυτὸν,
1192 1790 1206 1816 ὁ
1229 1790 1364 1825 μακάριος
1380 1790 1432 1825 ἔφη
1449 1789 1566 1821 Παῦλος.
1581 1789 1636 1820 Τὰς
1657 1789 1706 1824 μὲν
1728 1789 1782 1824 γὰρ
1799 1789 1855 1815 πύ-

1068 1835 1117 1866 λας
1132 1836 1240 1867 ὲκείνας
1256 1835 1301 1862 διὰ
1323 1835 1369 1862 τὸν
1392 1835 1479 1870 ’Δδὰμ
1502 1835 1665 1870 ἁνεῳγυίας,
1691 1835 1796 1861 ἑκείνου
1816 1835 1855 1870 μὴ

1072 1883 1210 1917 μείναντος
1226 1881 1269 1915 ἐφ’
1281 1879 1322 1913 οἷς
1336 1882 1390 1908 εδει
1405 1881 1505 1916 μένειν,
1525 1881 1572 1908 καὶ
1584 1881 1740 1916 κλεισθῆναι
1753 1881 1857 1915 δήπου-

1071 1929 1117 1955 θεν
1129 1928 1202 1959 εἰκὸς
1216 1925 1260 1963 ἦν.
1281 1927 1391 1958 Ταύτας
1407 1926 1435 1953 δὲ
1452 1927 1466 1953 6
1485 1927 1605 1962 Χριστὸς
1619 1927 1702 1958 αὐτος
1723 1927 1854 1962 ἀνέῳξεν,

1071 1975 1099 2006 ὃς
1110 1974 1246 2010 ἁμαρτίαν
1259 1974 1309 2000 οὐκ
1324 1973 1462 2008 ἐποίησεν,
1475 1974 1535 2001 οὐδὲ
1549 1973 1658 2000 δύναται
1671 1974 1855 2009 ἁμαρτάνειν·

1072 2023 1088 2057 ὴ
1104 2021 1158 2058 γὰρ
1169 2021 1326 2056 δικαιοσύνη
1344 2020 1439 2055 αὐτοῦ,
1454 2020 1533 2055 φησὶ,
1550 2020 1625 2056 μένει
1640 2021 1680 2052 εἰς
1695 2020 1740 2046 τὸν
1753 2019 1857 2046 citima.“

1073 2067 1134 2094 ὅθεν
1154 2067 1262 2102 ἀνάγκη
1273 2067 1360 2098 πᾶσα,
1375 2067 1468 2101 μένειν
1480 2066 1655 2101 ἀνεῳγμένας
1667 2066 1715 2092 καὶ
1726 2066 1794 2101 πρὸς
1809 2065 1861 2100 μὲν

1073 2113 1122 2148 τὴν
1137 2112 1208 2147 ζωὴν
1231 2112 1367 2146 εἰσάγειν,
1391 2112 1446 2140 ἀπὸ
1461 2112 1491 2138 δὲ
1506 2112 1555 2146 τῆς
1573 2113 1646 2146 ζωῆς
1667 2112 1757 2144 ἔξοδον
1771 2112 1862 2138 οὐδενὶ

1076 2158 1218 2193 παρέχειν.
1242 2166 1258 2185 ι,
1269 2155 1372 2184 ΥΗλθον
1385 2157 1450 2192 γὰρ,
1471 2157 1554 2192 φησὶν
1571 2159 1585 2184 ὁ
1598 2157 1704 2192 Σωτὴρ,
1728 2158 1772 2184 ἵνα
1786 2158 1860 2190 ζωὴν

241 2202 324 2229 vitam
342 2202 451 2237 quidem
483 2203 675 2234 intromitteve.
703 2211 717 2230 a
747 2203 802 2231 vita
831 2209 921 2231 autem
954 2203 1010 2231 null

1075 2203 1158 2239 ἔχωσι
1171 2211 1178 2218 ·
1199 2211 1209 2229 ι
1228 2203 1309 2230 τοῦτο
1332 2203 1388 2238 γάρ
1403 2204 1478 2230 ἐστιν
1491 2203 1508 2239 ή
1526 2203 1595 2238 ζωὴ,
1608 2204 1642 2238 ἢν
1664 2204 1678 2229 ὁ
1691 2204 1794 2239 Κύριος
1809 2201 1862 2239 ἧκε

242 2247 345 2274 exitum
373 2248 448 2275 dare.
471 2258 480 2274 ι
499 2248 576 2280 Veni.
606 2249 695 2284 inquit
723 2249 858 2281 Salvator,
884 2253 913 2276 ut
939 2251 1023 2277 vitam

243 2293 361 2321 habeant
376 2293 409 2320 ".
428 2303 437 2319 ι
457 2295 520 2322 Haec
544 2299 585 2322 est
610 2295 681 2323 enim
700 2295 764 2328 vita,
786 2303 869 2331 quam
895 2296 1025 2323 Dominus

244 2347 336 2367 secum
352 2340 453 2373 attulit,
468 2341 596 2375 mysteria
614 2342 664 2367 ista
680 2347 857 2376 usurpantes,
873 2341 933 2377 ejus
956 2350 1028 2370 mor—

245 2385 281 2412 tis
297 2389 323 2412 ct
346 2386 484 2420 passionis
503 2387 647 2421 participes
661 2392 689 2414 et
712 2393 854 2415 consortes
875 2387 944 2420 lieri,
967 2388 1028 2416 sine

247 2439 300 2466 quo
318 2437 431 2458 mortem
447 2432 567 2467 eﬂ‘ugere
589 2441 642 2460 non
657 2441 814 2468 possumus.
837 2436 931 2469 Neque
954 2434 1027 2461 enim

248 2484 301 2504 non
319 2477 485 2511 baptizatum
503 2477 530 2504 in
556 2485 626 2512 aqua
643 2483 670 2505 et
693 2478 796 2514 Spiritu
814 2484 910 2507 saneto
934 2478 975 2506 ias
990 2484 1032 2507 est

247 2524 275 2551 in
300 2524 383 2550 vitam
405 2523 509 2558 ingredi
525 2524 570 2551 “z
596 2532 683 2560 neque
709 2526 756 2560 qui
783 2534 836 2553 non
861 2526 1031 2554 comederint

248 2577 359 2598 carnem
377 2569 438 2596 Filii
454 2569 584 2603 hominis,
601 2576 628 2597 et
647 2571 764 2598 biberint
781 2571 842 2606 ejus
859 2572 1029 2606 sanguinem,

248 2616 333 2643 vitam
356 2615 382 2642 in
403 2623 432 2643 se
445 2615 512 2651 ipsis
526 2616 625 2642 habere
638 2621 743 2650 queunt
758 2616 791 2643 ⁸⁸.

285 2662 373 2689 Altius
396 2669 478 2696 porro
497 2662 567 2690 istuc
586 2661 778 2690 discutiamus.
799 2661 896 2690 Vivere
916 2662 970 2690 Deo
980 2670 1032 2690 non

251 2706 324 2740 licet,
348 2708 372 2735 si
393 2708 513 2743 peccatis
532 2715 585 2735 non
604 2707 691 2735 simus
707 2708 819 2735 mortui.
835 2708 919 2736 Posse
942 2712 1033 2735 autem

291 2810 311 2825 "
329 2810 436 2838 Coloss.
450 2818 468 2839 I.
486 2810 530 2838 20.
568 2811 591 2827 ³⁵
613 2811 694 2839 Marc.
711 2819 730 2843 ι,
754 2811 797 2838 10.

257 2852 317 2878 ιιιι,
334 2845 359 2873 9.
399 2847 422 2862 “
443 2846 514 2874 Psal.
534 2847 618 2881 υμῖν.
656 2845 771 2873 "Joan.
794 2854 820 2879 x,
839 2846 882 2874 10.

850 2811 872 2828 ⁸⁸
894 2811 993 2846 Ephes.
1010 2820 1039 2843 ιι,
1067 2811 1109 2841 Η,
1131 2811 1173 2839 16.
1210 2810 1233 2846 f"
1262 2810 1281 2838 ll
1304 2810 1375 2846 Tini.
1393 2818 1423 2841 ll,
1440 2810 1481 2838 15.

921 2845 944 2863 ⁵⁵
955 2846 1034 2875 Joan.
1047 2855 1086 2881 Ill,
1103 2847 1128 2874 5.
1167 2846 1189 2863 "
1204 2845 1281 2874 Joan.
1301 2854 1338 2880 vl,
1357 2845 1401 2873 5t.

1079 2251 1181 2285 φέρων,
1194 2250 1225 2276 τὸ
1236 2249 1281 2277 διὰ
1295 2250 1351 2276 τῶν
1368 2249 1528 2285 μυστηρίων
1544 2249 1649 2276 τούτων
1668 2249 1796 2281 ἐλθόντας
1813 2259 1866 2284 με·

1078 2297 1188 2331 διασχεῖν
1203 2295 1277 2330 αὐτῷ
1293 2295 1342 2322 τοῦ
1362 2295 1480 2323 θανάτου
1493 2295 1540 2322 καὶ
1558 2295 1725 2330 κοινωνῆσαι
1742 2294 1789 2322 τοῦ
1810 2295 1865 2322 πάι

1081 2342 1154 2375 θους,
1167 2344 1214 2369 καὶ
1227 2341 1324 2369 τούτου
1341 2342 1426 2377 χωρὶς
1447 2341 1493 2369 τδν
1509 2341 1624 2369 θάνατον
1637 2341 1689 2368 οὐκ
1703 2340 1743 2367 ενι
1767 2340 1868 2375 διαφυδ

1081 2390 1150 2424 γείν.
1168 2388 1239 2415 Οὔτε
1251 2388 1307 2424 γὰρ
1322 2389 1360 2424 μὴ
1372 2388 1556 2424 βαπτισθέντα
1571 2388 1600 2414 ὲν
1617 2387 1696 2414 ὕδατι
1710 2386 1759 2413 καὶ
1778 2386 1867 2413 Πνεύ-

1086 2445 1152 2471 ματι
1174 2435 1287 2462 δυνατὺν
1305 2436 1346 2466 εξς
1365 2435 1415 2469 τὴν
1436 2433 1509 2469 ζωὴν
1534 2433 1676 2466 εἰσελθεῖν,
1705 2431 1766 2458 οὔτε
1781 2432 1806 2458 οι
1829 2432 1868 2466 μὴ

1085 2481 1218 2516 φαγόντες
1243 2479 1294 2515 τὴν
1315 2479 1405 2514 σάρκα
1427 2477 1474 2505 τοῦ
1491 2477 1557 2505 Υἱοῦ
1573 2477 1621 2504 τοῦ
1647 2476 1803 2512 ἀνθρώπου,
1821 2477 1868 2502 καὶ

1084 2527 1193 2558 πιόντες
1217 2526 1299 2554 αὑτοῦ
1314 2526 1345 2552 τὺ
1369 2523 1450 2560 αἷμα,
1462 2524 1592 2552 δύνανται
1608 2524 1681 2559 ζωὴν
1704 2525 1733 2550 ὲν
1759 2523 1867 2553 ἑαυτοῖς

1083 2573 1127 2610 ἔχε
1132 2583 1166 2602 ιν.

1123 2663 1177 2690 Καὶ
1198 2663 1344 2697 σκοπῶμεν
1359 2662 1473 2690 ἀνωθεν.
1485 2662 1569 2696 Ζῆσαι
1585 2661 1701 2697 μὲνξγὰρ
1717 2660 1767 2687 ούκ
1781 2657 1815 2695 ἦν
1831 2659 1871 2694 τῷ

1088 2709 1148 2745 Θεῴ
1169 2710 1207 2744 μὴ
1221 2711 1280 2741 ταῖς
1296 2708 1445 2744 ἁμαρτίαις
1459 2707 1656 2739 ἀποθανόντας,
1671 2706 1829 2733 ἀποκτεῖναι
1843 2704 1871 2731 δὲ

1526 2809 1548 2826 ⁸⁸
1567 2809 1577 2838 ι
1595 2809 1666 2838 Petr.
1689 2816 1721 2841 ιι,
1739 2806 1792 2840 2‘2;
1817 2805 1872 2834 153.
