1976 3074
130 132 183 165 513

676 130 726 161 DE
741 130 829 162 VITA
849 128 888 159 IN
905 129 1073 159 CIlRlSTO
1102 129 1176 160 LIB.
1192 129 1218 160 Ι.

1695 132 1749 166 514

130 187 279 223 δυνηθῆναι
297 186 346 222 τὴν
367 186 504 223 ἁμαρτίαν
519 186 600 222 μόνον
623 186 702 213 Θ;οὖ.
719 186 781 217 Τοῖς
797 186 850 220 γὰρ
866 186 913 211 ἁν-

966 188 1108 218 peccatuin
1124 185 1291 218 interimere,
1308 185 1395 213 solius
1412 185 1458 214 Dei
1482 191 1532 215 est.
1554 186 1705 216 Debebatur
1719 190 1749 217 id

133 234 252 269 θρώποις
269 233 401 268 ὠφείλετο
425 233 490 267 μέν·
516 233 616 260 δίκαιοι
638 232 692 266 γὰρ
710 230 781 267 ἦμεν
805 231 913 262 ἑκόντες

132 280 293 315 ἡττηθέντες
309 278 480 306 ἀναπαλαίσα
500 278 544 305 θαι
564 278 613 313 τὴν
631 276 727 314 ἧτταν,
739 278 789 304 οὐκ
805 277 871 311 ὲνῆν
884 276 913 303 δὲ

133 326 188 352 οὐδ’
199 326 282 360 ὲγγὺς
293 325 395 355 δούλοις
406 324 455 360 ἠδη
468 324 623 358 γενομένοις
633 324 682 357 τῆς
690 324 838 358 ἁμαρτίας.
850 321 913 353 Πῶς

132 372 187 408 γὰρ
198 371 230 399 ἂν
242 371 393 406 ἐγενόμεθα
403 370 543 405 κρείττους
590 369 760 400 δουλεύοντες
770 366 841 404 ἦμεν
855 366 912 401 ;Ἦ

132 418 186 453 γὰρ
196 417 229 445 ἂν
239 418 286 444 καὶ
299 415 495 453 μείζουςῆμεν,
509 426 517 442 ι
530 417 580 443 οὐκ
589 416 647 442 ἔστι
655 415 747 446 δοῦλος
756 415 857 450 μείζων
866 415 913 441 τοῦ

131 465 228 499 κυρίου
248 464 341 491 αὑτοῦ.
353 473 363 489 ι
381 464 457 490 Ἐπεὶ
483 463 574 490 τοίνυν
591 464 605 489 ὁ
624 463 673 497 μὲν
692 463 723 489 τδ
740 462 819 498 χρέος
834 462 914 489 τοῦτο

131 510 297 538 καταλαϐεῖν
310 510 358 536 καὶ
381 509 431 545 τὴν
453 510 533 544 νίκην
551 509 666 543 ἀρέσθαι
691 509 792 544 ταύτην
810 509 915 540 δίκαιος

130 557 168 583 ὣν
182 556 346 591 ἀνδράποδον
368 554 411 592 ἦν,
429 553 467 582 ὦν
492 556 545 583 ἔδει
562 556 602 591 τῷ
625 555 737 590 πολέμῳ
759 557 883 590 κρατεῖν,
901 556 915 582 ὁ

129 603 158 629 δὲ
177 601 253 635 Θεὸς,
269 599 291 636 ᾦ
313 602 400 628 ταῦτα
426 602 501 637 ἐξῆν,
516 601 623 632 οὐδενὸς
641 601 782 636 ὑπόχρεως
795 599 839 636 ἦν,
866 601 914 627 καὶ

130 648 175 675 διὰ
201 648 287 674 ταῦτα
303 647 347 674 τὸν
373 647 468 681 ἀγῶνα
495 647 635 681 οὐδέτερος
661 647 798 682 ἀνῃρεῖτο,
825 647 872 673 καὶ
896 647 914 681 ἡ

129 694 252 729 ἁμαρτία
269 693 327 728 ἔζη,
354 693 401 720 καὶ
422 692 456 728 ἦν
479 693 622 728 ἀμήχανον
642 692 692 728 ἤδη
710 692 759 727 τὴν
784 693 913 728 ἀληθινὴν

130 740 204 774 ζωὴν
219 740 285 775 ἡμῖν
302 739 451 772 ἀνατεῖλαι,
467 738 497 765 τδ
520 739 652 774 τρόπαιον
667 739 746 766 ἄλλου
769 739 818 774 μὲν
838 739 916 773 ὀφεί-

128 787 230 819 λοντος,
243 786 326 813 ἄλλου
338 785 365 812 δὲ
376 785 526 820 δυναμένου
539 792 545 799 ·
559 784 663 812 τούτων
679 785 760 812 ἕνεκα
776 784 914 812 συνελθεῖν

130 833 224 867 ἐδέησε
239 831 319 858 τοῦτο
332 832 454 863 κάκεῖνο,
475 832 522 858 καὶ
537 831 586 858 ἕνα
599 831 646 858 καὶ
670 831 715 858 τὸν
730 831 812 858 αὐτὸν
827 831 917 866 ἀμφο-

966 229 1074 262 quidem
1092 229 1258 257 hominibus.
1274 229 1342 257 Nam
1364 238 1426 258 cum
1451 232 1573 260 volentes
1588 233 1653 260 victi
1673 241 1750 262 esse-

968 280 1040 304 mus,
1067 273 1249 308 redintegrata
1277 275 1371 302 saltem
1397 283 1497 310 pugna,
1522 282 1553 304 ut
1579 279 1750 305 vinceremus

967 320 1082 353 arquitas
1099 321 1264 354 postulabat.
1291 321 1349 348 Noli
1377 321 1476 350 licebat
1499 327 1589 350 autem
1620 329 1647 351 et
1671 325 1751 359 longe

967 364 1074 397 aberat,
1091 373 1151 392 cum
1165 366 1220 400 jam
1247 367 1318 393 servi
1342 367 1405 394 iacti
1420 375 1543 396 essemus
1558 371 1671 404 peccati.
1689 370 1750 403 Quo

968 412 1040 438 cnim
1069 417 1147 445 pacto
1162 419 1194 439 eo
1210 412 1253 439 cui
1272 413 1456 441 senicbamus
1485 411 1641 448 superiora
1660 416 1751 444 disce-

969 457 1118 485 deremus?
1132 457 1211 485 Certe
1225 458 1275 486 etsi
1291 460 1373 486 etiam
1395 460 1511 494 majores
1527 469 1646 494 eramus,
1660 467 1750 489 tamen

971 512 981 529 ι
997 503 1056 530 Non
1076 509 1116 530 est
1133 511 1228 531 servos
1244 505 1330 539 major
1354 506 1465 533 domino
1482 507 1575 534 suo“.
1591 517 1600 534 ι
1615 508 1750 540 Quoniam

970 549 1053 583 igitur
1075 557 1155 584 quem
1176 550 1297 577 debitum
1325 551 1374 578 hoc
1390 553 1543 587 complecti,
1561 558 1586 580 et
1606 554 1750 581 victoriam

969 594 1041 622 hanc
1067 600 1206 630 reportare
1230 597 1340 629 dignum
1368 602 1437 629 erat,
1465 598 1499 625 iis
1517 599 1661 632 serviebat,
1681 608 1750 635 quos

967 642 1052 668 armis
1069 641 1195 676 subigere
1213 646 1382 676 oportuerat,
1408 644 1477 671 Deus
1494 650 1595 677 autem,
1618 646 1644 672 in
1671 647 1750 681 cujus

970 691 1103 721 potestate
1117 688 1168 714 ista
1189 693 1263 720 sunt,
1279 689 1345 716 nulli
1357 687 1510 725 quidquam
1529 692 1653 724 debebat,
1668 698 1751 727 atque

968 731 1029 759 ideo
1045 737 1183 760 certamen
1199 738 1296 761 neuter
1311 736 1529 770 aggrediebatur,
1558 742 1584 765 et
1606 744 1748 772 peccatum

967 777 1086 811 vivebat,
1105 784 1132 806 et
1153 779 1208 814 jam
1227 785 1255 806 ut
1281 787 1312 807 ex
1341 788 1403 808 vera
1431 783 1485 810 vita
1507 788 1638 819 tropaeum
1670 785 1750 813 nobis

968 824 1133 855 exorirelur,
1162 825 1217 852 fieri
1246 834 1298 853 non
1317 831 1435 860 poterat,
1452 836 1514 855 cum
1532 830 1602 857 alius
1626 830 1748 864 deberet,

129 877 211 913 τέρας
226 876 297 905 εἷναι
314 878 363 910 τὰς
381 878 489 912 φύσεις,
504 878 552 904 τοῦ
568 886 598 904 τε
617 879 802 914 προσήκοντος
814 878 851 912 τῷ
865 886 914 904 ’κο-

966 869 1035 897 alius
1051 875 1152 904 posset.
1169 871 1244 898 Hanc
1263 873 1297 900 ob
1315 880 1438 907 causam,
1451 874 1500 901 hoc
1521 879 1548 902 et
1570 876 1633 903 illud
1652 885 1750 905 conve-

129 925 215 960 λὲμῳ,
233 926 280 951 καὶ
293 924 322 956 ὃς
346 924 457 951 ἐδύνατο
468 925 590 959 νικῆσαι.
606 925 715 951 Γίνεται
735 925 827 951 τοίνυν
841 932 848 940 ·
866 923 914 950 καὶ

130 971 196 1002 Θεὸς
207 972 256 1006 μὲν
269 970 419 998 οἰκειοῦται
435 970 480 997 τὸν
491 970 562 1006 ὑπὲρ
577 970 631 997 τῶν
648 970 800 1004 ἀνθρώπων
810 970 913 1004 ἀγῶνα,

130 1017 276 1052 ἄνθρωπος
302 1016 374 1052 γάρ·
391 1016 536 1051 ἄνθρωπος
556 1016 585 1042 δὲ
611 1017 674 1052 νικᾷ
690 1017 738 1052 τὴν
763 1017 913 1053 ἁμαρτίαν,

134 1062 253 1097 καθαρὸς
269 1062 408 1098 ἁμαρτίας
432 1061 550 1097 ἁπάσης,
567 1061 633 1093 Θεὸς
650 1062 704 1098 γὰρ
719 1061 752 1097 ἦν
765 1071 771 1078 -
789 1062 912 1090 καὶτοῦ-

131 1118 176 1136 τον
193 1109 238 1135 τὸν
258 1109 358 1144 τρόπον
373 1109 390 1143 ὴ
414 1108 495 1142 φύσις
509 1107 564 1135 τῶν
580 1107 691 1134 ὀνειδῶν
709 1108 914 1135 ἀπαλλάττεται

130 1155 176 1182 καὶ
193 1155 331 1181 ἀναδεῖται
346 1154 422 1188 νίκης
439 1157 574 1190 στεφάνῳ,
589 1155 638 1189 τῆς
655 1153 795 1189 ἁμαρτίας
814 1153 914 1180 πεσού-

130 1208 192 1233 σης.
207 1199 290 1226 Οῠπω
312 1198 341 1226 δὲ
366 1199 415 1226 καὶ
429 1198 483 1226 τῶν
502 1198 653 1234 ἀνθρώπων
670 1198 785 1231 ἕκαστος
808 1198 824 1232 ἢ
845 1198 915 1225 νενί-

130 1254 199 1281 κηκε
213 1245 316 1272 τούτων
341 1244 454 1280 ἕνεκαῆ
480 1244 642 1280 ἠγώνισται.
660 1245 765 1280 Ἤγουν
789 1245 844 1271 τῶν
869 1245 914 1271 δε-

131 1291 208 1327 σμῶν
224 1290 337 1318 ἐκείνων
363 1290 458 1326 ἐλύθη,
479 1290 620 1318 καὶτοῦτο
646 1291 674 1317 δὲ
692 1290 775 1321 αὐτὸς
800 1289 914 1324 ἐποίησε

130 1337 164 1364 δι’
189 1335 226 1364 ὧν
247 1337 418 1374 προσέθηκεν
439 1337 453 1363 ὁ
479 1337 586 1372 Σωτὴρ,
611 1337 640 1363 ὲν
665 1334 704 1368 οἷς
723 1335 831 1371 ἑκάστῳ
860 1336 914 1362 τῶν

131 1384 286 1420 ἀνθρώπων
309 1384 409 1410 ἔδωκεν
435 1383 558 1416 ἐξουσίαν
582 1384 741 1409 ἀποκτεῖναι
757 1382 807 1416 τὴν
823 1383 914 1416 ἀμαρ-

129 1431 193 1457 τίαν
208 1431 256 1457 καὶ
284 1430 429 1460 κοινωνοὺς
443 1429 517 1464 αὐτῷ
533 1428 661 1463 γενέσθαι
686 1427 736 1462 τῆς
760 1427 912 1462 ἀριστείας.

136 1476 215 1502 Ἐπεὶ
232 1475 287 1509 γὰρ
311 1474 381 1510 μετὰ
395 1474 426 1501 τὸ
441 1474 572 1510 τρόπαιον
588 1474 675 1500 ἐκεῖνο
688 1473 746 1500 δέον
764 1472 914 1507 στεφανοῦ-

132 1522 194 1548 σθαι
210 1521 257 1548 καὶ
270 1521 459 1556 Θριαμεεύειν,
475 1520 488 1546 ὁ
502 1520 531 1546 δὲ
543 1519 656 1555 πληγιῖν
669 1519 714 1546 καὶ
731 1518 849 1553 σταυροῦ
867 1518 914 1544 καὶ

131 1569 248 1595 θανάτου
265 1569 312 1595 καὶ
331 1567 386 1594 τῶν
401 1567 531 1594 τοιούτων
550 1567 589 1598 εἰς
613 1567 709 1600 πεῖραν
725 1563 802 1600 ἦλθε,
818 1565 831 1592 ὅ
847 1573 913 1600 φησι

130 1614 247 1647 Παῦλος,
262 1623 271 1640 ι
300 1614 374 1640 ’Δντὶ
388 1613 438 1647 τῆς
455 1611 640 1648 προκειμένης
656 1610 731 1645 αὐτῷ
746 1611 832 1645 χαρᾶς
849 1610 914 1637 ὑπέ-

132 1668 208 1694 μεινε
224 1659 353 1694 σταυρὸν,
379 1657 511 1692 αἰσχύνης
536 1657 756 1692 καταφρονήσας.
775 1664 784 1681 ι
802 1655 828 1682 τί
841 1655 914 1689 γίνε-

129 1714 192 1738 ται;
216 1705 246 1731 '0
263 1704 312 1739 μὲν
340 1703 417 1730 οὐδὲν
434 1697 576 1738 ἠδίκησεν,
594 1698 633 1729 ὦν
657 1700 690 1727 ἂν
717 1700 804 1727 ταῦτα
828 1700 912 1726 ἔδωκε

129 1750 220 1784 δίκην,
234 1749 294 1776 οὐδὲ
321 1749 449 1784 ἐποίησεν
474 1747 625 1783 ἁμαρτίαν,
649 1746 710 1773 οὐδὲ
726 1744 801 1781 εἶχεν
825 1745 913 1779 οὐδὲν,

129 1796 191 1822 ὅθεν
208 1796 241 1822 ἂν
267 1796 393 1830 ἐγκαλεῖν
413 1792 487 1830 εἶχεν
508 1795 522 1821 ὁ
548 1792 721 1827 συκοφάντης
749 1792 796 1818 καὶ
811 1791 914 1826 σφόδρα

129 1842 328 1877 ἀναισχυντῶν,
358 1841 451 1877 πληγὴ
467 1841 495 1867 δὲ
520 1841 567 1866 καὶ
582 1839 662 1873 ὀδύνη
684 1838 731 1864 καὶ
757 1837 871 1868 θάνατος
885 1837 913 1870 ἐξ

129 1889 218 1924 ἀρχῆς
243 1890 312 1915 κατὰ
335 1888 384 1923 τῆς
402 1887 540 1922 ἁμαρτίας
567 1885 713 1919 ἐπενοήθη.
738 1883 770 1911 Τί
796 1883 851 1917 γὰρ
868 1882 915 1908 καὶ

132 1935 281 1970 συνεχώρει
308 1924 497 1970 ᾦιλάνθρωπος
512 1931 549 1959 ὣν
563 1932 577 1959 ὁ
592 1931 745 1966 Δεσπότης;
761 1929 799 1957 Οὐ
814 1928 868 1963 γὰρ
878 1928 917 1954 εἰ-

130 1982 177 2013 κός
198 1983 267 2012 ἔστι,
294 1981 402 2015 φοϐερῷ
415 1980 461 2006 καὶ
487 1978 594 2012 θανάτῳ
610 1978 659 2012 τὴν
677 1975 835 2010 ἀγαθότητα
856 1973 916 2009 χαί-

130 2035 199 2062 ρειν.
218 2027 266 2052 Διά
283 2025 362 2051 τοῦτο
377 2024 448 2059 μετὰ
460 2024 509 2059 τὴν
524 2022 663 2058 ἁμαρτίαν
677 2021 758 2051 εὐθὺς
775 2020 821 2046 τὸν
836 2020 916 2046 θάνα-

128 2081 176 2099 τον
198 2073 246 2099 καὶ
269 2071 319 2107 τὴν
335 2071 432 2106 ὀδύνην
450 2069 641 2105 συνεχώρησεν
658 2068 672 2094 ὁ
696 2066 772 2100 Θεὸς,
789 2065 819 2091 οὐ
836 2065 915 2099 δίκην

130 2117 307 2153 ἡμαρτηκότι
323 2116 423 2152 μᾶλλον
436 2117 548 2150 ἐπάγων
565 2115 582 2149 ἢ
601 2113 748 2149 φάρμακον
759 2109 915 2145 νενοσηκότι

128 2165 271 2199 παρέχων.
303 2163 379 2190 Ἐπεὶ
398 2162 488 2190 τοίνυν
509 2163 565 2193 τοῖς
582 2160 635 2187 ὑπὸ
655 2158 702 2185 τοῦ
722 2156 841 2193 Χριστοῦ
866 2164 914 2182 πε-

965 916 1025 944 nire
1054 918 1237 953 conjungique
1255 927 1367 946 necesse
1384 919 1446 953 iuit,
1464 926 1490 948 et
1508 930 1590 949 unum
1608 925 1748 951 eumdem-

965 969 1017 996 que
1031 967 1157 990 naturam
1171 971 1263 991 veram
1276 972 1381 999 gerere,
1396 970 1452 993 tum
1468 967 1528 1001 ejus
1542 969 1587 1002 qui
1605 970 1746 997 certamini

965 1012 1038 1034 esset
1055 1003 1180 1041 idoneus,
1198 1013 1253 1036 tum
1269 1009 1330 1044 ejus
1346 1010 1391 1044 qui
1408 1011 1515 1038 vincere
1530 1018 1632 1046 posset.
1656 1013 1708 1046 Fit,
1721 1020 1749 1042 et

966 1051 1039 1080 Deus
1066 1053 1176 1088 quidem
1207 1062 1321 1089 agonem
1351 1064 1400 1091 pro
1430 1058 1588 1085 hominibus
1613 1061 1747 1092 assumit,

966 1102 1046 1125 natus
1074 1099 1174 1132 homo;
1204 1105 1230 1128 et
1255 1101 1336 1129 homo
1353 1102 1470 1130 debellat
1493 1110 1644 1138 peccatum,
1661 1114 1748 1141 purus

965 1144 1057 1171 omnis
1085 1146 1201 1179 peccati,
1218 1146 1279 1180 quia
1309 1146 1381 1175 Deus
1409 1153 1478 1176 erat.
1506 1148 1539 1176 Et
1567 1150 1619 1178 hoc
1638 1151 1747 1182 quidem

966 1195 1046 1225 pacto
1072 1191 1249 1225 opprobrium
1280 1197 1381 1223 cessat,
1412 1197 1439 1220 et
1468 1199 1578 1228 peccato
1599 1200 1747 1229 prostrato.

966 1235 1085 1263 victoria.-
1115 1244 1217 1263 corona
1248 1238 1403 1265 redimitur.
1437 1241 1486 1266 Ast
1516 1241 1634 1268 nondum
1666 1242 1747 1268 etiam

965 1279 1046 1306 homo
1073 1281 1188 1314 quilibet
1213 1286 1259 1308 aut
1287 1280 1526 1317 propterea-vicit,
1545 1290 1593 1311 aut
1622 1286 1747 1318 certavit,

966 1329 1014 1352 aut
1029 1325 1146 1352 vinculis
1161 1326 1214 1353 illis
1228 1327 1334 1354 solutus
1347 1332 1399 1355 est.
1421 1327 1454 1355 Et
1471 1329 1521 1356 hoc
1535 1336 1601 1357 sane
1622 1329 1750 1357 Salvator

966 1371 1024 1404 ipse
1040 1371 1104 1397 fecit
1120 1379 1166 1404 per
1178 1379 1208 1397 ea
1231 1379 1291 1405 quae
1307 1373 1465 1407 assumpsit,
1485 1374 1511 1400 in
1527 1374 1626 1408 quibus
1642 1375 1750 1402 unicui-

967 1423 1020 1451 que
1036 1416 1176 1443 hominum
1192 1422 1352 1451 potestatem
1368 1419 1442 1445 dedit
1456 1419 1635 1447 interficiendi
1652 1429 1749 1454 pecca-

966 1465 1034 1493 tum,
1053 1466 1080 1488 et
1103 1462 1260 1490 societatem
1280 1462 1448 1490 fortitudinis
1472 1464 1532 1498 ejus
1550 1466 1746 1500 consequendi.

965 1506 1100 1540 Quoniam
1126 1507 1198 1534 enim
1224 1514 1285 1542 post
1307 1510 1449 1536 victoriam
1469 1510 1541 1536 illam
1568 1511 1694 1538 coronari
1720 1516 1749 1538 et

965 1553 1134 1586 triumphare
1158 1554 1310 1588 oportebat,
1328 1554 1385 1589 ipse
1403 1559 1493 1582 autem
1511 1555 1614 1589 plagas,
1626 1563 1746 1590 crucem,

965 1603 1094 1631 mortem,
1112 1602 1139 1625 et
1163 1597 1353 1632 hujuscemodi
1371 1599 1441 1625 mala
1457 1604 1584 1634 expertus
1603 1604 1655 1632 est,
1673 1606 1699 1628 et
1719 1605 1749 1627 ut

964 1644 1066 1672 Paulus
1094 1646 1132 1672 ait
1157 1653 1164 1671 :
1196 1653 1205 1670 ι
1233 1644 1376 1679 Proposito
1402 1645 1452 1673 sibi
1482 1646 1591 1681 gaudio.
1618 1646 1750 1674 sustinuit

964 1697 1087 1722 crucem,
1111 1690 1273 1717 confusione
1289 1695 1444 1725 contempta
1457 1690 1499 1723 ‘1;
1521 1700 1530 1716 ›
1547 1691 1612 1725 quid
1630 1691 1681 1718 iit?
1698 1692 1746 1720 ille

965 1737 1054 1764 scelus
1088 1736 1191 1763 nullum
1222 1736 1365 1768 conscivit,
1397 1737 1431 1762 ob
1466 1737 1538 1771 quod
1570 1745 1664 1771 pinnas
1694 1742 1749 1765 tam

964 1781 1040 1809 diras
1067 1783 1230 1814 exsolveret,
1260 1782 1335 1808 nullo
1349 1789 1378 1810 se
1403 1782 1502 1810 delicto
1526 1783 1684 1814 obstrinxit,
1701 1791 1751 1812 nec

964 1829 1082 1863 patravit
1100 1828 1251 1862 quidpiam,
1282 1828 1354 1855 unde
1385 1828 1461 1855 illum
1486 1829 1527 1855 vel
1563 1829 1633 1856 inter
1670 1836 1751 1864 syco-

965 1873 1083 1908 phantas
1119 1873 1377 1907 impudentissiims
1423 1881 1553 1901 accusare
1604 1879 1748 1908 polunsset.

964 1919 1052 1954 Plagae
1068 1924 1157 1946 autem
1175 1923 1202 1946 ct
1222 1920 1298 1946 dolor
1324 1923 1352 1945 et
1374 1927 1448 1946 mors
1468 1919 1502 1946 ab
1517 1920 1594 1946 initio
1619 1921 1750 1948 adversus

965 1969 1105 2000 peccatum
1124 1965 1275 2000 excogitata
1289 1970 1361 1992 sunt.
1392 1965 1460 1997 Quid
1489 1967 1562 1992 enim
1591 1965 1750 1993 concederet

966 2012 1017 2044 illi,
1044 2019 1197 2046 quanquam
1229 2012 1362 2046 benignus
1391 2012 1541 2038 Dominus?
1574 2012 1648 2038 Haud
1677 2012 1750 2039 enim

965 2066 1074 2093 aequum
1101 2063 1152 2090 est,
1169 2058 1321 2092 perditione
1341 2063 1367 2084 et
1385 2064 1471 2084 morte
1487 2057 1571 2084 la-tari
1589 2058 1748 2084 bonitatem.

966 2104 1100 2137 Quocirca
1141 2108 1203 2138 post
1233 2108 1372 2138 peccatum
1411 2102 1542 2130 continuo
1571 2108 1685 2130 mortem
1724 2108 1751 2130 et

967 2151 1074 2178 dolores
1090 2150 1202 2178 immisit
1216 2149 1298 2182 Deus,
1314 2157 1368 2176 non
1383 2149 1468 2184 magis
1485 2153 1514 2176 ut
1528 2156 1603 2176 rcum
1617 2149 1751 2184 supplicio

130 2195 302 2245 πραγμένοις
314 2209 364 2236 οὐκ
377 2207 410 2245 ἦν
421 2208 578 2244 ἐφαρμόσαι
593 2205 695 2239 ταύτην
707 2205 756 2239 τὴν
768 2203 857 2238 δίκην,
870 2202 914 2229 καὶ

970 2197 1110 2229 multaret,
1128 2204 1209 2231 quam
1230 2200 1259 2222 ut
1274 2201 1375 2230 aegroto
1394 2195 1557 2222 medicinam
1579 2196 1749 2222 admoveret.

128 2256 288 2292 ἀρρωστίας
305 2256 378 2291 ἴχνος
404 2253 477 2290 εἶχεν
491 2253 568 2280 οὐδὲν
592 2253 607 2279 ὸ
630 2251 737 2285 Σωτὴρ,
753 2248 786 2284 ἦν
810 2248 917 2275 ἀνεῖλεν

129 2304 200 2337 ὅπερ
216 2301 298 2328 ἔλαϐε
314 2302 472 2337 φάρμακον,
485 2300 524 2331 εις
538 2299 611 2334 ἡμᾶς
627 2298 644 2332 ἡ
659 2297 706 2323 τοῦ
724 2295 855 2330 ποτηρίου
870 2293 916 2320 δύ-

130 2357 213 2383 ναμις
226 2348 332 2374 ἐκείνου
347 2346 482 2374 διαϐαίνει
500 2346 548 2373 καὶ
568 2339 726 2372 ἀποκτείνει
741 2344 791 2378 τὴν
809 2345 837 2370 ὲν
850 2341 918 2378 ἡμῖν

130 2394 281 2430 ἁμαρτίαν,
300 2395 346 2420 καὶ
358 2394 375 2428 ἡ
391 2393 438 2419 τοῦ
456 2391 603 2419 ἁνευθύνυυ
621 2390 713 2425 πληγὴ
734 2391 839 2423 γίνεται
854 2389 917 2422 δίκη

130 2443 189 2472 τοῖς
203 2440 311 2467 πολλῶν
324 2440 464 2474 ὑπόχρεως
481 2436 552 2465 οὖσι.
566 2438 619 2464 Καὶ
629 2436 690 2462 ἐπεὶ
709 2435 815 2470 μεγάλη
827 2443 869 2465 τις
883 2431 919 2468 ἦν

130 2486 148 2520 ἡ
160 2485 222 2520 δίκη
243 2486 289 2511 καὶ
301 2484 446 2519 θαυμαστὴ
461 2484 509 2510 καὶ
526 2484 628 2518 μείζων
645 2482 661 2516 ἢ
675 2482 728 2507 τῶν
740 2480 918 2516 ἀνθρωπείων

131 2531 226 2558 κακῶν
240 2531 404 2566 ἀντίρῤοπος
419 2529 500 2560 εἶναι.
513 2529 543 2556 οὑ
558 2529 640 2564 μέχρι
653 2527 749 2554 τούτου
763 2527 844 2561 μόνον
853 2525 918 2561 ἔστη

130 2576 237 2603 λύσασα
260 2577 292 2602 τὸ
313 2576 439 2611 ἔγκλημα
452 2596 459 2607 ,
479 2575 547 2602 ἀλλὰ
577 2573 713 2608 τοσαύτην
747 2573 918 2609 προσέθηκεν

129 2622 286 2656 ὑπερὸολὴν
299 2622 421 2656 ἀγαθῶν,
436 2621 505 2647 ὥστε
521 2622 566 2647 καὶ
582 2621 622 2651 εἰς
637 2621 682 2647 τδν
705 2619 818 2654 οὐρανὸν
836 2618 919 2644 αὐτὸν

130 2668 265 2702 ἀναϐῆναι
283 2669 328 2694 καὶ
342 2668 391 2703 τῆς
406 2667 523 2693 ἐνταῦθα
540 2666 679 2702 βασιλείας
693 2665 731 2700 τῷ
746 2664 805 2699 Θεῷ
821 2672 916 2690 κοινω-

130 2714 214 2748 νῆσαι
243 2714 305 2745 τοὺς
333 2713 387 2740 (me
417 2713 478 2747 γῆς,
502 2713 566 2743 τοὺς
584 2712 735 2747 ἐχθίστους.
757 2711 819 2741 τοὺς
846 2708 917 2735 δεδε-

134 2761 242 2795 μένους,
259 2759 321 2792 τοὺς
337 2759 618 2795 ἡνδραποδισμένους,
635 2758 698 2789 τοὺς
713 2756 914 2792 ὴτιμωμὲνους.

169 2851 299 2878 “Matth.
317 2858 330 2877 χ
365 2850 411 2877 2L
448 2850 469 2865 ‘7
490 2848 569 2875 Hebr.
588 2856 634 2880 xu,
654 2848 680 2874 2.

967 2244 1036 2277 Quia
1052 2243 1135 2279 igitur
1150 2243 1303 2270 actionibus
1330 2241 1433 2270 Christi
1449 2242 1640 2277 hujuscemodi
1662 2243 1751 2270 anim-

967 2290 1093 2317 adversio
1112 2296 1165 2316 non
1184 2288 1373 2321 coaveniebat,
1390 2296 1439 2315 nec
1455 2288 1538 2314 ullum
1565 2288 1651 2315 morbi
1667 2289 1751 2316 vesti-

967 2336 1041 2371 gium
1059 2335 1183 2363 Salvator
1201 2335 1329 2368 habebat,
1354 2334 1425 2370 quod
1443 2339 1554 2369 accepto
1572 2334 1751 2362 medicamine

967 2385 1118 2414 tolleretur,
1134 2383 1167 2410 ad
1191 2391 1240 2410 nos
1258 2383 1331 2410 illius
1346 2383 1464 2417 potionis
1478 2384 1623 2410 ellicacitas
1641 2383 1751 2416 transit,

967 2434 994 2458 et
1011 2436 1153 2465 peccatum
1182 2430 1209 2457 in
1233 2429 1313 2456 nobis
1330 2430 1437 2462 tuereris
1453 2435 1560 2462 enecat,
1583 2429 1751 2463 verberaque

968 2477 1122 2504 innorentis
1153 2477 1222 2503 ﬁunt
1248 2475 1414 2511 supplicium
1440 2483 1487 2510 pro
1513 2475 1555 2503 his
1582 2476 1628 2510 qui
1657 2476 1751 2502 multis

968 2523 1129 2551 criminibus
1145 2529 1209 2551 sunt
1225 2524 1349 2550 involuti.
1369 2523 1398 2550 Et
1412 2523 1541 2557 quoniam
1557 2530 1637 2557 poena
1655 2522 1750 2556 iugi-ns

968 2575 1026 2597 erat
1039 2575 1066 2596 et
1081 2568 1242 2603 singularis,
1260 2569 1413 2604 majorque,
1438 2577 1519 2604 quam
1539 2572 1568 2595 ut
1582 2575 1642 2594 eam
1662 2567 1750 2594 homi-

969 2624 1033 2644 num
1049 2621 1153 2644 scetnra
1167 2615 1354 2650 adaequarent,
1371 2624 1424 2643 non
1441 2615 1483 2642 hic
1495 2614 1630 2646 constitit,
1645 2618 1673 2640 ut
1687 2622 1751 2641 con-

970 2669 1054 2690 tracta
1076 2663 1190 2690 crimina
1207 2663 1340 2696 expiaret,
1358 2661 1405 2690 sed
1428 2667 1531 2688 tantum
1550 2660 1682 2687 bonorum
1699 2666 1749 2685 cu-

971 2709 1074 2735 mulum
1087 2709 1195 2743 aa‘jccit,
1210 2714 1238 2736 ut
1251 2712 1277 2735 et
1298 2709 1325 2735 in
1341 2708 1441 2735 coelum
1456 2706 1642 2735 ascenderant,
1657 2710 1682 2730 ct
1696 2705 1751 2731 illic

971 2754 1024 2781 Deo
1043 2759 1184 2782 t‘OlIsOl‘lcs
1203 2753 1277 2789 regni
1299 2753 1404 2786 tierent,
1425 2751 1535 2784 terreni,
1556 2748 1751 2782 inimicissimi,
