1976 3074
226 152 283 186 515

860 154 1015 186 NICOLAI
1032 157 1226 188 CABASiL/E

1799 159 1849 191 516

226 207 323 242 vincti,
338 208 469 236 servitute
484 208 609 244 oppreSsi
630 213 712 245 atque
739 210 871 245 despecti.
887 211 1005 239 Pretiosa

1064 214 1161 248 Τίμιος
1178 214 1232 249 γὰρ
1251 211 1286 249 ἦν
1301 214 1314 240 ὁ
1330 213 1444 245 Θάνατος
1459 213 1561 245 ἐκεῖνος
1576 212 1708 248 οὐμενοῦν
1724 213 1777 240 οὐδ’
1790 215 1850 242 ὅσον

227 255 301 282 enim
317 258 376 282 erat
390 262 463 283 mors
479 255 535 288 illa,
547 259 682 290 quantum
705 263 782 284 utens
795 257 915 285 humana
936 266 1011 286 cont-

227 300 398 335 prehendere
420 300 528 335 nequit,
547 300 599 328 etsi
627 301 661 328 ab
678 301 823 330 bomicidis
849 302 904 330 illis
930 311 1012 337 parvo

231 345 359 373 venditus
371 350 413 373 est
423 345 511 374 libens
524 346 658 374 Salvator.
673 347 705 374 Et
720 348 778 375 haec
791 355 845 375 una
861 356 924 383 pars
940 349 1012 376 illius

226 399 341 419 summae
360 391 529 426 paupertatis
545 396 571 419 et
583 392 753 427 ignominiae,
766 398 796 421 ut
812 394 884 429 quod
900 395 1012 422 omnino

228 435 354 463 venditus
377 439 461 469 esset,
477 437 504 477 in
524 443 557 463 eo
576 437 676 464 servile
702 438 832 472 quiddam
860 439 1010 470 sustinens,

225 481 406 509 contumelias
428 482 599 515 lucraretur;
619 483 737 511 dedecus
753 484 825 511 enim
854 492 902 519 pro
931 485 1010 513 nobis

225 532 252 554 et
266 527 443 562 opprobrium
469 528 496 555 in
512 528 596 556 lucris
623 531 800 563 numerabat;
819 531 898 565 pretii
919 536 1009 558 autem

223 573 373 608 exiguitate
390 574 589 606 insinuaretur.
603 582 664 602 eum
682 575 715 602 ad
734 580 848 603 ntortem
866 585 914 611 pro
930 585 1010 604 mun-

223 619 259 646 do
276 619 479 654 perpetiendant
493 620 579 654 gratis
600 620 718 653 venisse,
734 626 763 647 ct
781 621 832 649 hoc
849 622 886 649 illi
910 631 1010 651 munus

224 664 300 692 dare.
327 665 429 705 Sponte
445 669 471 691 et
487 666 559 692 ultro
587 670 629 693 est
656 671 794 698 mortuus,
815 675 875 695 cum
907 668 1009 696 nemini

225 718 277 738 nec
300 710 472 743 facultatum,
491 720 540 738 nec
567 711 627 738 ritas
643 713 732 739 civilis
757 719 839 748 atque
856 715 1009 742 communis

225 755 312 790 gratia
340 755 421 782 ullam
453 755 630 789 imposuisset
659 756 798 790 injuriam,
821 762 848 785 et
871 758 1008 786 beneﬁciis

226 799 286 827 illos
304 799 495 827 interfectores
511 807 576 827 suos
588 801 661 826 omni
676 808 723 836 spe
737 809 770 829 ac
782 803 916 830 desiderio
930 804 1009 838 longe

225 845 374 880 majoribus
392 846 593 873 antevenisset.

259 910 311 937 Sed
331 911 396 945 quid
419 919 469 946 ego
490 912 542 939 ista
561 912 764 940 commemoro?
788 913 861 941 Deus
882 918 1007 941 mortuus

224 961 290 984 est:
311 956 356 984 Dei
384 957 498 992 sanguis
520 958 548 985 in
568 965 650 986 cruce
673 958 777 987 ell‘usus
794 965 847 988 est.
866 959 936 993 Quid
963 961 1013 988 hae

222 1007 312 1030 morte
329 1003 498 1038 pretiosius?
527 1004 593 1038 quid
621 1005 807 1032 venerandum
834 1000 923 1041 magis
954 1006 1012 1034 ﬁeri

223 1048 324 1083 queat?
338 1048 417 1082 Quod
444 1053 548 1076 tantum
568 1050 659 1078 scelus
685 1051 828 1079 hominum
857 1051 917 1084 l'ui't,
932 1056 962 1079 ut
985 1052 1011 1079 id

221 1095 317 1122 eluere
337 1095 449 1123 deberet
474 1095 534 1131 ipsa
560 1096 689 1131 justitia?
705 1097 790 1130 Quale
811 1098 922 1131 vulnus,
938 1099 1011 1133 quod

222 1145 279 1167 tam
307 1141 398 1168 nobile
426 1141 559 1168 auxilium
591 1142 738 1176 posceret?
764 1141 912 1177 Oportebat
938 1144 1011 1171 enim

222 1186 362 1221 supplicio
377 1186 473 1222 aliquo
496 1193 638 1222 peccatum
654 1188 768 1220 aboleri,
783 1189 1011 1216 commissorum-

222 1238 276 1265 que
306 1232 440 1260 adversus
466 1240 528 1259 eutn
551 1233 626 1267 justa
642 1240 721 1268 pceua
743 1241 874 1268 expensa.
894 1241 1008 1262 accusa-

223 1278 296 1304 tione
313 1277 435 1304 liberari.
452 1277 521 1305 Nam
545 1281 592 1313 qui
609 1286 705 1313 pmnas
719 1280 851 1314 suscepit,
874 1287 956 1314 super
973 1280 1006 1307 iis

223 1327 334 1357 propter
359 1331 419 1358 qua:
445 1324 564 1359 suscepit
591 1325 616 1351 in
642 1324 777 1359 judicium
806 1325 924 1360 amplius
953 1333 1008 1353 non

222 1374 347 1398 vocatur.
378 1370 525 1398 llomittttm
553 1379 619 1399 vero
637 1372 825 1407 reperiebatur
846 1379 936 1405 nemo,
961 1372 1007 1408 qui

220 1417 280 1451 ipse
306 1417 412 1452 integer
426 1425 453 1445 et
482 1425 496 1445 a
513 1418 575 1446 labe
604 1426 688 1453 purus
710 1423 868 1453 pateretur;
897 1419 1006 1454 quando

221 1469 273 1489 nec
299 1463 350 1489 sibi
374 1463 486 1497 quidem
508 1464 582 1491 ullus
610 1463 770 1496 suiﬁciebat,
804 1472 893 1499 neque
923 1472 1010 1500 genus

223 1507 374 1534 humanum
403 1509 574 1540 universum,
600 1511 622 1537 si
652 1510 751 1538 millies
777 1511 848 1538 mori
874 1511 1009 1544 licuisset,

221 1555 414 1582 commeritum
433 1556 597 1590 supplicium
612 1556 677 1583 dare
690 1555 833 1591 potuisset.
846 1556 916 1588 Quid
935 1557 1006 1583 enim

222 1607 272 1634 pro
298 1600 432 1635 dignitate
460 1603 583 1636 patiatur
605 1609 701 1629 servus
728 1602 944 1637 impurissimus,
960 1603 1006 1637 qui

219 1644 325 1678 regiam
351 1645 495 1679 imaginem
522 1646 664 1679 contrivit,
683 1651 710 1674 et
728 1648 754 1674 in
777 1651 879 1684 tantam
898 1647 1008 1675 celsitu-

221 1689 314 1716 dinem
329 1691 548 1718 contumeliosus
565 1691 635 1719 fuit?
660 1691 762 1720 Idcirco
787 1692 920 1721 Dominus
937 1693 1006 1728 ipse,

221 1735 256 1762 ab
271 1735 345 1762 omni
361 1740 476 1771 peccato
492 1737 610 1769 alienus,
625 1737 710 1764 multa
727 1738 843 1766 nefanda
860 1746 1006 1773 perpessus

221 1783 356 1815 moritur;
373 1787 401 1810 et
421 1783 504 1810 homo
519 1782 662 1811 heminunt
681 1791 793 1811 causam
810 1785 1007 1819 patrocinium-

224 1835 275 1863 que
296 1828 462 1862 suscipiens,
477 1829 615 1857 cruciatus
630 1830 751 1864 excipit,
768 1833 795 1857 et
819 1838 905 1866 genus
925 1838 1005 1858 suum

220 1874 336 1908 piaculis
374 1873 520 1906 absolvit:
561 1875 726 1909 compeditis
765 1876 915 1903 libertatem
956 1877 1006 1904 do-

220 1924 283 1953 ιιςιι,
303 1927 357 1954 qua
373 1920 442 1956 ipse,
456 1926 486 1948 ut
499 1921 570 1948 Deus
585 1925 612 1949 et
627 1921 771 1954 Dominus,
788 1930 842 1950 non
860 1924 967 1957 egebat.

257 1966 379 1999 Quorum
404 1968 490 2001 gratia
512 1967 597 2002 igitur
619 1975 681 1995 vera
705 1969 758 1996 vita
770 1977 817 2003 per
840 1977 933 1997 necem
946 1969 1006 1997 Sal-

220 2013 325 2040 vatoris
341 2012 373 2039 ad
393 2020 444 2040 ttos
464 2013 623 2046 dimanarit,
651 2015 707 2041 haec
725 2020 797 2043 sunt.
828 2015 934 2047 Modus,
950 2025 1005 2051 quo

221 2058 292 2085 hanc
313 2057 396 2085 vitam
424 2059 449 2085 in
469 2058 574 2086 animas
599 2064 707 2087 nostras
722 2060 890 2095 derit-emus,
906 2068 957 2094 est,
976 2068 1006 2089 ut

221 2104 357 2139 mysteriis
373 2104 529 2131 initientur:
548 2112 645 2139 nempe
661 2110 689 2132 ttt
707 2106 860 2138 abluantur,
883 2114 911 2134 ut
928 2109 1006 2135 inun-

221 2157 329 2184 gamur,
361 2154 391 2176 ut
417 2155 593 2177 sacrosancto
617 2151 743 2178 convivio
769 2160 818 2179 nos
835 2153 1003 2185 expleantus.

221 2196 283 2223 Hau:
301 2197 346 2228 qui
375 2195 486 2228 furium,
519 2196 551 2222 ad
579 2204 627 2223 eos
645 2197 772 2224 Christus
795 2199 879 2229 venit,
904 2199 930 2226 in
952 2200 1004 2227 illis

219 2243 337 2272 habitat,
361 2241 416 2268 illis
431 2241 574 2274 copulatur
587 2247 616 2270 et
638 2242 809 2276 adltzcrescit,
824 2250 850 2270 ct
863 2251 1002 2278 peceatum
1021 2257 1041 2284 ο

221 2288 307 2319 elidit,
321 2288 461 2322 vitamque
486 2295 563 2315 suam
579 2293 604 2315 et
623 2290 812 2316 strenuitatem
830 2290 959 2324 impertit,
977 2291 1003 2318 in

219 2341 324 2370 partem
342 2335 463 2361 vict0rim
475 2342 531 2362 sum
547 2335 677 2368 admittit,
693 2336 720 2370 (ο
739 2336 885 2363 bonitatem
899 2337 918 2370 ι)
936 2337 1004 2364 lotos

218 2387 342 2412 coronat,
357 2385 384 2407 et
400 2381 573 2408 cantantibus
589 2382 753 2415 pra'conium
777 2382 883 2409 tribuit.
901 2382 1004 2415 Quam-

219 2429 314 2454 obrem
336 2432 438 2458 autent,
467 2432 493 2453 et
521 2434 639 2461 quanam
659 2428 764 2454 ratione
779 2427 820 2460 tit,
844 2431 904 2455 uta
929 2429 1003 2454 lava-

217 2474 304 2506 tiunc,
322 2477 349 2500 et
372 2473 514 2504 unctione,
532 2478 560 2500 et
588 2481 682 2500 mensa
704 2474 820 2500 victoria
845 2482 1003 2509 coronaque

218 2521 356 2552 obveniat,
375 2527 435 2554 qute
451 2520 587 2550 laborum,
605 2520 747 2552 sudorum,
764 2521 1003 2555 periculorumque

218 2568 329 2601 praamia
347 2565 431 2593 sunt?
446 2566 515 2598 Quia
533 2566 640 2592 tametsi
658 2573 710 2592 ttmt
728 2571 876 2599 certamus,
894 2574 944 2594 nec
965 2567 1003 2594 la-

217 2611 348 2639 boramus
366 2611 417 2638 ista
442 2611 586 2643 obeuntes,
605 2611 786 2638 nihilominus
801 2611 873 2638 illius
886 2619 999 2647 agonem

217 2658 344 2685 laudibus
370 2657 552 2687 celebramus,
570 2657 711 2684 victoriam
743 2657 921 2692 suscipimus.
946 2663 1002 2685 tro-

215 2712 303 2739 pzcnnt
323 2703 489 2736 adoramus,
504 2708 531 2730 et
542 2710 605 2738 erga
623 2703 781 2731 bellatorem
806 2704 999 2737 fortissimum,

214 2750 355 2782 eximium,
389 2748 630 2782 incredibilemque
662 2755 783 2775 antorem
809 2748 999 2781 ostendimus;

214 2794 383 2829 vulneraque
399 2794 456 2826 illa,
475 2799 500 2821 et
525 2794 627 2829 plagas,
642 2798 669 2821 et
687 2800 801 2821 mortem
818 2794 850 2821 ad
879 2803 927 2822 ttos
944 2800 1000 2822 tra-

215 2841 318 2872 himus,
341 2847 368 2868 et
390 2849 450 2876 qua'
470 2841 510 2869 via
530 2849 690 2876 possumus,
713 2841 791 2868 ttobis
815 2841 998 2873 vindicamus,

215 2886 355 2921 ipsamque
382 2894 491 2915 carnem
520 2888 620 2915 nrortui
652 2893 678 2916 et
708 2887 818 2917 rediviri
842 2891 995 2922 gustaturus.

1066 260 1222 296 ἀνθρώποις
1245 259 1406 294 λογίσασθαι
1421 260 1544 292 δυνατὸν,
1568 260 1613 286 καὶ
1632 260 1655 286 εἰ
1674 260 1765 294 ὀλίγου
1779 261 1851 293 τινος

1066 306 1173 341 ἐπράθη
1187 307 1243 336 τοῖς
1259 307 1413 341 φωνευταῖς
1429 306 1637 341 συγχωροῦντος
1647 305 1693 333 τοῦ
1707 306 1833 341 Σωτῆρος
1842 314 1850 322 ν

1066 352 1112 379 ἵνα
1137 351 1185 378 καὶ
1206 351 1285 378 τοῦτο
1306 352 1443 387 πτωχείας
1466 352 1541 387 αὑτῴ
1563 351 1638 389 γέμῃ
1663 352 1708 378 καὶ
1727 352 1851 386 ἀτιμίας,

1065 398 1140 425 ὼσὰν
1155 397 1192 433 τῷ
1213 398 1263 432 μὲν
1287 399 1355 431 ὅλως
1373 398 1510 434 πραθῆναι
1534 398 1568 425 τὰ
1584 399 1687 425 δούλων
1701 398 1851 433 ὑπομείνας

1065 444 1095 470 τὸ
1111 444 1274 479 ὑϐρισθῆναι
1292 445 1421 480 κερδὰνῃ.
1436 445 1537 480 Κέρδος
1550 445 1604 480 γὰρ
1617 445 1709 479 ἠγεῖτο
1722 444 1769 477 τὴν
1783 444 1851 479 ὑπὲρ

1066 490 1145 525 ἡμῶν
1159 491 1272 526 ἀτιμίαν
1285 498 1293 506 ·
1309 491 1346 525 τῷ
1358 491 1386 517 δὲ
1401 491 1492 524 ὀλίγου
1506 491 1580 522 τινὲς
1598 490 1734 525 αίνίξηται
1750 491 1850 523 προῖκα

1065 536 1112 562 καὶ
1126 535 1213 570 δῶρον
1225 538 1263 567 είς
1276 536 1321 562 τὸν
1339 537 1408 572 ὑπὲρ
1426 536 1472 563 τοῦ
1486 537 1590 571 κόσμου
1605 535 1721 563 θάνατον
1734 536 1851 570 ἀφιγμέ-

1064 591 1120 613 νος.
1145 582 1232 609 Ἐκευν
1250 584 1383 617 ἀπέθανε,
1398 583 1499 619 μηδένα
1519 583 1601 618 μηδὲν
1618 583 1763 617 ἀδικήσας,
1788 581 1850 608 οὔτε

1064 628 1111 654 τοῦ
1127 629 1186 664 βίου
1204 629 1287 656 ἕνεκα
1298 629 1359 656 οὔτε
1375 630 1426 664 τῆς
1443 630 1481 660 είς
1497 629 1528 655 τὸ
1541 629 1631 656 κοινὸν
1642 629 1791 659 πολιτείας,
1808 637 1852 663 χα-

1066 677 1148 709 ρίτων
1161 675 1287 711 ὑπάρξας
1304 677 1360 706 τοῖς
1381 676 1522 710 φονευταῖς
1541 674 1596 702 τῶν
1621 674 1776 709 ἐπιθυμιῶν
1804 675 1850 700 καὶ

1063 721 1118 747 τῶν
1133 721 1249 748 ὲλπὶδων
1268 722 1357 756 πολλῷ
1372 721 1514 756 μειζόνων.

1025 897 1046 924 Β
1096 898 1150 926 Καὶ
1159 898 1186 925 τί
1204 898 1235 934 δὴ
1246 898 1330 926 ταῦτα
1342 899 1413 933 λέγω
1427 898 1510 930 ςΘεδς
1525 898 1660 925 ἀπέθανεν
1674 906 1680 912 ·
1698 895 1766 932 αἷμα
1781 895 1848 923 8εηῦ

1064 945 1094 971 τὸ
1110 945 1187 980 χεθὲν
1203 946 1248 972 ἐπὶ
1269 945 1316 972 τοῦ
1330 945 1458 980 σταυροῦ.
1474 944 1506 971 Τί
1520 944 1681 979 τιμιώτερον
1694 944 1788 970 τούτου
1802 943 1848 977 γέ-

1063 990 1129 1017 νοιτ’
1144 991 1176 1017 ἂν
1193 990 1240 1017 τοῦ
1261 990 1396 1023 θανάτους
1415 991 1441 1016 τί
1457 990 1672 1026 φρικωδέστερον
1684 998 1691 1022 ;
1705 988 1738 1015 Τί
1756 987 1850 1015 τοσοῦ-

1063 1044 1109 1061 τον
1134 1036 1259 1071 ἥμαρτεν
1283 1037 1300 1070 ὴ
1323 1036 1376 1062 τῶν
1399 1035 1550 1070 ἀνθρώπων
1574 1035 1667 1069 φύσις,
1693 1035 1755 1061 ὅσον
1775 1033 1849 1061 λύειν

1063 1081 1136 1117 ε’χεν
1153 1084 1170 1118 ἡ
1185 1083 1267 1118 δίκης
1284 1083 1402 1116 Πηλίκον
1425 1082 1458 1109 ἂν
1474 1080 1508 1118 ἦν
1521 1083 1551 1109 τὺ
1574 1081 1696 1118 τραῦμα,
1719 1081 1789 1108 ὥστε
1803 1081 1849 1107 ἀν-

1063 1129 1193 1164 τίρροπον
1206 1129 1333 1163 γενέσθαι
1344 1130 1376 1164 τῇ
1390 1128 1437 1155 τοῦ
1453 1129 1599 1163 φαρμάκου
1614 1128 1709 1154 τοίιτου
1720 1127 1845 1162 δυνάμει;

1065 1174 1137 1201 Ἔδει
1150 1175 1200 1209 μὲν
1216 1175 1269 1210 γὰρ
1282 1176 1401 1212 τιμωρίᾳ
1414 1176 1468 1202 τινὶ
1484 1175 1680 1210 ἠηὰμαρτίαν
1693 1174 1848 1209 καταλυθῆ-

1063 1230 1117 1252 ναι,
1132 1221 1180 1247 καὶ
1195 1218 1232 1247 ὧν
1244 1221 1312 1257 πρὸς
1327 1222 1395 1248 Θεὸν
1409 1221 1613 1257 ὲξημάρτομεν,
1633 1221 1775 1256 τῆν’άξίας
1787 1221 1847 1248 δόνε

1062 1275 1111 1298 τας
1137 1266 1215 1302 δίκην
1239 1267 1413 1304 ἀπηλλάχθαι
1440 1268 1495 1294 τῶν
1523 1268 1716 1302 ἐγκλημάτων.
1735 1267 1764 1294 ’0
1792 1267 1848 1302 γὰρ

1062 1313 1291 1349 τιμωρησάμενος
1314 1312 1353 1346 οἷς
1369 1314 1504 1349 ἐπήνεγκε
1520 1314 1609 1349 δίκην,
1633 1314 1764 1349 ἐγκαλοίη
1782 1313 1847 1349 περὶ

1063 1358 1118 1385 τῶν
1135 1359 1224 1386 αὐτῶν
1245 1360 1296 1386 οὐκ
1312 1360 1344 1386 ἂν
1367 1359 1407 1386 ἔτι
1421 1368 1427 1374 ·
1446 1360 1598 1395 ἀνθρώπων
1610 1360 1638 1386 δὲ
1653 1359 1740 1391 οὐδεὶς
1754 1357 1800 1394 ἦν,
1817 1359 1848 1392 ὃς

1062 1403 1178 1438 εὐθύνης
1193 1404 1312 1440 καθαρὸς
1329 1404 1366 1431 ὢν
1384 1405 1464 1437 αὐτὸς
1477 1405 1547 1441 ὑπὲρ
1561 1405 1614 1432 τῶν
1632 1405 1720 1433 ἄλλων
1744 1404 1847 1432 ἔπαθεν

1062 1449 1105 1481 ἂν,
1128 1450 1194 1476 ὅπου
1211 1458 1243 1484 γε
1258 1451 1318 1477 οὐδὲ
1334 1451 1422 1487 ἑαυτῷ
1446 1460 1487 1483 τις
1500 1452 1626 1487 ἤρκεσεν,
1648 1452 1750 1478 οὐδὲτὸ
1767 1451 1847 1486 γένος

1062 1497 1145 1528 ἅπαν,
1163 1497 1187 1522 εί
1209 1497 1340 1532 μυριάκις
1357 1498 1422 1532 ἐξῆν
1444 1498 1600 1530 ἀποθανεῖν,
1623 1499 1672 1534 τὴν
1695 1498 1849 1534 γενομένην

1061 1541 1174 1569 ἀπέτισε
1195 1543 1284 1577 δίκην.
1301 1544 1333 1570 Τί
1349 1545 1401 1580 γὰρ
1423 1543 1455 1571 ἂν
1480 1544 1554 1577 ἄξιον
1571 1545 1618 1571 καὶ
1645 1544 1726 1571 πάθοι
1753 1545 1848 1577 δοῦλος

1020 1579 1043 1611 C
1060 1589 1211 1622 αἴσχιστος,
1235 1590 1284 1624 τὴν
1298 1591 1391 1618 εἰκόνα
1417 1591 1565 1626 συντρίψας
1581 1591 1629 1627 τὴν
1644 1591 1786 1628 βασιλικὴν
1798 1593 1847 1618 καὶ

1058 1634 1127 1668 πρός
1140 1634 1267 1662 τοσοῦτον
1282 1635 1348 1670 ὕψος
1361 1636 1475 1672 ὑϐρίσας
1486 1646 1494 1671 ;
1507 1637 1555 1664 Διὰ
1575 1637 1662 1665 ταῦτα
1672 1638 1686 1664 ό
1704 1637 1845 1672 Δεσπότης

1056 1682 1071 1709 ό
1078 1682 1282 1717 ἀναμάρτητος,
1292 1683 1398 1712 πολλῶν
1409 1685 1502 1712 δεινῶν
1512 1686 1708 1722 ἀνασχόμενος,
1723 1686 1846 1722 ἀποθνή-

1059 1735 1118 1753 σκει
1134 1728 1181 1754 καὶ
1194 1728 1275 1763 φέρει
1289 1729 1337 1764 μὲν
1349 1729 1399 1765 τὴν
1413 1730 1532 1766 πληγὴν,
1543 1731 1611 1767 ὑπὲρ
1621 1731 1845 1768 τῶνάνθρώπων

1059 1772 1280 1809 ἀπολογούμενος
1301 1775 1446 1812 ἄνθρωπος
1466 1776 1515 1808 ὣν,
1531 1777 1589 1804 λύει
1603 1777 1631 1803 δὲ
1647 1778 1676 1804 τὸ
1694 1777 1771 1811 γένος
1786 1778 1843 1804 τῶν

1058 1819 1244 1855 ἐγκλημάτων
1265 1822 1312 1848 καὶ
1325 1822 1417 1849 δίδωσι
1433 1824 1489 1855 τοῖς
1502 1823 1656 1858 δεδεμένοις
1673 1824 1842 1859 ἐλευθερίαν,

1056 1866 1096 1893 ὅτι
1109 1867 1190 1898 αὐτὸς
1204 1867 1254 1894 οὐκ
1266 1868 1351 1896 ἐδεῖτο
1367 1869 1478 1906 ταύτης,
1494 1870 1559 1902 θεὸς
1575 1870 1613 1897 ὢν
1630 1871 1677 1896 καὶ
1691 1871 1844 1906 Δεσπότης.

1098 1961 1169 1988 ’Λνθ’
1185 1958 1223 1989 ὧν
1247 1962 1296 1996 μὲν
1316 1962 1361 1989 οὖν
1380 1963 1395 1998 ἠ
1412 1964 1526 2000 ἀληθινὴ
1536 1964 1591 2000 ζωὴ
1604 1964 1651 1992 διὰ
1665 1965 1712 1992 τοῦ
1725 1965 1844 1993 θανάτου

1056 2007 1103 2035 τοῦ
1118 2009 1244 2044 Σωτῆρος
1259 2010 1299 2040 είς
1319 2010 1391 2044 ἡμᾶς
1406 2011 1550 2044 διαὸαίνει,
1567 2012 1653 2038 ταῦτά
1670 2012 1753 2039 ἐστιν.
1774 2013 1803 2039 ’0
1814 2013 1844 2040 δὲ

1055 2055 1166 2089 τρόπος.
1183 2056 1258 2086 ὅπως
1271 2057 1373 2091 ταύτην
1389 2057 1506 2090 ἕλκομεν
1523 2059 1560 2089 είς
1577 2058 1625 2090 τὰς
1640 2058 1778 2094 ἡμετέρας
1792 2059 1846 2094 ψυ-

1055 2102 1116 2136 χὰς,
1131 2101 1211 2128 τοῦτό
1227 2103 1287 2128 ἐστι
1301 2102 1331 2128 τὸ
1349 2102 1511 2137 τελεσθῆναι
1522 2103 1556 2129 τὰ
1573 2102 1722 2138 μυστήρια,
1737 2105 1766 2130 τὺ
1781 2105 1846 2131 λού-

1056 2148 1165 2178 σασθαι,
1179 2150 1209 2174 τὸ
1233 2150 1390 2184 χρισθῆναι,
1407 2150 1435 2176 τὸ
1458 2151 1602 2185 τραπέζης
1622 2150 1775 2178 ἀπολαῦσαι
1791 2151 1845 2186 τῆς

1056 2194 1143 2228 ίερᾶς.
1159 2195 1252 2222 Ταῦτα
1271 2196 1325 2230 γὰρ
1341 2196 1464 2222 ποιοῦσιν
1479 2197 1493 2222 ό
1507 2197 1626 2231 Χριστὸς
1641 2198 1770 2233 ἐπιδημεῖ
1794 2199 1845 2226 καὶ

1057 2241 1154 2267 ἐνοικεῖ
1182 2243 1228 2268 tul.
1254 2242 1420 2268 συνάπτεται
1440 2243 1486 2270 καὶ
1517 2243 1701 2278 προσφύεται,
1718 2246 1765 2270 καὶ
1790 2245 1845 2279 τὴν

1056 2287 1194 2321 ἁμαρτίαν
1219 2288 1249 2313 ἐν
1267 2289 1331 2322 ἡμῖν
1358 2288 1505 2323 ἀποπνίγει
1521 2289 1567 2315 καὶ
1594 2289 1643 2324 τὴν
1660 2289 1732 2324 ζωὴν
1752 2290 1844 2324 ἐνίησι

1054 2334 1103 2366 τὴν
1121 2333 1219 2359 ἑαυτοῦ
1234 2334 1281 2360 καὶ
1297 2334 1346 2364 τὴν
1361 2334 1513 2368 ἀριστείαν,
1531 2335 1577 2361 καὶ
1591 2335 1736 2366 κοινωνοὺς
1753 2337 1844 2362 ποιεῖο

1054 2387 1099 2405 ται
1127 2379 1175 2413 τῆς
1202 2380 1290 2414 νίκης,
1316 2379 1357 2413 (ὣ
1382 2381 1430 2415 τῆς
1443 2381 1608 2415 ἁγαθὸτητος
1624 2381 1651 2415 ί)
1676 2381 1842 2415 λουομένους

1053 2424 1144 2451 ἀναδεῖ
1156 2425 1202 2450 καὶ
1216 2424 1391 2456 δειπνοῦντας
1404 2425 1597 2460 ἀνακηρύττει,
1611 2425 1659 2452 Διὰ
1671 2425 1697 2451 τί
1708 2425 1756 2452 καὶ
1769 2425 1842 2451 κατὰ

1053 2470 1113 2497 τινι
1131 2471 1178 2496 τοῦ
1205 2472 1346 2506 γινομένου
1372 2471 1453 2504 λόγου
1470 2471 1524 2497 ἀπὸ
1543 2471 1655 2506 λουτροῦ
1679 2472 1726 2497 καὶ
1744 2473 1842 2506 μύρων

1052 2518 1100 2544 καὶ
1114 2517 1253 2551 τραπέζης
1269 2517 1330 2551 νίκη
1344 2517 1391 2544 καὶ
1406 2518 1548 2552 στέφανος,
1565 2517 1583 2544 ἃ.
1595 2518 1684 2544 πόνων
1700 2517 1746 2544 καὶ
1759 2518 1841 2552 ἱδρώ-

1052 2571 1106 2589 των
1118 2563 1177 2589 ἐστὶ
1194 2563 1299 2597 καρπός
1313 2572 1320 2595 ;
1335 2562 1396 2589 Ὅτι
1412 2564 1436 2589 εἰ
1448 2564 1495 2590 καὶ
1509 2563 1546 2598 μὴ
1562 2563 1753 2598 ἀγωνιζόμεθα
1769 2564 1840 2599 μηίὲ

1051 2608 1187 2642 πονοῦμεν
1215 2609 1301 2634 ταῦτα
1334 2608 1483 2641 ποιοῦντες,
1512 2609 1581 2635 ἀλλὰ
1609 2610 1654 2635 τόν
1681 2618 1712 2643 γε
1743 2611 1838 2644 ἀγῶνα

1053 2653 1195 2689 ὑμνοῦμεν
1223 2655 1325 2680 ἐκεῖνον
1353 2655 1400 2680 καὶ
1417 2655 1594 2689 θαυμάζομεν
1617 2655 1666 2690 τὴν
1692 2655 1771 2690 νίκην
1789 2657 1839 2682 καὶ

1052 2700 1259 2736 προσκυνοῦμεν
1286 2701 1316 2726 τὸ
1342 2701 1473 2735 τρόπαιον
1490 2702 1537 2728 καὶ
1565 2703 1628 2737 περὶ
1652 2702 1698 2728 τὸν
1722 2703 1839 2737 ἀριστέα

1052 2746 1166 2781 σφοδρόν
1184 2755 1211 2772 τι
1227 2747 1274 2772 καὶ
1288 2747 1408 2782 ἄρρητον
1423 2747 1635 2782 ἐπιδεικνύμεθα
1647 2748 1767 2783 φίλτρον.
1783 2749 1838 2775 Καὶ

1050 2793 1084 2820 τὰ
1113 2792 1258 2828 τραύματα
1294 2793 1386 2820 ἐκεῖνα
1420 2795 1466 2820 καὶ
1490 2794 1539 2829 τὴν
1573 2795 1681 2831 πληγὴν
1709 2797 1756 2822 καὶ
1790 2796 1839 2822 τὸν

1050 2840 1163 2866 θάνατον
1180 2839 1363 2875 οἰκειούμεθα,
1393 2842 1438 2866 καὶ
1464 2840 1499 2867 δι’
1514 2838 1550 2867 ὧν
1569 2842 1671 2873 ἔξεστιν
1695 2843 1735 2874 εἰς
1761 2843 1838 2877 ἡμᾶς

1050 2887 1147 2918 αὐτοὺς
1168 2886 1296 2921 ἕλκομεν,
1317 2887 1363 2913 καὶ
1381 2887 1471 2915 αὐτῶν
1493 2888 1628 2925 γενόμεθα
1646 2889 1700 2917 τῶν
1724 2889 1838 2924 σαρκῶν
