1976 3074
149 181 198 208 τοῦ
214 181 399 217 νεκρωθέντος
415 181 462 208 καὶ
473 181 637 213 ἀναστάντος
652 189 658 196 ·

149 228 204 254 ἀπὸ
219 227 265 253 τοῦ
282 227 398 254 θανάτου
414 228 462 254 καὶ
477 228 530 254 τῶν
545 227 658 261 ἀγώνων
673 227 784 253 ἐκείνων
803 225 938 252 ἀπολαύο-

150 282 202 313 μεν
217 273 339 307 ἀγαθῶν.
354 273 384 299 Εί
395 274 449 308 γὰρ
464 282 506 305 τις
519 273 647 307 τύραννον
663 273 762 299 ἁλόντα
777 273 824 298 καὶ
835 271 934 306 (δίκην)

149 319 354 354 ἀπαιτούμενον
376 319 521 354 παρελθὼν
549 318 698 354 ἐξαιρεῖται
726 318 773 345 καὶ
797 319 937 352 στεφάνων

148 364 221 397 ἀξιοῖ
237 364 283 391 καὶ
310 365 439 400 σεμνύνει
457 365 505 398 τὴν
519 365 676 400 τυραννίδα,
691 365 738 391 καὶ
762 364 843 394 αὺτξς
860 364 936 397 ἡγεῖ-

150 419 197 437 ται
212 410 398 445 ἀποθνήσκειν
411 411 516 438 ἐκείνου
533 411 678 441 πίπτοντος
693 410 739 437 καὶ
752 408 874 445 καταὸοᾷ
883 409 937 436 τῶν

151 457 243 492 νόμιον
263 457 311 483 καὶ
329 457 397 492 πρὸς
421 457 456 483 τὰ
476 457 567 484 δίκαια
587 456 768 491 δυσχεραίνει,
785 456 832 482 καὶ
849 455 937 482 ταῦτα

150 503 181 529 οὐ
203 503 251 529 σὺν
269 503 386 538 αίσχύνῃ
411 503 471 530 οὐδὲ
488 502 688 536 συγκαλύπτων
715 502 765 538 τὴν
790 501 935 536 πονηρίαν,

149 549 218 575 ἀλλὰ
236 549 493 585 παρρησιαζόμενος
510 550 556 575 καὶ
574 551 782 584 μαρτυρόμενος
802 549 850 575 καὶ
873 549 936 574 ἑπι-

149 595 325 631 δεικνύμενος
347 596 460 621 τοῦτον·
489 595 569 622 τίνων
593 595 747 630 ἀξιώσομεν
770 595 889 630 ψήφων;
905 595 935 621 οὐ

149 642 207 668 τῶν
218 642 309 668 αὐτῶν
323 641 498 676 τιμησὸμεθα
512 642 551 676 τῷ
565 641 705 676 τυράννῳ;
722 641 807 668 Παντί
826 649 877 667 που
891 641 937 675 δῆ-

150 687 208 714 λον.
225 687 330 714 Οὐκοῦν
349 688 504 714 τούναντίον
529 687 613 719 ἁπαν,
632 687 658 714 εί
681 695 722 718 τις
738 687 854 724 ἀριστέα
870 686 936 713 θαυ-

153 732 235 768 μάζει
259 734 306 759 καὶ
333 734 423 767 χαίρει
440 735 593 769 νενικηκότι
616 735 663 760 καὶ
687 733 834 768 στεφάνους
862 733 936 768 αὑτῷ

151 780 248 806 πλέκει
264 779 313 806 καὶ
344 779 476 814 θορύϐους
502 781 605 815 ὲγείρει
629 780 676 807 καὶ
692 781 758 807 σείει
775 780 805 806 τὺ
824 781 936 814 θέατρον

151 825 200 851 καὶ
212 823 407 859 θριαμϐεύοντι
423 824 590 859 προσπίπτει
602 824 650 850 σὺν
664 824 749 860 ἡδονῇ.
758 824 803 850 καὶ
815 823 937 858 κεφαλὴν

153 869 299 904 καταφιλεῖ
313 870 360 896 καὶ
373 869 590 905 περιπτύσσεται
607 869 707 901 δεξιὰν,
722 869 768 896 καὶ
784 869 855 896 οὕτω
870 869 936 902 σφό-

150 916 203 951 δρα
222 914 348 950 μαίνεται
361 915 425 950 περὶ
442 915 487 941 τὸν
504 915 675 951 στρατιώτην
696 915 743 941 καὶ
758 915 790 949 ἣν
805 913 937 949 ἀνῄρηται

150 961 240 994 νίκην,
253 961 348 996 ὥσπερ
372 960 453 992 αὐτὸς
467 960 505 988 ὢν
521 961 535 987 ὁ
549 960 597 995 τὴν
615 959 735 995 κεφαλὴν
749 959 787 994 τῷ
812 958 938 994 στεφάνῳ

150 1007 301 1042 κοσμήσων
324 1007 374 1042 τὴν
396 1005 506 1034 ἑαυτοῦ.
524 1003 609 1038 Οὗτος
628 1007 682 1042 γὰρ
705 1006 819 1041 μερίτης
838 1005 869 1032 ἂν
894 1005 937 1040 εῐη

150 1054 206 1080 τῶν
221 1053 349 1080 ἐπάθλων
372 1053 411 1088 τῷ
426 1053 523 1088 νικητῇ
541 1053 616 1088 παρά
632 1060 665 1086 γε
687 1052 840 1086 εὐγνώμοσι
858 1052 936 1078 δικα-

153 1099 243 1130 σταῖς,
264 1098 391 1133 καθάπερ
420 1099 533 1130 ἐκεῖνος,
551 1094 641 1132 οἶμαι,
667 1098 828 1132 κοινωνήσει
839 1096 878 1132 τῷ
891 1105 938 1123 τυ-

154 1145 243 1179 ράννῳ
251 1144 300 1178 τῆς
314 1143 401 1179 δίκης.
416 1144 447 1170 El
465 1144 517 1179 γὰρ
528 1146 591 1179 περὶ
603 1145 666 1176 τοὺς
680 1143 815 1179 πονηροὺς
826 1143 843 1170 ἀ
855 1150 939 1178 προσ-

150 1190 214 1226 ῆκε,
230 1190 277 1216 καὶ
290 1189 337 1224 τῆς
355 1191 539 1226 προαιρέσεως
564 1192 611 1218 καὶ
625 1190 674 1226 τῆς
696 1189 811 1225 γνώμης
823 1190 939 1225 ἀπαιτη-

150 1237 214 1263 τέον
232 1235 360 1270 εὐθύνας,
375 1236 456 1272 σχολῇ
470 1244 502 1271 γε
515 1236 588 1268 εἰκός
602 1237 660 1262 ὲστι
674 1235 737 1267 τοὺς
752 1235 872 1270 ἀγαθοὺς
883 1235 939 1262 τῶν

152 1282 325 1317 γιγνομένων
337 1283 510 1318 ἀποστερεῖν.
522 1283 554 1309 Ei
568 1282 595 1308 δὲ
609 1283 658 1309 καὶ
671 1281 750 1308 τοῦτο
761 1282 938 1317 προστεθείη,

153 1329 202 1356 καὶ
215 1329 229 1354 ὁ
243 1327 293 1362 τὴν
313 1328 392 1363 νίκην
408 1328 590 1363 εἰργασμένος
612 1327 722 1362 ἐκείνην
735 1327 814 1359 αὐτὸς
834 1328 883 1363 μὲν
907 1328 938 1355 οὐ

152 1375 240 1400 δεῖται
262 1373 318 1400 τῶν
344 1373 398 1400 ἀπὸ
422 1374 471 1408 τῆς
496 1373 575 1408 νίκης
593 1374 692 1409 γερῶν,
721 1374 809 1400 έκεῖνο
835 1373 864 1400 δὲ
878 1373 939 1399 ἀντὶ

153 1419 264 1446 πάντων
278 1419 398 1455 ἡγεῖται,
409 1419 538 1454 λαμπρὸν
556 1419 620 1446 ἰδεῖν
637 1419 684 1446 επὶ
698 1419 745 1446 τοῦ
763 1419 878 1455 θεάτρου
894 1419 940 1446 τὸν

154 1466 337 1502 σπουδαστὴν,
366 1465 415 1492 καὶ
437 1465 516 1493 τοῦτο
533 1465 582 1500 τῆς
604 1465 725 1500 ἀγωνίας
745 1464 827 1493 ἆθλον
849 1466 939 1502 ἑαυτῷ

700 123 750 154 DE
771 122 860 154 VITA
880 121 922 152 IN
943 120 1113 151 CHRISTO
1134 120 1207 151 LIB.
1231 120 1257 150 Ι.

679 181 740 208 ὅθεν
757 181 869 212 εἰκότως
883 179 937 206 τῶν

991 177 1066 204 Unde
1082 185 1134 204 non
1166 176 1265 211 injuria
1293 175 1372 203 benis
1388 183 1401 202 e
1418 179 1505 202 morte
1522 178 1546 202 et
1569 174 1702 209 agonibus
1718 174 1773 202 illis

1720 115 1772 148 518

988 223 1186 258 prolinentibns
1203 222 1381 258 perfruimu".
1400 221 1428 248 Si
1446 222 1507 256 quis
1532 221 1603 248 enim
1625 226 1772 256 tyrannum

989 274 1096 302 captum
1126 274 1152 295 et
1181 269 1269 302 poenis
1298 268 1434 294 addictum
1469 266 1632 294 conveniens
1659 267 1773 299 eximat,

989 323 1088 342 corona
1114 315 1287 346 condecoret,
1316 314 1349 340 ob
1375 314 1546 349 tyramiidein
1579 319 1732 345 veneretur,
1747 318 1775 340 et

989 368 1021 388 eo
1047 366 1176 395 pereunte
1204 361 1375 388 moriendum
1403 360 1452 386 sibi
1479 361 1624 391 existimet,
1641 360 1774 387 adversus

989 408 1061 442 leges
1079 409 1222 438 exclamet.
1239 414 1265 435 ct
1285 414 1381 435 contra
1405 409 1469 442 jura
1498 409 1664 443 indignetur.
1686 416 1774 442 neque

989 452 1016 479 id
1037 460 1097 479 cum
1130 453 1243 487 pudore.
1270 461 1302 480 ac
1328 454 1500 488 improbitate
1517 454 1688 480 dissimulata
1702 473 1709 484 ,
1727 453 1774 479 scd

989 503 1124 534 proterve,
1139 507 1171 526 ac
1198 499 1263 526 deos
1276 504 1388 530 testans,
1403 504 1428 526 et
1454 507 1482 526 se
1510 500 1536 526 in
1564 507 1595 526 eo
1621 504 1772 530 ostentans.

989 553 1071 579 quam
1086 545 1247 572 sententiam
1273 545 1298 572 in
1317 546 1389 572 hunc
1406 545 1547 572 feremus?
1562 545 1656 572 Nonne
1675 546 1772 572 iisdem

989 599 1052 618 cum
1077 597 1192 627 wranno
1217 592 1357 630 suppliciis
1382 593 1551 619 multandum
1581 593 1776 619 censebimus?

991 636 1102 664 Planum
1120 637 1171 664 hoc
1195 639 1304 671 quidem
1322 638 1417 665 cuivis.
1445 637 1541 665 Nerine
1562 639 1642 673 igitur
1658 647 1771 672 prorsus

989 683 1157 710 contrarium
1174 683 1250 716 facit,
1264 685 1310 718 qui
1329 693 1419 719 regem
1434 684 1667 712 bellicosissimam
1685 685 1774 711 admi—

991 733 1083 761 ratur;
1106 729 1163 764 ejus
1182 729 1295 756 \irtoria
1315 730 1430 757 emnltat
1445 738 1452 762 ;
1469 737 1598 757 coronam
1618 730 1642 757 ei
1660 730 1772 765 plectit;

990 775 1116 810 plausum
1135 776 1254 807 excitat;
1273 781 1300 803 et
1329 767 1467 803 theatrum
1496 782 1582 804 totum
1600 782 1773 809 commovet;

990 826 1052 848 ante
1070 822 1280 854 triumphantem
1307 831 1367 849 eum
1395 823 1532 856 voluptate
1551 824 1577 849 in
1602 831 1688 858 genua
1713 831 1775 858 pro-

989 867 1112 900 cumbit;
1131 873 1212 903 caput
1226 868 1286 903 ejus
1301 869 1491 902 deosculatur;
1513 870 1634 896 dextram
1653 869 1774 904 comple-

989 912 1083 944 ctitur,
1102 917 1184 948 atque
1211 913 1279 941 adeo
1308 915 1491 946 vehementer,
1508 919 1535 941 et
1551 922 1633 948 prope
1649 915 1681 941 ad
1699 914 1774 941 insa-

990 958 1062 985 niam
1080 959 1283 993 imperatorem,
1298 964 1518 994 reportatamque
1535 960 1568 987 ab
1584 967 1616 987 eo
1630 960 1774 987 victoriam

989 1004 1087 1037 diligit,
1105 1005 1183 1039 quasi
1202 1005 1237 1032 ab
1251 1006 1346 1032 eodem
1364 1010 1446 1040 caput
1462 1013 1541 1032 suum
1558 1013 1658 1033 corona
1675 1013 1776 1033 ornan-

989 1048 1053 1076 dum
1072 1049 1129 1076 sit?
1145 1048 1211 1076 Nam
1227 1050 1270 1077 hic
1283 1055 1386 1084 partem
1404 1051 1548 1085 quamdam
1566 1052 1742 1086 praemiorum
1759 1060 1774 1079 a

988 1094 1093 1122 victore
1111 1096 1209 1130 capiet,
1241 1096 1312 1130 apud
1337 1096 1411 1130 juste
1427 1104 1484 1123 rem
1512 1097 1688 1128 aestimantes,
1705 1097 1777 1123 sicut

989 1141 1036 1168 ille
1052 1142 1132 1173 alitis,
1157 1142 1265 1176 opinor,
1283 1147 1398 1178 tyranno
1415 1142 1535 1170 victoria:
1559 1144 1651 1170 socius
1667 1143 1728 1170 erit.
1746 1144 1775 1170 Si

990 1187 1063 1214 enim
1090 1188 1224 1223 improbis
1241 1196 1299 1223 quae
1324 1196 1371 1216 eos
1387 1189 1510 1223 accipere
1525 1189 1621 1217 decent
1645 1189 1777 1216 concede-

990 1241 1064 1266 mus,
1088 1233 1298 1272 voluntatisque
1325 1239 1352 1262 et
1379 1234 1463 1262 animi
1483 1234 1609 1261 habenda
1637 1238 1677 1261 est
1694 1235 1775 1267 ratio,

989 1280 1149 1314 neutiquam
1175 1280 1215 1307 fas
1230 1285 1273 1307 est
1290 1280 1376 1308 bonos
1402 1281 1460 1308 suis
1474 1282 1666 1309 emolumentis
1684 1282 1775 1316 priva-

991 1328 1047 1351 tum
1072 1325 1115 1352 iri.
1136 1325 1212 1358 Quod
1229 1326 1251 1352 si
1279 1326 1330 1354 hoc
1346 1327 1429 1354 etiam
1449 1328 1606 1361 accesserit,
1626 1332 1655 1354 ut
1670 1335 1716 1363 qm
1734 1328 1776 1354 vi-

990 1371 1106 1398 ctoriam
1126 1372 1199 1399 illam
1218 1373 1332 1406 peperit,
1354 1373 1412 1408 ipse
1436 1374 1557 1401 victoriae
1584 1374 1703 1408 praemiis
1721 1382 1776 1401 non

991 1418 1122 1453 indigeat,
1139 1423 1166 1444 et
1184 1418 1252 1444 illud
1269 1419 1354 1446 instar
1371 1420 1494 1446 omnium
1511 1420 1602 1451 ducat,
1615 1421 1657 1447 sui
1676 1427 1777 1447 aman—

991 1470 1045 1492 tem
1066 1472 1098 1492 ac
1114 1464 1266 1491 studiosum
1291 1465 1316 1491 in
1340 1465 1464 1492 theatrali
1480 1466 1657 1493 multitudine
1670 1466 1777 1500 conspi-

155 1512 262 1547 νομίζει
281 1511 487 1547 στεφανωθῆναι
502 1511 548 1538 τὸν
565 1511 671 1547 ἑταῖρον
683 1519 690 1527 °
706 1512 764 1543 πῶς
781 1513 811 1539 οὺ
826 1512 938 1544 δικαίως

992 1518 1073 1538 cuum
1090 1517 1213 1542 cernere,
1243 1511 1335 1538 ethoc
1358 1511 1518 1538 certaminis
1541 1513 1583 1539 sui
1599 1511 1776 1538 honorarium

153 1559 257 1590 ἐκεῖνος
274 1557 321 1584 καὶ
340 1557 412 1592 μάλα
431 1557 587 1590 ἀκολούθως
599 1558 664 1585 ἀνευ
682 1558 801 1594 ἱδρώτων
818 1559 866 1585 καὶ
882 1567 939 1584 κιν-

152 1604 239 1630 δύνων
254 1603 301 1630 τὸν
327 1603 381 1630 ἀπὸ
404 1603 452 1630 τοῦ
481 1603 601 1639 πολέμου
617 1605 751 1639 κομιεῖται
779 1604 937 1638 στέφανονς

154 1649 250 1676 Ταῦτα
262 1649 296 1684 δὴ
309 1648 356 1675 καὶ
369 1649 438 1684 ἡμῖν
451 1649 482 1675 τὸ
496 1649 607 1684 λουτρδν
623 1648 702 1676 τοῦτο
713 1649 826 1676 δύναται
846 1648 894 1675 καὶ
907 1648 938 1674 τδ

153 1697 262 1724 δεῖπνον
279 1695 326 1723 καὶ
341 1697 358 1730 η
375 1695 493 1731 σώφρων
509 1694 557 1722 τοῦ
575 1695 662 1731 μύρου
686 1695 789 1730 τρυφή.
807 1695 938 1729 Μυούμε-

155 1752 196 1769 νοι
212 1743 267 1777 γὰρ
286 1741 331 1768 τὸν
348 1741 397 1776 μὲν
410 1734 541 1776 τύραννον
557 1741 708 1777 κακίζομεν
722 1742 769 1768 καὶ
784 1741 939 1768 καταπτύο-

157 1796 209 1822 μεν
227 1789 272 1814 καὶ
284 1787 522 1822 ἀποστρεφόμεθα,
537 1787 584 1814 τὸν
601 1787 714 1823 ἀριστέα
727 1788 755 1814 δὲ
773 1787 939 1822 ἐπαινοῦμεν

156 1836 205 1860 καὶ
228 1833 407 1868 θαυμάζομεν
435 1834 482 1860 καὶ
508 1832 714 1868 προσκυνοῦμεν
737 1833 784 1860 καὶ
809 1834 939 1869 φιλοῦμεν

153 1880 204 1916 ὅλῃ
219 1879 303 1914 ψυχῇ,
319 1879 389 1906 ὥστε
414 1879 453 1914 τῷ
468 1879 590 1914 περιόντι
604 1878 651 1906 τοῦ
672 1878 785 1914 φίλτρου
801 1878 837 1910 ὡς
857 1879 939 1914 ἄρτον

155 1925 303 1959 σιτούμεθα
328 1925 375 1952 καὶ
385 1925 423 1956 ὡς
442 1924 527 1960 μύρον
546 1925 679 1960 χριόμεθα
693 1925 741 1952 καὶ
754 1925 790 1957 ὠς
806 1925 877 1960 ὕδωρ
893 1934 940 1952 πε-

155 1971 350 2006 ριϐαλλόμεθα.
366 1970 485 2006 Φανερδν
498 1971 526 1997 δὲ
534 1971 574 1997 ὅτι
584 1971 629 1998 τὸν
640 1971 757 2006 πόλεμον
771 1972 840 2006 ὑπὲρ
860 1970 939 2006 ἡμῶν

154 2016 242 2044 είλετο
258 2017 362 2049 τοῦτον,
380 2017 427 2044 καὶ
441 2017 484 2043 ἵνα
499 2017 657 2052 νικήσωμεν
674 2018 766 2051 ἡμεῖς,
780 2017 861 2048 αὐτὸς
877 2017 939 2043 ἀνέ-

154 2072 234 2098 σχετο
249 2063 440 2099 ἀποθνήσκων,
471 2062 541 2089 ὥστε
572 2062 647 2089 οὐδὲν
674 2062 854 2089 ἀνακόλουθον
876 2063 938 2089 οὐδὲ

153 2110 268 2144 ἀπᾷδον,
282 2109 335 2135 ἀπὸ
348 2108 402 2135 τῶν
416 2109 575 2143 μυστηρίων
586 2108 687 2135 τούτων
703 2108 748 2136 ἐπὶ
763 2109 826 2139 τοὺς
839 2108 938 2142 στεφά-

153 2164 218 2186 νους
231 2154 370 2189 ἔρχεσθαι.
391 2154 486 2189 Ἡμεῖς
510 2154 559 2189 μὲν
573 2153 623 2189 τὴν
645 2153 762 2188 δυνατὴν
783 2154 937 2181 ἐπιδεικνύ-

153 2200 226 2236 μεθα
241 2199 395 2235 προθυμίαν
420 2200 468 2225 καὶ
490 2200 520 2225 τὸ
543 2199 617 2234 ὓδωρ
637 2197 783 2229 ἀκούοντες
807 2199 886 2226 τοῦτο
902 2200 937 2226 τὰ

151 2246 202 2273 τοῦ
223 2245 339 2272 θανάτου
355 2244 403 2271 τοῦ
419 2244 539 2278 Χριστοῦ
553 2245 600 2270 καὶ
617 2245 705 2278 τάφου
727 2243 868 2277 δύνασθαι,
890 2246 939 2272 καὶ

154 2292 321 2326 πιστεύομεν
336 2289 366 2316 εὖ
385 2289 457 2325 μάλα
473 2290 520 2316 καὶ
536 2289 671 2324 πρόσιμεν
689 2289 774 2323 ἡδέως
788 2289 835 2316 καὶ
852 2298 939 2316 κατα-

152 2337 289 2372 δυόμεθα·
306 2338 320 2363 ὁ
337 2337 365 2364 δὲ
382 2337 421 2371 (οὐ
439 2335 493 2370 γὰρ
510 2335 598 2370 μικρά
615 2335 733 2367 δίδωσιν,
749 2335 809 2362 οὐδὲ
830 2336 937 2371 μικρῶν

152 2384 235 2418 ἀξιοῖ)
256 2383 319 2414 τοὺς
344 2381 576 2418 προστιθεμένους
594 2382 651 2412 τοῖς
669 2381 737 2415 μετά
752 2381 797 2407 τὸν
821 2382 938 2409 θάνατον

153 2431 201 2456 καὶ
217 2429 267 2465 τὴν
289 2428 379 2464 ταφὴν
394 2427 540 2460 δεξιοῦται,
562 2427 592 2454 οὐ
619 2427 750 2461 στέφανόν
775 2436 836 2454 τινα
854 2429 940 2463 παρέ-

155 2485 222 2511 χων,
239 2475 270 2501 οὑ
283 2475 364 2509 δόξης
389 2473 558 2509 μεταδιδοὺς,
575 2473 633 2499 ἀλλ’
656 2473 738 2499 αὐτὸν
759 2473 804 2500 τὸν
827 2474 956 2509 νικητὴν-

155 2523 237 2553 αὐτὸς
252 2521 349 2548 ἑαυτὸν
364 2519 599 2556 ἐστεφανωμένον.
621 2519 677 2546 Καὶ
690 2519 721 2545 τὸ
738 2518 809 2555 ὕδωρ
825 2520 939 2546 ἀναδῦν-

154 2577 200 2600 τες
216 2567 298 2594 αὑτὸν
314 2567 360 2594 τὸν
379 2567 492 2601 Σωτῆρα
516 2565 636 2601 φέρομεν
652 2565 698 2591 ὲπὶ
721 2565 775 2592 τῶν
797 2566 940 2601 ἡμετέρων

154 2613 259 2648 ψυχῶν,
273 2613 319 2639 ἐπὶ
334 2612 382 2647 τῆς
399 2611 531 2646 κεφαλῆς,
543 2610 654 2637 ἐπὶτῶν
669 2611 827 2645 ὀφθαλμῶν,
843 2613 872 2638 ὲν
889 2613 939 2638 αύ-

153 2660 211 2689 τοίς
239 2659 294 2689 τοῖς
313 2658 490 2692 σπλάγχνοις,
521 2657 568 2682 ἐπὶ
599 2655 655 2682 τῶν
683 2656 772 2691 μελῶν
801 2658 942 2689 ἁπάντων,

155 2703 293 2739 ἁμαρτίας
307 2703 438 2738 καθαρὸν,
455 2702 558 2736 φθορᾶς
577 2702 687 2735 ἀπάσης
713 2702 937 2737 ἀπηλλαγμένον,

154 2749 210 2782 οἷος
224 2750 323 2785 ἀνέστη
339 2750 385 2776 καὶ
400 2750 454 2781 τοῖς
472 2749 608 2784 μαθηταῖς
626 2747 704 2782 ὤφθη
723 2750 771 2774 καὶ
787 2749 937 2784 ἀνελήφθη,

153 2795 208 2829 οἷος
223 2797 350 2831 ἀφίξεται
364 2797 443 2822 πάλιν
453 2795 548 2822 τοῦτον
557 2795 718 2829 ἀπαιτήσων
734 2795 779 2821 τὸν
790 2795 937 2830 θησαυρόν.

991 1561 1110 1591 reputet,
1128 1557 1254 1583 coronari
1279 1556 1408 1584 videlicet
1421 1557 1561 1590 amicum,
1582 1558 1717 1590 quomodo
1733 1557 1777 1584 ille

992 1611 1045 1630 nou
1065 1603 1136 1638 jure,
1156 1608 1183 1630 et.
1207 1603 1403 1630 convenienter
1418 1603 1576 1635 admodum,
1591 1604 1649 1631 sine
1664 1603 1775 1630 sudori-

991 1649 1043 1677 bus
1063 1649 1244 1684 periculisque
1269 1657 1284 1676 e
1309 1649 1379 1676 bello
1404 1657 1532 1677 coronam
1560 1650 1684 1677 auferet?
1714 1650 1776 1678 Hac

992 1703 1058 1723 sane
1077 1695 1156 1722 nobis
1179 1695 1327 1722 conciliare
1350 1700 1466 1729 possunt
1491 1696 1628 1723 lavacrum
1653 1697 1723 1724 istuc
1749 1700 1777 1724 ct

992 1748 1086 1773 omna;
1103 1741 1194 1768 sobria
1209 1748 1296 1773 coena,
1311 1740 1432 1776 inquam,
1449 1746 1475 1768 ct
1489 1742 1619 1769 modesta:
1635 1742 1775 1768 unctionis

992 1787 1096 1814 delicia
1119 1787 1265 1814 conciliare
1284 1792 1417 1821 possunt;
1443 1796 1506 1814 nam
1535 1795 1596 1815 cum
1624 1788 1774 1819 initiantur,

993 1838 1137 1868 tyrannum
1175 1831 1364 1863 detestamur,
1402 1832 1582 1865 conspuimus
1610 1837 1636 1858 et
1665 1839 1777 1858 aversa-

992 1887 1065 1906 mur.
1083 1878 1272 1905 Fortissimum
1289 1883 1378 1905 autent
1394 1879 1551 1905 bellatorem
1576 1878 1775 1909 collaudauius.

993 1925 1180 1956 admiramur.
1211 1925 1369 1958 adoramus,
1401 1929 1428 1952 et
1462 1929 1516 1952 toto
1540 1929 1648 1959 pectore
1684 1924 1774 1958 diligi-

992 1978 1065 2004 mus,
1081 1976 1107 1999 et
1123 1970 1289 1998 abundantia
1316 1971 1430 2002 amoris,
1449 1975 1577 2004 tanquam
1595 1977 1668 2004 pane'
1687 1970 1777 2004 pasci-

992 2025 1064 2048 mur,
1090 2021 1116 2044 et
1138 2017 1220 2044 veluti
1246 2024 1316 2051 aqua
1334 2014 1561 2044 circnml'luimus.
1579 2014 1677 2049 Liquet
1695 2021 1777 2048 porro

991 2063 1074 2091 etiam
1093 2064 1216 2098 praelium
1234 2063 1285 2090 hoc
1301 2063 1335 2090 ab
1350 2063 1396 2090 illo
1415 2062 1501 2089 nostri
1522 2070 1602 2089 causa
1618 2066 1774 2096 susceptum

992 2119 1054 2140 esse
1072 2119 1079 2137 :
1096 2116 1123 2138 et
1138 2115 1167 2137 ut
1185 2117 1236 2138 nos
1251 2110 1435 2141 vinceremus,
1453 2108 1543 2143 ipsum
1569 2107 1638 2134 mori
1662 2115 1716 2133 non
1733 2115 1775 2132 re-

992 2165 1116 2186 cusasse.
1131 2156 1267 2189 Quocirca
1285 2163 1338 2182 non
1353 2160 1395 2182 est
1415 2161 1511 2189 parum
1528 2161 1710 2188 consequens,
1727 2161 1777 2180 nec

992 2202 1155 2233 absurdum,
1174 2202 1208 2229 ab
1221 2201 1296 2228 hisce
1312 2200 1450 2235 mysteriis
1468 2207 1517 2226 nos
1533 2199 1566 2225 ad
1580 2206 1696 2225 coronas
1717 2205 1778 2232 per—

997 2248 1101 2275 venire.
1118 2247 1173 2274 Nos
1190 2248 1262 2274 enim
1278 2253 1360 2280 quam
1378 2245 1516 2280 potuimus
1532 2244 1699 2271 alacritatem
1718 2251 1777 2271 sm-

994 2294 1125 2328 diumque
1154 2291 1421 2323 demonstravimus,
1450 2295 1476 2318 et
1504 2290 1645 2317 audientes
1675 2290 1776 2316 fontem

994 2340 1078 2366 istutn
1097 2339 1198 2365 habere
1211 2339 1307 2364 mortis
1320 2341 1347 2364 et
1364 2337 1523 2371 sepulturae,
1541 2336 1641 2363 Christi
1655 2335 1777 2363 eﬂieicn-

994 2387 1072 2417 tiatn,
1097 2389 1125 2412 et
1148 2385 1287 2412 credimus
1305 2391 1412 2414 omnes,
1428 2389 1457 2410 et
1480 2383 1595 2410 libenter
1608 2384 1775 2414 accedimus,

993 2435 1021 2458 et
1037 2430 1235 2464 immergimur.
1257 2428 1315 2456 Non
1335 2429 1408 2456 enim
1425 2429 1522 2463 exigua
1545 2428 1638 2460 donat,
1654 2435 1703 2454 nec
1720 2435 1777 2454 me-

992 2475 1131 2503 diocribus
1151 2475 1289 2508 dignatur.
1315 2476 1349 2501 At
1373 2475 1418 2502 illc
1443 2481 1504 2501 sese
1531 2480 1591 2509 post
1609 2479 1735 2504 mortem,
1750 2477 1777 2500 ct

993 2521 1159 2555 sepulturam
1188 2528 1264 2547 suam
1285 2520 1317 2546 ad
1349 2521 1436 2555 ipsum
1458 2520 1625 2554 applicantes
1653 2524 1777 2546 amanter

993 2558 1118 2598 suscipit,
1147 2572 1200 2591 non
1232 2572 1362 2591 coronam
1397 2565 1516 2599 aliquam
1549 2565 1701 2599 porrigens,
1726 2571 1776 2591 nec

992 2612 1106 2647 gloriam
1122 2611 1154 2638 iis
1170 2618 1247 2638 suam
1266 2611 1473 2638 communicatis
1492 2620 1498 2638 :
1517 2611 1564 2638 sed
1582 2611 1670 2644 ipsum
1687 2611 1775 2637 victo-

993 2665 1062 2688 rem,
1079 2656 1137 2690 ipse
1154 2657 1330 2688 semetipsum
1347 2663 1508 2683 coronatum
1535 2657 1732 2688 communit-at,
1749 2659 1776 2682 ct

993 2710 1007 2729 c
1023 2709 1101 2729 sacro
1118 2701 1191 2727 l'onte
1207 2706 1350 2733 exeuntes,
1370 2702 1457 2736 ipsum
1483 2701 1653 2728 Salvatorcm
1669 2701 1695 2727 in
1713 2700 1776 2728 ani-

993 2748 1089 2774 mabus
1118 2747 1220 2774 nostris
1237 2751 1385 2781 Portamus,
1415 2748 1440 2773 in
1456 2747 1556 2781 capite,
1577 2747 1603 2772 in
1629 2746 1730 2777 Oculis,
1748 2745 1777 2772 in

992 2794 1058 2828 ipsis
1077 2792 1241 2824 visceribus,
1261 2793 1288 2818 in
1318 2793 1449 2820 membris
1474 2793 1611 2825 omnibus,
1625 2800 1639 2819 a
1665 2795 1776 2827 peccato

155 2873 273 2901 putum,
297 2865 331 2890 ab
357 2863 430 2890 omni
459 2863 634 2897 corruptione
667 2861 800 2894 liberum,
847 2862 935 2896 qualis
975 2861 1135 2892 resurrtxil,
1164 2865 1189 2888 ct
1216 2859 1358 2894 discipulis
1399 2862 1540 2896 apparuit,
1566 2865 1591 2889 ct
1622 2862 1648 2889 in
1676 2861 1776 2889 cmlutn

161 2915 302 2953 proiectus
315 2919 365 2948 est,
381 2914 467 2949 qualis
484 2913 591 2945 redibit,
606 2913 763 2940 Ilir‘szxurum
779 2913 850 2940 hunc
862 2918 1018 2941 exacturus.
