1976 3074
206 151 260 188 519

831 142 988 177 NICOLAI
1009 140 1202 174 CADASIUE

1775 140 1827 173 520

243 210 289 238 Sic
319 208 376 237 nati
394 215 455 237 cum
477 214 583 238 sumus,
605 212 631 233 et
652 205 735 233 \‘ciuli
759 203 849 239 specie
873 202 991 238 quadam

1081 201 1159 229 Οὕτω
1173 202 1201 228 δὲ
1221 201 1394 237 γεννηθέντες
1416 200 1462 227 καὶ
1479 199 1604 236 καθάπερ
1627 199 1692 226 εῖδει
1714 200 1767 227 τινὶ
1780 201 1828 227 καὶ

207 263 290 293 atque
315 256 403 284 forma
428 254 538 283 Christo
563 252 674 288 signati,
705 259 739 279 ne
764 251 844 279 aliam
870 250 991 286 speciem

208 303 397 333 admittamus,
417 300 479 327 vitae
506 299 611 327 aditum
638 298 696 333 ipse
723 302 839 332 occupat
868 305 875 324 :
901 300 928 324 et
945 303 992 331 per

209 356 270 383 qua:
286 349 319 375 ad
338 347 421 374 vitam
446 345 653 373 sustentandam
683 352 772 372 aerem
802 343 898 378 spiritu
914 342 993 370 duci-

210 401 283 427 mus,
300 397 328 420 et
354 392 513 420 alimoniam
533 392 671 426 capimus,
697 398 745 424 per
770 389 866 417 eadem
891 389 950 424 ipse
965 389 992 416 in

209 440 316 466 animas
342 443 452 466 nostras
480 437 642 472 ingreditur,
658 441 685 464 et
710 441 802 471 portas
819 436 914 463 ambas
939 434 992 462 sibi

209 485 335 512 attribuit
365 494 372 512 :
404 484 443 512 illi
473 483 582 518 quidem
610 487 640 510 ut
668 487 835 517 unguentum
853 485 882 508 et
900 481 994 509 suavis

211 531 279 558 oilor
290 551 297 563 ,
326 531 390 558 huic
407 534 438 557 ut
456 530 534 557 cibus
550 534 630 564 aptus
647 533 674 556 et
689 528 867 556 conveniens.
885 527 992 555 Etenim

210 577 287 603 illum
320 582 344 603 et
364 576 513 611 spiramus,
536 580 564 603 et
589 582 639 609 pro
657 574 823 601 nutrimento
851 574 994 602 habemus.

210 622 244 650 Et
264 631 324 649 rum
341 623 376 649 ita
391 622 566 656 semetipsum
584 629 632 656 per
646 621 738 647 omnia
759 620 838 647 nobis
853 620 995 654 implicue-

213 666 545 701 ritlcommiscueritque,
561 673 640 694 suum
665 673 766 699 corpus
786 664 862 697 iacit,
875 670 902 692 et
917 664 995 692 nobis

211 712 283 738 idem
307 713 347 745 lit,
365 712 436 746 quod
461 712 591 739 membris
605 718 697 747 caput.
712 712 826 746 Propter
843 711 893 739 hoc
910 711 995 744 enim,

211 758 277 792 quia
293 762 373 792 caput
388 778 395 790 ,
410 758 492 784 etiam
515 757 649 785 bonorum
665 757 725 793 ejus
743 757 866 784 omnium
883 757 997 792 partici-

214 812 261 838 pes
276 812 310 831 ac
328 804 396 832 socii
413 811 519 832 sumus.
545 804 613 832 Nam
630 812 691 839 qua:
703 804 800 838 capitis
815 808 879 832 sttnt
897 804 924 831 in
936 811 997 832 cor-

214 858 265 884 pus
280 849 399 877 transire
414 857 525 877 necesse
540 854 597 883 est;
613 850 686 885 quod
704 850 766 885 quis
787 857 840 877 non
861 850 998 877 immerito
1013 865 1036 896 Β

212 896 375 928 admiretur,
387 897 458 931 quod
478 905 539 923 cum
565 904 616 924 nec
641 897 790 930 cruciatus,
807 904 856 924 nec
882 901 996 924 mortem

212 950 274 969 cum
302 950 335 969 eo
350 943 555 977 pertulerimus,
575 943 622 970 sed
641 943 718 971 solus
742 942 940 975 decertaverit;
957 948 999 969 ta-

214 996 286 1022 men,
305 994 451 1024 postquam
468 990 501 1017 ad
519 989 724 1017 coronationem
743 985 853 1017 ventum
867 994 918 1023 est,
940 994 997 1016 tum

214 1041 264 1061 nos
291 1035 342 1062 sibi
371 1041 514 1063 consortes
538 1043 598 1063 esse
615 1036 742 1063 voluerit.
772 1035 820 1063 Est
844 1035 927 1070 igitur
948 1036 999 1062 hoc

213 1081 296 1108 ctiam
326 1082 462 1116 ejusmodi
492 1083 681 1114 humanitatis,
714 1086 744 1110 ut
769 1082 859 1109 verbis
882 1081 997 1117 exprimi

215 1132 333 1161 nequeat
359 1135 366 1155 :
388 1135 437 1154 nec
461 1129 556 1162 procul
581 1133 669 1155 autem
688 1128 828 1154 aratione
854 1133 1000 1161 rerumque

215 1173 420 1207 Consequentia.
442 1173 505 1200 Post
526 1181 636 1200 crucem
657 1173 730 1200 enim
753 1173 864 1200 Christo
886 1172 1000 1207 conglu-

216 1218 293 1245 tinati
312 1227 426 1252 sumus;
458 1226 513 1253 quo
530 1219 662 1251 ..nondum
683 1223 802 1252 mortuo,
824 1218 897 1246 nulla
921 1218 999 1245 nobis

216 1271 278 1290 cum
305 1271 337 1291 eo
364 1265 548 1292 communitas
575 1265 740 1292 intercessit.
768 1264 815 1292 ille
838 1265 911 1292 enim
941 1269 1000 1292 erat

217 1309 300 1341 ﬁlius,
317 1315 343 1336 et
363 1310 496 1342 dilectus;
516 1318 566 1338 nos
582 1311 701 1343 scelesti,
718 1316 744 1338 et
766 1311 848 1343 servi,
865 1316 889 1338 et
906 1312 999 1338 animo

218 1356 321 1383 hostes.
340 1357 374 1384 At
400 1362 544 1392 postquam
561 1365 654 1385 necem
671 1358 791 1392 pertulit,
811 1362 837 1385 et
854 1365 903 1392 pro
919 1358 1000 1385 liber-

217 1406 272 1428 tzite
287 1405 381 1430 nostra
406 1404 522 1443 pretium
538 1407 579 1430 est
595 1404 759 1437 impensum,
775 1408 803 1431 et
816 1403 915 1430 diaboli
940 1411 1000 1431 car-

216 1455 263 1473 rcr
290 1447 466 1481 destructus,
494 1453 559 1477 tunc
586 1449 755 1481 libertatem,
773 1454 798 1476 et
825 1449 999 1484 adoptionem

217 1492 335 1520 ﬁliorum
353 1494 519 1529 recepimus,
536 1499 563 1522 et
585 1495 657 1522 beati
676 1496 748 1523 illius
762 1496 858 1530 capitis
877 1496 999 1524 membra

219 1539 283 1565 tacti
300 1547 406 1566 sunuts.
422 1539 460 1566 Ex
479 1548 512 1567 eo
529 1540 611 1575 igitur
624 1549 685 1575 qua:
702 1541 799 1575 capitis
812 1545 886 1572 sunt,
905 1546 999 1568 nostra

217 1592 326 1619 quoque
341 1590 415 1612 sunt.
435 1586 467 1613 Et
484 1594 557 1613 nunc
574 1587 684 1621 quidem
710 1587 784 1614 nullo
805 1592 916 1622 peccato
933 1587 1002 1614 obli-

217 1630 274 1664 gati
290 1631 323 1657 ab
338 1638 409 1666 aqua
428 1632 478 1659 ista
494 1632 671 1664 discedimus,
689 1637 715 1659 et
735 1641 797 1660 cum
820 1640 852 1659 eo
867 1633 893 1659 in
906 1633 999 1660 eadem

218 1676 305 1710 gratia
332 1677 536 1709 consociamur,
566 1685 599 1705 ac
625 1684 736 1713 propter
767 1684 948 1713 unguentum,
974 1684 1002 1706 et

219 1726 330 1756 propter
346 1730 466 1750 mensam
483 1724 576 1750 eadem
590 1724 645 1751 vita
661 1733 723 1751 cttm
741 1725 800 1760 ipso
818 1726 954 1758 vivimus;
973 1726 1001 1753 in

219 1767 313 1794 futuro
329 1772 420 1795 autem
445 1770 544 1797 saeculo
571 1770 608 1797 dii
625 1778 685 1798 cum
711 1771 776 1805 Deo,
800 1777 827 1799 et
841 1774 1001 1800 eorumdem

219 1823 282 1842 cum
311 1815 356 1843 illo
378 1816 510 1848 baeredes,
525 1822 552 1844 et
577 1818 670 1846 eodem
697 1826 780 1853 regno
795 1827 857 1846 eum
884 1820 943 1854 ipso
961 1827 1003 1848 re-

220 1868 335 1895 gnantes
348 1863 482 1897 vivemus,
496 1864 548 1891 nisi
563 1871 612 1896 nos
627 1864 701 1899 ipsos
713 1870 811 1900 sponte
825 1866 1002 1900 volentesque

220 1908 247 1934 in
263 1908 312 1935 hac
329 1909 384 1935 vita
401 1911 643 1944 excrecaverimus,
656 1919 689 1938 ac
710 1918 811 1940 vestem
831 1913 932 1948 regiam
947 1914 1000 1942 dis-

220 1956 388 1989 ruperimus.
409 1955 465 1983 lloc
481 1957 552 1984 enim
571 1958 658 1985 solum
673 1966 756 1994 super
768 1959 850 1987 vitam
865 1966 1002 1996 acceptam

219 2002 253 2028 de
271 2007 365 2029 nostro
381 2003 518 2035 addimus,
537 2012 566 2030 ut
581 2005 651 2032 dona
676 2006 876 2039 contineamus,
899 2012 926 2034 et
943 2015 1004 2042 gra-

221 2050 286 2076 tiam
300 2050 498 2082 cllstodiatnus,
518 2059 569 2078 nec
589 2059 718 2078 coronam
733 2052 906 2087 abjiciamus,
921 2062 1002 2088 quam

221 2096 316 2123 multis
330 2097 479 2124 sudoribus
491 2103 517 2124 ct
527 2098 667 2125 laboribus
680 2099 751 2126 Deus
764 2100 841 2127 nobis
852 2100 1002 2128 contexuit.

221 2142 283 2171 Haec
299 2148 341 2171 est
369 2145 422 2171 vita
453 2144 479 2171 in
505 2144 628 2179 Christo,
654 2155 736 2181 quam
759 2146 879 2175 conﬂant
895 2148 1002 2182 quidem

222 2191 362 2225 mysteria.
392 2192 438 2217 sed
456 2191 488 2218 ad
503 2192 625 2219 eamdem
642 2198 771 2227 praeterea
800 2194 918 2220 humana
942 2193 1004 2220 dili—

222 2235 313 2269 gentia
340 2236 464 2262 nonnihil
483 2237 598 2264 confert.
617 2237 652 2265 De
667 2246 719 2272 qua
741 2239 876 2266 disserere
893 2239 1004 2271 volenti,
1021 2230 1045 2258 υ

223 2282 268 2309 ubi
284 2282 317 2310 de
333 2290 498 2318 unoquoque
520 2285 650 2320 mysterio
667 2293 790 2313 seorsum
817 2286 892 2321 prius
912 2287 1005 2320 dispu-

222 2329 331 2360 taverit,
348 2332 406 2355 tum
424 2328 533 2356 demum
563 2331 595 2358 de
615 2331 722 2359 actione
745 2340 806 2359 cum
826 2332 925 2360 virtute
941 2342 1005 2360 con-

220 2372 314 2407 juncta
330 2373 475 2401 ordinatim
495 2376 620 2403 tractatio
633 2379 775 2406 succedet.

1045 249 1136 283 μορφῇ
1153 249 1193 284 τῷ
1205 248 1316 283 Χριστῷ
1336 247 1518 279 τυπωθέντες,
1535 245 1579 272 ἵνα
1604 246 1688 281 μηδὲν
1711 246 1825 272 ἔπεισα-

1044 294 1174 329 γὰγωμεν
1203 294 1344 327 ἀλλότριον
1362 291 1442 325 εἶδος,
1467 293 1515 328 τῆς
1540 292 1613 325 ζωῆς
1636 292 1685 322 τὰς
1708 291 1828 324 εἰσόδους

1044 340 1124 371 αὐτὸς
1138 340 1258 374 κατέχει.
1276 340 1329 366 Καὶ
1344 339 1379 365 δι’
1390 336 1427 366 ὧν
1444 338 1513 374 ἀέρα
1527 338 1574 365 καὶ
1589 337 1692 372 τροφὴν
1704 337 1828 371 εἰσάγον-

1043 394 1091 417 τες
1115 387 1148 422 τῇ
1173 387 1230 422 ζωῇ
1247 385 1294 413 τοῦ
1321 385 1448 420 σώματος
1473 383 1636 419 βοηθοῦμεν,
1657 383 1701 410 διὰ
1726 383 1829 410 τούτων

1045 432 1125 464 αὐτὸς
1146 433 1185 463 εἰς
1201 432 1250 463 τὰς
1275 431 1413 467 ἡμετέρας
1438 430 1576 457 εἰσδύεται
1595 429 1685 464 ψυχὰς
1707 430 1755 456 καὶ
1778 430 1829 461 τὰς

1045 479 1131 514 θύρας
1146 479 1306 514 ἀμφοτέρας
1327 477 1487 509 οἰκειοῦται,
1503 478 1536 512 τῇ
1555 476 1605 512 μὲν
1623 476 1661 508 ὡς
1678 476 1763 511 μύρον
1781 477 1829 502 καὶ

1045 525 1155 557 εὐωδία,
1179 526 1211 559 τῇ
1229 525 1257 551 δὲ
1274 524 1310 555 ὡς
1328 524 1416 559 τροφὴ
1444 524 1602 558 προσήκων,
1621 524 1678 550 Καὶ
1701 523 1756 558 γὰρ
1783 523 1830 550 καὶ

1046 571 1219 605 ἀναπνέομεν
1255 570 1347 601 αὑτὸν,
1373 570 1417 596 καὶ
1445 569 1533 605 τροφὴ
1558 569 1661 603 γίνεται
1686 570 1763 603 ἡμῖν,
1783 569 1831 594 καὶ

1046 616 1131 648 οὕτως
1148 616 1245 643 ἑαυτὸν
1257 616 1301 642 διὰ
1317 615 1426 642 πάντων
1439 616 1504 650 ἡμῖν
1518 615 1692 649 ἀνακεράσας
1705 615 1751 640 καὶ
1767 615 1832 639 Ξινα-

1049 663 1129 698 μίξας
1145 663 1243 690 ἑαυτοῦ
1254 664 1372 690 ποιεῖται
1384 663 1474 696 σῶμα,
1494 663 1540 688 καὶ
1557 662 1662 696 γίνεται
1679 662 1745 695 ἡμῖν
1761 661 1830 695 ὅπερ

1049 711 1143 744 μέλεσι
1165 711 1280 745 κεφαλή.
1297 710 1347 735 Διὰ
1360 709 1438 736 τοῦτο
1453 709 1505 742 γὰρ
1519 709 1566 735 καὶ
1579 708 1689 741 ἀγαθῶν
1703 708 1831 734 ἁπάντων

1048 757 1123 792 αὐτῷ
1138 756 1332 791 κοινωνοῦμεν,
1350 757 1391 782 ὅτι
1408 756 1512 789 κεφαλή
1525 764 1532 772 ·
1550 755 1583 781 τὰ
1600 756 1653 789 γὰρ
1673 755 1722 789 τῆς
1744 764 1832 788 κειρα-

1048 801 1097 837 λῆς
1112 804 1152 834 είς
1167 803 1197 829 τδ
1213 803 1293 837 σῶμα
1318 802 1467 829 διαϐαίνειν
1493 802 1611 835 ἀνάγκη.
1635 801 1723 835 ’Υπὲρ
1739 798 1769 826 οἶν
1785 803 1832 826 καὶ

1049 847 1189 881 θαυμάσαι
1205 848 1247 878 τίς
1263 847 1307 878 ἂν,
1324 848 1365 873 ὅτι
1381 847 1418 881 μὴ
1435 846 1543 873 καὶτῶν
1556 846 1668 879 πληγῶν
1680 846 1753 880 αὐτῷ
1766 854 1832 880 μετ-

1050 895 1149 930 έχομεν
1174 894 1237 921 οὐδὲ
1255 893 1302 920 τοῦ
1319 894 1449 925 θανάτου,
1471 893 1539 919 ἀλλὰ
1557 894 1636 927 μόνος
1659 893 1707 927 μὲν
1731 891 1826 925 ἠγώνιο

1051 952 1122 974 σται,
1140 942 1201 969 ἐπεὶ
1218 942 1247 967 δὲ
1266 942 1319 968 ἔδει
1339 940 1555 974 στεφανωθῆναι,
1571 939 1723 974 τηνικαῦτα
1738 947 1825 964 κοινωι

1050 990 1112 1020 void;
1129 989 1202 1023 ἡμᾶς
1225 989 1343 1014 ποιεῖται
1360 986 1413 1012 τῶν
1435 985 1543 1013 ἑαυτοῦ.
1561 986 1639 1011 Ἐστι
1660 985 1709 1018 μὲν
1724 984 1770 1010 οὖν
1787 985 1832 1010 καὶ

1050 1035 1128 1061 τοῦτο
1143 1034 1192 1068 τῆς
1214 1033 1335 1068 ἀρρήτου
1352 1030 1568 1066 φιλανθρωπίας.
1586 1030 1616 1056 οὐ
1633 1030 1728 1064 τιόρρω
1748 1029 1775 1054 δὲ
1794 1028 1825 1054 λὸ

1050 1090 1099 1115 γου
1115 1082 1162 1108 καὶ
1179 1081 1228 1115 τῆς
1255 1080 1419 1114 γιγνομένης
1434 1077 1606 1109 ἀκολουθίας.
1629 1077 1705 1103 Μετὰ
1719 1073 1770 1110 γὲρ
1789 1075 1829 1101 τοι

1051 1126 1166 1161 σταυρὸν
1180 1127 1218 1159 τῷ
1240 1125 1350 1160 Χριστῷ
1367 1125 1548 1158 συνήφθημεν
1559 1131 1566 1140 ⁸
1585 1124 1668 1157 μήπω
1685 1122 1713 1148 δὲ
1729 1121 1830 1147 ἀποθα-

1051 1173 1130 1199 νόντα
1150 1171 1241 1198 κοινὸν
1266 1171 1342 1197 οὐδὲν
1357 1171 1422 1206 ἡμῖν
1440 1169 1507 1205 πρὸς
1523 1170 1638 1196 ἐκεῖνον.
1663 1168 1691 1194 '0
1715 1167 1764 1202 μὲν
1780 1167 1834 1201 γὰρ

1051 1219 1116 1251 Υίὺς
1131 1220 1177 1246 καὶ
1194 1219 1348 1254 ἀγαπητὸς,
1364 1219 1443 1252 ἡμεῖς
1458 1217 1485 1243 δὲ
1511 1217 1603 1251 μιαροὶ
1622 1215 1668 1242 καὶ
1684 1214 1771 1241 δοῦλοι
1788 1217 1835 1240 καὶ

1051 1264 1146 1298 ἐχθροὶ
1172 1265 1205 1297 τῇ
1223 1263 1326 1297 διανοίᾳ
1339 1270 1347 1279 ⁸
1363 1263 1425 1288 ἐπεὶ
1444 1262 1470 1289 δὲ
1490 1261 1609 1288 ἀπέθανε
1625 1261 1672 1287 καὶ
1687 1260 1717 1286 τὸ
1738 1259 1836 1293 λύτρον

1052 1309 1131 1345 ἐδόθη
1148 1311 1193 1337 καὶ
1205 1310 1235 1337 τὸ
1249 1310 1296 1337 τοῦ
1310 1309 1434 1336 διαϐόλου
1447 1308 1634 1342 δεσμωτήριον
1645 1307 1835 1341 κατεστρατη.

1051 1357 1203 1393 τηνικαῦτα
1219 1357 1268 1392 τὴν
1286 1356 1444 1390 ἐλευθερίαν
1459 1355 1507 1381 καὶ
1521 1355 1568 1389 τὴν
1585 1353 1721 1379 υἱοθεσίαν
1741 1355 1837 1387 ἐκομι-

1053 1403 1159 1438 σάμεθα
1175 1403 1222 1429 καὶ
1238 1403 1307 1437 μέλη
1323 1402 1373 1436 τῆς
1388 1401 1527 1436 μακαρίας
1542 1399 1649 1433 ἐκείνης
1665 1399 1837 1432 κατέστημεν

1052 1450 1183 1484 κεφαλῆς.
1206 1449 1251 1481 Ἐξ
1274 1448 1378 1475 ἐκείνου
1403 1447 1504 1479 τοίνυν,
1520 1445 1537 1473 ἃ
1552 1446 1599 1480 τῆς
1626 1444 1745 1479 κεφαλῆς
1768 1445 1837 1473 ἐστι,

1052 1498 1100 1524 καὶ
1116 1497 1194 1533 ἡμῶν
1221 1496 1338 1530 γίνεται.
1365 1495 1420 1521 Καὶ
1435 1494 1482 1521 νῦν
1504 1493 1552 1528 μὲν
1576 1491 1764 1527 ἀναμάρτητοι
1788 1491 1838 1517 το)

1014 1555 1034 1582 c
1053 1544 1148 1576 ὓδατος
1170 1542 1397 1576 ἀπαλλαττόμεθα
1409 1540 1514 1571 τούτου,
1535 1541 1577 1566 καὶ
1603 1541 1658 1566 τῶν
1675 1538 1758 1564 αὑτοῦ
1777 1546 1838 1570 μετ-

1054 1591 1152 1626 έχομεν
1169 1590 1290 1625 χαρίτων
1305 1588 1349 1615 διὰ
1376 1588 1406 1614 τὺ
1437 1587 1533 1622 μύρον,
1548 1587 1596 1613 καὶ
1611 1588 1653 1612 διὰ
1670 1585 1718 1619 τὴν
1733 1584 1838 1618 τράπε-

1055 1637 1105 1669 ζαν
1121 1636 1170 1670 τὴν
1185 1635 1269 1670 αὐτὴν
1282 1634 1379 1668 ἐκείνῳ
1393 1633 1484 1668 ζῶμεν
1499 1633 1572 1667 ζωὴν
1585 1640 1591 1646 ·
1611 1631 1657 1657 ἐπὶ
1669 1630 1696 1657 δὲ
1710 1629 1755 1655 τοῦ
1772 1629 1839 1663 μέλ-

1054 1685 1145 1714 λοντος
1161 1684 1216 1710 θεοὶ
1234 1682 1298 1717 περὶ
1321 1681 1387 1706 Θεὸν
1403 1680 1450 1706 καὶ
1464 1679 1517 1706 τῶν
1534 1678 1623 1705 αὐτῶν
1647 1677 1719 1711 αὐτῷ
1736 1675 1839 1711 κληρο-

1054 1729 1132 1764 νόμοι
1147 1729 1194 1755 xu).
1209 1728 1258 1762 τὴν
1280 1726 1364 1761 αὐτὴν
1385 1725 1459 1758 αὺτῷ
1475 1722 1662 1759 βασιλεύοντες
1685 1721 1838 1756 βασιλείαν,
1874 1755 1882 1761 ⁶

1053 1777 1101 1803 ἐάν
1116 1783 1148 1810 γε
1167 1776 1202 1810 μὴ
1220 1776 1329 1805 ἑκόντες
1354 1772 1428 1807 ἡμᾶς
1443 1771 1540 1801 αὐτοὺς
1558 1767 1735 1803 ἀποτυῳλώσπι
1748 1775 1797 1801 μεν
1811 1768 1840 1792 ἐν

1053 1823 1121 1857 τῷδε
1139 1823 1177 1856 τῷ
1191 1821 1240 1856 βίῳ
1255 1822 1301 1847 καὶ
1315 1820 1360 1845 τὸν
1374 1818 1476 1853 χιτῶνα
1492 1815 1682 1851 διαρῤήξωμεν
1701 1814 1746 1839 τὸν
1764 1813 1842 1847 βασι-

1054 1869 1140 1896 λικόν.
1156 1867 1241 1895 Τοῦτο
1255 1867 1309 1901 γὰρ
1325 1866 1395 1899 ὑπὲρ
1417 1864 1466 1898 τῆς
1482 1862 1555 1897 ζωῆς
1572 1861 1720 1895 εἰσάγομεν
1744 1860 1838 1894 μόνον,

1055 1916 1105 1947 τὰς
1121 1915 1226 1950 δωρεὰς
1241 1914 1389 1948 ὑπομεῖναι
1407 1909 1519 1936 καὶτῶν
1537 1908 1656 1943 χαρίτων
1672 1905 1841 1940 ἀνασχέσθαι

1056 1965 1103 1990 καὶ
1122 1966 1160 1997 μη
1179 1961 1256 1997 ῥίψαι
1281 1960 1326 1985 τὸν
1343 1958 1485 1992 στέφανον,
1501 1955 1531 1982 ὃν
1549 1954 1656 1985 πολλοῖς
1674 1953 1768 1989 ἱδρῶσι
1792 1953 1840 1978 καὶ

1056 2012 1148 2041 πόνοις
1170 2007 1282 2040 ἔπλεξεν
1305 2007 1372 2041 ἡμῖν
1387 2007 1400 2031 ὁ
1419 2001 1607 2035 ΘεὸςμΤοῦτό
1633 2000 1736 2034 ὲκτινὴ
1757 2000 1785 2024 ἐν
1802 1998 1842 2032 τῷ

1056 2055 1167 2091 Χριστῷ
1183 2054 1250 2089 ζωὴ,
1264 2054 1296 2088 ἣν
1320 2051 1461 2084 συνίστησι
1485 2048 1532 2084 μὲν
1546 2051 1579 2073 τὰ
1595 2046 1743 2081 μυστήρια,
1768 2044 1842 2070 δοκεῖ

1057 2104 1127 2130 δέτι
1144 2100 1273 2128 δύνασθαι
1304 2099 1372 2133 πρὸς
1397 2096 1499 2130 ταύτην
1525 2094 1571 2120 καὶ
1593 2092 1641 2126 τὴν
1669 2090 1843 2125 ἀνθρωπείαν

1059 2148 1197 2181 σπονδήν·
1214 2146 1277 2172 ὅθεν
1304 2144 1342 2178 τῷ
1369 2142 1433 2177 περὶ
1450 2142 1535 2176 αὐτῆς
1563 2139 1650 2164 εἰπεῖν
1675 2135 1841 2170 βουλομένῳ,

1060 2193 1193 2229 περὶτῶν
1218 2190 1377 2227 μυστηρίων
1401 2188 1516 2214 ἑκάστου
1544 2185 1653 2220 πρῶτον
1679 2182 1842 2229 διμλαὸὁντι,

1059 2227 1119 2268 εἶτα
1135 2239 1199 2274 περὶ
1218 2239 1267 2274 τῆς
1292 2237 1352 2264 κατ’
1370 2234 1468 2270 ἀρετὴν
1491 2232 1622 2269 ἐργασίας
1643 2229 1791 2258 ἀκίλουθον
1810 2227 1844 2253 ἂν

1060 2289 1103 2323 εἴη
1118 2286 1240 2313 σκοπεῖν.
