  <div class='ocr_page' id='page_1' title='image "/cluster/home/n/w/nwhite01/storage/ocr_20150623/150/njp.32101077773180/274.png"; bbox 0 0 1976 3074; ppageno 0'>
   <div class='ocr_carea' id='block_1_1' title="bbox 135 206 1711 225">
    <p class='ocr_par' dir='ltr' id='par_1_1' title="bbox 135 206 1711 225">
     <span class='ocr_line' id='line_1_1' title="bbox 135 206 1711 225; baseline 0.004 -6"><span class='ocrx_word' id='word_1_1' title='bbox 135 206 1711 225; x_wconf 49' lang='lat' dir='ltr'><strong>MM</strong></span> 
     </span>
    </p>
   </div>
   <div class='ocr_carea' id='block_1_2' title="bbox 659 135 1218 169">
    <p class='ocr_par' dir='ltr' id='par_1_2' title="bbox 659 135 1218 169">
     <span class='ocr_line' id='line_1_2' title="bbox 659 135 1218 169; baseline 0 -3"><span class='ocrx_word' id='word_1_2' title='bbox 659 135 707 166; x_wconf 85' lang='lat' dir='ltr'><strong>DE</strong></span> <span class='ocrx_word' id='word_1_3' title='bbox 727 137 814 167; x_wconf 65' lang='grc' dir='ltr'><strong>νίΤΑ</strong></span> <span class='ocrx_word' id='word_1_4' title='bbox 839 138 876 167; x_wconf 63' lang='grc' dir='ltr'><strong>ιχ</strong></span> <span class='ocrx_word' id='word_1_5' title='bbox 895 138 1064 169; x_wconf 80' lang='lat' dir='ltr'><strong>CHRISTO</strong></span> <span class='ocrx_word' id='word_1_6' title='bbox 1083 139 1158 169; x_wconf 86' lang='lat' dir='ltr'><strong>LIB.</strong></span> <span class='ocrx_word' id='word_1_7' title='bbox 1177 139 1218 168; x_wconf 86' lang='grc' dir='ltr'><strong>ΙΙ.</strong></span> 
     </span>
    </p>
   </div>
   <div class='ocr_carea' id='block_1_3' title="bbox 1697 138 1750 173">
    <p class='ocr_par' dir='ltr' id='par_1_3' title="bbox 1697 138 1750 173">
     <span class='ocr_line' id='line_1_3' title="bbox 1697 138 1750 173; baseline 0.019 -1"><span class='ocrx_word' id='word_1_8' title='bbox 1697 138 1750 173; x_wconf 71' lang='lat'><strong>522</strong></span> 
     </span>
    </p>
   </div>
   <div class='ocr_carea' id='block_1_4' title="bbox 357 291 1510 360">
    <p class='ocr_par' dir='ltr' id='par_1_4' title="bbox 357 291 1510 360">
     <span class='ocr_line' id='line_1_4' title="bbox 357 291 1510 360; baseline 0.006 -7"><span class='ocrx_word' id='word_1_9' title='bbox 357 291 553 354; x_wconf 92' lang='grc' dir='ltr'><strong>ΠΕΡΙ</strong></span> <span class='ocrx_word' id='word_1_10' title='bbox 590 291 759 354; x_wconf 88' lang='grc' dir='ltr'><strong>ΤΗΣ</strong></span> <span class='ocrx_word' id='word_1_11' title='bbox 800 293 904 356; x_wconf 88' lang='grc' dir='ltr'><strong>ΕΝ</strong></span> <span class='ocrx_word' id='word_1_12' title='bbox 940 295 1249 358; x_wconf 88' lang='grc' dir='ltr'><strong>ΧΡΙΣΤΩ</strong></span> <span class='ocrx_word' id='word_1_13' title='bbox 1285 295 1510 360; x_wconf 87' lang='grc' dir='ltr'>ΖΩΗΣ</span> 
     </span>
    </p>
   </div>
   <div class='ocr_carea' id='block_1_5' title="bbox 681 413 1198 458">
    <p class='ocr_par' dir='ltr' id='par_1_5' title="bbox 681 413 1198 458">
     <span class='ocr_line' id='line_1_5' title="bbox 681 413 1198 458; baseline -0.004 0"><span class='ocrx_word' id='word_1_14' title='bbox 681 413 866 458; x_wconf 87' lang='grc' dir='ltr'><strong>ΛΟΓΟΣ</strong></span> <span class='ocrx_word' id='word_1_15' title='bbox 904 414 1198 458; x_wconf 83' lang='grc' dir='ltr'><strong>ΔΕΥΤΕΡΟΣ.</strong></span> 
     </span>
    </p>
   </div>
   <div class='ocr_carea' id='block_1_6' title="bbox 501 483 1376 522">
    <p class='ocr_par' dir='ltr' id='par_1_6' title="bbox 501 483 1376 522">
     <span class='ocr_line' id='line_1_6' title="bbox 501 483 1376 522; baseline 0.006 -12"><span class='ocrx_word' id='word_1_16' title='bbox 501 483 574 511; x_wconf 81' lang='grc' dir='ltr'><strong>Τίνα</strong></span> <span class='ocrx_word' id='word_1_17' title='bbox 585 485 765 512; x_wconf 72' lang='grc' dir='ltr'><em>συντέλειαν</em></span> <span class='ocrx_word' id='word_1_18' title='bbox 782 486 814 512; x_wconf 84' lang='grc' dir='ltr'><strong>τὸ</strong></span> <span class='ocrx_word' id='word_1_19' title='bbox 833 486 914 513; x_wconf 79' lang='grc' dir='ltr'><strong>θεῖον</strong></span> <span class='ocrx_word' id='word_1_20' title='bbox 934 485 1012 521; x_wconf 81' lang='grc' dir='ltr'><strong>αὐτῇ</strong></span> <span class='ocrx_word' id='word_1_21' title='bbox 1031 488 1192 522; x_wconf 76' lang='grc' dir='ltr'><strong>παρέχεται</strong></span> <span class='ocrx_word' id='word_1_22' title='bbox 1207 486 1376 522; x_wconf 74' lang='grc' dir='ltr'><strong>βάπτισμα.</strong></span> 
     </span>
    </p>
   </div>
   <div class='ocr_carea' id='block_1_7' title="bbox 520 587 1351 695">
    <p class='ocr_par' dir='ltr' id='par_1_7' title="bbox 520 587 1351 695">
     <span class='ocr_line' id='line_1_7' title="bbox 520 587 1351 695; baseline 0.005 -6"><span class='ocrx_word' id='word_1_23' title='bbox 520 628 618 690; x_wconf 89' lang='lat' dir='ltr'><strong>DE</strong></span> <span class='ocrx_word' id='word_1_24' title='bbox 649 587 847 695; x_wconf 74' lang='lat' dir='ltr'><strong>VITA</strong></span> <span class='ocrx_word' id='word_1_25' title='bbox 878 630 956 693; x_wconf 89' lang='lat' dir='ltr'><strong>IN</strong></span> <span class='ocrx_word' id='word_1_26' title='bbox 1005 630 1351 695; x_wconf 74' lang='lat' dir='ltr'><strong>GH‘RISTO</strong></span> 
     </span>
    </p>
   </div>
   <div class='ocr_carea' id='block_1_8' title="bbox 648 754 1211 800">
    <p class='ocr_par' dir='ltr' id='par_1_8' title="bbox 648 754 1211 800">
     <span class='ocr_line' id='line_1_8' title="bbox 648 754 1211 800; baseline 0.004 -4"><span class='ocrx_word' id='word_1_27' title='bbox 648 754 823 798; x_wconf 80' lang='lat' dir='ltr'><strong>LIBER</strong></span> <span class='ocrx_word' id='word_1_28' title='bbox 884 754 1211 800; x_wconf 85' lang='lat' dir='ltr'><strong>SECUNDUS.</strong></span> 
     </span>
    </p>
   </div>
   <div class='ocr_carea' id='block_1_9' title="bbox 456 830 1414 874">
    <p class='ocr_par' dir='ltr' id='par_1_9' title="bbox 456 830 1414 874">
     <span class='ocr_line' id='line_1_9' title="bbox 456 830 1414 874; baseline 0.01 -14"><span class='ocrx_word' id='word_1_29' title='bbox 456 831 551 868; x_wconf 76' lang='lat' dir='ltr'><strong>Quem</strong></span> <span class='ocrx_word' id='word_1_30' title='bbox 563 832 591 861; x_wconf 84' lang='lat' dir='ltr'><strong><em>ei</em></strong></span> <span class='ocrx_word' id='word_1_31' title='bbox 607 830 757 862; x_wconf 75' lang='lat' dir='ltr'><strong>utilitatis</strong></span> <span class='ocrx_word' id='word_1_32' title='bbox 775 831 914 870; x_wconf 80' lang='lat' dir='ltr'><strong>fructum</strong></span> <span class='ocrx_word' id='word_1_33' title='bbox 932 831 1071 864; x_wconf 77' lang='lat' dir='ltr'><strong>divinum</strong></span> <span class='ocrx_word' id='word_1_34' title='bbox 1092 834 1246 874; x_wconf 79' lang='lat' dir='ltr'><strong>baptisma</strong></span> <span class='ocrx_word' id='word_1_35' title='bbox 1260 837 1414 870; x_wconf 77' lang='lat' dir='ltr'><strong>conciliet.</strong></span> 
     </span>
    </p>
   </div>
   <div class='ocr_carea' id='block_1_10' title="bbox 160 910 906 953">
    <p class='ocr_par' dir='ltr' id='par_1_10' title="bbox 160 910 906 950">
     <span class='ocr_line' id='line_1_10' title="bbox 160 910 906 950; baseline 0.003 -12"><span class='ocrx_word' id='word_1_36' title='bbox 160 912 197 938; x_wconf 71' lang='grc' dir='ltr'><strong>Τλ</strong></span> <span class='ocrx_word' id='word_1_37' title='bbox 215 912 264 947; x_wconf 81' lang='grc' dir='ltr'><strong>μὲν</strong></span> <span class='ocrx_word' id='word_1_38' title='bbox 278 910 324 939; x_wconf 70' lang='grc' dir='ltr'><strong>οὖν</strong></span> <span class='ocrx_word' id='word_1_39' title='bbox 339 913 367 939; x_wconf 79' lang='grc' dir='ltr'><strong>ἐν</strong></span> <span class='ocrx_word' id='word_1_40' title='bbox 386 914 442 945; x_wconf 71' lang='grc' dir='ltr'><strong>τοῖς</strong></span> <span class='ocrx_word' id='word_1_41' title='bbox 466 915 550 948; x_wconf 79' lang='grc' dir='ltr'>ἱεροῖς</span> <span class='ocrx_word' id='word_1_42' title='bbox 570 913 732 949; x_wconf 73' lang='grc' dir='ltr'><strong>μυστηρίοις</strong></span> <span class='ocrx_word' id='word_1_43' title='bbox 757 913 808 948; x_wconf 76' lang='grc' dir='ltr'><strong>τὴν</strong></span> <span class='ocrx_word' id='word_1_44' title='bbox 833 913 906 950; x_wconf 76' lang='grc' dir='ltr'><strong>ἱερὰν</strong></span> 
     </span>
    </p>
   </div>
   <div class='ocr_carea' id='block_1_11' title="bbox 959 910 1743 953">
    <p class='ocr_par' dir='ltr' id='par_1_11' title="bbox 998 915 1743 953">
     <span class='ocr_line' id='line_1_11' title="bbox 998 915 1743 953; baseline 0.008 -11"><span class='ocrx_word' id='word_1_45' title='bbox 998 915 1090 944; x_wconf 85' lang='lat' dir='ltr'><strong>Sacris</strong></span> <span class='ocrx_word' id='word_1_46' title='bbox 1106 917 1200 953; x_wconf 84' lang='lat' dir='ltr'><strong>itaque</strong></span> <span class='ocrx_word' id='word_1_47' title='bbox 1220 918 1357 953; x_wconf 70' lang='lat' dir='ltr'><strong>mysteriis</strong></span> <span class='ocrx_word' id='word_1_48' title='bbox 1373 920 1456 947; x_wconf 81' lang='lat' dir='ltr'><strong>vitam</strong></span> <span class='ocrx_word' id='word_1_49' title='bbox 1482 927 1590 948; x_wconf 79' lang='lat' dir='ltr'><strong>sacram</strong></span> <span class='ocrx_word' id='word_1_50' title='bbox 1607 920 1743 951; x_wconf 76' lang='lat' dir='ltr'><strong>contineri</strong></span> 
     </span>
    </p>
   </div>
   <div class='ocr_carea' id='block_1_12' title="bbox 124 956 911 994">
    <p class='ocr_par' dir='ltr' id='par_1_12' title="bbox 124 956 911 994">
     <span class='ocr_line' id='line_1_12' title="bbox 124 956 911 994; baseline 0.003 -10"><span class='ocrx_word' id='word_1_51' title='bbox 124 956 199 992; x_wconf 83' lang='grc' dir='ltr'><strong>ζωὴν</strong></span> <span class='ocrx_word' id='word_1_52' title='bbox 215 960 376 984; x_wconf 75' lang='grc' dir='ltr'><strong>συνεστάναι</strong></span> <span class='ocrx_word' id='word_1_53' title='bbox 387 958 441 984; x_wconf 68' lang='grc' dir='ltr'><strong>ἀπὸ</strong></span> <span class='ocrx_word' id='word_1_54' title='bbox 451 959 506 985; x_wconf 83' lang='grc' dir='ltr'><strong>τῶν</strong></span> <span class='ocrx_word' id='word_1_55' title='bbox 523 959 665 994; x_wconf 79' lang='grc' dir='ltr'><strong>προτέρων</strong></span> <span class='ocrx_word' id='word_1_56' title='bbox 676 959 813 986; x_wconf 80' lang='grc' dir='ltr'><strong>δέδεικται</strong></span> <span class='ocrx_word' id='word_1_57' title='bbox 824 966 831 974; x_wconf 91' lang='grc'><strong>·</strong></span> <span class='ocrx_word' id='word_1_58' title='bbox 846 959 911 986; x_wconf 71' lang='lat' dir='ltr'><strong>Exa-</strong></span> 
     </span>
    </p>
   </div>
   <div class='ocr_carea' id='block_1_13' title="bbox 124 1004 910 1040">
    <p class='ocr_par' dir='ltr' id='par_1_13' title="bbox 124 1004 910 1040">
     <span class='ocr_line' id='line_1_13' title="bbox 124 1004 910 1040; baseline 0.003 -11"><span class='ocrx_word' id='word_1_59' title='bbox 124 1012 188 1029; x_wconf 78' lang='grc' dir='ltr'><strong>στον</strong></span> <span class='ocrx_word' id='word_1_60' title='bbox 204 1004 232 1030; x_wconf 76' lang='grc' dir='ltr'><strong>δὲ</strong></span> <span class='ocrx_word' id='word_1_61' title='bbox 246 1004 300 1030; x_wconf 84' lang='grc' dir='ltr'><strong>τῶν</strong></span> <span class='ocrx_word' id='word_1_62' title='bbox 314 1005 473 1040; x_wconf 81' lang='grc' dir='ltr'><strong>μυστηρίων</strong></span> <span class='ocrx_word' id='word_1_63' title='bbox 486 1005 561 1036; x_wconf 58' lang='grc' dir='ltr'><strong>ὅτείτς</strong></span> <span class='ocrx_word' id='word_1_64' title='bbox 581 1006 621 1037; x_wconf 82' lang='grc' dir='ltr'><strong>εἰς</strong></span> <span class='ocrx_word' id='word_1_65' title='bbox 638 1005 744 1032; x_wconf 78' lang='grc' dir='ltr'><strong>τουτονὶ</strong></span> <span class='ocrx_word' id='word_1_66' title='bbox 763 1005 840 1040; x_wconf 79' lang='grc' dir='ltr'><strong>φέρει</strong></span> <span class='ocrx_word' id='word_1_67' title='bbox 864 1005 910 1031; x_wconf 73' lang='grc' dir='ltr'><strong>τὸν</strong></span> 
     </span>
    </p>
   </div>
   <div class='ocr_carea' id='block_1_14' title="bbox 124 1049 910 1086">
    <p class='ocr_par' dir='ltr' id='par_1_14' title="bbox 124 1049 910 1086">
     <span class='ocr_line' id='line_1_14' title="bbox 124 1049 910 1086; baseline 0.005 -12"><span class='ocrx_word' id='word_1_68' title='bbox 124 1049 193 1083; x_wconf 77' lang='grc' dir='ltr'><strong>βίον,</strong></span> <span class='ocrx_word' id='word_1_69' title='bbox 211 1050 272 1076; x_wconf 75' lang='grc' dir='ltr'><strong>νυνὶ</strong></span> <span class='ocrx_word' id='word_1_70' title='bbox 291 1050 449 1084; x_wconf 83' lang='grc' dir='ltr'><strong>σκοπῶμεν.</strong></span> <span class='ocrx_word' id='word_1_71' title='bbox 470 1050 548 1076; x_wconf 81' lang='grc' dir='ltr'><strong>Ἔστι</strong></span> <span class='ocrx_word' id='word_1_72' title='bbox 566 1050 616 1084; x_wconf 76' lang='grc' dir='ltr'><strong>μὲν</strong></span> <span class='ocrx_word' id='word_1_73' title='bbox 642 1051 697 1086; x_wconf 76' lang='grc' dir='ltr'><strong>γὰρ</strong></span> <span class='ocrx_word' id='word_1_74' title='bbox 718 1051 734 1085; x_wconf 81' lang='grc' dir='ltr'>ἠ</span> <span class='ocrx_word' id='word_1_75' title='bbox 760 1052 788 1077; x_wconf 84' lang='grc' dir='ltr'><strong>ὲν</strong></span> <span class='ocrx_word' id='word_1_76' title='bbox 799 1051 910 1086; x_wconf 83' lang='grc' dir='ltr'><strong>Χριστῷ</strong></span> 
     </span>
    </p>
   </div>
   <div class='ocr_carea' id='block_1_15' title="bbox 123 1095 910 1132">
    <p class='ocr_par' dir='ltr' id='par_1_15' title="bbox 123 1095 910 1132">
     <span class='ocr_line' id='line_1_15' title="bbox 123 1095 910 1132; baseline 0.004 -11"><span class='ocrx_word' id='word_1_77' title='bbox 123 1095 181 1130; x_wconf 77' lang='grc' dir='ltr'><strong>ζωὴ</strong></span> <span class='ocrx_word' id='word_1_78' title='bbox 195 1097 261 1122; x_wconf 72' lang='grc' dir='ltr'><strong>αὐτὸ</strong></span> <span class='ocrx_word' id='word_1_79' title='bbox 281 1096 311 1123; x_wconf 67' lang='lat' dir='ltr'><strong>to</strong></span> <span class='ocrx_word' id='word_1_80' title='bbox 328 1096 497 1131; x_wconf 74' lang='grc' dir='ltr'><strong>συναφθῆναι</strong></span> <span class='ocrx_word' id='word_1_81' title='bbox 514 1097 627 1132; x_wconf 78' lang='grc' dir='ltr'><strong>Χριστῷ</strong></span> <span class='ocrx_word' id='word_1_82' title='bbox 640 1105 647 1112; x_wconf 91' lang='grc'><strong><em>-</em></strong></span> <span class='ocrx_word' id='word_1_83' title='bbox 659 1096 689 1123; x_wconf 80' lang='grc' dir='ltr'><strong>ὃν</strong></span> <span class='ocrx_word' id='word_1_84' title='bbox 703 1097 725 1123; x_wconf 83' lang='grc' dir='ltr'><strong>δ’</strong></span> <span class='ocrx_word' id='word_1_85' title='bbox 736 1096 790 1131; x_wconf 81' lang='grc' dir='ltr'><strong>ἄρα</strong></span> <span class='ocrx_word' id='word_1_86' title='bbox 809 1098 910 1132; x_wconf 82' lang='grc' dir='ltr'><strong>τρόπον</strong></span> 
     </span>
    </p>
   </div>
   <div class='ocr_carea' id='block_1_16' title="bbox 123 1141 910 1177">
    <p class='ocr_par' dir='ltr' id='par_1_16' title="bbox 123 1141 910 1177">
     <span class='ocr_line' id='line_1_16' title="bbox 123 1141 910 1177; baseline 0.003 -10"><span class='ocrx_word' id='word_1_87' title='bbox 123 1141 227 1176; x_wconf 74' lang='grc' dir='ltr'><strong>ἑκάστη</strong></span> <span class='ocrx_word' id='word_1_88' title='bbox 242 1141 339 1175; x_wconf 79' lang='grc' dir='ltr'><strong>τελετὴ</strong></span> <span class='ocrx_word' id='word_1_89' title='bbox 353 1142 416 1173; x_wconf 82' lang='grc' dir='ltr'><strong>τοὺς</strong></span> <span class='ocrx_word' id='word_1_90' title='bbox 432 1141 642 1176; x_wconf 75' lang='grc' dir='ltr'><strong>τετελεσμένους</strong></span> <span class='ocrx_word' id='word_1_91' title='bbox 667 1141 706 1176; x_wconf 85' lang='grc' dir='ltr'><strong>τῷ</strong></span> <span class='ocrx_word' id='word_1_92' title='bbox 720 1141 831 1177; x_wconf 85' lang='grc' dir='ltr'><strong>Χριστῷ</strong></span> <span class='ocrx_word' id='word_1_93' title='bbox 844 1150 910 1169; x_wconf 84' lang='grc' dir='ltr'><strong>συν-</strong></span> 
     </span>
    </p>
   </div>
   <div class='ocr_carea' id='block_1_17' title="bbox 123 1186 432 1222">
    <p class='ocr_par' dir='ltr' id='par_1_17' title="bbox 123 1186 432 1222">
     <span class='ocr_line' id='line_1_17' title="bbox 123 1186 432 1222; baseline 0 -9"><span class='ocrx_word' id='word_1_94' title='bbox 123 1188 215 1218; x_wconf 82' lang='grc' dir='ltr'><strong>άπτει,</strong></span> <span class='ocrx_word' id='word_1_95' title='bbox 231 1186 356 1221; x_wconf 84' lang='grc' dir='ltr'><strong>λέγωμεν</strong></span> <span class='ocrx_word' id='word_1_96' title='bbox 371 1187 432 1222; x_wconf 74' lang='grc' dir='ltr'><strong>ήδη.</strong></span> 
     </span>
    </p>
   </div>
   <div class='ocr_carea' id='block_1_18' title="bbox 161 1232 908 1268">
    <p class='ocr_par' dir='ltr' id='par_1_18' title="bbox 161 1232 908 1268">
     <span class='ocr_line' id='line_1_18' title="bbox 161 1232 908 1268; baseline 0.001 -9"><span class='ocrx_word' id='word_1_97' title='bbox 161 1233 242 1259; x_wconf 70' lang='grc' dir='ltr'><strong>Ἐστι</strong></span> <span class='ocrx_word' id='word_1_98' title='bbox 260 1232 291 1268; x_wconf 88' lang='grc' dir='ltr'><strong>δὴ</strong></span> <span class='ocrx_word' id='word_1_99' title='bbox 307 1232 417 1267; x_wconf 82' lang='grc' dir='ltr'><strong>Χριστῷ</strong></span> <span class='ocrx_word' id='word_1_100' title='bbox 429 1232 600 1267; x_wconf 74' lang='grc' dir='ltr'><strong>συνοφθῆναι</strong></span> <span class='ocrx_word' id='word_1_101' title='bbox 612 1233 655 1259; x_wconf 85' lang='grc' dir='ltr'><strong>διὰ</strong></span> <span class='ocrx_word' id='word_1_102' title='bbox 669 1234 780 1260; x_wconf 83' lang='grc' dir='ltr'><strong>πάντων</strong></span> <span class='ocrx_word' id='word_1_103' title='bbox 790 1233 908 1266; x_wconf 65' lang='grc' dir='ltr'><strong>ἐλθοῦσι,</strong></span> 
     </span>
    </p>
   </div>
   <div class='ocr_carea' id='block_1_19' title="bbox 122 1279 910 1317">
    <p class='ocr_par' dir='ltr' id='par_1_19' title="bbox 122 1279 910 1317">
     <span class='ocr_line' id='line_1_19' title="bbox 122 1279 910 1317; baseline 0 -9"><span class='ocrx_word' id='word_1_104' title='bbox 122 1281 157 1308; x_wconf 82' lang='grc' dir='ltr'><strong>δι’</strong></span> <span class='ocrx_word' id='word_1_105' title='bbox 176 1279 213 1308; x_wconf 81' lang='grc' dir='ltr'><strong>ὧν</strong></span> <span class='ocrx_word' id='word_1_106' title='bbox 230 1282 245 1308; x_wconf 81' lang='grc' dir='ltr'><strong>ό</strong></span> <span class='ocrx_word' id='word_1_107' title='bbox 265 1282 360 1317; x_wconf 59' lang='grc' dir='ltr'><strong>Σωτὴρ</strong></span> <span class='ocrx_word' id='word_1_108' title='bbox 387 1279 464 1316; x_wconf 80' lang='grc' dir='ltr'><strong>ἦλθε,</strong></span> <span class='ocrx_word' id='word_1_109' title='bbox 481 1282 528 1309; x_wconf 75' lang='grc' dir='ltr'><strong>καὶ</strong></span> <span class='ocrx_word' id='word_1_110' title='bbox 544 1282 633 1308; x_wconf 84' lang='grc' dir='ltr'><strong>πάντα</strong></span> <span class='ocrx_word' id='word_1_111' title='bbox 658 1282 705 1308; x_wconf 72' lang='grc' dir='ltr'><strong>καὶ</strong></span> <span class='ocrx_word' id='word_1_112' title='bbox 728 1282 845 1308; x_wconf 78' lang='grc' dir='ltr'><strong>παθοῦσι</strong></span> <span class='ocrx_word' id='word_1_113' title='bbox 861 1281 910 1308; x_wconf 74' lang='grc' dir='ltr'><strong>καὶ</strong></span> 
     </span>
    </p>
   </div>
   <div class='ocr_carea' id='block_1_20' title="bbox 123 1326 909 1362">
    <p class='ocr_par' dir='ltr' id='par_1_20' title="bbox 123 1326 909 1362">
     <span class='ocr_line' id='line_1_20' title="bbox 123 1326 909 1362; baseline 0.001 -10"><span class='ocrx_word' id='word_1_114' title='bbox 123 1327 282 1362; x_wconf 80' lang='grc' dir='ltr'><strong>γενομένοις</strong></span> <span class='ocrx_word' id='word_1_115' title='bbox 297 1326 347 1353; x_wconf 77' lang='grc' dir='ltr'><strong>ὅσα</strong></span> <span class='ocrx_word' id='word_1_116' title='bbox 364 1327 478 1359; x_wconf 80' lang='grc' dir='ltr'><strong>ἐκεῖνος,</strong></span> <span class='ocrx_word' id='word_1_117' title='bbox 500 1327 618 1359; x_wconf 84' lang='grc' dir='ltr'><strong>Ἐκεῖνος</strong></span> <span class='ocrx_word' id='word_1_118' title='bbox 631 1327 722 1354; x_wconf 80' lang='grc' dir='ltr'><strong>τοίνυν</strong></span> <span class='ocrx_word' id='word_1_119' title='bbox 736 1327 830 1362; x_wconf 74' lang='grc' dir='ltr'><strong>ἠνώοη</strong></span> <span class='ocrx_word' id='word_1_120' title='bbox 859 1327 909 1361; x_wconf 75' lang='grc' dir='ltr'><strong>μὲν</strong></span> 
     </span>
    </p>
   </div>
   <div class='ocr_carea' id='block_1_21' title="bbox 121 1371 909 1407">
    <p class='ocr_par' dir='ltr' id='par_1_21' title="bbox 121 1371 909 1407">
     <span class='ocr_line' id='line_1_21' title="bbox 121 1371 909 1407; baseline 0 -9"><span class='ocrx_word' id='word_1_121' title='bbox 121 1372 222 1405; x_wconf 72' lang='grc' dir='ltr'><strong>αἵματι</strong></span> <span class='ocrx_word' id='word_1_122' title='bbox 236 1371 283 1398; x_wconf 72' lang='grc' dir='ltr'><strong>καὶ</strong></span> <span class='ocrx_word' id='word_1_123' title='bbox 296 1373 379 1407; x_wconf 76' lang='grc' dir='ltr'><strong>σαρκὶ</strong></span> <span class='ocrx_word' id='word_1_124' title='bbox 401 1372 493 1407; x_wconf 83' lang='grc' dir='ltr'><strong>πάσης</strong></span> <span class='ocrx_word' id='word_1_125' title='bbox 504 1372 637 1407; x_wconf 75' lang='grc' dir='ltr'><strong>καθαροῖς</strong></span> <span class='ocrx_word' id='word_1_126' title='bbox 652 1372 790 1407; x_wconf 77' lang='grc' dir='ltr'><strong>ἁμαρτίας</strong></span> <span class='ocrx_word' id='word_1_127' title='bbox 801 1380 808 1387; x_wconf 90' lang='grc'><strong>·</strong></span> <span class='ocrx_word' id='word_1_128' title='bbox 827 1371 909 1406; x_wconf 81' lang='grc' dir='ltr'><strong>φύσει</strong></span> 
     </span>
    </p>
   </div>
   <div class='ocr_carea' id='block_1_22' title="bbox 121 1417 908 1453">
    <p class='ocr_par' dir='ltr' id='par_1_22' title="bbox 121 1417 908 1453">
     <span class='ocr_line' id='line_1_22' title="bbox 121 1417 908 1453; baseline -0.001 -9"><span class='ocrx_word' id='word_1_129' title='bbox 121 1418 151 1444; x_wconf 74' lang='grc' dir='ltr'><strong>δὲ</strong></span> <span class='ocrx_word' id='word_1_130' title='bbox 166 1417 204 1444; x_wconf 84' lang='grc' dir='ltr'><strong>ὢν</strong></span> <span class='ocrx_word' id='word_1_131' title='bbox 220 1417 287 1449; x_wconf 76' lang='grc' dir='ltr'><strong>θεὸς</strong></span> <span class='ocrx_word' id='word_1_132' title='bbox 304 1418 385 1450; x_wconf 79' lang='grc' dir='ltr'><strong>αὐτὸς</strong></span> <span class='ocrx_word' id='word_1_133' title='bbox 414 1418 443 1451; x_wconf 78' lang='grc' dir='ltr'>ἐξ</span> <span class='ocrx_word' id='word_1_134' title='bbox 462 1417 551 1453; x_wconf 83' lang='grc' dir='ltr'><strong>ἀρχῆς</strong></span> <span class='ocrx_word' id='word_1_135' title='bbox 576 1418 622 1445; x_wconf 71' lang='grc' dir='ltr'><strong>καὶ</strong></span> <span class='ocrx_word' id='word_1_136' title='bbox 645 1418 724 1444; x_wconf 81' lang='grc' dir='ltr'><strong>τοῦτο</strong></span> <span class='ocrx_word' id='word_1_137' title='bbox 735 1418 877 1450; x_wconf 83' lang='grc' dir='ltr'><strong>τεθέωκεν,</strong></span> <span class='ocrx_word' id='word_1_138' title='bbox 894 1417 908 1443; x_wconf 80' lang='grc' dir='ltr'><strong>ὃ</strong></span> 
     </span>
    </p>
   </div>
   <div class='ocr_carea' id='block_1_23' title="bbox 121 1463 907 1499">
    <p class='ocr_par' dir='ltr' id='par_1_23' title="bbox 121 1463 907 1499">
     <span class='ocr_line' id='line_1_23' title="bbox 121 1463 907 1499; baseline 0 -9"><span class='ocrx_word' id='word_1_139' title='bbox 121 1464 236 1497; x_wconf 80' lang='grc' dir='ltr'><strong>γέγονεν</strong></span> <span class='ocrx_word' id='word_1_140' title='bbox 261 1463 384 1499; x_wconf 80' lang='grc' dir='ltr'><strong>ὕστερον,</strong></span> <span class='ocrx_word' id='word_1_141' title='bbox 406 1464 456 1498; x_wconf 87' lang='grc' dir='ltr'><strong>τὴν</strong></span> <span class='ocrx_word' id='word_1_142' title='bbox 470 1463 644 1499; x_wconf 78' lang='grc' dir='ltr'><strong>ἀνθρωπείαν</strong></span> <span class='ocrx_word' id='word_1_143' title='bbox 668 1463 759 1497; x_wconf 70' lang='grc' dir='ltr'><strong>φύσιν,</strong></span> <span class='ocrx_word' id='word_1_144' title='bbox 773 1463 907 1490; x_wconf 79' lang='grc' dir='ltr'><strong>τελευτῶν</strong></span> 
     </span>
    </p>
   </div>
   <div class='ocr_carea' id='block_1_24' title="bbox 120 1509 909 1545">
    <p class='ocr_par' dir='ltr' id='par_1_24' title="bbox 120 1509 909 1545">
     <span class='ocr_line' id='line_1_24' title="bbox 120 1509 909 1545; baseline -0.001 -9"><span class='ocrx_word' id='word_1_145' title='bbox 120 1510 150 1536; x_wconf 76' lang='grc' dir='ltr'><strong>δὲ</strong></span> <span class='ocrx_word' id='word_1_146' title='bbox 164 1510 211 1536; x_wconf 76' lang='grc' dir='ltr'><strong>καὶ</strong></span> <span class='ocrx_word' id='word_1_147' title='bbox 227 1509 346 1536; x_wconf 78' lang='grc' dir='ltr'><strong>ἀπέθανε</strong></span> <span class='ocrx_word' id='word_1_148' title='bbox 372 1510 422 1544; x_wconf 84' lang='grc' dir='ltr'><strong>τῆς</strong></span> <span class='ocrx_word' id='word_1_149' title='bbox 445 1510 548 1545; x_wconf 72' lang='grc' dir='ltr'><strong>σαρκὸς</strong></span> <span class='ocrx_word' id='word_1_150' title='bbox 564 1509 645 1536; x_wconf 75' lang='grc' dir='ltr'><strong>ἕνεκα</strong></span> <span class='ocrx_word' id='word_1_151' title='bbox 660 1510 708 1536; x_wconf 65' lang='grc' dir='ltr'><strong>καὶ</strong></span> <span class='ocrx_word' id='word_1_152' title='bbox 723 1510 834 1544; x_wconf 80' lang='grc' dir='ltr'><strong>ἀνέστη.</strong></span> <span class='ocrx_word' id='word_1_153' title='bbox 862 1510 909 1535; x_wconf 86' lang='grc' dir='ltr'><strong>Δεῖ</strong></span> 
     </span>
    </p>
   </div>
   <div class='ocr_carea' id='block_1_25' title="bbox 119 1553 907 1589">
    <p class='ocr_par' dir='ltr' id='par_1_25' title="bbox 119 1553 907 1589">
     <span class='ocr_line' id='line_1_25' title="bbox 119 1553 907 1589; baseline 0.001 -10"><span class='ocrx_word' id='word_1_154' title='bbox 119 1555 212 1580; x_wconf 76' lang='grc' dir='ltr'><strong>τοίνυν</strong></span> <span class='ocrx_word' id='word_1_155' title='bbox 239 1555 287 1581; x_wconf 80' lang='grc' dir='ltr'><strong>καὶ</strong></span> <span class='ocrx_word' id='word_1_156' title='bbox 310 1555 360 1589; x_wconf 80' lang='grc' dir='ltr'><strong>τῆς</strong></span> <span class='ocrx_word' id='word_1_157' title='bbox 386 1554 487 1589; x_wconf 78' lang='grc' dir='ltr'><strong>σαρκὸς</strong></span> <span class='ocrx_word' id='word_1_158' title='bbox 510 1554 585 1589; x_wconf 80' lang='grc' dir='ltr'><strong>αὐτῷ</strong></span> <span class='ocrx_word' id='word_1_159' title='bbox 611 1553 772 1589; x_wconf 75' lang='grc' dir='ltr'><strong>μεταλάδεῖν</strong></span> <span class='ocrx_word' id='word_1_160' title='bbox 788 1555 836 1581; x_wconf 71' lang='grc' dir='ltr'><strong>καὶ</strong></span> <span class='ocrx_word' id='word_1_161' title='bbox 858 1554 907 1588; x_wconf 81' lang='grc' dir='ltr'><strong>τῆς</strong></span> 
     </span>
    </p>
   </div>
   <div class='ocr_carea' id='block_1_26' title="bbox 121 1599 907 1634">
    <p class='ocr_par' dir='ltr' id='par_1_26' title="bbox 121 1599 907 1634">
     <span class='ocr_line' id='line_1_26' title="bbox 121 1599 907 1634; baseline 0.003 -10"><span class='ocrx_word' id='word_1_162' title='bbox 121 1599 248 1630; x_wconf 79' lang='grc' dir='ltr'><strong>οεώσεως</strong></span> <span class='ocrx_word' id='word_1_163' title='bbox 275 1601 420 1634; x_wconf 77' lang='grc' dir='ltr'><strong>μετασχεῖν</strong></span> <span class='ocrx_word' id='word_1_164' title='bbox 440 1600 486 1625; x_wconf 76' lang='grc' dir='ltr'><strong>καὶ</strong></span> <span class='ocrx_word' id='word_1_165' title='bbox 500 1599 548 1625; x_wconf 82' lang='grc' dir='ltr'><strong>τοῦ</strong></span> <span class='ocrx_word' id='word_1_166' title='bbox 563 1599 650 1632; x_wconf 66' lang='grc' dir='ltr'><strong>τάφου</strong></span> <span class='ocrx_word' id='word_1_167' title='bbox 666 1599 714 1625; x_wconf 83' lang='grc' dir='ltr'><strong>καὶ</strong></span> <span class='ocrx_word' id='word_1_168' title='bbox 728 1601 777 1633; x_wconf 79' lang='grc' dir='ltr'><strong>τῆς</strong></span> <span class='ocrx_word' id='word_1_169' title='bbox 790 1599 907 1626; x_wconf 80' lang='grc' dir='ltr'><strong>ἀναστά-</strong></span> 
     </span>
    </p>
   </div>
   <div class='ocr_carea' id='block_1_27' title="bbox 121 1644 907 1680">
    <p class='ocr_par' dir='ltr' id='par_1_27' title="bbox 121 1644 907 1680">
     <span class='ocr_line' id='line_1_27' title="bbox 121 1644 907 1680; baseline 0 -9"><span class='ocrx_word' id='word_1_170' title='bbox 121 1653 192 1676; x_wconf 76' lang='grc' dir='ltr'><strong>σει-ις</strong></span> <span class='ocrx_word' id='word_1_171' title='bbox 206 1646 372 1679; x_wconf 79' lang='grc' dir='ltr'><strong>κοινωνῆσαι</strong></span> <span class='ocrx_word' id='word_1_172' title='bbox 382 1645 428 1671; x_wconf 76' lang='grc' dir='ltr'><strong>τὸν</strong></span> <span class='ocrx_word' id='word_1_173' title='bbox 445 1645 614 1680; x_wconf 61' lang='grc' dir='ltr'><strong>συναιροῆνειι</strong></span> <span class='ocrx_word' id='word_1_174' title='bbox 629 1644 763 1680; x_wconf 77' lang='grc' dir='ltr'><strong>ζητοῦντα</strong></span> <span class='ocrx_word' id='word_1_175' title='bbox 776 1654 783 1660; x_wconf 95' lang='grc'><strong>·</strong></span> <span class='ocrx_word' id='word_1_176' title='bbox 811 1646 859 1672; x_wconf 68' lang='grc' dir='ltr'><strong>καὶ</strong></span> <span class='ocrx_word' id='word_1_177' title='bbox 874 1645 907 1680; x_wconf 82' lang='grc' dir='ltr'><strong>δὴ</strong></span> 
     </span>
    </p>
   </div>
   <div class='ocr_carea' id='block_1_28' title="bbox 121 1691 907 1726">
    <p class='ocr_par' dir='ltr' id='par_1_28' title="bbox 121 1691 907 1726">
     <span class='ocr_line' id='line_1_28' title="bbox 121 1691 907 1726; baseline 0.001 -9"><span class='ocrx_word' id='word_1_178' title='bbox 121 1691 314 1726; x_wconf 72' lang='grc' dir='ltr'><strong>βαπτιζόμεθά</strong></span> <span class='ocrx_word' id='word_1_179' title='bbox 349 1691 410 1725; x_wconf 73' lang='grc' dir='ltr'><strong>μὲν,</strong></span> <span class='ocrx_word' id='word_1_180' title='bbox 445 1691 488 1718; x_wconf 80' lang='grc' dir='ltr'><strong>ἵνα</strong></span> <span class='ocrx_word' id='word_1_181' title='bbox 511 1691 557 1718; x_wconf 78' lang='grc' dir='ltr'><strong>τὸν</strong></span> <span class='ocrx_word' id='word_1_182' title='bbox 583 1691 699 1718; x_wconf 74' lang='grc' dir='ltr'><strong>θάνατον</strong></span> <span class='ocrx_word' id='word_1_183' title='bbox 724 1692 907 1726; x_wconf 78' lang='grc' dir='ltr'><strong>ἀποθάνωμεν</strong></span> 
     </span>
    </p>
   </div>
   <div class='ocr_carea' id='block_1_29' title="bbox 119 1736 906 1773">
    <p class='ocr_par' dir='ltr' id='par_1_29' title="bbox 119 1736 906 1773">
     <span class='ocr_line' id='line_1_29' title="bbox 119 1736 906 1773; baseline 0.003 -11"><span class='ocrx_word' id='word_1_184' title='bbox 119 1737 225 1762; x_wconf 67' lang='grc' dir='ltr'><strong>ἐκεῖνον</strong></span> <span class='ocrx_word' id='word_1_185' title='bbox 243 1737 289 1762; x_wconf 71' lang='grc' dir='ltr'><strong>καὶ</strong></span> <span class='ocrx_word' id='word_1_186' title='bbox 300 1736 350 1771; x_wconf 82' lang='grc' dir='ltr'><strong>τὴν</strong></span> <span class='ocrx_word' id='word_1_187' title='bbox 374 1736 524 1763; x_wconf 75' lang='grc' dir='ltr'><strong>ἀνάστασιν</strong></span> <span class='ocrx_word' id='word_1_188' title='bbox 543 1737 716 1772; x_wconf 80' lang='grc' dir='ltr'><strong>ἀναστῶμεν,</strong></span> <span class='ocrx_word' id='word_1_189' title='bbox 729 1738 863 1773; x_wconf 84' lang='grc' dir='ltr'><strong>χριόμεοα</strong></span> <span class='ocrx_word' id='word_1_190' title='bbox 878 1738 906 1765; x_wconf 70' lang='grc' dir='ltr'><strong>δὲ</strong></span> 
     </span>
    </p>
   </div>
   <div class='ocr_carea' id='block_1_30' title="bbox 119 1781 906 1819">
    <p class='ocr_par' dir='ltr' id='par_1_30' title="bbox 119 1781 906 1819">
     <span class='ocr_line' id='line_1_30' title="bbox 119 1781 906 1819; baseline 0.003 -11"><span class='ocrx_word' id='word_1_191' title='bbox 119 1781 166 1809; x_wconf 82' lang='grc' dir='ltr'><strong>ἱνα</strong></span> <span class='ocrx_word' id='word_1_192' title='bbox 185 1781 232 1808; x_wconf 81' lang='grc' dir='ltr'><strong>τοῦ</strong></span> <span class='ocrx_word' id='word_1_193' title='bbox 244 1782 396 1817; x_wconf 77' lang='grc' dir='ltr'><strong>χρῖσματος</strong></span> <span class='ocrx_word' id='word_1_194' title='bbox 411 1782 458 1809; x_wconf 83' lang='grc' dir='ltr'><strong>τοῦ</strong></span> <span class='ocrx_word' id='word_1_195' title='bbox 476 1782 618 1817; x_wconf 80' lang='grc' dir='ltr'>βασιλικοῦ</span> <span class='ocrx_word' id='word_1_196' title='bbox 628 1785 678 1817; x_wconf 85' lang='grc' dir='ltr'><strong>τῆς</strong></span> <span class='ocrx_word' id='word_1_197' title='bbox 692 1783 816 1815; x_wconf 81' lang='grc' dir='ltr'><strong>θεώσεως</strong></span> <span class='ocrx_word' id='word_1_198' title='bbox 830 1784 906 1819; x_wconf 83' lang='grc' dir='ltr'><strong>αὐτῷ</strong></span> 
     </span>
    </p>
   </div>
   <div class='ocr_carea' id='block_1_31' title="bbox 118 1828 906 1865">
    <p class='ocr_par' dir='ltr' id='par_1_31' title="bbox 118 1828 906 1865">
     <span class='ocr_line' id='line_1_31' title="bbox 118 1828 906 1865; baseline 0.003 -11"><span class='ocrx_word' id='word_1_199' title='bbox 118 1828 265 1862; x_wconf 77' lang='grc' dir='ltr'><strong>γενώμεθά</strong></span> <span class='ocrx_word' id='word_1_200' title='bbox 294 1828 429 1855; x_wconf 80' lang='grc' dir='ltr'><strong>κοινωνοί.</strong></span> <span class='ocrx_word' id='word_1_201' title='bbox 458 1829 617 1863; x_wconf 86' lang='grc' dir='ltr'><strong>Σιτούμενοι</strong></span> <span class='ocrx_word' id='word_1_202' title='bbox 645 1829 674 1855; x_wconf 78' lang='grc' dir='ltr'><strong>δὲ</strong></span> <span class='ocrx_word' id='word_1_203' title='bbox 696 1830 742 1856; x_wconf 73' lang='grc' dir='ltr'><strong>τὸν</strong></span> <span class='ocrx_word' id='word_1_204' title='bbox 760 1829 906 1865; x_wconf 72' lang='grc' dir='ltr'><strong>ἱερώτατον</strong></span> 
     </span>
    </p>
   </div>
   <div class='ocr_carea' id='block_1_32' title="bbox 117 1874 905 1910">
    <p class='ocr_par' dir='ltr' id='par_1_32' title="bbox 117 1874 905 1910">
     <span class='ocr_line' id='line_1_32' title="bbox 117 1874 905 1910; baseline 0 -8"><span class='ocrx_word' id='word_1_205' title='bbox 117 1875 205 1910; x_wconf 82' lang='grc' dir='ltr'><strong>ἄρτον</strong></span> <span class='ocrx_word' id='word_1_206' title='bbox 221 1875 268 1902; x_wconf 75' lang='grc' dir='ltr'><strong>χαὶ</strong></span> <span class='ocrx_word' id='word_1_207' title='bbox 286 1875 333 1901; x_wconf 84' lang='grc' dir='ltr'><strong>τοῦ</strong></span> <span class='ocrx_word' id='word_1_208' title='bbox 352 1874 492 1901; x_wconf 67' lang='grc' dir='ltr'><strong>(λειοτάτου</strong></span> <span class='ocrx_word' id='word_1_209' title='bbox 510 1876 635 1907; x_wconf 82' lang='grc' dir='ltr'><strong>πίνοντες</strong></span> <span class='ocrx_word' id='word_1_210' title='bbox 659 1876 792 1910; x_wconf 83' lang='grc' dir='ltr'><strong>ποτηρίου</strong></span> <span class='ocrx_word' id='word_1_211' title='bbox 820 1876 905 1910; x_wconf 77' lang='grc' dir='ltr'><strong>αὐτῆς</strong></span> 
     </span>
    </p>
   </div>
   <div class='ocr_carea' id='block_1_33' title="bbox 121 1920 906 1957">
    <p class='ocr_par' dir='ltr' id='par_1_33' title="bbox 121 1920 906 1957">
     <span class='ocr_line' id='line_1_33' title="bbox 121 1920 906 1957; baseline 0.001 -10"><span class='ocrx_word' id='word_1_212' title='bbox 121 1921 276 1956; x_wconf 79' lang='grc' dir='ltr'><strong>μετέχομεν</strong></span> <span class='ocrx_word' id='word_1_213' title='bbox 288 1921 339 1956; x_wconf 84' lang='grc' dir='ltr'><strong>τῆς</strong></span> <span class='ocrx_word' id='word_1_214' title='bbox 359 1921 472 1955; x_wconf 79' lang='grc' dir='ltr'><strong>σαρκὸς,</strong></span> <span class='ocrx_word' id='word_1_215' title='bbox 489 1921 571 1947; x_wconf 79' lang='grc' dir='ltr'><strong>αὐτοῦ</strong></span> <span class='ocrx_word' id='word_1_216' title='bbox 587 1920 635 1947; x_wconf 79' lang='grc' dir='ltr'><strong>τοῦ</strong></span> <span class='ocrx_word' id='word_1_217' title='bbox 650 1921 778 1956; x_wconf 78' lang='grc' dir='ltr'><strong>αἳματος,</strong></span> <span class='ocrx_word' id='word_1_218' title='bbox 799 1922 852 1948; x_wconf 83' lang='grc' dir='ltr'><strong>τῶν</strong></span> <span class='ocrx_word' id='word_1_219' title='bbox 867 1922 906 1957; x_wconf 83' lang='grc' dir='ltr'><strong>τῷ</strong></span> 
     </span>
    </p>
   </div>
   <div class='ocr_carea' id='block_1_34' title="bbox 117 1967 906 2003">
    <p class='ocr_par' dir='ltr' id='par_1_34' title="bbox 117 1967 906 2003">
     <span class='ocr_line' id='line_1_34' title="bbox 117 1967 906 2003; baseline 0 -9"><span class='ocrx_word' id='word_1_220' title='bbox 117 1969 228 2003; x_wconf 82' lang='grc' dir='ltr'><strong>Σωτῆρι</strong></span> <span class='ocrx_word' id='word_1_221' title='bbox 252 1967 516 2003; x_wconf 57' lang='grc' dir='ltr'><strong>προσειλημμένων</strong></span> <span class='ocrx_word' id='word_1_222' title='bbox 547 1968 595 1994; x_wconf 70' lang='grc' dir='ltr'><strong>καὶ</strong></span> <span class='ocrx_word' id='word_1_223' title='bbox 619 1968 715 1994; x_wconf 79' lang='grc' dir='ltr'><strong>τοῦτον</strong></span> <span class='ocrx_word' id='word_1_224' title='bbox 745 1968 790 1994; x_wconf 77' lang='grc' dir='ltr'><strong>τὸν</strong></span> <span class='ocrx_word' id='word_1_225' title='bbox 806 1968 906 2003; x_wconf 84' lang='grc' dir='ltr'><strong>τρόπον</strong></span> 
     </span>
    </p>
   </div>
   <div class='ocr_carea' id='block_1_35' title="bbox 118 2013 905 2048">
    <p class='ocr_par' dir='ltr' id='par_1_35' title="bbox 118 2013 905 2048">
     <span class='ocr_line' id='line_1_35' title="bbox 118 2013 905 2048; baseline -0.001 -8"><span class='ocrx_word' id='word_1_226' title='bbox 118 2013 318 2048; x_wconf 74' lang='grc' dir='ltr'><strong>συναπτόμεοα</strong></span> <span class='ocrx_word' id='word_1_227' title='bbox 342 2013 381 2047; x_wconf 84' lang='grc' dir='ltr'><strong>τῷ</strong></span> <span class='ocrx_word' id='word_1_228' title='bbox 403 2013 474 2048; x_wconf 72' lang='grc' dir='ltr'><strong>ὑπὲρ</strong></span> <span class='ocrx_word' id='word_1_229' title='bbox 489 2013 568 2048; x_wconf 81' lang='grc' dir='ltr'><strong>ἡμῶν</strong></span> <span class='ocrx_word' id='word_1_230' title='bbox 580 2013 750 2048; x_wconf 71' lang='grc' dir='ltr'><strong>σάρκωοέντι</strong></span> <span class='ocrx_word' id='word_1_231' title='bbox 773 2014 820 2040; x_wconf 76' lang='grc' dir='ltr'><strong>καὶ</strong></span> <span class='ocrx_word' id='word_1_232' title='bbox 837 2014 905 2040; x_wconf 81' lang='grc' dir='ltr'><strong>θεω-</strong></span> 
     </span>
    </p>
   </div>
   <div class='ocr_carea' id='block_1_36' title="bbox 119 2058 906 2095">
    <p class='ocr_par' dir='ltr' id='par_1_36' title="bbox 119 2058 906 2095">
     <span class='ocr_line' id='line_1_36' title="bbox 119 2058 906 2095; baseline -0.003 -7"><span class='ocrx_word' id='word_1_233' title='bbox 119 2063 194 2088; x_wconf 67' lang='lat' dir='ltr'><strong>an</strong></span> <span class='ocrx_word' id='word_1_234' title='bbox 209 2062 256 2087; x_wconf 69' lang='grc' dir='ltr'><strong>καὶ</strong></span> <span class='ocrx_word' id='word_1_235' title='bbox 273 2060 438 2087; x_wconf 79' lang='grc' dir='ltr'><strong>ἀποθανόντι</strong></span> <span class='ocrx_word' id='word_1_236' title='bbox 454 2061 500 2087; x_wconf 79' lang='grc' dir='ltr'><strong>καὶ</strong></span> <span class='ocrx_word' id='word_1_237' title='bbox 521 2061 680 2087; x_wconf 73' lang='grc' dir='ltr'><strong>ἀναστάντι.</strong></span> <span class='ocrx_word' id='word_1_238' title='bbox 695 2060 728 2086; x_wconf 86' lang='grc' dir='ltr'><strong>Τί</strong></span> <span class='ocrx_word' id='word_1_239' title='bbox 742 2058 790 2086; x_wconf 82' lang='grc' dir='ltr'><strong>οὖν</strong></span> <span class='ocrx_word' id='word_1_240' title='bbox 807 2060 844 2095; x_wconf 82' lang='grc' dir='ltr'><strong>μὴ</strong></span> <span class='ocrx_word' id='word_1_241' title='bbox 860 2060 906 2086; x_wconf 71' lang='grc' dir='ltr'><strong>καὶ</strong></span> 
     </span>
    </p>
   </div>
   <div class='ocr_carea' id='block_1_37' title="bbox 117 2103 904 2143">
    <p class='ocr_par' dir='ltr' id='par_1_37' title="bbox 117 2103 904 2143">
     <span class='ocr_line' id='line_1_37' title="bbox 117 2103 904 2143; baseline -0.003 -9"><span class='ocrx_word' id='word_1_242' title='bbox 117 2109 168 2143; x_wconf 76' lang='grc' dir='ltr'><strong>τὴν</strong></span> <span class='ocrx_word' id='word_1_243' title='bbox 184 2108 270 2143; x_wconf 78' lang='grc' dir='ltr'><strong>αὐτὴν</strong></span> <span class='ocrx_word' id='word_1_244' title='bbox 283 2107 382 2142; x_wconf 77' lang='grc' dir='ltr'><strong>ἐκείνῳ</strong></span> <span class='ocrx_word' id='word_1_245' title='bbox 396 2106 520 2141; x_wconf 79' lang='grc' dir='ltr'><strong>σώζομεν</strong></span> <span class='ocrx_word' id='word_1_246' title='bbox 542 2106 632 2139; x_wconf 80' lang='grc' dir='ltr'><strong>τάξιν,</strong></span> <span class='ocrx_word' id='word_1_247' title='bbox 649 2103 784 2132; x_wconf 65' lang='grc' dir='ltr'><strong>ἀλλ”ὄοεν</strong></span> <span class='ocrx_word' id='word_1_248' title='bbox 799 2107 904 2141; x_wconf 75' lang='grc' dir='ltr'><strong>ἔληξεν,</strong></span> 
     </span>
    </p>
   </div>
   <div class='ocr_carea' id='block_1_38' title="bbox 117 2150 904 2189">
    <p class='ocr_par' dir='ltr' id='par_1_38' title="bbox 117 2150 904 2189">
     <span class='ocr_line' id='line_1_38' title="bbox 117 2150 904 2189; baseline -0.001 -10"><span class='ocrx_word' id='word_1_249' title='bbox 117 2154 276 2189; x_wconf 62' lang='grc' dir='ltr'><strong>ἀρχόμενοι,</strong></span> <span class='ocrx_word' id='word_1_250' title='bbox 294 2154 322 2179; x_wconf 79' lang='grc' dir='ltr'><strong>ἐν</strong></span> <span class='ocrx_word' id='word_1_251' title='bbox 338 2150 377 2183; x_wconf 79' lang='grc' dir='ltr'><strong>οἷς</strong></span> <span class='ocrx_word' id='word_1_252' title='bbox 390 2153 491 2182; x_wconf 70' lang='grc' dir='ltr'><strong>ἐκεῖνος</strong></span> <span class='ocrx_word' id='word_1_253' title='bbox 504 2152 613 2187; x_wconf 61' lang='lat' dir='ltr'><strong>ﬁcium,</strong></span> <span class='ocrx_word' id='word_1_254' title='bbox 631 2152 823 2186; x_wconf 79' lang='grc' dir='ltr'><strong>τελευτῶμεν;</strong></span> <span class='ocrx_word' id='word_1_255' title='bbox 843 2152 904 2179; x_wconf 84' lang='grc' dir='ltr'><strong>’Ὁτι</strong></span> 
     </span>
    </p>
   </div>
   <div class='ocr_carea' id='block_1_39' title="bbox 117 2197 905 2234">
    <p class='ocr_par' dir='ltr' id='par_1_39' title="bbox 117 2197 905 2234">
     <span class='ocr_line' id='line_1_39' title="bbox 117 2197 905 2234; baseline -0.003 -8"><span class='ocrx_word' id='word_1_256' title='bbox 117 2200 254 2234; x_wconf 63' lang='grc' dir='ltr'><strong>κατῆλθεν</strong></span> <span class='ocrx_word' id='word_1_257' title='bbox 270 2199 303 2225; x_wconf 79' lang='grc' dir='ltr'><strong>ἵν’</strong></span> <span class='ocrx_word' id='word_1_258' title='bbox 318 2199 398 2233; x_wconf 78' lang='grc' dir='ltr'><strong>ἡμεῖς</strong></span> <span class='ocrx_word' id='word_1_259' title='bbox 413 2199 581 2233; x_wconf 78' lang='grc' dir='ltr'><strong>ἀνέλθωμεν,</strong></span> <span class='ocrx_word' id='word_1_260' title='bbox 606 2198 715 2233; x_wconf 79' lang='grc' dir='ltr'><strong>καὶτῆς</strong></span> <span class='ocrx_word' id='word_1_261' title='bbox 731 2197 818 2232; x_wconf 78' lang='grc' dir='ltr'><strong>αὐτῆς</strong></span> <span class='ocrx_word' id='word_1_262' title='bbox 839 2199 905 2225; x_wconf 85' lang='grc' dir='ltr'><strong>ὑπο-</strong></span> 
     </span>
    </p>
   </div>
   <div class='ocr_carea' id='block_1_40' title="bbox 962 962 1746 1000">
    <p class='ocr_par' dir='ltr' id='par_1_40' title="bbox 962 962 1746 1000">
     <span class='ocr_line' id='line_1_40' title="bbox 962 962 1746 1000; baseline 0.011 -12"><span class='ocrx_word' id='word_1_263' title='bbox 962 966 988 988; x_wconf 88' lang='lat' dir='ltr'><strong>et</strong></span> <span class='ocrx_word' id='word_1_264' title='bbox 1004 962 1152 994; x_wconf 68' lang='lat' dir='ltr'><strong>cohaerere.</strong></span> <span class='ocrx_word' id='word_1_265' title='bbox 1170 963 1240 991; x_wconf 91' lang='lat' dir='ltr'><strong>libro</strong></span> <span class='ocrx_word' id='word_1_266' title='bbox 1263 963 1388 998; x_wconf 85' lang='lat' dir='ltr'><strong>proxime</strong></span> <span class='ocrx_word' id='word_1_267' title='bbox 1413 966 1556 1000; x_wconf 82' lang='lat' dir='ltr'><strong>superiore</strong></span> <span class='ocrx_word' id='word_1_268' title='bbox 1571 964 1746 996; x_wconf 83' lang='lat' dir='ltr'><strong>demonstra-</strong></span> 
     </span>
    </p>
   </div>
   <div class='ocr_carea' id='block_1_41' title="bbox 962 1006 1745 1047">
    <p class='ocr_par' dir='ltr' id='par_1_41' title="bbox 962 1006 1745 1047">
     <span class='ocr_line' id='line_1_41' title="bbox 962 1006 1745 1047; baseline 0.013 -15"><span class='ocrx_word' id='word_1_269' title='bbox 962 1010 1020 1033; x_wconf 91' lang='lat' dir='ltr'><strong>tum</strong></span> <span class='ocrx_word' id='word_1_270' title='bbox 1036 1013 1086 1034; x_wconf 86' lang='lat' dir='ltr'><strong>est.</strong></span> <span class='ocrx_word' id='word_1_271' title='bbox 1102 1006 1245 1040; x_wconf 86' lang='lat' dir='ltr'><strong>Quomodo</strong></span> <span class='ocrx_word' id='word_1_272' title='bbox 1260 1013 1352 1036; x_wconf 84' lang='lat' dir='ltr'><strong>autem</strong></span> <span class='ocrx_word' id='word_1_273' title='bbox 1369 1012 1586 1047; x_wconf 86' lang='lat' dir='ltr'><strong>unumquodque</strong></span> <span class='ocrx_word' id='word_1_274' title='bbox 1602 1021 1649 1047; x_wconf 87' lang='lat' dir='ltr'><strong>per</strong></span> <span class='ocrx_word' id='word_1_275' title='bbox 1665 1022 1694 1042; x_wconf 89' lang='lat' dir='ltr'><strong>se</strong></span> <span class='ocrx_word' id='word_1_276' title='bbox 1712 1015 1745 1042; x_wconf 79' lang='lat' dir='ltr'><strong>ad</strong></span> 
     </span>
    </p>
   </div>
   <div class='ocr_carea' id='block_1_42' title="bbox 962 1053 1744 1093">
    <p class='ocr_par' dir='ltr' id='par_1_42' title="bbox 962 1053 1744 1093">
     <span class='ocr_line' id='line_1_42' title="bbox 962 1053 1744 1093; baseline 0.012 -15"><span class='ocrx_word' id='word_1_277' title='bbox 962 1059 1021 1078; x_wconf 80' lang='lat' dir='ltr'><strong>eam</strong></span> <span class='ocrx_word' id='word_1_278' title='bbox 1056 1053 1212 1087; x_wconf 85' lang='lat' dir='ltr'><strong>pertineat.</strong></span> <span class='ocrx_word' id='word_1_279' title='bbox 1238 1054 1363 1090; x_wconf 73' lang='lat' dir='ltr'><strong>sequitur</strong></span> <span class='ocrx_word' id='word_1_280' title='bbox 1387 1061 1416 1084; x_wconf 87' lang='lat' dir='ltr'><strong>ut</strong></span> <span class='ocrx_word' id='word_1_281' title='bbox 1441 1056 1613 1093; x_wconf 79' lang='lat' dir='ltr'><strong>indagemus.</strong></span> <span class='ocrx_word' id='word_1_282' title='bbox 1632 1058 1691 1087; x_wconf 77' lang='lat' dir='ltr'><strong>Vita</strong></span> <span class='ocrx_word' id='word_1_283' title='bbox 1718 1060 1744 1087; x_wconf 92' lang='lat' dir='ltr'><strong>in</strong></span> 
     </span>
    </p>
   </div>
   <div class='ocr_carea' id='block_1_43' title="bbox 961 1097 1745 1139">
    <p class='ocr_par' dir='ltr' id='par_1_43' title="bbox 961 1097 1745 1139">
     <span class='ocr_line' id='line_1_43' title="bbox 961 1097 1745 1139; baseline 0.011 -15"><span class='ocrx_word' id='word_1_284' title='bbox 961 1097 1073 1125; x_wconf 78' lang='lat' dir='ltr'><strong>Christo</strong></span> <span class='ocrx_word' id='word_1_285' title='bbox 1104 1107 1157 1127; x_wconf 93' lang='lat' dir='ltr'><strong>non</strong></span> <span class='ocrx_word' id='word_1_286' title='bbox 1191 1100 1265 1127; x_wconf 86' lang='lat' dir='ltr'><strong>aliud</strong></span> <span class='ocrx_word' id='word_1_287' title='bbox 1296 1104 1354 1134; x_wconf 83' lang='lat' dir='ltr'><strong>est,</strong></span> <span class='ocrx_word' id='word_1_288' title='bbox 1380 1110 1461 1138; x_wconf 89' lang='lat' dir='ltr'><strong>quam</strong></span> <span class='ocrx_word' id='word_1_289' title='bbox 1496 1104 1681 1139; x_wconf 82' lang='lat' dir='ltr'><strong>conglutinari</strong></span> <span class='ocrx_word' id='word_1_290' title='bbox 1718 1106 1745 1133; x_wconf 91' lang='lat' dir='ltr'><strong>in</strong></span> 
     </span>
    </p>
   </div>
   <div class='ocr_carea' id='block_1_44' title="bbox 960 1141 1748 1183">
    <p class='ocr_par' dir='ltr' id='par_1_44' title="bbox 960 1141 1748 1183">
     <span class='ocr_line' id='line_1_44' title="bbox 960 1141 1748 1183; baseline 0.01 -13"><span class='ocrx_word' id='word_1_291' title='bbox 960 1141 1149 1178; x_wconf 86' lang='lat' dir='ltr'><strong>Christo.Quo</strong></span> <span class='ocrx_word' id='word_1_292' title='bbox 1158 1152 1250 1173; x_wconf 77' lang='lat' dir='ltr'><strong>autent</strong></span> <span class='ocrx_word' id='word_1_293' title='bbox 1272 1148 1354 1174; x_wconf 86' lang='lat' dir='ltr'><strong>modo</strong></span> <span class='ocrx_word' id='word_1_294' title='bbox 1370 1155 1540 1183; x_wconf 57' lang='lat' dir='ltr'><strong>unaquaque</strong></span> <span class='ocrx_word' id='word_1_295' title='bbox 1557 1149 1675 1178; x_wconf 82' lang='lat' dir='ltr'><strong>initiatio</strong></span> <span class='ocrx_word' id='word_1_296' title='bbox 1695 1149 1748 1178; x_wconf 90' lang='lat' dir='ltr'><strong>iui-</strong></span> 
     </span>
    </p>
   </div>
   <div class='ocr_carea' id='block_1_45' title="bbox 960 1190 1745 1230">
    <p class='ocr_par' dir='ltr' id='par_1_45' title="bbox 960 1190 1745 1230">
     <span class='ocr_line' id='line_1_45' title="bbox 960 1190 1745 1230; baseline 0.011 -14"><span class='ocrx_word' id='word_1_297' title='bbox 960 1190 1042 1217; x_wconf 82' lang='lat' dir='ltr'><strong>tiatos</strong></span> <span class='ocrx_word' id='word_1_298' title='bbox 1057 1198 1119 1218; x_wconf 90' lang='lat' dir='ltr'><strong>cmn</strong></span> <span class='ocrx_word' id='word_1_299' title='bbox 1135 1191 1246 1219; x_wconf 77' lang='lat' dir='ltr'><strong>Christo</strong></span> <span class='ocrx_word' id='word_1_300' title='bbox 1257 1193 1435 1227; x_wconf 78' lang='lat' dir='ltr'><strong>conglutinet,</strong></span> <span class='ocrx_word' id='word_1_301' title='bbox 1453 1202 1526 1222; x_wconf 89' lang='lat' dir='ltr'><strong>nunc</strong></span> <span class='ocrx_word' id='word_1_302' title='bbox 1537 1195 1745 1230; x_wconf 81' lang='lat' dir='ltr'><strong>explicabimus.</strong></span> 
     </span>
    </p>
   </div>
   <div class='ocr_carea' id='block_1_46' title="bbox 997 1235 1746 1277">
    <p class='ocr_par' dir='ltr' id='par_1_46' title="bbox 997 1235 1746 1277">
     <span class='ocr_line' id='line_1_46' title="bbox 997 1235 1746 1277; baseline 0.012 -15"><span class='ocrx_word' id='word_1_303' title='bbox 997 1235 1072 1263; x_wconf 85' lang='lat' dir='ltr'><strong>Licet</strong></span> <span class='ocrx_word' id='word_1_304' title='bbox 1089 1236 1172 1270; x_wconf 76' lang='lat' dir='ltr'><strong>igitur</strong></span> <span class='ocrx_word' id='word_1_305' title='bbox 1186 1245 1249 1265; x_wconf 91' lang='lat' dir='ltr'><strong>cum</strong></span> <span class='ocrx_word' id='word_1_306' title='bbox 1267 1238 1377 1266; x_wconf 86' lang='lat' dir='ltr'><strong>Christo</strong></span> <span class='ocrx_word' id='word_1_307' title='bbox 1406 1240 1535 1276; x_wconf 73' lang='lat' dir='ltr'><strong>conjungi</strong></span> <span class='ocrx_word' id='word_1_308' title='bbox 1556 1249 1604 1270; x_wconf 86' lang='lat' dir='ltr'><strong>eos</strong></span> <span class='ocrx_word' id='word_1_309' title='bbox 1621 1244 1666 1277; x_wconf 85' lang='lat' dir='ltr'><strong>qui</strong></span> <span class='ocrx_word' id='word_1_310' title='bbox 1681 1251 1746 1277; x_wconf 85' lang='lat' dir='ltr'><strong>per-</strong></span> 
     </span>
    </p>
   </div>
   <div class='ocr_carea' id='block_1_47' title="bbox 960 1281 1746 1324">
    <p class='ocr_par' dir='ltr' id='par_1_47' title="bbox 960 1281 1746 1324">
     <span class='ocr_line' id='line_1_47' title="bbox 960 1281 1746 1324; baseline 0.013 -17"><span class='ocrx_word' id='word_1_311' title='bbox 960 1281 1130 1309; x_wconf 84' lang='lat' dir='ltr'><strong>transierunt</strong></span> <span class='ocrx_word' id='word_1_312' title='bbox 1148 1283 1251 1315; x_wconf 74' lang='lat' dir='ltr'><strong>omnis,</strong></span> <span class='ocrx_word' id='word_1_313' title='bbox 1269 1290 1317 1318; x_wconf 85' lang='lat' dir='ltr'><strong>per</strong></span> <span class='ocrx_word' id='word_1_314' title='bbox 1331 1291 1391 1318; x_wconf 67' lang='lat' dir='ltr'><strong>quae</strong></span> <span class='ocrx_word' id='word_1_315' title='bbox 1414 1283 1459 1312; x_wconf 87' lang='lat' dir='ltr'><strong>ille</strong></span> <span class='ocrx_word' id='word_1_316' title='bbox 1473 1287 1608 1320; x_wconf 86' lang='lat' dir='ltr'><strong>transivit,</strong></span> <span class='ocrx_word' id='word_1_317' title='bbox 1625 1287 1746 1324; x_wconf 76' lang='lat' dir='ltr'><strong>iactique</strong></span> 
     </span>
    </p>
   </div>
   <div class='ocr_carea' id='block_1_48' title="bbox 959 1328 1746 1368">
    <p class='ocr_par' dir='ltr' id='par_1_48' title="bbox 959 1328 1746 1368">
     <span class='ocr_line' id='line_1_48' title="bbox 959 1328 1746 1368; baseline 0.011 -15"><span class='ocrx_word' id='word_1_318' title='bbox 959 1331 1024 1354; x_wconf 86' lang='lat' dir='ltr'><strong>sunt</strong></span> <span class='ocrx_word' id='word_1_319' title='bbox 1042 1332 1070 1354; x_wconf 87' lang='lat' dir='ltr'><strong>et</strong></span> <span class='ocrx_word' id='word_1_320' title='bbox 1090 1329 1209 1362; x_wconf 83' lang='lat' dir='ltr'><strong>perpessi</strong></span> <span class='ocrx_word' id='word_1_321' title='bbox 1224 1329 1317 1356; x_wconf 83' lang='lat' dir='ltr'><strong>Omnia</strong></span> <span class='ocrx_word' id='word_1_322' title='bbox 1337 1337 1398 1364; x_wconf 67' lang='lat' dir='ltr'><strong>quae</strong></span> <span class='ocrx_word' id='word_1_323' title='bbox 1416 1328 1472 1358; x_wconf 84' lang='lat' dir='ltr'><strong>ille.</strong></span> <span class='ocrx_word' id='word_1_324' title='bbox 1501 1330 1627 1360; x_wconf 88' lang='lat' dir='ltr'><strong>Christus</strong></span> <span class='ocrx_word' id='word_1_325' title='bbox 1654 1333 1746 1368; x_wconf 68' lang='lat' dir='ltr'><strong>itaque</strong></span> 
     </span>
    </p>
   </div>
   <div class='ocr_carea' id='block_1_49' title="bbox 960 1374 1746 1412">
    <p class='ocr_par' dir='ltr' id='par_1_49' title="bbox 960 1374 1746 1412">
     <span class='ocr_line' id='line_1_49' title="bbox 960 1374 1746 1412; baseline 0.01 -13"><span class='ocrx_word' id='word_1_326' title='bbox 960 1379 1043 1400; x_wconf 87' lang='lat' dir='ltr'><strong>carne</strong></span> <span class='ocrx_word' id='word_1_327' title='bbox 1063 1376 1089 1399; x_wconf 90' lang='lat' dir='ltr'><strong>et</strong></span> <span class='ocrx_word' id='word_1_328' title='bbox 1105 1374 1236 1408; x_wconf 75' lang='lat' dir='ltr'><strong>sanguine</strong></span> <span class='ocrx_word' id='word_1_329' title='bbox 1259 1376 1350 1402; x_wconf 85' lang='lat' dir='ltr'><strong>omnis</strong></span> <span class='ocrx_word' id='word_1_330' title='bbox 1371 1377 1472 1410; x_wconf 79' lang='lat' dir='ltr'><strong>peccati</strong></span> <span class='ocrx_word' id='word_1_331' title='bbox 1499 1379 1660 1412; x_wconf 83' lang='lat' dir='ltr'><strong>expertibus</strong></span> <span class='ocrx_word' id='word_1_332' title='bbox 1681 1387 1746 1407; x_wconf 88' lang='lat' dir='ltr'><strong>cou-</strong></span> 
     </span>
    </p>
   </div>
   <div class='ocr_carea' id='block_1_50' title="bbox 957 1417 1744 1456">
    <p class='ocr_par' dir='ltr' id='par_1_50' title="bbox 957 1417 1744 1456">
     <span class='ocr_line' id='line_1_50' title="bbox 957 1417 1744 1456; baseline 0.011 -13"><span class='ocrx_word' id='word_1_333' title='bbox 957 1417 1070 1452; x_wconf 90' lang='lat' dir='ltr'><strong>jnnctus</strong></span> <span class='ocrx_word' id='word_1_334' title='bbox 1083 1422 1110 1445; x_wconf 90' lang='lat' dir='ltr'><strong>et</strong></span> <span class='ocrx_word' id='word_1_335' title='bbox 1130 1419 1222 1446; x_wconf 89' lang='lat' dir='ltr'><strong>uuitus</strong></span> <span class='ocrx_word' id='word_1_336' title='bbox 1240 1424 1293 1446; x_wconf 81' lang='lat' dir='ltr'><strong>est.</strong></span> <span class='ocrx_word' id='word_1_337' title='bbox 1312 1420 1436 1456; x_wconf 89' lang='lat' dir='ltr'><strong>Cumque</strong></span> <span class='ocrx_word' id='word_1_338' title='bbox 1451 1420 1521 1450; x_wconf 86' lang='lat' dir='ltr'><strong>Deus</strong></span> <span class='ocrx_word' id='word_1_339' title='bbox 1547 1429 1619 1451; x_wconf 69' lang='lat' dir='ltr'><strong>esset</strong></span> <span class='ocrx_word' id='word_1_340' title='bbox 1637 1425 1671 1451; x_wconf 90' lang='lat' dir='ltr'><strong>ab</strong></span> <span class='ocrx_word' id='word_1_341' title='bbox 1692 1425 1744 1452; x_wconf 91' lang='lat' dir='ltr'><strong>lui-</strong></span> 
     </span>
    </p>
   </div>
   <div class='ocr_carea' id='block_1_51' title="bbox 960 1463 1744 1500">
    <p class='ocr_par' dir='ltr' id='par_1_51' title="bbox 960 1463 1744 1500">
     <span class='ocr_line' id='line_1_51' title="bbox 960 1463 1744 1500; baseline 0.009 -11"><span class='ocrx_word' id='word_1_342' title='bbox 960 1463 1008 1495; x_wconf 84' lang='lat' dir='ltr'><strong>tio,</strong></span> <span class='ocrx_word' id='word_1_343' title='bbox 1027 1463 1108 1490; x_wconf 89' lang='lat' dir='ltr'><strong>etiam</strong></span> <span class='ocrx_word' id='word_1_344' title='bbox 1130 1464 1191 1496; x_wconf 89' lang='lat' dir='ltr'><strong>hoc,</strong></span> <span class='ocrx_word' id='word_1_345' title='bbox 1208 1464 1280 1499; x_wconf 84' lang='lat' dir='ltr'><strong>quod</strong></span> <span class='ocrx_word' id='word_1_346' title='bbox 1302 1469 1394 1499; x_wconf 83' lang='lat' dir='ltr'><strong>postea</strong></span> <span class='ocrx_word' id='word_1_347' title='bbox 1423 1466 1512 1493; x_wconf 82' lang='lat' dir='ltr'><strong>factus</strong></span> <span class='ocrx_word' id='word_1_348' title='bbox 1534 1471 1585 1500; x_wconf 87' lang='lat' dir='ltr'><strong>est,</strong></span> <span class='ocrx_word' id='word_1_349' title='bbox 1603 1468 1744 1497; x_wconf 82' lang='lat' dir='ltr'><strong>divinitate</strong></span> 
     </span>
    </p>
   </div>
   <div class='ocr_carea' id='block_1_52' title="bbox 960 1507 1744 1542">
    <p class='ocr_par' dir='ltr' id='par_1_52' title="bbox 960 1507 1744 1542">
     <span class='ocr_line' id='line_1_52' title="bbox 960 1507 1744 1542; baseline 0.009 -7"><span class='ocrx_word' id='word_1_350' title='bbox 960 1507 1062 1540; x_wconf 75' lang='lat' dir='ltr'><strong>aﬂ‘ecit,</strong></span> <span class='ocrx_word' id='word_1_351' title='bbox 1082 1509 1230 1537; x_wconf 80' lang='lat' dir='ltr'><strong>humanam</strong></span> <span class='ocrx_word' id='word_1_352' title='bbox 1245 1515 1372 1538; x_wconf 84' lang='lat' dir='ltr'><strong>naturam</strong></span> <span class='ocrx_word' id='word_1_353' title='bbox 1388 1511 1525 1540; x_wconf 85' lang='lat' dir='ltr'><strong>videlicet.</strong></span> <span class='ocrx_word' id='word_1_354' title='bbox 1542 1513 1662 1541; x_wconf 89' lang='lat' dir='ltr'><strong>Tandem</strong></span> <span class='ocrx_word' id='word_1_355' title='bbox 1681 1522 1744 1542; x_wconf 83' lang='lat' dir='ltr'><strong>cnr-</strong></span> 
     </span>
    </p>
   </div>
   <div class='ocr_carea' id='block_1_53' title="bbox 961 1554 1744 1591">
    <p class='ocr_par' dir='ltr' id='par_1_53' title="bbox 961 1554 1744 1591">
     <span class='ocr_line' id='line_1_53' title="bbox 961 1554 1744 1591; baseline 0.011 -12"><span class='ocrx_word' id='word_1_356' title='bbox 961 1554 1002 1580; x_wconf 93' lang='lat' dir='ltr'><strong>nis</strong></span> <span class='ocrx_word' id='word_1_357' title='bbox 1017 1555 1102 1589; x_wconf 76' lang='lat' dir='ltr'><strong>gratia</strong></span> <span class='ocrx_word' id='word_1_358' title='bbox 1121 1560 1236 1582; x_wconf 83' lang='lat' dir='ltr'><strong>mortem</strong></span> <span class='ocrx_word' id='word_1_359' title='bbox 1251 1563 1358 1591; x_wconf 89' lang='lat' dir='ltr'><strong>quoque</strong></span> <span class='ocrx_word' id='word_1_360' title='bbox 1373 1557 1484 1590; x_wconf 81' lang='lat' dir='ltr'><strong>subivit,</strong></span> <span class='ocrx_word' id='word_1_361' title='bbox 1499 1563 1526 1586; x_wconf 90' lang='lat' dir='ltr'><strong>et</strong></span> <span class='ocrx_word' id='word_1_362' title='bbox 1542 1559 1568 1586; x_wconf 91' lang='lat' dir='ltr'><strong>in</strong></span> <span class='ocrx_word' id='word_1_363' title='bbox 1585 1560 1667 1587; x_wconf 85' lang='lat' dir='ltr'><strong>vitam</strong></span> <span class='ocrx_word' id='word_1_364' title='bbox 1684 1568 1744 1588; x_wconf 86' lang='lat' dir='ltr'><strong>sese</strong></span> 
     </span>
    </p>
   </div>
   <div class='ocr_carea' id='block_1_54' title="bbox 960 1600 1742 1636">
    <p class='ocr_par' dir='ltr' id='par_1_54' title="bbox 960 1600 1742 1636">
     <span class='ocr_line' id='line_1_54' title="bbox 960 1600 1742 1636; baseline 0.009 -10"><span class='ocrx_word' id='word_1_365' title='bbox 960 1601 1108 1627; x_wconf 87' lang='lat' dir='ltr'><strong>revocavit.</strong></span> <span class='ocrx_word' id='word_1_366' title='bbox 1117 1600 1229 1635; x_wconf 86' lang='lat' dir='ltr'><strong>Oportet</strong></span> <span class='ocrx_word' id='word_1_367' title='bbox 1240 1609 1303 1636; x_wconf 78' lang='lat' dir='ltr'><strong>ergo</strong></span> <span class='ocrx_word' id='word_1_368' title='bbox 1317 1606 1345 1629; x_wconf 89' lang='lat' dir='ltr'><strong>et</strong></span> <span class='ocrx_word' id='word_1_369' title='bbox 1357 1602 1383 1629; x_wconf 96' lang='lat' dir='ltr'><strong>iu</strong></span> <span class='ocrx_word' id='word_1_370' title='bbox 1396 1610 1477 1630; x_wconf 85' lang='lat' dir='ltr'><strong>carne</strong></span> <span class='ocrx_word' id='word_1_371' title='bbox 1488 1603 1561 1632; x_wconf 90' lang='lat' dir='ltr'><strong>illius</strong></span> <span class='ocrx_word' id='word_1_372' title='bbox 1577 1612 1742 1636; x_wconf 72' lang='lat' dir='ltr'><strong>consortem.</strong></span> 
     </span>
    </p>
   </div>
   <div class='ocr_carea' id='block_1_55' title="bbox 958 1645 1743 1685">
    <p class='ocr_par' dir='ltr' id='par_1_55' title="bbox 958 1645 1743 1685">
     <span class='ocr_line' id='line_1_55' title="bbox 958 1645 1743 1685; baseline 0.009 -13"><span class='ocrx_word' id='word_1_373' title='bbox 958 1650 993 1672; x_wconf 82' lang='lat' dir='ltr'><strong>et.</strong></span> <span class='ocrx_word' id='word_1_374' title='bbox 1008 1646 1034 1672; x_wconf 91' lang='lat' dir='ltr'><strong>iu</strong></span> <span class='ocrx_word' id='word_1_375' title='bbox 1052 1645 1193 1673; x_wconf 79' lang='lat' dir='ltr'><strong>divinitate</strong></span> <span class='ocrx_word' id='word_1_376' title='bbox 1209 1647 1382 1682; x_wconf 83' lang='lat' dir='ltr'><strong>participem,</strong></span> <span class='ocrx_word' id='word_1_377' title='bbox 1399 1653 1425 1675; x_wconf 88' lang='lat' dir='ltr'><strong>et</strong></span> <span class='ocrx_word' id='word_1_378' title='bbox 1441 1649 1467 1675; x_wconf 92' lang='lat' dir='ltr'><strong>in</strong></span> <span class='ocrx_word' id='word_1_379' title='bbox 1490 1650 1627 1685; x_wconf 82' lang='lat' dir='ltr'><strong>sepultura</strong></span> <span class='ocrx_word' id='word_1_380' title='bbox 1643 1659 1676 1680; x_wconf 87' lang='lat' dir='ltr'><strong>ac</strong></span> <span class='ocrx_word' id='word_1_381' title='bbox 1701 1660 1743 1680; x_wconf 83' lang='lat' dir='ltr'><strong>rc-</strong></span> 
     </span>
    </p>
   </div>
   <div class='ocr_carea' id='block_1_56' title="bbox 958 1691 1741 1732">
    <p class='ocr_par' dir='ltr' id='par_1_56' title="bbox 958 1691 1741 1732">
     <span class='ocr_line' id='line_1_56' title="bbox 958 1691 1741 1732; baseline 0.01 -15"><span class='ocrx_word' id='word_1_382' title='bbox 958 1698 1132 1718; x_wconf 81' lang='lat' dir='ltr'><strong>surrecttone</strong></span> <span class='ocrx_word' id='word_1_383' title='bbox 1144 1691 1249 1719; x_wconf 90' lang='lat' dir='ltr'><strong>socium</strong></span> <span class='ocrx_word' id='word_1_384' title='bbox 1263 1699 1334 1725; x_wconf 87' lang='lat' dir='ltr'><strong>csse,</strong></span> <span class='ocrx_word' id='word_1_385' title='bbox 1350 1693 1395 1727; x_wconf 88' lang='lat' dir='ltr'><strong>qui</strong></span> <span class='ocrx_word' id='word_1_386' title='bbox 1419 1701 1481 1720; x_wconf 87' lang='lat' dir='ltr'><strong>cum</strong></span> <span class='ocrx_word' id='word_1_387' title='bbox 1503 1694 1599 1722; x_wconf 85' lang='lat' dir='ltr'><strong>eodem</strong></span> <span class='ocrx_word' id='word_1_388' title='bbox 1618 1696 1741 1732; x_wconf 82' lang='lat' dir='ltr'><strong>colligari</strong></span> 
     </span>
    </p>
   </div>
   <div class='ocr_carea' id='block_1_57' title="bbox 958 1736 1740 1777">
    <p class='ocr_par' dir='ltr' id='par_1_57' title="bbox 958 1736 1740 1777">
     <span class='ocr_line' id='line_1_57' title="bbox 958 1736 1740 1777; baseline 0.01 -15"><span class='ocrx_word' id='word_1_389' title='bbox 958 1736 1107 1764; x_wconf 85' lang='lat' dir='ltr'><strong>desiderat.</strong></span> <span class='ocrx_word' id='word_1_390' title='bbox 1123 1737 1187 1765; x_wconf 87' lang='lat' dir='ltr'><strong>Ideo</strong></span> <span class='ocrx_word' id='word_1_391' title='bbox 1206 1737 1233 1765; x_wconf 95' lang='lat' dir='ltr'><strong>in</strong></span> <span class='ocrx_word' id='word_1_392' title='bbox 1251 1738 1353 1766; x_wconf 89' lang='lat' dir='ltr'><strong>undam</strong></span> <span class='ocrx_word' id='word_1_393' title='bbox 1375 1739 1522 1767; x_wconf 72' lang='lat' dir='ltr'><strong>salutarem</strong></span> <span class='ocrx_word' id='word_1_394' title='bbox 1542 1741 1740 1777; x_wconf 74' lang='lat' dir='ltr'><strong>immergimur,</strong></span> 
     </span>
    </p>
   </div>
   <div class='ocr_carea' id='block_1_58' title="bbox 958 1780 1741 1823">
    <p class='ocr_par' dir='ltr' id='par_1_58' title="bbox 958 1780 1741 1823">
     <span class='ocr_line' id='line_1_58' title="bbox 958 1780 1741 1823; baseline 0.014 -18"><span class='ocrx_word' id='word_1_395' title='bbox 958 1784 987 1806; x_wconf 89' lang='lat' dir='ltr'><strong>ut</strong></span> <span class='ocrx_word' id='word_1_396' title='bbox 1003 1780 1075 1807; x_wconf 88' lang='lat' dir='ltr'><strong>illius</strong></span> <span class='ocrx_word' id='word_1_397' title='bbox 1089 1785 1175 1808; x_wconf 88' lang='lat' dir='ltr'><strong>morte</strong></span> <span class='ocrx_word' id='word_1_398' title='bbox 1191 1782 1341 1810; x_wconf 84' lang='lat' dir='ltr'><strong>moriamur</strong></span> <span class='ocrx_word' id='word_1_399' title='bbox 1357 1787 1384 1810; x_wconf 89' lang='lat' dir='ltr'><strong>et</strong></span> <span class='ocrx_word' id='word_1_400' title='bbox 1399 1786 1602 1813; x_wconf 74' lang='lat' dir='ltr'><strong>resurrectione</strong></span> <span class='ocrx_word' id='word_1_401' title='bbox 1618 1794 1741 1823; x_wconf 71' lang='lat' dir='ltr'><strong>resurga-</strong></span> 
     </span>
    </p>
   </div>
   <div class='ocr_carea' id='block_1_59' title="bbox 958 1826 1741 1863">
    <p class='ocr_par' dir='ltr' id='par_1_59' title="bbox 958 1826 1741 1863">
     <span class='ocr_line' id='line_1_59' title="bbox 958 1826 1741 1863; baseline 0.011 -11"><span class='ocrx_word' id='word_1_402' title='bbox 958 1834 1030 1853; x_wconf 85' lang='lat' dir='ltr'><strong>mus.</strong></span> <span class='ocrx_word' id='word_1_403' title='bbox 1049 1826 1182 1860; x_wconf 78' lang='lat' dir='ltr'><strong>Ungimur</strong></span> <span class='ocrx_word' id='word_1_404' title='bbox 1196 1833 1299 1860; x_wconf 83' lang='lat' dir='ltr'><strong>autem,</strong></span> <span class='ocrx_word' id='word_1_405' title='bbox 1318 1833 1348 1855; x_wconf 94' lang='lat' dir='ltr'><strong>ut</strong></span> <span class='ocrx_word' id='word_1_406' title='bbox 1365 1830 1446 1863; x_wconf 69' lang='lat' dir='ltr'><strong>regia:</strong></span> <span class='ocrx_word' id='word_1_407' title='bbox 1461 1831 1584 1859; x_wconf 81' lang='lat' dir='ltr'><strong>unctioui</strong></span> <span class='ocrx_word' id='word_1_408' title='bbox 1600 1838 1627 1860; x_wconf 87' lang='lat' dir='ltr'><strong>et</strong></span> <span class='ocrx_word' id='word_1_409' title='bbox 1647 1834 1741 1862; x_wconf 87' lang='lat' dir='ltr'><strong>deitati</strong></span> 
     </span>
    </p>
   </div>
   <div class='ocr_carea' id='block_1_60' title="bbox 959 1873 1744 1910">
    <p class='ocr_par' dir='ltr' id='par_1_60' title="bbox 959 1873 1744 1910">
     <span class='ocr_line' id='line_1_60' title="bbox 959 1873 1744 1910; baseline 0.009 -10"><span class='ocrx_word' id='word_1_410' title='bbox 959 1873 997 1900; x_wconf 87' lang='lat' dir='ltr'><strong>illi</strong></span> <span class='ocrx_word' id='word_1_411' title='bbox 1016 1873 1221 1900; x_wconf 86' lang='lat' dir='ltr'><strong>consociemur.</strong></span> <span class='ocrx_word' id='word_1_412' title='bbox 1249 1873 1367 1902; x_wconf 83' lang='lat' dir='ltr'><strong>Edentes</strong></span> <span class='ocrx_word' id='word_1_413' title='bbox 1384 1883 1448 1902; x_wconf 87' lang='lat' dir='ltr'><strong>vero</strong></span> <span class='ocrx_word' id='word_1_414' title='bbox 1464 1883 1560 1910; x_wconf 84' lang='lat' dir='ltr'><strong>panem</strong></span> <span class='ocrx_word' id='word_1_415' title='bbox 1587 1880 1744 1907; x_wconf 89' lang='lat' dir='ltr'><strong>sacratissi-</strong></span> 
     </span>
    </p>
   </div>
   <div class='ocr_carea' id='block_1_61' title="bbox 958 1919 1743 1956">
    <p class='ocr_par' dir='ltr' id='par_1_61' title="bbox 958 1919 1743 1956">
     <span class='ocr_line' id='line_1_61' title="bbox 958 1919 1743 1956; baseline 0.009 -10"><span class='ocrx_word' id='word_1_416' title='bbox 958 1927 1045 1952; x_wconf 87' lang='lat' dir='ltr'><strong>mum,</strong></span> <span class='ocrx_word' id='word_1_417' title='bbox 1061 1923 1087 1946; x_wconf 73' lang='grc' dir='ltr'><strong>οι</strong></span> <span class='ocrx_word' id='word_1_418' title='bbox 1104 1919 1304 1947; x_wconf 87' lang='lat' dir='ltr'><strong>divinissimum</strong></span> <span class='ocrx_word' id='word_1_419' title='bbox 1323 1920 1452 1955; x_wconf 88' lang='lat' dir='ltr'><strong>poculum</strong></span> <span class='ocrx_word' id='word_1_420' title='bbox 1469 1922 1636 1956; x_wconf 85' lang='lat' dir='ltr'><strong>haurientes,</strong></span> <span class='ocrx_word' id='word_1_421' title='bbox 1651 1926 1743 1953; x_wconf 84' lang='lat' dir='ltr'><strong>carnis</strong></span> 
     </span>
    </p>
   </div>
   <div class='ocr_carea' id='block_1_62' title="bbox 958 1967 1741 2005">
    <p class='ocr_par' dir='ltr' id='par_1_62' title="bbox 958 1967 1741 2005">
     <span class='ocr_line' id='line_1_62' title="bbox 958 1967 1741 2005; baseline 0.009 -13"><span class='ocrx_word' id='word_1_422' title='bbox 958 1967 1046 2000; x_wconf 83' lang='lat' dir='ltr'><strong>ipsius</strong></span> <span class='ocrx_word' id='word_1_423' title='bbox 1059 1971 1085 1993; x_wconf 87' lang='lat' dir='ltr'><strong>et</strong></span> <span class='ocrx_word' id='word_1_424' title='bbox 1098 1967 1252 2001; x_wconf 77' lang='lat' dir='ltr'><strong>sanguinis,</strong></span> <span class='ocrx_word' id='word_1_425' title='bbox 1268 1974 1329 2002; x_wconf 71' lang='lat' dir='ltr'><strong>qua:</strong></span> <span class='ocrx_word' id='word_1_426' title='bbox 1343 1969 1501 2002; x_wconf 86' lang='lat' dir='ltr'><strong>assumpsit,</strong></span> <span class='ocrx_word' id='word_1_427' title='bbox 1518 1970 1663 2005; x_wconf 82' lang='lat' dir='ltr'><strong>participes</strong></span> <span class='ocrx_word' id='word_1_428' title='bbox 1678 1973 1741 1999; x_wconf 66' lang='lat' dir='ltr'><strong>red&lt;</strong></span> 
     </span>
    </p>
   </div>
   <div class='ocr_carea' id='block_1_63' title="bbox 957 2011 1741 2050">
    <p class='ocr_par' dir='ltr' id='par_1_63' title="bbox 957 2011 1741 2050">
     <span class='ocr_line' id='line_1_63' title="bbox 957 2011 1741 2050; baseline 0.009 -13"><span class='ocrx_word' id='word_1_429' title='bbox 957 2012 1059 2038; x_wconf 88' lang='lat' dir='ltr'><strong>dimur.</strong></span> <span class='ocrx_word' id='word_1_430' title='bbox 1080 2011 1115 2038; x_wconf 86' lang='lat' dir='ltr'><strong>Et</strong></span> <span class='ocrx_word' id='word_1_431' title='bbox 1141 2012 1192 2038; x_wconf 89' lang='lat' dir='ltr'><strong>ista</strong></span> <span class='ocrx_word' id='word_1_432' title='bbox 1211 2012 1255 2038; x_wconf 85' lang='lat' dir='ltr'><strong>via</strong></span> <span class='ocrx_word' id='word_1_433' title='bbox 1274 2012 1435 2047; x_wconf 87' lang='lat' dir='ltr'><strong>copulamur</strong></span> <span class='ocrx_word' id='word_1_434' title='bbox 1461 2013 1486 2041; x_wconf 90' lang='lat' dir='ltr'><strong>ei</strong></span> <span class='ocrx_word' id='word_1_435' title='bbox 1512 2014 1558 2049; x_wconf 91' lang='lat' dir='ltr'><strong>qui</strong></span> <span class='ocrx_word' id='word_1_436' title='bbox 1587 2023 1636 2050; x_wconf 91' lang='lat' dir='ltr'><strong>pro</strong></span> <span class='ocrx_word' id='word_1_437' title='bbox 1661 2017 1741 2044; x_wconf 86' lang='lat' dir='ltr'><strong>nobis</strong></span> 
     </span>
    </p>
   </div>
   <div class='ocr_carea' id='block_1_64' title="bbox 959 2057 1740 2093">
    <p class='ocr_par' dir='ltr' id='par_1_64' title="bbox 959 2057 1740 2093">
     <span class='ocr_line' id='line_1_64' title="bbox 959 2057 1740 2093; baseline 0.009 -11"><span class='ocrx_word' id='word_1_438' title='bbox 959 2057 1124 2087; x_wconf 85' lang='lat' dir='ltr'><strong>incarnatus.</strong></span> <span class='ocrx_word' id='word_1_439' title='bbox 1140 2062 1167 2084; x_wconf 88' lang='lat' dir='ltr'><strong>et</strong></span> <span class='ocrx_word' id='word_1_440' title='bbox 1177 2058 1326 2090; x_wconf 80' lang='lat' dir='ltr'><strong>deitieatus,</strong></span> <span class='ocrx_word' id='word_1_441' title='bbox 1338 2063 1363 2085; x_wconf 88' lang='lat' dir='ltr'><strong>et</strong></span> <span class='ocrx_word' id='word_1_442' title='bbox 1376 2063 1499 2086; x_wconf 90' lang='lat' dir='ltr'><strong>mortuus</strong></span> <span class='ocrx_word' id='word_1_443' title='bbox 1515 2063 1566 2093; x_wconf 90' lang='lat' dir='ltr'><strong>est,</strong></span> <span class='ocrx_word' id='word_1_444' title='bbox 1579 2064 1606 2088; x_wconf 75' lang='lat' dir='ltr'><strong>et</strong></span> <span class='ocrx_word' id='word_1_445' title='bbox 1618 2068 1740 2088; x_wconf 84' lang='lat' dir='ltr'><strong>resurre-</strong></span> 
     </span>
    </p>
   </div>
   <div class='ocr_carea' id='block_1_65' title="bbox 957 2103 1741 2139">
    <p class='ocr_par' dir='ltr' id='par_1_65' title="bbox 957 2103 1741 2139">
     <span class='ocr_line' id='line_1_65' title="bbox 957 2103 1741 2139; baseline 0.006 -9"><span class='ocrx_word' id='word_1_446' title='bbox 957 2105 1005 2131; x_wconf 72' lang='lat' dir='ltr'><strong>xit.</strong></span> <span class='ocrx_word' id='word_1_447' title='bbox 1016 2103 1085 2136; x_wconf 85' lang='lat' dir='ltr'><strong>Quid</strong></span> <span class='ocrx_word' id='word_1_448' title='bbox 1103 2104 1204 2139; x_wconf 77' lang='lat' dir='ltr'><strong>igitur?</strong></span> <span class='ocrx_word' id='word_1_449' title='bbox 1217 2112 1280 2131; x_wconf 94' lang='lat' dir='ltr'><strong>num</strong></span> <span class='ocrx_word' id='word_1_450' title='bbox 1294 2109 1322 2132; x_wconf 87' lang='lat' dir='ltr'><strong>et</strong></span> <span class='ocrx_word' id='word_1_451' title='bbox 1333 2105 1458 2132; x_wconf 88' lang='lat' dir='ltr'><strong>eumdem</strong></span> <span class='ocrx_word' id='word_1_452' title='bbox 1475 2112 1538 2133; x_wconf 87' lang='lat' dir='ltr'><strong>eum</strong></span> <span class='ocrx_word' id='word_1_453' title='bbox 1555 2106 1601 2133; x_wconf 92' lang='lat' dir='ltr'><strong>illo</strong></span> <span class='ocrx_word' id='word_1_454' title='bbox 1618 2107 1741 2136; x_wconf 90' lang='lat' dir='ltr'><strong>ordinem</strong></span> 
     </span>
    </p>
   </div>
   <div class='ocr_carea' id='block_1_66' title="bbox 958 2149 1742 2183">
    <p class='ocr_par' dir='ltr' id='par_1_66' title="bbox 958 2149 1742 2183">
     <span class='ocr_line' id='line_1_66' title="bbox 958 2149 1742 2183; baseline 0.005 -7"><span class='ocrx_word' id='word_1_455' title='bbox 958 2150 1104 2177; x_wconf 80' lang='lat' dir='ltr'><strong>tenemus?</strong></span> <span class='ocrx_word' id='word_1_456' title='bbox 1127 2149 1201 2176; x_wconf 90' lang='lat' dir='ltr'><strong>Nihil</strong></span> <span class='ocrx_word' id='word_1_457' title='bbox 1219 2151 1319 2183; x_wconf 89' lang='lat' dir='ltr'><strong>minus,</strong></span> <span class='ocrx_word' id='word_1_458' title='bbox 1341 2150 1388 2178; x_wconf 86' lang='lat' dir='ltr'><strong>sed</strong></span> <span class='ocrx_word' id='word_1_459' title='bbox 1406 2151 1453 2178; x_wconf 88' lang='lat' dir='ltr'><strong>ubi</strong></span> <span class='ocrx_word' id='word_1_460' title='bbox 1471 2150 1516 2178; x_wconf 88' lang='lat' dir='ltr'><strong>ille</strong></span> <span class='ocrx_word' id='word_1_461' title='bbox 1533 2152 1684 2183; x_wconf 71' lang='lat' dir='ltr'><strong>(it‘Slll.llOS</strong></span> <span class='ocrx_word' id='word_1_462' title='bbox 1700 2154 1742 2180; x_wconf 87' lang='lat' dir='ltr'><strong>in—</strong></span> 
     </span>
    </p>
   </div>
   <div class='ocr_carea' id='block_1_67' title="bbox 958 2196 1742 2231">
    <p class='ocr_par' dir='ltr' id='par_1_67' title="bbox 958 2196 1742 2231">
     <span class='ocr_line' id='line_1_67' title="bbox 958 2196 1742 2231; baseline 0.005 -10"><span class='ocrx_word' id='word_1_463' title='bbox 958 2196 1086 2230; x_wconf 88' lang='lat' dir='ltr'><strong>cipimus,</strong></span> <span class='ocrx_word' id='word_1_464' title='bbox 1099 2201 1126 2222; x_wconf 91' lang='lat' dir='ltr'><strong>et</strong></span> <span class='ocrx_word' id='word_1_465' title='bbox 1142 2203 1157 2223; x_wconf 88' lang='lat' dir='ltr'><strong>a</strong></span> <span class='ocrx_word' id='word_1_466' title='bbox 1172 2196 1273 2231; x_wconf 81' lang='lat' dir='ltr'><strong>quibus</strong></span> <span class='ocrx_word' id='word_1_467' title='bbox 1289 2196 1333 2223; x_wconf 86' lang='lat' dir='ltr'><strong>ille</strong></span> <span class='ocrx_word' id='word_1_468' title='bbox 1348 2196 1460 2231; x_wconf 83' lang='lat' dir='ltr'><strong>iaeepit,</strong></span> <span class='ocrx_word' id='word_1_469' title='bbox 1477 2196 1504 2223; x_wconf 91' lang='lat' dir='ltr'><strong>in</strong></span> <span class='ocrx_word' id='word_1_470' title='bbox 1520 2204 1620 2224; x_wconf 74' lang='lat' dir='ltr'><strong>cauos</strong></span> <span class='ocrx_word' id='word_1_471' title='bbox 1637 2198 1742 2225; x_wconf 87' lang='lat' dir='ltr'><strong>desint-</strong></span> 
     </span>
    </p>
   </div>
   <div class='ocr_carea' id='block_1_68' title="bbox 117 2239 906 2280">
    <p class='ocr_par' dir='ltr' id='par_1_68' title="bbox 117 2243 903 2280">
     <span class='ocr_line' id='line_1_68' title="bbox 117 2243 903 2280; baseline -0.004 -8"><span class='ocrx_word' id='word_1_472' title='bbox 117 2246 248 2280; x_wconf 75' lang='grc' dir='ltr'><strong>κειμένης</strong></span> <span class='ocrx_word' id='word_1_473' title='bbox 276 2244 336 2270; x_wconf 76' lang='grc' dir='ltr'><strong>ὁδοῦ</strong></span> <span class='ocrx_word' id='word_1_474' title='bbox 360 2244 390 2270; x_wconf 80' lang='grc' dir='ltr'><strong>τὸ</strong></span> <span class='ocrx_word' id='word_1_475' title='bbox 406 2245 455 2278; x_wconf 77' lang='grc' dir='ltr'><strong>μὲν</strong></span> <span class='ocrx_word' id='word_1_476' title='bbox 478 2244 583 2270; x_wconf 71' lang='grc' dir='ltr'><strong>ἐκείνου</strong></span> <span class='ocrx_word' id='word_1_477' title='bbox 599 2244 717 2279; x_wconf 79' lang='grc' dir='ltr'><strong>πρᾶγμα</strong></span> <span class='ocrx_word' id='word_1_478' title='bbox 732 2244 844 2276; x_wconf 79' lang='grc' dir='ltr'><strong>κάθοδος</strong></span> <span class='ocrx_word' id='word_1_479' title='bbox 859 2243 903 2280; x_wconf 82' lang='grc' dir='ltr'><strong>ἦν,</strong></span> 
     </span>
    </p>
   </div>
   <div class='ocr_carea' id='block_1_69' title="bbox 959 2239 1741 2280">
    <p class='ocr_par' dir='ltr' id='par_1_69' title="bbox 959 2239 1741 2277">
     <span class='ocr_line' id='line_1_69' title="bbox 959 2239 1741 2277; baseline 0.006 -11"><span class='ocrx_word' id='word_1_480' title='bbox 959 2247 1030 2266; x_wconf 89' lang='lat' dir='ltr'><strong>mus.</strong></span> <span class='ocrx_word' id='word_1_481' title='bbox 1046 2239 1192 2267; x_wconf 85' lang='lat' dir='ltr'><strong>Descendit</strong></span> <span class='ocrx_word' id='word_1_482' title='bbox 1207 2242 1279 2268; x_wconf 87' lang='lat' dir='ltr'><strong>enim</strong></span> <span class='ocrx_word' id='word_1_483' title='bbox 1304 2245 1334 2268; x_wconf 92' lang='lat' dir='ltr'><strong>ut</strong></span> <span class='ocrx_word' id='word_1_484' title='bbox 1352 2248 1403 2268; x_wconf 91' lang='lat' dir='ltr'><strong>nos</strong></span> <span class='ocrx_word' id='word_1_485' title='bbox 1420 2241 1614 2277; x_wconf 84' lang='lat' dir='ltr'><strong>asceudnmus,</strong></span> <span class='ocrx_word' id='word_1_486' title='bbox 1630 2247 1658 2271; x_wconf 88' lang='lat' dir='ltr'><strong>et</strong></span> <span class='ocrx_word' id='word_1_487' title='bbox 1679 2251 1741 2271; x_wconf 88' lang='lat' dir='ltr'><strong>cum</strong></span> 
     </span>
    </p>
   </div>
   <div class='ocr_carea' id='block_1_70' title="bbox 116 2290 902 2328">
    <p class='ocr_par' dir='ltr' id='par_1_70' title="bbox 116 2290 902 2328">
     <span class='ocr_line' id='line_1_70' title="bbox 116 2290 902 2328; baseline 0 -10"><span class='ocrx_word' id='word_1_488' title='bbox 116 2293 199 2328; x_wconf 67' lang='grc' dir='ltr'><strong>ἡμεῖς</strong></span> <span class='ocrx_word' id='word_1_489' title='bbox 215 2292 242 2317; x_wconf 76' lang='grc' dir='ltr'><strong>δὲ</strong></span> <span class='ocrx_word' id='word_1_490' title='bbox 256 2291 446 2326; x_wconf 64' lang='grc' dir='ltr'><strong>ἀνερχόμεθσι·</strong></span> <span class='ocrx_word' id='word_1_491' title='bbox 470 2290 569 2317; x_wconf 78' lang='grc' dir='ltr'><strong>οὐκοῦν</strong></span> <span class='ocrx_word' id='word_1_492' title='bbox 585 2290 679 2325; x_wconf 83' lang='grc' dir='ltr'><strong>ὥσπερ</strong></span> <span class='ocrx_word' id='word_1_493' title='bbox 697 2291 744 2318; x_wconf 79' lang='grc' dir='ltr'><strong>ἐπὶ</strong></span> <span class='ocrx_word' id='word_1_494' title='bbox 769 2291 902 2325; x_wconf 78' lang='grc' dir='ltr'><strong>κλίμακος</strong></span> 
     </span>
    </p>
   </div>
   <div class='ocr_carea' id='block_1_71' title="bbox 117 2334 904 2372">
    <p class='ocr_par' dir='ltr' id='par_1_71' title="bbox 117 2334 904 2372">
     <span class='ocr_line' id='line_1_71' title="bbox 117 2334 904 2372; baseline -0.001 -8"><span class='ocrx_word' id='word_1_495' title='bbox 117 2339 187 2372; x_wconf 79' lang='grc' dir='ltr'><strong>ὅπερ</strong></span> <span class='ocrx_word' id='word_1_496' title='bbox 199 2336 312 2371; x_wconf 70' lang='grc' dir='ltr'><strong>ἔσχατον</strong></span> <span class='ocrx_word' id='word_1_497' title='bbox 339 2334 372 2371; x_wconf 87' lang='grc' dir='ltr'><strong>ἦν</strong></span> <span class='ocrx_word' id='word_1_498' title='bbox 392 2335 489 2371; x_wconf 73' lang='grc' dir='ltr'><strong>ἐκείνῳ</strong></span> <span class='ocrx_word' id='word_1_499' title='bbox 518 2337 725 2370; x_wconf 76' lang='grc' dir='ltr'><strong>κατερχομένῳ,</strong></span> <span class='ocrx_word' id='word_1_500' title='bbox 744 2337 824 2363; x_wconf 79' lang='grc' dir='ltr'><strong>τοῦτο</strong></span> <span class='ocrx_word' id='word_1_501' title='bbox 839 2338 904 2372; x_wconf 72' lang='grc' dir='ltr'><strong>ἡμῖν</strong></span> 
     </span>
    </p>
   </div>
   <div class='ocr_carea' id='block_1_72' title="bbox 116 2382 904 2419">
    <p class='ocr_par' dir='ltr' id='par_1_72' title="bbox 116 2382 904 2419">
     <span class='ocr_line' id='line_1_72' title="bbox 116 2382 904 2419; baseline 0 -9"><span class='ocrx_word' id='word_1_502' title='bbox 116 2384 224 2412; x_wconf 77' lang='grc' dir='ltr'><strong>ἀνιοῦσι</strong></span> <span class='ocrx_word' id='word_1_503' title='bbox 238 2383 343 2416; x_wconf 81' lang='grc' dir='ltr'><strong>γίνεται</strong></span> <span class='ocrx_word' id='word_1_504' title='bbox 356 2382 475 2416; x_wconf 79' lang='grc' dir='ltr'><strong>πρῶτον.</strong></span> <span class='ocrx_word' id='word_1_505' title='bbox 493 2382 597 2413; x_wconf 77' lang='grc' dir='ltr'><strong>Ἀλλως</strong></span> <span class='ocrx_word' id='word_1_506' title='bbox 612 2391 642 2408; x_wconf 81' lang='grc' dir='ltr'><strong>τε</strong></span> <span class='ocrx_word' id='word_1_507' title='bbox 657 2383 711 2409; x_wconf 70' lang='grc' dir='ltr'><strong>οὐδ’</strong></span> <span class='ocrx_word' id='word_1_508' title='bbox 725 2383 789 2417; x_wconf 70' lang='grc' dir='ltr'>ἐξῆν</span> <span class='ocrx_word' id='word_1_509' title='bbox 803 2384 904 2419; x_wconf 76' lang='grc' dir='ltr'><strong>ἑτέρως</strong></span> 
     </span>
    </p>
   </div>
   <div class='ocr_carea' id='block_1_73' title="bbox 117 2426 904 2462">
    <p class='ocr_par' dir='ltr' id='par_1_73' title="bbox 117 2426 904 2462">
     <span class='ocr_line' id='line_1_73' title="bbox 117 2426 904 2462; baseline -0.006 -5"><span class='ocrx_word' id='word_1_510' title='bbox 117 2428 210 2457; x_wconf 68' lang='grc' dir='ltr'><strong>αὐτῶν</strong></span> <span class='ocrx_word' id='word_1_511' title='bbox 222 2428 303 2453; x_wconf 65' lang='grc' dir='ltr'><strong>ἕνεκα</strong></span> <span class='ocrx_word' id='word_1_512' title='bbox 316 2427 370 2452; x_wconf 84' lang='grc' dir='ltr'><strong>τῶν</strong></span> <span class='ocrx_word' id='word_1_513' title='bbox 380 2426 561 2460; x_wconf 80' lang='grc' dir='ltr'><strong>πραγμάτων.</strong></span> <span class='ocrx_word' id='word_1_514' title='bbox 580 2426 617 2451; x_wconf 80' lang='grc' dir='ltr'><strong>Τὸ</strong></span> <span class='ocrx_word' id='word_1_515' title='bbox 633 2426 682 2460; x_wconf 79' lang='grc' dir='ltr'><strong>μὲν</strong></span> <span class='ocrx_word' id='word_1_516' title='bbox 694 2426 747 2460; x_wconf 78' lang='grc' dir='ltr'><strong>γὰρ</strong></span> <span class='ocrx_word' id='word_1_517' title='bbox 762 2426 904 2462; x_wconf 79' lang='grc' dir='ltr'><strong>βάπτισμα</strong></span> 
     </span>
    </p>
   </div>
   <div class='ocr_carea' id='block_1_74' title="bbox 116 2472 905 2510">
    <p class='ocr_par' dir='ltr' id='par_1_74' title="bbox 116 2472 905 2510">
     <span class='ocr_line' id='line_1_74' title="bbox 116 2472 905 2510; baseline -0.004 -9"><span class='ocrx_word' id='word_1_518' title='bbox 116 2477 256 2510; x_wconf 79' lang='grc' dir='ltr'><strong>γέννησις,</strong></span> <span class='ocrx_word' id='word_1_519' title='bbox 281 2473 310 2500; x_wconf 82' lang='grc' dir='ltr'><strong>τὺ</strong></span> <span class='ocrx_word' id='word_1_520' title='bbox 327 2472 356 2498; x_wconf 80' lang='grc' dir='ltr'><strong>δὲ</strong></span> <span class='ocrx_word' id='word_1_521' title='bbox 376 2472 462 2507; x_wconf 86' lang='grc' dir='ltr'><strong>μύρον</strong></span> <span class='ocrx_word' id='word_1_522' title='bbox 487 2472 627 2507; x_wconf 74' lang='grc' dir='ltr'><strong>ἐνεργείας</strong></span> <span class='ocrx_word' id='word_1_523' title='bbox 645 2472 693 2498; x_wconf 73' lang='grc' dir='ltr'><strong>καὶ</strong></span> <span class='ocrx_word' id='word_1_524' title='bbox 714 2473 849 2507; x_wconf 75' lang='grc' dir='ltr'><strong>κινήσεως</strong></span> <span class='ocrx_word' id='word_1_525' title='bbox 876 2473 905 2498; x_wconf 71' lang='grc' dir='ltr'><strong>ιν</strong></span> 
     </span>
    </p>
   </div>
   <div class='ocr_carea' id='block_1_75' title="bbox 117 2517 904 2556">
    <p class='ocr_par' dir='ltr' id='par_1_75' title="bbox 117 2517 904 2556">
     <span class='ocr_line' id='line_1_75' title="bbox 117 2517 904 2556; baseline -0.004 -9"><span class='ocrx_word' id='word_1_526' title='bbox 117 2522 183 2556; x_wconf 68' lang='grc' dir='ltr'><strong>ἡμῖν</strong></span> <span class='ocrx_word' id='word_1_527' title='bbox 199 2521 256 2555; x_wconf 75' lang='grc' dir='ltr'><strong>ἔχει</strong></span> <span class='ocrx_word' id='word_1_528' title='bbox 272 2519 350 2552; x_wconf 77' lang='grc' dir='ltr'><strong>λόγον</strong></span> <span class='ocrx_word' id='word_1_529' title='bbox 363 2526 370 2534; x_wconf 82' lang='grc'><em>’</em></span> <span class='ocrx_word' id='word_1_530' title='bbox 386 2519 399 2545; x_wconf 79' lang='grc' dir='ltr'><strong>ό</strong></span> <span class='ocrx_word' id='word_1_531' title='bbox 420 2518 448 2544; x_wconf 77' lang='grc' dir='ltr'><strong>δὲ</strong></span> <span class='ocrx_word' id='word_1_532' title='bbox 473 2517 522 2551; x_wconf 81' lang='grc' dir='ltr'><strong>τῆς</strong></span> <span class='ocrx_word' id='word_1_533' title='bbox 537 2518 610 2552; x_wconf 74' lang='grc' dir='ltr'><strong>ζωῆς</strong></span> <span class='ocrx_word' id='word_1_534' title='bbox 625 2518 707 2553; x_wconf 77' lang='grc' dir='ltr'><strong>ἄρτος</strong></span> <span class='ocrx_word' id='word_1_535' title='bbox 720 2519 767 2544; x_wconf 74' lang='grc' dir='ltr'><strong>καὶ</strong></span> <span class='ocrx_word' id='word_1_536' title='bbox 779 2518 809 2544; x_wconf 75' lang='grc' dir='ltr'><strong>τὸ</strong></span> <span class='ocrx_word' id='word_1_537' title='bbox 821 2519 904 2553; x_wconf 86' lang='grc' dir='ltr'><strong>ποτή-</strong></span> 
     </span>
    </p>
   </div>
   <div class='ocr_carea' id='block_1_76' title="bbox 118 2563 905 2601">
    <p class='ocr_par' dir='ltr' id='par_1_76' title="bbox 118 2563 905 2601">
     <span class='ocr_line' id='line_1_76' title="bbox 118 2563 905 2601; baseline 0 -10"><span class='ocrx_word' id='word_1_538' title='bbox 118 2575 176 2601; x_wconf 70' lang='grc' dir='ltr'><strong>ριον</strong></span> <span class='ocrx_word' id='word_1_539' title='bbox 192 2567 241 2600; x_wconf 78' lang='grc' dir='ltr'><strong>τῆς</strong></span> <span class='ocrx_word' id='word_1_540' title='bbox 258 2565 437 2599; x_wconf 82' lang='grc' dir='ltr'><strong>Ι·.ὺχαριστὶας</strong></span> <span class='ocrx_word' id='word_1_541' title='bbox 461 2563 562 2598; x_wconf 74' lang='grc' dir='ltr'><strong>βρῶσίς</strong></span> <span class='ocrx_word' id='word_1_542' title='bbox 581 2565 639 2590; x_wconf 70' lang='grc' dir='ltr'><strong>ἐστι</strong></span> <span class='ocrx_word' id='word_1_543' title='bbox 670 2565 718 2590; x_wconf 75' lang='grc' dir='ltr'><strong>καὶ</strong></span> <span class='ocrx_word' id='word_1_544' title='bbox 740 2564 820 2595; x_wconf 84' lang='grc' dir='ltr'><strong>πόσις</strong></span> <span class='ocrx_word' id='word_1_545' title='bbox 835 2564 905 2599; x_wconf 82' lang='grc' dir='ltr'><strong>άλη-</strong></span> 
     </span>
    </p>
   </div>
   <div class='ocr_carea' id='block_1_77' title="bbox 117 2609 904 2647">
    <p class='ocr_par' dir='ltr' id='par_1_77' title="bbox 117 2609 904 2647">
     <span class='ocr_line' id='line_1_77' title="bbox 117 2609 904 2647; baseline 0 -8"><span class='ocrx_word' id='word_1_546' title='bbox 117 2613 189 2647; x_wconf 75' lang='grc' dir='ltr'><strong>θινή.</strong></span> <span class='ocrx_word' id='word_1_547' title='bbox 206 2612 264 2638; x_wconf 66' lang='grc' dir='ltr'><strong>Οὐκ</strong></span> <span class='ocrx_word' id='word_1_548' title='bbox 280 2611 338 2636; x_wconf 80' lang='grc' dir='ltr'><strong>ἔστι</strong></span> <span class='ocrx_word' id='word_1_549' title='bbox 355 2610 382 2636; x_wconf 78' lang='grc' dir='ltr'><strong>δὲ</strong></span> <span class='ocrx_word' id='word_1_550' title='bbox 398 2609 570 2644; x_wconf 75' lang='grc' dir='ltr'><strong>κινηθῆναιῆ</strong></span> <span class='ocrx_word' id='word_1_551' title='bbox 593 2610 711 2645; x_wconf 76' lang='grc' dir='ltr'><strong>ταφῆναι</strong></span> <span class='ocrx_word' id='word_1_552' title='bbox 727 2611 792 2646; x_wconf 70' lang='grc' dir='ltr'><strong>πρὶν</strong></span> <span class='ocrx_word' id='word_1_553' title='bbox 805 2619 904 2647; x_wconf 82' lang='grc' dir='ltr'><strong>γεννη-</strong></span> 
     </span>
    </p>
   </div>
   <div class='ocr_carea' id='block_1_78' title="bbox 116 2655 903 2694">
    <p class='ocr_par' dir='ltr' id='par_1_78' title="bbox 116 2655 903 2694">
     <span class='ocr_line' id='line_1_78' title="bbox 116 2655 903 2694; baseline -0.005 -10"><span class='ocrx_word' id='word_1_554' title='bbox 116 2658 206 2694; x_wconf 79' lang='grc' dir='ltr'><strong>θῆναι.</strong></span> <span class='ocrx_word' id='word_1_555' title='bbox 231 2657 292 2683; x_wconf 76' lang='grc' dir='ltr'><strong>Ἔτι</strong></span> <span class='ocrx_word' id='word_1_556' title='bbox 304 2656 332 2682; x_wconf 72' lang='grc' dir='ltr'><strong>δὲ</strong></span> <span class='ocrx_word' id='word_1_557' title='bbox 347 2657 377 2682; x_wconf 76' lang='grc' dir='ltr'><strong>τὸ</strong></span> <span class='ocrx_word' id='word_1_558' title='bbox 401 2656 451 2691; x_wconf 69' lang='grc' dir='ltr'><strong>μὲν</strong></span> <span class='ocrx_word' id='word_1_559' title='bbox 465 2655 609 2691; x_wconf 74' lang='grc' dir='ltr'><strong>βάπτισμα</strong></span> <span class='ocrx_word' id='word_1_560' title='bbox 625 2656 685 2691; x_wconf 83' lang='grc' dir='ltr'><strong>Θεῷ</strong></span> <span class='ocrx_word' id='word_1_561' title='bbox 698 2656 743 2682; x_wconf 75' lang='grc' dir='ltr'><strong>τὸν</strong></span> <span class='ocrx_word' id='word_1_562' title='bbox 759 2657 903 2692; x_wconf 68' lang='grc' dir='ltr'><strong>ἄνθρωπον</strong></span> 
     </span>
    </p>
   </div>
   <div class='ocr_carea' id='block_1_79' title="bbox 115 2700 901 2736">
    <p class='ocr_par' dir='ltr' id='par_1_79' title="bbox 115 2700 901 2736">
     <span class='ocr_line' id='line_1_79' title="bbox 115 2700 901 2736; baseline -0.003 -6"><span class='ocrx_word' id='word_1_563' title='bbox 115 2702 309 2731; x_wconf 66' lang='grc' dir='ltr'><strong>καταλλάττει,</strong></span> <span class='ocrx_word' id='word_1_564' title='bbox 327 2701 357 2726; x_wconf 79' lang='grc' dir='ltr'><strong>τὸ</strong></span> <span class='ocrx_word' id='word_1_565' title='bbox 368 2700 396 2726; x_wconf 86' lang='grc' dir='ltr'><strong>δὲ</strong></span> <span class='ocrx_word' id='word_1_566' title='bbox 409 2700 495 2735; x_wconf 76' lang='grc' dir='ltr'><strong>μύρον</strong></span> <span class='ocrx_word' id='word_1_567' title='bbox 511 2701 565 2726; x_wconf 79' lang='grc' dir='ltr'><strong>τῶν</strong></span> <span class='ocrx_word' id='word_1_568' title='bbox 589 2700 694 2727; x_wconf 73' lang='grc' dir='ltr'><strong>ἐκεῖθεν</strong></span> <span class='ocrx_word' id='word_1_569' title='bbox 711 2700 782 2734; x_wconf 75' lang='grc' dir='ltr'><strong>ἀξιοῖ</strong></span> <span class='ocrx_word' id='word_1_570' title='bbox 793 2701 901 2736; x_wconf 82' lang='grc' dir='ltr'><strong>δώρων,</strong></span> 
     </span>
    </p>
   </div>
   <div class='ocr_carea' id='block_1_80' title="bbox 116 2745 904 2783">
    <p class='ocr_par' dir='ltr' id='par_1_80' title="bbox 116 2745 904 2783">
     <span class='ocr_line' id='line_1_80' title="bbox 116 2745 904 2783; baseline -0.001 -9"><span class='ocrx_word' id='word_1_571' title='bbox 116 2750 132 2783; x_wconf 80' lang='grc' dir='ltr'>ἠ</span> <span class='ocrx_word' id='word_1_572' title='bbox 149 2748 177 2774; x_wconf 75' lang='grc' dir='ltr'><strong>δὲ</strong></span> <span class='ocrx_word' id='word_1_573' title='bbox 192 2746 333 2782; x_wconf 77' lang='grc' dir='ltr'><strong>τραπέζης</strong></span> <span class='ocrx_word' id='word_1_574' title='bbox 348 2746 464 2779; x_wconf 76' lang='grc' dir='ltr'><strong>δύναμις</strong></span> <span class='ocrx_word' id='word_1_575' title='bbox 484 2747 533 2780; x_wconf 83' lang='grc' dir='ltr'><strong>τὴν</strong></span> <span class='ocrx_word' id='word_1_576' title='bbox 548 2745 639 2780; x_wconf 81' lang='grc' dir='ltr'><strong>σάρκα</strong></span> <span class='ocrx_word' id='word_1_577' title='bbox 654 2746 701 2772; x_wconf 84' lang='grc' dir='ltr'><strong>τοῦ</strong></span> <span class='ocrx_word' id='word_1_578' title='bbox 716 2745 837 2781; x_wconf 79' lang='grc' dir='ltr'><strong>Χριστοῦ</strong></span> <span class='ocrx_word' id='word_1_579' title='bbox 857 2748 904 2774; x_wconf 76' lang='grc' dir='ltr'><strong>καὶ</strong></span> 
     </span>
    </p>
   </div>
   <div class='ocr_carea' id='block_1_81' title="bbox 117 2792 903 2828">
    <p class='ocr_par' dir='ltr' id='par_1_81' title="bbox 117 2792 903 2828">
     <span class='ocr_line' id='line_1_81' title="bbox 117 2792 903 2828; baseline 0 -8"><span class='ocrx_word' id='word_1_580' title='bbox 117 2796 148 2820; x_wconf 77' lang='grc' dir='ltr'><strong>τὺ</strong></span> <span class='ocrx_word' id='word_1_581' title='bbox 163 2792 231 2828; x_wconf 74' lang='grc' dir='ltr'><strong>αἷμα</strong></span> <span class='ocrx_word' id='word_1_582' title='bbox 249 2793 327 2819; x_wconf 75' lang='grc' dir='ltr'><strong>κοινὰ</strong></span> <span class='ocrx_word' id='word_1_583' title='bbox 343 2793 414 2818; x_wconf 80' lang='grc' dir='ltr'><strong>ποιεῖ</strong></span> <span class='ocrx_word' id='word_1_584' title='bbox 439 2793 487 2818; x_wconf 74' lang='grc' dir='ltr'><strong>καὶ</strong></span> <span class='ocrx_word' id='word_1_585' title='bbox 501 2792 539 2827; x_wconf 81' lang='grc' dir='ltr'><strong>τῷ</strong></span> <span class='ocrx_word' id='word_1_586' title='bbox 563 2793 728 2828; x_wconf 75' lang='grc' dir='ltr'><strong>τελουμένῳ.</strong></span> <span class='ocrx_word' id='word_1_587' title='bbox 750 2793 903 2828; x_wconf 70' lang='grc' dir='ltr'><strong>Ἀμήχανον</strong></span> 
     </span>
    </p>
   </div>
   <div class='ocr_carea' id='block_1_82' title="bbox 155 2851 394 2883">
    <p class='ocr_par' dir='ltr' id='par_1_82' title="bbox 155 2851 394 2883">
     <span class='ocr_line' id='line_1_82' title="bbox 155 2851 394 2883; baseline -0.008 -3"><span class='ocrx_word' id='word_1_588' title='bbox 155 2854 177 2869; x_wconf 72' lang='grc'>⁸⁸</span> <span class='ocrx_word' id='word_1_589' title='bbox 192 2856 271 2880; x_wconf 70' lang='lat' dir='ltr'><strong>tuan.</strong></span> <span class='ocrx_word' id='word_1_590' title='bbox 290 2859 328 2883; x_wconf 77' lang='lat' dir='ltr'><strong>vr,</strong></span> <span class='ocrx_word' id='word_1_591' title='bbox 348 2851 394 2878; x_wconf 83' lang='grc'><strong>56.</strong></span> 
     </span>
    </p>
   </div>
   <div class='ocr_carea' id='block_1_83' title="bbox 258 2896 559 2928">
    <p class='ocr_par' dir='ltr' id='par_1_83' title="bbox 258 2896 559 2928">
     <span class='ocr_line' id='line_1_83' title="bbox 258 2896 559 2928; baseline -0.013 0"><span class='ocrx_word' id='word_1_592' title='bbox 258 2899 392 2928; x_wconf 66' lang='grc' dir='ltr'><strong>ΡΑτιιυι..</strong></span> <span class='ocrx_word' id='word_1_593' title='bbox 417 2897 474 2925; x_wconf 82' lang='lat' dir='ltr'><strong>Gn.</strong></span> <span class='ocrx_word' id='word_1_594' title='bbox 497 2896 542 2925; x_wconf 85' lang='lat' dir='ltr'><strong>CL</strong></span> <span class='ocrx_word' id='word_1_595' title='bbox 552 2915 559 2924; x_wconf 93' lang='lat'><em>.</em></span> 
     </span>
    </p>
   </div>
   <div class='ocr_carea' id='block_1_84' title="bbox 957 2287 1742 2321">
    <p class='ocr_par' dir='ltr' id='par_1_84' title="bbox 957 2287 1742 2321">
     <span class='ocr_line' id='line_1_84' title="bbox 957 2287 1742 2321; baseline 0.008 -8"><span class='ocrx_word' id='word_1_596' title='bbox 957 2287 1052 2313; x_wconf 88' lang='lat' dir='ltr'><strong>eadem</strong></span> <span class='ocrx_word' id='word_1_597' title='bbox 1068 2287 1104 2314; x_wconf 88' lang='lat' dir='ltr'><strong>sit</strong></span> <span class='ocrx_word' id='word_1_598' title='bbox 1121 2287 1164 2313; x_wconf 86' lang='lat' dir='ltr'><strong>via</strong></span> <span class='ocrx_word' id='word_1_599' title='bbox 1179 2287 1328 2321; x_wconf 81' lang='lat' dir='ltr'><strong>proposita,</strong></span> <span class='ocrx_word' id='word_1_600' title='bbox 1346 2287 1419 2314; x_wconf 87' lang='lat' dir='ltr'><strong>illius</strong></span> <span class='ocrx_word' id='word_1_601' title='bbox 1437 2288 1575 2321; x_wconf 68' lang='lat' dir='ltr'><strong>negotium</strong></span> <span class='ocrx_word' id='word_1_602' title='bbox 1592 2291 1742 2320; x_wconf 82' lang='lat' dir='ltr'><strong>descensus</strong></span> 
     </span>
    </p>
   </div>
   <div class='ocr_carea' id='block_1_85' title="bbox 958 2331 1740 2370">
    <p class='ocr_par' dir='ltr' id='par_1_85' title="bbox 958 2331 1740 2370">
     <span class='ocr_line' id='line_1_85' title="bbox 958 2331 1740 2370; baseline 0.009 -12"><span class='ocrx_word' id='word_1_603' title='bbox 958 2331 1019 2365; x_wconf 72' lang='lat' dir='ltr'><strong>fuit,</strong></span> <span class='ocrx_word' id='word_1_604' title='bbox 1038 2337 1161 2359; x_wconf 87' lang='lat' dir='ltr'><strong>nostrum</strong></span> <span class='ocrx_word' id='word_1_605' title='bbox 1188 2340 1320 2361; x_wconf 81' lang='lat' dir='ltr'><strong>ascensus</strong></span> <span class='ocrx_word' id='word_1_606' title='bbox 1337 2338 1389 2360; x_wconf 87' lang='lat' dir='ltr'><strong>cst.</strong></span> <span class='ocrx_word' id='word_1_607' title='bbox 1415 2332 1508 2368; x_wconf 83' lang='lat' dir='ltr'><strong>Itaque</strong></span> <span class='ocrx_word' id='word_1_608' title='bbox 1535 2340 1565 2362; x_wconf 92' lang='lat' dir='ltr'><strong>ut</strong></span> <span class='ocrx_word' id='word_1_609' title='bbox 1590 2335 1616 2362; x_wconf 89' lang='lat' dir='ltr'><strong>in</strong></span> <span class='ocrx_word' id='word_1_610' title='bbox 1648 2338 1740 2370; x_wconf 83' lang='lat' dir='ltr'><strong>scalis,</strong></span> 
     </span>
    </p>
   </div>
   <div class='ocr_carea' id='block_1_86' title="bbox 957 2377 1742 2413">
    <p class='ocr_par' dir='ltr' id='par_1_86' title="bbox 957 2377 1742 2413">
     <span class='ocr_line' id='line_1_86' title="bbox 957 2377 1742 2413; baseline 0.005 -7"><span class='ocrx_word' id='word_1_611' title='bbox 957 2379 1029 2412; x_wconf 87' lang='lat' dir='ltr'><strong>quod</strong></span> <span class='ocrx_word' id='word_1_612' title='bbox 1056 2377 1094 2405; x_wconf 87' lang='lat' dir='ltr'><strong>illi</strong></span> <span class='ocrx_word' id='word_1_613' title='bbox 1115 2378 1289 2405; x_wconf 87' lang='lat' dir='ltr'><strong>descendenti</strong></span> <span class='ocrx_word' id='word_1_614' title='bbox 1310 2383 1461 2406; x_wconf 83' lang='lat' dir='ltr'><strong>extremum</strong></span> <span class='ocrx_word' id='word_1_615' title='bbox 1491 2383 1562 2413; x_wconf 80' lang='lat' dir='ltr'><strong>erat,</strong></span> <span class='ocrx_word' id='word_1_616' title='bbox 1596 2382 1647 2409; x_wconf 90' lang='lat' dir='ltr'><strong>hoc</strong></span> <span class='ocrx_word' id='word_1_617' title='bbox 1662 2383 1742 2410; x_wconf 80' lang='lat' dir='ltr'><strong>nobis</strong></span> 
     </span>
    </p>
   </div>
   <div class='ocr_carea' id='block_1_87' title="bbox 957 2423 1742 2464">
    <p class='ocr_par' dir='ltr' id='par_1_87' title="bbox 957 2423 1742 2464">
     <span class='ocr_line' id='line_1_87' title="bbox 957 2423 1742 2464; baseline 0.005 -14"><span class='ocrx_word' id='word_1_618' title='bbox 957 2423 1170 2451; x_wconf 83' lang='lat' dir='ltr'><strong>ascendentibus</strong></span> <span class='ocrx_word' id='word_1_619' title='bbox 1186 2424 1303 2458; x_wconf 89' lang='lat' dir='ltr'><strong>primum</strong></span> <span class='ocrx_word' id='word_1_620' title='bbox 1316 2430 1368 2452; x_wconf 82' lang='lat' dir='ltr'><strong>est.</strong></span> <span class='ocrx_word' id='word_1_621' title='bbox 1381 2424 1482 2452; x_wconf 84' lang='lat' dir='ltr'><strong>Deinde</strong></span> <span class='ocrx_word' id='word_1_622' title='bbox 1493 2425 1573 2454; x_wconf 82' lang='lat' dir='ltr'><strong>aliter</strong></span> <span class='ocrx_word' id='word_1_623' title='bbox 1582 2428 1663 2456; x_wconf 82' lang='lat' dir='ltr'><strong>etiam</strong></span> <span class='ocrx_word' id='word_1_624' title='bbox 1678 2437 1742 2464; x_wconf 78' lang='lat' dir='ltr'><strong>pro-</strong></span> 
     </span>
    </p>
   </div>
   <div class='ocr_carea' id='block_1_88' title="bbox 957 2469 1739 2508">
    <p class='ocr_par' dir='ltr' id='par_1_88' title="bbox 957 2469 1739 2508">
     <span class='ocr_line' id='line_1_88' title="bbox 957 2469 1739 2508; baseline 0.009 -13"><span class='ocrx_word' id='word_1_625' title='bbox 957 2474 1017 2504; x_wconf 84' lang='lat' dir='ltr'><strong>pter</strong></span> <span class='ocrx_word' id='word_1_626' title='bbox 1031 2469 1150 2504; x_wconf 88' lang='lat' dir='ltr'><strong>ipsarum</strong></span> <span class='ocrx_word' id='word_1_627' title='bbox 1161 2477 1251 2496; x_wconf 90' lang='lat' dir='ltr'><strong>rerum</strong></span> <span class='ocrx_word' id='word_1_628' title='bbox 1263 2470 1446 2498; x_wconf 86' lang='lat' dir='ltr'><strong>conditionem</strong></span> <span class='ocrx_word' id='word_1_629' title='bbox 1465 2479 1517 2498; x_wconf 91' lang='lat' dir='ltr'><strong>non</strong></span> <span class='ocrx_word' id='word_1_630' title='bbox 1532 2473 1607 2501; x_wconf 84' lang='lat' dir='ltr'><strong>licet.</strong></span> <span class='ocrx_word' id='word_1_631' title='bbox 1631 2474 1739 2508; x_wconf 74' lang='lat' dir='ltr'><strong>Baptis-</strong></span> 
     </span>
    </p>
   </div>
   <div class='ocr_carea' id='block_1_89' title="bbox 958 2515 1740 2554">
    <p class='ocr_par' dir='ltr' id='par_1_89' title="bbox 958 2515 1740 2554">
     <span class='ocr_line' id='line_1_89' title="bbox 958 2515 1740 2554; baseline 0.006 -12"><span class='ocrx_word' id='word_1_632' title='bbox 958 2522 1020 2542; x_wconf 84' lang='lat' dir='ltr'><strong>mus</strong></span> <span class='ocrx_word' id='word_1_633' title='bbox 1054 2515 1127 2542; x_wconf 87' lang='lat' dir='ltr'><strong>enim</strong></span> <span class='ocrx_word' id='word_1_634' title='bbox 1141 2521 1182 2542; x_wconf 87' lang='lat' dir='ltr'><strong>cst</strong></span> <span class='ocrx_word' id='word_1_635' title='bbox 1205 2516 1355 2550; x_wconf 79' lang='lat' dir='ltr'><strong>generatio,</strong></span> <span class='ocrx_word' id='word_1_636' title='bbox 1371 2517 1428 2544; x_wconf 84' lang='lat' dir='ltr'><strong>sive</strong></span> <span class='ocrx_word' id='word_1_637' title='bbox 1452 2521 1542 2546; x_wconf 78' lang='lat' dir='ltr'><strong>Ortus.</strong></span> <span class='ocrx_word' id='word_1_638' title='bbox 1554 2516 1740 2554; x_wconf 78' lang='lat' dir='ltr'><strong>Unguentum.</strong></span> 
     </span>
    </p>
   </div>
   <div class='ocr_carea' id='block_1_90' title="bbox 958 2560 1743 2592">
    <p class='ocr_par' dir='ltr' id='par_1_90' title="bbox 958 2560 1743 2592">
     <span class='ocr_line' id='line_1_90' title="bbox 958 2560 1743 2592; baseline 0.005 -4"><span class='ocrx_word' id='word_1_639' title='bbox 958 2561 1016 2588; x_wconf 85' lang='lat' dir='ltr'><strong>sive</strong></span> <span class='ocrx_word' id='word_1_640' title='bbox 1045 2560 1166 2588; x_wconf 84' lang='lat' dir='ltr'><strong>chrisma</strong></span> <span class='ocrx_word' id='word_1_641' title='bbox 1195 2561 1312 2588; x_wconf 85' lang='lat' dir='ltr'><strong>actionis</strong></span> <span class='ocrx_word' id='word_1_642' title='bbox 1333 2564 1359 2589; x_wconf 82' lang='lat' dir='ltr'><strong>et</strong></span> <span class='ocrx_word' id='word_1_643' title='bbox 1386 2563 1514 2591; x_wconf 87' lang='lat' dir='ltr'><strong>motiOuis</strong></span> <span class='ocrx_word' id='word_1_644' title='bbox 1534 2565 1666 2591; x_wconf 84' lang='lat' dir='ltr'><strong>rationem</strong></span> <span class='ocrx_word' id='word_1_645' title='bbox 1695 2566 1743 2592; x_wconf 86' lang='lat' dir='ltr'><strong>ha-</strong></span> 
     </span>
    </p>
   </div>
   <div class='ocr_carea' id='block_1_91' title="bbox 959 2604 1738 2642">
    <p class='ocr_par' dir='ltr' id='par_1_91' title="bbox 959 2604 1738 2642">
     <span class='ocr_line' id='line_1_91' title="bbox 959 2604 1738 2642; baseline 0.006 -9"><span class='ocrx_word' id='word_1_646' title='bbox 959 2607 1001 2634; x_wconf 82' lang='lat' dir='ltr'><strong>bet</strong></span> <span class='ocrx_word' id='word_1_647' title='bbox 1012 2626 1019 2633; x_wconf 94' lang='lat'><em>.</em></span> <span class='ocrx_word' id='word_1_648' title='bbox 1037 2606 1119 2634; x_wconf 78' lang='lat' dir='ltr'><strong>Panis</strong></span> <span class='ocrx_word' id='word_1_649' title='bbox 1134 2612 1224 2634; x_wconf 87' lang='lat' dir='ltr'><strong>autem</strong></span> <span class='ocrx_word' id='word_1_650' title='bbox 1241 2604 1303 2634; x_wconf 64' lang='lat' dir='ltr'><strong>vitae</strong></span> <span class='ocrx_word' id='word_1_651' title='bbox 1314 2627 1322 2639; x_wconf 82' lang='lat'>.</span> <span class='ocrx_word' id='word_1_652' title='bbox 1338 2610 1366 2634; x_wconf 81' lang='lat' dir='ltr'><strong>et</strong></span> <span class='ocrx_word' id='word_1_653' title='bbox 1387 2608 1517 2642; x_wconf 87' lang='lat' dir='ltr'><strong>poculum</strong></span> <span class='ocrx_word' id='word_1_654' title='bbox 1539 2609 1738 2642; x_wconf 78' lang='lat' dir='ltr'><strong>Eueharistiae.</strong></span> 
     </span>
    </p>
   </div>
   <div class='ocr_carea' id='block_1_92' title="bbox 960 2652 1740 2689">
    <p class='ocr_par' dir='ltr' id='par_1_92' title="bbox 960 2652 1740 2689">
     <span class='ocr_line' id='line_1_92' title="bbox 960 2652 1740 2689; baseline 0.006 -10"><span class='ocrx_word' id='word_1_655' title='bbox 960 2659 1039 2680; x_wconf 80' lang='lat' dir='ltr'><strong>verus</strong></span> <span class='ocrx_word' id='word_1_656' title='bbox 1052 2659 1093 2680; x_wconf 79' lang='lat' dir='ltr'><strong>est</strong></span> <span class='ocrx_word' id='word_1_657' title='bbox 1107 2652 1197 2685; x_wconf 84' lang='lat' dir='ltr'><strong>cibus,</strong></span> <span class='ocrx_word' id='word_1_658' title='bbox 1212 2657 1239 2679; x_wconf 83' lang='lat' dir='ltr'><strong>et</strong></span> <span class='ocrx_word' id='word_1_659' title='bbox 1253 2660 1334 2680; x_wconf 88' lang='lat' dir='ltr'><strong>verus</strong></span> <span class='ocrx_word' id='word_1_660' title='bbox 1348 2658 1427 2687; x_wconf 84' lang='lat' dir='ltr'><strong>potus</strong></span> <span class='ocrx_word' id='word_1_661' title='bbox 1441 2653 1475 2681; x_wconf 70' lang='grc'><strong>⁸³.</strong></span> <span class='ocrx_word' id='word_1_662' title='bbox 1489 2654 1571 2689; x_wconf 82' lang='lat' dir='ltr'><strong>Atqui</strong></span> <span class='ocrx_word' id='word_1_663' title='bbox 1589 2663 1642 2682; x_wconf 91' lang='lat' dir='ltr'><strong>non</strong></span> <span class='ocrx_word' id='word_1_664' title='bbox 1658 2656 1740 2684; x_wconf 84' lang='lat' dir='ltr'><strong>datur</strong></span> 
     </span>
    </p>
   </div>
   <div class='ocr_carea' id='block_1_93' title="bbox 959 2699 1739 2739">
    <p class='ocr_par' dir='ltr' id='par_1_93' title="bbox 959 2699 1739 2739">
     <span class='ocr_line' id='line_1_93' title="bbox 959 2699 1739 2739; baseline 0.004 -13"><span class='ocrx_word' id='word_1_665' title='bbox 959 2705 1034 2727; x_wconf 88' lang='lat' dir='ltr'><strong>motu</strong></span> <span class='ocrx_word' id='word_1_666' title='bbox 1057 2699 1123 2727; x_wconf 80' lang='lat' dir='ltr'><strong>cieri</strong></span> <span class='ocrx_word' id='word_1_667' title='bbox 1157 2703 1204 2726; x_wconf 84' lang='lat' dir='ltr'><strong>aut</strong></span> <span class='ocrx_word' id='word_1_668' title='bbox 1221 2699 1268 2731; x_wconf 77' lang='lat' dir='ltr'><strong>ali,</strong></span> <span class='ocrx_word' id='word_1_669' title='bbox 1297 2699 1456 2734; x_wconf 84' lang='lat' dir='ltr'><strong>priusquam</strong></span> <span class='ocrx_word' id='word_1_670' title='bbox 1474 2704 1554 2727; x_wconf 83' lang='lat' dir='ltr'><strong>natus</strong></span> <span class='ocrx_word' id='word_1_671' title='bbox 1575 2700 1739 2739; x_wconf 39' lang='lat' dir='ltr'><strong>sisKAllhzec</strong></span> 
     </span>
    </p>
   </div>
   <div class='ocr_carea' id='block_1_94' title="bbox 958 2742 1815 2793">
    <p class='ocr_par' dir='ltr' id='par_1_94' title="bbox 958 2742 1815 2793">
     <span class='ocr_line' id='line_1_94' title="bbox 958 2742 1815 2793; baseline 0 -19"><span class='ocrx_word' id='word_1_672' title='bbox 958 2746 1110 2780; x_wconf 82' lang='lat' dir='ltr'><strong>baptismus</strong></span> <span class='ocrx_word' id='word_1_673' title='bbox 1124 2745 1261 2772; x_wconf 90' lang='lat' dir='ltr'><strong>hominem</strong></span> <span class='ocrx_word' id='word_1_674' title='bbox 1276 2752 1337 2772; x_wconf 88' lang='lat' dir='ltr'><strong>cum</strong></span> <span class='ocrx_word' id='word_1_675' title='bbox 1357 2745 1411 2772; x_wconf 90' lang='lat' dir='ltr'><strong>Deo</strong></span> <span class='ocrx_word' id='word_1_676' title='bbox 1428 2745 1455 2772; x_wconf 92' lang='lat' dir='ltr'><strong>in</strong></span> <span class='ocrx_word' id='word_1_677' title='bbox 1471 2746 1585 2780; x_wconf 78' lang='lat' dir='ltr'><strong>gratiam</strong></span> <span class='ocrx_word' id='word_1_678' title='bbox 1601 2742 1815 2793; x_wconf 47' lang='lat' dir='ltr'><strong>restitﬁhx\\</strong></span> 
     </span>
    </p>
   </div>
   <div class='ocr_carea' id='block_1_95' title="bbox 960 2791 1737 2827">
    <p class='ocr_par' dir='ltr' id='par_1_95' title="bbox 960 2791 1737 2827">
     <span class='ocr_line' id='line_1_95' title="bbox 960 2791 1737 2827; baseline 0.001 -7"><span class='ocrx_word' id='word_1_679' title='bbox 960 2796 1128 2827; x_wconf 69' lang='lat' dir='ltr'><strong>unguentum</strong></span> <span class='ocrx_word' id='word_1_680' title='bbox 1158 2791 1238 2818; x_wconf 85' lang='lat' dir='ltr'><strong>donis</strong></span> <span class='ocrx_word' id='word_1_681' title='bbox 1264 2791 1320 2819; x_wconf 91' lang='lat' dir='ltr'><strong>illic</strong></span> <span class='ocrx_word' id='word_1_682' title='bbox 1345 2791 1475 2826; x_wconf 83' lang='lat' dir='ltr'><strong>repositis</strong></span> <span class='ocrx_word' id='word_1_683' title='bbox 1502 2792 1613 2827; x_wconf 72' lang='lat' dir='ltr'><strong>dignum</strong></span> <span class='ocrx_word' id='word_1_684' title='bbox 1637 2792 1737 2821; x_wconf 77' lang='lat' dir='ltr'><strong>eﬂicit:</strong></span> 
     </span>
    </p>
   </div>
   <div class='ocr_carea' id='block_1_96' title="bbox 1507 2899 1544 2928">
    <p class='ocr_par' dir='ltr' id='par_1_96' title="bbox 1507 2899 1544 2928">
     <span class='ocr_line' id='line_1_96' title="bbox 1507 2899 1544 2928; baseline 0 0"><span class='ocrx_word' id='word_1_685' title='bbox 1507 2899 1544 2928; x_wconf 80' lang='grc'><strong>17</strong></span> 
     </span>
    </p>
   </div>
  </div>
