1976 3074
245 111 298 144 ξιΞἸ

869 108 1019 138 NlCOLAl
1045 107 1135 138 CABA
1142 109 1174 138 Si
1182 108 1236 138 [.z‘E

1813 107 1864 139 528

245 171 351 199 felicem
374 170 536 205 cogitamus,
553 176 633 203 quam
660 168 768 194 animus
793 167 930 193 humanus
953 173 1028 192 com-

1083 166 1130 191 καὶ
1159 166 1207 199 τῆς
1225 165 1373 200 ἐπιθυμίας
1404 165 1453 201 τῆς
1477 164 1626 200 ἡμετέρας.
1654 165 1767 201 Χρίσμα
1781 166 1810 192 δὲ
1823 166 1863 192 ὅτι

245 217 324 252 plecti
337 220 429 251 queat.
442 215 521 249 Atqui
536 214 606 241 istud
623 213 785 240 omnimodis
801 211 871 238 aliud
887 215 937 243 cst,
955 211 1028 245 iuge-

245 263 345 298 nioqne
369 269 400 289 ac
426 260 562 288 desilerio
584 264 677 286 nostro
700 258 836 292 superius.
863 267 872 282 ι
897 256 994 283 linetio
1015 266 1023 281 ι

245 314 334 336 autem
350 308 407 335 sive
425 316 434 333 ι
453 307 571 333 chrisma
592 315 601 331 ι
621 305 786 339 appellatur,
805 304 869 338 quia
887 303 1025 330 Christum

245 359 356 390 propter
378 361 428 380 uos
442 359 554 379 unctum
581 351 696 378 initiatis
710 349 844 382 inscribit,
861 354 889 377 et
906 349 1026 383 sigillum

245 404 300 432 est,
321 399 408 433 ipsum
433 398 603 425 Salvatorem
626 396 796 430 imprimens.
827 394 928 422 Unctio
954 394 1026 420 enim

245 446 354 480 ubique,
379 452 427 479 per
453 448 537 470 totam
562 442 676 469 formam
700 441 822 476 corporis
852 439 1028 475 suscipientis

245 491 364 526 perfecte
381 493 525 524 penetrans
539 508 546 519 ,
566 492 593 514 et
617 487 681 513 illud
697 487 832 520 adaptans
844 507 851 519 ,
868 486 956 520 ipsum
974 492 1027 512 un-

245 541 319 564 ctutn
336 543 368 563 ex
383 536 443 570 ipso
456 541 617 569 expressum
633 537 661 560 et
681 535 821 568 signatum
839 531 914 563 facil,
930 535 957 558 et
972 530 1028 557 for—

244 590 316 610 mam
340 581 468 611 ostendit.
488 585 513 608 et
535 580 653 616 sigillum
685 583 727 606 est
751 585 856 606 revera.
878 578 1026 606 Docuimus

244 635 327 662 porro
352 626 471 662 sigillum
497 625 566 652 idem
590 625 660 659 quod
695 624 895 659 generationem
927 631 1026 659 posse,

244 673 316 700 sicut
331 672 402 699 idem
419 671 489 706 quod
510 671 628 706 sigillum
639 689 648 701 ,
664 669 852 697 indumentum
873 674 900 697 et
915 669 1026 696 immer-

246 719 296 746 sio.
319 718 370 745 Sed
390 717 518 751 quoniam
537 716 650 748 donum,
670 720 697 742 et
712 715 885 748 iilumiuatio,
901 719 928 742 et
952 715 1027 741 lava-

246 771 321 791 crum
338 763 433 790 eodetn
454 769 508 796 quo
525 761 652 788 formatio
669 761 863 797 generatioquc
879 760 1025 795 pertinent,

246 809 342 844 putuit,
369 815 477 835 onmem
501 807 674 842 baptismatis
703 806 911 841 appellationem
942 814 1025 833 unum

245 842 310 881 illud
333 852 504 887 signiﬁcare,
527 859 625 886 nempe
640 852 693 878 hoc
716 851 851 878 lavacrum
875 851 1028 885 generatio-
1043 842 1064 870 Β

245 894 307 925 nem
336 901 363 925 et
388 897 450 924 vitae
479 897 505 923 itt
529 896 639 924 Christo
665 895 828 930 principium
854 895 933 922 nobis
957 902 1026 922 esse.

245 944 340 972 Utrum
352 948 442 970 autem
455 942 635 973 caeremoniae,
647 945 673 969 et
687 936 746 976 quae
762 941 912 968 recitantur
936 940 962 967 in
978 942 1030 967 hoc

245 989 384 1025 mysterio,
395 988 466 1015 hanc
474 988 527 1014 vim
545 987 671 1017 habeant,
687 985 800 1012 elarebit
814 985 859 1017 iis,
873 985 918 1019 qui
936 984 1028 1012 initia-

245 1036 346 1063 tionetn
363 1034 443 1061 istam
458 1032 642 1067 particulatim
661 1031 850 1067 expenderint.

280 1080 407 1111 Cernitur
424 1079 496 1106 enim
517 1078 562 1113 qui
579 1078 612 1104 ad
628 1079 786 1112 mysterium
802 1077 856 1103 hoc
872 1076 1027 1111 percipien-

244 1128 308 1154 dum
328 1126 445 1158 accedit,
463 1129 607 1159 antequam
623 1124 756 1154 initietur,
774 1123 892 1149 nondum
916 1122 970 1149 Deo
987 1129 1029 1148 re-

247 1172 421 1203 conciliatus,
441 1170 560 1197 nondum
579 1177 594 1196 a
616 1169 700 1196 veteri
716 1168 848 1195 dedecore
866 1174 897 1194 ac
913 1167 1029 1201 turpitu-

246 1218 309 1245 dine
325 1217 465 1244 immunis.
479 1215 610 1244 Precatur
620 1215 722 1250 quippe
735 1213 855 1241 initiator
871 1219 932 1240 ante.
945 1212 1026 1239 aliam

245 1263 448 1294 cazremouiam,
475 1266 506 1289 ut
533 1269 548 1288 a
573 1268 628 1296 quo
652 1265 800 1294 occupatus
823 1265 865 1287 est
891 1260 1026 1290 daemone,

246 1309 387 1337 liberetur.
405 1308 462 1335 Nec
474 1306 562 1335 solum
581 1305 730 1340 alloquitur
745 1305 830 1332 Deum
848 1312 898 1340 pro
919 1312 962 1336 eo,
980 1306 1025 1332 sed

246 1363 272 1385 et
285 1357 374 1393 ipsum
391 1355 614 1384 catechumenum
628 1353 766 1386 adoriens,
778 1357 922 1389 tyrannum
939 1353 1028 1379 incre-

250 1408 308 1439 pat,
323 1407 350 1430 et
366 1402 472 1436 flagello
491 1401 651 1428 insectatur.
669 1398 816 1433 Flagellum
834 1403 875 1426 est
903 1408 912 1424 ι
927 1406 1025 1425 nomen

246 1449 313 1476 illud
328 1456 410 1483 super
425 1454 506 1475 omne
523 1453 621 1474 nomen
635 1445 669 1473 ".
690 1454 699 1471 ι
716 1445 889 1479 Tantumth
906 1444 981 1471 abest
997 1448 1027 1471 ut

246 1496 327 1524 vivat.
341 1499 368 1522 et
387 1493 459 1521 ﬁlius
471 1499 552 1528 atque
564 1491 650 1519 haeres
663 1491 709 1523 sit,
722 1495 751 1518 ut
767 1491 855 1518 adhuc
873 1491 899 1517 in
918 1490 1024 1526 tyranni
1039 1512 1059 1540 c

246 1539 380 1574 mancipio
393 1542 527 1565 versetur.
545 1536 611 1563 Nam
629 1537 675 1570 qui
697 1543 758 1563 curn
773 1535 892 1570 maligno
907 1535 1024 1562 rationes
1039 1529 1060 1540 ’“¹

245 1583 369 1615 habet,is
389 1591 403 1609 a
422 1582 476 1610 Deo
492 1582 598 1617 penitus
612 1581 724 1608 recedit.
741 1580 797 1607 lloc
814 1588 878 1608 vero
893 1586 935 1607 est
946 1588 1024 1615 pror-

244 1637 293 1656 sus
309 1632 446 1655 mortttum
464 1634 535 1654 esse.
556 1625 646 1659 Quare
668 1626 750 1653 etiam
775 1626 857 1653 veluti
877 1625 909 1653 ad
931 1625 1025 1652 exani—

245 1681 317 1700 mem
337 1672 427 1699 adituc
441 1671 578 1699 accedens
594 1671 725 1702 initiator,
739 1670 766 1696 in
784 1670 879 1697 faciem
896 1670 953 1704 ejus
969 1670 1025 1697 suf-

245 1718 310 1746 ﬂat:
332 1725 393 1752 quae
409 1708 636 1744 insufiiatio'vita'.
655 1716 763 1743 coeiitus
785 1715 931 1754 inferenda:
955 1722 1024 1744 tecta

245 1763 408 1798 significatio
420 1766 473 1789 est.
488 1761 553 1794 Quae
568 1767 729 1796 sequuntur,
743 1761 1024 1794 respondent.0mnia

245 1810 318 1837 enim
334 1813 398 1836 sunt
408 1809 485 1843 quasi
503 1807 584 1834 modo
609 1812 825 1841 procreatorum,
841 1813 868 1835 et
880 1808 1024 1842 praesentia

246 1862 361 1889 quaeque
376 1854 403 1881 iu
420 1853 547 1880 manibus
564 1858 629 1880 sunt
644 1853 861 1887 despicientiutn,
871 1857 897 1880 et
911 1853 944 1880 ad
960 1861 1026 1880 mo-

245 1901 373 1927 deramen
397 1898 471 1926 aliud
495 1899 698 1926 translatorum.
719 1898 835 1932 Urgetur
849 1899 921 1926 enim
945 1907 959 1925 e
974 1899 1025 1926 du<

244 1946 307 1982 piici
332 1946 434 1973 mundo
454 1945 527 1972 hunc
554 1950 745 1977 contemnere,
771 1945 845 1972 illum
870 1945 1023 1977 honorare;

244 1998 271 2020 et
287 1992 348 2019 vita:
378 1991 440 2019 huic
458 1991 566 2026 quidem
590 1991 752 2021 valedicere,
769 1990 841 2018 illam
866 1991 970 2022 vivere;
996 1995 1024 2017 et.

243 2036 305 2063 vitae
318 2037 413 2063 ducem
428 2036 500 2063 hunc
512 2035 577 2063 velis
589 2035 725 2069 retnisque
736 2035 839 2070 fugere,
852 2035 927 2062 illurn
942 2043 1022 2070 quant

243 2081 448 2109 studiosissime
460 2082 548 2116 sequi.
566 2081 648 2116 Igitur
667 2081 731 2115 quia
747 2081 888 2115 praesentia
905 2080 1024 2114 deponit,

245 2128 312 2155 satis
326 2127 441 2159 indicat,
458 2135 572 2162 quorum
587 2132 673 2155 semet
687 2127 806 2154 nondum
825 2127 913 2154 adhuc
931 2135 1026 2154 recon-

1079 211 1125 237 τὶν
1138 210 1171 236 δι’
1182 211 1255 245 ἠμῖς
1266 211 1421 245 χρισθέντα.
1439 211 1485 237 τδν
1509 211 1639 246 Χριστὸν,
1654 211 1790 246 ἐγγράφει
1805 214 1862 242 τοῖς

1080 256 1263 289 τελουμένοις,
1279 257 1325 282 καὶ
1341 256 1459 290 σφραγίς
1469 257 1543 283 ἐστιν
1561 256 1643 283 αὐτὸν
1658 257 1863 291 ὲνσημαίνουσα

1082 303 1127 328 τὸν
1141 303 1263 337 Σωτῆρα.
1292 303 1329 328 Τὸ
1343 303 1397 337 γὰρ
1427 304 1532 337 χρίσμα
1559 302 1695 338 πανταχοῦ
1711 304 1755 330 διὰ
1772 304 1862 338 πάσης

1081 348 1203 382 ἀκριϐῶς
1224 348 1276 382 τῆς
1300 349 1408 384 μορφῆς
1434 349 1587 384 ἀφιγμένον
1601 349 1648 375 τοῦ
1675 349 1801 384 σώματος
1815 349 1862 376 τοῦ

1080 393 1227 428 δεξαμένου
1241 394 1289 420 καὶ
1300 395 1497 430 προσαρμόσαν
1509 395 1590 422 αὑτὸν
1602 395 1630 422 ἑν
1641 395 1716 430 αὐτῷ
1731 395 1806 429 φέρει
1816 395 1862 422 τὶν

1081 439 1265 474 ἀληλιμμένον
1291 441 1505 476 ὲνσημανθὲντα,
1531 441 1580 468 καὶ
1603 441 1633 468 τὸ
1657 438 1727 472 εἶδος
1741 441 1863 467 δείκνυσι

1081 488 1126 513 καὶ
1142 488 1259 522 σφραγίς
1275 489 1349 514 ἐστιν
1360 488 1492 523 ἀτεχνῶς.
1507 489 1648 516 Δέδεικται
1669 489 1698 515 δὲ
1716 489 1772 520 τοῖς
1786 488 1863 522 εἰρη-

1082 533 1184 568 μένοις,
1200 534 1233 568 τῇ
1256 535 1381 570 γεννήσει
1404 529 1487 561 ταύτό
1507 535 1637 562 δύνασθαι
1650 535 1699 569 τὴν
1715 535 1862 570 σφραγῖδα,

1080 579 1205 613 καθάπερ
1220 580 1266 606 καὶ
1285 581 1318 614 τῇ
1345 581 1472 614 σφραγῖδι
1487 581 1517 607 τὸ
1537 580 1639 616 ἔνδυμα
1655 581 1702 608 καὶ
1716 581 1747 607 τὸ
1762 581 1862 615 eam-

1081 631 1147 658 σμα.
1169 624 1244 650 Ἐπεὶ
1260 624 1288 651 δὲ
1300 625 1347 651 καὶ
1360 626 1390 651 τὸ
1408 626 1531 661 χάρισμα
1554 626 1601 652 καὶ
1616 627 1647 652 τὺ
1665 627 1794 660 φώτισμα
1815 627 1863 652 καὶ

1080 669 1110 695 τὸ
1124 669 1236 704 λοῦτρον
1247 671 1281 704 τῇ
1291 670 1389 696 πλάσει
1401 670 1448 696 καὶ
1461 671 1588 705 γεννήσει
1600 670 1669 706 πρὸς
1680 670 1762 697 ταύτὸ
1771 672 1861 706 φέρει,

1080 714 1159 748 δῆλον
1177 715 1296 748 ἐγένετο,
1320 716 1410 742 πᾶσαν
1422 715 1469 742 τοῦ
1497 715 1685 751 βαπτίσματος
1699 718 1862 751 ἐπωνυμίαν

1079 760 1109 786 τὺ
1122 761 1151 786 ἓν
1163 761 1250 787 ἐκεῖνο
1270 760 1425 796 σημαίνειν,
1435 761 1472 793 ὼς
1490 762 1543 796 ἄρα
1563 763 1688 798 γέννησις
1703 763 1750 789 καὶ
1765 763 1812 797 τῆς
1832 764 1862 789 ἐν

1081 805 1191 841 Χριστῷ
1205 807 1277 841 ζωῆς
1292 808 1357 842 ἡμῖν
1374 808 1447 833 ἐστιν
1461 808 1533 842 ἀρχὴ
1549 809 1579 834 τὸ
1596 809 1716 844 λουτρόν.
1734 809 1764 835 Ei.
1774 809 1802 835 δὲ
1816 810 1862 836 καὶ

1078 851 1112 877 τὰ
1134 851 1282 886 τελούμενα
1308 853 1355 878 καὶ
1371 853 1507 888 λεγόμενα
1530 854 1578 879 τοῦ
1597 854 1748 889 μυστηρίου
1764 855 1862 881 τοῦτον

1077 896 1189 923 δύναται
1205 898 1250 924 τὸν
1269 898 1356 932 λόγον,
1375 900 1494 935 φανερὸν
1514 900 1547 927 ὃν
1563 901 1606 935 εἴη
1625 901 1696 928 κατὰ
1714 902 1796 936 μέρος
1811 905 1862 936 τὴν

1077 942 1190 974 τελετὴν
1204 943 1321 971 ὲπιοῦσι.

1115 1077 1241 1104 Φαίνεται
1251 1077 1315 1119 ,γὰρ
1331 1079 1346 1105 ὁ
1361 1078 1483 1113 προσιὼν
1493 1080 1531 1115 τῷ
1546 1081 1688 1116 μυστηρίῳ
1705 1082 1770 1117 πρὶν
1783 1083 1860 1109 τελε-

1079 1123 1177 1158 σθῆναι
1206 1125 1290 1159 μήπω
1306 1124 1366 1159 Θεῷ
1391 1126 1626 1160 κατηλλαγμένος,
1645 1128 1729 1162 μήπω
1741 1128 1792 1163 τῆς
1811 1131 1861 1164 ἀρ-

1077 1170 1156 1204 χαίας
1168 1170 1300 1204 αἰσχύνης
1323 1170 1552 1205 ἀπηλλαγμένος’
1577 1172 1687 1208 εῠχεται
1711 1174 1764 1209 γὰρ
1785 1175 1861 1209 αὐτῷ

1077 1217 1228 1250 προσιόντι,
1245 1218 1311 1250 πρὶν
1326 1216 1390 1243 ἄλλο
1399 1225 1425 1243 τι
1443 1217 1553 1253 τελέσῃ,
1571 1217 1619 1253 τήν
1634 1218 1682 1245 τοῦ
1699 1221 1861 1255 κατέχοντος

1077 1261 1203 1295 δαίμονος
1229 1261 1392 1296 ἀπαλλαγὴν
1418 1263 1432 1288 ὀ
1448 1262 1550 1295 τελῶν,”
1570 1265 1615 1290 καὶ
1628 1265 1659 1292 οὐ
1675 1264 1712 1299 τῷ
1723 1265 1782 1300 Θεῴ
1797 1267 1863 1301 περὶ

1077 1306 1160 1333 αὐτοῦ
1177 1307 1331 1341 διαλέγεται
1351 1307 1441 1342 μόνον,
1465 1309 1534 1335 ἀλλὰ
1554 1310 1602 1336 καὶ
1617 1311 1693 1346 αὐτῷ
1721 1311 1862 1338 ἐπιπεσὼν

1076 1353 1191 1388 ἐπιτιμᾷ.
1205 1352 1244 1387 τῷ
1257 1353 1383 1388 τυράννῳ
1408 1355 1455 1381 καὶ
1479 1354 1585 1382 ὲλαὺνει
1612 1356 1760 1390 μαστίζων.
1778 1356 1811 1383 Ἦ
1833 1357 1860 1384 δὲ

1079 1398 1178 1433 μάστιξ
1194 1398 1268 1434 αὐτῷ
1283 1408 1292 1424 ‹
1307 1399 1337 1425 τὸ
1349 1399 1435 1435 ὄνομά
1452 1400 1510 1427 ἐστι
1530 1400 1560 1427 τὸ
1575 1401 1644 1436 ὑπὲρ
1664 1403 1718 1428 πᾶν
1732 1402 1827 1436 ὄνομα.
1849 1413 1858 1428 ι

1077 1445 1210 1472 Τοσοῦτον
1223 1445 1319 1480 ἀπέχει
1339 1445 1395 1476 ζῶν
1406 1443 1477 1472 εἶναι
1489 1447 1536 1472 καὶ
1554 1447 1610 1479 υἱὸς
1624 1447 1670 1474 καὶ
1683 1447 1859 1483 κληρονόμος,

1076 1491 1106 1523 ὃς
1125 1500 1155 1525 γε
1170 1492 1211 1517 ἔτι
1229 1491 1267 1526 τῷ
1281 1492 1406 1527 τυράννῳ
1420 1492 1541 1518 δουλεύει
1551 1501 1558 1508 ·
1582 1493 1727 1528 συμϐαίνει
1755 1494 1809 1528 γὰρ
1821 1494 1862 1529 τῷ

1077 1535 1188 1570 πονηρῷ
1216 1535 1329 1562 συνόντα
1357 1536 1425 1562 Θεοῦ
1442 1537 1583 1568 παντελῶς
1601 1538 1763 1570 ἀφεστάναι,
1788 1538 1818 1564 τὸ
1832 1539 1862 1565 δέ

1075 1582 1133 1608 ὲστι
1155 1581 1315 1607 παντάπασι
1337 1582 1435 1616 νεκρὸν
1462 1580 1543 1608 εἶναι.
1560 1583 1610 1608 Διὰ
1621 1584 1699 1610 τοῦτο
1715 1583 1762 1610 καὶ
1773 1583 1810 1615 ὼς
1827 1583 1862 1610 ἂν

1075 1626 1152 1653 οὔπω
1169 1626 1242 1662 ζωῆς
1258 1627 1453 1661 μετειληφότος
1467 1627 1624 1662 προσελθὼν
1639 1628 1653 1654 ὸ
1664 1628 1792 1663 τελεστὴς
1809 1629 1861 1662 ερ-

1076 1674 1150 1709 φυσᾷ
1166 1673 1204 1708 τῷ
1221 1673 1359 1708 προσώπῳ
1372 1681 1379 1688 ·
1392 1673 1423 1699 τὸ
1439 1673 1492 1707 γὰρ
1505 1673 1658 1708 ἐμφύσημα
1674 1673 1776 1700 ἄνωθεν
1787 1674 1862 1708 ζωῆς

1075 1719 1199 1754 αἴνιγμα.
1213 1719 1266 1746 Καὶ
1281 1719 1314 1745 τὰ
1330 1718 1392 1753 ἑξῆς
1405 1718 1433 1745 δὲ
1444 1719 1598 1750 ἀκολούθως
1610 1719 1667 1754 ἔχει
1679 1726 1686 1734 ’
1704 1719 1792 1746 πάντα
1806 1721 1861 1754 γαρ

1075 1764 1129 1790 τῶν
1144 1764 1204 1796 ἄρτι
1219 1763 1439 1797 καθισταμένων,
1460 1764 1508 1790 καὶ
1522 1763 1576 1789 τῶν
1591 1764 1640 1799 μὲν
1655 1765 1799 1799 παρόντων
1812 1765 1862 1791 καὶ

1077 1810 1106 1835 ὲν
1118 1810 1211 1844 χερσὶν
1236 1809 1444 1844 ὑπερορώντων,
1457 1809 1499 1835 ἐπ’
1510 1809 1577 1836 ἄλλα
1586 1810 1614 1835 δὲ
1627 1810 1861 1844 μετατιθεμένων.

1082 1855 1237 1888 Ἐπεὶγεται
1255 1855 1309 1889 γὰρ
1326 1853 1437 1888 κόσμων
1451 1846 1498 1881 τοῦ
1512 1855 1563 1889 μὲν
1579 1856 1797 1891 καταφρονῆσαι,
1815 1857 1862 1882 τὶν

1075 1901 1103 1927 δὲ
1115 1901 1240 1935 τιμῆσαι,
1259 1901 1305 1926 καὶ
1320 1900 1377 1935 βίον
1391 1900 1436 1928 τὸν
1453 1901 1503 1934 μὲν
1520 1902 1731 1935 ἁπογεγονέναι,
1759 1903 1804 1928 τὸν
1832 1903 1861 1929 δ)

1077 1946 1183 1981 βιῶναι.
1200 1947 1246 1973 καὶ
1265 1946 1336 1980 Coiﬁ;
1348 1947 1502 1980 ἡγούμενον
1518 1947 1564 1973 τὸν
1583 1947 1632 1981 μὲν
1643 1948 1674 1973 ἐκ
1687 1947 1787 1979 παντὸς
1799 1948 1863 1982 τρό-

1076 1998 1127 2015 που
1143 1991 1266 2023 φευγεῖν,
1294 1989 1339 2016 τὸν
1353 1990 1381 2016 δὲ
1408 1992 1482 2025 πάσῃ
1501 1991 1604 2026 σπουδῇ
1619 1991 1737 2019 διώκειν.
1756 1993 1863 2019 Οὐκοῦν

1075 2035 1109 2062 δι’
1128 2032 1165 2062 ὧν
1190 2035 1239 2069 μὲν
1260 2035 1419 2061 ἀποτίθεται
1432 2036 1467 2061 τὰ
1483 2037 1613 2069 παρόντα,
1640 2036 1718 2071 δῆλός
1734 2038 1810 2064 ἐστιν
1822 2035 1863 2064 ὧν

1076 2080 1245 2114 κατεγνώκει
1261 2081 1345 2115 μήπω
1357 2081 1403 2107 καὶ
1416 2081 1464 2106 νῦν
1481 2081 1695 2116 ἀπηὶλαγμὲνος
1706 2091 1712 2097 ·
1732 2082 1766 2108 δι’
1783 2079 1821 2110 ὧν
1833 2083 1862 2109 δὲ

1076 2127 1111 2153 τὰ
1124 2126 1239 2158 δόξαντα
1251 2125 1355 2152 καλλίω
1370 2126 1418 2151 καὶ
1435 2125 1452 2152 ἃ
1474 2125 1615 2160 προῦθηκε
1637 2127 1691 2153 τῶν
1719 2128 1863 2163 παρόντων

244 2173 353 2200 ciiiatus
370 2173 543 2201 condemnet.
568 2172 637 2205 Quia
661 2179 752 2200 autem
776 2173 832 2200 visa
855 2173 1021 2207 pulchriora,

1079 2172 1129 2198 ξιπὸ
1152 2171 1200 2198 τοῦ
1228 2172 1382 2205 μυστηρίου
1397 2170 1492 2197 τούτου
1519 2171 1665 2206 λαμϐάνει,
1689 2172 1808 2198 δείκνυσι
1823 2173 1864 2208 τῷ

243 2223 270 2245 ct
296 2226 310 2245 a
335 2225 365 2246 se
393 2218 571 2253 praesentibus
603 2218 766 2252 anteposita,
780 2219 813 2244 ab
827 2218 878 2245 hoc
897 2218 1027 2252 mysterio

244 2263 353 2299 accipit,
380 2263 510 2296 ostendit,
541 2270 571 2291 se
598 2263 671 2298 quod
700 2263 853 2297 baptizatus
881 2263 927 2294 sit,
943 2263 1025 2290 vitam

243 2309 406 2337 laudabilem
430 2308 560 2336 exordiri.
573 2308 714 2344 Templum
739 2310 839 2344 quippe
868 2306 1026 2344 ingressus.

244 2361 347 2382 vestem
374 2353 497 2388 deponit,
523 2358 550 2381 et
575 2353 760 2381 calceamenta
785 2355 884 2386 solvit,
901 2359 976 2381 veste
1001 2359 1028 2381 et

245 2399 357 2429 calceis.
371 2406 432 2433 qua:
448 2400 480 2426 ad
494 2399 577 2426 vitam
592 2403 656 2426 sunt
675 2401 840 2432 necessaria,
854 2400 970 2433 priorem
985 2400 1027 2426 vi-

246 2445 326 2472 vendi
339 2446 472 2472 rationem
489 2446 643 2474 insinuans.
656 2445 790 2473 Pmterea
808 2447 842 2473 ad
859 2447 1027 2474 occidentem

246 2498 406 2522 conversus,
420 2491 547 2525 spiritum
567 2499 614 2519 ore
638 2492 748 2523 emittit,
770 2493 831 2520 vita:
858 2493 884 2520 iu
909 2494 1028 2520 tenebris

247 2541 316 2563 acta:
329 2535 471 2569 indicium;
482 2544 578 2564 manus
589 2538 720 2569 extendit,
732 2542 759 2565 et
771 2543 898 2573 tanquam
911 2546 1029 2573 praesen-

247 2586 300 2608 tem
325 2581 434 2616 sibique
455 2581 659 2609 incumbentem
687 2583 834 2616 malignum
860 2584 976 2618 repellit,
1002 2588 1029 2617 et

247 2635 297 2655 ceu
310 2627 449 2662 itnpurttm
463 2627 663 2662 scelestutnque
678 2628 864 2661 abotuiuatur,
878 2629 1029 2663 foederique

248 2674 441 2716 inimicissimp
458 2678 484 2701 et
501 2674 601 2701 iuiideii
619 2679 646 2701 et
662 2682 750 2701 causa:
777 2676 868 2702 omnis
890 2676 966 2703 exitii
985 2683 1029 2702 re-

247 2721 365 2753 nuntiat,
380 2721 584 2754 amicitiamque
599 2721 678 2756 longe
694 2721 895 2749 acerbissimam
913 2722 1028 2755 tiissuit;

283 2811 306 2827 "
322 2811 437 2846 Philipp.
455 2819 486 2843 tt,
505 2811 531 2838 9.

1078 2217 1258 2252 βαπτισθῆναι
1271 2216 1320 2250 τῆς
1334 2217 1531 2250 ἐπαινουμένης
1547 2217 1700 2251 ἀρχόμενος
1714 2217 1797 2252 ζωῆς.
1810 2218 1864 2244 Τὸν

1078 2263 1131 2298 γὰρ
1148 2263 1221 2296 ἱερὸν
1249 2260 1379 2288 εἰσελθὼν
1406 2259 1481 2302 οἷκον
1497 2262 1543 2288 τὸν
1569 2261 1671 2296 χιτῶνα
1685 2263 1864 2289 κατατίθεται

1078 2308 1126 2335 καὶ
1139 2308 1173 2334 τὰ
1187 2308 1271 2343 ὐππδή
1278 2315 1350 2342 ματα
1364 2307 1489 2338 ὑπολύει,
1503 2307 1542 2342 τῷ
1556 2308 1655 2342 ίματίῳ
1673 2309 1786 2340 καὶτοῖς
1797 2309 1865 2335 ὑπο-

1078 2355 1208 2388 δήμασιν,
1234 2353 1252 2381 ἃ
1271 2354 1341 2388 πρὸς
1365 2353 1414 2388 τὴν
1433 2353 1505 2388 ζωήν
1524 2353 1631 2389 βοηθεῖ,
1659 2356 1705 2380 τὸν
1729 2355 1866 2389 πρότερον

1079 2401 1265 2435 αἰνιττόμενος
1281 2399 1350 2434 βίον.
1365 2399 1425 2425 Ἔτι
1441 2399 1469 2425 δὲ
1488 2399 1556 2434 πρὸς
1579 2400 1684 2435 δυσμὰς
1700 2400 1865 2427 ἀποϐλέπων

1080 2447 1188 2481 πνεῦμα
1201 2446 1256 2472 τοῦι
1267 2445 1401 2479 στόματος
1416 2445 1546 2477 ἀποπνεῖ,
1563 2445 1613 2480 τῆς
1630 2446 1658 2471 ἐν
1685 2446 1776 2472 σκότει
1791 2445 1866 2480 (toﬁ;

1081 2494 1204 2525 σημεῖον,
1217 2491 1311 2526 χεῖράς
1326 2499 1354 2529 τε
1367 2491 1483 2516 ἐκτείνει
1499 2490 1546 2517 καὶ
1561 2491 1599 2522 ὡς
1615 2491 1736 2525 παρόντα
1747 2493 1795 2518 καὶ
1805 2494 1867 2518 ἑπι-

1080 2538 1205 2573 κείμενον
1231 2538 1276 2564 τὸν
1297 2536 1415 2572 πονηρὸν
1444 2537 1595 2563 ἀπωθεῖται
1627 2538 1672 2563 καὶ
1697 2537 1736 2568 ὡς
1765 2539 1865 2572 pulp»;

1081 2584 1127 2610 καὶ
1141 2581 1269 2618 βδελυροῦ
1283 2582 1448 2614 καταπτύει,
1464 2583 1511 2607 καὶ
1526 2582 1576 2612 τὰς
1592 2581 1718 2616 ἐχθίστοις
1737 2582 1784 2608 καὶ
1797 2582 1865 2607 ἀπίη

1082 2637 1160 2659 στους
1176 2628 1224 2654 καὶ
1239 2627 1352 2661 ὀλέθρου
1369 2626 1469 2657 παντὸς
1495 2627 1590 2658 αἰτίας
1614 2628 1734 2662 ἀρνεῖται
1750 2627 1867 2658 σπονδας

1080 2676 1126 2702 καὶ
1154 2675 1203 2708 τὴν
1226 2673 1317 2708 φιλίαν
1331 2672 1380 2707 τὴν
1397 2672 1499 2708 πικρὰν
1526 2673 1684 2698 παντάπασι
1701 2672 1807 2698 διαλύει
1820 2678 1868 2698 και

1081 2721 1129 2755 τὴν
1144 2719 1244 2754 ἔχθραν
1271 2719 1388 2744 ἐπαινεῖ.
1406 2718 1460 2744 Καὶ
1476 2719 1537 2744 ἐπεὶ
1555 2718 1637 2753 φύγοι
1650 2718 1677 2744 τὸ
1693 2718 1802 2749 σκότος,
1821 2722 1844 2744 ε.
1858 2719 1868 2744 ".
