1976 3074
223 170 276 202 535

847 176 999 206 NlCOLAl
1015 173 1208 204 CABASlL/E

1781 167 1834 199 536

253 228 323 256 Cum
338 233 478 263 peccatum
494 229 591 264 duplex
604 230 649 262 sit,
665 236 693 258 et
705 231 731 257 in
749 237 894 266 utrumque
909 231 999 262 cadat,
1015 255 1017 259 Α

1086 231 1141 264 Τῆς
1154 229 1290 264 ἁμαρτίας
1306 229 1398 263 διττῆς
1411 227 1495 261 οὔσης
1509 226 1556 253 καὶ
1573 226 1613 256 είς
1623 225 1706 260 ἄμφω
1728 223 1834 259 χωρού-

219 274 271 302 hoc
283 280 337 306 est,
364 279 391 302 et
402 275 474 302 aliud
495 276 522 302 in
539 276 657 307 actione,
680 277 753 304 aliud
773 278 800 304 in
825 277 916 304 habitu
935 284 997 303 ver-

222 324 294 347 tatur
312 325 339 347 et
356 321 465 354 haereat,
492 322 564 348 actio
577 322 635 356 ipsa
661 322 808 356 aliquando
831 330 892 350 non-
910 321 998 354 adest,

220 374 309 400 neque
324 372 425 398 manet,
452 367 499 394 sed
525 368 604 395 simul
623 375 655 396 ac
679 372 784 403 patrata
800 372 852 400 est,
876 375 936 395 esse
950 367 999 395 de-

220 411 284 437 sinit
299 430 306 442 ,
322 411 394 437 sicut
407 411 490 438 telum
507 419 567 439 mox
592 416 622 439 ut
644 413 779 441 vibratum
794 417 846 446 est,
859 413 1000 448 praeteriit.

221 456 340 491 lleiiquit
359 461 450 485 autem
467 458 565 485 vulnus
586 464 726 493 peccatum
743 458 860 486 actionis
891 458 935 485 his
951 457 1000 492 qui

220 502 285 529 illud
302 503 406 537 operati
423 507 498 535 sunt,
523 508 550 530 et
568 504 709 539 vestigium
730 503 921 539 improbitatis,
937 511 1004 530 con-

220 547 355 574 fusionem
380 552 407 575 et
422 553 527 575 reatum
552 556 648 582 poenae.
666 549 780 577 Habitus
796 553 886 576 autem
903 556 919 576 a
937 555 1002 583 per—

220 593 306 619 versis
323 593 487 626 actionibus,
503 594 586 622 veluti
602 595 712 621 morbus
732 595 854 629 quidam,
875 598 1003 627 cei-rupta

221 638 359 666 voluntate
371 638 518 666 animabus
529 639 641 671 inditus,
658 639 765 666 stabilis
777 643 830 671 est,
846 643 872 669 et
887 638 1005 666 vinculis

222 685 413 712 insolubilibus
428 686 548 712 animam
571 686 708 721 astringit,
722 692 875 720 sensusque
889 689 916 712 et
929 685 1005 720 cogi-

222 735 276 756 tata
293 730 319 757 in
337 730 496 758 servitutem
515 731 621 766 redigit,
637 735 664 758 et
685 737 778 766 captos
795 735 892 759 tractat
912 736 942 757 ut
958 729 1006 764 qui

222 775 341 814 pessime
368 775 394 802 in
413 777 537 804 actiones
551 777 778 804 secleratissimas
792 784 839 804 eos
861 776 1007 809 inducens,

224 828 271 854 per
284 828 351 855 quas
373 821 431 855 ipse
448 821 581 849 conflatus
600 827 651 854 est,
677 827 702 850 et
718 829 786 857 quas
803 829 910 857 semper
924 821 1006 856 parit,

223 871 367 901 generatus
380 871 408 894 et
420 875 554 902 generans
567 868 717 895 secundum
734 867 816 900 idem,
831 872 858 894 et
873 868 900 894 in
913 867 1005 894 orbem

223 913 444 948 quodammodo;
472 913 544 940 unde
571 913 663 940 nullus
689 913 820 948 peccandi
844 913 917 946 linis,
943 913 1008 940 dum

224 960 334 988 habitus
376 959 500 986 actiones
535 959 682 994 producit,
724 959 882 986 accessione
916 965 1006 986 autem

227 1005 367 1032 actionum
398 1004 508 1031 habitus
529 1005 669 1040 augescit:
684 1009 709 1031 et
725 1004 761 1030 ita
777 1005 900 1038 utrisque
930 1004 1009 1030 malis

226 1051 343 1078 invicem
360 1054 492 1086 perpetuo
506 1050 754 1085 progredientibus,
776 1055 914 1084 peceatum
932 1050 1010 1082 vivit,

227 1104 278 1131 ego
297 1103 362 1122 vero
381 1100 507 1122 mortuus
525 1102 585 1121 sum
601 1103 608 1122 :
636 1095 771 1129 siquidem
787 1101 841 1121 non
865 1093 935 1126 heri,
960 1100 1011 1120 nec

227 1149 316 1176 nuper
342 1146 486 1176 peccatum
511 1141 583 1175 cepit
608 1141 714 1167 initium
730 1162 737 1174 ,
762 1141 808 1167 sei
833 1147 867 1167 ex
884 1147 938 1174 quo
956 1140 1012 1166 nati

193 1208 197 1213 η
228 1195 336 1216 smnus.
357 1187 417 1215 Mox
432 1187 505 1215 enim
521 1191 551 1214 ut
565 1186 685 1214 Adamus
700 1186 818 1220 maligno
835 1193 884 1212 sua
899 1193 1012 1213 concre-

228 1237 307 1268 didit,
329 1236 487 1270 bonumque
506 1234 650 1261 Dominum
672 1233 846 1267 contempsit,
869 1237 895 1260 et
915 1233 1013 1260 volun-

228 1285 285 1308 tate
300 1281 433 1308 distortus
448 1288 480 1307 ac
495 1287 642 1314 pervorsus
656 1283 707 1310 est,
723 1283 750 1306 et
763 1279 852 1305 anima
867 1278 1012 1305 sanitatem

230 1326 305 1354 illam
331 1334 364 1353 ac
387 1326 489 1353 bonum
508 1325 630 1352 habitum
657 1324 785 1359 perdidit,
811 1325 891 1350 etiam
916 1331 1015 1358 corpus

229 1371 324 1398 eadem
346 1371 388 1398 via
405 1371 527 1402 incessit,
543 1378 627 1405 Seque
645 1370 683 1396 illi
701 1368 925 1402 accommodans,
943 1369 1017 1397 sicut

231 1418 447 1444 instrumentum
467 1418 494 1444 in
511 1424 593 1443 manu
614 1416 736 1446 artificis,
753 1415 833 1442 simul
857 1423 1015 1450 perversum

231 1466 284 1489 est.
307 1462 404 1488 Anima
425 1468 544 1496 namque
564 1468 625 1487 cmn
642 1465 757 1495 corpOrc
783 1467 895 1495 propter
919 1461 1016 1488 arctis-

232 1508 329 1534 simam
357 1507 576 1542 conjunctionem
608 1507 760 1541 conspirat.
789 1506 903 1542 Signum
935 1507 1017 1542 hujus

233 1553 270 1579 rei
284 1553 424 1580 :rubescit
439 1553 512 1580 enim
529 1560 628 1587 corpus
641 1561 701 1579 culti
719 1553 792 1579 illam
808 1553 903 1588 pudet,
917 1558 943 1579 et
953 1561 1014 1579 eum

234 1599 278 1626 ilia
299 1599 448 1634 angoribus
469 1599 622 1632 obsidetur,
649 1599 829 1626 contabescit.
849 1599 1018 1626 Procedente

234 1650 325 1672 autem
345 1649 454 1676 natura,
470 1649 497 1671 et
513 1652 613 1678 genere
629 1649 724 1672 nostro
746 1653 760 1671 tt
778 1645 868 1679 primo
884 1645 930 1672 illo
955 1653 1019 1672 cor-

235 1697 302 1725 pore
317 1689 399 1716 latius
421 1697 450 1716 se
464 1687 633 1716 dilTundente
650 1697 682 1716 ac
698 1695 864 1724 propagante
887 1698 935 1724 per
958 1698 1019 1717 eor-

237 1743 304 1771 pora
323 1740 505 1769 posterorum,
532 1735 614 1762 etiam
638 1740 766 1770 pravuas,
782 1735 857 1762 velut
880 1735 1020 1771 quidpiam

239 1782 373 1813 naturale,
393 1781 478 1809 didita
494 1786 546 1809 est.

273 1828 342 1860 Quia
360 1835 424 1855 vero
440 1835 539 1862 corpus
560 1835 612 1855 non
636 1829 724 1856 solum
745 1837 778 1856 ex
793 1830 890 1857 anima:
904 1831 1023 1858 motibus

239 1874 321 1901 simul
338 1873 469 1906 afficitur,
491 1874 538 1901 scd
558 1879 585 1901 et
609 1882 674 1902 suos
700 1882 761 1902 cum
784 1883 815 1902 ea
838 1877 1024 1904 communicat

241 1920 352 1956 (gaudet
377 1920 450 1947 enim
478 1920 560 1948 simul
585 1921 688 1954 anima,
719 1927 745 1948 et
770 1922 852 1949 simul
874 1923 966 1950 dolet:
997 1928 1024 1951 et

241 1972 426 2003 temperantes
441 1968 552 2003 quidam
566 1974 629 1996 sunt
646 1973 727 2004 atque
743 1970 865 2004 ingenui,
882 1971 946 2005 quia
963 1979 1024 1998 cor-

243 2012 345 2047 pus'sic
370 2017 411 2040 est
431 2013 555 2040 affectum
587 2019 613 2041 ct
627 2016 744 2048 natum),
760 2015 821 2042 ideo
847 2017 1024 2050 Sequebatur,

242 2059 324 2085 etiam
340 2058 556 2093 uniuscujusque
578 2059 697 2087 animam
719 2061 799 2094 primi
816 2061 914 2088 Adami
945 2063 1026 2090 vitio-

243 2106 351 2132 sitatem
379 2111 428 2139 pro
455 2105 614 2132 haereditate
639 2105 724 2140 adire,
743 2107 778 2134 ab
803 2108 893 2134 anima
916 2108 1026 2144 quidem

243 2151 317 2178 illius
333 2153 365 2177 ad
387 2158 497 2185 corpus,
512 2159 526 2176 ιι
543 2159 657 2186 corpore
679 2157 768 2179 autem
794 2153 868 2180 illius
884 2153 917 2181 ad
938 2159 1028 2189 poste-

243 2203 336 2223 rorum
351 2203 477 2231 corpora,
494 2201 520 2223 et
540 2197 574 2223 ab
600 2197 667 2231 ipsis
692 2199 855 2232 corporibus
874 2199 906 2226 ad
923 2199 1027 2227 animas

244 2242 440 2268 dimanantan
459 2241 490 2268 Et
517 2242 557 2268 sic
579 2247 621 2268 est
637 2246 714 2270 \‘etus
740 2243 830 2276 homo,
855 2252 934 2279 quem
953 2252 1025 2278 cum,
1044 2239 1066 2266 ι)

245 2292 274 2314 ut
303 2285 459 2320 vitiositatis
488 2287 680 2321 seminarium,
702 2295 716 2314 a
744 2289 840 2324 primis
868 2292 1028 2324 parentibus

246 2331 447 2365 acceperimus,
463 2336 563 2358 etcum
578 2340 611 2359 eo
628 2333 654 2359 in
672 2333 760 2360 lucem
775 2334 862 2362 simus
877 2336 954 2368 editi,
971 2337 1031 2363 nui-

246 2379 300 2405 Iom
316 2378 388 2404 diem
404 2383 515 2412 peccato
535 2387 632 2413 purum
650 2380 780 2413 vidimus,
797 2389 848 2409 nec
865 2390 879 2409 a
896 2385 1031 2416 pravitate

246 2425 326 2452 liberi
350 2433 468 2460 unquam
495 2426 673 2460 spiravimns,
693 2429 739 2454 sed
767 2432 795 2454 nt
817 2428 954 2463 Propheta
979 2430 1029 2464 ait,

251 2481 260 2497 ι
277 2472 388 2499 alienati
404 2479 501 2499 sumus
517 2481 530 2500 ιι
553 2473 640 2504 vulva,
658 2474 810 2502 erravimus
829 2475 863 2502 ab
882 2480 960 2503 utero
974 2476 1028 2511 “,1.

249 2527 300 2546 nec
321 2519 425 2546 infelici
441 2519 488 2546 illo
508 2520 684 2554 patrimonio,
706 2526 819 2555 peccato
842 2522 977 2555 videlicet,
999 2524 1032 2552 ab

249 2565 411 2593 auctoribus
426 2565 532 2600 generis
553 2566 640 2592 nostri
665 2567 697 2593 ad
722 2575 773 2597 nos
797 2573 957 2603 propagato,
983 2577 1033 2597 nec

250 2612 413 2639 inmeditate
444 2612 577 2639 malorum
607 2614 728 2640 contenti
757 2613 870 2651 fuimus,
895 2615 942 2642 sed
967 2615 1035 2643 adeo

249 2658 325 2685 vitiis
341 2665 392 2685 nos
414 2657 526 2692 insuper
544 2657 722 2690 inservimns,
745 2665 772 2686 et
786 2659 911 2686 infamias
926 2660 1036 2688 divitias

251 2703 488 2738 axaggeravimus,
519 2708 549 2729 ut
576 2704 775 2736 posterioribus
798 2705 889 2740 priora
915 2706 1038 2734 obrueri-

253 2757 324 2782 mus,
344 2749 553 2784 imitatoresqne
568 2749 634 2784 ipsis
649 2751 852 2786 exemplaribus
867 2752 953 2779 multo
964 2752 1039 2780 dete-

253 2794 341 2822 riores
355 2794 535 2821 evaserimus.
554 2795 585 2821 Et
598 2795 670 2830 quod
685 2796 832 2826 tttaximum
846 2802 887 2826 est
902 2798 1036 2831 omnium,

299 2885 321 2899 θ’
349 2883 420 2913 Psd.
441 2892 506 2916 un,
527 2886 542 2912 4
561 2893 616 2912 sec.
644 2893 707 2914 tu.

1051 284 1113 310 σης,
1129 276 1176 302 καὶ
1194 276 1244 309 τῆς
1258 275 1306 310 μὲν
1324 275 1353 300 ἐν
1367 274 1427 304 ταῖς
1441 271 1595 307 ἐνεργείαις
1608 270 1769 306 γενομένης,
1784 269 1835 302 τῆς

1049 322 1079 349 δέ
1096 322 1125 348 ἐν
1139 322 1171 356 τῇ
1189 321 1244 353 ἕξει
1258 320 1470 355 συνισταμένης,
1484 319 1500 353 ή
1512 319 1639 353 ἐνέργεια
1653 315 1723 351 αὑτὴ
1736 315 1785 350 μὶν
1804 315 1837 342 οὐ

1052 369 1187 403 πάρεστιν
1208 367 1305 400 ἐνίοτε,
1318 367 1378 394 οὑδέ
1395 366 1482 402 μένει,
1498 364 1555 391 ἀλλ’
1575 363 1656 394 εὐθύς
1679 371 1709 389 τε
1728 361 1838 396 ἐγένετο

1052 416 1099 442 καὶ
1115 415 1165 441 οὐκ
1181 414 1250 447 ἐστι,
1265 413 1390 447 καθάπερ
1405 412 1481 448 βέλος
1493 411 1551 446 ἅμα
1568 410 1607 445 τῷ
1619 409 1720 443 πλῆξαι
1735 407 1838 442 παρελ-

1052 461 1098 488 θόν
1112 469 1120 476 ·
1137 459 1298 487 καταλείπει
1324 459 1352 486 δέ
1365 459 1397 486 τὺ
1417 457 1529 493 τραῦμα
1553 457 1611 487 τοῖς
1628 453 1835 490 εἰργασμένοις,

1052 507 1115 538 τοὺς
1142 506 1246 536 τύπους
1271 506 1322 541 τῆς
1350 504 1450 535 κακίας
1463 504 1511 530 καὶ
1537 503 1586 537 τὴν
1599 501 1729 536 αἰσχύνην
1744 499 1791 526 καὶ
1804 498 1836 524 τὸ

1055 553 1197 588 ὑπόχρεως
1206 550 1277 579 εἶναι
1287 551 1376 586 δίκης.
1399 551 1432 577 Ἦ
1445 550 1472 576 δὲ
1485 549 1542 582 est;
1559 548 1614 575 ἀπὸ
1628 547 1694 574 ’τῶν
1707 543 1835 580 πονηρῶν

1054 598 1212 632 ἐνεργειῶν,
1227 597 1352 632 καθάπερ
1365 596 1441 627 νόσος
1464 596 1497 621 ἐκ
1513 592 1716 629 διεφθαρμένης
1731 590 1838 624 διαίτης

1055 646 1116 676 ταῖς
1142 644 1242 679 ψυχαῖς
1270 643 1425 674 ἐντεθεῖσα,
1455 640 1568 676 μόνιμός
1586 638 1708 666 ἐστικαὶ
1728 636 1841 670 δεσμοῖς

1058 691 1170 721 ἀλύτοις
1186 689 1235 724 τὴν
1249 688 1340 724 ψυχὴν
1351 687 1473 718 καταδεῖ,
1489 686 1534 712 καὶ
1548 684 1692 712 δουλοῦται
1700 682 1730 709 τὸ
1739 681 1843 717 φρόνη-

1060 746 1108 771 μα,
1119 736 1165 763 καὶ
1177 736 1212 762 τὰ
1223 735 1333 762 πάντων
1342 734 1463 761 κάκιστα
1475 731 1636 767 ἐργάζεται,
1651 729 1715 760 τοὺς
1727 728 1843 771 ἁλόντας

1059 768 1164 814 εἰςτὰς
1195 781 1386 815 πονηροτάτας
1411 777 1553 813 ἐνεργείας
1581 776 1727 810 ἐνάγουσα,
1752 772 1788 800 δι’
1803 768 1843 799 ὦν

1060 825 1176 859 συνέστη
1201 826 1248 851 καὶ
1264 824 1296 856 ἃς
1322 823 1452 850 ἑκάστοτε
1483 822 1582 854 τίκτει,
1611 818 1770 854 γεννωμένη
1796 818 1846 845 καὶ

1058 871 1182 906 γεννῶσα
1199 869 1270 897 κατὰ
1287 869 1385 896 ταύτδν
1406 868 1500 903 ὥσπερ
1521 868 1549 894 ἐν
1567 865 1671 900 κύκλῳ.
1686 864 1767 891 Ὅθεν
1780 871 1844 889 συν-

1060 917 1151 944 έϐαινε
1179 916 1230 951 τὴν
1243 915 1383 951 ἁμαρτίαν
1403 912 1584 947 ἀτελεύτητον
1598 908 1678 943 εἶναι,
1694 910 1745 944 τῆς
1759 908 1844 942 ἕξεως

1062 964 1110 998 μὲν
1135 963 1184 994 τὰς
1210 961 1351 997 ἐνεργείας
1369 959 1575 994 ἁπογεννώσης,
1601 958 1635 993 τῇ
1650 956 1794 992 προσθήκῃ
1815 954 1844 981 δὲ

1060 1009 1114 1036 τῶν
1128 1007 1277 1043 ἐνεργειῶν
1290 1007 1339 1041 τῆς
1351 1007 1435 1038 ἐξεως
1449 1003 1621 1038 ἐπιδιδούσης
1632 1011 1640 1020 ·
1657 1002 1705 1029 καὶ
1721 1000 1793 1028 οὕτω
1809 999 1846 1027 δι’

1061 1054 1183 1090 ἀλλήλων
1201 1053 1255 1080 τῶν
1279 1052 1373 1079 κακῶν
1387 1051 1550 1086 ἀμφοτέρων
1562 1049 1605 1075 ἀεὶ
1630 1046 1846 1084 προχωρούντων

1061 1103 1078 1136 ἡ
1095 1101 1144 1136 μὲν
1160 1099 1283 1136 ἁμαρτία
1293 1098 1404 1134 ἔζησεν,
1421 1097 1477 1131 ἐγὼ
1494 1097 1522 1123 δὲ
1536 1095 1684 1127 ἀπέθανον,
1699 1093 1760 1120 ἐπεὶ
1779 1091 1847 1127 μηδὲ

1062 1147 1126 1182 χθὲς
1141 1146 1188 1173 καὶ
1199 1144 1295 1180 πρώην
1309 1143 1411 1179 ἤρξατο
1421 1143 1451 1169 τδ
1465 1141 1561 1172 κακὸν,
1575 1141 1633 1168 ἀλλ’
1644 1140 1674 1172 ἐξ
1686 1136 1716 1166 οἵ)
1732 1137 1849 1172 γεγόνα-

1065 1201 1125 1227 μεν.
1139 1191 1200 1225 Ἀφ’
1214 1188 1246 1217 οὗ
1260 1191 1314 1225 γὰρ
1326 1189 1364 1224 τῷ
1381 1187 1493 1224 πονηρῷ
1510 1186 1660 1217 πιστεύσας
1679 1185 1694 1211 ὸ
1717 1184 1802 1218 ’Δδὰμ
1812 1183 1849 1209 τὰ

1064 1237 1162 1264 ἐαυτοῦ
1186 1237 1230 1264 τὸν
1252 1235 1392 1271 Δεσπότην
1408 1233 1529 1269 περιεῖδε
1553 1232 1598 1259 τὸν
1613 1230 1715 1265 ἀγαθὸν
1732 1229 1780 1256 καὶ
1797 1228 1849 1263 τὴν

1065 1285 1179 1320 ¹γνώμην
1199 1283 1360 1319 διεστράφη,
1378 1282 1425 1308 καὶ
1441 1282 1459 1315 ἠ
1474 1279 1548 1315 ψυχὴ
1564 1278 1614 1314 τὴν
1630 1277 1724 1312 ὑγείαν
1741 1275 1851 1310 ἐκείνην

1067 1331 1191 1358 ἀπώλεσε
1210 1330 1258 1356 καὶ
1281 1329 1330 1365 τὴν
1353 1328 1470 1360 εὐεξίαν,
1492 1327 1520 1359 ἐξ
1536 1325 1642 1352 ἐκείνου
1657 1323 1704 1350 καὶ
1719 1321 1749 1348 τδ
1769 1320 1852 1355 σῶμα

1067 1377 1167 1411 συνέϐη
1180 1377 1212 1411 τῇ
1228 1376 1302 1410 ψυχῇ
1318 1374 1366 1401 καὶ
1377 1374 1492 1408 ἥρμοσε,
1509 1373 1555 1398 καὶ
1570 1367 1769 1403 συνδιεστράφη
1784 1365 1853 1392 καθ-

1067 1425 1138 1458 άπερ
1153 1423 1269 1457 ὖργανον
1293 1422 1326 1456 τῇ
1341 1419 1387 1446 τοῦ
1404 1418 1526 1454 τεχνίτου
1541 1416 1627 1452 χειρί.
1647 1411 1852 1458 Κοινωνεῖῄγὰρ

1069 1468 1085 1503 ἡ
1100 1456 1175 1503 ψυχῆ
1186 1466 1225 1501 τῷ
1241 1465 1348 1499 σώματι
1361 1463 1415 1490 τῶν
1435 1462 1530 1489 παθῶν
1550 1461 1588 1496 τῷ
1603 1461 1696 1495 ἄκρως
1709 1456 1852 1503 ἡνῶσθαιξ

1070 1501 1184 1550 σημείον
1200 1513 1228 1539 δέ
1246 1521 1253 1528 ·
1273 1511 1319 1538 καὶ
1334 1512 1388 1546 γὰρ
1406 1509 1521 1545 ἐρυθριᾷ
1536 1508 1586 1543 μὲν
1605 1505 1806 1542 αἰσχυνομένης
1821 1501 1853 1529 τὸ

1071 1561 1164 1596 σῶμα,
1183 1559 1297 1593 τήκεται
1312 1557 1339 1583 δὲ
1354 1555 1478 1591 φροντίσι
1505 1555 1554 1589 τῆς
1570 1553 1661 1588 ψυχῆς
1693 1551 1855 1585 πολιορκου-

1071 1607 1165 1643 μένης.
1190 1605 1266 1631 Ἐπεὶ
1280 1604 1308 1631 δέ
1321 1604 1337 1639 ἡ
1349 1602 1429 1636 φύσις
1443 1600 1542 1636 ἐχώρει
1559 1600 1606 1626 καὶ
1617 1597 1714 1634 προῄει
1729 1597 1760 1624 τὸ
1772 1596 1855 1643 γένος

1069 1642 1124 1681 ἀπὸ
1134 1652 1181 1678 τοῦ
1198 1650 1306 1686 πρώτου
1323 1649 1449 1684 σώματος
1460 1647 1567 1674 ἐκείνου
1579 1645 1737 1681 προδαῐνον,
1747 1642 1855 1677 διεδόθη

1071 1699 1197 1733 καθάπερ
1222 1697 1287 1725 ἄλλο
1310 1704 1337 1722 τι
1350 1695 1404 1721 τῶν
1419 1692 1545 1728 φυσικῶν
1561 1692 1618 1723 τοῖς
1633 1690 1662 1723 ἐξ
1677 1689 1782 1717 ἐκείνου
1800 1687 1857 1715 σώ-

1073 1754 1140 1781 μασι
1153 1746 1199 1772 καὶ
1217 1745 1234 1779 ή
1248 1743 1378 1778 πονηρία.

1115 1833 1192 1861 Ἐπεὶ
1206 1833 1234 1859 δέ
1251 1832 1281 1858 οὺ
1299 1828 1491 1866 παραπολαύει
1506 1827 1586 1862 μόνον
1601 1826 1633 1853 τδ
1652 1825 1732 1859 σῶμα
1740 1824 1795 1850 τῶν
1807 1823 1858 1858 τῆς

1073 1881 1162 1916 ψυχῆς
1177 1878 1280 1910 παθῶν,
1296 1877 1364 1904 ἀλλὰ
1379 1876 1426 1902 καὶ
1445 1873 1608 1910 μεταδίδωσι
1621 1872 1675 1899 τῶν
1687 1870 1770 1898 αὐτοῦ
1795 1871 1804 1899 ί
1809 1869 1858 1896 καὶ

1074 1928 1164 1963 χαίρει
1185 1926 1238 1960 γὰρ
1249 1926 1265 1959 ἡ
1282 1924 1355 1958 ψυχὴ
1372 1923 1418 1949 καὶ
1434 1921 1557 1957 ἄχθεται,
1574 1919 1624 1946 καὶ
1642 1917 1805 1953 σωφρονικοί
1817 1920 1859 1943 τι·

1075 1973 1119 2004 νές
1135 1973 1188 1998 εἱσι
1205 1971 1252 1997 καὶ
1266 1968 1414 2003 ἐλευθέριοι
1425 1967 1463 2002 τῷ
1480 1965 1631 1993 διακεῖσθαι
1642 1963 1691 1990 ὡδὶ
1702 1963 1733 1990 τὺ
1753 1963 1858 1998 σῶμα),

1075 2017 1120 2043 διὰ
1131 2016 1210 2043 τοῦτο
1225 2013 1371 2041 ἀκόλουθον
1391 2011 1435 2047 ἦν,
1455 2012 1500 2037 καὶ
1514 2011 1564 2045 τὴν
1580 2009 1696 2036 ἑκάστου
1706 2007 1794 2043 ψυχὴν
1805 2007 1859 2042 τῆς

1076 2063 1122 2090 τοῦ
1134 2062 1241 2098 πρώτου
1254 2061 1340 2095 ’Δδὰμ
1349 2057 1552 2094 κληρονομῆσαι
1563 2056 1673 2088 κακίας,
1686 2054 1740 2082 ἀπὸ
1751 2055 1800 2089 μὲν
1810 2053 1862 2088 τῆς

1076 2109 1165 2150 ψυχῆς
1184 2108 1290 2134 ἐκείνου
1312 2106 1380 2140 πρὸς
1405 2104 1434 2130 τὸ
1444 2105 1522 2150 σῶμα
1542 2100 1793 2150 δοθείσης,“ἁπὺδέ
1814 2098 1862 2126 τοῦ

1079 2146 1206 2189 σώματος
1221 2155 1277 2184 τοῖς
1292 2152 1321 2185 ἐξ
1333 2151 1438 2178 ἐκείνου
1455 2149 1590 2184 σώμασιν,
1601 2147 1655 2174 ἀπὸ
1673 2146 1793 2173 δἀύτῶν
1812 2154 1865 2172 σω-

1081 2202 1173 2236 μὰτων
1190 2199 1236 2225 ἐπὶ
1250 2198 1297 2230 τὰς
1313 2197 1401 2233 ψυχὰς
1414 2196 1575 2231 ἐρχομένης,
1602 2194 1657 2221 Καὶ
1667 2192 1747 2219 τοῦτό
1763 2193 1837 2218 ἐστιν
1849 2191 1863 2218 6

1081 2246 1195 2277 παλαιὸς
1210 2245 1363 2279 ἄνθρωπος,
1377 2243 1407 2270 ὃν
1417 2241 1528 2276 σπέρμα
1545 2241 1646 2273 κακίας
1655 2240 1709 2267 ἀπὸ
1727 2239 1781 2266 τῶν
1797 2246 1863 2273 προ-

1082 2292 1169 2326 γόνων
1186 2290 1313 2321 λαεόντες
1328 2289 1385 2323 ἃμα
1401 2288 1440 2323 τῷ
1467 2288 1550 2322 φῦναι
1569 2286 1630 2313 οὐδὲ
1660 2286 1725 2321 μίαν
1753 2284 1863 2319 ἡμέραν

1083 2336 1210 2372 καθαρὰν
1219 2336 1327 2370 εἴδομεν
1342 2333 1492 2368 ἁμαρτίας,
1504 2333 1564 2359 οὐδ’
1573 2331 1781 2365 ἁνεπνεύσαμεν
1789 2329 1865 2356 ἐλεύ-

1085 2385 1162 2419 θεριιι
1174 2383 1318 2417 πονηρίας,
1338 2381 1407 2414 ἀλλ’,
1419 2381 1433 2407 δ
1449 2388 1530 2415 φησιν
1540 2380 1554 2405 ὸ
1567 2379 1727 2414 Προφήτης,
1748 2387 1758 2403 ι
1777 2375 1863 2412 ἀπηλ-

1085 2409 1283 2465 λοτριώθημεν
1298 2409 1356 2456 απὸ
1371 2409 1489 2463 μητρας,
1511 2409 1706 2473 ἐπλανήθπημεν
1721 2409 1791 2473 dub-
1804 2409 1893 2473 Λεία-ξ

1087 2475 1177 2510 στρδς,
1198 2483 1207 2500 ι
1234 2475 1264 2500 οὐ
1284 2473 1364 2508 μέχρι
1392 2472 1439 2499 τοῦ
1463 2471 1612 2506 δυστυχοῦς
1640 2471 1745 2497 ἐκείνου
1765 2469 1867 2504 κλήρου

1088 2521 1199 2552 στάντες
1214 2520 1264 2554 τῆς
1279 2519 1443 2554 προγονικῆς
1456 2518 1606 2552 ἁμαρτίας,
1625 2516 1678 2543 οὐδ’
1693 2514 1734 2547 οἷς
1755 2515 1869 2550 ἐκληρο-

1089 2568 1250 2602 νομὴσαμεν
1264 2567 1460 2601 ἀγαπήσαντες
1480 2565 1587 2596 κακοῖς,
1605 2563 1662 2590 ἀλλ’
1679 2562 1751 2590 οὕτω
1766 2561 1869 2596 σφόδρα

1088 2615 1121 2650 τῇ
1136 2614 1219 2649 κακίᾳ
1233 2612 1398 2648 προσθέντες
1415 2613 1462 2638 καὶ
1491 2611 1536 2638 τὸν
1553 2610 1672 2645 πονηρὸν
1700 2608 1869 2643 αὐξήσαντες

1090 2660 1216 2693 πλοῦτον,
1231 2659 1300 2686 ὥστε
1312 2660 1367 2691 τοῖς
1379 2658 1515 2694 δευτέροις
1526 2656 1686 2691 ἀποκρύψαι
1700 2655 1735 2682 τὰ
1750 2654 1869 2689 πρότερα

1092 2707 1203 2734 καὶτῶν
1223 2706 1454 2740 παραδειγμάτων
1465 2703 1555 2738 πολλῷ
1568 2704 1677 2738 χείρους
1696 2702 1758 2732 τοὺς
1783 2709 1868 2734 μιμη-

1093 2753 1227 2786 σαμένους
1244 2751 1446 2787 ἀναδειχθῆναι.
1471 2750 1525 2776 Καὶ
1541 2749 1571 2775 τὸ
1586 2748 1716 2783 μέγιστον
1731 2745 1870 2775 ἁπάντων,

1093 2800 1122 2825 οὐ
1139 2799 1192 2834 γάρ
1206 2807 1247 2829 τις
1263 2798 1371 2833 ἐγένετο
1389 2795 1621 2833 μεταξῖλδιακωχὴ
1632 2794 1679 2821 τοῦ
1691 2791 1788 2824 κακοῦ,
1807 2791 1872 2820 am
