1976 3074
148 131 200 164 537

684 138 732 168 DE
755 139 841 171 VITA
863 139 904 168 ΙΝ
926 138 1091 168 CHRISTO
1105 140 1179 171 LIB.
1198 140 1240 170 Π.

1713 145 1766 177 538

149 192 268 228 συνεχῶς
285 193 302 228 ἡ
321 193 398 226 νόσος
416 193 516 230 ἐχώρει
526 202 532 210 ’
546 194 610 228 ἴσως
619 196 648 223 δέ
660 197 705 223 καὶ
720 197 764 223 διὰ
776 197 871 223 τοῦτον
883 195 921 222 τδε

982 197 1062 223 nullae
1085 197 1186 224 dantur
1211 197 1274 224 mali
1304 197 1384 232 hujus
1416 199 1550 231 induciae.
1576 200 1622 228 sed
1654 203 1764 230 morbus

147 239 226 273 λόγον
241 240 380 275 ἀμήχανον
402 239 446 275 ἦν,
469 242 500 268 τὸ
518 242 595 276 γένος
609 243 663 269 τῶν
689 243 841 277 ἀνθρώπων
866 241 931 268 αὐτὸ

147 285 238 320 ἐαυτῷ
253 285 321 320 πρὸς
334 287 482 321 θεραπείαν
497 287 622 321 ἀρκέσαι,
649 289 728 323 μήτε,
748 288 931 322 γεγευσμένον

147 331 240 366 σχεδὸν
252 331 313 358 οὐδὲ
327 331 436 358 πώποτε
451 333 502 366 τῆς
515 333 683 368 ἐλευθερίας,
711 335 781 368 μήτε
807 335 868 360 ἐπεὶ
893 333 930 368 μὴ

145 377 321 412 ἐπεπιίρατο,
333 378 484 412 δυνάμενον
494 379 534 410 είς
552 379 636 406 πόθον
661 379 748 405 ἑλθεῐν
768 379 816 406 καὶ
837 379 928 414 τυχεῖν

146 423 276 457 ἐθελῆσαι
309 424 357 450 καὶ
383 425 455 452 κατὰ
482 425 531 459 τῆς
558 425 715 460 τυραννίδος
741 425 928 460 διαναστῆναι.

145 469 256 496 Τούτων
268 469 323 496 τῶν
338 469 538 504 χαλεπωτάτων
557 471 676 506 δεσμῶν,
692 470 795 505 ταύτης
822 472 870 505 τῆς
885 471 928 497 δί-

144 523 208 548 κης.
226 515 276 549 τῆς
292 515 382 547 νόσου,
393 515 441 542 τοῦ
454 515 571 543 θανάτου
585 517 615 543 τὸ
627 517 739 550 λουτρὸν
751 517 927 549 ἀπαλλάττει,

143 561 216 587 οὕτω
231 561 281 596 μέν
297 561 408 596 ῥᾳδίως.
421 561 459 593 ὠς
481 563 548 597 μηδέ
563 563 660 597 χρόνου
685 563 828 598 δεηθῆναι,
857 563 928 590 οὕτω

142 607 171 632 δὲ
189 608 345 634 παντάπασι
355 608 401 633 καὶ
415 608 536 639 τελείως.
552 607 622 639 ὥστε
635 609 703 644 μηδὲ
729 610 801 645 ἴχνος
816 609 929 644 λειφθῆ-

142 660 200 683 ναι,
218 651 266 677 καὶ
282 651 313 678 οὐ
332 652 465 687 πονηρίας
480 652 649 680 ἀπαλλάττει
671 653 761 688 μόνον,
791 653 859 680 ἀλλὰ
880 653 929 680 καὶ

142 697 193 730 τὴν
205 697 330 724 ἐναντίαν
345 697 402 729 ἕξιν
417 698 544 733 παρέχει.
561 698 649 729 Αὐτὸς
673 699 727 733 γὰρ
748 700 762 725 ὁ
785 699 927 734 Δεσπότης

142 742 176 768 δι’
189 739 228 769 ὧν
247 741 392 773 ἀπέθανεν.
414 742 514 769 ἔδωκεν
529 744 595 779 ἡμῖν
624 743 749 776 ἐξουσίαν
766 745 927 771 ἀποκτεῖναι

141 787 193 820 τὴν
210 787 360 822 ἁμαρτίαν,
373 788 406 814 δι’
418 785 456 815 ὧν
470 788 498 814 δὲ
513 789 627 822 ἀνεϐίω,
652 791 703 824 τῆς
733 791 831 823 καινῆς
852 790 927 824 ζωῆς

142 831 256 866 ἐποίησε
276 832 470 868 κληρονόμους.
490 833 518 860 '0
534 833 588 868 γὰρ
602 833 716 865 θάνατος
727 835 840 866 ἐκεῖνος,
857 834 925 860 κιθ-

141 878 204 904 ισον
220 877 270 912 μὲν
299 879 367 905 αὐτὸ
378 878 457 905 τοῦτο
469 878 584 908 θάνατος
595 877 641 914 ἦν,
657 881 706 913 τὴν
721 880 842 914 πονηρὰν
855 879 926 915 ζωὴν

141 923 312 956 ἀποκτείνει,
328 924 444 950 καθόσον
457 923 485 950 δέ
505 925 563 950 ἐστι
579 924 655 959 δίκη,
669 925 718 956 τὰς
736 924 852 956 εὐθύνας
867 925 926 951 λύει

140 969 196 994 τῶν
211 969 430 1004 ἁμαρτημάτων,
443 966 480 997 ὧν
496 969 541 996 διὰ
562 970 611 1002 τὰς
635 971 757 1006 πονηρὰς
783 971 926 1006 ἐνεργείας

140 1015 257 1048 ἕκαστος
273 1016 412 1050 ὑπόχρεως
423 1013 504 1050 ἦμεν.

176 1145 232 1172 Καὶ
246 1146 341 1172 τοῦτον
356 1145 401 1173 τὸν
417 1146 518 1182 τρόπον
531 1147 580 1181 τῆς
606 1147 689 1180 ἕξεως
705 1147 752 1174 καὶ
774 1149 823 1183 τῆς
846 1150 923 1184 ἐνερ-

139 1194 218 1228 γείας
239 1195 387 1228 συμπάσης
417 1194 557 1229 ἁμαρτίας
588 1195 619 1221 τὸ
645 1195 758 1230 λουτρὸν
786 1196 924 1231 καθαροὺς

139 1240 298 1274 ἀποφαίνει,
311 1239 425 1266 καθόσον
440 1241 588 1272 κοινωνοὺς
613 1242 686 1267 ποιεῖ
713 1241 760 1267 τοῦ
790 1242 922 1273 ζωοποιοῦ

138 1286 234 1312 τούτου
255 1285 381 1312 θανάτου.
403 1286 480 1312 Ἐπεὶ
488 1286 516 1312 δὲ
533 1286 580 1312 καὶ
599 1286 647 1320 τῆς
660 1287 833 1319 ἀναστάσεως
859 1297 923 1322 μετ-

138 1331 239 1366 έχομεν
261 1331 305 1357 διὰ
320 1331 350 1357 τὸ
364 1331 489 1365 λουτρδν,
512 1331 586 1366 ζωὴν
605 1332 671 1366 ἡμῖν
695 1333 709 1358 ό
740 1333 855 1367 Χριστὸς
883 1333 924 1359 δι-

137 1377 219 1402 δωσιν
234 1377 321 1411 ἄλλην
339 1377 386 1404 καὶ
401 1377 472 1412 μέλη
488 1377 600 1404 πλάττει
615 1378 660 1404 καὶ
671 1378 801 1412 δυνάμεις
813 1378 923 1414 ἐντίθη-

138 1431 193 1454 σιν,
205 1419 243 1449 ὧν
260 1423 350 1458 δεήσει
365 1423 433 1458 πρὸς
445 1423 491 1449 τον
507 1423 640 1457 μέλλοντα
656 1423 712 1458 βίον
732 1424 922 1458 ἀφικομένοις.

138 1470 187 1496 Διὰ
201 1470 281 1496 τοῦτο
295 1470 350 1504 γὰρ
366 1470 420 1496 τῶν
433 1470 618 1504 ἐγκλημάτων
632 1470 730 1505 ἁθρόον
757 1470 858 1505 λύομαι
874 1471 921 1497 καὶ

984 242 1094 269 assidue
1109 243 1204 277 serpit.
1223 243 1255 269 Et
1270 242 1389 270 fortasse
1406 250 1516 278 propter
1536 245 1605 273 hanc
1628 247 1761 274 rationem

983 294 1068 321 genus
1096 287 1245 315 humanum
1276 289 1364 323 ipsum
1399 297 1429 317 se
1456 298 1553 318 curare
1580 291 1655 319 nullo
1682 295 1763 319 modo

983 336 1100 366 poterat,
1124 333 1195 366 quod
1220 340 1359 367 nunquam
1389 335 1581 368 propemodum
1608 336 1761 364 libertatem

981 378 1156 412 gustavisset.
1175 385 1273 412 neque,
1296 386 1356 406 cum
1374 386 1514 413 expertum
1532 388 1586 408 non
1610 386 1694 412 esset,
1720 383 1762 409 vel

982 421 1014 448 ad
1030 422 1195 449 desiderium
1213 423 1308 450 saltem
1334 424 1406 450 illius
1426 425 1593 460 pertingere,
1615 431 1643 453 et
1661 428 1760 453 volun-

980 471 1064 495 tatem
1091 467 1224 495 libertatis
1252 469 1377 504 assequi,
1410 475 1560 506 contraque
1590 472 1759 507 tyrannidem

980 521 1127 549 exsurgere
1143 519 1245 548 posset.
1269 514 1310 541 Ab
1326 515 1400 542 hisce
1417 515 1534 544 vinculis
1552 517 1710 549 teterrimis,
1726 519 1761 544 ab

981 560 1033 586 hoc
1050 560 1194 596 supplicio.
1214 561 1249 588 ab
1271 561 1322 589 hoc
1340 562 1445 594 morbo,
1470 563 1504 590 ab
1520 563 1571 591 hac
1589 569 1675 591 morte
1696 564 1758 590 f0us
1774 554 1777 586 Ῐ

983 604 1036 630 iste
1052 603 1148 631 liberat
1163 613 1170 638 ;
1186 609 1213 632 et
1237 605 1274 632 ita
1291 605 1398 640 quidem
1422 606 1501 634 facile
1526 613 1607 642 atquc
1623 608 1760 642 expedite,
1774 599 1778 604 ’

981 653 1011 676 ut
1026 657 1076 676 nec
1092 653 1214 684 tempore
1225 651 1359 685 indigeat,
1375 656 1483 686 tamque
1496 653 1574 683 plene
1587 660 1619 680 ac
1631 653 1759 688 perfecte,

981 699 1012 721 ut
1026 702 1061 722 ne
1075 695 1220 730 vestigium
1237 696 1346 730 quidem
1366 696 1548 730 relinquatur.
1569 697 1622 724 Nec
1636 698 1723 724 solum
1745 706 1760 724 a

979 740 1128 768 vitiositate
1148 741 1255 773 liberat,
1269 742 1315 768 sed
1330 742 1452 769 habitum
1470 751 1578 777 quoque
1592 744 1760 770 contrarium

980 786 1131 822 ingenerat.
1153 786 1214 822 Ipse
1230 788 1302 814 enim
1329 788 1459 815 Dominus
1484 796 1531 822 per
1549 797 1664 816 mortem
1682 797 1761 816 suam

978 832 1082 866 peccati
1100 833 1241 860 occidendi
1259 837 1420 867 potestatem
1447 835 1527 862 nosz
1551 835 1636 866 dedit,
1662 841 1688 862 et
1713 844 1761 870 per

979 879 1210 906 resurrectionem
1225 879 1287 907 vitze
1306 887 1382 906 nova:
1400 881 1519 907 hazrcdes
1534 881 1664 908 instituit.
1683 881 1759 908 Mors

978 923 1112 958 siquidem
1134 924 1178 951 illa
1196 930 1333 958 quatenus
1353 926 1404 952 hoc
1423 927 1511 960 ipsutn
1526 931 1578 958 est,
1595 935 1669 955 mors
1684 929 1760 955 vide-

977 969 1051 1001 licet,
1070 970 1151 996 vitam
1184 971 1304 1004 peccatis
1326 972 1474 998 obnoxiam
1495 977 1521 999 et
1536 973 1666 1006 peccandi
1683 973 1756 1000 habi-

977 1021 1034 1044 tum
1061 1016 1203 1044 interimit.
1230 1017 1373 1051 Quatenus
1398 1019 1559 1053 supplicium
1587 1025 1638 1052 est,
1663 1028 1759 1055 pmuas

976 1068 1149 1098 peccatorum
1176 1064 1257 1095 tollit,
1285 1064 1386 1098 quibus
1410 1068 1520 1099 propter
1543 1062 1682 1093 actionum
1700 1073 1758 1101 per-

975 1109 1131 1134 versitatem
1148 1107 1324 1135 debebantur.

1010 1153 1099 1187 Atque
1123 1153 1156 1180 ad
1184 1153 1256 1180 hunc
1285 1153 1395 1180 modum
1422 1153 1457 1180 ab
1485 1155 1560 1181 omni
1589 1154 1699 1181 habitus
1731 1157 1759 1180 et

975 1199 1092 1225 actionis
1123 1203 1235 1232 peccato
1263 1198 1402 1226 lavacrum
1437 1199 1487 1226 huc
1515 1207 1598 1233 puros
1628 1205 1757 1233 praestat,

975 1248 1109 1279 quatenus
1124 1252 1173 1272 nos
1192 1245 1273 1280 hujus
1289 1245 1405 1272 viriflca:
1419 1246 1514 1272 mortis
1531 1246 1679 1280 participes
1698 1247 1759 1271 red—

974 1291 1024 1318 dit.
1044 1290 1075 1317 Et
1093 1291 1221 1325 quoniam
1246 1298 1295 1325 per
1321 1291 1493 1318 lavationem“
1511 1285 1580 1318 hanc
1603 1292 1684 1319 etiam
1715 1299 1758 1317 re-

974 1336 1152 1364 surrectionis
1175 1337 1344 1363 consortium
1372 1336 1540 1368 obtinemus,
1567 1337 1621 1364 vita
1638 1344 1687 1363 nos
1703 1337 1758 1363 alia

974 1382 1102 1408 Christus
1124 1381 1218 1413 donat,
1245 1386 1273 1409 et
1299 1381 1419 1408 membra
1449 1382 1537 1415 litigii,
1564 1387 1590 1408 et
1615 1381 1757 1408 facultates

973 1427 1052 1459 indit,
1083 1426 1182 1460 quibus
1206 1425 1241 1452 ad
1269 1425 1390 1453 futuram
1417 1427 1500 1452 vitam
1532 1427 1662 1460 profectis
1686 1433 1757 1460 opus

960 1472 1034 1499 .crit.
1054 1471 1159 1498 Idcirco
1177 1471 1250 1498 enim
1270 1476 1296 1498 et
1315 1471 1477 1498 criminibus
1501 1472 1593 1498 statim
1617 1471 1755 1503 ahsolvor,

136 1515 188 1548 τὴν
202 1515 296 1548 ὑγείαν
311 1515 410 1542 αὔτικα
428 1515 571 1550 λαμῦάνω,
591 1515 710 1550 μάλιστα
727 1516 776 1549 μὲν
791 1516 834 1541 ὃτι
850 1515 918 1541 Θεοῦ

974 1521 999 1543 et
1020 1515 1165 1542 sanitatem
1186 1523 1251 1542 mox
1271 1515 1430 1550 adipiscar.
1460 1516 1590 1547 maxime,
1616 1516 1679 1550 quia
1708 1515 1755 1542 Dei

136 1560 264 1596 καθαρῶς
276 1560 366 1595 ἐργον,
384 1560 413 1587 ὃν
425 1562 476 1587 οὐκ
491 1561 530 1587 ἔνι
542 1561 630 1596 χρόνῳ
653 1561 797 1593 δουλεύειν,
824 1561 920 1587 ἔπειτα

137 1607 201 1634 οὖδέ
214 1607 261 1634 νῦν
278 1604 307 1634 εὖ
327 1608 400 1634 ποιεῖ
414 1607 444 1633 τὸ
458 1608 546 1641 γένος,
567 1607 610 1633 ενα
630 1607 678 1634 καὶ
696 1607 794 1641 χρόνου
822 1607 919 1642 δεήσῃ,

138 1653 197 1680 ἀλλ’
207 1651 238 1680 εὖ
257 1653 419 1688 πεποίηκεν.
433 1653 470 1680 Οὐ
483 1653 538 1688 γὰρ
550 1652 598 1679 νῦν
611 1653 702 1679 δίδωσι
718 1652 768 1687 τὴν
789 1652 868 1687 δίκην
882 1649 920 1679 ὦν

135 1700 287 1734 ἥμαρτονὸ
319 1699 470 1733 Δεσπότης,
491 1699 553 1726 οὺδέ
578 1698 626 1725 νῦν
650 1699 851 1730 καταεικευάζει
872 1699 920 1734 τὴν

137 1745 258 1779 ἰατρείαν
271 1745 318 1770 καὶ
333 1744 400 1778 μέλη
413 1744 528 1770 πλάττει
553 1743 600 1770 καὶ
617 1743 746 1778 δυνάμεις
771 1743 919 1778 ἐντίθησιν,

134 1791 194 1817 ἀλλ’
210 1791 314 1817 ἐπλασε
330 1791 378 1817 καὶ
391 1790 505 1825 ἐνέθηκε
523 1792 570 1817 καὶ
584 1790 800 1817 κατεσκεύασεν.
816 1789 876 1823 Ἀφ’
889 1785 919 1816 οὗ

134 1837 189 1872 γὰρ
208 1837 247 1867 el;
262 1836 308 1863 τὸν
333 1836 449 1870 σταυρὸν
476 1836 560 1870 ἀνέϐη
581 1836 629 1862 καὶ
647 1836 767 1862 ἀπέθανε
789 1836 835 1861 καὶ
872 1835 922 1862 ἁν-

133 1882 216 1916 έστη,
237 1883 254 1918 ή
269 1881 411 1916 ἐλευθερία
422 1882 476 1908 τῶν
504 1881 659 1917 ἀνθρώπων
677 1881 807 1915 κατέστη,
821 1881 869 1907 καὶ
890 1880 921 1907 τὺ

133 1925 206 1958 εἶδος
228 1927 316 1953 καὶτὸ
334 1927 432 1958 κάλλος
444 1928 572 1962 συνέστη,
588 1927 637 1954 καὶ
657 1927 692 1953 τὰ.
706 1927 753 1953 νέα
770 1926 838 1961 μέλη
855 1934 922 1952 κιτ-

133 1971 301 2006 εσκευάσοη.
331 1971 388 1998 Νὖν
402 1972 431 1998 δὲ
449 1972 608 2006 προσελθεῖν
625 1971 666 1998 δεῖ
679 1971 760 2004 μόνον
775 1971 819 1997 καὶ
835 1979 920 2005 προσ-

134 2019 251 2052 αγαγεῖν
263 2018 324 2049 ταῖς
335 2019 438 2053 χάρισι·
453 2017 591 2043 καὶτοῦτο
606 2018 672 2052 ἡμῖν
686 2017 799 2043 δύναται
813 2018 842 2043 τὸ
854 2017 920 2043 λου-

132 2064 210 2099 τρόν,
222 2064 339 2098 συνάψαι
347 2064 409 2094 τοὺς
420 2064 533 2098 νεκροὺς
541 2064 574 2098 τῇ
585 2063 653 2097 ζωῇ,
663 2065 696 2097 τῇ
709 2062 850 2098 ἐλευθερίᾳ
856 2062 920 2093 τοὺς

130 2111 301 2144 δεδεμένους,
313 2110 376 2140 τοὺς
392 2109 606 2144 διεφθαρμένους
621 2109 655 2143 τῇ
670 2108 793 2143 μακαρία
815 2109 918 2143 μορφῇ.

132 2156 170 2183 ἰδ
186 2155 284 2190 λύτρον
307 2154 397 2189 ἐδόθη,
420 2155 468 2181 νῦν
495 2154 616 2188 λυόμεθα
645 2154 734 2188 μόνον·
766 2155 796 2180 τὸ
832 2155 917 2189 μύρον

972 1562 1058 1588 solius
1078 1568 1148 1596 opus
1162 1565 1214 1593 est.
1241 1561 1288 1596 qui
1307 1561 1424 1596 temponi
1442 1566 1468 1588 et
1494 1569 1576 1588 mora:
1593 1570 1646 1589 non
1667 1566 1756 1596 potest

971 1607 1088 1642 alligari.
1107 1606 1210 1634 Deinde
1235 1614 1324 1641 neque
1348 1615 1419 1633 nunc
1435 1607 1525 1642 generi
1551 1611 1646 1634 nostro
1672 1608 1756 1633 bene-

970 1653 1035 1680 facit
1059 1654 1107 1684 ita.
1135 1657 1166 1680 ut
1188 1658 1309 1687 tempore
1337 1658 1432 1688 egrat,
1459 1653 1506 1680 sed
1530 1653 1674 1680 bencfecit.
1696 1652 1755 1678 Non

969 1699 1043 1726 enim
1070 1705 1143 1725 tnutc
1162 1705 1257 1732 pteuas
1275 1697 1408 1725 Dominus
1436 1698 1485 1724 luit
1507 1705 1601 1724 eorum
1618 1705 1678 1732 qua:
1692 1706 1754 1731 pec-

970 1743 1113 1771 cavimus:
1134 1751 1223 1779 neque
1249 1751 1321 1771 nunc
1341 1744 1502 1771 tncdicinam
1519 1747 1607 1778 parat,
1622 1748 1650 1771 et
1671 1747 1752 1770 luctu-

969 1791 1018 1818 bra
1044 1791 1154 1821 format,
1169 1795 1198 1817 et
1219 1790 1292 1817 vires
1307 1789 1392 1822 addit,
1418 1789 1465 1817 sed
1488 1789 1544 1822 jam
1566 1789 1704 1820 formavit.
1727 1793 1755 1816 et

968 1836 1084 1868 addidit,
1102 1840 1129 1863 et
1143 1836 1259 1870 paravit.
1277 1835 1312 1862 Ex
1334 1843 1388 1870 quo
1403 1836 1475 1863 cnim
1491 1835 1518 1862 in
1532 1843 1641 1862 crucem
1657 1843 1754 1862 ascen-

970 1883 1021 1914 dit,
1051 1882 1235 1916 spiritumque
1264 1880 1361 1908 efllavit
1379 1901 1386 1911 ,
1414 1885 1441 1907 et
1471 1881 1610 1908 redivivus
1640 1881 1753 1914 prodiit,

970 1927 1110 1954 hominum
1137 1926 1250 1953 libertas
1275 1927 1443 1958 constituta,
1469 1926 1628 1960 speciesque
1649 1931 1676 1952 et
1695 1925 1753 1959 pul-

969 1973 1098 2000 chritudo
1128 1972 1292 2005 conciliata,
1321 1977 1348 1999 et
1372 1979 1441 1999 nova
1472 1972 1592 1998 membra
1619 1972 1750 1998 adornata

969 2023 1046 2046 sunt.
1077 2017 1194 2044 Tantum
1224 2017 1354 2044 accedere
1394 2021 1421 2043 et
1444 2024 1504 2044 sese
1531 2016 1624 2050 gratiae
1651 2016 1752 2043 oﬂ'ett'e

969 2072 1038 2098 opus
1055 2067 1107 2091 est.
1133 2063 1165 2090 Et
1188 2063 1260 2090 istud
1283 2062 1311 2089 in
1330 2062 1408 2090 nobis
1426 2062 1577 2096 baptistnus
1594 2062 1694 2095 cilicii,
1722 2066 1752 2088 ut

968 2111 1096 2138 nimirum
1115 2114 1239 2137 mortuos
1255 2117 1318 2136 cum
1336 2109 1401 2140 vita.
1427 2115 1454 2136 et
1469 2109 1576 2136 vinctos
1592 2117 1654 2136 cum
1669 2109 1752 2135 liber-

969 2160 1035 2188 tate,
1067 2155 1198 2182 informes
1228 2160 1256 2182 et
1279 2160 1422 2189 corruptos
1452 2162 1514 2181 cum
1555 2154 1632 2181 beata
1664 2153 1750 2180 ferina

131 2203 223 2238 ἐχέθη,
239 2186 286 2228 καὶ
308 2186 436 2236 aetum:
454 2201 484 2227 τὸ
502 2186 554 2227 πᾶν
569 2186 684 2234 κατέσχε
705 2208 712 2216 ·
732 2186 847 2227 πνεῦσαι
860 2186 915 2227 λεί-

974 2201 1125 2237 :onjungat.
1141 2200 1313 2228 Pcrsolntum
1324 2200 1490 2235 cstprctium
1505 2209 1512 2226 :
1529 2207 1602 2227 nunc
1616 2205 1720 2227 tantum
1736 2207 1751 2226 e

134 2256 213 2275 πεται
228 2247 318 2283 μόνον,
338 2246 438 2281 μᾶλλον
459 2246 487 2272 δὲ
502 2246 563 2272 οὐδὲ
581 2245 700 2279 πνεῦμα.
731 2245 785 2271 Καὶ
800 2245 853 2280 γὰρ
886 2246 916 2272 τὸ

129 2293 260 2321 ὁίνασθαι
277 2292 392 2319 πνεῦσαι
406 2292 482 2326 παρὰ
492 2291 538 2318 τοῦ
553 2291 680 2325 Σωτῆρος
695 2291 915 2325 κατεσκευάσθη,

131 2342 179 2368 καὶ
191 2340 221 2366 τὸ
237 2339 366 2366 δύνασθαι
382 2338 495 2370 λυθῆναι
515 2338 561 2363 καὶ
580 2336 611 2363 ἰδ
625 2335 755 2363 δύνασθαι
776 2336 916 2371 φωτισθῆ-

130 2397 185 2414 ναι.
201 2387 254 2413 Καὶ
269 2386 323 2420 γὰρ
335 2385 365 2411 οὐ
381 2384 439 2418 φῶς
453 2382 574 2410 ἀνέτειλε
592 2382 672 2417 μόνον
688 2382 727 2413 εἰς
743 2381 788 2408 τὸν
812 2382 915 2416 κόσμον

130 2432 227 2464 ἐλθὼν,
246 2432 313 2458 ἀλλὰ
327 2431 376 2457 καὶ
390 2429 530 2464 ὀφθαλμὸν
552 2427 753 2459 κατεσκεύασε,
782 2428 830 2454 καὶ
841 2428 870 2454 οὐ
885 2428 916 2454 τὸ

131 2479 218 2514 μύρον
231 2478 322 2512 ἐξέχεε
332 2477 421 2511 μόνον,
434 2475 500 2502 ἀλλὰ
512 2475 559 2501 καὶ
574 2474 703 2508 αῐσθησιν
717 2473 812 2499 ἔδωκε·
830 2474 877 2499 νῦν
887 2473 915 2499 δέ

128 2526 159 2552 τὸ
177 2524 250 2558 ἱερὸν
269 2522 348 2550 τοῦτο
363 2522 477 2557 λουτρὸν
493 2520 606 2552 ταύταις
630 2520 691 2550 ταῖς
711 2519 853 2554 uisoque:
866 2520 917 2546 καὶ

128 2572 190 2602 ταῖς
203 2569 334 2604 δυνάμεσι
346 2570 409 2599 τοὺς
425 2567 604 2601 λελουμέιους
623 2565 765 2592 συνάπτει.
781 2565 914 2600 Καθάπερ

128 2600 186 2650 γὰρ
200 2600 251 2649 ὕλη
266 2600 384 2645 ἀνείδεος
406 2613 453 2640 καὶ
464 2600 589 2646 ἄμορφος
605 2611 644 2641 είς
655 2610 684 2636 τὸ
699 2609 771 2644 ὓδωρ
783 2610 915 2636 καταδυό-

130 2671 208 2698 μινοι
220 2662 311 2694 τοῦτο,
329 2662 356 2686 ἐν
367 2659 442 2694 αὺτῷ
455 2659 492 2693 τῷ
503 2658 578 2692 καλῷ
590 2656 825 2691 περιτυγχάνομεν
833 2656 910 2685 εῖδει.

968 2247 1086 2275 τίιιειιιίιι
1099 2247 1215 2274 eximus.
1234 2247 1407 2280 Unguentum
1423 2246 1536 2273 eﬂusnm
1552 2251 1604 2278 est,
1619 2252 1644 2272 et
1658 2246 1751 2272 (idolis

967 2292 1116 2327 fragrantia
1133 2292 1279 2326 complevit
1298 2292 1356 2318 loca
1373 2291 1482 2318 omnia:
1506 2291 1595 2318 solum
1611 2296 1638 2317 ut
1653 2291 1678 2318 id
1693 2292 1751 2326 spi-

967 2346 1060 2366 remus
1075 2338 1247 2372 relinquitur.
1263 2337 1319 2364 lmo
1338 2345 1371 2364 ne
1391 2337 1465 2374 istud
1486 2337 1618 2371 quidem;
1638 2345 1699 2363 nam
1723 2343 1750 2363 et

967 2384 1072 2419 spirare
1088 2391 1180 2417 posse,
1195 2391 1210 2410 a
1231 2383 1370 2409 Salvatore
1389 2382 1467 2409 nobis
1482 2387 1667 2417 comparatum
1685 2388 1726 2409 est
1739 2401 1748 2414 ,

966 2430 1040 2457 sicut
1057 2436 1136 2463 posse
1149 2428 1262 2461 exsolvi,
1278 2428 1348 2455 sicut
1362 2436 1443 2462 posse
1466 2428 1625 2455 illuminari.
1645 2428 1750 2454 Etenim

967 2476 1011 2502 lux
1028 2483 1083 2501 non
1108 2475 1197 2502 soluat
1211 2479 1269 2501 Orta
1288 2479 1315 2500 ct
1342 2475 1369 2501 in
1396 2474 1527 2501 mundum
1553 2474 1675 2508 ingressa
1697 2478 1750 2506 est,

967 2522 1014 2548 sed
1026 2526 1054 2548 et
1070 2521 1178 2548 oculum
1196 2521 1236 2548 sui
1252 2520 1359 2547 videndi
1374 2520 1477 2546 creavit
1491 2528 1500 2553 ;
1513 2527 1563 2547 nec
1579 2524 1746 2553 unguentum

966 2568 1159 2596 tantummodo
1179 2567 1285 2599 effudit,
1300 2566 1346 2593 sed
1369 2566 1491 2601 ejusdem
1511 2574 1620 2601 quoque
1638 2573 1749 2592 sensum

967 2613 1088 2641 donavit.
1114 2613 1192 2641 Nunc
1218 2617 1343 2640 sanctum
1372 2613 1445 2639 istud
1473 2613 1609 2638 lavacrum
1642 2611 1751 2636 ablutos

967 2658 1123 2692 huiusmodi
1151 2657 1280 2685 sensibus
1298 2661 1325 2684 et
1340 2657 1513 2685 facultatibus
1535 2656 1663 2684 devincit.
1681 2653 1749 2681 Nam

129 2714 160 2736 ut
188 2707 301 2735 materia
326 2707 418 2740 specie
447 2712 545 2732 carens
563 2708 589 2730 et
609 2702 736 2730 informis
761 2703 787 2730 in
813 2712 912 2739 aquam
950 2707 1021 2735 hanc
1057 2704 1254 2739 demergimur,
1281 2709 1308 2731 et
1338 2705 1364 2731 in
1390 2706 1448 2739 ipsa
1474 2703 1588 2730 fortnam
1604 2702 1750 2738 quamdam

129 2760 282 2791 tlegautem
300 2756 462 2789 reperimus.

167 2806 216 2831 Διὰ
228 2805 315 2831 ταῦτα
330 2806 419 2831 πάντα
428 2806 494 2839 ἡμῖν
503 2805 598 2839 ἁθρόον
615 2803 755 2831 ἀνατέλλει
764 2803 797 2829 τὰ
809 2802 908 2836 ἀγαθά.-

132 2851 407 2886 προκατεσκεύασῑαι
423 2851 487 2887 γάρ·
508 2859 517 2876 ‹
537 2850 573 2876 Τὸ
590 2850 702 2886 ἄριστόν
732 2857 782 2884 μου
798 2849 912 2884 ἡτοίμα-

1003 2802 1042 2829 οι)
1059 2801 1116 2829 hmc
1135 2800 1226 2828 subito
1249 2799 1330 2827 nobis
1353 2803 1520 2826 enascuntur
1541 2798 1610 2826 bona
1636 2798 1749 2829 omnia;

966 2852 1032 2878 sunt
1054 2847 1126 2875 enim
1146 2846 1223 2882 prius
1248 2851 1418 2882 praeparata;
1451 2854 1459 2868 ι
1475 2844 1624 2872 Prandium
1656 2852 1747 2873 meum
