1976 3074
113 122 160 154 545

633 125 680 155 DE
700 125 790 155 VlTA
811 125 852 155 ΙΝ
873 124 1042 156 CIIRISTO
1062 127 1137 157 LIB.
1160 127 1200 159 ΙΙ.

1460 121 1478 136 ’
1676 131 1727 162 διδ

112 179 200 207 κάλλει
215 179 244 206 δὲ
270 179 424 214 λάμποντες
447 180 493 207 καὶ
525 180 573 217 τὴν
589 181 664 216 ὤραν
688 181 831 214 σώζοντες,
860 182 882 217 ﬂ

945 189 1102 217 sponsoquc
1113 183 1168 210 sint
1181 183 1283 216 idonei,
1300 184 1382 220 geniti
1403 185 1512 220 quidem
1529 194 1598 213 nova
1613 193 1728 221 genera—

112 226 198 257 αὐτοῖς
213 227 357 261 ἐνεποίησε
378 227 408 253 τὸ
432 226 555 262 λουτρὸν,
576 228 618 254 ὃτι
645 237 655 254 ι
675 228 775 263 ὡραῖος
799 227 892 255 κάλλει

110 271 183 306 ’παρὰ
195 273 258 302 τοὺς
272 272 345 303 υἱοὺς
363 273 526 308 ἀνθρώπων,
543 283 551 299 ι
569 274 616 300 καὶ
640 276 691 308 τὴν
707 274 756 309 μὲν
771 274 892 309 κεφαλὴν

109 315 228 342 ἑστῶσαν
243 315 361 351 ἔχοντες,
389 314 443 343 οἶαι
458 317 513 344 τῶν
526 318 737 353 ὀλυμπιονίκων,
759 320 801 346 ὅτι
830 319 891 346 στέ-

111 360 187 394 φανός
199 361 285 394 ἐστιν,
299 358 357 388 ὦτα
379 362 408 388 δὲ
422 363 463 389 ὅτι
491 363 580 398 λόγος,
610 364 765 399 ὀφθαλμοὺς
798 365 826 392 δὲ
850 365 891 392 ὅτι

109 406 190 440 ἥλιος,
207 405 343 441 ὄσφρησιν
362 407 389 434 δὲ
415 407 457 434 ὅτι
480 408 527 434 καὶ
550 408 635 444 μύρον
651 410 726 436 ἐστὶν
748 412 763 437 ό
776 411 891 445 νυμφίος

109 451 152 478 καὶ
163 451 248 486 μύρον
263 453 426 486 ὲκκενωοὲν,
440 455 533 489 σεμνοὶ
546 455 575 482 δὲ
591 456 639 482 καὶ
652 456 762 483 ἐπὶτῶν
775 458 891 492 ἱματίων

107 497 148 524 διὰ
163 497 208 524 τὸν
219 498 322 533 γάμον.

141 584 212 614 Εἶεν.
229 587 322 615 Ταῦτα
333 588 360 615 δὲ
370 590 418 616 καὶ
432 590 498 625 πρὸς
517 591 611 627 ἕτερον
631 592 709 628 φέρει
726 593 836 628 ζήτημα
851 593 890 620 δί-

106 640 180 658 καιον
196 632 225 659 ὃν
243 634 280 669 μὴ
300 635 465 670 περιῶφθαι.
489 637 520 663 El
537 637 591 672 γὰρ
607 637 637 664 τὺ
660 638 709 672 μὲν
724 639 827 665 ὲθέλειν
842 639 889 665 καὶ

107 679 249 706 πιστεῦσαι
261 680 308 707 καὶ
324 681 485 716 προσελθεῖν
497 683 553 709 τῶν
567 683 614 710 τοῦ
632 684 819 720 βαπτίσματος
836 684 887 711 δώ-

106 733 157 758 ρων
165 726 303 761 ἐπιτυχεῖς
312 723 477 762 γεγενῆσθαι
501 731 716 764 παρασκευάσει,
725 731 755 757 τὸ
763 731 792 757 δὲ
802 731 888 758 ταῦτα

105 770 214 804 φεύγειν
229 772 277 798 καὶ
288 773 338 807 τὴν
353 775 544 809 μακαριότητα
560 776 649 803 πᾶσαν
659 777 766 812 ἐκείνην
776 777 887 811 φεύγειν

103 816 185 849 ἐστὶν,
202 818 266 850 τοὺς
282 819 351 853 μετὰ
367 819 397 846 τὸ
418 819 510 847 λαϐεῖν
525 821 657 856 ῥίψαντας
676 825 722 849 καὶ
744 822 792 858 τῆς
818 823 887 857 γνώ-

105 871 157 897 μης
180 863 230 897 τῆς
253 865 390 898 προτέρας
413 866 526 898 ἑαυτοὺς
553 867 746 902 μεμψαμένους
773 868 820 894 καὶ
842 869 887 895 τὸν

103 909 217 944 Χριστὸν
227 910 407 945 ὴρνημένους,
420 911 528 939 ἐπειδὰν
538 913 578 945 εις
594 913 643 948 τὴν
660 913 830 948 Ἐκκλησίαν,
845 914 888 949 ἐφ’

101 953 141 985 οἷς
162 955 318 990 ὴνόμησαν,
345 958 523 991 μεταγνόντες
547 959 748 993 αὑτομολῶσιν,
775 961 789 986 ό
815 960 887 995 ἱερὸς

102 1000 210 1034 θεσμὸς,
223 1002 368 1029 ἀκόλουθον
380 1003 410 1030 ὃν
423 1004 468 1030 ἐπὶ
478 1004 509 1030 τὸ
523 1004 635 1039 λουτρὸν
645 1005 743 1037 αὐτοὺς
753 1006 829 1039 ἄγειν
839 1007 887 1034 καὶ

100 1047 133 1072 τὰ
152 1047 270 1081 μυστικὰ
287 1049 373 1075 τελεῖν
392 1049 422 1081 ἐξ
437 1050 525 1084 ἀρχῆς
541 1050 614 1077 ὡσὰν
631 1051 660 1076 τὸ
679 1051 732 1077 πᾶν
749 1051 887 1078 ἀπολωλο-

101 1092 192 1125 κότας,
207 1093 221 1119 ό
236 1093 264 1120 δὲ
280 1093 320 1128 τῷ
333 1094 397 1129 θείῳ
412 1094 489 1130 μύρῳ
502 1095 537 1122 τὰ
551 1095 664 1130 σώματα
678 1097 769 1126 αὐτοῖς
783 1099 886 1131 ἀποση-

101 1137 254 1172 μηνάμενος
280 1141 327 1166 καὶ
354 1140 438 1175 μηδὲν
460 1141 541 1168 πλέον
562 1142 690 1177 προσθεὶς
714 1142 761 1169 τοῦ
785 1143 884 1169 κύκλου

100 1183 235 1218 γράφεται
251 1185 305 1211 τῶν
324 1186 429 1212 πιστῶν
441 1194 448 1202 ⁶
467 1187 492 1214 τι
507 1185 554 1214 οὗν
568 1189 637 1222 πρδς
652 1188 738 1215 ταῦτα
755 1189 826 1215 εἴποι
843 1198 885 1221 τις

98 1230 130 1256 ἄν
144 1239 151 1263 ;
177 1231 212 1257 “ll
233 1232 304 1258 δυοῖν
318 1232 420 1259 τούτων
433 1233 498 1268 ἡμῖν
514 1233 562 1269 τὴν
579 1234 646 1268 πρὸς
666 1234 731 1260 Θεὸν
746 1235 886 1261 εὐσέϐειαν

97 1276 265 1311 δυναμένων,
278 1277 324 1304 τοῦ
340 1287 369 1304 τε
382 1278 474 1305 λαδεῖν
488 1279 628 1314 ὀφθαλμὸν
642 1280 695 1306 ἀπὸ
711 1280 764 1306 τῶν
781 1289 884 1316 μυστη-

99 1321 173 1354 ρίων,
187 1323 233 1348 τοῦ
252 1332 281 1349 τε
299 1323 417 1359 χρῆσθαι
441 1325 490 1351 καὶ
507 1326 573 1360 πρὸς
594 1325 643 1359 τὴν
657 1326 753 1352 ἀκτῖνα
776 1327 884 1362 ἐκείνην

98 1368 175 1401 ὁρᾷν,
195 1369 252 1399 τοῖς
276 1369 456 1403 προδεδωκόσι
478 1371 523 1397 τὸν
548 1372 762 1406 Χριστιανισμὸν
784 1373 813 1398 τὸ
833 1373 883 1407 μὲν

95 1412 246 1440 ἀπόλλυται
259 1418 290 1440 τὸ
304 1414 441 1451 δεύτερον.
455 1416 542 1443 ἐκεῖνο
555 1417 583 1443 δὲ
599 1418 690 1451 μένει;
705 1417 775 1450 λέγω
788 1418 819 1450 δὴ
834 1418 883 1452 τὴν

95 1459 164 1492 πρὸς
191 1460 222 1485 τὸ
249 1460 358 1495 βλέπειν
385 1461 592 1497 ἐπιτηδειότητα
616 1465 663 1489 καὶ
690 1463 880 1498 παρασκευήν.

945 227 1028 260 tione,
1043 229 1171 262 quoniam
1189 229 1275 256 Adam
1299 230 1344 257 ille
1364 239 1450 258 novus
1471 236 1529 258 est:
1554 232 1652 260 decore
1675 233 1727 260 ful-

943 277 1054 307 gentes,
1092 278 1119 300 et
1147 275 1376 308 pulchritudinem
1407 284 1422 303 a
1453 277 1560 304 lavacro
1587 285 1726 312 noct'platn

942 325 1138 347 conservantes
1152 329 1158 346 :
1179 330 1189 346 ‹
1204 322 1272 354 Quia
1286 323 1428 356 speciosus
1441 323 1528 351 forma
1542 328 1583 352 est
1597 333 1651 360 pra:
1663 327 1726 353 filiis

942 363 1084 391 hominum
1100 366 1139 398 ⁷⁰;
1164 375 1174 391 ι
1209 372 1235 393 ct
1261 372 1342 401 caput
1369 373 1491 396 erectum
1521 370 1670 404 habentes,
1697 377 1726 398 ut

942 410 1144 444 olympionicw,
1167 412 1230 446 quia
1253 420 1353 440 corona
1370 420 1430 446 est;
1451 422 1531 442 aures
1543 421 1645 448 autem,
1661 418 1725 452 quia

942 454 1053 480 Verbum
1066 460 1125 487 est;
1154 455 1257 488 oculos,
1271 456 1334 490 quia
1350 457 1391 484 sol
1403 465 1411 489 ;
1423 466 1513 492 nares,
1527 460 1590 494 quia
1603 469 1725 495 unguen-

943 503 998 529 tum
1028 503 1070 525 est
1093 507 1210 533 sponsus
1234 501 1288 533 ille,
1315 506 1342 528 ct
1365 509 1530 538 unguentum
1551 504 1722 533 eﬂ'usum":

942 543 1036 571 habitu
1053 550 1144 571 autent
1160 545 1278 577 honesti,
1295 551 1402 581 propter
1415 549 1535 582 nuptias.

975 588 1007 615 Et
1016 589 1073 616 haec
1088 589 1198 624 quidem
1206 591 1363 624 hujusmodi
1375 599 1466 620 sunto.
1477 593 1586 622 Exsistit
1597 595 1653 622 ‘ltoc
1663 595 1696 622 Ιοι
1706 604 1722 623 o

940 634 990 661 alia
1012 636 1137 670 qumstio,
1153 643 1234 670 (piam
1252 637 1330 664 decet
1346 646 1400 665 non
1421 639 1567 674 negligere.
1587 641 1614 667 Si
1648 643 1719 668 enim

939 680 1018 713 velle,
1032 685 1059 707 et
1091 681 1263 708 committere
1293 689 1332 714 sc,
1368 687 1395 710 et
1414 684 1555 716 accedere,
1586 685 1719 712 donorum

939 725 1065 760 baptismi
1077 731 1218 760 compotes
1230 727 1310 754 cllicit
1322 736 1329 759 ;
1343 732 1370 755 et
1386 728 1442 755 ltrec
1455 728 1558 763 fugere.
1570 734 1612 757 est
1628 729 1721 765 fugere

938 778 1047 798 onmem
1073 771 1286 806 beatitudinem;
1306 774 1350 808 qui
1378 774 1484 809 abjecta
1515 776 1719 807 communione,

938 821 964 844 et
981 817 1070 851 priore
1080 818 1214 845 sententia
1231 819 1301 852 apud
1318 826 1348 846 sc
1356 821 1531 853 reprehensa,
1559 826 1587 848 ct
1611 821 1720 848 Christo

938 863 1081 898 abnegato,
1099 863 1174 890 ducti
1187 864 1356 898 pmnitudine
1371 866 1483 893 sceleris
1507 867 1550 893 sui
1563 867 1597 893 ad
1628 867 1719 895 Eccle-

938 909 1005 936 siam
1023 910 1166 942 redierint,
1195 918 1256 937 cum
1276 918 1447 944 consequens
1464 912 1499 938 sit
1527 920 1573 940 eos
1587 913 1622 940 ad
1649 913 1720 939 lava-

937 963 1013 982 crum
1025 955 1116 982 statim
1132 955 1240 987 adduci,
1257 961 1285 984 et
1308 957 1341 984 de
1356 958 1461 992 integro
1487 958 1618 993 mysticas
1639 966 1721 985 (νωτα-

938 1001 1044 1028 monias
1055 1001 1192 1034 adhiberi,
1204 1007 1233 1029 ut
1244 1002 1289 1036 qui
1302 1006 1388 1029 totum
1401 1003 1522 1031 funditus
1535 1004 1717 1038 perdiderint;

936 1047 1065 1073 sacerdos
1078 1044 1167 1074 tanien
1179 1049 1343 1075 auctoritate
1358 1049 1424 1082 legis
1434 1049 1626 1077 ecclesiasticae
1638 1058 1718 1077 sacro

938 1096 1042 1120 tantum
1058 1093 1118 1120 oleo
1133 1101 1247 1127 corpora
1268 1095 1405 1127 iuunctos.
1434 1095 1505 1122 citra
1521 1097 1603 1123 ritum
1621 1097 1716 1127 alium,

936 1137 1024 1164 ordini
1041 1138 1159 1165 ﬁdelium
1176 1139 1304 1166 restituit.
1332 1139 1401 1172 Quid
1417 1141 1449 1166 ad
1473 1140 1525 1168 hoc
1552 1141 1719 1175 respondet:-

937 1183 1077 1210 dum?An
1093 1191 1155 1222 cuin
1182 1185 1238 1212 hate
1264 1186 1318 1212 duo
1345 1187 1472 1220 pietatem
1506 1193 1624 1214 nostra"!
1653 1195 1717 1222 erga

935 1229 1019 1256 Deum
1035 1231 1204 1263 contineant,
1219 1236 1274 1258 tum
1291 1234 1431 1266 accepisse
1444 1233 1553 1259 oculum
1572 1241 1587 1259 a
1616 1237 1718 1267 myste-

935 1277 994 1307 riis.
1011 1281 1067 1302 tum
1080 1276 1141 1310 ejus
1159 1283 1237 1303 usum
1254 1277 1365 1309 habere,
1377 1283 1403 1305 et
1417 1278 1522 1305 radium
1534 1279 1610 1305 illum
1631 1279 1718 1305 intue-

935 1322 968 1354 ri,
985 1322 1188 1350 Cliristianismi
1209 1324 1395 1358 proditoribus
1422 1333 1507 1352 unum
1529 1326 1622 1360 periit,
1648 1327 1718 1352 alte-

934 1375 994 1394 rum
1012 1368 1076 1394 illud
1091 1373 1193 1401 manet,
1222 1369 1331 1397 habitus
1347 1370 1468 1404 inquam,
1482 1376 1509 1397 et
1539 1370 1656 1398 facilitas
1683 1373 1717 1397 ad

935 1415 1078 1441 videndum
1092 1414 1103 1440 ?
1115 1414 1204 1441 Causa
1217 1414 1274 1442 haec
1296 1420 1348 1447 est,
1363 1416 1427 1449 quia
1444 1416 1495 1442 hoc
1506 1416 1615 1450 quidem
1627 1416 1719 1442 volen-

936 1459 1008 1486 tibus
1024 1461 1139 1492 perdere
1154 1460 1218 1487 licel
1229 1480 1237 1491 ,
1257 1461 1365 1494 quando
1382 1461 1407 1487 in
1426 1465 1520 1488 nostro
1535 1461 1649 1487 arbitrio
1662 1466 1716 1493 est,

93 1505 185 1532 Αῖτιον
204 1505 232 1532 δὲ
249 1506 290 1532 ὅτι
305 1507 335 1532 τὺ
353 1507 402 1542 μὲν
416 1508 563 1534 ἀποϐαλεῖν
587 1509 676 1541 ἔξεστι
700 1509 880 1544 βουλομένοις,

934 1506 1134 1533 autsolisluee
1162 1505 1319 1539 aspicienda
1345 1505 1486 1538 delectari,
1513 1511 1560 1532 aut
1585 1506 1716 1533 adversus

94 1552 227 1587 ἡμέτερον
241 1551 296 1587 γὰρ
310 1552 326 1588 ἢ
340 1553 451 1587 στέρξαι
464 1553 508 1580 τὸν
523 1554 598 1589 ἣλιον
615 1554 631 1588 ἦ
650 1555 716 1589 πρὸς
729 1554 776 1589 τὴν
788 1555 882 1581 ἀκτῖνα

95 1597 182 1632 μῦσαι
203 1597 248 1624 τὸν
267 1597 422 1632 ὀφθαλμόν·
441 1599 470 1625 τό
485 1607 516 1632 γε
534 1600 586 1634 μὴν
600 1599 681 1626 αὐτὸν
706 1600 819 1634 ἐκκόψαι
836 1601 882 1626 τὸν

92 1642 233 1677 ὀφθαλμῶν
245 1644 291 1669 καὶ
301 1643 349 1678 τὴν
363 1643 461 1670 πλάσιν
473 1644 580 1680 ἐκείνην
593 1645 749 1671 παντάπασι
763 1645 882 1680 διαφθεῖ-

93 1697 138 1722 ραι
162 1688 217 1714 τῶν
239 1689 388 1724 ἀμηχάνων
407 1691 483 1725 ἡμῖν.
507 1691 536 1717 Et
558 1691 612 1727 γὰρ
634 1692 689 1718 τῶν
707 1693 736 1718 ὲν
755 1693 787 1728 τῇ
807 1692 880 1728 ψυχῇ

90 1735 243 1769 δυνάμεων,
265 1737 325 1770 μεθ’
359 1732 397 1762 ὧν
419 1737 523 1772 ήμᾶςὴ
544 1738 624 1770 φύσις
648 1739 802 1773 ἐγέννησεν,
826 1739 880 1765 οὐδ’

91 1780 217 1815 ἡντινοῦν
231 1781 373 1815 δυνάμεθα
387 1781 470 1814 λύειν,
487 1782 587 1817 ἥκιστα
601 1783 633 1818 δὴ
647 1784 755 1810 πάντων
769 1785 802 1819 ῆν
815 1785 880 1819 ἡμῖν

89 1825 250 1859 ἀναγεννῶν
272 1827 351 1858 αὐτὸς
368 1828 478 1861 (ipsam;
494 1828 622 1864 ἐνέθηκεν
634 1830 648 1855 ό
662 1829 728 1861 Θεός
738 1838 745 1845 ·
760 1831 821 1856 ἐπεὶ
834 1831 880 1857 καὶ

88 1872 157 1899 αὐτὸ
178 1872 209 1898 τὸ
222 1872 250 1898 ὲν
266 1873 332 1907 ἡμῖν
346 1873 508 1908 ἡγούμενον,
526 1874 540 1900 ὃ
560 1875 586 1901 τί
602 1876 668 1901 ποτέ
680 1877 748 1908 ἐστι,
768 1876 879 1904 πλάττει

89 1917 138 1944 καὶ
156 1918 294 1953 διατίθησι
318 1919 350 1945 τὸ
372 1919 494 1954 λουτρὸν,
519 1920 574 1947 εἴτε
596 1920 675 1954 λόγου
699 1922 748 1948 καὶ
767 1921 880 1957 γνώμης

87 1963 255 1998 αὐτονομίαν
267 1983 276 1996 ,
287 1963 337 1990 εἶθ’
349 1964 442 1999 ἕτερον
461 1965 551 1991 ότιοῦν
567 1965 619 2001 χρὴ
634 1966 713 1992 τοῦτο
723 1967 842 2001 νομίσαι,
857 1965 880 2001 ᾦ

87 2008 165 2034 πᾶσα
186 2007 236 2042 μὲν
257 2008 325 2034 εἴκει
348 2008 464 2043 δύναμις
485 2010 533 2044 τῆς
558 2010 649 2045 ψυχῆς
671 2012 718 2037 καὶ
741 2011 811 2047 πρὸς
829 2013 880 2046 τὴν

85 2054 196 2080 ἐκείνου
209 2054 321 2088 φέρεται
336 2058 454 2089 κίνησιν,
464 2055 619 2082 ὲπιττάττει
633 2056 660 2082 δὲ
673 2057 750 2083 οὐδὲν
762 2057 823 2083 οὐδὲ
834 2058 879 2084 δύ-

85 2109 169 2127 ναται
194 2100 386 2134 μεταϐάλλειν,
408 2100 465 2127 ἀλλ’
480 2101 540 2127 οὐδὲ
558 2102 624 2128 αὐτὸ
640 2103 738 2129 ἑαυτό·
756 2104 879 2138 κρεῖττον

84 2147 142 2181 γὰρ
155 2145 234 2172 οὐδὲν
250 2145 348 2178 γένοιτ’
361 2146 395 2173 ἂν
418 2146 528 2178 ἑαυτοῦ,
548 2147 595 2174 καὶ
613 2147 668 2182 μὴν
682 2147 742 2174 οὐδὲ
755 2148 800 2175 τὸν
812 2149 878 2176 θεὸν

933 1551 1039 1577 radium
1071 1550 1130 1582 ejus
1159 1550 1287 1577 claudere
1321 1551 1431 1577 oculum
1459 1559 1466 1577 :
1495 1559 1590 1578 eruere
1624 1557 1716 1579 autent

932 1596 1022 1630 ipsum
1044 1596 1166 1628 oculum,
1188 1600 1408 1630 structuramque
1433 1596 1505 1622 illam
1542 1597 1649 1630 penitus
1678 1598 1713 1622 vi-

933 1642 1011 1673 tiare,
1041 1641 1119 1668 nobis
1149 1647 1189 1668 est
1229 1642 1344 1668 nimium
1368 1647 1499 1676 quantum
1531 1643 1647 1669 dillicile.
1687 1642 1716 1669 Si

932 1689 1004 1715 enim
1029 1687 1188 1715 facultatum
1215 1688 1323 1719 animat.
1342 1697 1405 1715 cum
1436 1689 1536 1723 quibus
1563 1697 1612 1716 nos
1636 1694 1715 1716 natu-

931 1741 961 1761 ra
979 1734 1081 1768 genuit,
1095 1734 1255 1768 disperdere
1282 1734 1388 1761 nullam
1416 1742 1571 1769 possumus,
1602 1735 1716 1762 minime

931 1781 1051 1807 omnium
1067 1780 1138 1807 illam
1155 1781 1317 1814 poterimus,
1331 1788 1414 1815 quam
1442 1781 1522 1808 nobis
1553 1789 1716 1815 regeneratus

932 1827 990 1862 ipse
1011 1827 1082 1854 licus
1096 1834 1145 1861 per
1160 1835 1189 1854 se
1204 1827 1304 1854 indidit
1320 1836 1327 1853 :
1342 1827 1480 1861 siquidem
1501 1833 1528 1854 et
1539 1828 1627 1862 ipsum
1641 1828 1715 1861 quod

932 1873 959 1899 in
971 1873 1049 1900 nobis
1060 1873 1165 1899 obtinet
1182 1873 1377 1906 principatum.
1393 1873 1577 1907 quodcunque
1600 1874 1710 1899 tandem

931 1923 982 1950 est,
1000 1918 1100 1945 format
1121 1923 1147 1944 et
1159 1918 1299 1951 componit
1323 1919 1461 1945 lavacrum
1476 1927 1482 1945 :
1497 1918 1554 1945 sive
1563 1919 1587 1945 id
1599 1918 1715 1945 rationis

930 1969 957 1991 et
968 1964 1067 1990 tuentis
1080 1964 1250 1996 autonomia,
1262 1964 1320 1991 sive
1333 1963 1406 1991 aliud
1418 1965 1602 1998 quodcunque
1619 1965 1716 1991 existi-

931 2009 1122 2040 niandumcst,
1138 2009 1181 2036 cui
1202 2009 1293 2036 omnis
1303 2010 1401 2036 anima:
1418 2010 1505 2037 virtus
1517 2010 1599 2041 cedit,
1630 2014 1656 2037 et
1679 2010 1713 2037 ad

931 2060 1032 2082 motum
1050 2055 1192 2083 illiussese
1208 2055 1405 2087 accommodat,
1425 2055 1469 2082 cui
1493 2055 1561 2082 nihil
1588 2055 1712 2090 imperat.

930 2102 1057 2136 quodque
1074 2101 1173 2128 mutari
1187 2108 1202 2128 a
1218 2101 1292 2127 nulla
1308 2108 1337 2128 re
1353 2105 1451 2135 potest.
1467 2099 1520 2128 Sed
1548 2109 1597 2129 nec
1624 2103 1714 2137 ipsum

930 2146 1106 2180 semetipsum
1123 2150 1233 2179 mutat;
1247 2145 1315 2173 nihil
1328 2146 1400 2173 enim
1430 2147 1520 2180 scipso
1529 2148 1627 2175 melius
1656 2148 1714 2175 fieri

83 2178 172 2224 έιέάς.
186 2192 223 2218 Οὐ
244 2192 297 2227 γὰρ
312 2192 433 2227 ἀφέλοιτ’
449 2192 481 2219 ἂν
495 2189 532 2219 ὧν
550 2178 620 2228 ἡμῖν
637 2178 767 2220 κατέθετο
785 2194 878 2230 δώρων

934 2178 1088 2225 quoat.—Scd
1103 2198 1190 2226 neque
1203 2178 1288 2218 aVDeo
1304 2192 1404 2218 mutari
1426 2178 1536 2226 aequum
1554 2197 1607 2219 cst.
1635 2193 1714 2220 Haud

82 2239 165 2266 οὐδέν
179 2246 187 2255 ⁸
211 2248 219 2265 ι
255 2239 464 2274 Ἀμεταμέλητα
484 2240 538 2274 γὰρ
557 2240 591 2266 τὰ
610 2239 779 2275 χαρίσματα,
800 2242 880 2276 φησὶ,

81 2285 134 2312 τοῦ
151 2285 232 2318 Θεοῦ,
253 2294 264 2311 ι
278 2285 326 2312 καὶ
340 2285 408 2318 ὅλως
422 2286 535 2321 ἄπειρος
549 2287 716 2320 ἀγαθότητος
730 2286 768 2312 ὢν
785 2287 880 2321 βούλε-

79 2339 129 2357 ται
147 2330 204 2356 πᾶν
218 2330 284 2365 ἡμῖν
296 2329 410 2363 ἀγαθὸν,
431 2330 479 2357 καὶ
496 2330 587 2357 δίδωσί
602 2339 633 2364 γε
649 2330 750 2357 ἀλύτου
767 2332 816 2366 τῆς
832 2332 879 2358 τοῦ

79 2375 262 2408 αὐτεξουσιου
275 2375 420 2411 προεδρίας
435 2376 630 2411 ὑποκειμένης.
653 2375 780 2402 Τοιοῦτιν
800 2377 829 2403 δὲ
849 2376 879 2403 τὸ

78 2423 130 2449 τοῦ
153 2421 345 2457 βαπτίσματος
359 2421 471 2456 ἀγαθόν,
487 2422 525 2448 Οὐ
539 2423 593 2456 γὰρ
607 2422 686 2457 ἄγχει
700 2423 750 2458 τὴν
765 2422 878 2458 γνώμην

78 2468 145 2495 οὐδὲ
159 2467 281 2503 κατέχει,
293 2467 362 2494 ἀλλὰ
373 2468 488 2503 δύναμις
501 2466 569 2495 οὖσα
583 2469 646 2500 τοὺς
660 2469 708 2503 μὲν
719 2469 878 2504 χρωμένους

77 2515 162 2541 οὐδὲν
173 2514 293 2541 ἐκώλυσε
307 2515 397 2548 μεῖναι
413 2515 559 2550 πονηροὺς,
575 2514 701 2549 καθάπερ
715 2515 762 2541 καὶ
777 2515 808 2542 τὸ
823 2516 876 2542 σῶν

78 2557 158 2592 ἔχειν
177 2557 223 2584 τὸν
239 2557 378 2592 ὀφθαλμὸν
393 2558 443 2585 οὐκ
461 2558 494 2585 ἂν
515 2559 649 2594 προσταίη
670 2560 725 2590 τοῖς
741 2560 769 2586 ἐν
787 2560 877 2596 σκότει

77 2603 134 2638 ζῇν
150 2602 339 2638 βουλομένοις·
354 2605 401 2630 καὶ
413 2604 493 2638 δῆλον
508 2604 631 2636 αὐτόθεν,
643 2605 720 2632 αὐτοὶ
735 2605 789 2640 γὰρ
802 2603 875 2633 οὗτοι

78 2648 227 2683 μάρτυρες
242 2649 336 2683 σαφεῖς
351 2649 376 2675 οἱ
393 2649 462 2684 μετὰ
478 2649 509 2676 τὸ
523 2650 673 2677 λούσασθαι
687 2651 734 2678 καὶ
746 2652 780 2678 τὰ
800 2652 874 2678 ἐκεῖ·

77 2693 130 2720 θεν
156 2693 251 2720 πάντα
273 2693 366 2721 λαδεῖν
392 2695 432 2727 είς
456 2696 507 2730 τὴν
531 2696 650 2732 ἐσχάτην
677 2697 805 2725 ἀσέϐειαν
829 2697 876 2724 καὶ

78 2739 240 2776 μοχθηρίαν
250 2740 443 2778 ἔξενεχθέντες.
457 2742 508 2769 Διὰ
522 2743 608 2770 ταῦτα
619 2743 710 2771 τοίνυν
722 2744 761 2780 τῷ
773 2744 811 2780 μὴ
825 2744 874 2775 τὰς

117 2831 143 2847 ’⁸
156 2830 230 2858 Psal.
247 2839 309 2865 ην,
324 2832 350 2860 3.
389 2832 411 2847 "'
433 2831 512 2858 Cant.
530 2840 548 2864 ι,
565 2832 592 2858 2.
632 2833 654 2848 "
675 2832 752 2859 Rniu.
775 2839 810 2866 τι,
832 2831 878 2859 29.

928 2237 1001 2265 enim
1020 2236 1054 2263 de
1066 2237 1147 2264 donis
1162 2237 1220 2264 suis
1234 2237 1350 2264 ullonos
1375 2238 1504 2271 spoliabit
1521 2246 1530 2265 :
1548 2247 1558 2263 ι
1576 2238 1622 2265 Dei
1640 2239 1712 2266 enim

928 2284 1000 2311 dona
1016 2283 1076 2311 sine
1099 2283 1260 2318 pmnitentia
1274 2288 1349 2316 sunt,
1368 2293 1377 2309 ι
1397 2284 1486 2319 inquit
1500 2285 1647 2319 Apostolus
1677 2286 1713 2312 ".

927 2329 955 2356 In
981 2337 1098 2362 summa,
1114 2329 1226 2357 inﬁnita;
1239 2329 1371 2357 bonitatis
1389 2337 1451 2357 cum
1477 2329 1524 2361 sit,
1539 2330 1613 2363 cupit
1625 2335 1651 2357 et
1667 2330 1715 2357 dat

927 2376 1007 2403 nobis
1021 2383 1102 2403 omne
1129 2377 1242 2409 bonum,
1273 2376 1309 2403 ita
1331 2380 1422 2403 tamen
1454 2380 1484 2402 ut
1506 2376 1713 2411 praerogativam

928 2429 1005 2448 suam
1024 2422 1108 2449 libera
1125 2421 1251 2449 voluntas
1266 2425 1360 2449 nostra
1377 2429 1485 2457 semper
1497 2422 1624 2450 retineat.
1647 2421 1714 2449 Tale

927 2472 970 2495 est
983 2467 1153 2503 baptismatis
1167 2468 1280 2495 bonum.
1290 2466 1350 2495 Non
1359 2467 1433 2494 enim
1461 2472 1579 2495 mentem
1593 2472 1714 2495 coarctat

928 2520 1016 2546 neque
1030 2513 1173 2547 opprimit,
1190 2513 1237 2540 sed
1252 2520 1314 2540 eum
1326 2512 1362 2539 sit
1375 2512 1414 2540 vis
1434 2517 1460 2540 et
1488 2512 1614 2544 facultas,
1633 2517 1714 2539 uten-

927 2559 1000 2586 tibus
1012 2559 1142 2593 prodest;
1163 2566 1217 2586 non
1235 2563 1344 2586 utentes
1358 2563 1447 2586 autem
1470 2566 1581 2586 manere
1609 2558 1714 2592 impro-

928 2605 978 2632 bos
995 2613 1048 2632 non
1059 2609 1132 2632 vetat
1148 2613 1155 2632 2
1171 2606 1243 2632 sicut
1259 2611 1287 2632 et
1301 2613 1397 2632 sanum
1419 2606 1520 2633 habere
1549 2603 1658 2631 Oculum
1686 2603 1713 2630 in

930 2651 1050 2679 tenebris
1061 2651 1202 2679 ambulare
1212 2652 1367 2679 volentibus
1378 2651 1573 2685 impedimento
1583 2657 1636 2676 non
1650 2649 1712 2676 crit.

930 2698 1018 2733 llujus
1047 2698 1085 2726 rei
1112 2702 1194 2725 testes
1225 2703 1289 2726 sunt
1319 2699 1451 2726 luculentl
1481 2697 1540 2732 qui,
1569 2700 1713 2729 postquam

931 2745 1016 2773 abluti
1040 2751 1066 2773 et
1082 2745 1174 2773 omnia
1191 2745 1265 2774 illius
1283 2746 1406 2781 mysterii
1422 2744 1514 2778 adepti
1529 2743 1656 2775 fuissent,
1685 2742 1714 2769 in
