1976 3074
239 146 293 178 551

855 142 1010 174 NICOLAI
1032 140 1227 172 CAltASIL/E

1810 141 1859 173 552

239 211 320 239 tllldlll
344 202 400 230 cito
427 206 455 229 et
484 200 534 228 levi
558 199 666 233 negotio
692 206 836 234 personam
870 199 1021 226 mutabant.

1080 198 1151 224 πεῖον
1166 197 1335 233 ἀμείϐοντες.
1344 196 1446 232 Συνέϐη
1457 197 1486 224 δὲ
1498 196 1603 229 πολλοῖς
1616 197 1666 225 καὶ
1678 198 1718 234 μή
1730 198 1860 234 λουσαμέ-

237 248 434 281 Compluribus
462 246 543 274 ctiam
557 253 610 272 non
638 244 738 272 ablutis
763 244 789 271 in
814 244 927 270 chorum
952 244 1025 272 htruc

240 295 337 323 referri
354 293 476 328 contigit.
493 300 562 327 quos
580 291 614 318 ab
626 291 746 318 Ecclesia
760 298 830 325 aqua
861 298 915 316 non
936 290 1024 324 bapti-

237 347 315 369 zatos
325 341 382 375 ipse
393 346 510 374 sponsus
525 337 653 364 Ecclesia:
665 336 818 371 baptizavit.
829 336 920 363 Multis
932 336 1024 370 itaque

238 391 265 414 et
278 385 377 412 nubem
392 383 532 410 humidam
545 382 579 409 de
595 382 675 413 cmlo,
692 387 719 408 et
739 388 839 416 aquam
857 381 928 407 ultro
942 388 958 407 e
974 384 1024 407 ter-

239 439 268 458 ra
282 433 470 465 erumpentem
486 429 570 460 dedit,
587 433 613 455 et
628 428 667 455 sic
690 427 800 455 demttm
814 434 863 454 cos
888 426 1023 453 lustravit.

240 477 336 504 Multos
352 475 459 503 occulte
477 474 645 501 reformavit.
667 473 826 501 Sicutenim
842 481 902 508 qua:
918 473 1020 499 desunt

238 522 359 554 Christo,
375 521 494 548 membra
511 520 638 547 Ecclesia:
655 519 764 550 Paulus,
779 523 804 547 οι
821 519 843 546 si
857 518 918 552 quis
938 518 962 544 ei
987 518 1022 545 εί-

241 568 323 598 milis,
346 567 474 601 supplet:
490 566 529 593 sic
556 565 623 592 nihil
651 566 812 596 absurdum,
836 572 897 598 qua:
925 564 1024 591 desunt.

242 612 381 642 Ecclesiae,
398 612 486 646 ipsum
501 615 583 645 caput
597 610 724 637 Ecclesiae
739 609 875 644 supplere.
906 609 934 636 Si
951 609 1022 636 enim

239 662 314 689 sunt,
328 658 427 692 quibus
444 657 564 683 memhra
580 659 664 690 caput
676 655 803 682 videntur
815 655 922 689 juvarc,
936 662 1025 688 quan-

241 708 267 730 ιο
281 703 383 737 justius
395 707 448 734 est,
463 709 524 737 quae
540 701 670 729 membris
694 701 804 732 desunt,
826 700 916 735 ipsum
942 705 1024 733 caput

241 749 381 784 adjicere?
397 748 428 774 Et
441 749 499 775 haec
517 748 627 783 quidem
641 748 673 773 ad
691 748 772 774 istum
784 746 894 773 modum
919 753 950 772 se
978 745 1025 771 ha-

241 797 332 824 beant.
359 795 398 822 Ad
419 795 510 831 priora
546 794 712 822 redeundum
747 798 801 820 est.
829 792 1021 827 lluiuscemoli

242 843 323 877 igitur
336 842 476 872 virtutem,
487 849 539 876 qua
551 841 626 867 istaec
643 840 700 867 ausi
721 843 796 871 sunt,
810 844 838 866 et.
854 838 1023 866 alacritatem

1076 251 1132 274 νοις
1156 243 1196 274 είς
1217 242 1311 269 τοῦτον
1332 243 1441 270 τελέσαι
1466 243 1512 270 τὸν
1533 245 1623 279 χόρον,
1649 244 1696 275 οὓς
1722 243 1799 271 ὕδατι
1823 245 1860 280 μὴ

1077 285 1273 320 βαπτισθέντας
1289 285 1341 312 ὑπὸ
1355 287 1403 320 τῆς
1423 287 1600 322 Ἑκκλησίας.
1616 289 1697 320 αὐτὸς
1715 289 1860 315 ὲὸάπτισεν

1075 331 1089 356 ὁ
1101 330 1215 365 νυμφίος
1234 331 1284 364 τῆς
1303 331 1476 366 Ἐκκλησίας.
1499 333 1609 365 Πολλοῖς
1625 334 1674 368 μὲν
1691 334 1736 360 οὖν
1751 335 1800 361 καὶ
1820 343 1861 361 νε-

1078 376 1162 410 φέλην
1177 376 1324 411 οὐρανόθεν
1340 378 1426 404 ἔδωκε
1442 380 1490 406 καὶ
1504 378 1575 413 ὕδωρ
1592 379 1624 405 ὲκ
1643 381 1694 414 γῆς
1712 380 1861 414 αὐτόματον

1077 422 1124 448 καὶ
1139 421 1225 451 οὕτως
1238 422 1380 454 ὲὸάπτισε,
1393 423 1455 454 τοὺς
1470 423 1577 455 πλείους
1589 423 1617 449 δὲ
1627 424 1737 458 ἀφανῶς
1748 425 1861 452 ἀνέπλα-

1079 476 1135 494 σεν.
1155 467 1259 503 Ὥσπερ
1276 469 1329 503 γὰρ
1348 469 1377 496 τὺ
1394 469 1536 504 ὑστέρημα
1552 469 1599 496 τοῦ
1613 469 1731 505 Χριστοῦ
1744 469 1779 497 τὰ
1793 471 1860 506 μέλη

1078 514 1311 549 τῆςἘκκλησίας.
1329 515 1434 547 Παῦλος
1448 516 1497 542 καὶ
1509 516 1535 542 εἴ
1550 525 1592 546 τις
1608 516 1669 542 κατ’
1685 517 1789 542 ἐκεῖνον
1800 517 1864 543 ἁνα-

1078 556 1186 591 πληροῖ,
1214 557 1299 588 οὕτως
1321 558 1396 585 οὐδὲν
1417 560 1528 594 ἀπᾷδον,
1551 561 1576 587 εί
1597 560 1626 586 τὸ
1648 561 1790 595 ὑστέρημα
1814 561 1862 595 τῆς

1083 600 1245 637 Ἐκκλησίας
1260 604 1275 638 ἡ
1291 604 1397 639 κεφαλὴ
1414 605 1463 639 τῆς
1483 605 1647 641 Ἑκκλησίας
1660 606 1860 641 ἀναπληρώσει.

1079 647 1110 673 Εἰ
1132 648 1186 683 γάρ
1205 650 1279 675 ἐστιν
1293 649 1361 676 ἄττα
1386 650 1454 686 μέλη
1479 652 1513 686 τῇ
1534 651 1639 687 κεφαλῇ
1655 652 1730 678 δοκεῖ
1745 652 1861 687 βοηθεῖν,

1079 695 1153 729 πόσῳ
1169 695 1346 730 δικαιότερον,
1371 693 1408 723 ὧν
1427 697 1545 724 ὲλλείπει
1565 698 1621 729 τοῖς
1639 698 1759 732 μέλεσιν,
1779 697 1863 732 αὐτὴν

1078 740 1235 774 προσθεῖναι
1251 741 1299 776 τὴν
1320 742 1458 777 κεφαλήν;
1473 743 1528 769 Καὶ
1546 743 1634 770 ταῦτα
1652 743 1702 777 μὲν
1721 743 1814 769 τοῦτον
1831 742 1863 769 ἂν

1076 784 1132 819 ἔχοι
1150 786 1194 811 τὸν
1212 786 1324 821 τρόπον.
1347 786 1529 822 ’Λναληπτέον
1544 787 1566 813 δ’
1589 787 1622 814 ἂν
1647 789 1688 822 εἴη
1713 788 1756 814 τὸν
1774 788 1861 821 λόγον.

1078 830 1186 866 Ταύτην
1201 832 1250 866 μὲν
1265 831 1312 858 οὖν
1326 833 1375 866 τὴν
1388 833 1512 868 δύναμιν,
1564 833 1612 869 τὴν
1626 834 1730 868 τόλμαν
1747 833 1856 868 ἐτόλμη-

242 893 346 915 tantam
361 888 511 915 attulerunt
524 907 532 918 ,
543 891 570 913 et
585 885 774 921 magnanimos
791 892 875 912 ausus
897 884 930 910 ad
947 884 1026 910 linem

1081 885 1130 903 σαν
1147 878 1194 903 καὶ
1209 878 1257 913 τὴν
1273 886 1310 913 πρ
1318 879 1429 913 ιθυμίαν
1445 879 1687 915 προὺθυμήθησιν,
1702 880 1750 906 καὶ
1765 881 1805 911 είς
1818 881 1863 906 τὲ-

242 935 391 967 prnlucere
412 937 568 967 potuerunt,
599 932 626 959 in
653 937 752 959 natura
783 930 923 957 hominum
953 930 1026 957 haud

240 978 370 1011 inveniri,
386 980 476 1005 verbis
489 978 681 1006 demonstrare
696 977 762 1004 nihil
775 977 881 1004 attinet.
899 975 970 1009 Quia
981 982 1026 1002 ve-

241 1032 273 1051 ro
315 1031 397 1052 causa
421 1024 518 1051 horum
543 1024 639 1059 gratiae
664 1023 838 1058 baptismatis
871 1021 1026 1049 necessario

245 1070 407 1098 ascrihenda
415 1074 467 1102 est,
482 1077 637 1104 quaeramus
646 1069 703 1104 jam
717 1069 839 1100 modurrr,
850 1067 987 1103 quomodo
999 1067 1025 1094 itt

242 1115 310 1150 ipsis
322 1115 460 1142 lavacrum
475 1114 527 1141 ista
540 1120 680 1149 operatur.

278 1202 453 1230 Manifestum
478 1205 519 1229 est
544 1200 637 1235 igitur,
668 1199 774 1227 labores
796 1199 856 1227 illos
876 1203 902 1226 et
925 1206 1026 1234 agones

243 1250 392 1276 amantium
415 1249 510 1279 fuisse,
532 1252 558 1276 et
583 1247 685 1274 Christi
707 1247 799 1281 jacula
825 1251 906 1280 atque
926 1246 1026 1280 philtra

244 1295 317 1329 ipsos
341 1295 374 1321 ad
402 1294 473 1321 hanc
498 1301 590 1320 rerum
617 1284 766 1319 novitatem
794 1292 942 1327 impulisse.
961 1291 1027 1324 Qua:

243 1348 324 1375 patro
345 1348 427 1368 causa
445 1340 559 1373 amoris,
579 1343 607 1366 et
623 1339 689 1374 quid
710 1339 762 1366 illis
779 1338 891 1370 factum,
908 1343 936 1365 ut
959 1339 1027 1365 adeo

244 1387 398 1422 diligerent,
415 1391 442 1414 et
458 1387 530 1414 unde
550 1387 638 1420 ignem
656 1390 761 1413 tantum
780 1385 961 1420 susceperint,
979 1392 1028 1419 age

242 1432 460 1460 consideremus.
480 1432 587 1459 Etenim
609 1432 727 1465 cognitio
746 1438 867 1458 amorem
887 1431 971 1466 gignit
1001 1434 1028 1457 et

244 1482 385 1514 procreat:
405 1486 455 1505 nec
476 1478 568 1512 possis
591 1478 740 1512 quidquam
762 1477 905 1511 pulchrum
922 1483 1026 1507 amare,

244 1526 296 1553 nisi
312 1529 375 1552 ante
391 1524 519 1551 didiceris
532 1532 612 1559 quam
629 1524 772 1558 pulchrum
788 1524 833 1551 sit.
847 1522 880 1550 Et
896 1522 1025 1557 quoniaru

243 1573 295 1601 hoc
319 1573 391 1600 scire
410 1577 437 1600 et
460 1573 580 1607 perfecte
601 1571 803 1606 cumulateque,
821 1575 848 1598 et
870 1570 1027 1604 imperfecte

244 1619 387 1653 contingit,
401 1626 450 1654 par
472 1618 555 1645 fuerit
578 1625 699 1645 amorem
723 1624 831 1651 quoque
862 1616 975 1651 perinde
998 1624 1026 1643 se

245 1666 355 1692 habere.
379 1665 411 1691 Et
432 1664 543 1699 pulchra
567 1663 674 1697 quidem
700 1671 732 1689 ac
757 1663 839 1694 bona,
862 1670 923 1696 quae
950 1662 1028 1696 plene

244 1715 457 1745 cognoscuntur,
477 1711 558 1737 etiam
573 1709 653 1744 plene
673 1709 831 1743 diliguntur,
846 1713 874 1735 et
893 1707 1027 1743 quemad-

246 1759 356 1783 modum
374 1761 455 1783 tautm
477 1755 671 1789 pulchritudini
691 1755 828 1783 convenit.
850 1755 915 1788 Quae
935 1759 1026 1782 autent

245 1802 403 1830 amantibus
415 1803 560 1829 admodum
574 1807 635 1829 uota
650 1811 703 1829 non
720 1808 794 1835 sunt,
808 1810 902 1829 eorum
918 1809 1027 1837 quoque

238 1850 324 1875 ‘anror
348 1847 492 1875 imbecillis
515 1853 566 1875 est.
592 1848 676 1883 Igitur
698 1848 764 1875 illud
788 1849 818 1875 lit
839 1848 1025 1883 perspicuum,

244 1894 429 1929 cognitionem
449 1894 568 1929 aliquam
590 1894 648 1924 Dei.
667 1899 695 1922 et
718 1902 829 1922 sensum
857 1895 923 1930 ipsis
941 1903 956 1922 a
982 1897 1028 1922 ha-

245 1941 370 1974 ptismate
392 1940 562 1972 immissum,
585 1945 613 1967 et
637 1948 684 1968 eos
709 1941 809 1968 bonum
844 1941 948 1975 liquido
978 1948 1027 1967 co-

245 1986 388 2021 gnovisse,
420 1985 706 2021 pulchritudinemque
736 1987 918 2021 persensisse,
944 1991 972 2013 et
995 1987 1028 2013 dc

245 2032 366 2059 bonitate
391 2031 451 2066 ejus
477 2032 646 2066 gustavisse,
677 2032 860 2066 experientia,
897 2032 1025 2067 inquam,

246 2078 420 2113 perfertiore,
437 2086 517 2112 quam
534 2078 658 2105 doctrina
673 2078 760 2113 possit
776 2079 943 2106 discentibus
965 2079 1029 2106 sul)-

243 2124 339 2158 jiccre.
355 2124 422 2151 Nam
446 2133 507 2151 eum
525 2133 614 2152 rerum
636 2125 757 2158 cognitio
774 2125 899 2159 bipartito
915 2126 960 2158 sit,
974 2133 1026 2152 una

244 2177 327 2203 quam
343 2171 406 2205 quis
421 2170 562 2198 auditione
575 2171 686 2204 haurit,
702 2171 754 2197 alia
769 2178 850 2205 quam
870 2179 918 2206 per
929 2178 958 2198 se
972 2171 1029 2205 ipse

245 2216 434 2250 consequitur,
451 2216 497 2243 illo
513 2216 596 2244 modo
613 2224 668 2244 non
682 2216 768 2251 ipsam
783 2225 840 2244 rem
849 2208 1028 2252 \attingimus.

246 2261 293 2288 sed
311 2261 338 2288 in
364 2261 462 2294 verbis,
481 2267 510 2289 ut
531 2263 557 2288 in
579 2263 699 2297 imagine
718 2263 846 2297 quadarn,
863 2270 916 2290 non
938 2267 1028 2290 autem

244 2312 384 2338 accurate,
406 2308 433 2334 in
467 2308 552 2341 ipsius
572 2309 673 2343 speciei
699 2309 856 2340 simulacro,
879 2316 927 2335 seu
945 2308 1030 2343 eﬂigie

246 2360 308 2380 eum
324 2354 475 2380 cernimus.
493 2353 563 2380 Fieri
578 2354 650 2381 enirn
672 2355 777 2389 nequit,
790 2359 820 2381 ut
833 2354 857 2381 ei
874 2362 921 2388 per
932 2359 1030 2381 cuncta

245 2398 363 2425 similem
376 2398 403 2424 in
415 2406 507 2425 rerum
520 2404 615 2426 natura
629 2400 808 2432 inveniamus,
819 2400 864 2434 qui
878 2407 927 2434 pro
940 2407 1030 2426 exem—

246 2444 291 2479 plo
306 2445 339 2470 ad
364 2443 438 2471 illius
453 2445 636 2478 cognitionem
659 2445 784 2473 suiliciat.
803 2445 948 2480 Expertum
965 2453 1029 2471 vero

245 2498 314 2521 esse.
344 2494 388 2517 est.
415 2491 442 2517 in
470 2498 513 2518 res
547 2491 619 2525 ipsas
643 2492 781 2519 incidisse.
809 2491 887 2518 Unde
905 2491 949 2518 hic
970 2491 1028 2526 ipsa

246 2536 351 2570 species
367 2534 393 2561 in
414 2535 534 2562 animam
551 2535 677 2569 incurrit,
694 2541 720 2563 et
736 2536 899 2565 desiderium
918 2536 1028 2568 excitat,

246 2579 330 2606 veluti
353 2580 496 2615 vestigium
521 2581 591 2607 bono
616 2581 797 2614 respondens.
825 2580 881 2607 Illic
905 2581 939 2607 ah
968 2581 1028 2607 idea

246 2625 332 2660 ipsius
348 2626 385 2653 rei
403 2626 512 2660 propria
525 2626 636 2658 deserti,
652 2634 699 2660 per
714 2634 774 2661 qua:
787 2631 877 2654 autem
890 2635 952 2654 cum
967 2627 1029 2653 aliis

245 2671 441 2703 communicat,
460 2672 605 2698 obscuram
627 2673 773 2706 quamdam
793 2677 820 2699 ct
851 2673 948 2699 exilem
969 2673 1029 2707 ejus

246 2716 393 2750 imaginem
420 2717 504 2748 nacti,
534 2724 565 2743 ea
591 2716 757 2743 desiderium
788 2722 815 2744 et
842 2725 963 2744 amorem
991 2718 1027 2744 rei

247 2770 385 2789 metimur.
401 2761 492 2795 Quare
510 2770 563 2790 DOII
575 2769 711 2796 amamus,
727 2769 859 2798 quantum
878 2769 921 2790 est
935 2771 1029 2790 aman-

246 2808 321 2840 durrr,
347 2816 398 2835 nec
419 2809 551 2844 patimur,
573 2814 704 2843 quantum
734 2810 798 2836 illud
824 2815 911 2844 potest
928 2809 1026 2841 facere,

246 2860 308 2880 cum
335 2854 421 2889 ipsam
453 2854 573 2891 speciem
602 2863 657 2883 non
680 2855 926 2890 degustavcrinurs.
951 2855 1026 2882 Sit-ut

1075 922 1121 953 λος
1141 923 1255 957 ἀγαγεῖν
1274 923 1292 950 ἃ.
1309 925 1543 959 προὺθυμήοησαν
1562 925 1730 960 ἐδυνήθησαν
1741 946 1748 958 ,
1763 925 1800 957 ὡς
1815 927 1862 952 οὐκ

1076 968 1148 994 ἔστιν
1162 969 1251 1002 εὑρεῖν
1266 970 1294 996 ἐν
1307 971 1339 1005 τῇ
1355 971 1435 1004 φύσει
1454 971 1507 997 τῶν
1519 971 1680 1006 ἀνθρώπων,
1695 972 1744 998 οὐκ
1758 972 1790 998 ἂν
1805 973 1864 999 οὐδὲ

1075 1014 1156 1048 λόγου
1179 1015 1234 1042 δέοι
1254 1015 1408 1042 δεικνύναι·
1428 1016 1521 1042 λοιποῦ
1543 1016 1570 1043 δὲ
1591 1016 1668 1048 ὄντος
1687 1017 1716 1049 ἐξ
1731 1018 1862 1052 ἀνάγκης.

1076 1060 1166 1086 αἰτίαν
1189 1061 1291 1088 τούτων
1306 1061 1407 1088 τιθέναι
1427 1062 1477 1096 τὴν
1502 1061 1549 1088 τοῦ
1565 1062 1752 1097 βαπτίσματος
1772 1063 1862 1098 χάριν,

1077 1107 1203 1143 ζητῶμεν
1218 1106 1258 1134 ἔτι
1272 1108 1317 1134 τὸν
1332 1109 1442 1142 τρόπον,
1460 1109 1533 1140 ὅπως
1550 1108 1636 1135 ταῦτα
1654 1109 1752 1139 αὐτοὺς
1768 1110 1864 1144 εἰργά-

1078 1161 1143 1180 σατο
1160 1153 1190 1179 τὸ
1204 1153 1326 1188 λουτρόν.

1112 1200 1229 1235 Φανερδν
1245 1200 1293 1235 μὲν
1315 1199 1371 1231 οὖν,
1387 1199 1424 1231 ὡς
1443 1199 1497 1234 ἄρα
1514 1199 1638 1234 ἐρώντων
1655 1197 1724 1236 ἦσαν
1738 1201 1762 1227 οῖ
1778 1201 1863 1233 πόνοι,

1076 1248 1123 1273 καὶ
1137 1247 1162 1273 οἱ
1172 1246 1275 1280 ἀγῶνες
1288 1247 1385 1273 ἐκεῖνοι
1397 1247 1443 1273 καὶ
1456 1247 1489 1272 τὰ
1502 1246 1619 1281 Χριστοῦ
1632 1247 1696 1282 βέλη
1709 1248 1755 1274 καὶ
1766 1247 1866 1282 φίλτρα.

1078 1291 1145 1327 πρὸς
1161 1292 1263 1326 ταύτην
1279 1292 1376 1323 αὐτοὺς
1393 1292 1510 1327 ἐξήγαγε
1525 1293 1574 1327 τὴν
1588 1294 1778 1320 καινοτομίαν·
1793 1294 1818 1320 τί
1835 1295 1862 1320 δὲ

1077 1338 1131 1364 τῶν
1144 1338 1270 1373 ἐρώντων
1280 1338 1311 1364 τὸ
1321 1338 1419 1370 αἴτιον,
1434 1339 1480 1364 καὶ
1491 1338 1517 1365 τί
1532 1338 1661 1370 παθόντες
1677 1339 1763 1370 οὕτως
1772 1340 1866 1374 ἐφίλη-

1078 1393 1136 1417 σαν,
1152 1385 1199 1411 καὶ
1209 1384 1290 1411 πόθεν
1300 1385 1331 1411 τὸ
1344 1385 1400 1420 πῦρ
1410 1385 1543 1418 ἐδέξαντο,
1555 1385 1632 1411 τοῦτο
1644 1386 1789 1421 σκοπῶμεν
1802 1386 1866 1422 ἤδη.

1078 1431 1133 1459 Καὶ
1148 1432 1200 1466 γάρ
1221 1432 1278 1457 ἐστι
1298 1432 1346 1465 μὲν
1361 1432 1392 1458 τὸ
1410 1432 1509 1458 εἰδέναι
1527 1432 1572 1457 τοῦ
1595 1432 1680 1465 φιλεῖν
1696 1433 1782 1458 αἴτιον
1794 1452 1801 1463 ,
1818 1433 1867 1459 καὶ

1078 1478 1156 1504 τοῦτο
1173 1480 1259 1504 ὲκεῖνο
1273 1478 1377 1511 τίκτει,
1394 1479 1440 1504 καὶ
1455 1479 1504 1504 οὐκ
1519 1478 1576 1504 ἔστι
1597 1478 1689 1504 λαϐεῖν
1709 1478 1798 1513 ἔρωτα
1812 1479 1867 1505 τῶν

1079 1524 1169 1550 καλῶν
1190 1524 1295 1553 οὐδενὸς
1318 1524 1355 1559 μὴ
1380 1524 1575 1559 καταμαθόντα
1594 1524 1631 1556 ὡς
1653 1525 1710 1559 ἔχει
1733 1525 1865 1554 κάλλους·

1081 1571 1142 1596 ἐπεὶ
1155 1570 1182 1595 δὲ
1199 1570 1228 1597 τὸ
1242 1570 1339 1596 εἰδέναι
1360 1569 1437 1596 τοῦτο
1457 1570 1599 1604 συμϐαίνει
1618 1569 1666 1604 μὶι
1684 1572 1801 1605 μάλιστα
1821 1573 1867 1597 καὶ

1081 1617 1201 1650 τελείοις,
1218 1618 1360 1652 συμὸαίνει
1375 1617 1404 1644 δὲ
1419 1617 1519 1648 ἀτελῶς
1538 1618 1618 1652 ἔχειν,
1631 1618 1703 1649 εἰκὸς
1718 1618 1750 1644 ἂν
1763 1619 1804 1653 εἴη
1820 1619 1867 1644 καὶ

1080 1664 1111 1691 τὸ
1126 1664 1236 1698 φίλτρον
1251 1663 1350 1698 ὁμοίως
1366 1663 1438 1698 ἔχειν
1448 1672 1454 1678 ·
1470 1664 1516 1690 καὶ
1525 1665 1579 1691 τιὶλν
1593 1664 1682 1690 καλῶν
1697 1665 1743 1690 καὶ
1754 1665 1866 1698 ἀγαθῶν

1081 1712 1098 1738 ἃ
1116 1711 1165 1746 μὲν
1182 1710 1345 1746 γινώσκεται
1362 1711 1471 1741 τελείως
1492 1710 1539 1737 καὶ
1559 1711 1676 1745 φιλεῖται
1690 1712 1800 1742 τελείως
1819 1713 1868 1738 καὶ

1081 1756 1175 1791 ὥσπερ
1191 1756 1291 1791 τοσῷδε
1312 1756 1404 1782 κάλλει
1424 1758 1555 1792 προσῆκε,
1577 1757 1631 1783 τῶν
1652 1757 1679 1782 δὲ
1705 1758 1741 1792 μὴ
1764 1757 1868 1791 σςρόδρα

1082 1802 1206 1838 φανερῶν
1218 1803 1272 1834 τοῖς
1286 1803 1368 1838 ἐρῶσι
1378 1805 1425 1830 καὶ
1439 1805 1452 1829 ὁ
1465 1803 1533 1839 ἔρως
1548 1803 1666 1834 ἀσθενῶς
1681 1803 1747 1838 ἔχει.
1763 1803 1868 1841 Οὑκοδν

1082 1850 1169 1876 ἐκεῖνο
1189 1849 1292 1883 γίνεται
1314 1849 1403 1883 δῆλον.
1426 1849 1462 1881 ὡς
1484 1849 1630 1883 ὲπίγνωσίν
1647 1858 1708 1876 τινα
1728 1849 1796 1876 Θεοῦ
1820 1850 1871 1877 καὶ

1081 1896 1208 1931 αἴσθησιν
1231 1897 1321 1927 αὐτοῖς
1340 1896 1450 1930 ινέθηκε
1466 1897 1495 1921 τὴ
1525 1897 1648 1930 los-19W,
1664 1897 1710 1922 καὶ
1724 1896 1766 1922 τὸν
1785 1896 1869 1922 καλὸν

1082 1942 1176 1976 σαφῶς
1187 1941 1308 1974 ἔγνωσαν
1321 1942 1367 1968 καὶ
1380 1942 1429 1975 τῆς
1445 1941 1517 1976 ὥρας
1532 1942 1644 1977 ᾔσθοντο
1659 1943 1705 1968 καὶ
1721 1942 1837 1975 ἐγεύσαν
1855 1951 1869 1968 ο

1082 1988 1128 2013 τοῦ
1142 1987 1256 2018 κάλλους
1268 1987 1381 2014 ἐκείνου.
1396 1988 1473 2021 Λέγω
1487 1987 1518 2022 δὴ
1535 1988 1616 2023 πείρᾳ
1630 1988 1683 2014 τινὶ
1703 1987 1869 2022 τελεώτεριν

1082 2033 1098 2067 ἣ
1113 2032 1271 2067 διδασκαλίᾳ
1290 2032 1417 2059 δύνανται
1430 2034 1562 2067 γνωρίσαι
1578 2033 1791 2066 καταμαθόντες.
1808 2033 1870 2058 Ait-

1081 2087 1130 2112 της
1144 2079 1198 2114 γὰρ
1220 2080 1285 2113 ἡμῖν
1304 2080 1352 2114 τῆς
1372 2079 1424 2105 τῶν
1443 2079 1611 2113 πραγμάτων
1625 2079 1750 2113 γνώσεως
1764 2078 1847 2114 οὔσης
1860 2100 1868 2111 ,

1081 2125 1131 2159 τῆς
1151 2125 1199 2159 μὲν
1218 2124 1251 2159 ἢν
1265 2124 1296 2151 ἄν
1314 2134 1356 2156 τις
1375 2125 1442 2160 ἀκοῇ
1460 2125 1534 2159 τύχοι
1549 2124 1653 2157 λαϐὼν,
1673 2125 1722 2159 τῆς
1738 2124 1766 2151 δὲ
1784 2126 1817 2161 ἥν
1834 2125 1870 2151 δι’

1083 2171 1180 2198 ἑαυτοῦ
1212 2171 1383 2204 καταμάθοι,
1413 2171 1524 2202 ἐκείνως
1552 2172 1601 2205 μὲν
1628 2171 1678 2197 οὐκ
1707 2171 1790 2197 αὐτοῦ
1820 2172 1869 2198 τοῦ

1049 2225 1069 2251 ί)
1083 2218 1247 2252 πράγματος
1264 2217 1416 2251 ἁπτόμεθα,
1432 2217 1489 2243 ἀλλ’
1503 2217 1596 2250 ὥσπερ
1609 2217 1637 2243 ὲν
1650 2218 1735 2243 εἰκόνι
1746 2218 1800 2243 τινὶ
1811 2219 1870 2248 τοῖς

1082 2262 1170 2295 λύγοις
1189 2262 1315 2296 ὁρῶμεν,
1333 2262 1380 2288 καὶ
1401 2261 1455 2288 056’
1480 2262 1602 2296 ἁκριξῶς
1621 2262 1701 2288 αὐτοῦ
1715 2262 1763 2288 τοῦ
1780 2263 1871 2293 εἴδους

1081 2307 1176 2334 εἰκόνι.
1199 2307 1252 2333 Καὶ
1267 2307 1319 2341 γὰρ
1334 2307 1473 2342 ἀμήχανον
1494 2307 1570 2342 αὐτῷ
1584 2307 1755 2334 παντάπασιν
1774 2308 1872 2342 ὅμοιον

1081 2354 1170 2387 εὑρεῖν
1190 2354 1218 2379 ὲν
1239 2355 1294 2384 τοῖς
1314 2351 1401 2385 οὖσιν,
1419 2351 1441 2387 ᾦ
1465 2353 1672 2388 παραδείγματι
1685 2355 1872 2389 χρησαμένοις

1081 2399 1120 2429 είς
1131 2399 1181 2433 τὴν
1197 2399 1301 2425 ἐκείνου
1315 2396 1556 2434 γνῶσινὰρκέσει·
1572 2399 1604 2425 τὸ
1616 2399 1644 2426 δὲ
1663 2402 1760 2435 πεῖραν
1776 2400 1873 2427 λαϐεῖν

1081 2446 1171 2476 αὐτοῖς
1194 2446 1252 2471 ἐστι
1270 2447 1325 2476 τοίς
1347 2446 1508 2480 πράγμασιν
1521 2447 1658 2481 ἐντυχεῖν,
1673 2446 1734 2473 ὄθεν
1751 2447 1872 2473 ἐνταῦθα

1082 2491 1131 2525 μὲν
1148 2491 1214 2517 αὐτὸ
1227 2491 1258 2516 τὸ
1277 2488 1346 2522 εἶδος
1361 2492 1393 2526 τῇ
1409 2491 1480 2526 ψυχῇ
1497 2492 1660 2526 προσῦἀλλει
1680 2494 1726 2518 καὶ
1742 2493 1791 2527 τὴν
1807 2495 1867 2520 ἑπι-

1082 2535 1181 2570 Ουμίαν
1192 2536 1317 2570 ἀνίστησι
1326 2536 1451 2571 καθάπερ
1465 2536 1536 2571 ἴχνος
1546 2538 1582 2572 τῷ
1591 2538 1683 2564 κάλλει
1697 2537 1869 2572 σύμμετρον,

1088 2582 1163 2608 Ἐκεῖ
1176 2582 1204 2608 δὲ
1216 2584 1265 2617 τῆς
1282 2583 1331 2616 μὲν
1350 2582 1419 2614 ίδέας
1434 2585 1519 2619 αὐτῆς
1531 2585 1579 2619 τῆς
1595 2585 1662 2616 ἰδίας
1674 2584 1721 2611 τοῦ
1739 2586 1873 2619 πράγμα-

1080 2636 1126 2659 τος
1149 2628 1368 2663 ἀπολειφθέντες,
1390 2630 1419 2662 ἐξ
1442 2627 1479 2657 ὦν
1493 2631 1521 2656 δὲ
1541 2633 1664 2657 κοινωνεῖ
1681 2633 1736 2662 τοῖς
1760 2631 1869 2662 ἄλλοις,

1082 2673 1175 2707 ἀσαφῆ
1194 2682 1255 2700 τινα
1278 2674 1326 2700 καὶ
1352 2676 1476 2710 ἀμυδρὰν
1499 2677 1590 2703 είκόνα
1614 2677 1740 2710 λαὸόντες
1763 2678 1868 2707 αὐτοῦ.

1079 2720 1166 2754 ταύτῃ
1183 2720 1335 2755 μετροῦμεν
1348 2722 1392 2747 τὸν
1405 2723 1468 2756 περὶ
1477 2722 1509 2749 τὸ
1521 2724 1636 2758 πρᾶγμα
1653 2723 1749 2750 πόθον·
1762 2724 1823 2754 ὅθεν
1835 2725 1867 2750 οὐ

1081 2764 1211 2799 φιλοῦμεν
1228 2765 1289 2791 ὅσον
1311 2767 1398 2792 ἐκεῖνο
1419 2767 1539 2802 φιλητὸν,
1563 2769 1622 2794 οὐδὲ
1644 2770 1785 2803 πάςχομεν
1800 2770 1869 2796 ὅσον

1080 2811 1168 2836 ὲκεῖνο
1181 2810 1293 2837 δύναται
1310 2811 1481 2846 δρᾷνι(αὺτοῦ
1494 2813 1541 2838 τοῦ
1557 2814 1644 2845 είδους
1661 2814 1698 2849 μὴ
1710 2811 1865 2850 γεγευςμέ-

1080 2856 1141 2890 νοι).
1156 2855 1287 2891 Καθάπερ
1295 2857 1348 2892 γὰρ
1358 2857 1485 2893 διάφορον
1499 2855 1565 2889 εἷδο,
1582 2859 1630 2893 τῆς
1643 2860 1735 2892 misria,-
1747 2861 1867 2887 ἑκάστου
