1976 3074
122 96 176 129 553

649 91 698 124 DE
719 94 803 125 VlTA
828 94 864 123 IN
883 88 1048 123 CHRISTO
1080 93 1154 123 LIB.
1176 91 1214 123 ΙΙ.

1691 93 1744 125 554

121 154 169 181 καὶ
183 152 311 189 διάφορον
325 152 445 188 ἐντίθησι
462 154 495 188 τῇ
509 152 581 188 ψυχῇ
596 153 686 186 λόγον,
702 153 772 180 οὕτω
786 153 834 179 καὶ
848 152 908 186 φίλ-

966 151 1034 179 enim
1049 152 1155 180 diversa
1169 151 1272 187 species
1287 156 1391 179 natura:
1404 151 1550 186 cujuslibet
1562 150 1643 180 etiam
1657 152 1747 181 diver-

122 207 203 234 τρον·
219 194 319 225 οὐκοῦν
344 199 362 233 ἡ
387 199 433 225 τοῦ
449 197 573 232 Σωτῆρος
589 199 618 224 ὲν
634 199 699 233 ἡμῖν
729 198 824 232 ἀγάπη
846 198 910 224 ὅταν

124 245 174 278 μὲν
191 244 267 271 οὐδὲν
284 244 452 278 ἐπιδείξηται
477 244 570 271 καινὸν
589 244 643 271 οὐδ’
656 244 810 279 ὑπερφυὲς,
835 243 910 277 δῆλοι

124 290 296 324 καθέσταμεν
310 289 347 321 ὡς
358 290 411 325 ἄρα
426 291 520 324 μόναις
535 290 696 325 ἐνετύχομεν
711 291 771 322 ταῖς
786 289 850 323 περὶ
865 288 910 314 αὒ-

122 336 170 363 τοῦ
185 337 297 369 φωναῖς,
310 336 340 368 ἐξ
350 334 387 363 ὥν
399 335 457 367 πῶς
471 336 520 370 μὲν
535 336 567 363 ἂν
578 337 681 370 γένοιτο
695 336 794 370 γνῶναι
807 335 908 367 καλῶς,

122 380 144 416 ᾦ
157 383 241 417 μηδὲν
255 383 348 417 ὅμοιον
368 383 441 409 ἐστιν
455 383 555 417 εὑρεῖν,
570 383 624 409 οὐδ’
640 382 653 409 ὃ
669 383 757 409 κοινὸν
773 382 846 417 αὐτῷ
864 383 910 408 tui.

122 429 177 459 τοῖς
191 429 280 459 ἄλλοις
294 428 355 455 οὐδὲ
370 428 436 462 πρὸς
449 428 463 454 ὃ
477 428 652 463 παράδειγμα
665 428 841 463 ἀναφέρεται,
857 428 911 454 οὐδ’

122 472 164 506 οἷς
180 475 285 506 ἐκεῖνος
300 474 475 509 παράδειγμα
488 482 494 506 ;
508 473 566 505 πῶς
581 474 608 500 δὲ
624 474 794 509 καταμαθεῖν
814 474 862 508 μὲν
880 473 910 499 τὶ

123 519 233 550 κάλλος.
250 519 363 555 φιλῆσαι
378 519 405 545 δὲ
418 519 466 546 τοῦ
480 519 593 551 κάλλους
606 519 704 552 ἀξίωςς
721 517 767 549 Οἷς
779 519 807 545 δὲ
823 519 911 546 τοιοῦ-

121 574 167 598 τος
183 566 291 599 ἐγένετο
313 565 405 597 πόθος,
418 565 488 593 ὥστε
508 566 557 600 τῆς
571 566 678 600 φύσεως
696 566 745 600 μὲν
762 567 891 600 ἐκστῆναι
903 586 910 598 ,

123 611 209 646 μείζω
225 611 251 638 δὲ
269 610 317 637 καὶ
341 611 552 646 προθυμηθῆναι
575 612 622 638 καὶ
636 611 782 646 δυνηθῆναι
795 612 811 647 ἦ
826 620 911 647 προσ-

121 657 190 691 ῆκεν
204 657 358 691 ἀνθρώποις
370 649 565 692 ἐνθυμηθῆναι,
577 656 688 688 τούτους
699 657 779 689 αὐτὸς
792 657 911 692 ἔτρωσεν

121 702 282 737 ὁνυμφίος·
307 703 388 734 αὐτὸς
411 702 507 737 ἐνῆκεν
532 703 630 730 ἀκτίνά
652 711 711 729 τινα
728 702 774 729 τοῦ
796 702 912 734 κάλλους

121 751 179 780 τοῖς
204 749 364 783 ὀφθαλμοῖς.
392 748 429 775 Τὸ
454 749 508 784 γὰρ
539 749 654 784 μέγεθος
680 750 726 776 τοῦ
754 749 911 785 τραύματος

123 794 222 829 μηνύει
231 794 261 820 τὸ
270 793 357 828 βέλος,
368 794 416 821 καὶ
428 795 442 821 ὁ
455 795 535 826 πόθος
546 796 590 821 τὸν
604 796 748 830 τρώσαντα
759 796 894 823 δείκνυσιν
902 804 908 811 ·

124 825 170 866 καλ
190 825 278 875 τούτω
298 825 424 874 διήνεγκε
445 841 494 875 τῆς
517 825 638 873 Παλαιᾶς
653 843 669 877 ἡ
683 841 772 877 Καινὴ
788 843 909 877 Διαοήκη
926 825 949 853 Β

123 888 171 914 καὶ
192 887 279 922 τούτῳ
299 886 411 921 ἄμεινον
430 885 520 921 εἶχεν,
537 888 577 914 ὅτι
597 888 658 915 τότε
680 889 729 923 μὲν
751 889 830 924 λόγος
849 887 883 925 ἦν
899 891 913 916 ὁ

123 933 271 965 παιδεύων,
295 933 343 960 νῦν
362 933 391 959 δὶ
406 933 487 965 αὐτὸς
504 933 598 969 παρὼν
616 935 630 961 ὁ
654 935 771 969 Χριστὸς
793 934 913 970 ἄρρητόν

121 988 185 1006 τινα
201 979 299 1014 τρόπον
316 979 453 1014 διατίθησι
472 980 519 1006 καὶ
537 980 649 1007 πλάττει
666 981 714 1012 τὰς
731 981 785 1008 τῶν
805 980 912 1015 ἀνθρώ-

122 1033 182 1051 πων
197 1024 297 1059 ψυχὰς.
312 1024 392 1059 Λόγῳ
403 1025 457 1060 γὰρ
470 1026 518 1052 καὶ
532 1025 690 1062 διδασκαλίᾳ
700 1027 748 1053 καὶ
760 1027 851 1061 νόμοις
864 1028 914 1054 οὐκ

122 1071 188 1104 ὲνῆν
203 1069 351 1104 ἀφικέσθαι
368 1071 431 1102 τοὺς
452 1071 613 1106 ἀνθρώπους
633 1073 674 1103 είς
696 1073 726 1099 rb
748 1073 914 1108 ζητούμενον

122 1117 210 1149 τέλος.
222 1116 253 1143 El
265 1116 319 1152 γὰρ
333 1116 396 1152 ἐνῆν
409 1117 509 1151 λόγοις,
520 1117 570 1144 οὐκ
587 1118 620 1144 ἃν
640 1118 750 1154 ἐδέησεν
762 1119 850 1154 ἔργων
865 1120 914 1146 καὶ

123 1164 227 1190 τούτων
244 1163 407 1197 ὑπερφυῶν,
423 1163 491 1190 Θεοῦ
508 1165 694 1199 σαρκουμένου
716 1166 763 1192 καὶ
781 1174 914 1200 σταυρου-

125 1209 208 1244 μένου
233 1208 281 1236 καὶ
310 1208 538 1244 ἀποθνήσκοντος.
563 1209 648 1237 Τοῦτο
663 1210 691 1237 δὲ
709 1210 787 1246 δῆλον
806 1212 914 1247 ἐγένετο

123 1254 154 1287 ἐξ
178 1255 265 1289 ἀρχῆς
287 1253 318 1287 ἐξ
342 1255 431 1281 αὐτῶν
453 1254 508 1281 τῶν
536 1255 648 1290 πατρῶν
674 1256 740 1290 ἡμῖν
762 1257 812 1291 τῆς
834 1257 912 1284 εὐσε-

123 1301 202 1333 ϐείας
227 1303 274 1328 καὶ
295 1301 350 1328 τῶν
372 1301 541 1329 ἀποστόλων.
565 1302 659 1337 Πάσης
682 1303 736 1339 γὰρ
766 1303 916 1331 ἀπολελαυ-

124 1349 204 1379 κότες
231 1348 415 1379 διὸιασκαλίας
443 1348 490 1374 καὶ
520 1347 606 1374 ταῦτα
635 1348 719 1375 αὐτοῦ
744 1349 791 1375 τοῦ
820 1349 912 1385 Σωτῆ-

126 1403 173 1429 ρος
205 1395 251 1420 καὶ
279 1394 374 1420 θεαταὶ
397 1394 540 1428 γενόμενοι
565 1393 686 1427 πάντων,
711 1395 758 1421 καὶ
789 1391 826 1422 ὧν
851 1404 917 1422 κατ-

124 1441 202 1467 έθετο
229 1441 262 1475 τῇ
293 1440 374 1474 φύσει
401 1440 520 1476 χαρίτων
551 1441 598 1467 καὶ
623 1439 661 1468 ὦν
688 1441 819 1476 ἠνέσχετο
845 1443 915 1478 ὑπὲρ

122 1487 177 1512 τῶν
196 1485 357 1521 ἀνθρώπων,
384 1486 431 1513 καὶ
457 1485 495 1518 ὡς
518 1486 661 1513 ἀποθανὼν
685 1487 805 1522 ἀνεϐίου,
819 1490 865 1516 καὶ
878 1490 915 1522 ὡς
929 1497 952 1529 c

125 1532 286 1567 κατειλήφει
305 1532 351 1558 τὸν
365 1531 496 1566 οὐρανόν·
511 1532 558 1559 καὶ
572 1532 659 1559 ταῦτα
684 1532 773 1560 πάντα
789 1543 915 1570 καταμα-

125 1578 218 1610 bona;
232 1579 305 1612 ὅμως
315 1578 392 1604 οὐδὲν
406 1577 497 1604 καινὸν
507 1578 568 1604 οὐδὲ
584 1579 708 1612 γενναῖον
720 1579 780 1607 οὐδὲ
793 1589 916 1616 πνευμαι

124 1624 201 1650 τικδν
226 1624 286 1650 οὐδὲ
310 1624 357 1650 τοῦ
386 1623 502 1650 παλαιοῦ
529 1623 633 1658 βέλτιον
657 1625 840 1658 ἐπεδείξαντο,
862 1627 915 1658 ἕως

127 1669 322 1697 ὲὸαπτίσαντο,
339 1669 489 1704 Γενομένου
504 1670 532 1696 δὲ
551 1670 644 1702 αὐτοῖς
659 1671 707 1698 τοῦ
728 1671 916 1707 βαπτίσματος

125 1717 172 1743 καὶ
189 1716 235 1742 τοῦ
250 1716 429 1751 Παρακλήτου
448 1716 506 1747 ταῖς
521 1715 622 1751 ψυχαῖς
641 1716 732 1743 αὐτῶν
747 1718 916 1752 ἐμπεσόντος

125 1762 203 1788 αὐτοί
215 1770 244 1787 τε
259 1762 383 1796 ἐγένοντο
396 1761 486 1788 καινοὶ
499 1762 544 1788 καὶ
558 1761 631 1797 ζωῆς
644 1762 807 1790 ὶπελάόοντο
818 1764 916 1798 καινῆς

125 1808 174 1834 καὶ
198 1807 253 1837 τοῖς
278 1806 368 1838 ἄλλοις
397 1807 547 1841 ἡγήσαντο,
572 1808 618 1834 καὶ
642 1808 687 1834 τὸν
707 1809 770 1842 περὶ
798 1809 916 1843 Χριστὸν

125 1852 209 1879 πόθον
227 1853 273 1878 καὶ
294 1852 400 1882 ἑαυτοῖς
420 1852 468 1878 καὶ
485 1853 541 1883 τοῖς
562 1853 652 1884 ἄλλοις
672 1853 789 1887 ἀνῆψαν.
808 1854 839 1880 El
862 1855 916 1890 γὰρ

125 1899 174 1926 καὶ
195 1898 235 1932 τῷ
256 1897 323 1933 ἡλίῳ
344 1898 471 1932 παρῆσαν
491 1898 539 1924 καὶ
558 1897 663 1932 διαίτης
687 1898 848 1925 ἐκοινώνουν
869 1901 916 1927 καὶ

125 1945 226 1978 λόγων,
249 1943 305 1970 ἀλλ’
327 1941 361 1978 ἦν
377 1942 505 1976 αἴσθησις
519 1943 611 1974 αὐτοῖς
631 1943 683 1977 τῆς
699 1944 807 1975 ἀκτῖνος
826 1944 913 1978 οὔπω,

126 1991 166 2026 μὴ
183 1989 342 2024 δεξαμένοις
361 1989 390 2016 τὸ
408 1989 594 2023 πνευματικὸν
615 1990 704 2016 ἐκεῖνο
725 1989 849 2025 λουτρὸν,
869 1992 916 2017 τὸν

128 2038 186 2063 ἴσον
202 2036 235 2071 δὴ
248 2036 347 2071 τρόπον
372 2036 418 2062 καὶ
434 2035 496 2066 τοὺς
515 2034 610 2069 ἁγίους
626 2034 690 2069 ἑξῆς
709 2035 833 2068 ἃπαντας
855 2037 915 2063 ἑτε-

125 2085 242 2111 λείωσεν
257 2083 362 2113 ὀΘεός·
379 2081 427 2108 καὶ
441 2081 600 2115 ἐπέγνωσαν
613 2081 696 2108 αὐτὸν
712 2082 758 2109 καὶ
773 2082 915 2116 ἐφίλησαν,

123 2131 154 2157 οὺ
177 2130 267 2163 λόγοις
285 2127 509 2163 παρακληθέντες
534 2127 633 2161 ψιλοῖς,
651 2127 720 2154 ἀλλὰ
737 2129 769 2164 τῇ
789 2128 835 2154 τοῦ
856 2129 918 2156 λον-

123 2174 191 2210 τροῦ
202 2174 316 2208 δυνάμει
328 2172 508 2204 διατεθέντες,
523 2172 604 2199 αὑτοῦ
619 2173 784 2205 πλάττοντος
798 2175 845 2201 καὶ
856 2175 916 2201 δια-
933 2165 954 2192 D

124 2221 247 2252 τιθέντος
264 2219 310 2246 τοῦ
320 2219 493 2253 φιλουμένου,
513 2219 542 2249 ὃς
554 2219 640 2251 κτίζει
657 2219 770 2253 καρδίαν
787 2220 914 2254 σαρκίαν,

123 2266 176 2300 τὴν
195 2264 377 2298 ἀναισθησίαν
391 2263 542 2296 ὲκὸἁλλων,
561 2264 610 2290 καὶ
624 2264 723 2298 γράφει
742 2265 802 2298 μὲν,
821 2265 879 2291 ἀλλ’

125 2320 194 2347 φησι
211 2310 316 2342 Παῦλος
330 2317 336 2326 ’
355 2320 363 2335 ι
381 2311 431 2336 οὐκ
444 2310 474 2336 ὲν
484 2309 565 2342 πλαξὶ
577 2309 702 2342 λιθίναις,
721 2310 779 2336 ἀλλ’
791 2311 819 2336 ἐν
833 2310 915 2342 πλαξὶ

126 2357 241 2392 καρδίας
260 2356 416 2390 σαρκίναις,
431 2365 439 2381 ι
460 2355 507 2382 καὶ
520 2355 550 2382 οὺ
570 2355 651 2389 νόμον
667 2355 770 2387 ἁπλῶς,
787 2356 854 2382 ἀλλὰ
869 2356 914 2382 τὸν

123 2403 275 2438 νομοθέτην
287 2402 378 2433 αὑτὸν,
387 2402 468 2434 αὑτδς
481 2400 585 2428 ἑαυτόν.
595 2401 680 2428 Τοῦτο
697 2401 724 2428 δὲ
740 2401 846 2433 πολλοῖς
861 2401 914 2429 τῶν

125 2450 214 2483 ἁγίων
232 2449 279 2475 καὶ
299 2447 477 2483 φανερώτατα
498 2447 642 2482 διεδείχθη,
662 2447 709 2478 οὓς
733 2447 802 2482 μήτε
825 2447 913 2481 λόγοις

123 2494 242 2529 τάληθὲς
259 2494 355 2529 μαθεῖν
378 2493 552 2528 δυνηθέντας,
574 2494 642 2529 μήτε
657 2493 779 2528 θαύμασι
801 2493 850 2528 τὴν
865 2494 913 2520 τοῦ

124 2541 331 2576 κηρυττομένου
342 2539 455 2574 δύναμιν
469 2540 628 2573 ὲπιγνόντας
642 2540 821 2575 Χριστιανοὺς
836 2539 902 2575 ἀκρι

124 2586 186 2616 δεῖς
203 2585 301 2620 ἀθρόον
317 2584 442 2617 ἀπέδειξε
458 2584 605 2619 δεξάμενον
619 2585 649 2611 τὸ
665 2584 788 2619 λουτρόν.

161 2631 318 2666 Πορφύριος
334 2630 400 2665 γοῦν
413 2633 426 2657 ὁ
440 2631 575 2665 μακάριος
590 2631 637 2657 ἐπὶ
652 2631 706 2657 τῶν
722 2630 829 2665 καιρῶν
840 2632 916 2663 γενό-

124 2686 207 2712 μενος
232 2677 357 2709 ἐκείνων,
371 2679 399 2703 ὲν
423 2674 464 2708 οἷς
480 2679 493 2703 ὁ
517 2677 563 2703 τοῦ
580 2676 699 2710 Χριστοῦ
715 2677 798 2712 νόμος
819 2676 910 2711 πάσης

123 2723 237 2758 ἐκράτει
249 2724 298 2758 τῆς
311 2723 485 2758 οἰκουμένης,
501 2723 607 2756 καὶτῆς
626 2722 673 2757 μὲν
689 2722 779 2756 φωνῆς
795 2721 849 2748 τῶν
864 2730 913 2754 κη-

162 2813 196 2829 "‘
219 2812 317 2840 Ezecb.
333 2820 371 2845 xl,
394 2813 443 2844 19;
458 2811 527 2840 Psal.
547 2821 573 2845 L,
593 2813 637 2840 1‘2.
675 2813 698 2829 ⁷⁸
718 2812 738 2840 ll
754 2812 816 2840 Cor.
838 2819 879 2844 ut,
900 2811 926 2838 5.

289 2859 424 2889 ΡΛτιιυι,
445 2860 502 2891 (ιιι,
524 2861 587 2891 CL.

962 204 1021 224 sam
1035 198 1169 224 rationem
1188 199 1215 225 in
1232 198 1324 225 anima
1344 198 1480 232 producit,
1498 198 1539 225 sic
1563 203 1591 226 et
1612 206 1746 226 amorem.

963 243 1046 278 Igitur
1061 244 1084 270 si
1101 243 1252 271 Salvatoris
1274 243 1395 272 charitas
1411 245 1437 271 in
1456 245 1535 272 nobis
1548 245 1617 272 nihil
1632 253 1746 278 novum,

962 294 1012 314 nec
1026 288 1102 316 valde
1116 289 1306 316 admirandum
1319 295 1375 324 prae
1385 296 1414 317 se
1427 290 1532 322 tulerit,
1545 290 1611 317 satis
1621 295 1745 324 apparet,

961 341 1012 361 nos
1034 335 1101 362 solis
1119 334 1153 361 de
1167 342 1200 362 eo
1215 335 1327 363 vocibus
1347 335 1447 370 potitos
1461 344 1468 363 :
1484 343 1499 363 e
1510 336 1610 371 quibus
1625 344 1745 372 quonam

962 383 1042 414 pacto
1065 379 1134 407 bene
1155 380 1236 408 liceat
1251 388 1426 415 cognoscere,
1449 381 1493 408 cui
1511 381 1578 409 nihil
1595 387 1636 409 est
1657 383 1747 410 simile

962 425 1091 459 reperire,
1109 433 1196 460 neque
1211 426 1283 461 quod
1301 427 1338 454 illi
1354 432 1382 454 et
1400 427 1461 454 aliis
1475 434 1621 455 commune
1635 428 1682 460 sit,
1695 436 1747 456 nec

961 471 1117 505 exetuplum
1136 473 1169 498 ad
1184 472 1256 506 quod
1276 478 1461 507 comparetur,
1477 480 1566 508 neque
1581 474 1682 508 quibus
1703 474 1747 502 ille

961 518 1087 551 exemplo
1104 517 1158 545 sit?
1174 518 1318 551 Quomodo
1341 519 1404 546 hinc
1427 519 1575 547 bonitatem
1599 521 1748 556 perspicie-

962 570 1034 593 mus.
1051 570 1075 590 et
1098 567 1127 590 ut
1148 564 1209 596 eius
1234 564 1355 592 bonitate
1370 565 1481 600 dignum
1497 571 1549 598 est,
1565 574 1627 594 eum
1641 567 1748 594 amabi-

963 607 1043 634 mus?
1068 607 1120 641 Qui
1145 616 1228 643 porro
1253 611 1322 637 adeo
1337 615 1441 643 amant.
1467 616 1496 638 ut
1524 617 1630 640 natura
1647 613 1747 641 ﬁnibus

962 654 1065 689 egressi
1078 655 1180 689 majora
1190 660 1218 682 et
1231 656 1359 683 studeant
1369 657 1486 690 allicere,
1495 663 1522 685 et
1537 659 1654 693 possint,
1665 667 1747 695 quam

963 700 1089 728 homines
1110 701 1153 728 fas
1169 707 1211 728 est
1232 702 1364 736 cogitare,
1381 703 1430 731 has
1448 704 1505 738 ipse
1523 712 1640 737 sponsus
1655 707 1751 733 vulne-

963 746 1044 777 ravit,
1061 746 1120 781 ipse
1139 746 1246 774 radium
1267 748 1479 782 pulchritudinis
1491 757 1548 777 sua:
1564 750 1652 778 oculis
1674 752 1750 784 ipso-

964 798 1024 818 rum
1040 791 1163 819 immisit.
1183 788 1398 827 Magnitudinem
1416 794 1488 821 euim
1508 795 1632 822 vulneris
1655 796 1748 828 telum,

964 841 992 865 et
1005 838 1205 865 vulneratorem
1219 846 1297 866 amor
1312 839 1443 867 declarat.
1460 840 1492 867 Et
1509 841 1584 868 hoca
1595 840 1683 869 Veteri
1696 842 1746 869 Te-

964 887 1101 910 stamento
1113 890 1213 910 novum
1232 883 1333 916 dill'ert,
1349 889 1376 912 et
1392 885 1442 913 hoc
1459 886 1557 914 melius
1575 887 1748 923 habet,quod

965 935 1030 957 tunc
1046 930 1157 965 quidem
1173 931 1255 959 verba
1273 935 1362 964 erant,
1379 940 1439 967 quae
1456 933 1616 961 erudirent:
1636 938 1663 961 at
1676 942 1748 962 nunc

965 982 1087 1009 praesens
1102 975 1162 1010 ipse
1177 975 1304 1003 Christus
1317 976 1444 1004 iuelIabili
1460 977 1578 1012 quodam
1596 978 1677 1005 modo
1691 979 1749 1006 ani-

965 1028 1024 1048 mas
1049 1024 1161 1048 tractat.
1183 1020 1315 1049 Sermone
1338 1022 1423 1056 enim,
1447 1022 1573 1050 doctrina
1597 1029 1626 1051 et
1646 1024 1750 1059 legibus

966 1065 1091 1094 homines
1115 1066 1196 1094 tinem
1211 1071 1369 1102 exoptatum
1389 1068 1522 1103 attingere
1543 1076 1596 1096 non
1613 1075 1750 1104 poterant.

966 1111 995 1138 Si
1010 1112 1083 1138 enim
1104 1111 1195 1139 verbis
1210 1112 1375 1147 potuissent,
1389 1114 1521 1148 operibus
1532 1122 1585 1141 non
1599 1115 1749 1150 eguissent,

965 1161 993 1184 et
1020 1157 1074 1185 illis
1101 1157 1211 1192 quidem
1241 1158 1491 1192 excellentissimis,
1518 1160 1572 1187 Deo
1597 1161 1750 1195 incantato,

965 1203 1105 1237 cruciﬁxo,
1131 1208 1158 1232 et
1177 1208 1298 1232 mortuo.
1321 1206 1409 1240 Atque
1429 1206 1501 1234 istuc
1526 1207 1669 1242 apostolis,
1686 1207 1751 1235 reli-

966 1249 1055 1285 gionis
1077 1253 1178 1277 nostrae
1197 1250 1359 1284 parentibus
1383 1251 1417 1278 ab
1443 1252 1522 1279 initio
1546 1253 1653 1280 claruit.
1682 1254 1752 1281 Nam

966 1303 1028 1323 cum
1051 1295 1124 1323 omni
1145 1296 1282 1329 doctrina,
1308 1300 1337 1324 et
1359 1297 1468 1332 quidem
1494 1298 1580 1333 ipsius
1603 1298 1753 1328 Salvatoris

966 1344 1065 1371 imbuti
1089 1351 1121 1371 ac
1138 1344 1220 1379 pasti,
1233 1345 1294 1379 ejus
1314 1345 1452 1372 actionum
1489 1346 1751 1384 miraculorumquo,

966 1395 993 1417 et
1029 1389 1235 1422 beneﬁciorum,
1259 1398 1319 1424 qua
1352 1395 1457 1418 natura
1485 1397 1586 1419 nostra:
1614 1394 1751 1427 prmstitit,

967 1440 1136 1472 spectatores
1155 1435 1217 1463 facti
1236 1441 1340 1469 essent,
1359 1444 1475 1472 quaeque
1500 1437 1641 1466 hominum
1667 1446 1752 1467 causa

968 1482 1113 1514 sustinuit,
1136 1486 1163 1509 et
1185 1482 1260 1509 illius
1288 1482 1315 1509 in
1338 1482 1419 1510 vitam
1451 1483 1584 1516 reditum.
1612 1484 1639 1511 in
1666 1486 1753 1513 caalos

966 1536 1110 1556 ascensum
1126 1528 1268 1558 vidissent,
1289 1535 1362 1560 cum,
1379 1528 1504 1563 inquam,
1527 1529 1584 1557 hmc
1600 1531 1692 1558 omnia
1708 1532 1752 1559 di-

965 1575 1107 1605 dicissent,
1129 1573 1197 1600 nihil
1227 1579 1318 1601 tamen
1342 1581 1454 1606 novum,
1481 1575 1549 1602 nihil
1578 1584 1752 1611 generosum,

966 1621 1034 1648 nihil
1052 1620 1204 1656 spirituale.
1224 1627 1274 1648 nec
1287 1625 1425 1648 vetustate
1445 1621 1542 1650 melius
1559 1626 1751 1651 ostentarunt:

965 1666 1051 1694 donec
1072 1666 1210 1702 baptismo
1232 1667 1310 1694 tiucti
1332 1671 1408 1700 sunt,
1432 1672 1486 1702 quo
1501 1668 1610 1704 adepto,
1626 1675 1653 1696 et
1668 1668 1754 1697 Para-

965 1713 1038 1741 clcto
1060 1720 1156 1740 eorum
1171 1713 1271 1740 animis
1283 1713 1391 1748 illapso,
1405 1718 1432 1740 et
1451 1713 1503 1749 ipsi
1518 1720 1664 1742 evaserunt
1677 1716 1752 1748 novi,

965 1765 993 1788 et
1016 1760 1098 1786 vitam
1122 1767 1219 1787 novam
1244 1760 1494 1794 apprehenderunt,
1522 1765 1550 1788 et
1570 1763 1676 1790 caeteris
1691 1770 1752 1790 sese

966 1805 1049 1832 duces
1069 1804 1095 1831 in
1122 1811 1154 1832 ea
1179 1804 1365 1838 praebuerunt,
1381 1804 1541 1841 Christique
1563 1813 1683 1834 amorem
1701 1807 1755 1835 sibi

966 1855 993 1878 et
1017 1851 1078 1878 aliis
1099 1851 1304 1885 implicuerunt.
1330 1850 1493 1886 Quanquam
1520 1852 1592 1879 enim
1610 1860 1672 1880 cum
1697 1854 1755 1881 sole

966 1897 1157 1927 versabantur.
1175 1903 1229 1923 non
1251 1896 1514 1930 tamen,spiritualis
1538 1897 1640 1925 lavacri
1665 1898 1755 1926 adhuc

966 1946 1101 1975 expertes,
1121 1941 1226 1968 radium
1252 1942 1419 1968 sentiebant.
1437 1941 1478 1968 Ad
1499 1942 1625 1969 eumdem
1643 1943 1753 1970 modum

966 1993 993 2015 et
1007 1992 1117 2015 sanctos
1130 1987 1261 2022 deinceps
1276 1995 1373 2015 omnes
1386 1987 1501 2022 perfecit
1515 1987 1597 2019 Deus.
1610 1994 1636 2016 et
1648 1996 1753 2023 cogno-

967 2038 1065 2061 verunt
1079 2040 1154 2065 eum,
1171 2038 1198 2060 et
1216 2033 1389 2060 dilexerunt:
1407 2041 1459 2060 non
1475 2034 1648 2061 sermonibus
1674 2035 1754 2063 nudis

967 2081 1068 2112 allecti,
1080 2082 1127 2108 sed
1143 2080 1243 2108 lavacri
1259 2081 1358 2108 virtute
1373 2081 1530 2116 praeparati,
1547 2082 1606 2116 ipso
1618 2081 1756 2111 fortnante

967 2134 994 2155 et
1016 2131 1138 2161 aptante,
1162 2128 1208 2162 qui
1228 2128 1361 2162 diligitur,
1380 2129 1427 2162 qui
1453 2135 1502 2155 cor
1516 2127 1649 2164 mundum
1667 2134 1755 2162 creat,

967 2177 994 2200 et
1006 2172 1096 2200 aufert
1113 2172 1261 2207 lapideum,
1280 2178 1307 2200 et
1329 2173 1437 2208 reponit
1456 2181 1597 2207 earneum,
1614 2179 1757 2210 stuporem

966 2218 1134 2253 ejiciens"'.
1157 2219 1189 2245 Et
1205 2218 1300 2246 scribit
1323 2219 1443 2253 quidem,
1473 2226 1582 2254 verum,
1604 2225 1633 2248 ut
1657 2221 1756 2249 Paulus

968 2266 1016 2297 ait,
1047 2274 1056 2291 ι
1076 2273 1128 2292 ιιοιι
1146 2265 1172 2291 in
1186 2265 1285 2292 tabulis
1300 2265 1425 2299 lapideis,
1444 2266 1491 2293 sed
1507 2267 1533 2293 in
1549 2266 1648 2294 tabulis
1663 2267 1757 2294 cordis

968 2310 1126 2338 carnalibus
1135 2311 1170 2343 ⁷⁸,
1185 2319 1195 2336 ι
1213 2315 1240 2337 et
1268 2318 1322 2337 non
1349 2311 1436 2345 legem
1464 2311 1635 2346 simpliciter.
1655 2313 1702 2340 sed
1719 2313 1758 2339 le-

969 2357 1126 2392 gislatorem
1146 2357 1245 2391 ipsum.
1265 2356 1324 2390 ipse
1340 2357 1528 2392 semetipsum.
1549 2357 1605 2386 Hoc
1618 2358 1645 2386 in
1662 2359 1756 2386 multis

970 2407 1139 2434 sanctorum,
1151 2402 1427 2438 manifestissimeque
1441 2409 1611 2438 pcrspectum
1625 2409 1677 2437 cst,
1688 2412 1758 2440 quos

970 2455 1031 2475 cum
1061 2455 1148 2482 neque
1173 2448 1263 2476 verbis
1290 2448 1431 2476 veritatem
1455 2449 1559 2477 discere
1594 2450 1757 2484 potuissent,

971 2501 1019 2520 nec
1052 2493 1192 2520 miraculis
1224 2493 1376 2521 absconditi
1408 2494 1536 2522 virtutem
1566 2501 1756 2530 agnoscerent,

970 2544 1125 2573 susceptum
1160 2539 1296 2566 lavacrum
1323 2538 1498 2568 Christianos
1533 2539 1758 2582 maturissimos

971 2585 1062 2613 subito
1073 2585 1279 2612 demonstravit.

1005 2630 1106 2658 Beatus
1128 2631 1218 2665 itaque
1242 2630 1406 2667 Porphyrius
1421 2639 1483 2659 cutn
1509 2631 1564 2659 illis
1589 2631 1758 2666 temporibus

969 2678 1081 2708 viveret,
1096 2677 1196 2711 quibus
1212 2677 1314 2705 Christi
1332 2678 1374 2704 lex
1391 2681 1476 2705 totum
1493 2677 1586 2704 orbem
1604 2676 1755 2711 subigebat,

968 2729 1180 2756 prtevonumque
1206 2729 1347 2750 sacrorum
1368 2729 1460 2749 vocem
1480 2722 1610 2750 mortales
1635 2719 1757 2748 universi

1554 2857 1592 2888 18
