1976 3074
241 141 298 172 550

862 142 1015 171 NICOLAI
1033 141 1227 171 CABASILJ‘.

1810 143 1862 174 560

243 204 325 226 tenus
350 198 523 234 procedi-bat.
552 197 682 229 Qnurirca
712 200 739 224 et
761 196 857 224 umbra
889 202 915 224 et
941 197 1025 230 imago

1082 198 1190 230 πνεῦμα
1204 198 1234 223 τὸ
1248 199 1300 223 πᾶν
1314 197 1469 232 ἐργάζεται,
1489 197 1610 233 γραπτὺς
1623 199 1651 225 δὲ
1675 199 1789 230 ἐκεῖνος,
1820 199 1860 224 ὅτε

244 245 313 277 fuit;
332 252 376 271 res
392 248 481 271 autem
502 247 527 269 et
541 243 652 274 veritas.
672 250 732 276 quin
748 250 820 269 nunc
837 242 914 269 ﬁunt.
937 242 1025 269 Verba

241 290 314 317 enim
332 289 365 316 ad
379 289 468 324 ipsum
485 296 545 316 esse
561 295 651 314 rerum
675 287 801 321 imaginis
823 287 1025 321 proportionem

243 336 363 368 habent;
389 342 469 369 quas.
490 335 647 369 priusquam
662 338 836 369 apparerent,
855 333 947 360 multis
964 338 1027 360 ante

243 381 350 410 smculis
378 381 470 415 lingua
503 380 696 414 prophetarum
727 380 797 407 Deus
829 379 993 414 signiﬁcavit
1019 387 1025 404 :

245 436 254 453 ι
276 426 399 458 Feriam,
425 426 525 460 inquit,
546 425 637 453 fmdus
658 433 770 456 novum,
798 432 851 452 non
873 425 1025 453 secundum

241 477 365 507 pactum,
388 472 459 505 quod
492 471 579 505 pupigi
603 478 664 497 cum
692 470 817 505 patribus
840 477 936 497 eorum
949 470 984 496 ⁸ο.
1015 479 1024 496 ι

242 517 294 544 Sed
309 517 403 552 quod?
425 526 433 543 ι
451 516 510 544 Hoc
522 517 573 544 erit
586 521 706 551 pactum,
724 516 823 551 inquit,
840 515 911 550 qttod
931 515 1025 542 feriam

242 572 303 590 cum
316 564 396 590 domo
409 562 502 595 lsrael,
518 563 544 590 in
556 563 638 590 domo
653 562 734 590 Juda.
754 562 828 589 Dabo
841 562 926 597 legem
939 569 1025 588 meam

242 611 269 636 in
286 609 437 637 visceribus
454 617 560 642 eorum,
587 613 614 636 et
641 609 668 636 iu
694 608 825 636 cordibus
845 615 940 636 eorum
955 607 1024 635 scri-

243 657 304 683 bam
333 663 393 682 eam
407 655 442 681 3*.
458 665 467 681 ι
485 654 543 681 Non
561 662 608 689 per
628 661 707 682 voces
722 654 949 688 compositamret
964 660 1028 680 con-

242 702 392 732 cinnatam,
414 701 462 728 sed
477 700 534 735 ipse
551 700 754 735 egolegislator
776 707 824 734 per
845 707 899 732 me,
924 700 1028 734 absque

243 746 334 773 medio
353 754 360 772 :
384 755 394 771 ‹
411 745 469 773 Non
487 746 559 773 enim
574 746 692 780 amplius
706 745 815 773 docebit
838 745 1027 779 unusquisque

242 793 354 819 fratrem
379 800 472 825 suum,
491 796 519 819 et
539 792 731 827 unusquisque
756 791 909 827 proximum
932 799 1025 824 suum,

241 839 346 870 dicens,
364 837 506 873 Cagnosce
523 839 684 870 Dominum;
703 838 833 872 quoniam
851 845 947 865 omnes
977 844 1025 864 co-

240 878 372 918 gnoscent
394 892 449 916 me,
468 891 483 910 a
500 884 615 911 minimo
633 891 719 918 usque
740 884 772 910 ad
797 883 947 910 maximum
958 884 992 909 θ’.
1014 893 1023 908 ι

243 930 318 956 Hanc
331 935 359 958 et
376 930 459 958 David
475 931 561 966 legem
572 931 699 966 adeptus,
719 930 826 958 beatam
840 930 914 957 illam
931 937 1025 956 vocem

241 975 332 1002 emisit
348 983 355 1002 :
371 984 381 1001 ι
400 975 536 1008 Quoniam
548 983 599 1011 ego
613 976 741 1010 cognovi,
756 976 829 1011 quod
849 983 965 1010 magnus
984 979 1027 1002 est

242 1019 375 1049 Dominus
387 1021 421 1048 ⁸⁸.
448 1032 457 1048 ι
486 1022 544 1058 Ego
556 1023 685 1057 cognovi,
701 1018 868 1057 inquit,'per
881 1022 1027 1056 experien-

241 1065 318 1098 tiam,
347 1072 401 1093 non
425 1070 455 1093 ut
476 1067 522 1102 qui
541 1066 601 1095 aliis
627 1066 789 1094 docentibus
814 1066 840 1093 id
863 1065 1026 1092 audiverim.

240 1110 301 1143 Quo
316 1116 343 1138 et
358 1112 426 1139 alios
441 1112 594 1140 inducens:
609 1121 618 1138 ι
634 1111 761 1143 Gustate,
776 1111 876 1145 inquit,
890 1115 917 1137 et
929 1110 1026 1141 videte,

241 1157 371 1191 quoniam
390 1158 479 1185 bonus
496 1163 538 1186 est
555 1157 730 1185 Dominus".
748 1167 758 1183 ι
778 1157 849 1190 Quin
864 1158 945 1184 etiam
957 1156 1028 1182 mul-

242 1203 279 1230 tis
306 1209 333 1230 et
350 1203 434 1230 variis
449 1203 624 1231 sermonibus
638 1203 734 1231 beatus
751 1203 794 1230 ille
810 1202 857 1230 Dei
877 1202 1026 1229 bonitatem

241 1248 418 1275 collaudavit.
440 1248 494 1276 Sed
512 1249 591 1282 quasi
608 1248 689 1275 verba
717 1255 772 1274 rem
808 1248 895 1282 ipsam
920 1255 1028 1281 aequare

242 1298 387 1327 nequeant,
403 1293 437 1320 ad
449 1292 645 1327 experientiam
661 1300 768 1325 eorum,
782 1300 841 1328 quae
853 1293 880 1319 in
898 1293 951 1320 Deo
968 1293 1028 1319 lau-

241 1340 353 1371 dantur,
371 1339 513 1367 audientes
524 1343 666 1374 provocat.

277 1463 353 1491 Hauc
368 1464 563 1497 experientiam
578 1463 778 1496 baptizatorum
795 1462 939 1490 animabus
950 1470 1028 1490 sacer

242 1510 302 1537 fons
321 1510 427 1540 inserit.
446 1514 473 1536 et
486 1517 517 1536 ex
536 1509 644 1544 opilicio
662 1509 802 1543 opificem,
826 1509 909 1535 menti
927 1509 1023 1535 verita-
1039 1527 1062 1559 Ο

241 1560 308 1588 tem,
333 1555 470 1583 desiderio
496 1555 585 1583 solum
607 1555 814 1582 desiderabilem
844 1556 1024 1581 demonstrat.

243 1603 304 1629 ideo
320 1607 347 1629 et
362 1609 492 1637 magnum
508 1601 685 1633 desiderium,
701 1605 814 1627 etamor
827 1600 982 1632 inetl‘abilis,
1000 1604 1028 1626 et

243 1648 363 1674 charitas
378 1654 492 1681 prorsus
507 1646 654 1682 singularis
674 1654 681 1672 :
699 1647 829 1680 quoniam
846 1654 901 1673 non
918 1651 959 1672 est
971 1653 1027 1680 quo

242 1696 329 1726 egeat,
342 1695 369 1719 et
383 1692 475 1720 omnia
487 1692 663 1722 conveniunt,
677 1696 704 1718 et
716 1691 782 1718 nihil
795 1692 929 1722 dissonat,
942 1697 967 1718 et
984 1691 1026 1718 in-

243 1745 326 1771 super
342 1741 385 1764 est
405 1737 496 1764 omnis
513 1736 684 1763 excellentia.
708 1736 754 1764 Sic
777 1737 849 1763 enim
868 1744 924 1763 rem
942 1737 1028 1770 dispi-

242 1783 360 1810 ciamus.
377 1782 546 1810 Desiderium
561 1782 706 1809 animabus
721 1782 819 1808 indidit
836 1781 918 1809 Deus.
932 1782 961 1809 Si
979 1782 1027 1809 bo-

244 1836 308 1855 num
324 1827 390 1855 illud
406 1827 515 1862 assequi
533 1827 674 1859 debemus,
691 1831 717 1854 et
734 1828 835 1855 veritas
853 1827 1025 1862 intelligenda

240 1879 294 1905 est.
323 1874 379 1901 [nec
402 1874 457 1901 duo
479 1873 574 1908 utique
600 1881 668 1908 pura
692 1874 803 1901 omnino
823 1873 1025 1906 desideramus,

243 1922 345 1948 bonum
361 1928 376 1947 a
389 1920 471 1952 malo,
484 1920 625 1948 veritatem
643 1928 657 1947 a
674 1921 828 1948 mendacio.
854 1920 939 1948 Nemo
953 1920 1024 1948 enim

242 1968 374 2002 deceptus
397 1967 516 2000 laetatur,
540 1975 590 1994 nec
612 1966 765 1994 delectatur
786 1967 813 1993 in
834 1973 955 1995 errorem
981 1966 1026 1992 in-

187 2027 190 2029 -
242 2013 351 2045 ductus,
368 2017 395 2040 et
410 2020 459 2047 pro
471 2013 543 2040 bono
560 2013 586 2039 in
603 2012 703 2039 malum
723 2012 856 2039 incidens.
885 2012 947 2039 Ha=c
961 2019 1027 2038 con-

244 2058 449 2093 cupiscentibns
468 2065 535 2092 pure
559 2057 743 2091 consequendi
771 2065 910 2091 nunquam
935 2056 1024 2083 adhuc

244 2103 315 2130 facta
339 2108 383 2130 est
409 2102 488 2137 copia
515 2111 521 2129 :
543 2101 589 2129 sed
616 2102 686 2136 quod
714 2109 729 2128 a
755 2101 834 2128 nobis
871 2101 972 2128 bonum
999 2105 1026 2128 ct

243 2155 337 2174 verum
349 2147 510 2182 appellatur,
536 2154 590 2174 non
611 2155 697 2180 magis
714 2146 767 2173 hoc
789 2151 831 2174 est
844 2147 915 2181 quod
932 2146 1024 2181 appel-

1079 245 1159 279 μέχρι
1176 244 1229 270 τῶν
1239 245 1411 279 γραμμάτιον
1425 245 1488 279 ἔστη
1509 244 1555 270 καὶ
1578 245 1633 271 τῶν
1663 245 1773 279 φωνῶν,
1804 244 1862 271 ἀνθ’

1078 287 1116 316 ὧν
1130 290 1178 316 καὶ
1191 290 1256 316 σκιὰ
1275 291 1324 324 μὲν
1336 290 1380 317 καὶ
1396 290 1479 316 εἰκὼν
1494 291 1610 323 ἐκεῖνος,
1624 292 1741 326 πρᾶγμα
1762 291 1791 317 δὲ
1817 290 1862 316 καὶ

1078 335 1193 370 ἀλήθεια
1209 335 1242 361 τὰ
1257 335 1390 370 παρόντα.
1406 336 1437 362 Ol
1450 335 1504 370 γὰρ
1521 335 1594 366 λόγοι
1610 336 1656 362 καὶ
1669 336 1702 363 τὰ
1713 336 1862 372 γράμματα

1078 381 1146 415 πρὸς
1158 381 1223 407 αὐτὸ
1234 382 1266 407 τὸ
1280 379 1350 407 εἶναι
1374 381 1428 407 τῶν
1449 383 1622 416 πραγμάτων
1646 382 1751 412 εἰκόνος
1772 382 1862 416 έχουσι

1077 427 1156 460 λόγον
1168 436 1174 442 ·
1191 427 1278 453 ταῦτα
1292 428 1358 461 πρὶν
1376 428 1416 458 είς
1427 427 1509 462 ἔργον
1525 428 1650 461 ὲκὸῆναι,
1668 427 1779 459 πολλοῖς
1795 428 1862 462 πρό-

1076 481 1154 506 τερον
1170 473 1274 507 χρόνοις
1289 474 1320 506 τῇ
1335 473 1442 509 γλώττῃ
1467 474 1522 500 τῶν
1537 474 1687 508 προφητῶν
1723 475 1859 508 ἐμήνυσεν

1076 519 1091 545 ὸ
1106 519 1182 550 Θεός.
1202 529 1210 543 ι
1227 519 1410 554 Διαθήσομαι,
1431 519 1508 553 φησὶ,
1536 519 1670 554 διαθήκην
1697 519 1806 552 καινὴν,
1832 519 1862 545 οὗ

1077 564 1148 590 κατὰ
1162 564 1306 599 διαθήκην,
1325 565 1358 598 ἦν
1375 563 1505 598 διεθέμην
1522 565 1578 595 τοῖς
1597 563 1734 598 πατράσιν
1747 564 1833 598 ὑμῶν,
1851 574 1859 589 ι

1078 609 1146 636 ἀλλὰ
1160 610 1220 636 τίνα
1234 609 1337 644 ταύτην
1355 618 1363 641 ;
1381 619 1390 635 ι
1407 609 1494 642 Αὕτη,
1511 610 1606 645 φησὶν,
1625 610 1641 644 ἡ
1667 609 1798 645 διαθήκη,
1828 610 1862 645 ἢν

1078 655 1244 689 θιαθήσομαι
1259 655 1297 688 τῷ
1322 655 1388 688 οἴκῳ
1405 654 1514 690 Ἰσραὴλ
1543 654 1591 681 καὶ
1608 654 1647 688 τῷ
1668 655 1735 689 οῐκῳ
1766 654 1860 681 Ἰούδα·

1077 701 1163 732 τιθεὶς
1173 701 1236 732 τοὺς
1250 700 1352 736 νόμους
1368 709 1418 734 μου
1434 701 1475 731 είς
1496 700 1618 727 διάνοιαν
1647 700 1738 727 αὐτῶν
1760 701 1806 726 καὶ
1833 701 1862 726 ὲν

1078 747 1204 781 καρδίαις
1224 746 1313 773 αὐτῶν
1344 746 1442 781 γράψω
1468 746 1577 777 αὐτοὺς,
1598 755 1607 772 ι
1639 746 1669 772 οὗ
1695 745 1740 772 διὰ
1770 745 1862 779 φωνῆς

1079 792 1230 827 ῥυθμίζων,
1249 792 1307 818 ἀλλ’
1335 792 1416 823 αὐτὸς
1441 792 1551 826 ἀμέσως
1567 793 1581 818 ό
1600 792 1762 826 νομοθέτης.
1794 801 1806 821 ,ι
1825 792 1862 818 Οὐ

1078 837 1131 872 γὰρ
1158 836 1306 869 διδάξουσιν
1332 837 1383 867 ἔτι,
1418 837 1511 871 φησὶν,
1534 837 1649 868 ἕκαστος
1674 837 1731 871 (τὸν
1749 836 1863 870 ἀδελφὸν

1078 882 1171 915 αὑτοῦ,
1184 883 1230 910 καὶ
1242 882 1366 916 ἕκαστος)
1374 882 1420 909 τὸν
1431 882 1544 917 πλησίον
1555 882 1649 914 αὑτοῦ,
1661 883 1746 909 Γνῶθι
1755 883 1799 909 τὸν
1811 882 1864 909 K6-

1079 938 1146 964 ριον,
1157 930 1196 956 ὄτι
1208 929 1307 960 πάντες
1314 929 1452 963 εἰδήσουσί
1464 938 1497 963 με
1508 929 1562 956 ἀπὺ
1575 930 1674 964 μικροῦ
1683 929 1736 966 ἕως
1744 929 1862 963 μεγάλου

1077 975 1177 1001 αὐτῶν.
1201 984 1209 1000 ι
1229 975 1331 1001 Τούτου
1347 974 1436 1008 τυχὼν
1458 974 1507 1000 τοῦ
1534 975 1617 1009 νόμου
1645 976 1692 1001 καὶ
1713 975 1793 1000 Δα6“ιδ
1814 974 1864 1008 τὴν

1078 1020 1218 1054 μακαρίαν
1231 1019 1338 1053 ἐκείνην
1352 1019 1440 1053 ἀφῆκε
1452 1019 1554 1054 φωνὴν,
1571 1021 1612 1046 ὅτι
1628 1029 1636 1046 ι
1654 1019 1726 1053 Ἐγὼ
1739 1019 1858 1053 ἔγνωκα,

1077 1067 1119 1092 ὅτι
1138 1065 1225 1100 μέγας
1243 1067 1257 1092 ό
1273 1065 1387 1100 Κύριος,
1409 1074 1418 1092 ι
1435 1065 1490 1099 ἐγὼ
1507 1065 1626 1098 ἔγνωκα,
1658 1065 1736 1100 φησὶ,
1763 1066 1862 1099 πεῖραν

1078 1113 1159 1144 αὐτὸς
1174 1111 1274 1143 λαϐὼν,
1293 1113 1322 1138 οὐ
1346 1112 1527 1138 διδασκόντων
1542 1112 1630 1139 ἄλλων
1648 1113 1780 1143 ἀκούσας·
1802 1111 1863 1138 ὅθεν

1079 1157 1124 1183 ἐπὶ
1141 1157 1175 1183 τὰ
1191 1157 1236 1183 ῐσα
1265 1156 1313 1183 καὶ
1336 1156 1400 1186 τοὺς
1432 1156 1529 1187 ἄλλους
1551 1156 1666 1189 ὲνάγων,
1685 1165 1694 1182 ι
1713 1155 1861 1187 Γεύσασθε,

1079 1203 1160 1237 φησὶ,
1176 1202 1224 1228 καὶ
1248 1202 1327 1233 ἴδετε,
1361 1202 1403 1228 ὅτι
1428 1203 1573 1236 χρηστὺςό
1589 1202 1700 1236 Κύριος.
1725 1211 1734 1227 ι
1767 1201 1864 1228 Καίτοι

1079 1249 1186 1279 πολλοῖς
1196 1247 1245 1282 τὴν
1261 1247 1434 1282 χρηστότητα
1447 1248 1494 1273 τοῦ
1509 1247 1576 1273 Θεοῦ
1592 1248 1638 1273 καὶ
1652 1247 1833 1278 παντοδαποῖς
1845 1247 1861 1273 6

1080 1293 1215 1326 μακάριος
1226 1291 1365 1326 ἀνύμνησε
1386 1291 1475 1325 λόγοις
1499 1301 1505 1307 ·
1517 1292 1530 1317 ὁ
1547 1293 1585 1324 δὲ,
1603 1292 1642 1323 ὡς
1661 1292 1690 1318 οὺ
1704 1292 1863 1326 δυναμένων

1078 1338 1248 1371 ἐνδείξασθαι
1269 1339 1302 1364 τὰ
1321 1337 1385 1364 ὄντα
1400 1338 1454 1364 τῶν
1466 1338 1553 1371 λόγων
1566 1339 1611 1365 ἐπὶ
1625 1339 1674 1373 τὴν
1689 1340 1788 1372 πεῖραν
1806 1339 1861 1365 τῶν

1079 1385 1266 1420 ὑμνουμένων,
1283 1383 1381 1414 αὐτοὺς
1398 1384 1475 1411 καλεῖ
1488 1385 1549 1415 τοὺς
1563 1384 1766 1419 ἀκροωμένους.

1113 1462 1223 1497 Ταύτην
1234 1462 1283 1496 τὴν
1299 1463 1396 1497 πεῖραν
1415 1461 1445 1488 τὸ
1461 1461 1573 1497 λουτρὺν
1584 1462 1706 1495 ἐντίθησι
1718 1463 1777 1492 ταῖς
1807 1463 1862 1489 τῶν

1081 1509 1285 1545 βαπτιζομένων
1295 1508 1405 1542 ψυχαῖς,
1423 1508 1470 1534 καὶ
1487 1507 1616 1542 γνωρίζει
1638 1507 1678 1542 τῷ
1692 1507 1861 1543 δημιουργή-

1079 1565 1143 1591 ματι
1157 1556 1203 1582 τὸν
1217 1554 1393 1590 δημιουργὸν,
1410 1554 1448 1589 τῷ
1463 1553 1501 1589 νῷ
1514 1554 1564 1589 τὴν
1577 1554 1717 1589 ἀλήθειαν,
1740 1555 1772 1589 τῇ
1799 1555 1861 1580 ὲπι-

1078 1601 1162 1636 θυμία
1178 1601 1222 1626 τὸν
1239 1601 1319 1634 μόνον
1329 1599 1510 1634 ὲπιθυμητόν.
1528 1600 1578 1626 Διὰ
1590 1599 1671 1626 τοῦτο
1700 1600 1747 1625 καὶ
1772 1599 1863 1633 μέγας

1077 1647 1091 1673 ὁ
1106 1646 1188 1677 πόθος
1200 1646 1247 1672 καὶ
1259 1645 1289 1671 τὸ
1303 1644 1416 1680 φίλτρου
1434 1644 1554 1680 ἄρρητον
1571 1644 1617 1670 καὶ
1641 1645 1654 1670 ό
1681 1645 1751 1678 ἔρως
1780 1644 1863 1679 ὑπερ-

1078 1692 1160 1726 φυὴς,
1176 1691 1275 1718 ὅτιούκ
1293 1691 1369 1717 ἐστιν
1396 1683 1429 1717 οὗ
1448 1689 1498 1722 δεῖ,
1528 1691 1576 1717 καὶ
1600 1690 1690 1716 πάντα
1700 1690 1860 1724 συμϐαίνει,

1077 1738 1124 1764 καὶ
1135 1738 1212 1763 οὐδὲν
1227 1736 1335 1772 ἀπᾴδει,
1357 1736 1405 1763 καὶ
1427 1736 1496 1771 πρός
1521 1744 1552 1770 γε
1574 1735 1650 1762 πᾶσά
1680 1735 1755 1762 ἐστιν
1775 1735 1862 1769 ὑπερ-

1078 1783 1156 1819 ϐολή.
1172 1783 1322 1817 Σκοπῶμεν
1334 1782 1399 1817 γάρ.
1421 1781 1586 1816 Ἐπιθυμίαν
1607 1782 1666 1812 ταῖς
1692 1781 1791 1816 ψυχαῖς
1816 1783 1863 1807 ὲν-

1076 1830 1175 1864 έῦηκεν
1189 1831 1202 1855 ὁ
1215 1829 1292 1859 Θεὸς,
1309 1828 1342 1854 ἂν
1359 1827 1409 1861 μέν
1424 1835 1471 1852 του
1490 1827 1547 1862 δέῃ,
1564 1827 1711 1862 τυγχάνειν
1724 1827 1772 1852 τοῦ
1791 1828 1862 1859 ἁγα-

1077 1875 1134 1907 θοῦ,
1151 1876 1245 1909 νοῆσαι
1258 1874 1287 1900 δὲ
1299 1874 1395 1908 δεῆσαι
1411 1873 1460 1907 τῆς
1471 1872 1613 1907 ἀληθείας,
1634 1872 1682 1898 καὶ
1705 1871 1793 1898 ταῦτα
1813 1881 1862 1898 πο-

1077 1921 1178 1956 θοῦμεν
1199 1920 1306 1954 καθαρὰ
1321 1920 1420 1953 δήπου,
1440 1918 1471 1945 τὸ
1494 1918 1543 1953 μὲν
1563 1917 1666 1952 ἀγαθὸν
1691 1918 1739 1944 τοῦ
1762 1918 1863 1950 κακοῦ,

1076 1966 1121 1993 τοῦ
1136 1966 1250 1999 ψεύδους
1266 1965 1293 1991 δὲ
1315 1964 1365 1999 τὴν
1378 1964 1510 1999 ἀλήθειαν
1529 1971 1537 1979 ·
1557 1964 1587 1990 οὐ
1602 1964 1656 1999 γάρ
1682 1972 1724 1995 τις
1751 1964 1865 1991 ἀπατώ-

1078 2021 1157 2047 μενος
1172 2012 1274 2046 χαίρει,
1293 2010 1350 2038 οὑδ⁴
1366 2011 1399 2037 ἂν
1413 2009 1510 2046 ἡσθείη
1528 2010 1704 2044 πλανώμενος
1721 2010 1769 2036 καὶ
1782 2010 1863 2044 κακῷ

1076 2058 1285 2092 περιτυγχάνων
1313 2056 1372 2083 ἀντ’
1396 2056 1510 2089 ἀγαθοῦ.
1541 2055 1651 2082 Τούτων
1681 2055 1864 2091 ἐπιθυμοῦσιν

1076 2104 1136 2129 οὐδὲ
1151 2103 1261 2131 πώποτε
1275 2103 1384 2136 ἐγένετο
1399 2103 1492 2137 τυχεῖν
1512 2101 1652 2136 καθαρῶς,
1667 2101 1734 2128 ἀλλὰ
1749 2102 1780 2128 τὸ
1795 2102 1863 2137 παρ’

1076 2150 1143 2184 ἡμῖν
1158 2148 1259 2182 ἀγαθὸν
1272 2148 1318 2175 καὶ
1334 2147 1364 2174 τὸ
1381 2147 1480 2181 ἀληθὲς
1495 2147 1526 2174 οὐ
1540 2146 1618 2173 τοῦτό
1628 2148 1714 2179 ἐστιν,
1739 2147 1754 2173 ὃ
1766 2147 1864 2174 καλεῖ-

244 2193 325 2225 latur,
350 2201 433 2226 quam
455 2193 637 2220 contrarium.
665 2191 743 2219 Unde
768 2196 892 2226 apertum
921 2191 959 2221 fit.
982 2192 1025 2219 hic

1078 2203 1122 2221 ται
1136 2194 1263 2229 μᾶλλονῆ
1278 2193 1437 2220 τούναντίον
1455 2200 1461 2208 ⁸
1482 2193 1544 2219 ὃθεν
1559 2193 1620 2219 οὐδὲ
1639 2193 1656 2228 ἡ
1673 2193 1723 2227 τῆς
1751 2193 1865 2226 ἀγάπης

244 2247 332 2272 neque
354 2239 498 2266 cbaritatis
527 2246 615 2273 neque
638 2238 731 2273 gaudii
759 2239 785 2264 in
813 2238 893 2264 nobis
923 2242 1024 2264 tantam

244 2284 297 2310 vim
312 2283 437 2317 reperiri,
455 2287 556 2317 quanta
571 2283 747 2318 reperiretur,
757 2283 779 2310 si
791 2291 851 2317 quae
861 2283 982 2317 diligere,
1001 2287 1028 2309 ct

243 2330 344 2363 quibus
356 2329 475 2364 gaudere
490 2334 607 2363 oportet,
622 2330 765 2364 pra-sentin
785 2331 921 2356 adesSent.
936 2328 1027 2362 Neque

244 2375 347 2401 amoris
379 2375 517 2402 vinculum
544 2379 678 2410 quantum
705 2377 752 2408 sit,
785 2384 836 2402 nec
867 2376 1027 2410 magnitudo

245 2420 449 2447 illiusincendii
473 2425 535 2447 nota
557 2425 615 2453 est;
637 2421 699 2455 quia
725 2421 796 2455 quod
820 2427 937 2452 amatur,
957 2429 1024 2448 nus-

243 2473 324 2501 quam
338 2470 390 2493 est.
412 2466 448 2493 lis
473 2471 562 2493 antetn
578 2467 625 2501 qui
643 2467 812 2494 Salvatorem
834 2472 1022 2501 gustaverunl,

243 2513 320 2539 adest
340 2512 457 2545 idipsum
475 2512 545 2546 quod
560 2512 728 2544 desiderant,
745 2513 777 2539 ad
794 2519 874 2546 quem
888 2511 1026 2539 humanus

244 2566 321 2585 amor
334 2558 406 2584 velut
418 2558 452 2584 ad
466 2565 599 2584 cauonem
618 2558 734 2593 aliquem
751 2563 777 2584 et
794 2557 873 2584 linem
900 2558 934 2584 ab
947 2558 1026 2585 initio

243 2607 417 2638 comparatus
433 2607 474 2630 est
493 2611 499 2630 ε
519 2603 590 2629 Velut
610 2603 756 2630 tliesauius
782 2603 818 2629 ita
843 2610 968 2638 niaguus.
989 2603 1025 2630 ita

245 2650 325 2682 latus,
339 2654 369 2675 ut
386 2648 468 2676 Deum
483 2648 569 2683 possit
583 2656 688 2682 capere.
706 2647 762 2675 Hac
779 2650 882 2676 ratione
896 2654 922 2676 ct
934 2650 1026 2676 omnia

244 2695 314 2722 bona
328 2695 418 2722 invita
432 2699 646 2729 consequuntur.
660 2694 737 2721 Nulla
750 2695 892 2722 intercedit
903 2695 1026 2727 satietas,

243 2750 294 2769 nec
310 2742 458 2777 quidquam
477 2742 642 2769 desiderium
664 2741 767 2768 deﬁnit.
798 2743 843 2769 sed
862 2742 951 2769 adhuc
966 2742 1026 2769 siti-

278 2847 301 2862 "
315 2846 412 2873 let-om.
432 2855 505 2878 uti,
522 2846 565 2876 51,
585 2846 629 2872 52.
667 2845 688 2860 “
707 2844 769 2871 ibid.
784 2844 827 2870 55.

1079 2239 1196 2267 ἐνταῦθα
1213 2239 1345 2273 δύναμις⁹
1362 2238 1421 2265 οὐδὲ
1438 2239 1455 2273 ἡ
1466 2239 1516 2270 τῆς
1530 2239 1618 2272 χαρᾶς
1634 2238 1663 2264 ὲν
1693 2238 1759 2273 ἡμῖν
1784 2237 1866 2271 δῆλον

1077 2283 1110 2320 ἦν
1129 2285 1215 2319 ὁπόση
1229 2293 1272 2316 τις
1285 2282 1328 2319 ἦν,
1344 2283 1362 2310 ἃ.
1383 2283 1470 2317 φιλεῖν
1490 2283 1543 2309 ἔδει
1559 2283 1606 2310 καὶ
1633 2281 1673 2316 οἷς
1696 2282 1803 2318 χαίρειν
1831 2280 1866 2318 ἦν

1079 2331 1117 2366 μὴ
1133 2331 1285 2366 παρόντων,
1302 2330 1361 2357 οὐδὲ
1381 2331 1394 2356 ὁ
1411 2329 1458 2356 τοῦ
1486 2329 1569 2356 πόθου
1601 2329 1700 2364 δεσμὸς
1723 2329 1865 2363 γνώριμος

1077 2377 1137 2403 οὐδὲ
1151 2377 1180 2402 τὸ
1194 2377 1248 2411 πῦρ
1259 2377 1330 2403 ὅσον.
1347 2373 1400 2402 Ἦν
1420 2377 1475 2410 γὰρ
1491 2376 1520 2401 τι
1538 2375 1707 2408 ποθούμενον
1719 2374 1843 2408 οὐδαμοῦ
1857 2382 1864 2389 ·

1076 2423 1132 2454 τοῖς
1147 2423 1175 2448 δὲ
1190 2422 1372 2457 γευσαμένοις
1387 2421 1433 2448 τοῦ
1452 2421 1579 2455 Σωτῆρος
1595 2421 1662 2447 αὐτὸ
1694 2421 1811 2455 πάρεστι
1833 2421 1867 2447 τὸ

1078 2467 1255 2502 ποθούμενον,
1279 2468 1347 2502 προς
1358 2467 1388 2494 δν
1401 2468 1415 2493 ό
1428 2467 1599 2502 ἀνθρώπινος
1610 2466 1681 2502 ἔρως
1710 2467 1806 2501 ὥσπερ
1823 2468 1865 2498 είς

1077 2514 1178 2541 κανόνα
1192 2515 1251 2540 τινὰ
1270 2514 1317 2540 καὶ
1330 2513 1392 2548 ὅρον
1408 2512 1618 2545 κατεσκευάσθη
1644 2511 1675 2538 τὸ
1708 2512 1737 2545 ἑξ
1763 2511 1865 2546 ἀρχῆς,

1077 2560 1204 2594 καθάπερ
1223 2559 1358 2593 θησαυρὸς
1374 2559 1444 2585 οὕτω
1465 2558 1564 2592 μέγας,
1582 2557 1653 2584 οὕτω
1671 2557 1763 2592 εὐρὺς,
1792 2557 1865 2583 ὥστε

1078 2606 1144 2632 Θεὸν
1160 2604 1343 2637 ὑποδέξασθαι
1363 2604 1521 2638 δυνηθῆναι.
1543 2603 1626 2630 Ταῦτ’
1641 2604 1694 2638 ἆρα
1723 2603 1770 2629 καὶ
1795 2604 1867 2630 πάν-

1078 2660 1132 2678 των
1148 2652 1312 2686 τυγχάνουσι
1332 2651 1385 2676 τῶν
1401 2651 1429 2676 ὲν
1443 2649 1482 2684 τῷ
1497 2650 1547 2684 βίῳ
1569 2649 1659 2676 καλῶν
1670 2657 1677 2665 °
1691 2649 1778 2680 οὐδείς
1803 2649 1866 2675 ἐστι

1082 2699 1171 2732 κόρος,
1192 2698 1244 2723 οὐδ¹
1263 2698 1370 2731 ἵστησιν
1385 2696 1461 2722 οὐδὲν
1478 2696 1527 2730 τὴν
1554 2695 1713 2729 ἐπιθυμίαν,
1733 2695 1790 2721 ἀλλ’
1824 2694 1867 2721 ἔτι

1080 2744 1211 2778 διψῶμεν,
1228 2744 1322 2777 ὥσπερ
1346 2744 1369 2769 εί
1391 2742 1485 2777 μηδενὶ
1501 2743 1630 2776 παρῆμεν
1648 2738 1684 2768 ὧν
1702 2740 1866 2773 ἐποθοῦμεν.

867 2843 966 2870 "Ibit.
990 2844 1034 2870 54.
1072 2844 1096 2863 ⁸³
1112 2844 1181 2871 l’sal.
1199 2851 1291 2876 χχχιιι,
1312 2843 1338 2870 4.
1379 2842 1482 2870 "Psal.
1504 2850 1602 2874 xum.
1623 2842 1652 2869 9.
