1976 3074
125 150 175 181 5M

640 154 688 183 DE
713 154 800 185 VlTA
822 153 862 182 IN
882 152 1049 181 ClIRlSTﬂ
1067 153 1128 182 LIB
1163 154 1199 183 li.

1692 152 1745 184 56?.

128 207 161 233 Ἤ
175 207 231 242 γὰρ
246 209 300 235 τῶν
320 209 497 245 ἀνθρωπίνων
513 211 607 247 ψυχῶν
636 212 699 246 δίψα
719 211 832 246 ἀπείρου
854 209 904 235 δεῖ-

957 215 1028 240 mus,
1060 215 1092 234 ac
1121 207 1143 234 si
1171 207 1239 234 nihil
1264 207 1484 235 desideratorum
1514 206 1740 234 obtinuissemus.

121 254 169 280 ταί
187 262 259 285 τινος
276 255 372 287 ὕδατος
383 264 390 271 ·
410 257 423 283 ό
437 257 466 283 δὲ
483 258 584 292 κόσμος
598 255 675 290 οὗτος
702 257 907 293 πεπερασμένος

122 300 238 334 ἀρκέσαι
251 300 284 336 δὴ
301 301 359 332 πῶς
372 301 474 329 δύναιτ’
488 303 536 336 ᾶν;
556 304 610 330 Καὶ
634 303 713 330 τοῦτό
741 303 824 335 ἐστιν,
840 303 906 336 ὅπερ

122 343 137 369 ὸ
153 343 254 378 Κύριος
271 345 418 373 αἰνίττεται
444 347 512 381 πρὸς
529 347 579 377 τὴν
605 347 788 383 Σαμαρείτιδα
803 347 906 381 λέγων·

128 398 137 414 ι
161 388 190 415 ’0
208 390 295 416 πίνων
315 391 347 417 ἐκ
367 390 414 417 τοῦ
441 391 536 423 ὓδατος
559 392 653 419 τούτου
682 392 790 427 διψήσει
806 391 886 418 πάλιν
898 400 905 407 ·

122 435 151 466 ὃς
165 434 186 461 δ’
198 436 232 462 ἂν
255 436 304 472 πίῃ
317 437 348 463 ὲκ
361 437 408 464 τοῦ
422 437 527 470 ὓδατος,
544 435 574 465 οὗ
594 439 649 472 ὲγὼ
662 438 739 465 δώσω
769 438 853 473 αὐτῷ,
876 437 906 463 οὐ

126 480 164 513 μὴ
179 480 281 516 διψήσῃ
309 482 350 513 είς
367 481 412 508 τὸν
437 482 533 510 αἰῶνα.
551 492 560 508 ›
591 483 677 510 Τοῦτο
703 482 756 518 γάρ
788 484 845 509 ἐστι
877 483 908 508 τὸ

123 523 207 559 ὕδωρ,
231 525 246 552 ό
256 526 307 561 τὴν
320 527 467 561 ἐπιθυμίαν
481 528 572 563 ἵστησι
588 528 642 555 τῶν
665 528 841 563 ἀνθρωπίνων
856 528 908 563 ψυ-

124 570 190 605 χῶν.
212 579 222 596 ι
236 571 465 607 Χορτασθήσομαι
492 576 556 609 γὰρ,
573 574 663 609 φησιν,
677 575 706 600 ὲν
729 574 767 608 τῷ
793 573 908 609 ὀφθῆναί

123 623 169 649 μοι
183 615 231 650 τὴν
250 616 330 649 δόξαν
348 625 407 644 σου.
432 627 441 644 ι
463 619 516 645 Καὶ
531 620 585 654 γὰρ
600 619 737 654 ὀφθαλμὸς
765 620 814 654 μὲν
829 627 908 647 κατε-

121 661 261 697 σκευάσθη
276 659 332 694 οἷος
349 663 416 698 πρὸς
430 664 460 690 τὸ
474 664 531 698 φῶς
542 665 668 700 ἀρκέσαι,
690 666 738 692 καὶ
752 666 821 700 ἀκοὴ
839 666 906 701 πρὸς

121 705 216 740 ἤχους,
232 706 279 733 καὶ
291 707 406 734 ἕκαστον
417 706 457 740 οἷς
473 709 603 744 ἁρμόττει
615 718 622 725 ·
651 710 740 745 ψυχῆς
761 711 790 737 δὲ
813 711 908 738 ἐπιθυ-

123 751 173 786 μία
189 752 257 786 πρὸς
271 753 317 780 τὸν
336 755 454 789 Χριστὸν
468 755 538 782 ἵεται
554 756 643 791 μόνον.
665 758 719 784 Καὶ
739 758 769 784 τὸ
791 758 906 784 κατάλυ-

127 804 165 830 μα
181 797 260 823 τοῦτό
276 797 349 824 ἐστιν
370 799 450 834 αὐτῇ,
465 799 504 826 ὅτι
531 801 577 826 καὶ
605 801 704 835 ἀγαθὸν
720 803 766 828 καὶ
792 802 906 837 ἀλήθεια

121 841 169 867 καὶ
189 841 288 876 ὁτιοῦν,
304 839 342 869 ὦν
355 844 428 870 ἐστιν
445 845 524 879 ἔρως,
541 846 619 879 μόνος
636 847 703 874 ἐστί.
717 848 825 874 Τούτων
847 848 906 875 ἓνε-

121 886 218 912 κακαὶ
248 887 349 914 κωλύει
381 889 444 920 τοὺς
468 889 600 924 τυχόντας
625 891 701 917 οὐδὲν
717 892 816 926 φιλεῖν,
845 894 906 919 ὅσον

121 931 224 966 ἔρωτος
240 933 269 964 ἐξ
285 934 372 968 ἀρχῆς
389 936 448 966 ταῖς
460 935 559 970 ψυχαῖς
581 937 700 972 ὲνετέθη,
722 938 769 964 καὶ
791 939 906 974 χαίρειν,

125 977 188 1004 ὅσον
211 978 324 1006 δύναται
351 981 456 1015 χαίρειν
472 982 487 1016 ἠ
501 982 591 1015 φύσις,
608 983 653 1009 καὶ
673 984 699 1010 εῐ
713 992 738 1010 τι
754 985 907 1020 πρσέθηκεν

120 1024 214 1055 αὐτοῖς
229 1025 312 1061 ἀρετὴ
335 1028 382 1053 καὶ
397 1028 427 1054 τὸ
445 1029 492 1063 τῆς
513 1030 715 1065 ἀναγεννήσεως
739 1031 821 1067 ὕδωρ.
845 1032 907 1060 Ἐπὶ

123 1070 173 1104 μὲν
188 1070 241 1106 γὰρ
263 1072 316 1099 τῶν
332 1073 360 1098 ἐν
377 1073 414 1108 τῷ
444 1073 493 1109 βίῳ
512 1075 602 1103 καλῶν
617 1075 678 1103 οὔτε
692 1077 735 1104 τὸν
752 1077 839 1113 ἔρωτα
860 1078 907 1105 οὖ-

120 1125 150 1142 τε
164 1117 213 1151 τὴν
228 1118 315 1152 χαρὰν
332 1119 443 1153 ἐνεργὸν
464 1118 532 1147 εἶναι
545 1122 655 1154 δυνατὸν
668 1123 838 1158 ψευδομένων
856 1125 906 1159 τὴν

121 1162 301 1196 ἐπωνυμίανο
330 1164 354 1190 εἰ
380 1164 433 1199 γάρ
465 1173 491 1191 τι
519 1167 566 1193 καὶ
592 1167 664 1194 δοκεῖ
692 1169 782 1201 καλὸν,
806 1170 906 1204 φαῦλόν

122 1207 198 1233 ἐστιν
215 1207 324 1235 εἴδωλον
352 1208 398 1235 τοῦ
428 1210 553 1245 ἀληθοῦς.
573 1212 704 1239 Ἐνταῦθα
732 1214 770 1246 δὲ,
799 1215 906 1247 οὑδενῖς

120 1252 196 1285 ὄντος
211 1254 225 1280 ὃ
238 1254 364 1288 κωλύσει,
378 1256 534 1290 θαυμαστὸν
547 1259 593 1284 καὶ
612 1258 732 1294 ἄρρητον
754 1261 905 1287 διαδείκνυ-

121 1308 168 1326 ται
180 1300 335 1336 τὸιφίλτρον
361 1302 406 1328 καὶ
428 1303 529 1337 ήχαρὰ
552 1304 605 1330 οὐδ’
627 1305 676 1339 ὅση
705 1306 837 1340 μηνύσαι·
855 1308 905 1342 μά-

120 1344 200 1371 λιστα
226 1346 275 1379 μὲν
294 1346 334 1372 ὃτι
359 1345 426 1381 πρὸς
451 1347 547 1374 ἑαυτὸν
573 1349 703 1385 ἑκάτερον
728 1350 781 1377 τῶν
811 1351 905 1379 παθῶν

119 1389 223 1416 τούτων
239 1390 332 1422 ἔταξεν
346 1393 358 1418 ό
371 1392 446 1424 Θεὸς,
465 1393 507 1419 ἵνα
521 1394 600 1420 αὑτὸν
615 1395 663 1430 μὲν
676 1396 809 1430 φιλῶμεν,
830 1398 904 1433 αὖτῷ

119 1436 149 1462 δὲ
181 1436 322 1471 χαίρωμεν
357 1438 429 1473 μόνῳ
443 1447 451 1456 υ
474 1440 520 1465 καί
542 1440 615 1466 ἐστιν
639 1441 795 1474 ἀκόλουθον,
816 1440 903 1478 οἶμαι,

123 1481 203 1515 λόγον
217 1482 278 1509 τινὰ
300 1484 368 1518 προς
385 1484 415 1510 τὸ
437 1484 549 1520 ἄπειρον
564 1486 665 1519 ἀγαθὸν
690 1488 777 1515 ἐκεῖνο
794 1489 901 1523 σώζειν,

120 1525 169 1551 καὶ
184 1526 278 1552 τοῦτον
290 1526 327 1558 ὡς
340 1529 427 1554 εἰπεῖν
448 1529 493 1555 τὸν
513 1530 612 1564 τρόπον
624 1531 778 1567 σύμμετρον
790 1531 870 1560 εἶναι.

155 1569 305 1606 Σκοπῶμεν
328 1573 360 1608 δὴ
373 1574 402 1599 τὸ
426 1574 541 1608 μέγεθος
563 1577 633 1610 ὅσον,
650 1577 744 1605 ἔπειτα
761 1579 809 1613 τῆς
826 1580 908 1614 ὑπερ-

118 1617 204 1652 ϐολῆς
220 1618 330 1645 κάκεῖνο
346 1621 468 1655 σημεῖον.
491 1622 603 1648 Πάντων
629 1624 694 1657 γὰρ.
719 1621 757 1652 ὧν
784 1626 906 1661 ὑπῆρξεν

120 1664 160 1693 είς
174 1664 248 1697 ἡμᾶς
263 1664 384 1698 ἀγαθῶν,
401 1666 484 1700 μόνην
498 1667 614 1701 ἀμοιϐὴν
628 1669 720 1704 ἠγεῖτο
736 1670 764 1696 τὸ
781 1671 905 1706 φίλτρον,

120 1710 166 1735 καὶ
179 1709 258 1735 τοῦτο
274 1711 339 1743 παρ’
349 1711 426 1745 ἡμῶν
439 1712 463 1738 εί
476 1712 563 1744 λάϐοι,
574 1713 633 1739 λύει
646 1715 674 1740 τὺ
686 1716 777 1749 χρέος·
790 1716 804 1743 ὃ
817 1718 906 1745 τοίνυν

119 1754 241 1788 ἀπείρων
265 1755 342 1782 ἐστὶν
365 1757 530 1792 ἀντίρροπον
553 1759 662 1792 ἀγαθῶν
689 1761 764 1796 ποιρά
794 1770 825 1796 γε
847 1764 906 1798 θεῷ

118 1801 245 1836 δικαστῇ,
267 1802 326 1833 πῶς
341 1803 389 1838 οὐχ
399 1803 550 1838 ὐπερφυές;
568 1805 701 1841 Πρόδηλον
716 1807 744 1833 δὲ
755 1808 796 1835 ὅτι
809 1810 842 1844 τῇ
856 1810 906 1845 τῆς

119 1847 231 1881 ἀγάπης
248 1848 382 1883 ὑπερδολῇ
401 1850 572 1877 παντάπασιν
602 1851 749 1886 ἐφάμιλλος
771 1854 787 1888 ἠ
812 1855 903 1890 χαρά’

119 1901 155 1919 κα
179 1892 217 1927 τῷ
233 1893 336 1929 φίλτρῳ
353 1894 496 1928 συμϐαίνει
515 1896 558 1922 διὰ
587 1897 694 1924 πάντων
708 1898 738 1925 τὸ
749 1899 845 1933 γάννος
859 1902 905 1927 καὶ

118 1939 262 1966 ἀκολουθεῖ
276 1940 397 1974 μεγίστῳ
418 1942 555 1976 μέγιστον.
571 1943 704 1969 ’Φαίνεται
740 1945 828 1971 τοίνυν
844 1948 904 1979 ταῖς

118 1984 303 2019 ἀνθρωπίναις
318 1985 427 2020 ψυχαῖς,
447 1987 557 2021 ἀγάπης
587 1989 635 2015 καὶ
662 1990 750 2024 χαρᾶς
781 1991 904 2026 μεγάλην

117 2029 179 2055 τινὰ
206 2030 253 2056 καὶ
276 2030 436 2066 θαυμαστὴν
465 2033 624 2060 ἀποκεῖσθαι
657 2035 833 2071 παρασκευὴν
856 2038 903 2063 xui.

117 2076 253 2110 παρόντος
266 2075 314 2102 τοῦ
330 2076 368 2108 ὡς
387 2077 494 2111 ἀληθῶς
516 2079 656 2114 χαρίεντος
683 2081 730 2107 καὶ
758 2081 902 2117 ἀγαπητοῦ

116 2121 269 2156 τηνικαῦτα
284 2122 384 2153 τελέως
399 2123 511 2158 ἐνεργὸν
534 2123 620 2151 εἶναι·
638 2125 685 2152 καὶ
713 2126 790 2153 τοῦτό
816 2128 901 2162 ἐστιν,

116 2168 189 2201 ὅπερ
224 2169 311 2202 χαρὰν
336 2169 350 2195 ό
373 2170 468 2204 Σωτὴρ
493 2171 711 2206 πεπληρωμένην
737 2174 824 2201 καλεῖ.
850 2174 901 2200 Διὰ

115 2211 204 2238 ταῦτα
229 2213 275 2239 καὶ
300 2213 346 2239 τοῦ
379 2214 535 2248 Πνεύματος
557 2215 776 2250 ἐπιδημήσαντος
803 2217 903 2252 ὁτῳοῦν

116 2258 165 2283 καὶ
182 2257 237 2284 τῶν
251 2258 335 2284 αὐτοῦ
355 2259 515 2293 μεταδόντος
531 2259 583 2286 τῶν
611 2261 783 2295 ἀνασχόντων
798 2262 904 2289 ἐκεῖθεν

117 2303 243 2338 καρπῶν,
261 2304 295 2330 τὰ
309 2304 421 2340 πρώτην
437 2305 532 2340 ἔχοντα
566 2306 643 2338 τάξιν
667 2308 760 2340 ἀγάπη
775 2308 831 2333 ἐστὶ
857 2309 904 2334 καὶ¹

117 2351 199 2385 χαρά.
226 2350 283 2377 ιὈ
312 2352 366 2386 γὰρ
392 2352 498 2385 καρπὸς
531 2352 577 2378 τοῦ
608 2353 776 2388 Πνεύματος,
810 2355 904 2390 φησιν,

116 2396 226 2430 ἀγάπη,
243 2396 330 2431 χαρά·
349 2406 358 2422 ι
376 2398 406 2423 τὸ
421 2397 449 2423 δὲ
470 2398 564 2431 αἴτιον,
579 2398 620 2424 ὅτι
644 2398 722 2425 τοῦτο
733 2399 839 2433 πρῶτον
865 2400 907 2427 ατ-

116 2441 217 2474 σοησιν
247 2441 345 2467 ἑαυτοῦ
373 2443 488 2477 παρέχει
516 2445 575 2474 ταῖς
609 2444 707 2478 ψυχαῖς
736 2445 875 2480 ἐπιδημῶν
892 2447 905 2472 ό

116 2487 196 2516 θεός,
217 2487 418 2524 ᾼίσοινόμενος
434 2488 462 2514 δὲ
482 2489 528 2515 τοῦ
554 2490 655 2523 ἀγαθοῦ
673 2491 719 2516 καὶ
742 2491 828 2525 φιλεῖν
858 2492 905 2518 καὶ

116 2532 226 2566 χαίρειν
248 2533 367 2568 ἀνάγκη,
383 2534 443 2559 ἐπεὶ
470 2535 516 2560 καὶ
540 2535 703 2569 σωματικῶς
735 2538 830 2570 φανεὶς
848 2539 904 2570 τοῖς

117 2578 274 2612 ἀνθρώποις
290 2579 370 2605 τοῦτο
397 2580 508 2613 πρῶτον
527 2580 592 2615 παρ’
609 2582 687 2616 ἡμῶν
716 2583 828 2618 ἀπῄτει,
856 2585 904 2620 τὴν

117 2624 268 2657 ἐπίγνωσιν
279 2625 328 2660 τὴν
344 2625 441 2652 ἑαυτοῦ
455 2633 461 2640 '
481 2628 526 2652 καὶ
542 2626 620 2653 τοῦτο
632 2628 767 2660 ἐδίδασκε,
781 2629 829 2656 καὶ
843 2631 905 2656 τοῦ·

116 2677 149 2694 το
163 2670 275 2702 εἰσῆγεν
288 2670 380 2704 εὐθὺς,
401 2671 500 2704 μᾶλλον
529 2672 556 2698 δὲ
573 2672 617 2698 διὰ
641 2673 719 2700 τοῦτο
737 2674 833 2709 μέχρις
864 2676 906 2702 αἰ-

118 2714 244 2748 σῦήσεως
256 2713 322 2749 ἦλθε
337 2718 384 2742 καὶ
401 2717 470 2751 ὑπὲρ
497 2717 591 2744 τούτου
616 2718 645 2744 τὸ
668 2720 722 2745 πᾶν
742 2720 901 2754 εἰργάσατο.

120 2768 128 2784 ι
143 2760 198 2786 Καὶ
213 2761 267 2796 γὰρ
284 2761 324 2792 είς
340 2761 429 2794 τοῦτο,
447 2763 524 2798 φησι,
541 2764 706 2799 ’γεγέννημαι
722 2766 768 2792 καὶ
783 2767 822 2797 εἰς
842 2767 903 2793 τοῦς

157 2850 180 2866 ⁸⁵
196 2849 276 2877 Joan.
296 2857 332 2883 IV,
350 2851 393 2884 Η,
415 2851 456 2878 l5.
494 2852 516 2868 ⁸⁸
535 2853 604 2881 l‘sat'.
622 2862 675 2887 xw,
694 2854 734 2881 l5.
774 2855 794 2870 ⁸⁷
812 2854 907 2881 Matth.
926 2863 971 2887 ιιι,
990 2855 1015 2882 7.

958 253 1117 280 Animarum
1142 253 1241 288 quippe
1257 253 1437 280 humanarum
1460 253 1520 280 sitis
1538 254 1657 287 quadam
1673 261 1743 287 aqua

959 299 1064 326 inlinita
1091 299 1222 334 indiget:
1252 299 1297 326 cui
1327 301 1445 326 mundus
1475 299 1527 325 iste
1563 298 1658 325 ﬁnitus
1697 298 1744 332 qui

959 345 1047 380 possit
1060 344 1185 372 sufﬁcere
1201 344 1213 370 ?
1240 344 1272 371 Et
1289 346 1340 371 hoc
1354 349 1396 371 est
1412 344 1482 378 qttod
1501 343 1632 370 Dominus
1647 344 1744 370 tectius

958 391 1137 418 Samaritana:
1156 391 1193 417 ait
1211 400 1216 417 :
1240 397 1251 415 ι
1267 390 1319 422 Qui
1339 390 1437 416 biberit
1452 397 1483 416 ex
1502 390 1552 416 hac
1564 397 1645 423 aqua.
1670 389 1744 418 sitiet

959 436 1069 463 iterum.
1098 436 1150 468 Qui
1179 441 1269 463 autem
1295 435 1396 462 biberit
1416 443 1448 462 ex
1477 442 1558 469 aqua,
1589 442 1670 467 quant
1695 442 1743 468 ego

958 483 1029 510 dabo
1044 482 1078 514 ei,
1092 490 1146 509 non
1163 482 1238 509 sitiet
1254 483 1280 508 in
1303 486 1433 520 aaternnm
1448 482 1481 508 ⁸⁵.
1502 490 1511 507 ι
1532 481 1595 508 Πίος
1615 481 1686 507 enim
1701 485 1743 506 est

958 536 1048 564 aqua,
1076 536 1138 564 qute
1161 528 1315 555 animarum
1343 528 1525 555 humanarum
1559 526 1741 561 appetentiam

959 576 1046 603 sedat.
1083 583 1092 600 ι
1112 573 1248 606 Satiabor,
1268 573 1367 608 inquit.
1392 580 1455 600 cum
1481 572 1636 607 apparuerit
1657 571 1741 606 gloria

960 625 1005 646 tua
1019 619 1052 646 ⁵⁸.
1070 628 1079 645 ›
1096 619 1203 646 Etenim
1218 619 1323 646 'oculus
1347 623 1523 652 comparatus
1550 622 1591 644 est
1615 616 1660 644 illc
1682 616 1743 650 qui-

958 665 1031 697 dem,
1050 669 1076 692 ut
1094 665 1127 692 ad
1145 665 1235 692 lumen
1260 664 1464 698 percipiendum
1490 662 1615 694 sutiiciat,
1643 666 1669 688 et
1694 669 1742 687 att-

958 710 1025 737 ditio
1037 711 1069 737 ad
1081 717 1188 742 sonum,
1205 714 1232 737 et
1247 709 1459 744 unumquodque
1472 709 1572 743 quibus
1589 707 1716 742 congruit
1733 715 1740 733 :

958 757 1055 783 anima
1090 760 1181 782 autem
1215 755 1382 783 desiderium
1420 756 1454 781 ad
1492 754 1630 781 Christum
1657 753 1742 779 fertur

958 802 1057 833 solum,
1070 806 1096 828 ct
1111 802 1160 828 hoc
1177 802 1215 828 illi
1231 800 1413 828 diversarium
1427 809 1435 832 ;
1461 799 1525 834 quia
1541 805 1564 825 et
1582 799 1695 828 bonum,
1716 803 1742 823 ct

958 847 1070 879 veritas,
1091 851 1118 874 et
1134 847 1319 881 quodcunque
1340 845 1467 877 amabile,
1490 845 1566 872 solus
1580 849 1632 871 est.
1655 843 1741 876 Quem

958 894 1003 928 qui
1025 893 1142 921 assecuti
1161 897 1235 924 sunt,
1259 899 1306 919 eos
1336 891 1402 918 nihil
1428 891 1538 924 impedit
1568 897 1669 919 amare,
1693 897 1742 922 pro

957 946 990 966 eo
1005 943 1124 972 quantus
1139 945 1214 964 amor
1230 939 1265 964 ab
1288 937 1365 964 initio
1389 936 1534 963 animabus
1553 939 1596 962 est
1620 933 1740 964 insitus;

957 989 982 1010 et
995 983 1113 1018 gaudere
1130 987 1262 1017 quantum
1279 987 1378 1008 natttra
1402 981 1519 1015 gaudere
1536 984 1641 1014 potest;
1668 983 1694 1005 et
1718 979 1740 1004 si

957 1029 1020 1064 quid
1045 1029 1111 1063 ipsis
1133 1030 1220 1055 virtus
1246 1033 1273 1055 et
1291 1027 1507 1063 regenerationis
1536 1034 1606 1061 aqua
1630 1026 1740 1060 adjecit.

957 1073 984 1100 ln
1004 1074 1083 1101 bonis
1109 1073 1182 1101 enim
1205 1074 1267 1100 vitae
1289 1073 1383 1106 huius,
1408 1079 1506 1099 nomen
1530 1071 1738 1102 mentientibus,

957 1129 1046 1156 neque
1070 1128 1145 1148 amor
1171 1127 1258 1154 neque
1281 1119 1409 1154 gaudium
1427 1118 1519 1153 vigere
1544 1121 1641 1151 potest.
1673 1115 1738 1142 Nam

956 1167 1006 1194 etsi
1025 1167 1091 1202 quid
1116 1166 1217 1193 bonum
1239 1167 1363 1198 videtur,
1388 1165 1468 1192 inane
1491 1163 1545 1191 veri
1572 1163 1635 1189 boni
1655 1162 1741 1189 simu-

956 1213 1061 1241 lacrum
1082 1217 1134 1240 est.
1159 1212 1208 1240 Hic
1232 1216 1321 1238 autem
1338 1218 1399 1238 cum
1416 1210 1483 1237 nihil
1499 1209 1535 1237 sit
1549 1208 1621 1244 quod
1640 1208 1739 1238 ubstt'l,

957 1257 1126 1284 admirabilis
1149 1261 1175 1283 et
1200 1255 1347 1282 ineﬂ‘abilis
1360 1262 1448 1286 amor,
1470 1258 1498 1281 et
1513 1253 1633 1280 Charitas
1656 1259 1742 1286 quan-

957 1307 1010 1330 tam
1026 1303 1115 1330 verbis
1133 1309 1222 1329 memo
1239 1301 1426 1335 descripserit,
1443 1298 1606 1326 ostenditur.
1625 1297 1741 1324 Maxime

955 1356 1017 1375 Cllm
1039 1348 1072 1374 ad
1094 1355 1123 1374 se
1141 1348 1230 1382 ipsum
1248 1351 1394 1380 utrumque
1410 1346 1507 1372 horttm
1527 1345 1674 1372 affectuum
1700 1344 1742 1369 in-

955 1394 1078 1422 stituerit
1105 1393 1188 1425 Deus,
1218 1397 1246 1419 ιιι
1274 1392 1365 1426 ipsum
1388 1391 1544 1428 diligamus,
1569 1397 1658 1424 eoque
1683 1389 1742 1415 solo

955 1439 1134 1475 gaudeamus.
1165 1438 1197 1465 Et
1212 1441 1253 1464 est
1277 1444 1457 1471 consequens.
1480 1440 1509 1463 ut
1533 1435 1673 1466 existimo,
1699 1441 1741 1460 ra—

956 1486 1055 1512 tionem
1077 1485 1224 1519 quamdam
1253 1484 1286 1510 ad
1305 1485 1404 1510 bonum
1432 1482 1496 1508 illud
1523 1481 1660 1508 inﬁnitum
1684 1487 1740 1506 ser-

919 1534 941 1565 ρ
957 1539 1032 1563 vare,
1048 1536 1075 1558 et
1094 1532 1176 1568 hunc,
1192 1535 1221 1557 ut
1238 1530 1356 1557 breviter
1373 1529 1472 1559 dicam,
1491 1528 1601 1554 modum
1616 1535 1686 1554 r559.

995 1576 1204 1604 Consideremus
1219 1575 1313 1610 igitur,
1329 1578 1429 1608 quanta
1446 1573 1480 1600 sit
1496 1573 1556 1608 ejus
1572 1572 1740 1606 magnitudo.

959 1621 1059 1649 Deinde
1082 1621 1251 1649 excellentize
1275 1623 1302 1647 et
1324 1619 1390 1646 illud
1410 1618 1519 1653 signum
1540 1621 1591 1644 est.
1612 1616 1740 1643 Omnium

957 1667 1029 1695 enitn
1047 1667 1194 1698 bonorum,
1219 1665 1370 1701 quaa'ultro
1396 1664 1473 1691 nobis
1499 1662 1628 1698 praebuit,
1655 1662 1741 1688 solam

957 1713 1204 1748 compensationem
1231 1712 1308 1738 ducit
1335 1718 1469 1747 amorem,
1494 1717 1576 1744 quem
1591 1710 1644 1736 sia
1663 1708 1743 1736 nobis

957 1759 1092 1792 retulerit,
1109 1758 1220 1785 nomina
1242 1758 1383 1792 expuugit.
1408 1757 1460 1790 Qui
1479 1764 1543 1791 ergo
1562 1756 1642 1783 bonis
1664 1756 1743 1781 innu-

957 1804 1133 1830 merabilibus
1147 1803 1204 1837 pari
1217 1803 1290 1830 velut
1302 1803 1422 1836 pondere
1439 1802 1594 1838 respondet,
1606 1801 1743 1836 quomodo

957 1849 1027 1882 apud
1043 1847 1125 1875 Deum
1140 1848 1261 1883 judicem
1278 1856 1332 1875 non
1350 1848 1386 1875 sit
1399 1843 1744 1874 excellentissimusHleri

958 1898 1015 1921 tum
1029 1898 1069 1921 est
1087 1900 1182 1929 porro,
1195 1892 1325 1926 gaudium
1344 1899 1454 1926 mquare
1473 1892 1586 1918 omnino
1599 1890 1743 1918 charitatis

956 1938 1192 1977 magnitudinem,
1223 1942 1251 1965 et
1282 1938 1368 1964 amori
1397 1937 1570 1972 conjunctam
1601 1943 1663 1964 esse
1696 1943 1743 1970 per

956 1986 1047 2012 omnia
1068 1985 1247 2022 voluptatem,
1275 1989 1301 2011 et
1325 1983 1476 2010 maximum
1505 1982 1632 2009 comitari
1657 1981 1744 2008 maxi-

956 2038 1039 2057 mam.
1053 2029 1146 2064 itaque
1155 2030 1282 2056 humanis
1295 2029 1441 2055 animabus
1453 2027 1599 2055 charitatis
1615 2031 1641 2053 et
1651 2026 1742 2060 gaudii

954 2076 1088 2110 insignem
1106 2076 1252 2111 quamdam
1269 2080 1295 2103 et
1309 2074 1498 2102 admirabilem
1525 2073 1668 2100 materiam
1683 2079 1744 2098 csse

954 2122 1115 2161 repositam,
1142 2127 1168 2149 et
1197 2126 1331 2157 prasente
1354 2128 1417 2148 vere
1437 2119 1553 2154 pulchro
1582 2123 1608 2146 et
1632 2118 1743 2148 dilecto,

954 2167 1171 2195 cﬂicacissimatn
1191 2175 1252 2195 esse
1269 2170 1352 2203 patet.
1375 2167 1410 2194 Et
1427 2166 1478 2193 hoc
1492 2169 1535 2192 est
1554 2165 1629 2200 quod
1649 2164 1744 2191 Salva-

917 2201 943 2231 D
957 2216 999 2240 tor
1012 2213 1141 2247 gaudium
1156 2201 1372 2246 pleuumvvoeat.
1389 2220 1398 2236 ι
1417 2210 1513 2248 Petito,
1536 2219 1545 2236 ι
1564 2210 1666 2244 inquit,
1687 2218 1695 2235 ι
1717 2214 1743 2234 et

956 2259 1106 2295 accipietis,
1130 2263 1160 2285 ut
1185 2258 1314 2292 gaudium
1340 2261 1460 2284 vestrum
1486 2257 1522 2283 sit
1549 2256 1659 2290 plenum
1675 2255 1709 2281 ⁸⁷.
1733 2265 1741 2281 ι

957 2305 1130 2339 Quapropter
1147 2311 1208 2331 cum
1226 2303 1346 2339 Spiritus
1360 2310 1469 2338 quoque
1491 2302 1621 2334 venisset,
1638 2309 1743 2332 suaque

959 2353 1029 2379 dona
1043 2352 1213 2389 contulisset,
1229 2352 1366 2378 fructuum
1382 2351 1446 2378 inde
1470 2350 1617 2377 orientium
1640 2348 1743 2384 primas

961 2399 1124 2432 charitasﬁet
1137 2398 1266 2433 gaudium
1283 2399 1415 2425 tulerunt.
1430 2406 1439 2423 ι
1460 2396 1578 2424 Fructus
1594 2396 1667 2423 enim
1682 2395 1744 2430 Spi-

962 2445 1041 2477 ritus,
1060 2453 1069 2470 ›
1097 2444 1195 2479 inquit,
1222 2454 1231 2469 ι
1257 2448 1299 2471 est
1325 2443 1465 2478 gaudium,
1482 2448 1509 2470 et
1533 2443 1654 2470 Charitas
1677 2442 1709 2468 ⁸⁸.
1733 2451 1741 2467 ι

960 2491 1021 2517 Ideo
1049 2490 1183 2522 videliCct,
1206 2490 1279 2525 quod
1301 2491 1327 2517 in
1354 2490 1395 2517 his
1417 2490 1533 2524 primunt
1560 2496 1672 2516 sensum
1701 2488 1742 2515 sui

960 2536 1046 2571 ipsius
1058 2537 1201 2563 animabus
1215 2535 1317 2570 prmbet
1330 2536 1477 2563 adveniens
1491 2535 1572 2562 Deus.
1588 2534 1744 2562 Sentleutes

959 2582 1030 2608 enim
1051 2582 1116 2608 illud
1133 2582 1232 2608 bonum
1264 2587 1291 2608 ct
1317 2589 1410 2609 amare
1436 2586 1463 2609 ct
1489 2581 1607 2616 gaudere
1632 2587 1745 2607 necesse

959 2632 1010 2655 est.
1028 2628 1160 2661 Quoniam
1177 2633 1202 2655 ιι
1219 2627 1306 2655 forma
1332 2629 1490 2662 aspcctahili
1517 2627 1674 2654 hominibus
1696 2635 1744 2661 ap—

961 2681 1068 2706 parens.
1091 2674 1142 2700 hoc
1156 2674 1261 2708 signum
1280 2675 1427 2707 agnitionis
1443 2681 1498 2700 sum
1511 2681 1525 2700 a
1548 2673 1628 2700 nobis
1647 2673 1742 2706 exigit.

959 2718 991 2745 Et
1016 2720 1066 2746 ltoe
1081 2719 1184 2752 docuit,
1206 2725 1232 2746 et
1250 2721 1300 2746 hoc
1318 2720 1409 2747 statim
1436 2719 1559 2750 induxit;
1584 2718 1625 2745 vel
1651 2718 1742 2752 potius

959 2771 1069 2800 propter
1085 2766 1135 2793 hoc
1150 2767 1182 2793 ad
1196 2774 1306 2793 sensum
1324 2775 1409 2802 usque
1426 2775 1455 2794 se
1471 2766 1592 2796 demisit,
1613 2769 1640 2794 et
1663 2765 1744 2800 huius

1056 2857 1077 2870 "
1092 2856 1180 2883 Guiat.
1197 2865 1222 2887 ν,
1239 2857 1283 2883 '22.
