1976 3074
247 147 298 179 567

848 152 1001 182 NICOLAI
1022 153 1065 182 CA
1072 153 1215 183 BASleE

1812 150 1859 181 568

246 202 373 231 tristibus
388 203 695 240 dominatur:jucunda
721 210 812 233 autem
838 214 888 233 nec
914 206 1032 239 trahere,

1095 206 1140 233 :Ew
1151 207 1235 242 ἡδέων
1247 206 1394 240 ἡττηθῆναι
1408 206 1520 233 δυνατὸν
1531 204 1574 241 ἦν·
1590 205 1636 232 καὶ
1644 205 1720 240 γάρὴ
1732 205 1782 240 μὲν
1796 208 1857 240 χαρὰ

245 256 296 277 nee
318 250 468 278 dissolvere
496 255 572 278 tanta
601 250 627 278 vi
651 251 753 279 amoris
779 257 984 286 coagmentatos
1007 257 1034 279 ct

245 295 411 323 constrictos
428 300 554 330 possunt.
582 296 639 323 Hoc
665 301 708 324 est
725 297 897 333 baptismatis
923 306 1001 333 opus,
1019 305 1034 325 a

245 341 364 377 peccatis
395 341 547 374 absolvere,
584 343 687 370 homini
730 343 814 371 Deum
845 344 1034 377 reconciliare,

247 387 303 414 Deo
315 387 452 415 hominem
473 387 612 422 adoptare.
628 389 738 416 oculum
753 389 898 417 animabus
915 389 1035 423 aperire,

245 433 367 461 divinum
380 433 486 461 radium
504 434 661 469 degustare,
676 440 715 466 et,
732 439 761 462 ut
785 435 866 462 simul
889 435 990 466 dicam,
1003 434 1036 461 ad

247 478 366 506 futuram
385 479 469 506 vitam
493 487 659 515 praeparare.
691 481 785 516 Itaque
811 486 882 508 recte
908 480 1035 513 facimus,

246 524 310 551 dum
326 524 351 551 ei
366 525 551 559 generationis
571 533 683 558 nomen,
697 531 724 553 et
751 526 875 554 eamdem
898 526 1037 554 notionem

246 569 372 598 habentia
396 570 573 605 imponimus.
596 571 629 598 Et
642 571 750 599 demum
782 571 829 599 Dei
854 571 1037 606 cognitionem

246 615 273 642 in
289 615 434 643 animabus
448 616 616 644 initiatorum
631 617 732 645 exoriri
750 618 826 647 facit,
844 625 905 653 quae
918 622 960 646 est
971 618 1038 650 vita,

246 658 331 692 l'asis,
344 660 420 687 radix
436 660 513 688 vitae:
527 662 626 696 partim
646 662 706 697 ipso
722 662 865 690 Salvatore
877 662 1037 694 aﬂirmante,

245 709 376 732 aeternam
404 705 499 738 vitam,
540 707 567 734 in
603 709 795 742 cognoscendo
829 708 917 736 solum
946 716 1039 736 verum

249 750 345 784 Deum,
360 755 475 785 etquem
491 751 665 780 misitJesutn
678 753 818 780 Christum
829 753 953 786 ",sitam
967 760 1040 786 csse;

247 796 346 830 partim
358 796 390 823 ad
410 797 493 824 Deum
516 797 664 826 Salomone
684 799 810 826 dicente:
840 799 932 827 «Scire
947 804 984 831 te.
998 807 1042 827 ra-

248 842 295 869 dix
306 842 519 870 immortalitatis
529 843 582 870 ⁸³.»
604 843 680 876 Quod
696 845 719 872 si
738 848 765 871 et
777 845 846 872 ratio
871 845 1041 880 adiungenda

247 892 302 921 est,
317 890 378 922 quis
402 889 500 922 nescit,
520 896 611 916 veram
632 889 778 917 essentiam
798 890 1043 926 excellentiamque

249 934 391 962 hominum
413 935 441 962 in
475 935 527 962 hoc
552 935 630 970 ipso,
672 936 698 962 in
727 935 914 963 ratiocinando
940 936 1043 964 scilicet

250 984 275 1008 rt
291 981 484 1015 cognoscendo
501 982 619 1017 positam
639 982 721 1010 esse?
737 982 816 1015 Quod
829 982 853 1009 si
879 982 915 1009 ita
943 989 996 1015 est,
1014 983 1041 1010 in

250 1026 369 1054 Omnium
384 1027 486 1062 optima
504 1027 660 1063 cognitione
686 1027 792 1062 utique,
823 1032 850 1056 et
865 1035 880 1054 a
897 1028 1041 1056 mendacio

251 1073 336 1099 libera
350 1074 437 1108 posita
467 1073 559 1101 fuerit.
587 1074 631 1101 Dei
644 1079 734 1101 autem
756 1074 853 1101 notitia
883 1074 954 1109 (ipso
975 1082 1042 1102 ocu-

251 1118 307 1145 lum
327 1119 425 1147 anima:
438 1119 577 1154 aperiente
601 1125 628 1147 et
655 1119 689 1147 ad
712 1127 742 1147 se
770 1121 960 1153 convertente)
979 1128 1040 1154 quae

251 1166 370 1201 cognitio
383 1165 488 1199 melior,
502 1171 529 1193 et
541 1166 575 1193 ab
603 1166 676 1194 omni
693 1173 785 1193 errore
808 1165 925 1201 purior?
937 1165 986 1194 llic
1001 1172 1043 1194 est

253 1211 263 1238 l'
266 1216 359 1240 ructus
369 1212 552 1248 baptismatis.

1085 251 1139 278 τῶν
1152 251 1271 285 ἀνιαρῶν
1281 251 1455 286 κατεκράτει,
1469 251 1504 278 τὰ
1513 251 1540 278 δὲ
1551 251 1616 286 ἡδέα
1626 250 1688 277 οὔτε
1698 250 1811 277 enim
1825 247 1857 276 εί-

1085 306 1132 333 χεν
1149 297 1210 325 οὔτε
1224 298 1336 325 ἐκλῦσαι
1347 298 1466 334 τοσαύτῃ
1475 298 1588 332 δυνάμει
1596 297 1650 324 τῶν
1659 297 1779 332 φίλτρων
1793 305 1855 323 συνε·

1088 344 1193 376 στῶτας
1209 344 1255 371 καὶ
1268 344 1436 378 δεδεμένους.
1447 344 1535 371 Τοῦτο
1560 343 1607 370 τοῦ
1633 343 1820 378 βαπτίσματος
1834 341 1860 368 τὸ

1087 390 1186 424 ἔργον·
1206 390 1350 425 ἁμαρτιῶν
1378 389 1525 422 ἀπολῦσαι,
1545 389 1684 424 ἀνθρώπῳ
1712 389 1779 415 Θεὸν
1805 396 1863 414 κατ-

1088 435 1212 469 αλλάξαι,
1230 435 1290 469 Θεῷ
1314 435 1360 462 τὸν
1374 435 1519 470 ἄνθρωπον
1546 436 1716 469 εἰσποιῆσαι,
1731 433 1865 468 ὀφθαλμὸν

1091 483 1149 512 ταῖς
1163 481 1263 516 ψυχαῖς
1280 481 1393 513 ἀνοῖξαι,
1411 482 1462 515 τῆς
1485 480 1560 511 θείας
1574 481 1694 512 ἀκτῖνος,
1712 479 1741 505 τὸ
1761 478 1866 513 σύμπαν

1089 527 1187 559 εἰπεῖν,
1199 527 1266 561 πρὸς
1275 527 1320 552 τὸν
1329 526 1460 561 μέλλοντα
1471 526 1528 561 βίον
1537 525 1756 560 παρασκευάσαι.
1769 523 1867 550 Οὐκοῦν

1089 573 1181 600 είχότα
1195 573 1339 607 ποιοῦμεν,
1349 572 1434 607 δνομα
1448 572 1521 606 αὐτῷ
1535 572 1674 606 τιθέμενοι
1687 570 1814 604 γέννησιν
1826 569 1868 595 καὶ

1089 620 1108 647 ἃ.
1124 619 1170 646 τὸν
1186 618 1370 646 ῐσονσδύναται
1392 618 1482 652 λόγον,
1496 617 1531 644 τά.
1548 626 1577 644 τε
1591 617 1657 645 ἄλλα
1683 617 1730 643 καὶ
1751 616 1791 643 ὅτι
1805 614 1868 642 Θεοῦ

1090 665 1191 699 γνῶσιν
1205 665 1265 696 ταῖς
1278 664 1379 699 ψυχαῖς
1395 663 1537 690 ἀνατέλλει
1564 663 1619 689 τῶν
1634 661 1819 696 τελουμένων.
1835 661 1870 686 Τὸ

1091 711 1119 737 δέ
1144 711 1204 737 ἐστι
1227 709 1286 744 ζωὴ
1309 710 1357 736 καὶ
1371 710 1475 745 κρηπὶς
1503 710 1550 735 καὶ
1574 707 1637 743 ῥίζα
1657 706 1741 741 ζωῆς,
1771 706 1802 733 τὺ
1825 705 1871 740 μὲν

1091 757 1174 784 αὐτοῦ
1203 756 1252 784 τοῦ
1280 757 1406 791 Σωτῆρος
1421 755 1585 790 ὁρισαμένου
1604 754 1652 788 τὴν
1676 753 1786 779 αἰώνιον
1803 750 1871 784 ζωὴν

1092 804 1122 829 ὲν
1136 803 1174 837 τῷ
1188 802 1332 836 γινώσκειν
1347 801 1393 828 τὸν
1419 801 1499 836 μόνον
1531 799 1657 834 ἀληθινὸν
1685 798 1752 825 Θεὸν
1777 797 1822 824 καὶ
1844 796 1871 822 δν

1092 847 1254 874 ἀπέστειλεν
1275 845 1380 881 Ἰησοῦν
1408 845 1536 880 Χριστὸν,
1563 843 1594 870 τὸ
1609 844 1638 870 δὲ
1654 843 1723 877 πρὸς
1743 842 1790 868 τὸν
1805 841 1869 868 Θεὸν

1093 894 1141 920 τοῦ
1154 885 1335 928 ’Σολομῶντος
1348 892 1482 923 εἰπόντος,
1502 900 1511 917 ι
1527 891 1564 917 Τδ
1582 889 1734 917 ὲπίστασῦα
1754 889 1794 921 σὲ,
1813 888 1872 923 ῥίζα

1093 937 1252 969 ἀθανασίας.
1268 947 1277 963 ι
1299 937 1330 964 El
1343 936 1372 963 δὲ
1386 936 1426 962 δεῖ
1442 935 1601 971 προσθεῖναι
1619 934 1666 960 καὶ
1678 932 1818 967 λογισμὸν,
1833 932 1873 963 τις

1093 984 1143 1010 οὐκ
1153 981 1219 1016 οἵδε,
1236 984 1266 1009 τδ
1280 982 1406 1017 ἀληθινὸν
1422 982 1493 1008 εἶναι
1506 981 1560 1007 τῶν
1574 979 1726 1014 ἀνθρώπων
1739 979 1785 1005 καὶ
1800 987 1874 1012 περι-

1093 1030 1164 1056 εῖναι
1178 1028 1259 1056 τοῦτο
1274 1028 1341 1055 αὐτὸ
1361 1026 1433 1054 εἶναι
1447 1027 1477 1053 τὸ
1489 1025 1644 1061 λογίζεσθαι
1660 1026 1706 1051 καὶ
1722 1024 1875 1057 γινώσκειν;

1095 1078 1126 1105 El.
1143 1078 1172 1104 δὲ
1191 1078 1221 1103 ὲν
1241 1077 1279 1112 τῷ
1293 1076 1449 1110 λογίζεσθαι
1463 1076 1511 1102 καὶ
1541 1074 1687 1109 γινώσκειν
1703 1073 1761 1102 τοῖς
1774 1069 1878 1105 ἀνθρὼ-

1096 1133 1159 1155 ποις
1179 1123 1239 1149 ἐστὶ
1264 1123 1294 1149 τὸ
1315 1119 1396 1155 εἶναι,
1420 1122 1463 1155 εῐη
1481 1121 1513 1148 ἂν
1526 1121 1554 1147 ὲν
1578 1121 1612 1155 τῇ
1641 1118 1736 1146 πασῶν
1754 1117 1879 1152 βελτίστῃ

1096 1169 1196 1204 γνώσει
1222 1169 1268 1195 καὶ
1297 1168 1410 1203 ψεύδους
1439 1165 1656 1202 ἀπηλλαγμένῃ·
1686 1164 1733 1191 τοῦ
1768 1163 1796 1189 δὲ
1831 1161 1876 1188 τὸν

1096 1215 1163 1242 Θεὸν
1188 1214 1345 1249 γινώσκειν,
1371 1212 1453 1240 αὐτοῦ
1477 1213 1523 1239 τον
1555 1211 1694 1246 ὀφθαλμὸν
1716 1210 1766 1244 τῆς
1791 1206 1878 1242 ψυχῆς

254 1256 333 1289 θεοῦ.
346 1258 388 1288 τίς
405 1258 439 1285 ἂν
451 1258 569 1286 καλλίων
594 1259 699 1293 γένοιτο
713 1268 813 1294 γνωσις
830 1261 877 1286 καὶ
898 1260 1081 1296 καθαρώτερα
1101 1262 1256 1296 ἀνοίγοντος
1287 1261 1335 1288 χαὶ
1360 1259 1428 1294 πρὸς
1457 1258 1553 1285 ἑαυτὸν
1589 1256 1801 1292 ἐπιστρέφοντος
1833 1254 1879 1281 τοῦ

262 1303 368 1338 πλάνης
390 1305 522 1340 (inda-qq;
544 1305 577 1332 Ἢ
596 1305 624 1332 δέ
655 1307 712 1333 tm
739 1307 787 1333 τοῦ
813 1307 1001 1342 βαπτίσματος
1017 1308 1133 1341 καρπός.

290 1351 437 1379 Ostensum
466 1357 506 1379 est
521 1360 604 1387 porro
629 1353 765 1381 hactenus
784 1374 792 1386 ,
807 1353 870 1381 vitae
884 1353 912 1381 in
933 1353 1045 1381 Christo

256 1398 420 1433 principium
430 1419 437 1430 ,
456 1399 635 1434 essentiazque
651 1403 679 1426 et
694 1399 757 1426 vita:
772 1399 925 1433 hominum,
939 1404 965 1426 et
977 1407 1046 1434 prai-

256 1444 365 1471 ntantiaa
387 1443 538 1471 secundum
570 1452 662 1472 veram
671 1444 767 1478 vitam,
783 1445 940 1481 mysterium
954 1445 1044 1481 bapti-

1136 1354 1337 1381 ’Δποδέδεικται
1355 1353 1408 1387 ἆρα
1439 1352 1483 1378 διὰ
1497 1351 1553 1378 τῶν
1568 1349 1722 1385 εἰρημένων
1738 1347 1879 1378 ἁπάντων,

1094 1402 1142 1436 τῆς
1158 1402 1187 1427 ἐν
1197 1400 1216 1426 Χ
1223 1399 1305 1436 ριστῷ
1315 1399 1387 1434 ζωῆς
1395 1398 1482 1434 ἀρχὴν
1490 1397 1590 1424 καὶτοῦ
1601 1394 1671 1423 εἶναι
1683 1396 1730 1422 καὶ
1745 1395 1795 1429 ζῇν
1814 1393 1880 1423 τοὺς

1094 1446 1254 1483 ἀνθρώπους
1265 1447 1312 1473 καὶ
1327 1447 1460 1479 περιεῖναι
1476 1444 1525 1479 τὴν
1537 1443 1623 1478 ἀληθῆ
1641 1442 1713 1476 ζωὴν
1728 1441 1775 1467 καὶ
1786 1439 1880 1466 οὐσίαν

257 1490 308 1517 smi
332 1497 444 1517 causam
473 1497 546 1518 esse.
567 1490 644 1523 Quod
675 1491 697 1518 si
718 1491 776 1519 haec
793 1499 846 1519 non
864 1492 890 1519 in
914 1492 1042 1520 omnibus

1095 1493 1126 1520 τὺ
1138 1492 1288 1527 μυστήριον
1304 1491 1390 1518 αἴτιον
1407 1488 1488 1517 εἶναι.
1501 1490 1531 1515 El.
1543 1489 1571 1515 δὲ
1589 1488 1627 1523 μὴ
1642 1488 1710 1514 πᾶσι
1724 1485 1810 1512 ταῦτα
1824 1485 1881 1515 τοῖς

256 1535 401 1570 baptizatis
425 1540 584 1569 cernuntur,
624 1544 678 1564 non
714 1537 844 1565 continuo
878 1537 1044 1566 inllrmitatis

258 1581 444 1608 damnandum
457 1585 499 1608 est
515 1582 687 1617 mysterium:
700 1583 747 1610 sed
761 1582 873 1611 initiatis
890 1583 950 1618 ejus
964 1583 1044 1619 culpa

258 1626 350 1653 damni
366 1627 511 1654 tribuenda
535 1632 588 1659 est,
602 1628 649 1662 qui
662 1632 709 1655 aut
723 1636 776 1655 non
795 1629 865 1656 bene
880 1630 913 1657 ad
929 1629 1045 1664 gratiam

259 1672 345 1706 parati
376 1672 441 1704 sint.
461 1676 508 1699 aut
539 1673 697 1701 thesaurum
729 1674 908 1709 prodiderint.
938 1675 1047 1708 Quanto

260 1718 333 1745 enim
359 1718 461 1751 iustius
486 1723 539 1752 est,
565 1719 712 1747 discrimen
732 1720 782 1747 hoc
797 1720 830 1747 ad
854 1721 929 1756 ipsos
945 1721 1047 1749 referre

260 1765 393 1798 initiatos,
423 1765 549 1793 dissimili
580 1767 661 1794 modo
687 1767 848 1801 baptismate
876 1775 952 1801 usos,
965 1775 1047 1803 quam

261 1811 441 1839 initiationem
464 1819 546 1839 unam
572 1812 750 1847 eamdemque
767 1813 793 1840 in
810 1813 938 1842 omnibus
952 1818 1048 1841 contra

261 1859 411 1885 accusare?
425 1857 535 1885 Certum
563 1864 605 1886 est
631 1859 715 1893 enim,
728 1867 816 1894 neque
829 1864 944 1892 naturae,
961 1867 1049 1894 neque

260 1903 463 1931 exercitationis
478 1903 613 1930 dictorum
624 1904 757 1932 bonorum
773 1905 925 1937 cumulum,
941 1905 986 1933 scd
1003 1905 1051 1933 ba-

261 1950 399 1983 ptismatis
430 1957 498 1984 opus
512 1958 583 1977 esse.
611 1949 671 1977 Jam
701 1950 723 1978 si
743 1956 768 1977 et
795 1951 962 1978 contrarium
987 1952 1050 1978 inde

263 1998 363 2030 evenit,
394 1999 532 2032 quomodo
561 2005 615 2025 non
650 2003 692 2026 est
725 1999 886 2031 absurdum,
905 1999 931 2026 id
962 1999 1049 2033 ipsum

263 2050 344 2078 posse
375 2042 540 2074 illuminare,
551 2048 579 2070 et
594 2051 648 2070 non
662 2043 758 2078 posse?
772 2044 935 2071 etcatlestcs
949 2044 1050 2076 facere,

263 2095 289 2116 ct
304 2089 390 2116 nihilo
422 2090 539 2117 terrenis
570 2089 745 2117 sublimiores
759 2090 771 2116 ?
787 2089 840 2117 Sed
855 2097 943 2124 neque
965 2089 1050 2117 solem

264 2136 506 2170 reprehendemus,
534 2143 585 2163 nec
619 2143 668 2171 pro
695 2136 813 2163 obscuro
848 2128 1059 2168 damnabimus,‘

1098 1538 1305 1575 βαπτιζομένοις
1316 1537 1467 1568 ἀκολουθεῖ,
1480 1536 1622 1563 ἀσθένειαν
1649 1534 1679 1560 οὺ
1694 1533 1815 1566 προσῆκε
1829 1539 1881 1557 χα-

1096 1585 1234 1619 ταγνῶναι
1248 1584 1295 1611 τοῦ
1314 1584 1467 1619 μυστηρίου
1477 1591 1484 1598 ·
1498 1583 1554 1613 τοῖς
1573 1581 1601 1607 δὲ
1618 1579 1796 1614 τελουμένοις
1807 1577 1883 1610 λογι-

1100 1631 1178 1658 στέον
1200 1631 1260 1657 ἐστὶ
1290 1630 1321 1657 τὺ
1354 1630 1451 1661 πάθος.
1469 1628 1485 1663 ἢ
1506 1628 1543 1663 μὴ
1558 1625 1832 1661 παρεσκευασμένοις
1852 1620 1882 1649 εὖ

1098 1677 1168 1712 πρὸς
1192 1676 1242 1711 τὴν
1262 1675 1352 1711 χάριν,
1377 1675 1393 1710 ἢ
1412 1673 1542 1710 προδοῦσι
1566 1673 1612 1699 τὸν
1638 1670 1788 1706 θησαυρῦν.
1804 1669 1885 1702 Πόσῳ

1098 1722 1153 1757 γὰρ
1178 1720 1327 1756 ἀξιώτερον
1350 1720 1398 1755 τὴν
1425 1719 1557 1754 διαφορὰν
1588 1717 1690 1751 ταύτην
1717 1716 1757 1746 εἰς
1784 1713 1886 1745 αὐτοὺς

1098 1769 1210 1802 ἀνάγειν
1236 1768 1299 1798 τοὺς
1323 1767 1501 1799 τελουμένους
1522 1765 1653 1799 διάφορον
1672 1763 1773 1796 τρόπον
1784 1760 1824 1794 τῷ
1838 1760 1888 1795 βα-

1099 1815 1231 1849 πτίσματι
1267 1810 1569 1848 χρησαμένους,ἢτὴν
1599 1808 1721 1841 τελετὴν,
1752 1807 1818 1840 μίαν
1856 1806 1887 1830 ὲν

1101 1860 1188 1888 ἅπασι
1202 1860 1247 1886 καὶ
1261 1858 1308 1894 τὴν
1318 1859 1404 1892 αὐτὴν
1414 1857 1507 1888 οὖσαν,
1519 1856 1574 1882 τῶν
1585 1854 1714 1881 ἐναντίων
1725 1851 1868 1879 αἰτιᾶσθαι
1881 1871 1888 1883 ,

1100 1907 1237 1942 Πρόδηλον
1255 1906 1303 1940 μὲν
1316 1905 1381 1940 γάρ,
1393 1904 1430 1935 ὡς
1444 1903 1507 1930 οὔτε
1533 1902 1642 1936 φύσεως
1663 1899 1726 1926 οὔτε
1740 1899 1891 1932 ἀσκήσεως

1105 1955 1119 1980 ὁ
1134 1954 1188 1980 τῶν
1202 1953 1356 1988 εἰρημένων
1377 1952 1488 1984 ἀγαθῶν
1502 1950 1600 1984 σωρὸς,
1628 1947 1697 1975 ἀλλά
1718 1946 1765 1973 τοῦ
1790 1945 1893 1980 βαπτί-

1102 2007 1205 2034 σματος
1229 1998 1309 2033 ἔργον
1321 2006 1329 2014 ·
1351 1998 1375 2023 εί
1401 1997 1430 2023 δὲ
1465 1995 1512 2021 καὶ
1531 1993 1686 2020 τούναντίον
1702 1992 1818 2021 ἐκεῖθεν,
1832 1990 1894 2021 πῶς

1101 2045 1153 2071 οὐκ
1164 2045 1265 2072 ἄτοπον
1281 2044 1312 2069 τὸ
1330 2042 1395 2069 αὐτὸ
1413 2041 1461 2068 καὶ
1475 2040 1605 2068 δύνασθαι
1624 2038 1756 2074 φωτίζειν
1771 2038 1821 2064 καὶ
1842 2037 1893 2071 μὴ,

1102 2091 1149 2117 καὶ
1165 2089 1308 2124 οὐρανίους
1326 2088 1415 2114 ποιεῖν
1426 2088 1474 2114 καὶ
1488 2086 1565 2113 οὐδὲν
1581 2085 1636 2111 τῶν
1663 2085 1765 2119 γηΐνων
1784 2083 1894 2117 ὑψηλο-

1101 2138 1197 2172 τέρους
1208 2135 1294 2169 ;Ἀλλ“
1307 2134 1369 2161 οὔτε
1388 2134 1434 2160 τον
1446 2133 1522 2168 ἥλιον
1539 2130 1718 2167 μεμψόμεθα,
1734 2129 1789 2156 οὐδ’
1807 2128 1843 2156 ἂν
1856 2128 1897 2159 ὡς

263 2183 326 2217 quia
360 2183 466 2210 radium
485 2182 543 2217 ejus
553 2189 608 2209 non
635 2189 730 2209 omnes
753 2181 890 2216 aspiciunt
906 2189 914 2213 ;
933 2181 967 2208 ab
982 2180 1043 2214 aspir

1106 2182 1227 2216 ἀφανοῦς
1244 2181 1436 2214 καταγνοῐμεν,
1457 2179 1498 2205 ὅτι
1525 2178 1577 2216 μὴν
1590 2177 1639 2211 τὴν
1663 2176 1761 2202 ἀκτῖνα
1790 2174 1899 2203 πάντες

264 2229 399 2256 cientibus
414 2229 503 2264 potius
530 2228 659 2264 suffragia
691 2229 861 2263 colligemus.
890 2227 946 2255 Nec
977 2232 1050 2255 recte

265 2274 422 2307 fecerimus.
448 2275 471 2302 si
511 2274 739 2303 illuminationem
782 2274 856 2301 aliud
888 2281 967 2308 posse
1004 2281 1048 2300 ar-

266 2321 438 2355 bitrabimur,
469 2329 551 2356 quam
586 2321 612 2349 id
639 2321 740 2356 ipsum,
780 2320 851 2348 unde
892 2319 1054 2355 appellatur.

301 2412 324 2428 "
336 2411 414 2442 Joan.
432 2420 497 2446 mi,
515 2412 542 2441 5.
597 2412 621 2428 ’⁸
640 2412 703 2447 Sap.
721 2420 765 2442 xv.
778 2411 804 2437 5.

1105 2228 1216 2263 ὁρῶσιν,
1231 2226 1285 2253 ἀπὸ
1301 2227 1328 2252 δὲ
1344 2225 1399 2252 τῶν
1423 2224 1551 2260 ὁρώντων
1577 2222 1627 2253 τὰς
1642 2222 1752 2256 ψήφους
1766 2219 1899 2254 οἴσομεν,

1103 2273 1165 2299 οὔτε
1179 2271 1209 2298 τὸ
1225 2271 1354 2305 φώτισμα
1370 2269 1464 2296 εἰκότα
1478 2268 1512 2296 ἂν
1528 2269 1664 2302 ποιοῖμεν,
1690 2267 1754 2294 ἄλλο
1770 2274 1796 2291 τι
1810 2264 1900 2291 δύνα-

1111 2319 1174 2346 σθαι
1188 2317 1350 2353 νομίσαντες
1365 2316 1382 2352 ἦ
1397 2315 1465 2343 αὐτὸ
1481 2314 1560 2341 τοῦτο
1571 2313 1633 2341 ὅθεν
1649 2313 1695 2340 κα)
1702 2313 1787 2339 simu.
