1976 3074
112 169 168 201 569

649 177 697 206 ')E
714 177 801 208 VlTA
824 177 862 208 ΙΝ
884 177 1047 209 CHRISTO
1066 179 1139 210 LIB.
1161 179 1216 210 ΙΙΙ.

1689 177 1741 209 570

841 256 960 262 _._.—.
1053 254 1728 264 ..Μ-.-

356 329 553 393 ’ΠΕΡΙ
581 331 752 395 ΤΗΣ
789 332 889 394 ΕΝ
929 333 1238 396 ΧΡΙΣΤΩ
1274 332 1501 396 ΖΩΗΣ

705 453 890 496 ΛΟΓΟΣ
926 453 1136 496 ΤΡΙΤΟΣ.

523 535 595 563 Τίνα
610 537 791 564 συντέλειαν
804 537 882 572 αὐτῇ
897 538 1060 573 παρέχεται
1076 538 1110 566 τὸ
1127 539 1210 567 θεῖον
1223 540 1332 574 μύρον.

520 660 619 723 DE
654 661 851 727 VITA
888 662 968 725 IN
999 663 1344 727 CHRISTO

666 787 844 832 LIBER
903 788 1182 836 TERTIUS.

306 881 406 919 Quam
435 879 464 909 ei
514 877 683 909 utilitatem
713 886 835 908 sacrum
871 882 1082 917 unguentum,
1119 883 1182 911 sive
1227 881 1363 912 chrisma
1400 884 1552 922 conferat.

155 1005 233 1032 Οὕτω
242 1005 269 1031 δὲ
289 1001 483 1038 πνευματικῶς
505 1001 657 1029 συστάντας
673 1001 720 1027 καὶ
745 999 841 1026 τοῦτον
857 1009 902 1034 γε-

989 1001 1035 1029 Sic
1051 1009 1132 1036 porro
1146 1002 1323 1036 spiritualiter
1338 1002 1501 1030 fabrefactos
1512 1003 1579 1038 jam,
1592 1008 1618 1031 et
1630 1003 1663 1030 ad
1674 1003 1747 1030 hunc

116 1061 200 1087 τεννη
205 1051 301 1086 μένους
315 1049 361 1075 τὸν
371 1048 470 1083 τρόπον
485 1047 532 1074 καὶ
545 1047 686 1082 ἐνεργείας
702 1046 849 1072 ἀκόλουθον
869 1046 902 1072 ἂν

117 1097 162 1132 είη
173 1095 328 1129 τυγχάνειν,
341 1093 455 1128 ἣτοιᾷδε
471 1092 598 1126 γεννήσει
611 1092 756 1126 προσήκει,
770 1091 817 1117 καὶ
829 1091 906 1125 κινή-

119 1150 190 1172 σεως
218 1139 401 1174 καταλλήλουι
430 1137 486 1165 Καὶ
514 1137 594 1164 τοῦτο
622 1137 690 1173 ἡμῖν
707 1138 723 1171 ἡ
747 1136 844 1172 τελετὴ
857 1137 904 1162 τοῦ

118 1185 260 1213 θειοτάτου
291 1183 403 1211 δύναται
430 1182 535 1217 μύρου·
556 1182 604 1208 καὶ
625 1182 680 1216 γὰρ
691 1181 819 1216 ἐνεργοὺς
834 1181 906 1208 ποιεῖ

118 1232 169 1259 τὰς
185 1229 371 1265 πνευματικὰς
385 1228 538 1263 ἐνεργείας,
560 1227 605 1254 τὸν
619 1227 668 1262 μὲν
690 1228 804 1261 ταύτην,
815 1227 861 1252 τὸν
876 1227 904 1253 δὲ

121 1276 244 1310 ἐκείνην,
254 1274 299 1301 τὸν
313 1274 342 1300 δὲ
357 1274 477 1305 πλείους,
489 1273 527 1304 ὡς
539 1272 656 1304 ἕκαστος
672 1272 741 1307 πρὸς
752 1272 784 1298 τὸ
802 1272 906 1307 μυστή-

120 1329 180 1356 ριον
196 1319 251 1354 ἔχει
277 1317 467 1353 παρασκευῆς.
496 1317 550 1343 Καὶ
563 1317 668 1351 γίνεται
685 1316 733 1343 νῦν
746 1318 801 1348 τοῖς
814 1317 905 1343 λελου-

121 1365 225 1400 μένοις,
238 1364 306 1399 ὅπερ
321 1364 367 1389 ἐπὶ
379 1363 435 1397 τῶν
444 1363 587 1398 προτέρων
602 1362 707 1397 χρόνων
726 1362 755 1388 αί
770 1363 823 1389 τῶν
836 1363 905 1389 ἀπο-

121 1410 224 1436 στόλων
238 1410 328 1444 χετρες
340 1409 398 1440 τοῖς
420 1408 463 1435 ἐπ’
484 1408 595 1434 ὲκεὶνων
612 1407 905 1442 βαπτιζομένοις·’καὶ

119 1455 175 1489 γὰρ
205 1454 383 1481 ἐπιτιθέντων
407 1453 457 1486 τὰς
488 1454 582 1488 χεῖρας
600 1452 656 1479 τῶν
679 1453 837 1480 ἀποστόλων
850 1454 906 1484 τοῖς

121 1510 155 1535 με
161 1501 323 1536 μυημένοις,
333 1501 415 1535 φησὶ,
423 1500 454 1526 τὸ
467 1499 579 1534 Πνεῦμα
588 1499 699 1531 ἐδίδοτο,
711 1499 758 1525 καὶ
770 1499 815 1525 νῦν
825 1500 838 1525 ὁ
850 1499 906 1525 Πα-

121 1546 257 1581 ράκλητος
273 1545 431 1581 χριομένοις
444 1545 583 1580 ἐπιδημεῖ.
601 1545 746 1580 Τεκμήρια
768 1545 806 1571 δέ.
824 1544 904 1579 [1ρῶ-

119 1592 166 1619 τον
182 1593 231 1627 μὲν
255 1591 304 1619 τοῦ
328 1591 447 1619 παλαιοῦ
464 1591 547 1626 νόμου
564 1591 613 1618 καὶ
635 1590 764 1626 βασιλέας
784 1589 906 1625 χρίοντος

119 1637 166 1664 τὸν
183 1638 241 1663 ίσον
253 1637 355 1671 τρόπον
379 1637 428 1663 καὶ
444 1636 546 1671 ιερέας,
566 1638 580 1662 ὁ
597 1636 646 1670 τῆς
669 1635 836 1670 Ἐκκλησίσς
862 1635 905 1661 οε-

119 1683 189 1718 σμδς
217 1683 338 1714 ἐκείνους
365 1682 404 1717 τῷ
428 1681 505 1717 μύρῳ
531 1681 683 1715 βασιλεύων
702 1682 759 1712 τοῖς
786 1679 908 1715 ἱερεῦσιν

119 1727 259 1762 ἐπιτίθησι
287 1727 397 1762 χεῖρας,
413 1727 461 1754 καὶ
477 1726 527 1761 τὴν
554 1726 602 1753 τοῦ
627 1725 784 1760 Πνεῦματος
799 1724 909 1759 εὔχεται

119 1774 214 1809 χάριν,
230 1773 298 1808 ὅπερ
315 1773 373 1799 tot!
382 1773 548 1804 δεικνύντος,
562 1773 609 1798 καὶ
624 1771 704 1798 τοῦτο
718 1772 829 1798 κάκεῖνο
840 1771 907 1806 πρὸς

119 1821 207 1847 ταύτὰ
225 1821 318 1854 φέρειν
344 1820 392 1846 καὶ
418 1820 468 1853 τὴν
481 1818 567 1853 αὐτὴν
584 1817 668 1852 ἄμφω
692 1817 808 1851 δύναμιν
824 1817 906 1851 ἔχειν.

121 1867 239 1893 Ἔπειτα
264 1865 311 1892 καὶ
339 1865 393 1892 τῶν
421 1864 561 1899 ὀνομάτων
586 1863 762 1889 κοινωνοῦσιν
771 1862 907 1897 ἀλλήλοις,

121 1912 168 1939 καὶ
183 1911 287 1946 χρίσμα
303 1910 354 1945 μὲν
363 1911 464 1942 έκεῖνο,
474 1909 630 1943 πνεύματος
645 1908 674 1935 δὲ
683 1907 809 1934 κοινωνία
817 1906 906 1933 τοῦτο·

120 1958 173 1991 τήν
190 1965 220 1983 τε
235 1957 290 1992 γὰρ
303 1955 356 1982 τῶν
370 1954 466 1990 ἱερέων
482 1953 650 1989 χειροτονίαν
664 1953 690 1979 ot
708 1952 843 1979 Θειότατοι
853 1951 908 1978 τῶν

120 2003 218 2038 ἱερέων
238 2002 329 2038 κρίσιν
345 2001 471 2033 καλοῦσι,
489 2001 537 2026 καὶ
552 1999 670 2034 ἔμπαλιν
692 1997 739 2030 οὒς
754 1999 785 2025 τὺ
804 1998 908 2033 μυστή-

121 2059 180 2086 ριον
193 2048 241 2076 τοῦ
259 2048 346 2084 μύρου
363 2047 480 2078 τελοῦσι,
497 2045 645 2076 κοινωνοὺς
660 2044 706 2071 τοῦ
729 2044 808 2078 ἁγίου
825 2043 908 2070 Ilvati-

121 2103 206 2130 ματος
224 2092 352 2121 εἶναικαὶ
366 2092 490 2128 εὔχονται
512 2092 560 2122 καὶ
580 2090 750 2122 πιστεύουσι,
781 2088 828 2116 καὶ
857 2089 908 2124 τὴν

119 2139 243 2175 τελετὴν,
263 2140 277 2166 ὃ
289 2139 315 2165 τί
332 2138 399 2164 ποτέ
413 2139 483 2170 ἐστι,
494 2138 549 2167 τοῖς
562 2136 736 2171 τελουμένοις
752 2135 907 2166 δεικνύντες

120 2186 311 2219 πνευματικῆς
330 2185 433 2218 δωρεᾶς
448 2183 584 2218 σφραγῖδα
607 2181 729 2209 καλοῦσι.
744 2181 830 2207 Τοῦτο
852 2181 907 2215 γὰρ

119 2230 252 2265 ἐπᾴδουσι
264 2230 430 2265 χριομένοις.

159 2275 221 2302 Ἔτι
235 2274 264 2301 δὲ
281 2274 329 2301 καὶ
340 2274 457 2309 Χριστὸς
468 2274 550 2305 αὐτὸς
560 2274 574 2300 ό
586 2273 726 2307 Δεσπότης
740 2273 768 2299 οὐ
782 2271 860 2307 χεοὲν
873 2271 906 2306 τῇ

119 2321 228 2356 κεφαλῇ
241 2320 390 2355 δεξάμενος
403 2319 500 2354 μύρον,
516 2319 585 2346 ἀλλὰ
594 2319 637 2345 διὰ
649 2319 680 2345 τὸ
692 2317 803 2352 Πνεῦμα
815 2317 904 2351 ἅγιον,

118 2367 161 2393 ὅτι
179 2366 230 2400 τῆς
248 2365 436 2399 πνευματικῆς
453 2364 594 2399 ἐνεργείας
612 2364 722 2398 ἁπάσης
737 2363 787 2398 τῆς
803 2363 906 2398 σαρκὸς

119 2414 203 2440 ἕνεκα
219 2411 269 2447 τῆς
284 2411 486 2446 ἀναληφθείσης
503 2410 612 2444 ἐγένετο
629 2410 766 2445 θησαυρός
777 2418 785 2424 ·
814 2409 861 2436 καὶ
877 2409 908 2435 οὑ

120 2458 238 2494 Χριστὸς
253 2457 346 2492 μόνον,
365 2457 432 2484 ἀλλὰ
443 2456 491 2483 καὶ
505 2455 626 2491 χρίσμα·
647 2466 655 2481 ι
670 2456 763 2490 Μύρον
776 2455 842 2490 γὰρ,
861 2463 912 2489 φη-

122 2505 178 2536 σὶν,
202 2502 355 2530 ὲκκενωϐὲν
371 2502 457 2536 ὄνομά
474 2510 525 2534 σοι,
545 2510 554 2527 ι
581 2502 611 2527 τὸ
627 2502 676 2535 μὲν
691 2501 720 2533 ἐξ
730 2500 829 2536 ἀρχῆς,
845 2501 873 2526 τὸ
884 2501 909 2527 δ’

121 2551 248 2583 ὕστερον.
275 2549 345 2579 Ἕως
365 2548 414 2582 μὲν
427 2547 481 2582 γὰρ
497 2547 547 2573 οὐκ
567 2545 613 2582 ἦν,
639 2543 660 2580 ᾧ
672 2547 727 2573 τῶν
745 2546 829 2573 αὐτοῦ
846 2555 910 2581 μετ-

120 2596 224 2622 έδωκεν
239 2594 296 2620 ἂνό
313 2593 390 2626 Θεὸς,
408 2593 493 2628 μύρον
510 2590 544 2627 ἦν
560 2592 602 2626 ἐφ’
615 2591 714 2618 ἑαυτοῦ
731 2592 828 2626 μένον·
847 2592 910 2617 ἐπεὶ

119 2641 177 2675 δὲή
195 2639 317 2674 μακαρία
333 2639 450 2673 συνέστη
465 2639 534 2674 σὰρξ
552 2639 568 2671 ἡ
582 2639 631 2671 τῆς
645 2638 772 2672 θεότητος
785 2637 859 2664 ἅπαν
879 2637 909 2663 τὺ

121 2687 262 2722 πλήρωμα
274 2685 418 2720 δεξιμένη,
442 2682 471 2722 ᾖ,
496 2684 579 2719 φησὶν
594 2684 735 2718 Ἰωάννης,
753 2684 803 2710 οὐκ
817 2685 849 2710 ἐκ
863 2683 911 2718 μέ-

122 2741 187 2766 τρου
205 2732 319 2758 δέδωκεν
331 2733 345 2758 ὸ
361 2731 427 2762 Θεὸς
439 2731 468 2757 τὸ
484 2730 603 2765 πνεῦμα,
619 2730 707 2757 πάντα
720 2730 747 2756 δὲ
767 2730 812 2756 τὸν
826 2730 907 2764 ψυχι-

124 2780 171 2804 κὸν
187 2777 300 2811 ἐνέθηκε
318 2776 443 2809 πλοῦτον,
462 2776 612 2811 τηνικαῦτα
633 2777 672 2807 είς
690 2775 775 2810 αὐτὴν
790 2775 909 2802 ἐκκενω-

161 2883 192 2897 W
211 2882 272 2910 Διί.
294 2890 356 2914 vni,
366 2881 410 2912 58,
429 2881 480 2911 59;
498 2889 523 2913 κ,
545 2880 590 2913 47,
608 2880 650 2908 48.
708 2881 729 2897 ”
745 2881 823 2909 Cant.
842 2889 861 2910 ι.
876 2881 903 2908 5.

960 1045 1071 1072 modum
1103 1051 1257 1081 generatos.
1296 1047 1378 1073 etiam
1405 1047 1551 1080 actionem,
1577 1048 1745 1082 generationi

957 1091 1020 1118 huic
1040 1091 1257 1123 convenientem,
1282 1096 1309 1118 et
1330 1097 1434 1119 motum
1451 1098 1666 1120 consentaneum
1682 1101 1745 1120 sor-

956 1137 999 1164 tiri
1014 1138 1158 1172 oportebit.
1178 1137 1235 1165 lloc
1246 1138 1325 1165 nobis
1336 1138 1499 1165 divinissimi
1519 1139 1649 1173 unguenti
1664 1147 1746 1165 usur-

956 1184 1029 1219 patio
1057 1184 1186 1211 conciliat
1215 1184 1285 1218 quod
1310 1185 1336 1211 in
1373 1185 1564 1219 spititunlibus
1589 1185 1747 1212 ellicienliis

956 1230 1082 1258 efﬁcaces
1111 1230 1187 1261 facit,
1217 1231 1290 1258 hunc
1300 1231 1408 1264 quidem
1422 1231 1449 1258 in
1465 1231 1526 1263 hac,
1544 1232 1626 1258 alium
1646 1231 1672 1258 in
1690 1231 1746 1263 illa,

956 1276 1039 1302 alium
1062 1277 1088 1303 in
1112 1276 1247 1311 pluribus,
1267 1277 1422 1311 utquisque
1439 1277 1472 1304 ad
1489 1277 1645 1312 mysterium
1664 1284 1744 1311 para-

956 1327 999 1349 tus
1030 1323 1187 1349 accesserit.
1204 1322 1235 1349 Et
1264 1331 1337 1350 nunc
1356 1323 1478 1357 perinde,
1494 1328 1523 1350 ut
1544 1323 1664 1357 antiquis
1680 1327 1749 1350 tem-

957 1367 1079 1401 poribus,
1095 1367 1218 1394 initiatus
1236 1369 1336 1395 evenit.
1354 1368 1448 1395 Manus
1472 1369 1545 1396 enim
1559 1369 1746 1403 apostolorum

958 1411 1100 1445 baptizutis
1130 1412 1353 1446 imponebantur.
1383 1413 1450 1440 Nam
1467 1421 1529 1441 cum
1557 1414 1749 1448 imposuissent

958 1463 1055 1483 manus
1070 1456 1185 1490 apostoli
1210 1456 1337 1489 initiatis,
1357 1457 1394 1484 ait
1412 1457 1553 1491 Scriptura
1571 1457 1618 1489 η’,
1630 1457 1748 1491 Spiritus

957 1500 1081 1530 dabatur.
1107 1501 1138 1528 Et
1155 1509 1226 1529 nunc
1251 1502 1279 1528 in
1296 1509 1344 1529 eos
1356 1502 1402 1536 qui
1431 1502 1505 1529 uncti
1536 1507 1600 1529 sunt
1617 1502 1747 1530 similiter

957 1545 1114 1574 Paracletus
1138 1547 1223 1575 venit.
1247 1546 1332 1581 Cujus
1365 1547 1405 1574 rei
1419 1551 1481 1574 nota
1497 1552 1524 1574 et
1552 1548 1661 1582 signum
1695 1552 1747 1574 est.

958 1591 1026 1619 Cum
1047 1596 1124 1620 vetus
1150 1593 1191 1618 lex
1221 1599 1299 1627 reges
1314 1596 1341 1620 el.
1357 1593 1515 1620 sacerdotes
1528 1600 1606 1627 atque
1622 1597 1747 1627 ungeret,

964 1637 1091 1666 Ecclesiae
1120 1638 1162 1664 lex
1179 1637 1241 1665 illos
1255 1645 1372 1673 ungens,
1385 1638 1428 1666 bis
1445 1646 1542 1666 munus
1558 1639 1642 1666 etiam
1657 1638 1749 1673 impo—

961 1684 1012 1716 nit,
1037 1687 1064 1710 et
1081 1682 1214 1718 ,Spiritus
1244 1683 1358 1717 gratiam
1381 1684 1516 1711 auibobus
1545 1688 1681 1718 precatur;
1695 1689 1750 1717 quo

961 1728 1127 1761 ostenditur,
1155 1733 1182 1756 et
1211 1729 1263 1757 hoc
1287 1733 1315 1756 et
1343 1729 1406 1756 illud
1440 1730 1537 1757 eodem
1572 1733 1707 1764 spectare,
1723 1733 1751 1755 et

961 1775 1042 1801 ambo
1072 1774 1195 1802 eamdem
1228 1775 1281 1802 vim
1310 1775 1421 1802 habere.
1436 1775 1538 1802 Deinde
1551 1779 1577 1802 et
1593 1775 1750 1802 numinibus

961 1820 1033 1846 inter
1045 1827 1074 1847 se
1097 1819 1190 1846 al'ﬂnia
1212 1824 1275 1846 sunt
1293 1824 1319 1847 et
1335 1820 1401 1847 illud
1418 1821 1549 1851 chrisma,
1565 1823 1590 1846 et
1603 1820 1659 1847 hac
1672 1820 1751 1854 spiri-

962 1870 1006 1892 tus
1020 1864 1189 1892 communio.
1206 1864 1273 1892 Nam
1285 1869 1312 1891 et
1323 1865 1496 1892 sacerdotum
1511 1864 1748 1899 inaugurationem

961 1910 1128 1938 sanctissimi
1153 1904 1311 1937 sacerdotes
1334 1911 1436 1945 κρίσιν,
1458 1918 1468 1936 ι
1486 1909 1645 1937 unctionem
1674 1918 1683 1934 ι
1703 1916 1751 1942 ap-

962 1957 1127 1991 pellant;et
1160 1963 1268 1986 rursus,
1294 1957 1395 1991 quibus
1426 1955 1587 1991 mysterium
1618 1954 1749 1989 unguenti

961 2001 1117 2032 conferunt.
1137 2008 1184 2028 eos
1206 2000 1323 2035 Spiritus
1350 2000 1436 2028 sancti
1465 1999 1609 2033 participes
1647 2005 1709 2026 esse
1723 2002 1751 2024 et

961 2052 1117 2083 precantur,
1143 2051 1169 2074 et
1196 2048 1321 2074 credunt.
1355 2046 1388 2073 Et
1417 2045 1598 2073 iuitiationem
1609 2044 1674 2079 quid
1688 2049 1748 2070 tan—-

960 2093 1021 2120 dem
1046 2092 1091 2124 sit,
1122 2092 1262 2119 initiandis
1288 2096 1474 2126 exponentes,
1502 2089 1654 2124 spiritualis
1685 2089 1749 2115 dout

961 2137 1081 2172 sigillum
1099 2141 1195 2165 vocant
1206 2145 1214 2170 ;
1227 2137 1279 2164 boc
1291 2137 1363 2165 enim
1375 2144 1458 2171 super
1474 2135 1608 2171 ungendis
1624 2141 1748 2169 pronun-

961 2185 1041 2211 tiant.

997 2272 1128 2300 Przeterea
1152 2271 1279 2299 Christus
1309 2272 1365 2306 ipse
1382 2270 1524 2300 Dominus.
1537 2270 1583 2306 qui
1611 2277 1663 2297 non
1679 2269 1750 2297 etfu-

963 2327 1022 2346 sum
1053 2319 1079 2345 in
1105 2321 1185 2352 caput
1208 2322 1375 2352 unguentum
1404 2317 1519 2351 accepit,
1537 2316 1583 2343 sed
1599 2323 1646 2351 per
1662 2316 1750 2350 Spiri-

960 2370 1018 2392 tum
1047 2368 1171 2391 sanclum
1185 2367 1283 2390 unctus
1297 2367 1351 2393 est,
1375 2363 1507 2396 quoniatn
1521 2361 1672 2396 spiritualis
1686 2369 1752 2396 opes

959 2411 1072 2438 rationis
1085 2410 1186 2441 omnis,
1201 2415 1310 2444 propter
1323 2413 1487 2442 assumptam
1503 2416 1628 2440 carnem,
1641 2408 1750 2435 thesau-

962 2465 1009 2485 rus
1028 2456 1091 2488 fuit,
1102 2461 1130 2483 et
1147 2463 1200 2483 non
1228 2455 1354 2482 Christus
1369 2455 1469 2488 solum,
1487 2456 1534 2483 sed
1566 2460 1593 2483 et
1616 2455 1748 2482 chrisma:

963 2513 978 2528 ι
997 2501 1168 2536 Unguentum
1191 2499 1433 2534 etInsum,inquit,
1464 2508 1564 2527 nomen
1592 2500 1710 2531 tuum”,
1737 2508 1746 2524 ι

962 2549 1027 2577 illud
1055 2556 1070 2576 a
1097 2547 1242 2583 principio,
1259 2547 1309 2573 hoc
1337 2547 1485 2581 posterius.
1507 2547 1644 2580 Quamdiu
1677 2545 1749 2572 enitn

963 2602 1018 2621 non
1035 2597 1104 2625 erat,
1119 2593 1162 2620 cui
1178 2592 1249 2620 Deus
1259 2600 1308 2619 sua
1320 2592 1480 2627 impertiret,
1495 2597 1663 2626 unguentum
1678 2594 1750 2622 erat,

963 2639 988 2666 in
1004 2647 1033 2666 se
1051 2638 1110 2672 ipso
1121 2645 1244 2665 tuanens.
1260 2637 1407 2672 Postquam
1422 2642 1511 2665 autem
1534 2639 1611 2664 beata
1627 2636 1671 2663 illa
1685 2643 1750 2662 caro

962 2689 1003 2711 est
1024 2684 1145 2717 condita,
1170 2691 1232 2718 qua:
1261 2690 1368 2710 omnem
1385 2683 1581 2718 plenitudinem
1598 2680 1750 2708 divinitatis

966 2730 1094 2765 suscepit,
1110 2735 1139 2757 ut
1166 2729 1266 2756 Paulus
1282 2730 1320 2756 ait
1337 2730 1358 2762 ¹,
1376 2735 1402 2757 et
1419 2730 1462 2757 cui
1474 2737 1526 2756 non
1543 2728 1576 2756 ad
1591 2734 1748 2755 mensuram

964 2776 1038 2803 dedit
1055 2775 1126 2802 Deus
1159 2774 1298 2808 spiritum,
1329 2779 1358 2802 ut
1382 2773 1502 2802 Joannes
1527 2777 1641 2801 testatur
1652 2772 1674 2804 ²,
1700 2770 1749 2799 sed

962 2882 968 2898 '
988 2881 1094 2909 Coloss.
1114 2889 1133 2909 ι,
1162 2880 1202 2908 l9.
1254 2881 1263 2897 '
1281 2878 1359 2906 .loan.
1377 2885 1415 2906 in.
1433 2877 1478 2905 54-
