1976 3074
223 154 273 186 511

824 158 978 187 NlC-iLAl
999 159 1191 189 CAIHSILE

1781 156 1836 190 57‘2

223 223 319 244 omnes
335 220 437 242 natum
450 223 505 243 suae
518 215 625 243 divitias
641 215 667 242 in
680 223 738 242 eam
750 216 875 248 contulit,
893 222 957 242 tunc
975 217 1001 243 in

1060 217 1099 242 ὶὲν
1112 217 1162 251 ἤδη
1176 217 1206 243 τδ
1224 216 1310 251 μύρον
1324 216 1436 247 εἰκότως
1451 216 1557 251 χρίσμα
1574 214 1620 241 καὶ
1634 214 1691 241 ἔστι
1702 215 1749 240 καὶ
1760 214 1840 246 λέγε-

225 268 310 295 tpsam
326 260 438 288 eﬂ‘usum
452 261 508 296 jam
519 262 766 296 unguentum,jure
779 262 897 289 chrisma
909 267 935 290 et
950 267 1001 294 est,

225 312 251 334 et
279 307 444 335 nominatur.
460 308 525 334 Nam
539 308 747 341 communicari,
762 309 813 336 hoc
829 309 878 343 ipsi
895 313 921 336 et
932 310 1004 336 chri-

225 360 294 383 sma.
323 359 370 379 seu
397 358 562 386 unguentum
592 361 654 381 esse
671 373 679 385 ,
697 359 723 381 et
745 355 844 382 ell‘undi
873 355 933 382 fuit.
949 355 1004 383 Nec

224 399 296 425 enim
309 397 423 424 mutavit
447 398 546 429 locum,
563 407 612 426 nec
627 400 718 427 divisit
733 408 851 432 murum,
867 409 916 428 nec
931 405 1004 427 tran-

225 444 339 470 scendit:
354 444 399 471 sed
416 445 488 478 quod
507 445 594 478 ipsum
609 453 622 472 a
650 446 728 473 nobis
744 448 864 479 arcebat,
879 448 1005 482 quodque

225 489 340 522 ipsi-met
354 489 462 520 fecerat.
477 491 502 517 id
532 491 634 518 nullum
653 492 678 518 in
692 493 782 520 medio
798 493 916 527 reliquit.
934 493 1004 521 Deus

225 534 298 560 erim
316 535 349 561 ab
363 535 518 562 hominibus
539 544 591 563 non
623 537 682 564 loco
706 538 833 571 distabat,
850 539 896 573 qui
913 539 1005 573 implet

226 587 333 606 omnem
353 579 452 612 locum,
477 581 523 608 sed
538 581 688 609 differentia
719 583 846 614 distabat.
868 588 895 610 et
909 589 1004 612 natura

227 632 256 650 se
283 625 367 658 ipsam
393 625 444 652 sibi
475 633 488 652 a
511 626 566 653 Deo
580 628 698 659 arcebat,
717 628 864 656 diﬁerendo
878 629 1005 656 omnibus

227 677 288 703 qua:
304 670 432 703 habebat,
448 675 475 698 et
491 671 563 698 nulla
577 679 637 699 cum
654 680 686 700 eo
699 673 893 701 communitate
906 681 1004 701 conso-

228 716 307 742 ciata.
321 714 387 742 Nam
405 716 462 750 ipse
490 717 597 750 quidem
616 717 685 745 Deus
700 719 787 745 solum
808 718 890 751 Deus,
909 725 1005 747 natura

228 765 320 787 nostra
343 761 423 788 homo
443 765 546 788 tantum
564 767 632 789 erat.
652 762 699 789 Ubi
714 771 778 790 vero
792 771 857 790 cavo
870 764 1006 796 dedicata,

1055 271 1110 289 ται.
1127 263 1163 288 Τὸ
1179 262 1233 297 γὰρ
1249 262 1430 296 μεταδοθῆναι
1453 261 1532 288 τοῦτο
1547 259 1581 294 ἦν
1598 259 1672 294 αὐτῷ
1688 259 1791 294 χρίσμα
1809 267 1838 283 τε

1056 307 1182 342 γενέσθαι
1198 309 1244 334 καὶ
1259 307 1408 340 κενωθῆναι
1418 307 1463 332 ὀὗ
1478 307 1532 340 γὰρ
1548 305 1649 340 ἧμειψε
1664 305 1729 330 τόπο
1739 313 1755 334 ι,
1777 303 1838 329 οὐδὲ

1056 352 1135 379 διεῖλε
1146 353 1248 387 τεῖχος,
1264 351 1318 379 οὐδ’
1332 351 1463 387 ὑπερέϐη,
1475 351 1543 378 ἀλλὰ
1549 351 1578 376 τὸ
1588 351 1703 384 διεῖργον
1713 350 1839 382 τῶνὴμε-
1891 356 1894 359 ·

1057 397 1144 431 τέρων
1170 397 1261 428 αὑτὸν,
1287 397 1355 431 ὅπερ
1383 397 1464 427 αὐτὸς
1489 395 1634 427 ἀποδείξας
1660 395 1734 420 οὐδὲν
1749 395 1838 427 ἀφῆκε

1059 443 1148 476 μέσον.
1158 442 1319 476 ’Δνορώπων
1329 442 1382 476 γὰρ
1392 443 1405 469 ὁ
1418 442 1482 472 Θεὸς
1497 442 1526 468 οὐ
1540 441 1613 475 τόπῳ
1627 440 1765 474 διὲρερεν,
1779 440 1793 465 ὅ
1805 447 1836 470 γε

1059 489 1149 514 πάντα
1164 489 1247 514 τόπον
1265 488 1397 522 κατέχων,
1413 487 1480 514 ἀλλὰ
1505 486 1621 520 διαφορᾷ
1643 486 1774 514 διῖστατο,
1791 483 1838 510 καὶ

1057 535 1074 569 ἠ
1092 534 1172 568 φύσις
1185 534 1269 568 αὐτὴν
1285 533 1353 568 αὐτὴ
1370 533 1416 559 τοῦ
1430 533 1497 559 Θεοῦ
1515 533 1619 566 διεῖργε
1637 531 1676 565 τῷ
1698 532 1780 557 πᾶσιν
1797 527 1840 561 οἷς

1058 579 1113 614 εἶχε
1127 579 1265 614 διαφέρειν
1280 580 1326 605 καὶ
1341 579 1409 613 πρὸς
1433 579 1514 605 αὑτὸν
1541 577 1625 611 μηδὲν
1640 576 1729 603 χοινδν
1745 576 1816 610 ἔχειν
1830 583 1837 591 ο

1058 627 1099 653 ὅτι
1124 625 1190 656 Θεὸς
1219 625 1269 659 μὲν
1297 625 1377 656 αὐτὸς
1405 624 1497 659 μόνον,
1522 625 1539 658 ἡ
1554 623 1678 656 δὲφύσις
1698 622 1840 656 ἄνθρωπςς

1044 672 1150 706 ’μόνοιμ
1168 671 1246 698 Ἐπεὶ
1268 671 1297 697 δὲ
1310 670 1378 705 σὰρξ
1395 670 1510 704 tamen.
1526 670 1573 696 καὶ
1586 669 1665 704 φύσις
1688 667 1839 702 ἀνθρώπων

1060 718 1208 744 ὑπόστασιν
1228 716 1310 743 αὑτὸν
1332 716 1412 751 ἔλαχε
1429 716 1474 742 τὸν
1499 715 1575 745 Θεὸν.
1588 715 1620 740 τὸ
1635 714 1736 748 τειχίον
1753 713 1839 748 μύρον

1059 761 1180 797 ὑπῆρξεν
1195 762 1245 796 ἤδη
1259 770 1266 777 ·
1282 761 1329 788 καὶ
1341 762 1358 796 ἡ
1373 761 1491 796 διαφορὰ
1503 761 1595 795 ἐκείνη
1613 759 1706 795 χώραν
1721 759 1770 784 οὐκ
1783 759 1840 792 ἔχει

228 811 255 832 et
274 811 369 834 natura
393 807 512 835 humana
524 808 610 842 ipsum
629 808 711 836 Deum
729 810 896 844 hypostatice
911 810 1005 837 sortita

1060 808 1108 841 τῆς
1134 807 1198 841 μιᾶς
1227 807 1400 837 ὑποστάσεως
1428 806 1506 832 τοῦτο
1527 806 1577 840 μὲν
1598 804 1693 838 οὔσης,
1710 805 1798 830 ἐκεῖνο
1811 804 1838 829 δὲ

228 855 280 883 est,
306 859 401 880 mttrus
412 861 459 880 sett
483 853 570 887 paries
586 854 640 888 jam
666 860 831 889 unguentum
852 855 965 886 exstitit,
981 859 1007 882 et

1060 852 1219 886 γενομένης,
1235 853 1252 886 ἢ
1266 853 1315 886 τὴν
1339 851 1482 878 διάστασιν
1497 851 1546 885 τῆς
1573 850 1702 884 θεότητος
1719 850 1766 875 καὶ
1794 849 1841 874 ἀν-

228 900 374 927 discrimen
394 900 458 927 illud
471 900 560 927 locum
573 900 606 926 de
615 905 711 927 caetero
729 907 781 927 non
798 901 888 932 habet,
899 900 1007 935 quando

1060 898 1233 934 θρωπότητος
1255 899 1373 933 ἀναιρεῖ,
1391 897 1479 928 κοινὸς
1496 897 1559 932 ὄρος
1578 896 1716 931 *ἑκατέρας
1732 894 1840 928 φύσεως

229 953 281 972 una
299 946 461 980 hypostasis,
477 947 534 973 sive
545 946 735 978 subsistentia,
747 953 809 974 cum
821 945 888 973 illttd
898 946 1007 981 quidem

1060 942 1138 978 οὖσα,
1167 944 1229 970 ἐπεὶ
1256 944 1310 970 τῶν
1338 943 1490 970 διεστώτων
1514 943 1564 969 οὐκ
1585 941 1618 968 ἂν
1631 943 1735 975 γένοιτο
1752 941 1842 971 κοινῆς

228 995 312 1023 esset,
329 991 379 1018 hoc
408 991 478 1019 facta
507 997 549 1019 est
563 1000 570 1019 :
585 1000 645 1027 qua:
661 992 814 1027 hypostasis
834 992 1007 1019 intervallum

1061 991 1133 1026 δρος.

228 1037 492 1072 diremptionemque
520 1037 590 1065 inter
601 1038 720 1066 divinam
738 1039 940 1073 humanamque
957 1042 1082 1065 naturam
1094 1037 1172 1068 tollit,
1205 1038 1358 1064 communis
1387 1040 1490 1063 natura:
1519 1040 1663 1069 utriusque
1678 1076 1680 1078 Ι
1698 1036 1842 1063 terminus:

229 1084 362 1118 siquidem
384 1084 540 1112 distantium
560 1085 630 1111 haud
653 1085 900 1119 possitcommnnis
912 1086 1044 1112 terminus
1060 1083 1181 1118 reperiri.

264 1128 341 1156 Sicut
351 1136 426 1163 ergo,
444 1130 466 1156 si
496 1129 663 1157 alabastrum
690 1130 782 1164 aliquo
798 1131 913 1157 artiﬁcio
928 1134 1010 1164 queat

229 1173 256 1200 in
275 1178 441 1207 unguentum
457 1174 568 1206 mutari,
589 1179 617 1202 et
640 1175 667 1201 in
682 1175 768 1209 ipsum
787 1175 938 1207 lranslerri,
955 1183 1008 1202 non

231 1219 300 1245 ultra
313 1219 365 1246 erit
377 1219 438 1246 aliis
461 1219 729 1251 ineommunicabile,
757 1229 807 1247 ιιι-ρ
820 1221 901 1252 intra,
914 1228 965 1248 nec
981 1220 1007 1248 in

231 1272 260 1291 se
271 1265 330 1299 ipso
344 1272 466 1296 manens,
492 1266 586 1292 eodem
610 1266 693 1292 modo
705 1270 797 1293 nostra
815 1271 911 1292 natura
923 1265 949 1292 in
966 1265 1008 1292 di-

231 1311 294 1337 vino
311 1318 422 1345 corpore
437 1311 605 1338 divinitatem
624 1312 728 1343 induta,
742 1313 813 1346 quod
824 1320 838 1338 a
854 1312 907 1339 Deo
923 1319 1009 1347 genus

232 1357 380 1384 humanum
395 1357 570 1390 intercludat,
586 1358 652 1385 nihil
676 1363 728 1385 est.
745 1357 822 1386 Unde
849 1366 904 1393 quo
919 1358 1010 1385 minus

230 1402 422 1429 beneﬁciorum
450 1403 509 1437 ejus
538 1403 685 1438 participes
710 1404 808 1436 simus,
821 1411 851 1431 re
868 1404 939 1431 nulla
956 1404 1007 1431 nisi

231 1452 341 1482 peccato
361 1448 532 1482 impedimur.
548 1449 682 1482 Quoniam
697 1454 786 1476 autem
802 1456 898 1476 murus
910 1448 1008 1483 duplex

229 1498 297 1526 erat,
325 1499 427 1521 natura:
453 1499 480 1521 et
502 1494 651 1522 voluntatis
669 1495 845 1529 perversitate
861 1500 1008 1530 corruptae,

230 1539 305 1565 illum
326 1537 451 1566 Salvator
481 1540 651 1569 incarnatus.
676 1540 747 1567 hunc
767 1540 794 1566 in
807 1547 914 1567 crucem
931 1544 1009 1567 actus

230 1583 350 1610 sustulit.
380 1582 525 1611 Peccatum
552 1583 626 1610 enim
657 1591 724 1610 crux
740 1584 848 1611 delevit.
869 1583 937 1611 Hinc
950 1588 1009 1618 post

230 1627 403 1662 baptismum,
421 1628 468 1662 qui
482 1629 572 1656 crucis
600 1629 673 1656 illius
699 1633 725 1656 et
740 1629 836 1656 mortis
849 1630 902 1655 vim
917 1629 1007 1661 habet,

230 1671 264 1698 ad
279 1677 443 1706 unguentum
472 1674 747 1708 communionemque
762 1672 881 1708 Spiritus
905 1675 1010 1702 accedi<

231 1724 302 1743 mus.
319 1716 473 1745 Obstacnlis
486 1718 558 1744 enim
585 1718 718 1745 ambobus
732 1718 857 1751 sublatis,
877 1719 1008 1753 Spiritum

230 1767 354 1789 sanctum
385 1769 467 1797 super
483 1770 590 1790 omnem
602 1771 711 1790 carnem
726 1763 929 1791 efﬂ‘undendum
942 1765 1010 1792 nihil

230 1808 423 1841 remorabitur,
451 1814 595 1844 quantum.
625 1810 748 1845 inquam,
767 1811 793 1836 in
809 1811 934 1845 praesenti
956 1811 1008 1838 vita

230 1854 398 1881 conceditur.
424 1855 492 1881 Nam
504 1854 538 1882 ad
550 1856 736 1883 continentem
752 1863 813 1883 cum
833 1856 886 1883 Deo
899 1857 1010 1884 cohabi-

231 1900 368 1929 tationem,
398 1901 547 1928 mortalitas
579 1902 689 1928 tertium
717 1907 759 1929 est
774 1902 1009 1937 impedimentum,

229 1951 256 1973 et
269 1945 383 1973 mortale
398 1946 485 1973 adhuc
501 1954 600 1980 corpus
617 1951 754 1981 gestantes
779 1948 892 1981 aenigma
906 1954 933 1975 et
945 1955 1008 1982 spe-

229 1992 319 2019 culum
349 1992 540 2020 transcendere
565 2000 619 2020 non
645 1993 719 2020 sinit.
734 1992 827 2028 Itaque
843 1993 999 2022 hominibus

229 2038 373 2073 tripliciter
400 2046 415 2066 a
431 2038 486 2065 Deo
509 2038 684 2071 distantibus,
701 2047 750 2074 per
766 2045 890 2068 naturam
908 2042 1012 2076 simpli-

228 2084 305 2116 citer,
322 2091 369 2118 per
384 2089 537 2119 precatum,
569 2092 617 2119 per
631 2084 835 2117 mortalitatem,
850 2089 880 2113 ut
894 2093 928 2114 eo
944 2094 1011 2121 pure

229 2129 375 2162 potiantur,
393 2134 420 2156 et
435 2128 494 2157 sine
520 2130 610 2157 medio
628 2137 691 2157 cum
709 2130 757 2158 illo
769 2131 871 2163 vivant,
887 2131 1012 2159 Salvator

227 2174 302 2206 Ῑυοήι,
323 2182 383 2208 quae
407 2174 622 2203 adversabantur
635 2197 642 2208 ,
661 2176 752 2203 omnia
777 2176 906 2212 deinceps
921 2185 1010 2205 remo-

227 2228 306 2247 vens.
328 2219 460 2253 Primum,
488 2221 561 2255 quod
590 2226 694 2249 natura:
708 2222 833 2249 humanm
847 2222 933 2251 factus
947 2231 1012 2252 con-

1096 1129 1230 1163 Καθάπερ
1246 1128 1346 1160 τοίνυν,
1375 1128 1400 1154 ει
1427 1128 1457 1154 τὸ
1473 1127 1644 1162 ἀλάὃαστρον
1667 1129 1772 1162 μηχανῇ
1790 1136 1843 1153 τινι

1059 1176 1164 1210 γένοιτο
1180 1176 1264 1210 μύρον
1277 1176 1326 1202 καὶ
1338 1174 1405 1209 πρὸς
1421 1175 1486 1201 αὐτὸ
1507 1173 1672 1208 μετασταίη.
1691 1172 1843 1205 ἀκοινώνη-

1058 1231 1105 1248 τον
1128 1222 1221 1248 οὐκέτι
1248 1223 1306 1250 τοϊς
1334 1220 1387 1253 ἔξω
1410 1220 1440 1247 τδ
1456 1220 1556 1254 μύρον,
1575 1220 1629 1245 οὐδ’
1642 1218 1716 1244 ἔνδον
1731 1217 1783 1243 οὐδ’
1799 1218 1843 1252 ἐφ’

1059 1267 1156 1294 ἑαυτοῦ
1169 1268 1257 1302 μένον,
1273 1267 1319 1293 τὸν
1335 1266 1393 1293 [σον
1403 1265 1505 1301 τρόπον
1519 1265 1570 1298 τῆς
1584 1263 1722 1299 ἡμετέρας
1732 1263 1842 1297 φύσεως

1062 1313 1108 1340 ἐπὶ
1132 1312 1179 1339 τοῦ
1198 1311 1332 1347 σωτηρίου
1358 1311 1484 1346 σώματος
1500 1310 1650 1340 θεωθείσης
1665 1309 1695 1335 τδ
1721 1309 1842 1343 διεῖργον

1062 1360 1115 1386 ἀπὸ
1130 1359 1178 1386 τοῦ
1191 1358 1259 1385 Θεοῦ
1278 1358 1309 1385 τὸ
1333 1358 1388 1385 τῶν
1414 1357 1566 1392 ἀνθρώπων
1585 1357 1661 1390 γένος
1674 1355 1762 1387 οὐδὲν,
1779 1355 1842 1381 ὃθεν

1062 1406 1109 1431 καὶ
1119 1405 1172 1431 τῶν
1185 1404 1267 1430 αὐτοῦ
1278 1404 1405 1438 μετέχειν
1420 1403 1538 1438 χαρίτων
1553 1401 1679 1436 ἐμποδὼν
1689 1402 1754 1435 ἡμῖν
1765 1401 1842 1427 οὐδὲν

1060 1448 1094 1486 ἦν
1107 1450 1175 1486 πλὴν
1190 1450 1239 1485 τῆς
1252 1450 1400 1485 ἁμαρτίας.
1423 1449 1500 1476 Ἐπεὶ
1513 1449 1541 1475 δὲ
1551 1448 1636 1474 διττὸν
1650 1445 1684 1482 ἦν
1699 1448 1729 1473 τὺ
1740 1448 1841 1481 τεῖχος,

1061 1497 1091 1523 τὸ
1106 1496 1154 1530 μὲν
1164 1496 1214 1530 τῆς
1231 1495 1348 1529 φύσεως,
1368 1496 1398 1521 τὸ
1410 1495 1438 1521 δὲ
1453 1492 1502 1528 τῆς
1516 1493 1629 1528 γνώμης
1654 1493 1769 1528 πονηρίᾳ
1784 1493 1842 1518 δια-

1062 1542 1225 1576 φθαρείσης,
1241 1541 1272 1567 τὸ
1286 1541 1335 1575 μὲν
1347 1541 1436 1567 ἀνεῖλε
1449 1540 1604 1574 σαρκωθεὶς
1622 1540 1636 1564 ὁ
1651 1539 1758 1573 Σωτὴρ,
1770 1539 1800 1564 τὸ
1813 1538 1842 1564 δὲ

1062 1586 1239 1621 σταυρωθείς.
1268 1586 1324 1621 Τὴν
1340 1587 1394 1620 γὰρ
1421 1585 1558 1620 ἁμαρτίαν
1581 1586 1595 1611 ό
1613 1585 1728 1619 σταυρλις
1745 1584 1842 1610 ἔλυσε·

1059 1633 1104 1659 διὰ
1114 1632 1191 1658 τοῦτο
1204 1632 1272 1666 μετὰ
1287 1632 1318 1658 τὸ
1341 1631 1483 1666 βάπτισμα
1510 1631 1545 1657 τὰ
1563 1630 1610 1656 τοῦ
1627 1630 1746 1665 σταυροῦ
1762 1629 1845 1656 δυνά-

1062 1686 1141 1712 μενον
1155 1677 1260 1704 ἐκείνου
1277 1678 1324 1704 καὶ
1338 1677 1384 1703 τοῦ
1401 1677 1528 1707 θανάτου,
1538 1676 1584 1702 ἐπὶ
1595 1676 1625 1702 τὸ
1640 1675 1727 1710 μύρον
1739 1675 1845 1710 χωροῦ-

1061 1731 1110 1758 μεν
1125 1722 1174 1757 τὴν
1189 1722 1235 1748 τοῦ
1250 1721 1409 1756 Πνιύματος
1434 1721 1587 1748 κοινωνίαν.
1611 1720 1673 1746 Τῶν
1687 1720 1739 1754 γὰρ
1753 1720 1843 1745 κωλυ-

1061 1769 1154 1804 μὰτων
1168 1767 1332 1803 ἀμφοτέρων
1349 1768 1531 1802 ἀνῃρημένων
1547 1767 1577 1793 τὸ
1590 1767 1740 1801 ὲπισχῆσῖν
1752 1765 1842 1797 οὐδὲν,

1060 1814 1172 1850 χεθῆναι
1184 1814 1230 1840 ἐπὶ
1244 1815 1336 1840 πᾶσαν
1348 1814 1439 1848 σάρκα
1450 1813 1480 1838 τὸ
1492 1812 1604 1846 Πνεῦμα
1617 1812 1647 1838 τὸ
1662 1812 1751 1846 ἅγιον.
1763 1811 1844 1844 Λέγω

1059 1860 1087 1887 δὲ
1100 1860 1162 1886 ὅσον
1175 1860 1220 1885 hri
1233 1859 1280 1887 τοῦ
1294 1859 1428 1893 παρόντος
1442 1858 1512 1892 βίου.
1527 1858 1598 1893 Πρὸς
1611 1858 1664 1892 γὰρ
1675 1857 1724 1891 τὴν
1738 1857 1843 1890 ᾶμεσον

1062 1904 1132 1939 μετὰ
1145 1903 1212 1930 Θεοῦ
1225 1903 1372 1930 συναυλίαν
1389 1904 1436 1929 καὶ
1451 1903 1541 1937 τρίτον
1554 1904 1568 1929 ὁ
1584 1902 1698 1933 θάνατος
1713 1901 1842 1936 κώλυμα,

1060 1950 1108 1976 καὶ
1122 1949 1185 1980 τοὺς
1199 1949 1300 1984 ϐνητδν·
1309 1949 1445 1983 φέροντας
1461 1948 1502 1974 ἔτι
1528 1947 1559 1975 τὸ
1587 1947 1667 1980 σῶμα
1682 1948 1713 1974 τὸ
1727 1946 1844 1981 αἴνιγμα

1061 1994 1108 2020 καὶ
1135 1994 1165 2020 τὸ
1182 1993 1314 2029 ἔσοπτρον
1344 1993 1520 2027 ὑπερϐαίνειν
1537 1993 1567 2019 οὐ
1586 1994 1743 2028 συγχωρεῖ·
1772 1991 1844 2019 ὥστε

1060 2040 1161 2075 τριχῶς
1178 2039 1224 2066 τοῦ
1239 2039 1306 2066 Θεοῦ
1318 2041 1380 2071 τοὺς
1401 2039 1563 2074 ἀνθρώπους
1579 2039 1784 2073 διῖσταμένους,
1799 2039 1845 2066 διὰ

1060 2087 1110 2120 τὴν
1120 2085 1212 2120 φύσιν,
1228 2085 1272 2112 διὰ
1287 2085 1337 2120 τὴν
1354 2085 1507 2120 ἁμαρτίαν,
1532 2085 1577 2112 διὰ
1591 2085 1637 2111 τὸν
1655 2085 1781 2115 θάνατον,
1794 2094 1844 2111 κα-

1060 2131 1150 2166 θαρῶς
1168 2133 1260 2166 τυχεῖν
1276 2133 1322 2158 καὶ
1344 2131 1455 2165 ἀμέσως
1471 2131 1546 2165 αὑτῷ
1558 2131 1694 2157 συνελθεῖν
1713 2131 1844 2166 ἐποίησεν

1061 2179 1074 2204 ὁ
1087 2178 1191 2212 Σωτὴρ.
1205 2177 1223 2204 ἃ
1234 2177 1401 2212 προσίστατο
1415 2178 1503 2203 πάντα
1521 2178 1620 2212 ἑφεξῆς
1636 2177 1752 2208 ἀνελὼν,
1761 2177 1844 2203 τοῦτο

1063 2223 1111 2258 μὲν
1140 2223 1349 2258 ἁνθρωπότητος
1369 2224 1524 2258 μετασχὼν,
1557 2224 1645 2249 ἐκεῖνο
1673 2223 1701 2249 δὲ
1736 2231 1841 2257 νεκρω-

226 2273 298 2300 sors;
318 2266 442 2297 alterum.
456 2265 484 2293 iu
509 2274 590 2294 cruce
616 2272 740 2295 mortuus
755 2273 924 2302 ;extremum
946 2277 1007 2297 vero

1062 2268 1118 2299 οεὶς
1150 2269 1195 2295 ἐπὶ
1228 2267 1274 2294 τοῦ
1295 2267 1423 2304 σταυροῦ,
1455 2268 1486 2295 τὸ
1508 2268 1536 2294 δὲ
1558 2268 1711 2294 τελευταῖον
1740 2269 1841 2303 τεῖχος,

228 2319 336 2338 murum
359 2310 477 2345 (mortis
503 2312 673 2346 tyrannidem
691 2317 754 2347 puta
771 2313 780 2336 i
806 2313 917 2341 omnino
929 2321 944 2341 e
961 2321 1009 2341 na-

229 2361 296 2383 tura:
315 2356 415 2383 ﬁnibus
441 2364 489 2390 per
506 2359 733 2386 resurrectionem
757 2359 919 2394 proﬂigavit.
946 2359 1008 2387 Ideo

227 2401 329 2428 Paulus
348 2401 396 2433 ait,
412 2410 421 2427 ι
436 2401 588 2430 Novissime
602 2403 710 2431 inimica
722 2404 876 2432 destruetur
888 2412 960 2432 mors
970 2405 1006 2432 ³.»

226 2447 286 2474 Non
304 2455 363 2474 eam
379 2447 517 2475 inimicam
534 2449 697 2483 appellasset
724 2451 775 2477 nisi
801 2451 881 2478 nobis
908 2452 940 2478 ad
965 2458 1011 2478 ve—

229 2498 285 2517 ram
301 2491 455 2518 felicitatem
463 2492 592 2519 obstaret.
601 2493 725 2522 Haaredes
735 2495 835 2529 quippe
847 2494 1009 2524 immortalis

229 2537 286 2568 Dei,
301 2544 315 2563 a
327 2537 499 2571 corruptione
510 2537 620 2566 liberari
637 2547 748 2567 necesse
761 2545 801 2568 est
815 2549 822 2568 :
840 2550 849 2567 ι
866 2541 922 2569 Non
935 2542 1008 2569 enim

229 2583 379 2618 corruptio,
409 2584 514 2618 inquit,
542 2584 754 2619 incorruptelam
790 2587 975 2622 possidebit‘.
995 2598 1004 2615 ι

229 2629 293 2656 Post
305 2637 474 2658 communem
485 2638 603 2665 namque
614 2631 754 2659 hominum
769 2636 1007 2666 resurrectionem,

229 2675 309 2710 cujus
339 2683 420 2704 causa
455 2677 580 2704 Salvator
614 2679 771 2711 resurrexit,
807 2682 946 2715 speculum
981 2687 1008 2709 et

229 2722 343 2756 auiigma
359 2723 495 2755 recedent,
521 2722 660 2758 Deumque
675 2723 744 2751 facie
773 2726 806 2752 ad
822 2726 918 2754 facient
936 2727 1009 2755 \‘itle-

230 2767 306 2800 bunt,
326 2768 371 2802 qui
389 2768 498 2804 quidem
509 2773 587 2796 erunt
607 2770 707 2797 mundo
720 2773 811 2800 corde.
962 2768 968 2775 “

268 2871 276 2884 ³
295 2871 301 2896 i
322 2871 384 2900 Cor.
405 2881 445 2902 τι,
471 2873 513 2899 an
586 2874 648 2900 iLiJ.
667 2874 708 2899 ao.

1060 2313 1109 2348 τὴν
1122 2313 1169 2339 τοῦ
1186 2313 1302 2340 Θανάτου
1318 2313 1475 2348 τυραννίδα,
1493 2314 1651 2340 παντάπασι
1664 2313 1715 2347 τῆς
1734 2313 1842 2347 φύσεως

1061 2359 1187 2390 ἐξέϐαλεν
1215 2359 1346 2390 ἀναστάς.
1376 2359 1425 2386 Διὰ
1448 2359 1527 2386 τοῦτο
1544 2359 1661 2391 Παῦλος,
1683 2368 1692 2385 t
1709 2360 1843 2394 Ἐσχατος

1062 2405 1168 2440 ἐχθρὺς,
1198 2405 1273 2440 φησὶ,
1303 2407 1486 2440 καταργεῖται
1511 2406 1525 2431 ό
1552 2405 1677 2439 θάνατος,
1699 2415 1709 2431 ι
1737 2407 1786 2431 οὐκ
1810 2406 1843 2432 ἂν

1063 2450 1159 2486 ἐχθρὸν
1174 2450 1255 2477 αὐτὸν
1279 2451 1447 2485 προσειπὼν,
1472 2451 1496 2477 εἰ
1510 2451 1548 2485 μὴ
1564 2451 1631 2485 πρὸς
1652 2452 1701 2486 τὴν
1713 2451 1842 2486 ἀληθινὴν

1061 2497 1127 2531 ἡμῖν
1141 2497 1314 2532 εὐδαιμονίαν
1328 2497 1451 2531 ἐμποδὼν
1465 2495 1499 2531 ἦν
1509 2506 1515 2513 ·
1528 2497 1591 2528 τοὺς
1606 2497 1662 2532 γὰρ
1677 2497 1724 2523 τοῦ
1741 2497 1841 2524 ἁοανάι

1060 2550 1108 2568 του
1133 2541 1200 2568 Θεοῦ
1228 2542 1417 2577 κληρονόμους
1431 2542 1538 2576 ἀνάγκη
1554 2542 1586 2575 δὴ
1603 2541 1705 2576 φθορᾶς
1721 2542 1843 2576 suum.

1061 2587 1134 2623 χθαι.
1148 2597 1157 2613 ι
1175 2587 1212 2614 Οὐ
1225 2587 1278 2622 γὰρ
1292 2588 1309 2622 ἡ
1321 2587 1418 2621 φθορὰ,
1441 2587 1519 2621 φησὶ,
1543 2587 1592 2621 τὴν
1604 2586 1760 2620 ἀφθαρσίαν
1774 2587 1842 2620 κλη.

1064 2633 1190 2668 ρονομιεῖ⁵
1209 2641 1218 2657 ι
1240 2633 1308 2666 μετὰ
1335 2633 1389 2667 γὰρ
1415 2632 1465 2667 τὴν
1489 2633 1582 2666 κοινὴν
1609 2632 1663 2658 τῶν
1690 2632 1842 2666 ἀνθρώπων

1061 2679 1220 2712 ἀνάστασιν,
1241 2676 1275 2714 ἦς
1290 2676 1377 2705 αἴτιόν
1395 2679 1410 2712 ἡ
1427 2679 1474 2706 τοῦ
1498 2679 1623 2714 Σωτῆρος
1639 2678 1796 2710 ἀνάστασις,
1813 2679 1842 2705 τὸ

1064 2725 1113 2760 μὲν
1129 2725 1261 2760 ἔσοπτρον
1278 2725 1416 2759 ὑποχωρεῖ
1429 2727 1475 2751 καὶ
1495 2725 1525 2750 τὺ
1537 2724 1663 2759 αἴνιγμα,
1674 2724 1787 2759 ὁψονται
1813 2725 1843 2751 δὲ

1064 2770 1209 2804 πρόσωπον
1226 2770 1294 2804 πρὸς
1310 2770 1456 2804 πρόσωπον
1469 2770 1513 2797 τὶν
1538 2769 1604 2797 Θεὸν
1623 2770 1651 2796 οἱ
1664 2778 1695 2805 γε
1710 2770 1759 2805 τὴν
1777 2778 1842 2805 καρ-

1063 2816 1122 2842 δίαν
1138 2817 1349 2851 κεκαθαρμένοι.
