1976 3074
113 146 146 177 5'i
149 147 164 177 1

622 147 670 176 DE
685 147 770 177 VlTA
795 146 832 176 ΙΝ
853 146 1020 176 CHRISTO
1040 147 1112 177 LIB.
1137 148 1191 178 Ill.

1675 151 1728 181 578

113 203 187 237 πέρα
201 202 326 237 μηχανῆς
343 202 463 236 ἁπάσης,
480 202 527 228 καὶ
541 202 626 229 τᾶλλα
649 203 712 233 τοὺς
725 201 891 235 ἐπιδειξαμέ-

944 201 1056 233 tlicturi,
1076 207 1103 228 et
1120 203 1224 229 animos
1244 202 1397 237 intpulsurl.
1413 207 1440 230 et
1452 203 1553 238 alioqui
1571 212 1657 238 mgt'os
1669 207 1730 232 sine

112 256 175 278 νους
188 248 243 274 ἀπὸ
255 248 301 274 τοῦ
316 247 467 282 μυστηρίου
478 247 609 278 λαϐόντας
617 247 698 282 ἔχειν.
712 248 743 274 Εἰ
758 247 811 281 γὰρ
823 247 892 281 μήτε

111 292 177 327 παρ’
200 293 266 318 αὐτὸ
280 292 310 318 τδ
332 292 470 318 τελεῖσθαι
485 292 514 318 τδ
532 292 681 327 μυστήριον
697 292 823 326 ἐνεργοὺς
840 291 893 317 δεί-

111 345 191 364 κνυσι
202 338 264 368 τοὺς
281 337 460 372 τελουμένους
474 337 524 368 τὰς
541 337 729 371 πνευματικὰς
742 336 891 371 ἐνεργείας,

113 383 184 417 μήτε
199 379 236 409 ὤν
251 384 340 418 χρόνῳ
356 383 469 417 ὕστερον
491 383 568 410 αὐτοὶ
595 383 787 416 πνευματικῶς
816 383 893 417 ἐνερ-

111 427 202 461 γοῦσι,
221 428 269 462 τὴν
286 428 397 462 τελετὴν
426 428 567 454 αἰτιᾶσθαι
596 429 731 462 προσῆκε,
746 428 772 453 τί
788 428 828 454 δεῖ
846 428 893 453 καὶ

114 473 254 508 μυηθῆναι
266 482 273 505 ;
284 473 351 508 πρὸς
367 474 392 500 τί
409 473 431 500 δ’
446 474 478 500 ἂν
488 474 554 508 ἡμῖν
567 475 583 508 ἡ
601 473 646 500 τοῦ
661 473 745 508 μύρου
757 473 804 500 τοῦ
819 473 892 499 θείου

114 518 216 553 μύησις
231 518 271 544 ἔτι
301 519 390 554 φέροι,
414 520 542 554 χορηγεῖν
569 519 639 553 ὑπὲρ
656 516 686 546 οὗ
714 519 835 553 ζητεῖται
855 519 892 553 μὴ

112 566 269 600 δυναμένη;
284 567 338 593 Καὶ
353 567 412 593 οὐδὲ
432 567 518 593 ἐκεῖνο
535 568 645 598 εἰκότως
661 567 732 593 ἔστιν
748 566 892 598 εἱπεῖν,ὠς

111 613 136 639 εί
154 612 191 647 μὴ
219 612 305 639 ταῦτα
333 611 522 647 ἀπολαύσομεν
537 613 584 638 τοῦ
609 613 770 647 χρίσματος.
785 612 848 639 ἄλλο
864 620 890 638 τι

113 657 217 683 δύναιτ’
228 656 260 683 ἂν
270 657 360 692 ἡμῖνή
373 657 468 692 τελετὴ
482 656 599 691 βοηθεῖν.
613 657 644 683 Εἰ
657 657 710 691 γὰρ
725 657 795 690 ἅπερ
808 656 893 689 ἑπαγ-

113 703 250 736 γέλλεται,
268 703 315 729 καὶ
331 703 396 737 πρὸς
414 702 431 729 ἃ
449 703 524 729 πᾶσα
543 703 665 737 φέρεται,
687 703 735 728 καὶ
749 702 812 737 περὶ
825 698 862 728 ὧν
877 703 891 728 ὁ

113 748 241 783 τελεστὴς
263 747 382 782 εὓχεται,
407 748 453 774 καὶ
469 748 487 775 ἃ
506 748 593 774 πείθει
617 742 662 774 τὸν
676 747 836 782 τελούμενον
854 747 892 778 ὡς

113 794 213 822 αὐτίκα
237 794 363 828 λήψεται,
381 796 483 820 τούτων
501 795 592 828 τυχεῖν
603 794 633 820 οὐ
651 793 769 824 δίδωσιν,
785 793 849 819 ἄλλο
865 801 891 819 τι

111 841 166 867 τῶν
181 840 293 874 ἀγαθῶν
309 840 414 867 ἐκεῖθεν
429 841 510 876 σχολῇ
526 849 558 874 γε
583 840 622 866 δεῖ
638 840 789 874 προσδοκᾷν
799 847 805 854 ·
826 839 850 865 εί
866 838 889 864 δ’

111 888 142 914 οὐ
160 888 248 923 μάτην
260 888 289 914 et
302 889 459 922 μυστήριον,
474 888 516 914 ὅτι
533 888 599 923 μηδὲ
617 887 682 915 ἄλλο
692 887 745 913 τῶν
761 887 891 921 Χριστια-

113 935 196 961 νικῶν
221 933 307 966 οὐδὲν,
328 944 337 960 ι
354 934 390 961 Οὐ
409 934 462 968 γὰρ
491 934 577 965 κενὸν,
601 933 676 968 φησὶ,
705 933 734 959 τὸ
760 933 891 968 κήρυγμα

112 980 206 1014 ὴμῶν,
223 979 283 1006 οὐδὲ
299 980 399 1014 ματαία
413 980 429 1014 ἡ
443 979 533 1010 πίστις
558 979 648 1014 ἡμῶν,
663 987 673 1004 ι
692 978 718 1004 εί
731 986 791 1004 τινα
811 985 892 1004 πνευ-

112 1025 232 1061 ματικὴν
257 1025 397 1060 ινέργειαν
420 1026 508 1059 εὑρεῖν
536 1025 609 1052 ἔστιν
629 1025 657 1051 ἐν
674 1023 826 1058 ἀνθρώποις
842 1023 892 1049 καὶ

110 1071 158 1097 τοῦ
187 1071 287 1097 κύκλου
315 1071 370 1096 τῶν
386 1071 491 1097 ἐκεῖθεν
507 1071 637 1105 χαρίτων,
667 1071 706 1097 είς
733 1069 783 1101 τὰς
807 1069 890 1103 εὐχὰς

109 1116 258 1150 ἀναφέρειν
274 1115 380 1150 ἀνάγκη
396 1115 562 1150 ταύταςικαὶ
576 1116 606 1142 τὸ
623 1116 727 1151 χρίσμα
744 1116 774 1142 τι
788 1116 871 1149 ίερόνι

150 1249 239 1279 Ὀλως
257 1250 310 1283 γὰρ
325 1249 387 1277 οὔτε
410 1250 493 1284 ἔστιν,
509 1250 559 1276 οὐκ
573 1250 646 1277 ἔστιν
661 1250 738 1277 οὐδὲν
750 1249 861 1283 ἀγαθὸν,
877 1249 891 1276 ὃ

112 1296 151 1331 τῷ
166 1296 225 1330 Θεῷ
239 1297 420 1330 διαλλαγεῖσιν
433 1296 537 1322 ἐκεῖθεν
551 1297 672 1332 ὑπῆρξεν
694 1297 860 1332 ἀνθρώποις,
877 1297 891 1323 δ

112 1343 150 1377 μὴ
166 1342 210 1369 διὰ
231 1341 278 1368 τοῦ
296 1342 479 1371 καταστάντος
505 1342 572 1368 Θεοῦ
595 1343 642 1368 καὶ
653 1342 804 1376 ἀνθρώπων
820 1351 891 1377 παρ-

111 1387 211 1421 εσχέθη
229 1387 351 1420 μεσίτου.
369 1386 430 1413 οὔτε
447 1387 492 1413 τὸν
510 1388 621 1422 μεσίτην
635 1387 723 1422 εὑρεῖν
739 1388 784 1414 καὶ
797 1388 891 1414 λαϐεῖν

111 1433 158 1458 καὶ
177 1432 229 1457 τῶν
255 1431 358 1458 ἐκείνου
387 1434 478 1466 τυχεῖν
494 1432 558 1458 ἄλλο
575 1441 602 1458 τι
632 1432 739 1458 δίδωσιν
759 1433 825 1466 ἡμῖν
837 1432 890 1459 τῶν

112 1479 239 1506 ἁπάντων
254 1475 269 1509 ἢ
281 1477 313 1502 τὰ
330 1478 466 1511 μυστήρια
477 1486 484 1493 ·
498 1477 584 1504 ταῦτα
597 1477 651 1512 γὰρ
665 1479 804 1512 συγγενεῖς
817 1478 890 1512 ἡμᾶς

112 1526 186 1551 ποιεῖ
203 1524 257 1551 τῶν
272 1524 394 1559 αἱμάτων
411 1524 534 1556 ἐκείνων,
553 1525 599 1550 καὶ
624 1521 662 1550 ὧν
680 1523 774 1559 εἴληφε
784 1524 828 1550 διὰ
843 1524 890 1558 τὴν
905 1530 927 1559 c

115 1571 204 1603 σάρκα
221 1570 339 1604 χαρίτων
355 1569 402 1595 καὶ
422 1567 459 1595 ὧν
475 1569 570 1594 παθεῖν
587 1569 716 1603 ἠνέσχετο
734 1567 889 1599 κοινωνούς.

119 1615 197 1641 Ἐπεὶ
213 1615 266 1649 γὰρ
284 1615 356 1641 δυοῖν
371 1614 467 1644 ὄντοιν,
483 1614 500 1640 ἃ
514 1614 552 1649 τῷ
564 1614 621 1648 Θεῷ
644 1614 783 1648 συνίστηηι
799 1613 846 1639 καὶ
863 1615 891 1639 ὲν

113 1657 153 1690 οἷς
167 1661 242 1686 πᾶσα
257 1659 310 1686 τῶν
326 1659 477 1695 ἀνθρώπων
490 1659 506 1694 ἡ
519 1659 650 1694 σωτηρία,
663 1658 710 1685 τοῦ
725 1668 753 1685 τε
764 1659 797 1685 τὰ
813 1658 891 1693 ἱερώ-

111 1715 180 1732 τατα
215 1706 350 1741 μυττήρια
375 1705 523 1740 μυηθῆναι.
554 1706 599 1731 κα)¹
624 1704 669 1730 τοῦ
696 1705 763 1738 προς
790 1704 890 1739 ἀρετὴν

111 1753 231 1785 ἀσκῆσαι
252 1751 302 1785 τὴν
327 1750 451 1784 γνώμην,
481 1749 527 1776 τοῦ
542 1746 680 1784 δευτέρου,
709 1750 779 1781 λέγω
796 1749 828 1782 δὴ
841 1750 891 1781 τῆς

112 1795 284 1830 ἀνθρωπείας
299 1794 428 1827 σπουδῆς,
446 1794 522 1820 οὐδὲν
536 1794 599 1821 ἄλλο
617 1793 715 1827 γένοιτ’
729 1793 761 1820 ἂν
777 1793 855 1828 ἔργον
873 1793 889 1828 ἢ

111 1842 144 1866 τὰ
161 1840 269 1866 δοθέντα
287 1839 373 1866 σῶσαι
392 1840 438 1866 καὶ
457 1839 494 1874 μὴ
508 1839 652 1873 προδοῦναι
675 1839 720 1865 τδν
736 1839 870 1874 θησαυρόν
881 1846 889 1854 ·

110 1886 234 1912 λείπεται
250 1885 282 1919 δὴ
298 1886 381 1920 μόνην
392 1885 510 1919 χορηγὸν
528 1886 594 1920 ἡμῖν
611 1885 663 1910 τῶν
676 1885 786 1918 ἀγαθῶν
805 1884 892 1911 ἁπάν-

110 1941 164 1958 των
177 1932 226 1965 τὴν
238 1931 292 1957 τῶν
307 1931 465 1966 μυστηρίων
478 1930 593 1964 δύναμιν
608 1928 686 1957 εἶναι.
702 1931 755 1956 Καὶ
773 1931 826 1965 μὴν
836 1930 890 1956 τῶν

110 1977 228 2004 τελετῶν
255 1976 337 2010 ἄλλης
362 1976 411 2011 μὲν
442 1975 522 2010 ἔργον
541 1975 604 2003 ἄλλο
633 1984 671 2008 τι,
690 1975 848 2011 Πνεύματος
862 1975 890 2002 δὲ

111 2024 158 2048 καὶ
173 2023 227 2048 τῶν
246 2022 350 2048 ἐκείνου
378 2021 570 2057 μετειληφέναι
581 2021 675 2057 δώρων
686 2023 732 2048 τοῦ
750 2022 891 2055 παναγοῦς

111 2068 261 2103 ὲξήρτητιι
281 2067 366 2102 μύρου
376 2075 384 2083 ο
398 2067 442 2094 διὰ
457 2067 543 2094 ταῦτα
558 2067 608 2093 κᾶν
623 2067 660 2101 μὴ
675 2067 740 2101 παρ’
753 2067 833 2094 αὑτὸν
843 2067 890 2094 τὸν

111 2113 161 2147 τῆς
176 2112 286 2146 τελετῆς
301 2112 407 2146 χρόνον¹
425 2111 536 2145 ὕστερον
549 2113 577 2138 δὲ
597 2111 687 2147 πολλῷ
702 2113 891 2147 πνευματικὴν

112 2158 212 2193 δυνηθῇ
239 2166 280 2188 τις
308 2151 493 2189 ὲττιδείξασοιι
509 2157 623 2192 δωρεὰν,
640 2157 669 2184 οὺ
684 2157 724 2184 δεῖ
737 2158 786 2192 τὴν
801 2158 890 2184 αἰτίαν

113 2206 157 2230 καὶ
249 2204 265 2237 ἡ
278 2203 394 2237 δύναμις
407 2204 525 2236 ἀγνοεῖν.
549 2191 626 2229 Ἐπεὶ
642 2204 690 2231 καὶ
704 2205 717 2230 ὁ
733 2203 780 2231 τοῦ
793 2203 889 2238 βαπτί-
906 2191 927 2218 D

112 2258 216 2283 σματος
247 2249 386 2282 φωτισμὸς
410 2249 511 2275 ὲνίεται
537 2250 586 2284 μὲν
617 2250 698 2280 εὐθὺς
715 2250 892 2284 λουσαμένων

111 2296 171 2325 ταῖς
190 2294 245 2319 τῶν
271 2293 440 2327 τελουμένων
462 2293 572 2328 ψυχαῖς,
599 2293 659 2320 ἔστι
687 2295 715 2320 δὲ
742 2294 892 2328 τηνικαῦτα

111 2341 188 2371 δῆλος
201 2340 230 2365 οὺ
247 2339 339 2370 πᾶσιν,
352 2339 433 2370 ἐνίοις
448 2339 477 2365 δὲ
494 2339 548 2366 τῶν
564 2339 717 2366 σπουδαίων
739 2340 782 2366 διὰ
796 2340 892 2376 χρόνου

111 2384 238 2418 φαίνεται
252 2383 344 2417 ἱδρῶσι
361 2383 468 2415 πολλοῖς
480 2384 528 2410 καὶ
545 2383 636 2414 πόνοις
651 2384 699 2410 καὶ
719 2385 753 2419 τῇ
766 2384 832 2419 περὶ
849 2385 893 2410 τὸν

112 2429 230 2464 Χριστὸν
245 2428 339 2463 ἀγάπῃ
351 2428 396 2454 τὸν
409 2428 459 2462 τῆς
469 2427 559 2462 ψυχῆς
574 2428 727 2463 καθάρασιν
741 2428 890 2464 ὀφθαλμὸν,

110 2475 154 2502 διὰ
171 2473 251 2500 τοῦτο
275 2473 305 2499 τὸ
334 2472 421 2508 μύρον
435 2473 588 2508 προσευχῆς
615 2473 663 2508 μὲν
679 2471 747 2500 οἴκοι
763 2473 830 2510 πρὸς
842 2473 892 2505 τὰς

112 2519 196 2553 εὐχὰς
213 2518 278 2552 ἡμῖν
290 2517 429 2552 βοηθοῦσι.
444 2518 589 2553 Χριόμενοι
605 2519 659 2554 γὰρ
678 2519 716 2552 τῷ
731 2519 810 2554 μύρῳ
818 2519 892 2546 τοῦτ’

111 2563 179 2590 αὐτὸ
203 2562 325 2596 γίνονται
343 2563 409 2597 ἡμῖν
430 2563 445 2589 ὃ
466 2562 621 2596 καλοῦνται,
636 2564 703 2590 διότι
727 2564 757 2589 τὸ
773 2564 891 2590 κενωθὲν

113 2609 200 2644 μύρον
228 2608 402 2643 παράκλητος
428 2609 495 2644 ἡμῖν
521 2609 579 2636 ἐστι
606 2609 673 2644 πρὸς
688 2610 733 2636 τὶν
760 2610 827 2636 Θεὸν
843 2610 891 2636 καὶ

112 2654 223 2688 Πατέρα
238 2653 273 2679 δι’
300 2653 364 2680 αὐτὸ
382 2653 469 2686 τοῦτο,
488 2655 529 2680 ὅτι
546 2654 695 2681 κεκένωται
712 2655 760 2681 καὶ
784 2654 889 2689 χρίσμα

112 2701 221 2734 γέγονε,
241 2701 286 2726 καὶ
305 2699 384 2734 μέχρι
396 2699 445 2734 τῆς
458 2699 565 2733 φύσεως
578 2700 660 2735 ὲχέθη
676 2701 725 2734 τῆς
742 2701 889 2735 ἡμετέρας.

111 2745 153 2771 Τὰ
164 2744 345 2780 θυσιαστήρια
357 2744 385 2770 δὲ
403 2743 450 2779 τὴν
462 2744 508 2771 τοῦ
522 2745 646 2780 Σωτῆρος
658 2746 783 2779 μιμεῖται
798 2745 887 2780 χεῖρα,

151 2836 172 2852 ¹⁶
187 2835 195 2861 1
212 2835 275 2861 Cor.
290 2843 333 2866 XV,
355 2835 396 2860 Η.

944 247 999 274 ullo
1015 247 1155 274 molimine
1178 249 1300 274 saltaturi
1326 253 1400 279 sunt,
1419 249 1501 282 etqui
1515 249 1566 276 alia
1586 250 1657 277 dona
1682 258 1730 278 ac-

943 297 1083 326 ceperunt,
1095 300 1143 319 eos
1155 293 1282 320 videlicet
1293 293 1337 320 illa
1354 301 1369 320 a
1384 294 1515 329 myslerio
1543 301 1653 330 accepta
1679 297 1730 324 lta-

943 337 1017 365 bere.
1033 337 1061 364 Si
1076 338 1146 365 enim
1163 345 1212 365 nec
1234 338 1292 372 ipsa
1321 339 1441 373 mysterii
1467 339 1577 366 collatio
1607 341 1728 369 initiatos

942 383 1123 417 spiritualium
1146 390 1259 417 operum
1279 388 1453 411 exsecutores
1470 384 1568 416 reddit,
1592 393 1641 412 nec
1668 394 1727 418 qua:

943 432 1064 462 tempore
1080 429 1245 463 procedente
1273 428 1324 463 ipsi
1355 429 1533 464 spiritualiter
1566 436 1723 464 operantur,

943 475 1088 502 ittitiationi
1104 476 1130 502 in
1140 476 1261 509 acceptis
1282 476 1423 503 referenda
1446 482 1520 507 sunt,
1539 478 1601 510 quid
1616 485 1726 504 neceSse

943 525 986 547 est
1006 519 1277 552 initiari?Quorsum
1306 528 1388 555 porro
1412 522 1491 548 nobis
1502 522 1592 549 divina
1611 523 1669 550 lnec
1683 523 1725 549 itt-

944 565 1036 593 unctio
1060 568 1204 596 conducet.
1235 573 1307 598 cum,
1345 571 1455 600 propter
1485 568 1558 601 quod
1579 568 1723 600 expetitur,

943 612 1114 646 suppeditare
1130 619 1185 638 non
1201 612 1307 645 possit?
1324 611 1378 639 Nec
1404 613 1467 639 illud
1489 614 1586 640 merito
1613 621 1727 648 respon-

944 656 1001 682 deri
1027 660 1119 690 queat,
1134 663 1288 690 quanquam
1311 657 1403 683 unctio
1426 657 1499 683 ltunc
1513 658 1591 685 uoltis
1608 657 1727 684 fructum

944 708 997 727 non
1018 701 1115 735 pariat,
1154 709 1233 735 posse
1260 706 1350 728 tamen
1366 709 1415 729 nos
1437 702 1577 736 adjuvare.
1599 702 1626 730 Si
1655 705 1727 731 enim

943 754 1004 780 qua:
1019 746 1163 781 promittit,
1177 751 1204 773 et
1223 746 1254 773 ad
1283 754 1343 780 qure
1360 751 1414 774 tota
1432 748 1527 778 tendit,
1555 755 1614 782 qua:
1636 748 1728 775 initia-

945 797 986 819 tor
1004 797 1073 824 orat,
1087 796 1113 818 et
1133 800 1192 826 qua:
1206 792 1338 819 initiando
1352 793 1496 827 persuadet
1526 801 1587 820 mox
1600 798 1728 828 acceptu-

944 843 1014 868 rum,
1028 836 1050 863 si
1064 836 1121 862 haec
1134 836 1265 870 consequi
1282 844 1334 862 non
1359 837 1416 868 dat,
1437 837 1510 863 aliud
1533 837 1595 863 ittde
1626 837 1726 864 bonunt

944 881 1153 915 haudquaquam
1171 880 1386 914 exspectandum
1417 885 1468 908 est.
1487 880 1565 913 Quod
1582 881 1604 908 si
1621 889 1672 908 non
1686 886 1728 909 est

943 927 1025 955 inane
1057 926 1228 961 mysterium,
1268 926 1330 960 quia
1359 933 1410 952 nec
1436 926 1508 953 aliud
1541 926 1726 954 Christianum

943 972 1041 1005 ullum,
1061 980 1070 996 ι
1086 965 1145 997 Non
1155 971 1229 997 enim
1241 970 1329 999 inanis
1339 975 1390 1003 est,
1403 972 1500 1005 inquit,
1509 972 1667 1007 pra-dicatio
1678 980 1728 999 no-

941 1023 1008 1048 stra,
1027 1024 1114 1052 neque
1134 1016 1225 1043 inanis
1243 1016 1308 1044 lides
1339 1023 1428 1044 vestra
1439 1018 1475 1050 ”;
1496 1028 1505 1043 ο
1525 1017 1546 1045 si
1562 1025 1642 1052 quant
1662 1025 1727 1051 ope-

941 1063 1074 1090 rationem
1093 1062 1264 1097 spiritualent
1292 1063 1413 1091 invenire
1431 1069 1472 1091 est
1495 1064 1565 1091 ittter
1590 1064 1725 1096 homines,

941 1114 967 1135 et
988 1116 1021 1135 ex
1052 1109 1116 1135 orbe
1145 1108 1190 1135 illo
1217 1108 1398 1142 spiritualium
1425 1109 1583 1144 gratiarum.
1605 1117 1663 1138 eam
1691 1110 1724 1138 ad

942 1154 1022 1181 hasce
1041 1162 1135 1188 preces
1156 1157 1182 1180 ct
1202 1155 1355 1181 uuctionent
1382 1162 1487 1183 sacratur
1503 1155 1605 1183 referre
1638 1163 1726 1183 neces.

941 1199 1013 1225 sario
1027 1199 1167 1226 debemus.

975 1244 1058 1272 Plane
1080 1244 1152 1271 enim
1182 1252 1234 1271 non
1259 1249 1311 1278 est,
1338 1253 1390 1273 non
1427 1250 1477 1276 est,
1496 1246 1622 1280 inquam,
1640 1246 1725 1274 ullum

941 1291 1053 1322 bonum,
1072 1292 1134 1319 ittde
1158 1291 1317 1318 hominibus
1336 1291 1390 1318 Deo
1407 1291 1591 1318 reconciliatis
1619 1292 1724 1326 praesti-

943 1341 1011 1368 tum,
1030 1336 1102 1370 quod
1119 1345 1170 1362 ll0ll
1188 1344 1236 1370 per
1251 1335 1427 1362 ntediatorent
1446 1336 1515 1363 inter
1532 1335 1614 1363 Deum
1631 1341 1658 1363 et
1676 1337 1723 1363 lto-

941 1383 1030 1409 mittes
1047 1382 1228 1409 constitutum
1252 1382 1332 1408 nobis
1350 1382 1386 1409 sit
1410 1381 1555 1414 collatum;
1583 1390 1671 1416 neque
1696 1386 1725 1409 ut

944 1428 1122 1455 mediatorem
1145 1428 1326 1458 inveniamus,
1349 1432 1376 1454 ct
1389 1427 1633 1462 appreltetnlantns,
1649 1433 1675 1454 et
1691 1428 1724 1454 il-

942 1473 994 1500 lius
1013 1474 1082 1500 bona
1098 1480 1292 1507 assequamur,
1306 1473 1339 1499 ab
1355 1472 1408 1499 alio
1427 1480 1459 1499 ex
1476 1473 1602 1500 omnibus
1615 1491 1623 1501 .
1641 1481 1722 1506 quatit

942 1527 957 1547 α
973 1519 1152 1547 sacramentis
1167 1519 1351 1554 adipiscimur.
1370 1517 1437 1546 Nam
1455 1519 1510 1545 haec
1525 1526 1574 1546 nos
1588 1518 1625 1545 illi
1643 1519 1720 1551 quasi

945 1565 1177 1599 consanguineos,
1197 1569 1225 1591 et
1249 1564 1418 1590 cruciatuum
1442 1571 1510 1598 quos
1536 1563 1678 1595 sustinuit,
1697 1569 1725 1590 et

940 1612 1100 1645 gratiarum.
1114 1618 1181 1644 quas
1198 1614 1310 1645 propter
1323 1617 1434 1638 carnem
1447 1610 1564 1644 accepit,
1578 1611 1724 1644 participes

939 1657 1072 1684 elliciunt.
1093 1656 1161 1683 Cum
1182 1656 1256 1683 enim
1273 1657 1326 1693 duo
1344 1656 1410 1688 sint,
1431 1663 1491 1690 qua:
1519 1656 1642 1683 homines
1670 1657 1724 1683 Deo

937 1703 1138 1736 commendent,
1149 1709 1176 1730 et
1186 1703 1286 1739 quibus
1303 1708 1357 1731 tota
1374 1703 1446 1731 salus
1462 1704 1581 1730 humana
1597 1704 1722 1734 fulcitur,

939 1749 1053 1775 alterunt
1070 1753 1099 1774 ut
1116 1750 1253 1783 mysteriis
1269 1749 1465 1776 sacratissimis
1480 1749 1619 1776 initientur
1631 1770 1639 1782 ,
1656 1749 1723 1776 alte-

940 1801 1011 1826 rum,
1029 1798 1056 1820 ut
1071 1794 1192 1820 animum
1205 1794 1238 1821 ad
1254 1795 1378 1822 virtutem
1398 1795 1578 1830 appellamus,
1592 1795 1723 1826 humana,

945 1840 1056 1874 inquam
1072 1859 1080 1870 ,
1096 1839 1248 1874 diligentia,
1266 1841 1335 1867 nihil
1351 1841 1423 1867 aliud
1442 1848 1510 1875 opus
1534 1841 1625 1872 fuerit,
1641 1848 1723 1874 quam

940 1885 1002 1912 data
1017 1892 1143 1916 servare,
1158 1889 1186 1912 et
1205 1886 1363 1912 thesaurum
1396 1893 1448 1912 non
1479 1885 1603 1919 prodere.
1632 1885 1720 1911 llelin~

939 1930 1033 1965 quitur
1050 1938 1128 1965 ergo,
1149 1930 1235 1957 solam
1251 1931 1440 1965 mysteriorum
1457 1931 1583 1958 virtutem
1600 1931 1721 1956 omnium

941 1975 1074 2003 bonorum
1091 1974 1168 2002 nobis
1186 1974 1350 2009 largitricem
1367 1983 1438 2001 esse.
1451 1975 1530 2008 Atqui
1543 1975 1639 2001 harum
1652 1974 1722 2001 alius

939 2021 1050 2049 etii-ctus
1069 2024 1095 2048 et
1124 2028 1193 2055 opus
1222 2025 1273 2053 est,
1291 2019 1409 2055 Spiritus
1440 2019 1566 2054 illiusque
1589 2019 1721 2046 donorqu

940 2066 1098 2094 communio
1113 2073 1126 2092 a
1142 2066 1317 2093 sanctissima
1333 2066 1460 2092 unctione
1475 2066 1583 2099 pendet.
1608 2065 1723 2095 Idcirco,

943 2112 1052 2139 tametsi
1068 2119 1122 2138 non
1141 2112 1200 2146 ipso
1219 2111 1384 2138 initiationis
1405 2115 1538 2145 tempore,
1565 2111 1612 2138 sed
1638 2111 1723 2137 tttttlto

940 2161 1012 2191 post,
1029 2157 1172 2191 spirituale
1189 2156 1291 2183 donum
1307 2156 1339 2183 ad
1356 2164 1412 2183 rem
1428 2155 1553 2183 conferre
1568 2156 1630 2190 quis
1646 2161 1724 2190 pote-

943 2203 986 2235 rit,
1001 2202 1176 2229 nihilominus
1187 2209 1312 2232 causam.
1323 2205 1352 2228 et
1368 2201 1439 2228 unde
1454 2201 1537 2228 robur
1553 2201 1630 2233 illud,
1647 2201 1724 2236 igno-

943 2255 1004 2273 rare
1024 2254 1077 2273 non
1097 2246 1235 2274 convenit.
1258 2245 1326 2273 Nam
1352 2251 1379 2273 et
1406 2245 1532 2280 haptismi
1557 2246 1723 2273 illutnitza'io

945 2300 1006 2319 ntnx
1024 2292 1134 2326 quidem
1160 2291 1314 2318 ablutorum
1333 2291 1478 2318 animabus
1502 2291 1658 2319 immittitur
1673 2300 1680 2324 ;
1698 2297 1724 2319 at

945 2346 996 2365 non
1017 2344 1080 2364 tunc
1098 2338 1132 2364 ab
1148 2337 1276 2364 omnibus
1301 2336 1433 2368 certtitur,
1456 2337 1504 2364 sed
1526 2344 1541 2364 a
1561 2337 1723 2371 quibusdam

945 2385 1037 2420 probis
1061 2388 1123 2419 post
1149 2383 1321 2410 intervallum
1346 2384 1531 2417 cognoscitur,
1556 2384 1601 2417 qui
1633 2384 1724 2411 multis

945 2430 1090 2459 sudoribus
1106 2434 1133 2456 et
1147 2428 1295 2461 laboribus,
1311 2433 1340 2455 et
1356 2428 1491 2456 cltarltate
1507 2435 1570 2462 erga
1588 2428 1723 2456 Christum

944 2475 1054 2503 oculum
1066 2475 1164 2501 animae
1176 2478 1384 2508 perpurgarunt.
1401 2473 1515 2508 Propter
1528 2473 1607 2500 istam
1622 2475 1726 2501 unctiu-

946 2529 1006 2549 nem
1037 2522 1135 2548 domus
1155 2521 1285 2548 orationis
1300 2521 1334 2548 ad
1347 2528 1443 2555 preces
1455 2521 1533 2548 nobis
1547 2521 1724 2549 auxiliantur.

946 2567 1039 2595 Uncta:
1055 2567 1126 2594 enim
1140 2569 1277 2600 unguento
1299 2566 1350 2593 hoc
1366 2565 1453 2596 ipsum
1469 2566 1550 2593 nobis
1563 2566 1641 2596 lluttt,
1653 2565 1723 2600 quod

945 2615 1088 2642 vocantur,
1120 2610 1250 2644 quoniam
1275 2609 1390 2637 effusum
1416 2613 1593 2645 unguentum,
1609 2609 1725 2637 advoca-

945 2662 1000 2685 tutn
1015 2661 1058 2684 est
1073 2656 1151 2683 nobis
1162 2655 1232 2690 apud
1249 2655 1333 2683 Deum
1349 2659 1376 2683 et
1391 2655 1509 2686 Patrem.
1525 2659 1552 2682 et
1566 2655 1602 2682 ob
1614 2655 1665 2682 hoc
1684 2654 1725 2688 ip-

943 2709 1014 2732 sum,
1035 2700 1106 2735 quod
1121 2700 1237 2727 cll‘usum
1257 2704 1308 2733 cst,
1325 2704 1353 2727 et
1366 2699 1485 2727 chrisma
1504 2698 1617 2730 factum,
1631 2702 1657 2725 et
1678 2705 1726 2725 us-

943 2755 995 2782 que
1010 2746 1042 2773 ad
1059 2745 1175 2772 animant
1187 2750 1308 2772 nostram
1320 2745 1435 2772 etinsutn
1453 2748 1504 2771 est.
1518 2743 1621 2772 Altaria
1633 2747 1725 2771 autem
