1976 3074
244 160 296 192 579

853 157 1005 187 NICOLAI
1027 157 1157 188 CABASI
1166 160 1186 188 Ι.
1200 158 1221 188 Ε

1804 165 1858 196 580

250 219 269 246 S
279 219 402 246 .|\atnris
414 216 555 245 imitantur
569 225 677 248 manus.
689 221 714 243 et
726 223 821 251 panem
832 224 849 257 ιι
862 223 954 245 mensa
965 216 1031 244 deli-

1084 217 1130 243 καὶ
1139 218 1183 243 τὸν
1197 218 1280 252 ἄρτον
1290 218 1343 245 ἀπὸ
1356 219 1403 253 τῆς
1417 220 1606 255 ἁληλιμμὲνης
1615 221 1755 256 τραπέζης
1764 221 1860 257 ὥσπερ

247 263 407 298 buta,velut
419 264 452 290 ab
463 262 618 296 incorrupta
638 262 682 288 illa
693 269 786 292 manu,
807 255 909 288 Christi
929 268 1029 295 corpus

247 311 441 344 accipimus,et
450 308 608 341 sanguinem
616 307 810 342 ejus_hibimus,
824 306 867 334 vel
875 311 903 334 ut
916 307 952 334 illi
962 314 1030 341 quos

248 354 487 388 Dominusiprimos
498 353 675 380 taliconvivio
690 353 802 388 accepit,
815 353 942 388 poculum
954 353 1031 387 plane

250 403 421 430 tremendum
441 401 597 436 propinans.
611 400 743 434 Quoniam
764 402 836 428 enim
850 401 986 435 ipseidem
1004 405 1031 428 et

248 448 376 475 sacerdos
412 451 462 479 est,
487 452 514 474 et
539 447 634 478 altare,
664 451 690 473 et
722 446 821 478 hostia,
850 450 876 473 et
903 445 1029 477 oﬂ'erens,

244 499 274 520 et
298 496 352 527 duo
380 492 473 525 oll‘ert,
495 497 522 519 et
548 492 620 526 quod
634 491 727 522 oﬂ‘ert;
757 492 892 527 mysteriis
912 499 968 519 rem
988 492 1031 518 di-

247 539 321 571 \‘tsit,
333 543 358 566 et
375 538 440 565 illud
459 537 521 572 puni
535 538 746 570 benedictionis,
760 537 812 564 hoc
829 542 968 572 unguento
982 538 1032 564 tri-

249 586 317 612 buit.
336 585 443 612 Etenim
461 585 547 612 altare
564 585 673 618 quidem
698 589 738 610 est
759 583 894 615 Salvator,
922 584 1030 611 sacriﬁ-

246 637 315 657 cans
330 635 439 665 propter
451 629 581 657 chrisma.
592 629 683 656 Altare
698 629 769 656 enim
785 629 847 656 inde
859 629 892 656 ab
902 629 979 657 initio
995 630 1033 656 in-

249 681 272 702 st
286 681 374 702 tutum
388 680 440 706 est,
455 678 483 702 ut
495 679 656 710 ungeretur;
674 679 700 700 (ιι
715 674 901 703 sacerdotibus
914 675 966 703 hoc
975 680 1034 703 erat

245 721 403 748 sacerdotes
419 727 479 748 esse
491 739 499 750 .
516 719 642 747 inunctos
659 726 728 747 esse.
746 719 917 747 Sacriﬁcium
942 726 1030 748 autent

249 771 360 800 propter
375 773 483 792 crucem
504 769 530 792 et
546 770 673 796 mortem,
701 772 754 799 qua
772 772 820 799 pro
836 765 882 792 Dei
900 769 926 793 et
944 765 1032 793 Patris

249 812 334 846 gloria
350 818 473 838 mortuus
492 814 534 837 est
551 818 558 839 :
573 815 686 838 mortem
703 818 784 844 porro
813 815 840 838 et
861 811 1033 839 immolatio-

248 864 310 885 nem
336 857 407 883 illam
425 856 632 888 annuntiamus,
648 858 767 891 quoties,
786 857 872 892 inquit
886 858 918 890 ",
936 865 1030 892 panem

249 903 323 930 hunc
342 901 522 930 comedimus.
539 901 651 936 Insuper
663 907 691 929 et
706 906 885 938 unguentum,
901 908 928 931 et
939 904 1032 932 unctio

249 952 291 976 est
319 948 451 975 Dominus
479 952 588 982 propter
610 949 740 983 Spiritum
766 954 901 976 sanctum.
927 949 1032 977 Idcirco

248 993 338 1021 facere
351 993 460 1028 quidem
475 994 648 1022 sanctissima
664 995 798 1028 omnium,
808 1000 835 1022 et
849 995 1031 1028 sanctilicare,

248 1044 277 1066 at
292 1039 468 1071 sanctiﬁcari,
483 1045 510 1067 et
521 1040 630 1074 quidvis
645 1041 752 1067 tandem
775 1039 830 1075 pati
848 1048 900 1067 non
916 1045 1030 1075 poterat.

250 1085 312 1113 Haec
336 1091 426 1114 autem
444 1086 548 1117 altaris.
569 1091 595 1113 et
618 1085 810 1120 sacriﬁcantis,
834 1091 861 1113 et
881 1085 1032 1117 olferentis.

247 1139 302 1159 non
317 1132 399 1159 oblati
418 1136 444 1159 ut
467 1132 614 1159 sacrilicati
629 1136 718 1159 erant.
732 1131 800 1159 Nam
816 1137 843 1159 et
863 1132 947 1159 altare
967 1140 1032 1160 san-

246 1178 368 1205 ctiticare
385 1178 485 1205 dicitur
500 1184 507 1203 :
525 1187 534 1203 ι
551 1177 656 1210 Altare,
672 1177 773 1212 inquit,
791 1177 864 1212 quod
882 1177 1033 1205 sanctiﬁcat

249 1224 351 1251 donum
367 1224 401 1253 “.
421 1232 430 1250 ι
449 1224 531 1252 Panis
546 1231 611 1251 vero
626 1228 736 1259 propter
751 1231 860 1251 carnem
876 1225 1031 1251 sanctiﬁca-

249 1274 304 1295 tam
322 1274 349 1296 et
379 1269 542 1300 deiﬁcatam.
559 1274 586 1297 et
601 1278 662 1305 quae
675 1270 755 1297 ambo
773 1270 840 1301 haec.
857 1274 913 1297 tum
930 1270 1033 1297 unctio-

249 1322 322 1346 nem,
342 1320 399 1341 tum
421 1315 512 1350 plagas
537 1316 652 1350 accepit.
677 1315 769 1350 lnquit
790 1315 861 1342 enim
876 1335 884 1349 ,
911 1324 921 1341 ‹
949 1316 1032 1343 Panis

247 1367 328 1395 quem
341 1368 390 1395 ego
406 1361 486 1393 dabo,
502 1368 567 1388 caro
581 1368 640 1388 mea
658 1366 708 1394 est,
724 1369 805 1396 quatit
821 1369 870 1395 ego
893 1361 964 1390 dabo
980 1362 1032 1397 (vi-

247 1407 345 1434 deliCct
357 1405 527 1441 sacriﬁcans)
544 1414 593 1442 pro
613 1407 705 1434 mundi
723 1408 777 1434 vita
793 1407 828 1435 ".
847 1417 856 1433 ι
877 1408 938 1436 Ideo
951 1408 1031 1436 otl‘er-

249 1459 295 1480 tur
308 1453 418 1488 quldem
435 1456 465 1479 ut
477 1453 565 1486 panis,
580 1452 658 1480 oﬂ'ert
673 1458 764 1481 autem
788 1459 818 1481 ut
839 1459 1008 1489 unguentum
1022 1474 1029 1488 ,

247 1504 274 1526 et
292 1503 378 1526 semet
396 1507 504 1526 carnem
521 1499 661 1532 deiﬁcans,
697 1505 725 1527 et
746 1508 795 1527 nos
812 1502 950 1529 unctionis
966 1509 1031 1529 con-

1081 262 1136 288 ἀπὸ
1150 264 1199 297 τῆς
1228 264 1367 298 ἀκηράτου
1381 265 1472 298 χειρὸς
1490 266 1597 300 ἐκείνης
1612 266 1731 301 Χριστοῦ
1749 268 1859 302 κομιζό-

1083 307 1151 340 μεθα
1168 308 1257 341 σῶμα,
1274 308 1319 334 καὶ
1334 309 1447 342 πῖνομεν
1462 310 1509 336 τοῦ
1529 311 1643 344 αἵματος
1664 311 1757 344 αὐτοῦ,
1773 313 1860 340 καθά.

1081 361 1133 387 περ
1145 351 1185 385 οἷς
1204 354 1321 389 πρώτοις
1338 357 1352 381 ὸ
1365 356 1503 389 Δεσπότης
1525 356 1573 391 τῆς
1600 357 1675 390 ίερᾶς
1697 358 1861 392 ἐκοινώνησε

1081 398 1231 434 τραπέζης,
1244 400 1292 434 τὴν
1307 401 1408 435 φρίκης
1421 401 1560 436 γέμουσαν
1585 403 1745 438 φιλοτησίαν
1760 405 1861 438 προπίο

1081 453 1143 472 νων.
1166 446 1241 471 Ἐπεὶ
1253 447 1306 480 γὰρ
1326 447 1339 472 ὸ
1353 447 1433 478 αὐτὸς
1448 448 1496 474 καὶ
1518 448 1606 482 ἱερεύς
1628 449 1686 475 ἐστι
1707 449 1863 476 καὶθυσια-

1082 491 1202 526 στήριον,
1220 492 1265 518 καὶ
1280 491 1360 518 θυσία
1378 493 1425 519 καὶ
1442 494 1600 528 προσάγων,
1626 495 1674 521 καὶ
1685 495 1719 521 δι’
1732 491 1762 521 οὗ
1779 504 1863 530 προσ-

1081 536 1142 570 άγει
1160 536 1230 563 καὶὸ
1246 538 1389 572 προσάγει,
1403 539 1458 577 τοῖς
1475 540 1636 574 μυστηρίοις
1653 540 1759 572 διεῖλεν,
1774 542 1863 566 ἐκεῖνο

1083 582 1133 616 μὲν
1149 583 1187 617 τῷ
1211 583 1261 617 τῆς
1283 583 1408 617 εὐλογίας
1425 585 1510 620 ἄρτῳ.
1528 585 1615 612 ταῦτα
1626 586 1654 612 δὲ
1679 586 1718 621 τῷ
1735 586 1813 621 μύρῳ
1824 587 1864 612 δι-

1081 625 1153 658 δούς.
1170 628 1223 654 Καὶ
1235 628 1290 662 γὰρ
1303 628 1491 665 θυσιαστήριον
1507 631 1555 664 μέν
1567 631 1640 657 ἐστιν
1653 632 1666 658 ὁ
1686 632 1793 666 Σωτὴρ,
1813 634 1860 659 καὶ

1083 671 1153 699 θύων
1165 672 1209 699 διὰ
1219 674 1249 699 τὸ
1262 675 1366 708 χρίσμα
1375 682 1382 690 ·
1398 676 1428 701 τά
1442 684 1471 701 τε
1485 675 1539 711 γὰρ
1555 675 1747 712 θυσιαστήριον
1758 678 1862 704 ἄνωθεν

1081 718 1153 744 οὓτω
1166 718 1312 746 καθίστατο
1327 721 1481 755 χριόμενον,
1503 722 1559 753 τοῖς
1571 730 1600 748 τε
1614 722 1716 757 ίερεῦσι
1736 723 1816 749 τοῦτο
1830 721 1863 758 ἧν

1084 763 1202 798 ἱερεῦσιν
1231 762 1301 790 εἶναι
1328 765 1357 791 τὸ
1374 767 1493 800 χριστοῖς
1515 765 1595 798 εἶναι,
1618 767 1698 795 θυσία
1714 768 1741 794 δὲ
1754 768 1797 794 διὰ
1816 769 1862 794 τὸν

1086 810 1202 844 σταυρὸν
1213 811 1258 837 καὶ
1272 811 1316 837 τὸν
1332 811 1456 841 θάνατον.
1472 812 1531 838 ἀνθ’
1541 809 1579 839 ὧν
1594 812 1663 848 ὑπὲρ
1674 813 1723 848 τῆς
1737 813 1784 841 τοῦ
1793 813 1862 840 Θεοῦ

1084 855 1131 881 καὶ¹
1149 855 1253 890 Πατρδς
1279 856 1398 883 ἀπέθανε
1417 857 1512 892 δόξης·
1532 858 1576 883 τὸν
1589 857 1702 884 θάνατον
1715 858 1743 885 δὲ
1759 867 1863 892 καταγο

1083 900 1213 935 γέλλομεν
1227 902 1273 928 καὶ
1287 902 1336 936 τὴν
1366 903 1485 937 σφαγὴν,
1501 903 1609 934 ὁσάκις,
1634 903 1711 938 φησὶ,
1724 905 1769 931 τἰν
1780 904 1862 939 ἄρτον

1082 947 1176 973 τοῦτον
1189 947 1325 982 ἐσθίομεν.
1343 948 1403 974 Ἔτι
1420 948 1449 975 δὲ
1469 948 1552 984 μύρον
1567 949 1618 982 μέν
1633 950 1707 976 ἐστιν
1718 951 1731 976 ὁ
1745 950 1862 984 Χριστὸς

1083 992 1131 1018 καὶ
1157 993 1262 1027 χρίσμα
1290 993 1334 1020 διὰ
1350 994 1380 1019 τὸ
1398 994 1509 1029 Πνεῦμα
1535 995 1565 1020 τὸ
1579 994 1668 1028 ἅγιον,
1685 995 1718 1021 δι’
1734 995 1748 1021 ὃ
1762 995 1862 1029 δρᾶσαι

1084 1038 1134 1071 μὲν
1159 1040 1193 1063 τᾶι
1212 1037 1347 1073 ίερώτατα
1367 1039 1476 1065 πάντων
1490 1040 1537 1066 καὶ
1555 1040 1678 1073 ἁγιάσαι,
1693 1040 1862 1075 ἅγιασθῆναι

1082 1084 1110 1110 δὲ
1121 1084 1167 1110 καὶ
1180 1084 1269 1110 ὁτιοῦν
1285 1084 1382 1111 παθεῖν
1395 1084 1472 1111 οὐδὲν
1487 1083 1555 1119 εῖχε.
1569 1085 1663 1112 Ταῦτα
1672 1086 1700 1112 δὲ
1716 1086 1862 1122 θυσιαστη-

1085 1129 1144 1163 ρίου
1159 1138 1187 1155 τε
1212 1126 1245 1165 ἦν
1264 1130 1311 1157 καὶ
1326 1130 1436 1161 θύοντος
1462 1131 1509 1157 καὶ
1527 1132 1723 1166 προσάγοντος,
1738 1131 1768 1157 οὐ
1780 1139 1864 1166 προσ-

1083 1176 1218 1209 αγομένου
1236 1176 1283 1202 καὶ
1298 1175 1449 1210 θυομένου·
1466 1177 1513 1203 καὶ
1535 1177 1589 1211 γὰρ
1607 1178 1654 1203 καὶ
1668 1177 1699 1203 τὸ
1719 1177 1866 1212 θυσιαστή-

1085 1229 1141 1256 ριον
1155 1221 1277 1254 ἁγιάζειν
1290 1222 1411 1256 λέγεται,
1433 1232 1442 1248 ι
1461 1223 1498 1250 Τὸ
1510 1223 1699 1258 ουσιαστήριον
1711 1223 1776 1258 γὰρ,
1786 1225 1864 1258 φησι,

1082 1267 1112 1293 τὺ
1127 1267 1242 1301 ἀγίαζον
1261 1267 1291 1295 τὸ
1317 1268 1415 1303 δῶρον,
1433 1277 1444 1295 ι
1460 1269 1541 1304 ἄρτος
1554 1269 1583 1296 δὲ
1600 1268 1648 1303 τῆς
1668 1269 1768 1304 σαρκὸς
1783 1269 1865 1295 ἓνεκα

1082 1313 1131 1347 τῆς
1147 1313 1324 1349 ἀγιασθείσης
1337 1315 1386 1341 καὶ
1403 1314 1554 1350 θεωθείσης
1569 1314 1616 1342 καὶ
1631 1315 1713 1350 ἄμφω
1726 1315 1823 1347 ταῦτα,
1834 1317 1866 1342 τό

1082 1366 1111 1384 τε
1141 1359 1245 1394 χρίσμα
1265 1359 1416 1394 δεξαμένης
1442 1362 1490 1387 καὶ
1508 1360 1558 1395 τὴν
1582 1360 1699 1395 πληγήν.
1727 1368 1736 1386 ι
1762 1360 1792 1387 ’0
1809 1360 1865 1395 γὰρ

1082 1403 1176 1438 ἄρτος,
1203 1405 1296 1439 φησὶν,
1315 1405 1344 1431 ὃν
1360 1404 1415 1438 ἐγὼ
1432 1405 1521 1438 δώσω,
1538 1405 1554 1440 ή
1572 1405 1641 1440 σάρξ
1658 1406 1707 1440 μού
1733 1407 1818 1436 ἐστιν,
1832 1407 1866 1441 ἢν

1082 1450 1138 1484 ἐγὼ
1151 1450 1230 1478 δώσω
1242 1471 1249 1484 ,
1267 1460 1277 1477 ι
1304 1451 1426 1487 δηλονότι
1444 1451 1515 1479 θύων
1543 1452 1612 1487 ὑπὲρ
1626 1452 1677 1486 τῆς
1693 1451 1741 1478 τοῦ
1759 1452 1865 1487 κόσμου

1083 1494 1166 1529 ζωῆς.
1179 1495 1229 1522 Διὰ
1239 1495 1326 1522 ταῦτα
1339 1498 1508 1531 προσάγεται
1521 1497 1571 1532 μὲν
1583 1497 1619 1529 ὡς
1628 1498 1718 1532 ἄρτος,
1729 1500 1867 1533 προσάγει

247 1550 338 1572 sortes
356 1545 504 1580 accipiens.
524 1544 645 1578 Quorum
663 1550 754 1581 typum
779 1545 863 1574 Jacob
886 1547 1031 1575 subosten-

1083 1539 1162 1572 δὲηώς
1179 1540 1276 1576 μύρον,
1300 1542 1348 1568 καὶ
1375 1542 1472 1569 ἑαυτὸν
1486 1543 1536 1578 τὴν
1563 1544 1654 1579 σάρκα.
1681 1543 1786 1575 θεώσας
1818 1547 1867 1572 καὶ

247 1590 327 1622 dens,
344 1597 406 1616 cum
422 1590 540 1625 lapidem
559 1591 620 1618 oleo
639 1592 773 1625 unxissel,
794 1592 908 1620 Domino
924 1593 1034 1621 dedica-

248 1635 287 1661 vit
300 1634 334 1666 ¹⁶,
351 1635 375 1661 ei
393 1635 521 1669 ungendo
536 1635 654 1663 otl'erens
666 1643 673 1661 :
686 1636 745 1664 sive
756 1644 866 1664 carnem
881 1636 1033 1666 Salvatoris

247 1687 383 1707 summum
400 1680 562 1714 angularem
583 1681 700 1715 lapidem
721 1682 876 1714 insinuans,
897 1689 1032 1717 quatenus

247 1725 395 1752 divinitatis
421 1717 516 1752 etl‘udit
543 1731 713 1761 unguentum
740 1734 822 1755 verus
840 1727 935 1761 Israel,
956 1736 1033 1757 mens

247 1779 309 1805 qua‘
324 1771 380 1798 sola
397 1773 472 1798 novit
485 1771 605 1805 Patrem;
623 1773 680 1799 sive
695 1780 755 1806 nos,
771 1780 841 1807 quos
856 1782 888 1800 ex
899 1774 1033 1809 lapidibus

247 1814 375 1841 excitavit
388 1814 459 1843 ﬁlios
471 1816 596 1849 Abrahaz,
613 1817 762 1852 participes
773 1818 902 1845 unctione
915 1818 1032 1847 faciens.

247 1858 368 1894 Spiritus
385 1861 457 1888 enim
475 1867 586 1889 sanctus
601 1869 683 1897 super
701 1869 797 1890 unctos
813 1864 927 1898 elfusus,
941 1870 968 1892 et
981 1865 1033 1893 alia

247 1905 336 1938 nobis,
349 1910 378 1932 et
390 1905 507 1940 Spiritus
524 1907 681 1942 adoptionis
698 1909 815 1936 liliorum
831 1914 893 1938 est:
913 1919 922 1936 ι
944 1911 977 1938 Ει
993 1916 1034 1938 te-

247 1951 417 1983 stimonium,
437 1953 536 1988 inquit,
550 1954 641 1981 reddit
655 1955 762 1990 spiritui
778 1961 883 1989 nostro,
898 1958 970 1992 quod
985 1957 1034 1985 ﬁlii

248 1995 292 2022 Dei
313 2004 420 2029 sumus,
437 1999 462 2024 in
479 1999 607 2026 cordibus
622 2001 723 2028 nostris
742 2001 876 2034 clamans,
888 2002 964 2029 Abba
980 2002 1031 2030 Pa-

248 2046 288 2066 ter
303 2040 338 2067 “.
361 2049 370 2066 ι
386 2042 426 2068 Ad
449 2042 505 2069 btec
523 2043 634 2077 prodest
650 2045 851 2073 sanctissimum
865 2051 1033 2082 unguentum

247 2084 402 2113 volentibus
416 2085 443 2113 in
457 2086 567 2114 Christo
585 2088 664 2115 vitam
683 2090 804 2125 exigere.

1083 1586 1158 1620 ἡμᾶς
1186 1586 1330 1621 λαμϐάνων
1347 1586 1394 1613 τοῦ
1409 1588 1558 1624 χρίσματος
1579 1591 1735 1622 κοινωνοὺς,
1751 1587 1789 1616 ὧν
1813 1591 1867 1617 ’ῐαα

1084 1631 1142 1658 διὼὸ
1157 1631 1316 1666 ὑποφαίνων
1330 1633 1376 1660 τὸν
1391 1634 1477 1661 τύπον
1502 1634 1585 1670 ἐλαίῳ
1604 1635 1678 1662 λίθον
1689 1636 1802 1670 ἀλείψας
1817 1638 1866 1663 ἁν-

1083 1678 1166 1714 έθφιε
1189 1678 1229 1714 τῷ
1256 1679 1326 1714 Θεῷ,
1343 1680 1431 1715 τούτῳ
1444 1681 1476 1715 δὴ
1501 1681 1539 1714 τῷ
1553 1684 1645 1716 χρῖσαι
1663 1683 1847 1717 προσαγαγών
1858 1692 1866 1700 ”

1083 1724 1138 1750 εἴτε
1151 1725 1201 1758 τὴν
1214 1725 1303 1760 σάρκα
1313 1727 1360 1752 τοῦ
1374 1727 1501 1762 Σωτῆρος
1513 1727 1558 1754 τὸν
1572 1728 1771 1763 ἀκρογωνιαῖον
1782 1731 1867 1757 αἰνιτ-

1083 1769 1195 1804 τόμενος
1215 1770 1298 1804 λίθον,
1349 1771 1379 1797 τὺ
1403 1772 1451 1806 τῆς
1480 1772 1607 1806 θεότητος
1631 1774 1729 1809 ὲπέχεε
1749 1775 1837 1810 μύρον
1852 1777 1868 1802 ὁ

1083 1814 1210 1850 ἀληθινὸς
1231 1814 1349 1852 Ἰσραὴλ.
1365 1817 1379 1843 ὁ
1394 1816 1456 1849 νοῦς
1471 1818 1484 1844 ὁ
1501 1818 1583 1853 μόνος
1595 1819 1675 1851 εἰδὼς
1686 1820 1731 1846 τὸν
1744 1821 1866 1854 Πατέρα,

1083 1861 1138 1887 εἴτε
1154 1862 1240 1896 ἡμᾶς,
1256 1862 1303 1894 οὒς
1327 1863 1360 1889 ἐκ
1384 1863 1438 1891 τῶν
1454 1863 1536 1891 λίθων
1555 1864 1638 1897 αὐτὸς
1665 1866 1767 1899 ἐγείρει
1783 1867 1867 1892 τέκνα.

1084 1907 1125 1942 τῷ
1140 1907 1268 1943 Ἀϐραὰμ
1283 1908 1321 1944 τῷ
1339 1909 1501 1943 μεταδοῦναι
1517 1910 1564 1936 τοῦ
1579 1911 1742 1945 χρίσματος.
1761 1912 1797 1938 Τὸ
1812 1913 1868 1948 γὰρ

1085 1953 1198 1989 Πνεῦμα
1214 1955 1245 1981 τὸ
1262 1954 1339 1989 ἅγιον
1353 1957 1532 1991 ἐπιχεόμενον
1543 1959 1699 1992 χριομένοις
1709 1959 1744 1985 τά
1755 1967 1787 1985 τε
1799 1960 1868 1986 ἄλλα

1085 2000 1152 2034 ἡμῖν
1170 2002 1217 2027 καὶ
1236 2001 1344 2036 πνεῦμα
1362 2003 1498 2035 υἱοθεσίας
1513 2005 1573 2031 ἐστὶ
1594 2006 1641 2031 καὶ
1659 2014 1669 2031 ι
1687 2008 1835 2041 μαρτυρεῖ,
1855 2017 1865 2033 ι

1085 2045 1163 2079 φησὶ,
1174 2054 1184 2071 ι
1196 2045 1236 2080 τῷ
1249 2047 1384 2082 πνεύματι
1400 2048 1490 2083 ἡμῶν,
1502 2050 1543 2075 ὅτι
1559 2050 1641 2085 ἐσμὲν
1654 2051 1735 2077 τέχνα
1745 2051 1825 2084 Θεοῦ,
1838 2055 1867 2078 ἐν

1084 2091 1144 2121 ταῖς
1175 2091 1299 2126 καρδίαις
1326 2093 1404 2127 ἡμῶν
1433 2095 1551 2129 κράζον·
1575 2096 1659 2122 Ἀὄὸᾶ
1684 2098 1698 2122 ὁ
1727 2098 1831 2133 Πατήρ.
1853 2108 1863 2123 ι

1086 2134 1205 2161 Τοιαῦτα
1222 2136 1316 2171 βοηθεῖ
1326 2137 1357 2163 τὸ
1373 2137 1510 2165 θειότατον
1528 2140 1615 2175 μύρον
1624 2143 1680 2173 τοῖς
1694 2141 1744 2177 ζῇν
1760 2144 1790 2168 ὲν
1800 2144 1854 2169 Xo:

1086 2181 1141 2217 στῷ
1155 2182 1338 2217 βουλομένοις.

287 2257 307 2273 ¹ῖ
323 2258 407 2286 lCor.
420 2267 460 2292 xx.
480 2261 525 2290 26.
564 2263 585 2278 "
603 2263 696 2292 Matth.
720 2273 797 2300 um,
815 2267 858 2295 l9.
898 2268 918 2284 "
937 2267 1018 2298 Joan.
1035 2279 1072 2305 vr,
1096 2271 1195 2299 35-55.
1235 2272 1258 2289 “
1275 2273 1343 2302 Gen.
1360 2282 1454 2310 xxvut,
1472 2278 1514 2306 19.
1553 2279 1574 2294 ¹¹
1597 2281 1677 2308 Rom.
1694 2289 1754 2314 vnt,
1769 2282 1803 2310 15
