1976 3074
113 125 162 158 585

623 129 673 159 DE
693 128 838 160 VlTA-IN
852 128 1018 160 CHRISTO
1038 129 1111 161 [ΑΒ.
1135 129 1186 160 IV.

1677 129 1730 175 ses

146 185 176 211 Ὢ
202 184 249 212 τοῦ
288 185 422 220 μεγέθους
447 185 503 213 τῶν
543 186 719 221 μυστηρίωνί
748 183 810 213 Οῖον
838 186 891 221 γάρ

977 186 1000 213 0
1015 187 1207 221 mysteriorum
1222 186 1446 220 magnitudinem!
1460 186 1596 219 Quantum
1604 191 1644 214 est
1655 177 1728 215 enim

114 231 169 259 ιστι
193 231 239 259 τὸν
269 232 316 259 τοῦ
346 233 465 268 Χριστοῦ
498 232 560 260 νοῦν
585 233 624 267 τῷ
638 233 765 268 ἡμετέρῳ
795 233 895 268 συμμί-

113 277 155 311 ξαι
171 277 220 312 νῷ,
241 280 289 305 καὶ
317 278 427 314 θελήσει
441 279 550 310 θέλησιν
561 279 668 314 ἐκείνην
683 279 729 306 καὶ
745 279 824 313 σῶμα
843 278 895 305 σώ-

115 332 176 358 ματι
191 325 239 350 καὶ
259 323 328 358 αἷμα
341 325 437 359 αἵματι
453 325 635 360 κεμσθῆναι·
650 322 706 356 οἶος
737 324 787 359 μὲν
806 326 820 351 ό
830 325 893 356 νοῦς

114 370 176 404 ἡμῖν
191 370 237 396 τοῦ
250 369 323 396 θείου
342 371 602 406 κατακρατήσαντος
616 371 672 403 νοῦ,
688 370 734 398 οἵα
761 371 788 397 δὲ
805 371 820 406 ἠ
851 370 895 397 θέ-

113 415 186 449 λησις
205 415 254 450 τῆς
270 415 408 450 μακαρίας
422 416 560 451 θελήσεως
583 415 812 451 περιγενομένης,
839 412 895 447 οἷος

113 459 139 486 δὲ
156 459 219 494 χοῦς
246 460 294 487 τοῦ
312 460 398 495 πυρὸς
424 461 670 496 ὑπερνενικηκότος
699 461 820 487 ὲκείνουί
843 461 896 487 Καὶ

115 505 165 541 μὴν
181 506 222 532 ὅτι
243 506 330 532 ταῦτα
349 505 422 533 οὕτω
450 507 596 541 συμϐαίνει
625 506 747 534 δείκνυσι
779 506 894 538 Παῦλος,

113 551 173 578 οὔτε
189 551 252 577 νοῦν
264 552 344 583 αὐτὸς
360 551 432 587 ἔχειν
451 551 496 578 τὸν
507 551 608 578 ἑαυτοῦ
632 551 695 578 οὔτε
710 552 818 588 θέλησιν
847 552 897 586 φά-

115 605 185 625 σκων
196 597 257 624 οὔτε
273 598 359 632 ζωὴν,
373 597 440 626 ἀλλὰ
461 598 549 625 πάντα
571 597 657 625 ταῦτα
668 598 744 633 αὐτῷ
769 598 896 632 γενέσθαι

113 643 239 677 Χριστόν·
253 644 300 670 καὶ
335 643 401 678 γὰρ,
428 644 521 670 «Νοῦν
539 643 658 678 Χριστοῦ
689 643 799 679 ἔχομεν,
812 653 821 670 1
839 644 895 677 καὶ,

118 689 262 724 ιΔοκιμὴν
288 689 407 723 ζητεῖτε,
436 689 515 723 φησὶ,
547 689 595 716 τοῦ
614 690 644 716 ὲν
669 689 731 724 ἐμοὶ
755 689 898 721 λαλοῦντος

115 734 262 768 Χριστοῦ,ι
282 735 342 766 καὶ,
355 725 567 769 ιΔοκῶΪΙνεῦμα
576 734 642 761 Θεοῦ
652 735 734 770 ἔχειν.
749 744 758 761 ι
770 736 826 768 καὶ,
838 736 898 762 (Φι-

113 779 150 805 λῶ
165 780 236 815 ὑμᾶς
253 781 281 806 ὲν
299 780 445 814 σπλάγνοις
465 780 553 816 Ἰησοῦ
570 781 699 816 Χριστοῦ·
717 781 803 808 »ιὸθεν
818 781 898 815 δῆλος

113 823 144 860 ἦν
159 826 208 860 τὴν
225 825 307 861 αὐτὴν
323 826 420 861 ἐκείνῳ
433 826 540 861 θέλησιν
559 825 644 861 ἔχων*
661 827 708 854 καὶ
719 827 807 854 πάντα
835 835 898 853 συν-

947 231 1049 260 Christi
1065 237 1183 260 mentem
1200 239 1231 259 ac
1246 240 1358 260 sensum
1381 239 1481 259 nostrae
1497 233 1581 260 menti
1597 234 1729 268 copulari,

947 282 974 304 et
998 278 1129 305 voluntati
1153 283 1254 306 nostrae
1279 278 1353 306 illius
1383 279 1561 310 voluntatem,
1579 283 1606 306 et
1629 287 1730 314 corpus

946 321 1018 348 illius
1028 325 1124 350 nostro
1134 321 1242 356 corpori
1258 322 1402 349 admisceri
1413 323 1419 348 l
1430 322 1523 355 Qualis
1532 328 1625 350 nostra
1640 331 1730 356 mens,

946 367 1036 394 diuua
1052 371 1140 394 mente
1159 367 1468 402 obtinenteimperium!
1485 368 1579 401 Qualis
1595 370 1731 405 volumus,

946 413 1025 440 beata
1048 412 1094 440 illa
1115 413 1255 441 voluntate
1282 419 1440 451 superante.
1474 414 1569 448 Qualis
1586 420 1667 449 terra,
1697 418 1731 445 ab

947 459 1008 494 igne
1022 459 1067 486 illo
1084 460 1163 494 longe
1178 460 1259 487 victa.
1276 459 1338 487 Haec
1350 467 1432 494 porro
1446 461 1482 487 ita
1499 462 1608 489 evenire
1622 462 1731 490 'Paulus

944 504 1117 536 testiﬁcatur,
1143 504 1207 531 dum
1234 511 1263 530 se
1282 511 1332 531 nec
1355 509 1474 532 tuentem
1497 513 1527 532 ac
1544 513 1667 539 sensum,
1682 515 1732 535 nec

946 550 1124 584 voluntatem,
1142 557 1192 578 nec
1205 550 1287 577 vitam
1309 558 1385 577 suam
1404 551 1513 583 habere,
1534 552 1581 579 sed
1597 553 1654 580 haec
1670 561 1731 580 om-

946 596 991 624 nia
1001 596 1139 624 Christum
1150 596 1200 624 sibi
1219 596 1321 624 factum
1336 604 1396 624 esse
1413 598 1566 626 confirmat.
1579 600 1624 626 Ait
1638 601 1709 627 enim
1722 609 1729 627 :

950 641 1020 670 «Nos
1037 650 1148 670 sensum
1164 642 1265 670 Christi
1281 643 1441 670 habemus"
1454 651 1461 675 ;
1476 652 1485 669 ι
1500 648 1536 677 et,
1552 653 1561 670 ι
1575 646 1615 672 An
1630 647 1733 681 experi-

948 692 1068 715 mentum
1089 688 1211 722 quazritis
1226 688 1298 722 ejus,
1313 688 1360 722 qui
1389 689 1416 716 in
1442 696 1485 716 me
1510 689 1632 723 loquitur
1652 691 1734 718 Chri~

947 738 1007 761 stus
1019 734 1041 749 "
1053 733 1106 760 ‘iEt
1120 742 1128 760 :
1144 733 1227 761 «Puto
1241 738 1333 761 autem
1344 734 1417 768 quod
1438 738 1465 761 et
1479 741 1529 769 ego
1544 734 1675 769 Spiritum
1686 736 1732 764 Dei

948 779 1061 806 habeam
1075 780 1119 812 ";
1139 789 1148 805 1
1176 784 1204 806 et
1221 787 1228 806 :
1245 789 1253 805 ι
1265 779 1351 814 Diligo
1369 787 1416 806 vos
1443 780 1469 806 in
1493 779 1643 809 visceribus
1667 782 1732 809 Jcsu

949 823 1049 852 Christi
1062 825 1084 840 ⁸⁸
1099 833 1106 858 ς
1124 833 1134 850 ι
1153 832 1188 852 ex
1210 831 1266 859 quo
1281 828 1364 859 patet,
1395 825 1419 851 ei
1440 832 1573 852 summam
1598 834 1659 853 cum
1687 827 1734 854 illo

113 871 190 904 ελὼν,
211 881 220 898 ι
240 872 282 898 Ζῶ
298 872 326 898 δὲ
339 872 430 899 οὐκέτι
445 872 510 906 ἐγὼ,
524 873 601 907 φησὶ,
617 872 650 907 ζῇ
671 873 699 899 δὲ
713 874 742 899 ὲν
756 872 817 908 ἐμοὶ
830 872 897 906 Χρι-

952 870 1118 897 voluntatem
1150 871 1416 905 consensionemque
1431 870 1516 898 fuisse
1536 872 1562 898 in
1579 873 1708 900 omnibus
1724 881 1732 900 :

114 918 184 949 στός.
198 927 208 943 ι
223 917 301 944 Οὕτω
319 918 423 945 τέλειόν
435 919 493 945 ἐστι
512 919 663 953 μυστήριον
684 919 795 953 τελετῆς
823 919 896 945 ἁπά-

114 971 163 998 σης
178 963 363 998 διαφερόντως
382 965 431 991 καὶ
451 964 505 991 τῶν
529 964 640 998 ἀγαθῶν
664 964 707 991 ἐπ’
730 964 816 999 αὐτὴν
835 964 897 998 ἄγει

113 1008 161 1044 τὴν
181 1008 314 1044 κορυφὴν,
333 1009 393 1035 ἐπεὶ
406 1010 453 1036 καὶ
470 1009 561 1046 πάσης
589 1009 763 1045 ἀνθρωπείας
779 1009 898 1044 σπουδῆς

112 1053 228 1080 ἐνταῦθα
242 1054 274 1090 δὴ
291 1054 320 1080 τὸ
333 1054 448 1090 ἔσχατον
461 1055 548 1086 τέλος.
564 1054 634 1081 Θεοῦ
652 1054 706 1089 γὰρ
721 1054 804 1081 αὐτοῦ
834 1062 898 1088 τυγ-

112 1099 229 1134 χάνομεν
244 1101 273 1126 ἓν
288 1100 361 1136 αὐτῷ
377 1101 425 1127 καὶ
442 1101 508 1132 Θεὸς
519 1101 585 1135 ἡμῖν
602 1099 710 1127 ἑνοῦται
733 1100 783 1134 τὴν
799 1099 897 1126 ἕνωσιν

112 1145 161 1179 τὴν
174 1145 342 1180 τελεωτάτην
355 1154 363 1162 ·
377 1145 425 1173 τοῦ
442 1146 497 1181 γὰρ
512 1145 542 1173 ἐν
557 1146 665 1181 πνεῦμα
679 1145 748 1181 μετὰ
764 1145 812 1172 τοῦ
828 1145 897 1172 Θεοῦ

112 1190 249 1224 γενέσθαι,
259 1192 302 1224 τίς
318 1192 351 1219 ἂν
371 1192 556 1227 ἀκριὸεστέρα
571 1192 674 1227 γένοιτο
691 1193 813 1227 συναφή;

147 1328 198 1355 Διὰ
210 1327 298 1356 ταῦτα
318 1328 366 1356 καὶ
377 1328 434 1359 τοῖς
448 1327 537 1360 ἄλλοις
554 1327 716 1362 μυστηρίοις
734 1326 764 1354 τὸ
784 1326 899 1358 τελείοις

114 1371 183 1401 εἶναι
195 1375 344 1409 παρέχεται
374 1374 441 1409 μόνη
462 1374 578 1401 τελετῶν
598 1374 614 1410 ἡ
644 1373 830 1408 Εὑχαριστία·
852 1372 900 1400 καὶ

114 1419 207 1455 βοηθεῖ
225 1419 274 1454 μὲν
301 1420 392 1451 αὐτοῖς
404 1419 547 1454 παράὒτὺ
571 1419 601 1445 τὸ
629 1418 766 1447 τελεῖσθαι
791 1417 900 1445 τελέσαι

114 1466 153 1501 μὴ
171 1465 332 1500 δυναμένοις
352 1465 437 1501 χωρὶς
460 1465 555 1500 αὐτῆς,
584 1464 678 1500 βοηθεῖ
703 1463 731 1491 δὲ
757 1464 827 1499 μετᾶ
851 1463 900 1498 τὴν

113 1512 255 1541 τελείωσιν
284 1513 313 1539 ὲν
340 1513 397 1543 τοῖς
415 1511 594 1543 τελεσθεῖσιν,
619 1510 728 1537 ἐπειδὰν
755 1509 900 1545 ἁμαρτιῶν

115 1559 206 1586 σκότει
225 1558 275 1592 τὴν
288 1557 342 1584 ἀπὸ
357 1557 412 1584 τῶν
431 1556 591 1592 μυστηρίων
606 1556 705 1582 ἀκτῖνα
721 1554 900 1590 συγχεοεϊσαν

113 1603 309 1632 ἀνακαλεῖσθαι
352 1603 449 1638 δεήσῃ.
479 1602 515 1629 Τὸ
541 1601 597 1636 γὰρ
637 1600 813 1631 ἐκλείποντας
852 1599 911 1626 καὶ·

114 1650 315 1686 νεκρουμένους
326 1648 477 1684 ἁμαρτίαις
492 1647 571 1679 αὖθις
591 1645 822 1678 ἀναειὼσκετθαι,
850 1645 899 1680 μό-

113 1705 162 1732 νης
173 1696 223 1731 τῆς
235 1695 375 1731 τραπέζης
390 1694 471 1729 ἔργον
479 1693 528 1728 τῆς
545 1693 631 1728 ἱερᾶς.
647 1693 684 1719 Οὐ
696 1692 750 1728 γὰρ
768 1693 840 1719 ἔστιν
854 1692 900 1719 ἀν-

113 1743 240 1778 θρωπεία
254 1742 369 1776 δυνάμει
384 1741 431 1768 τὸν
443 1740 586 1775 ἄνθρωπον
601 1739 750 1773 ἀναστῆναι
771 1738 899 1772 πεσόντα,

112 1788 176 1815 οὐδὲ
198 1787 299 1814 κακίαν
316 1785 470 1822 ἀνθρώπων
488 1785 645 1820 ἀνθρωπεία
661 1784 775 1819 λυθῆναι
799 1785 900 1810 δικαιο-

114 1834 183 1868 σύνῃ
193 1841 200 1848 ·
214 1832 245 1858 τὸ
261 1832 316 1868 γὰρ
333 1832 501 1867 ἁμαρτάνειν
516 1831 556 1862 είς
572 1830 653 1857 αὑτὸν
680 1831 726 1857 τὸν
741 1830 807 1856 Θεὸν
822 1830 900 1865 φέρει

112 1878 162 1913 τὴν
189 1877 268 1912 ὓϐριν
279 1886 286 1893 ·
303 1877 374 1903 (Διὰ
390 1876 445 1911 τῆς,
457 1875 641 1912 παραϐάσεως
658 1874 722 1910 γὰρ,
750 1875 827 1909 φησι,
852 1874 899 1901 τοῦ

114 1925 202 1959 νόμου
227 1923 275 1950 τὸν
307 1923 373 1950 Θεὸν
400 1922 554 1957 ἀτιμάζεις,
574 1931 583 1948 ι
600 1921 647 1947 καὶ
675 1921 717 1947 δεῖ
747 1920 899 1955 μείζονοςῆ

114 1969 188 1996 κατά
218 1969 362 2004 ἄνθρωπον
376 1967 490 2003 ἀρετῆς,
508 1968 525 2003 ἢ
546 1967 577 1994 τὸ
604 1966 731 2002 ἔγκλημα
756 1965 901 2001 δυνήσεται

112 2016 206 2043 λῦςαι.
222 2015 274 2041 Τὸν
290 2014 345 2049 γὰρ
357 2014 497 2049 ἐλάχιστον
515 2013 556 2044 είς
568 2013 614 2038 τὸν
638 2011 767 2046 μέγιστον
791 2010 901 2045 ὑδρίσαι

114 2062 167 2097 μὲν
184 2061 303 2095 μάλιστα
328 2061 375 2087 καὶ
390 2060 574 2095 διαφερόντως
604 2058 725 2093 εὐχερὲς,
746 2056 901 2092 ἀντισηκῶ-

113 2116 161 2134 σαι
179 2108 208 2134 δὲ
225 2108 292 2142 τιμῇ
311 2106 360 2140 τὴν
377 2105 455 2141 ὓϐριν
472 2106 626 2140 ἀμήχανον,
640 2104 688 2130 καὶ
714 2102 821 2138 μάλισθ’
837 2103 901 2128 ὅταν

112 2155 219 2186 ἐκεῖνος
235 2153 341 2179 πολλῶν
359 2153 409 2188 μὲν
430 2152 573 2191 ρφειλέτην
599 2151 648 2186 ἔχῃ
681 2149 726 2176 τὸν
759 2148 900 2184 ὑϐρικότα,

953 915 1038 943 (Vivo
1050 921 1140 943 autem
1154 916 1210 951 jam
1225 923 1279 944 non
1293 924 1353 951 ego,
1368 917 1467 951 inquit,
1485 917 1552 944 vivit
1569 926 1634 946 vero
1649 919 1675 946 in
1690 927 1734 947 me

949 962 1101 990 Christus.»
1120 962 1195 990 Adeo
1215 962 1366 997 perfectum
1389 968 1429 990 est
1450 963 1503 990 hoc
1529 969 1732 992 sacramentum

950 1013 977 1035 et
992 1008 1066 1035 omni
1090 1012 1265 1035 sacramento
1285 1008 1475 1040 excellentius,
1502 1009 1636 1037 bonorum
1659 1010 1735 1038 fasti-

951 1053 1028 1088 gium
1051 1057 1079 1080 et
1095 1053 1202 1088 apicem
1218 1053 1401 1088 complectens
1417 1062 1425 1087 ;
1453 1054 1587 1089 siquidem
1605 1060 1632 1082 et
1644 1057 1733 1084 omnis

952 1099 1077 1126 humanae
1093 1099 1234 1127 industria:
1250 1098 1312 1126 linis
1328 1099 1443 1127 ultimus
1459 1098 1503 1128 hic
1518 1101 1662 1135 reperitur.
1680 1103 1734 1130 Deo

951 1145 1024 1172 enim
1041 1145 1100 1180 ipso
1116 1146 1143 1172 in
1156 1146 1248 1180 seipso
1280 1145 1410 1180 potimur,
1428 1150 1456 1173 et
1473 1146 1545 1175 Dens
1568 1148 1648 1176 nobis
1669 1156 1734 1176 con-

949 1190 1093 1226 junctione
1119 1191 1326 1218 absolutissima
1353 1192 1540 1227 conjungitur.
1559 1194 1648 1221 Unum
1661 1196 1734 1222 enim

951 1243 1014 1263 cum
1041 1235 1097 1264 Deo
1121 1236 1248 1270 spiritum
1270 1236 1349 1269 eiﬁci,
1371 1237 1438 1273 quid
1462 1239 1513 1266 hac
1532 1241 1736 1269 consociatioue

953 1281 1040 1316 possit
1050 1288 1110 1310 esse
1121 1281 1268 1317 perfectius
1280 1282 1291 1309 ἲ

988 1326 1077 1360 Quare
1090 1331 1117 1355 et
1129 1328 1190 1355 aliis
1206 1329 1386 1357 sacramentis
1403 1331 1596 1364 perfectionem
1611 1335 1668 1360 sola
1681 1333 1737 1362 Eu-

953 1372 1082 1399 charistia
1107 1372 1243 1406 impertit.
1259 1380 1345 1408 eaque
1363 1374 1494 1408 adjuvat,
1514 1376 1578 1403 dum
1605 1377 1715 1404 initiant
1728 1397 1735 1410 ,

953 1417 1175 1453 quandoquidem
1196 1418 1255 1446 sine
1271 1426 1303 1446 ea
1319 1419 1440 1453 perferte
1452 1428 1506 1447 non
1522 1421 1642 1449 initiant.
1656 1422 1737 1451 Juvat

953 1461 1035 1490 etiam
1050 1462 1200 1490 secundum
1214 1463 1391 1491 initiationem
1405 1465 1431 1491 in
1448 1465 1514 1500 ipsis
1530 1466 1652 1500 initiatis,
1671 1476 1735 1496 cum

956 1507 1061 1535 radium
1076 1515 1092 1535 e
1107 1509 1286 1536 sacramentis
1301 1513 1473 1537 emanantem
1487 1531 1494 1542 .
1518 1516 1544 1537 et
1560 1516 1734 1546 peccatorum

953 1553 1071 1581 tenebris
1088 1561 1254 1589 oppressum
1277 1563 1439 1590 recuperare
1453 1563 1522 1591 opus
1534 1562 1586 1584 est.
1601 1557 1669 1585 Nam
1685 1559 1734 1587 de-

950 1599 1072 1628 ﬁcientes
1095 1604 1122 1628 et
1144 1601 1293 1628 sceleribus
1323 1601 1472 1630 exstinctos
1490 1603 1524 1630 ad
1545 1603 1627 1630 vitam
1655 1612 1737 1632 revo-

951 1653 1022 1679 care,
1038 1646 1118 1674 unius
1135 1654 1219 1675 sacrae
1234 1655 1334 1675 mensae
1352 1655 1453 1675 munus
1467 1653 1518 1676 est.
1536 1648 1624 1676 Homo
1637 1650 1738 1686 quippe

951 1692 1044 1727 lapsus
1061 1699 1114 1720 non
1129 1697 1220 1728 potest
1245 1686 1372 1721 humanis
1387 1694 1492 1721 viribus
1517 1695 1594 1730 erigi,
1611 1702 1662 1723 nec
1687 1697 1738 1723 im-

951 1738 1083 1774 probitas.
1098 1737 1240 1766 hominum
1265 1739 1384 1766 humana
1405 1739 1512 1774 iustitia
1537 1740 1652 1775 expiari.
1669 1741 1736 1769 Nam

950 1791 1076 1818 peccare,
1106 1791 1151 1811 res
1174 1784 1203 1811 in
1224 1783 1313 1818 ipsum
1332 1784 1419 1812 Deum
1445 1786 1646 1813 contumeliosa
1672 1791 1737 1814 est:

954 1839 963 1855 ι
983 1829 1035 1857 Per
1050 1829 1303 1864 praevaricationem
1320 1830 1395 1857 enim
1423 1830 1499 1864 legis,
1528 1831 1625 1865 inquit,
1652 1832 1736 1859 Deum

952 1875 1103 1902 inhonorus
1119 1875 1152 1902 “.
1172 1883 1182 1900 ι
1197 1875 1235 1902 Ἐι
1251 1876 1338 1910 major
1360 1876 1496 1910 quaedam,
1515 1883 1596 1910 quam
1620 1884 1669 1911 pro
1688 1879 1739 1905 lio-

953 1922 1025 1948 mine
1039 1919 1125 1948 vir‘tus
1149 1921 1278 1957 exigitur,
1294 1930 1355 1956 quae
1376 1923 1481 1950 crimen
1510 1923 1629 1950 aboleat.
1651 1923 1734 1951 Mini-

952 1975 1027 1995 mum
1045 1967 1117 1994 enim
1129 1967 1260 1995 adversus
1294 1968 1441 1998 maximum
1456 1975 1486 1996 se
1501 1969 1633 2003 iniuriose
1646 1976 1678 1996 ac
1694 1977 1737 2003 pc-

953 2014 1071 2041 tulauter
1094 2021 1199 2048 gerere,
1218 2013 1337 2041 immane
1361 2018 1493 2048 quantum
1512 2019 1555 2042 est
1571 2014 1659 2042 facile.
1681 2015 1735 2041 Sed

952 2060 1129 2094 petulantiam
1145 2061 1216 2087 hanc
1241 2065 1268 2087 et
1279 2060 1406 2095 injuriam
1422 2062 1478 2094 pari
1493 2060 1596 2088 honore
1611 2069 1739 2096 compen—

951 2112 1024 2137 sare.
1042 2106 1094 2132 hoc
1108 2112 1173 2132 vero
1186 2112 1269 2132 nemo
1281 2111 1378 2140 pou-st,
1391 2107 1541 2140 praesertim
1553 2107 1576 2134 si
1589 2107 1737 2142 injuriosus

952 2151 1069 2185 plurium
1094 2151 1132 2178 illi
1166 2151 1271 2178 debitor
1293 2151 1385 2183 fuerit,
1400 2157 1426 2179 et
1458 2151 1569 2186 quidem
1595 2157 1648 2180 tam
1670 2153 1738 2181 insi-

112 2199 243 2226 τοσοῦτον
259 2198 287 2225 δὲ
314 2198 450 2233 ὑπερέχῃ,
467 2198 505 2228 ὡς
536 2196 604 2231 μηδὲ
633 2196 732 2231 μέτρον
756 2193 826 2222 εἶναι
852 2194 899 2221 τοῦ

955 2197 1058 2231 gnium,
1074 2201 1101 2224 ut
1115 2204 1149 2224 ne
1164 2197 1270 2224 dimidii
1287 2197 1396 2232 quidem
1412 2198 1466 2224 ulla
1483 2206 1608 2225 mensura
1626 2199 1672 2226 sit.
1685 2199 1738 2226 Ne-

113 2247 215 2281 μὲσου.
244 2245 299 2273 Καὶ
313 2245 368 2278 γὰρ
395 2244 515 2278 ἀνάγκη,
535 2243 566 2270 τὸ
579 2243 706 2277 ἔγκλημα
725 2242 823 2269 λύοντα
853 2242 902 2268 καὶ

112 2294 166 2328 τὴν
188 2292 384 2327 ἀπενεχθεῖσαν
429 2291 514 2326 τιμὴν
542 2289 769 2324 ἀποκαταστῆσαι
787 2288 826 2324 τῷ
856 2297 904 2315 πε-

114 2338 312 2373 παρῳνημένῳ
322 2336 455 2372 ζητοῦντα
475 2337 560 2363 πλείω
571 2335 626 2363 τῶν
652 2335 834 2370 ὀφειλομένων
848 2334 904 2360 εισ-

114 2385 259 2418 ενεγκετν,
272 2383 307 2410 τὰ
324 2383 373 2418 μὲν
388 2383 557 2414 ἀποδιδόντα,
583 2382 617 2408 τὰ
641 2381 664 2408 δ’
685 2381 714 2414 ἐξ
736 2380 901 2416 ἁντιρῤόπου

114 2431 185 2466 περὶ
201 2428 238 2458 ὧν
254 2431 366 2466 ἠδίκησε
392 2429 574 2465 προστιθέντα
585 2436 592 2443 ·
608 2425 630 2462 ᾧ
643 2428 671 2456 δὲ
685 2429 735 2455 οὐκ
753 2426 827 2454 ἐστιν
847 2425 902 2452 οὐδ’

113 2479 203 2511 ἐγγὺς
220 2477 362 2511 ἐφικέσθαι
375 2476 429 2503 τῶν
446 2475 607 2510 γινομένων,
620 2474 661 2506 τίς
683 2474 717 2501 ἂν
743 2473 847 2508 γένοιτο
869 2471 903 2498 τὰ

106 2523 207 2559 ’μείζω
225 2522 332 2549 διώκων
344 2530 352 2555 ;

153 2571 205 2597 Διὰ
221 2569 310 2596 ταῦτα
323 2568 373 2595 οὐκ
390 2565 424 2603 ἦν
440 2567 536 2594 οὐδένα
564 2564 716 2600 ἀνθρώπων
742 2563 831 2598 ἑαυτῷ
858 2563 904 2589 τὸν

112 2615 187 2642 Θεὸν
206 2614 373 2646 καταλλάξαι
390 2613 440 2648 τὴν
463 2611 559 2645 ἑαυτοῦ
586 2610 759 2644 δικαιοσύνην
784 2610 903 2642 είοενεγ-

112 2660 288 2692 κόντα,ὅθεν
304 2659 392 2686 οὕτεό
419 2658 533 2694 παλαιὸς
564 2657 647 2692 νόμος
677 2655 795 2691 ἐδυνήθη
826 2654 904 2680 λῦσαι

112 2706 169 2741 τὴν
189 2704 300 2740 ἔχθραν,
313 2704 376 2731 οὔτε
388 2704 444 2735 τοῖς
466 2704 496 2729 ὲν
510 2702 602 2738 χάριτι
621 2701 687 2733 ζῶσι
704 2701 772 2735 πρὸς
787 2699 836 2734 τὴν
864 2699 903 2724 ει-

115 2749 209 2783 ρήνην
223 2747 326 2783 ταύτην
336 2748 480 2782 ἀρκέσειεν
495 2746 527 2773 ἂν
540 2747 556 2780 ὴ
568 2745 680 2780 σπουδή·
695 2744 743 2771 καὶ
758 2743 812 2778 γὰρ
827 2742 905 2770 τοῦτο

954 2248 1032 2269 cesse
1045 2245 1086 2269 est
1099 2242 1185 2274 enim,
1198 2242 1244 2277 qui
1261 2243 1365 2269 crimen
1380 2243 1455 2277 piare
1475 2244 1575 2276 studet,
1591 2245 1672 2271 etiam
1687 2245 1736 2272 de-

955 2291 1070 2314 tractum
1086 2288 1216 2315 honorem
1230 2287 1295 2316 laeso
1310 2296 1447 2322 reparare,
1461 2293 1488 2316 et
1503 2290 1564 2324 plus
1578 2290 1679 2318 debitis
1696 2298 1738 2318 re-

954 2331 1072 2366 pendere
1094 2332 1390 2367 aliaque,resti1uere,
1416 2333 1468 2360 alia
1494 2334 1593 2367 quibus
1617 2335 1738 2369 iniquior

954 2377 1017 2410 fuit,
1036 2378 1108 2405 velut
1127 2378 1225 2413 aequali
1252 2379 1372 2413 pondere
1395 2379 1587 2413 superaddere.
1611 2380 1688 2412 Quod
1713 2381 1736 2407 si

954 2423 1114 2458 neutiquam
1130 2424 1205 2459 paria
1233 2425 1438 2459 consequimur,
1462 2425 1565 2460 majora
1588 2426 1650 2460 quis
1673 2433 1738 2453 eou-

953 2470 1085 2498 sectetur?

990 2558 1161 2595 Quapropter
1173 2559 1314 2586 hominum
1330 2559 1420 2587 nullus
1432 2558 1543 2586 sibimet
1555 2559 1649 2592 Deum,
1661 2566 1737 2586 suam

956 2605 1130 2632 retribuendo
1144 2605 1276 2639 justitiam
1291 2605 1472 2632 reconciliare
1493 2609 1588 2640 potest.
1604 2604 1659 2633 Nec
1676 2612 1739 2632 vero

957 2651 1085 2678 vetuslex
1099 2651 1259 2679 inimicitias
1274 2651 1340 2679 istas
1349 2659 1512 2687 componere
1528 2651 1630 2684 valuit;
1647 2658 1697 2678 nec
1711 2651 1738 2678 in

958 2696 1052 2731 gratiae
1064 2696 1122 2732 lege
1136 2695 1298 2729 virentibus,
1316 2695 1350 2722 ad
1372 2699 1466 2730 pacem
1482 2696 1553 2723 hanc
1567 2703 1739 2730 consequen-

957 2742 1019 2770 dam
1034 2742 1155 2770 studium
1172 2746 1199 2769 et
1213 2741 1352 2776 diligentia
1372 2741 1520 2768 suﬂ'ecerit.
1549 2741 1616 2768 Nam
1639 2746 1666 2769 ct
1687 2741 1739 2768 hoc

160 2839 183 2855 "
203 2838 223 2865 ll
239 2837 305 2865 Cor.
324 2844 355 2869 11,
374 2835 420 2862 16.
457 2835 480 2851 ’⁸
498 2834 521 2862 ιι
540 2834 604 2862 Cor.
627 2840 686 2866 x111,
707 2833 733 2860 5.
773 2832 795 2850 "
816 2831 826 2860 l
846 2832 899 2859 Cor

952 2840 977 2865 11,
995 2832 1040 2860 40.
1079 2831 1100 2849 ³⁰
1118 2831 1237 2867 Philipp.
1255 2840 1275 2865 1,
1298 2831 1323 2859 8.
1365 2832 1386 2848 ³¹
1409 2830 1489 2859 Rom.
1508 2832 1597 2865 11,25.

282 2885 331 2916 PA
338 2892 432 2915 TROL.
447 2883 505 2914 Gtt.
521 2882 566 2912 CL
574 2902 582 2911 .

1461 2880 1541 2924 ‘19
