1976 3074
107 142 163 174 58')

647 146 694 176 DE
713 146 803 177 VlTA
820 146 860 176 IN
880 147 1048 180 CHRISTO
1065 151 1139 181 LIB.
1152 152 1203 183 ιν.

1679 157 1733 189 590

107 201 186 234 γένος
209 199 370 236 κηδεμονία.
381 199 462 227 Ὅθεν
487 199 534 226 καὶ
555 199 603 228 ,τὸν
629 200 785 236 Νικόδημον
800 201 846 228 ἐπὶ
868 210 882 228 τ

949 211 1011 240 erga
1034 213 1120 240 genus
1136 211 1260 235 nostrum
1277 214 1343 236 cura
1366 213 1393 237 ct
1416 209 1583 239 sollicitudo.
1608 210 1687 240 Unde
1708 216 1735 240 et

107 247 213 281 γνῶναι
227 246 275 282 τὴν
290 246 498 282 φιλανθρωπίαν
522 246 570 273 τοῦ
585 246 691 281 Πατρός
713 247 839 275 ἐντεῦθεν
855 248 897 276 ἐν-

105 295 180 327 άγει,
198 294 246 321 καὶ
262 293 341 319 τοῦτο
355 293 466 328 σημεῖον
478 292 570 319 ίκανὺν
582 293 699 320 ποιεῖται
716 293 765 327 τῆς
780 294 894 329 ἀπείρου

105 340 301 374 χρηστότητος.
315 339 363 365 καὶ
377 347 386 364 ι
405 337 495 370 υῦτω,
516 339 608 374 φησὶν,
624 339 638 365 ό
651 338 717 370 θεὸς
733 338 777 365 τὸν
793 339 894 375 κόσμον

103 386 264 420 ἠγάπησεν,
279 384 351 411 ὥστε
369 384 416 411 τὸν
438 384 501 411 Υίὺν
514 384 597 411 αὐτοῦ
615 384 660 412 τὸν
679 386 813 420 μονογενῆ
826 386 892 412 ἔδω-

105 439 166 461 κεν,
182 430 227 457 ἵνα,
251 431 305 462 πᾶς
321 431 335 456 ό
360 429 497 457 πιστεύων
514 430 556 462 είς
585 430 665 457 αὑτὸν
690 432 729 466 μὴ
747 431 892 466 ἀπόληται,

104 477 163 503 ἀλλ’
179 475 228 512 ἔχῃ
252 476 325 512 ζωὴν
349 475 470 503 αἰώνιον.
490 485 500 502 ι
519 476 549 502 Et
577 475 632 511 γὰρ
645 472 684 502 ὦν
705 477 836 504 κατέθετο
859 479 892 513 τῇ

106 522 188 556 φύσει
207 523 328 557 χαρίτων
340 522 388 549 ἐπὶ
399 523 431 557 τῇ
449 521 555 556 καθόδῳ
573 521 618 549 τοῦ
635 523 795 556 μονογενοῦς
808 524 822 549 ὁ
835 525 891 550 Πα-

102 569 168 603 τὴρ,
187 568 297 603 μείζους
319 568 335 602 ἢ
354 568 480 600 καλλίους
499 569 549 594 οὐκ
565 567 621 604 ἔχει
635 568 738 601 δοῦναι,
759 568 838 603 δῆλον
855 569 892 599 ὡς

101 613 164 639 οὐδὲ
192 613 278 648 μείζω
303 613 382 646 δόξαν
411 614 444 640 ἂν
468 614 606 649 παράσχοι
638 615 823 650 χρηστότητος
845 615 892 642 καὶ

102 659 321 694 φιλανθρωπίας,
334 657 367 696 ἧς
386 659 491 687 ἐκεῖθεν
509 659 614 695 ὑπῆρξε
635 660 745 687 λαϐεῖν·
768 661 816 688 καὶ
829 662 890 688 τού-

100 714 149 732 του
178 706 258 742 χάριν
272 706 318 732 τὸν
341 706 444 741 τρόπον
461 705 556 733 τοῦτον
582 708 596 733 ὁ
617 707 713 742 Σωτὴρ
736 707 769 734 δι’
792 707 890 734 ἑαυτοῦ

101 751 187 785 ἀξίως
217 751 314 779 ἑαυτοῦ
338 753 385 779 καὶ
415 751 463 778 τοῦ
492 753 691 788 γεγεννηκότος
717 753 763 780 τὸν
780 754 890 789 Πατέρα

100 797 179 831 τιμᾷ.
200 797 274 831 Τιμὴ
287 797 341 832 γὰρ
363 796 431 824 Θεοῦ
451 798 477 824 τι
491 797 592 831 γένοιτ’
606 797 639 825 ἂν
653 797 728 831 ἀλλο,
744 799 759 834 ῆ
785 799 814 826 τὺ
830 799 889 826 δια-

101 843 242 878 δειχθῆναι
252 841 436 878 διαφερόντως
451 843 553 877 ἀγαθὸν
564 844 628 871 ὄντα
641 853 648 876 ;
666 844 720 872 Καὶ
733 844 804 880 αὕτη
816 846 888 873 ἐστὶν

101 889 118 923 ἡ
135 888 199 920 δόξα
216 889 233 922 ἢ
255 888 398 924 πόρρωθεν
412 888 544 923 ὠφείλετο
561 889 623 925 μὲν,
637 889 688 917 οὐκ
700 891 764 925 ἐνῆν
777 879 806 918 δέ
822 892 889 927 παρ’
905 879 925 907 Β

100 934 211 966 οὐδενὸς
225 934 378 970 ἀνθρώπων
390 935 590 971 εἰσενεχθῆναι,
599 936 647 964 καὶ
661 936 705 963 διὰ
717 936 813 971 τοῦτο,
829 946 838 963 ι
851 938 884 965 Et

101 980 209 1016 Πατὴρ,
227 982 320 1016 φησὶν,
335 981 480 1016 animo,
502 980 554 1008 ποῦ
566 983 640 1009 ἔστιν
659 983 675 1018 ἡ
696 983 762 1016 δόξα
781 992 851 1018 μους
871 994 880 1010 ι

99 1027 182 1062 Μόνφ
208 1026 264 1063 γὰρ
288 1027 351 1063 ἐξῆν
378 1027 417 1063 τῷ
443 1028 593 1063 Μονογενιῖ
612 1029 648 1056 τὰ
675 1029 768 1057 οἰκότα
797 1031 885 1058 πάντα

98 1072 235 1100 διασῶσαι
251 1073 319 1108 πρὸς
332 1073 377 1100 τὸν
397 1074 508 1108 Πατέρα
519 1083 526 1090 ·
545 1075 592 1102 καὶ
612 1075 701 1102 τοίνυν
725 1075 791 1103 αὐτὸ
805 1077 885 1104 τοῦτο

97 1118 218 1151 δεικνὺς,
243 1117 281 1150 ὡς
302 1119 356 1153 ἄρα
382 1119 464 1153 μόνος
486 1119 600 1155 ἐδυνήθη
622 1121 730 1147 τουτονὶ
744 1121 790 1148 τὸν
803 1119 883 1149 ἆθλον

97 1164 211 1197 ἀνῦσαι,
238 1164 302 1192 ἐπεὶ
316 1163 346 1191 τὸ
365 1165 417 1191 πᾶν
431 1165 552 1192 ἐτέλεσεν
572 1165 653 1201 ἔργον
667 1167 735 1202 πρὸς
751 1167 797 1194 τὸν
810 1177 883 1195 τετι-

97 1210 222 1245 μημένον
249 1210 368 1245 Πατέρα,
386 1220 395 1236 ι
420 1210 499 1245 Ἐγιὶε,
525 1212 617 1247 φησὶν,
646 1212 760 1246 ἐδόξασα
779 1221 809 1240 σε
835 1213 883 1241 ἐπὶ

96 1258 146 1292 τῆς
165 1258 228 1292 γῆς,
246 1258 405 1293 ἑφανέρωσά
420 1267 466 1285 σου
483 1259 513 1285 τὸ
525 1259 611 1294 ὄνομα
623 1261 680 1292 τοῖς
688 1261 853 1296 ἀνθρώποις.
868 1271 878 1289 ι

95 1303 228 1334 Εἰκότως.
252 1303 339 1337 Λόγος
361 1305 415 1339 γάρ
441 1305 514 1331 ἔστιν
537 1305 650 1340 ἀκριόὶς
672 1306 718 1333 τοῦ
747 1315 879 1343 γεγεννη-

95 1351 175 1382 κότος
199 1350 290 1385 φέρων
314 1349 345 1376 τὺ
365 1348 445 1382 εἶδος,
464 1351 637 1387 ἀπαύγασμα
653 1351 704 1387 τῆς
726 1353 806 1388 δόξης
831 1355 880 1381 καὶ

96 1397 242 1432 χαρακτὴρ
259 1396 309 1432 τῆς
337 1397 512 1428 ὑποστάσεως
524 1397 607 1425 αὑτοῦ
619 1405 626 1412 ’
647 1399 693 1425 καὶ
715 1399 778 1425 ἐπεὶ
791 1399 825 1426 δι’
840 1397 878 1428 ὦν

96 1442 183 1477 σαρκὶ
197 1443 331 1479 συνήφθη,
345 1444 402 1475 τοῖς
418 1444 447 1470 ὲν
466 1443 591 1478 αἰσθήσει
609 1442 678 1475 ζῶσι
695 1444 804 1476 συνετὸς
820 1445 882 1479 ἐγό-

95 1495 168 1520 νετο,
184 1488 273 1514 πᾶσαν
287 1488 333 1515 τοῦ
348 1487 562 1524 προενεγκόντος
571 1488 617 1514 νοῦ
632 1489 681 1522 τὴν
693 1489 799 1524 ἀγαθὴν
812 1489 882 1524 ἐμή.

95 1543 161 1561 νυσε
185 1534 295 1568 θέλησιν
308 1543 315 1549 ·
332 1534 400 1570 πρὸς
422 1534 436 1561 ὃ
453 1535 565 1562 κάκεῖνο
589 1534 684 1568 φέρειν
710 1535 842 1570 ἡγοῦμαι,
866 1534 882 1562 ό
895 1555 916 1584 c

95 1580 167 1615 πρὸς
189 1580 235 1606 τὸν
264 1580 407 1612 Φίλιππον,
427 1580 492 1606 ἰδεῖν
513 1580 559 1607 τὸν
588 1580 701 1615 Πατέρα
731 1579 879 1615 ζητοῦντα,

95 1626 178 1660 φησιν
190 1626 204 1652 ό
219 1625 326 1662 Σωτὴρ,
344 1635 354 1652 ι
378 1625 409 1653 '0
428 1624 560 1660 ἑωρακὼς
576 1625 626 1661 ἐμὲ
641 1625 750 1661 ἑώρακε
763 1626 809 1653 τὸν
823 1627 880 1653 Πα-

75 1679 83 1684 '
95 1673 174 1707 τέρα,
194 1681 204 1698 ι
223 1673 270 1698 καὶ
285 1672 330 1699 διὰ
341 1671 420 1699 τοῦτό
433 1680 516 1706 φησιν
535 1671 661 1705 Ἡσαΐας,
674 1680 685 1698 ι
703 1672 834 1699 Καλεῖται
849 1673 880 1700 τὸ

94 1718 180 1752 avena
194 1717 278 1745 αὑτοῦ
294 1717 415 1753 μεγάλης
429 1717 673 1753 βουλῆςνΔγγελος.
693 1726 704 1744 ι

128 1763 208 1790 Οὕτω
224 1763 314 1790 τοίνυν
344 1763 415 1799 πρὸς
436 1764 487 1799 τὴν
504 1763 584 1797 δόξαν
604 1764 652 1791 τοῦ
670 1764 777 1800 Πατρός
803 1764 881 1792 οὐδὲν

95 1810 260 1845 ⁸ιτςιρο.λι·ιτιὶ›ν
280 1810 293 1836 ό
319 1809 479 1846 Μονογινὴς
499 1811 582 1845 μόνος
603 1809 734 1846 καθαιρεῖ
752 1811 783 1837 τὸ
800 1811 882 1846 μεσό-

93 1865 185 1890 τοιχον
206 1855 255 1891 τῆς
280 1855 395 1890 ἔχθρας,
417 1855 465 1883 καὶ
481 1855 540 1882 λύει
564 1855 619 1882 τῶν
631 1856 812 1892 ιγκλημάτων
836 1858 881 1885 τὸν

94 1901 250 1935 ἄνθρωπον.
278 1900 355 1927 Ἐπεὶ
369 1900 398 1927 δὲ
419 1900 492 1927 κατὰ
504 1899 555 1936 τὴν
576 1900 677 1935 ἑτέραν
687 1901 742 1927 τῶν
761 1901 880 1935 φύσεων,

94 1947 144 1982 τὴν
159 1947 296 1982 ἡμετέραν
318 1947 391 1980 λέγω
405 1946 454 1981 τὴν
467 1945 651 1981 ἀνθρωπείαν,
668 1947 685 1974 ὁ
699 1946 809 1978 διπλοῦς
829 1946 882 1982 Ἰην-

93 1992 158 2025 σοῦς
172 1993 218 2019 τον
234 1993 344 2028 Πατέρα
359 1992 477 2027 ἐτίμησε
491 1992 539 2019 καὶ
554 1992 608 2018 ἀπὺ
623 1992 670 2018 τοῦ
687 1993 814 2027 σώματος
829 1993 881 2019 αὺ-

91 2039 140 2065 τοῦ
157 2039 206 2066 καὶ
220 2038 268 2065 τοῦ
283 2038 400 2072 αἵματος
415 2038 460 2064 τὸν
478 2037 636 2072 θαυμαστὸν
658 2038 764 2064 εκείνον
777 2037 879 2072 στόφασ

93 2093 139 2110 νον
155 2084 206 2119 τῆς
220 2083 300 2118 δόξης
317 2082 414 2115 ἔπλεξε
438 2083 478 2118 τῷ
497 2083 602 2117 Πατρί·
629 2082 674 2110 διὰ
691 2082 779 2109 ταῦτα
800 2082 881 2116 μόνον

94 2129 145 2164 μέν
157 2130 218 2155 ἐστι
230 2128 366 2163 aude-71.;
381 2128 520 2164 ἁμαρτίας
541 2129 686 2164 φάρμακον
706 2127 737 2154 τὸ
751 2127 797 2154 τοῦ
814 2128 881 2164 Χρι-

92 2175 158 2202 στοῦ
177 2175 270 2210 σῶμα,
285 2175 356 2211 μόνη
369 2175 399 2203 δὲ
414 2176 432 2210 ἠ
444 2174 521 2207 λύσις
533 2174 742 2210 ἁμαρτημάτων
754 2175 785 2200 τὸ
797 2171 877 2209 αἷμα.

951 250 1129 279 Nicodemum
1149 252 1183 280 ad
1207 253 1295 282 Patris
1311 255 1509 283 humanitatem
1531 258 1732 291 agnoscendatn

947 295 1011 323 hinc
1028 296 1143 330 inducit,
1158 303 1185 325 et
1197 298 1268 327 istuc
1285 299 1417 328 bonitatis
1433 301 1492 336 ejus
1513 302 1650 331 sufficiens
1665 304 1734 332 indi-

945 341 1017 369 cium
1033 350 1094 370 esse
1104 344 1161 371 vult
1174 353 1182 371 :
1197 353 1207 370 ι
1225 345 1271 373 Sic
1284 346 1355 373 Deus
1370 346 1465 375 dilexit
1477 348 1620 381 mundum,
1634 349 1732 385 inquit,

945 393 974 415 ut
992 387 1088 415 Fllllllll
1107 398 1186 417 suum
1212 392 1382 426 unigenitum
1405 393 1492 425 daret,
1520 398 1550 421 ut
1572 395 1663 422 omnis
1684 395 1731 429 qui

944 433 1032 460 credit
1044 434 1070 461 in
1085 435 1174 469 ipsum
1189 444 1243 464 non
1259 442 1363 472 pereat,
1381 437 1428 465 sed
1443 438 1541 466 habeat
1555 439 1639 466 vitam
1652 444 1732 467 a-ter-

943 485 1006 505 nam
1023 478 1057 505 ³⁹.
1076 488 1086 505 ι
1109 480 1137 506 Si
1152 481 1224 507 enim
1242 481 1321 509 Pater
1334 482 1440 517 majora
1457 487 1484 510 et
1499 483 1611 511 meliora
1631 484 1733 512 beueti-

942 523 985 550 cia
1011 523 1037 550 in
1064 528 1191 552 naturam
1215 526 1353 554 collocare
1384 535 1438 554 non
1467 528 1571 563 potuit,
1597 537 1679 564 quam
1704 529 1730 556 in

942 567 1003 595 Filii
1019 569 1052 596 ad
1067 577 1116 597 nos
1129 570 1264 598 descensu
1277 571 1430 606 collocavit,
1444 573 1554 607 planum
1570 579 1622 607 est,
1632 573 1730 601 Filium

941 616 966 641 et
988 615 1119 649 majorem
1138 615 1251 651 gloriam
1279 617 1410 646 bonitatis
1431 623 1457 645 et
1483 619 1661 648 humanitatis
1685 628 1732 654 pa-

941 667 1002 688 rere
1016 669 1069 688 non
1087 662 1221 696 potuisse,
1239 671 1320 697 quam
1337 663 1400 691 hinc
1417 668 1460 691 est
1477 670 1652 693 consceutus.
1673 665 1729 692 llac

941 705 973 733 de
985 714 1068 734 causa
1084 708 1138 734 isto
1155 708 1237 736 modo
1255 708 1380 737 Salvator
1409 716 1458 744 per
1485 710 1607 742 seipsum
1619 731 1627 743 ,
1645 716 1674 737 ut
1700 718 1730 738 se

940 755 966 778 et
989 752 1112 785 genitore
1135 753 1245 788 dignum
1269 757 1321 786 est,
1347 761 1409 781 eum
1427 754 1553 781 honorat.
1569 754 1640 787 Quid
1655 755 1729 782 enim

939 796 1013 824 aliud
1030 797 1075 825 Dei
1096 798 1185 826 honor
1202 799 1247 830 sit,
1266 807 1350 834 quam
1371 800 1549 827 excellentem
1565 801 1625 835 ejus
1646 800 1727 827 boni-

940 846 1022 870 tatem
1037 843 1236 872 demonstrari?
1249 845 1339 880 Atque
1358 845 1415 873 haec
1429 850 1472 874 est
1485 846 1581 881 gloria,
1598 853 1659 881 quae
1673 846 1729 881 jam

941 887 1044 922 pridem
1068 888 1092 914 ei
1113 889 1263 917 debebatur
1274 910 1281 922 .
1298 895 1325 917 et
1342 898 1358 917 a
1375 890 1530 917 mortalium
1546 890 1657 917 nemine
1671 897 1730 924 pcr-

940 934 1011 962 solvi
1026 939 1142 970 poterat.
1160 935 1237 968 Hine,
1259 946 1268 963 ι
1288 937 1316 964 Si
1332 936 1422 970 Pater,
1438 937 1525 972 inquit
1541 958 1548 969 ,
1571 945 1623 971 ego
1646 945 1706 964 sum
1720 955 1730 969 .

941 979 986 1006 ubi
1003 983 1044 1007 est
1057 979 1144 1008 honor
1162 989 1238 1009 meus
1251 981 1293 1008 ιον
1312 992 1322 1008 ι
1339 982 1394 1009 Soli
1417 990 1536 1017 namque
1551 981 1620 1009 Filio
1637 982 1729 1010 omnia

940 1030 1124 1053 consentanea
1144 1034 1208 1062 erga
1233 1027 1339 1055 Patrem
1364 1033 1494 1063 praestare
1522 1027 1610 1055 licult.
1635 1027 1730 1062 Itaque

940 1071 991 1100 hoc
1005 1072 1092 1107 ipsum
1111 1073 1268 1106 ostendens,
1285 1082 1314 1102 se
1331 1076 1420 1102 solum
1437 1074 1560 1109 potuisse
1577 1074 1629 1101 hoc
1644 1081 1727 1108 nego-

941 1117 1007 1145 tium
1021 1118 1158 1147 coniicere
1168 1140 1176 1153 ,
1191 1125 1335 1155 postquam
1354 1128 1424 1156 opus
1439 1127 1519 1148 omne
1534 1119 1662 1152 absolvit,
1676 1119 1727 1146 Pa-

939 1169 1007 1192 trem
1024 1165 1130 1193 honore
1143 1165 1270 1194 allectum
1286 1166 1330 1194 bis
1351 1167 1440 1194 verbis
1457 1167 1628 1201 alloquitur:
1645 1175 1654 1191 ι
1671 1165 1727 1201 Ego

939 1215 966 1238 te
992 1211 1139 1239 clariﬁcari
1161 1220 1244 1247 super
1273 1217 1394 1246 terram,
1423 1213 1597 1241 manifestavi
1625 1220 1727 1244 nomen

936 1262 1013 1285 tuum
1034 1258 1191 1286 hominibus
1203 1259 1238 1287 “.
1254 1268 1263 1286 ι
1280 1258 1374 1287 Recte.
1391 1259 1440 1288 Est
1458 1260 1531 1287 enim
1546 1259 1684 1292 Verbum,
1699 1263 1727 1286 et
1778 1284 1787 1291 ,

936 1302 1073 1331 Genitoris
1089 1311 1245 1339 expressam
1259 1304 1312 1332 fert
1324 1305 1481 1342 imaginem,
1498 1315 1507 1331 ι
1524 1305 1660 1340 Splendor
1670 1304 1727 1340 glo-

936 1348 994 1382 riae,
1009 1353 1036 1376 et
1049 1348 1133 1384 ﬁgura
1150 1350 1309 1378 substantia:
1319 1351 1380 1386 ejus
1391 1351 1441 1379 ".i
1457 1352 1489 1380 Et
1502 1352 1643 1387 quoniam,
1660 1351 1724 1386 quia

936 1394 1012 1421 carni
1030 1395 1190 1429 copulatum
1209 1400 1272 1429 est,
1289 1404 1350 1424 cum
1368 1405 1451 1425 sensu
1467 1398 1622 1426 viventibus
1638 1397 1725 1424 evasit

935 1438 1116 1475 intelligihile,
1132 1448 1243 1469 omnem
1261 1443 1359 1470 mentis
1374 1451 1435 1478 qua
1452 1444 1538 1478 ipsum
1554 1445 1659 1479 genuit.
1677 1445 1726 1471 bo-

937 1494 998 1513 nam
1018 1487 1182 1514 voluntatem
1202 1488 1351 1516 nuntiavit.
1373 1489 1413 1516 Ad
1431 1491 1504 1524 quod
1527 1495 1554 1518 et
1574 1490 1640 1517 illud
1665 1498 1727 1525 spe-

934 1537 1008 1560 ctare
1022 1534 1130 1567 opinor,
1141 1534 1214 1568 quod
1230 1533 1355 1569 Philippo
1369 1533 1478 1562 Patrem
1496 1535 1588 1563 videre
1602 1535 1724 1569 cupienti

933 1579 972 1605 ait
987 1586 994 1604 :
1012 1588 1022 1604 ι
1040 1578 1093 1612 Qui
1111 1580 1188 1608 videt
1202 1587 1256 1613 me,
1272 1580 1346 1608 videt
1362 1585 1389 1609 et
1405 1581 1511 1608 Patrem
1526 1581 1560 1608 “.
1576 1591 1585 1607 ι
1607 1581 1641 1608 Ει
1659 1581 1724 1609 hinc

932 1630 975 1652 est
992 1625 1063 1659 apud
1080 1625 1179 1653 Isaiam
1207 1634 1215 1653 ι
1236 1635 1245 1652 ι
1271 1625 1422 1654 Vocabitur
1437 1635 1538 1655 nomen
1554 1628 1615 1662 ejus
1632 1629 1723 1663 magni

932 1670 1039 1699 consilii
1051 1670 1170 1707 Angelus
1182 1670 1214 1699 “.
1222 1681 1233 1699 ι

967 1759 1013 1787 Sic
1029 1759 1110 1795 igitur
1125 1760 1194 1788 nihil
1208 1760 1241 1788 ad
1254 1761 1368 1796 gloriam
1385 1762 1476 1790 Patris
1492 1767 1716 1797 praetermittens,

931 1805 1021 1832 solum
1042 1806 1163 1833 medium
1179 1807 1310 1841 parietem
1328 1807 1537 1836 inimicitiarum
1550 1808 1679 1842 destruit,
1691 1815 1720 1837 et

932 1852 1070 1879 hominem
1079 1851 1243 1881 criminibus
1255 1853 1384 1881 absolvit.
1393 1853 1531 1887 Quoniam
1546 1861 1610 1882 vero
1624 1862 1722 1882 secun-

931 1897 996 1925 dum
1014 1898 1131 1925 alteram
1152 1902 1293 1932 naturam,
1321 1905 1455 1932 nostram,
1486 1901 1598 1935 inquam
1625 1906 1652 1928 et
1666 1901 1720 1929 bu-

931 1950 1055 1977 manam,
1070 1944 1174 1979 duplici
1193 1948 1290 1972 natura
1307 1949 1436 1973 constans
1452 1944 1533 1974 Jesus
1547 1944 1655 1974 Patrem
1671 1947 1720 1975 ho-

931 1989 1050 2021 noravit,
1065 1994 1093 2017 et
1106 1990 1141 2018 de
1163 1997 1280 2025 corpore
1293 1990 1328 2025 {et
1348 1991 1483 2025 sanguine
1496 1999 1548 2020 suo
1572 1992 1720 2020 admirabi-

932 2034 985 2062 lem
1000 2033 1074 2062 illam
1093 2041 1224 2062 coronam
1239 2034 1264 2061 ei
1276 2034 1382 2068 nexuit,
1395 2033 1499 2063 idcirco
1514 2035 1604 2063 solum
1615 2035 1718 2064 Christi

929 2085 1033 2113 corpus
1049 2079 1204 2107 remedium
1218 2079 1353 2107 adversus
1366 2084 1507 2114 peccatum
1530 2084 1581 2112 est,
1594 2085 1622 2108 et
1636 2081 1718 2108 unica

932 2129 1109 2159 peccatorum
1125 2124 1240 2152 abolitio
1253 2125 1368 2160 sanguis
1379 2125 1450 2159 ejus.
1467 2123 1571 2160 Nempe
1592 2126 1627 2153 ob
1647 2127 1718 2154 hanc

931 2177 1041 2205 quoque
1057 2177 1167 2198 causam
1184 2178 1199 2198 a
1215 2170 1352 2206 principio
1362 2170 1489 2198 conditus
1498 2175 1550 2205 est,
1567 2175 1597 2199 ut
1609 2171 1717 2199 Patrem

92 2221 147 2248 Καὶ
162 2220 216 2255 γάρ
231 2220 275 2247 διὰ
293 2220 374 2247 τοῦτο
389 2220 504 2255 συνέστη
520 2221 569 2255 τὴν
585 2219 684 2255 ἀρχὴν,
702 2219 748 2246 ινα
762 2220 808 2246 τὸν
822 2220 878 2247 [latr

936 2216 1111 2251 gloriﬁcaret,
1125 2216 1198 2244 sicut
1220 2217 1279 2251 ipse
1295 2217 1452 2247 conﬁtetur.
1462 2224 1492 2244 se
1507 2216 1542 2244 ad
1554 2218 1606 2245 hoc
1620 2223 1716 2245 natum

89 2268 159 2302 τέρα
175 2266 289 2301 δοξάσῃ,
302 2266 349 2293 καὶ
362 2266 376 2293 ὂ
395 2274 478 2300 φησιν
491 2265 572 2297 αὐτὸς
585 2266 600 2291 ὀ
613 2265 721 2300 Σωτὴρ,
734 2265 774 2296 εἰς
793 2265 876 2292 τοῦτο

90 2313 255 2347 γεγέννηται
269 2312 317 2338 καὶ
332 2312 373 2342 εἰς
385 2311 464 2338 τοῦτο
488 2311 618 2346 ἐλήλυθεν
642 2311 683 2341 είς
703 2310 749 2336 τὸν
772 2310 876 2345 κόσμον

89 2358 136 2384 καὶ
164 2357 210 2384 τὸν
230 2356 293 2392 ἑξῆς
308 2357 416 2384 ἃπαντα
436 2357 542 2392 χρόνον,
572 2356 653 2391 μόνον
675 2356 727 2391 μὲν
752 2355 782 2382 τὸ
807 2356 874 2391 πρὸς

86 2404 169 2430 τοῦτο
182 2403 265 2438 φέρον
278 2403 350 2430 ἀπαν
362 2403 487 2428 ἐτέλεσεν
502 2402 593 2437 ἔργον,
614 2401 693 2436 μόνον
705 2401 734 2428 δὲ
749 2402 793 2428 τὸν
805 2401 874 2437 ὑπὲρ

86 2450 187 2476 τούτου
211 2447 394 2486 διαφερόντως
417 2448 614 2483 ὑπομεμένηκε
638 2447 730 2474 πόνον.
747 2447 802 2474 Καὶ
817 2447 871 2482 γὰρ

88 2492 170 2520 τοῦτο
187 2491 219 2518 τὸ
237 2491 318 2527 σῶμα
341 2492 390 2518 τοῦ
411 2492 596 2528 πληρώματος
613 2491 664 2525 τῆς
681 2491 807 2526 θεότητος
818 2491 876 2526 ιγι

87 2546 149 2564 νετο
167 2537 304 2572 θησαυρὸς
315 2538 363 2564 καὶ
376 2538 466 2572 πάσης
479 2537 529 2572 μὲν
541 2536 575 2572 ἦν
584 2537 716 2572 ἄγευστον
726 2537 875 2571 ἁμαρτίας,

87 2584 237 2618 ιπλήρωσε
253 2582 282 2609 δὲ
301 2584 393 2610 πᾶσαν
419 2583 605 2618 δικαιοσύνην,
627 2582 747 2617 ἐκήρυξε
767 2583 796 2609 δὲ
821 2583 878 2615 τοῖς

86 2629 238 2664 ὁμογενέσι
257 2629 441 2664 ἀγνοούμενον
465 2628 512 2656 τὸν
530 2628 651 2663 Πατέρα,
677 2629 725 2654 καὶ
746 2625 786 2660 οἷς
801 2628 879 2662 ἔλεγε

86 2676 136 2702 καὶ
153 2672 194 2706 οἷς
218 2674 402 2701 ἐπεδείκνυτο.
426 2673 511 2701 Τοῦτό
530 2674 588 2700 tant
603 2673 634 2700 τὸ
650 2673 753 2708 σφαγέν
772 2675 817 2700 ἐπὶ
831 2673 879 2700 τοῦ

87 2719 226 2752 occupo-3'
242 2721 290 2746 καὶ
304 2720 319 2746 ὃ
347 2720 381 2754 τῇ
408 2720 499 2753 σφαγῇ
526 2719 676 2753 προσάγον,
702 2719 808 2745 ὲδειλίσ.
832 2719 879 2745 καὶ

88 2767 195 2801 ἠγωνία
215 2767 262 2794 καὶ
281 2767 376 2801 ἱδρῶσι
399 2767 573 2802 περιερριῖτο
595 2767 643 2793 καὶ
669 2765 807 2801 προῦδόθη
832 2765 879 2792 καὶ

926 2270 999 2295 esse,
1011 2268 1038 2290 et
1053 2263 1088 2290 ad
1115 2263 1167 2290 hoc
1179 2261 1289 2290 venisse
1303 2262 1331 2289 in
1348 2262 1479 2290 mundum
1496 2270 1503 2289 :
1520 2268 1546 2290 et
1566 2270 1614 2296 per
1635 2271 1718 2291 omne

926 2313 1034 2342 tempus
1043 2307 1180 2342 deinceps.
1190 2307 1380 2334 tantummodo
1391 2307 1523 2342 quidquid
1542 2308 1595 2335 huc
1611 2308 1717 2335 laceret

924 2352 990 2388 egit,
1004 2353 1084 2388 hujus
1102 2353 1181 2380 unius
1194 2353 1233 2381 rei
1244 2353 1332 2388 gratia
1347 2352 1429 2380 etiam
1446 2357 1527 2388 atque
1538 2353 1619 2380 ctiam
1631 2353 1719 2388 majo-

924 2407 1037 2434 remque
1045 2399 1072 2426 in
1084 2399 1192 2426 modum
1205 2399 1348 2426 laboravit.
1356 2398 1412 2427 Hoc
1422 2406 1540 2433 namque
1562 2406 1663 2435 corpus
1674 2400 1718 2434 ple

925 2446 1056 2473 nitudinis
1069 2445 1219 2473 divinitatis
1231 2446 1376 2473 thesaurus
1396 2445 1456 2479 fuit,
1468 2451 1496 2473 et
1511 2446 1600 2474 omnis
1613 2446 1717 2481 peccati

928 2499 1030 2527 expers
1052 2496 1122 2524 erat,
1145 2498 1255 2519 omnem
1274 2491 1410 2526 justitiam
1441 2491 1582 2527 implebat,
1609 2500 1718 2527 generis

930 2537 1104 2565 consortibus
1121 2536 1303 2572 (horninibus)
1319 2536 1427 2565 Patrem
1444 2545 1524 2572 quem
1542 2537 1716 2572 ignorabant,

931 2581 1132 2617 promulgabat,
1150 2585 1207 2609 tum
1221 2589 1268 2615 per
1285 2589 1316 2609 ea
1331 2589 1391 2617 qua:
1405 2583 1580 2617 loquebatur,
1595 2586 1653 2609 tum
1667 2589 1716 2616 per

932 2635 966 2655 ea
981 2635 1042 2662 quae
1053 2627 1217 2662 patiebatur.
1234 2627 1406 2655 Immolatum
1419 2628 1600 2656 estnimirum
1612 2627 1638 2654 in
1650 2634 1715 2653 cru-

932 2681 974 2707 ce,
989 2678 1016 2700 et
1025 2680 1086 2708 quae
1111 2672 1326 2700 immolationem
1344 2678 1552 2705 praecesserunt,
1577 2673 1714 2708 pavidum,

931 2719 1047 2747 anxium
1076 2717 1140 2752 fuit,
1168 2719 1272 2746 sudore
1292 2719 1408 2746 ditlhnit
1430 2719 1580 2754 proditum,
1591 2726 1716 2753 compre-

933 2765 1049 2793 hensum
1073 2769 1125 2798 est,
1139 2765 1272 2799 judicium
1290 2765 1414 2800 iniquum
1433 2765 1528 2798 subiit,
1542 2766 1594 2793 sub
1616 2765 1714 2792 Pontio

133 2857 158 2872 "
176 2855 255 2883 Joan.
270 2862 311 2888 Ill,
331 2854 374 2882 16.
412 2855 435 2872 ⁸⁸
452 2853 567 2881 tlalacb.
582 2862 601 2886 ι,
618 2854 645 2881 6.
684 2853 705 2869 “
718 2852 797 2882 Joan.
816 2861 882 2887 ml,

962 2854 984 2870 “
1005 2853 1088 2881 Hebr.
1105 2860 1124 2885 ι,
1138 2853 1165 2880 ὅ.
1205 2852 1318 2880 “Joan.
1332 2860 1388 2887 uv,
1401 2852 1428 2881 9.
1467 2854 1490 2869 “
1507 2853 1559 2882 lsa.
1573 2860 1602 2888 ιι,
1614 2854 1641 2882 6.
1662 2863 1663 2866 π
