1967 3071
239 142 297 176 591

858 142 882 172 N
891 142 1014 173 lCOLAI
1036 142 1228 174 CABASlL/E

1813 140 1865 172 592

245 200 335 227 Pilato
347 197 534 226 testimonium
548 196 693 232 perhibuit,
706 197 804 224 bonam
820 198 1033 230 confessxonem,

1091 197 1242 233 συνελήφθη
1273 198 1320 225 καὶ
1346 197 1449 233 κριτῶν
1472 195 1602 233 ἠνέσχετο
1626 196 1794 230 παρανόμων
1818 196 1866 223 καὶ

245 250 276 273 ut
301 245 401 272 Paulus
415 243 560 278 inquit‘“,
577 250 729 277 pmnasque
751 242 933 271 confessionis
949 244 1029 278 hujus

247 292 273 319 in
291 298 371 318 cruce
386 289 507 316 moriens
527 288 603 316 dedit
617 297 624 321 ;
642 293 669 316 et
687 288 789 323 ﬂagella
805 293 891 324 tergo,
905 289 1032 319 manibus

244 341 272 365 et
290 336 403 370 pedibus
416 336 522 368 clavos,
541 335 625 362 latere
655 334 778 362 lanceam
793 336 910 370 excepit.
926 335 1033 371 Flagris

244 386 401 416 coopertum
417 381 514 413 doluit,
528 384 555 408 et
565 381 702 408 conﬁxum
719 382 803 408 clavis
814 381 965 409 cruciatum
980 387 1031 410 est.

244 426 295 453 llic
311 426 423 461 sanguis
448 433 463 452 e
488 426 648 453 vulneribus
676 433 825 460 erumpens
852 425 917 454 solis
941 425 1032 453 lumen

245 472 418 502 obscuravit,
431 476 458 498 et
472 476 574 509 terram
595 470 749 502 concussit,
764 474 790 497 et
808 477 899 497 aerem
913 470 1034 498 sanctiﬁ-

245 517 327 547 carit.
348 520 375 543 et
397 516 526 543 mundum
553 516 712 543 universum
740 522 755 542 a
784 515 887 548 peccati
905 516 1033 544 sordibus

245 562 322 590 lavit.
342 561 435 596 itaque
450 561 522 588 sicut
550 560 658 596 scriptae
683 560 735 595 legi
761 560 874 588 omnino
898 561 1034 595 spirituali

247 608 305 641 lege
332 615 400 641 opus
422 606 483 639 fuit,
512 606 681 641 imperfectae
707 605 836 640 perfecta,
854 606 879 633 ei
902 613 963 640 qua:
980 613 1032 633 non

246 654 336 689 potuit
349 653 502 688 perfect-um
512 652 605 680 facere
622 653 796 685 servientem,
808 660 839 679 ea
852 660 912 686 qua:
926 656 1032 686 potest:

247 700 342 726 eodem
359 701 440 726 modo
453 699 498 733 qui
515 704 576 733 post
588 698 753 732 baptismum
767 698 794 724 in
809 697 924 733 gratiam
940 705 1035 732 pecca-

246 750 356 777 verunt,
383 744 606 778 suppliciumque
624 745 817 779 deprecantur,
833 743 941 770 illorum
959 744 1035 770 labo-

246 790 335 822 ribus,
351 789 499 817 sudoribus
517 793 544 816 et
569 789 696 825 lacrymis
710 789 842 824 sanguine
862 788 927 815 Novi
939 789 1035 816 Testa-

1084 243 1260 278 ἐμαρτύρησε
1281 243 1332 278 μέν
1360 243 1406 270 ἐπὶ
1430 243 1542 270 Ποντίου
1568 242 1685 269 Πιλάτου
1708 241 1758 277 τὴν
1779 241 1866 277 καλὴν

1082 289 1236 324 ὁμολογίαν,
1286 298 1353 325 φησι
1368 288 1486 321 Παῦλος,
1502 288 1585 315 ἔδωκε
1601 288 1630 314 δὲ
1642 287 1722 322 δίκην
1734 287 1784 321 τῆς
1800 288 1866 321 δμο-

1082 335 1178 368 λογίας
1188 336 1313 368 θάνατον,
1328 336 1377 362 καὶ
1392 335 1486 361 τοῦτον
1497 336 1542 361 ἐπὶ
1557 334 1688 368 σταυροῦ,
1703 334 1749 360 καὶ
1767 333 1867 368 μάστι-

1083 390 1135 416 γας
1153 383 1202 416 μέν
1216 383 1262 408 ἐπὶ
1284 382 1338 409 τῶν
1358 381 1549 416 μεταφρένων,
1567 380 1614 407 ἐπὶ
1631 381 1668 407 -δὲ
1693 380 1747 407 τῶν
1766 380 1868 415 χειρῶν

1083 428 1130 454 καὶ
1154 427 1207 453 τῶν
1229 427 1318 454 ποδῶν
1346 427 1438 462 ἥλους,
1461 428 1494 462 τῇ
1520 427 1628 462 πλευρᾷ
1649 426 1679 452 δὲ
1700 425 1750 461 τὴν
1767 426 1868 461 λόγχην

1083 473 1191 506 ἐδέξατο
1220 473 1267 500 καὶ
1291 473 1397 508 ῆλγησε
1424 472 1643 507 μαστιγούμενον
1669 473 1716 498 καὶ
1742 471 1868 507 ὼδυνήθη

1084 519 1318 554 προσηλούμενον,
1339 519 1419 546 τοῦτο
1433 518 1464 545 τὺ
1489 515 1558 553 αἷμα.
1576 518 1631 544 τῶν
1655 516 1768 553 πληγῶν
1783 518 1872 552 ἐκπη-

1084 565 1170 599 δῆσαν
1186 564 1232 591 τὸν
1245 564 1321 600 ἥλιον
1334 564 1430 591 ἐσσεσε
1446 564 1493 591 καὶ
1506 563 1556 599 τήν
1577 563 1631 598 γῆν
1647 563 1737 590 ἔσεισε
1754 563 1803 589 καὶ
1822 563 1870 589 τὸν

1085 610 1155 646 ἀέρα
1183 610 1281 645 ἡγίασε
1316 610 1378 637 ita!»
1394 609 1484 637 πάντα
1521 611 1567 637 τὸν
1595 610 1698 645 κόσμον
1730 610 1870 637 manus:

1084 656 1130 682 τοῦ
1155 656 1241 691 ῥύπου
1268 656 1317 691 τῆς
1338 656 1485 691 ἁμαρτίας.
1500 655 1582 683 Ὅθεν
1606 656 1733 690 καθάπερ
1755 656 1867 690 ἐδέησεν

1085 701 1178 733 ἁπλῶς
1198 702 1235 737 τῷ
1261 702 1377 737 γραπτῷ
1399 702 1474 737 νόμῳ
1491 701 1539 728 τοῦ
1562 701 1751 736 πνευματικοῦ
1773 702 1869 736 νόμου,

1083 747 1123 783 τῷ
1139 747 1243 779 ἀτελῶς
1259 747 1349 782 ἔχοντι
1363 747 1411 774 τοῦ
1427 747 1542 780 τελείου,
1559 747 1598 783 τῷ
1613 747 1717 774 τέλειον
1731 747 1871 781 ἀποφῆναι
1918 772 1924 775 .

1085 792 1131 819 τὸν
1148 792 1334 827 κατορθοῦντα
1353 792 1390 828 μὴ
1415 793 1555 828 δυναμένῳ
1567 793 1615 819 τοῦ
1636 793 1787 827 δυναμένου
1800 798 1808 807 ·
1823 792 1870 818 τὸν

249 835 347 868 menti,
363 841 389 862 ct
423 834 600 862 immaculato
624 841 739 869 corpore
774 842 843 870 opus
865 839 917 867 est,
944 839 1036 869 utpote

1091 838 1144 865 ίσον
1158 837 1260 873 τρόπον
1276 839 1322 865 καὶ
1345 838 1398 865 τῶν
1412 838 1482 873 μετὰ
1500 839 1531 865 τδ
1544 839 1665 873 λουτρὸν,
1681 839 1746 873 περὶ
1763 835 1800 865 ὧν
1823 836 1870 870 ἐξ-

247 882 315 908 citra
334 881 391 907 haec
409 880 463 908 illis
476 880 544 907 nihil
560 879 724 908 valentibus.

1049 873 1071 902 Β
1086 884 1221 920 ήμαρτον,
1241 884 1282 915 είς
1298 884 1347 919 τὴν
1374 884 1454 919 χάριν
1472 883 1696 919 παραιτουμένων
1711 884 1765 914 τοῖς
1780 883 1871 913 πόνοις

247 928 294 954 καὶ
310 929 366 959 τοῖς
379 927 494 962 δάκρυσι
513 926 560 953 ἰτοὖ
575 926 691 958 αἵματος
702 925 744 952 δεῖ
755 926 804 961 τῆς
817 926 911 962 κοινῆς
927 926 1066 964 Διαθὴκης
1081 930 1129 957 καὶ
1144 929 1190 956 τοῦ
1206 929 1358 965 σφαγέντος
1369 929 1506 965 σώματος,
1537 929 1575 961 ὡς
1605 929 1682 957 οὑδέν
1714 929 1812 964 δφελος
1841 927 1871 954 δν

247 973 359 1000 ἐκείνων
374 973 476 1000 τοῦτων
492 973 587 1008 χωρίς.
834 1002 838 1004 ,

284 1021 395 1048 Divinus
412 1028 493 1055 porro
511 1021 656 1056 Dionysius
670 1024 698 1048 et
713 1020 786 1055 ipsas
800 1019 967 1049 initiationes
983 1022 1036 1050 rite

247 1069 388 1104 peragi,et
411 1075 508 1094 munus
533 1075 614 1095 suum
627 1068 717 1095 facere
726 1074 805 1102 posse
823 1071 911 1102 negat,
927 1067 948 1094 si
958 1075 1035 1095 sacra

250 1121 327 1140 i-(ena
344 1120 396 1139 non
412 1113 557 1141 accesserit
569 1121 576 1140 ι
588 1113 673 1140 multo
700 1113 791 1140 minus
807 1113 926 1140 laborem
943 1117 970 1140 et
990 1113 1036 1148 ju-

243 1159 348 1186 stitiam
366 1158 517 1189 hominum,
530 1162 638 1192 peccata
653 1158 805 1185 emaculare
830 1161 857 1184 et
877 1157 930 1184 alia
944 1156 1036 1185 effice-

245 1212 279 1231 re
290 1211 372 1238 posse
387 1203 552 1231 credendum
573 1208 624 1230 est.
659 1202 760 1230 Deinde
784 1206 811 1229 et
829 1202 880 1230 hoc
896 1209 979 1230 unum
995 1207 1036 1230 est

244 1249 286 1277 “de
304 1249 492 1281 sacramentis,
507 1250 539 1275 de
547 1248 669 1284 peccatis
679 1249 852 1284 pmnitentes,
878 1253 905 1276 et
929 1249 1035 1283 seipsos

245 1294 438 1322 sacerdotibus
454 1294 615 1329 aperientes,
633 1294 666 1321 ab
684 1294 757 1321 omni
773 1301 852 1329 pana
865 1294 935 1329 apud
952 1294 1035 1322 Deum

246 1339 371 1374 'judicem
389 1339 520 1371 eximere,
532 1346 584 1374 qua
596 1339 741 1366 eihcientia
759 1338 885 1366 similiter
897 1340 975 1374 potiri
993 1347 1038 1367 ne-

247 1386 381 1420 -quibunt,
398 1386 443 1420 qui
462 1385 548 1412 sacris
561 1385 648 1419 epulis
666 1392 718 1412 non
746 1384 932 1412 accubuerint.
962 1384 1038 1418 Quo-

254 1430 329 1457 circa
343 1437 496 1464 quanqntrm
522 1429 606 1457 semel
620 1429 776 1467 invitamur,
791 1430 889 1464 sapius
902 1435 990 1456 tamen
1006 1429 1040 1456 ad

254 1476 327 1502 hanc
349 1483 471 1502 mensam
482 1474 655 1503 accedimus:
673 1475 893 1510 quandoquidem
919 1476 1043 1502 homines

248 1526 334 1549 'natos
342 1529 449 1556 semper
459 1521 541 1548 Deum
550 1521 688 1548 ollendcre
701 1522 843 1556 contingit,
861 1521 939 1548 noxis
951 1525 1042 1548 autem

249 1568 329 1595 exire
350 1571 489 1599 conantes,
502 1567 673 1601 poenitentia,
690 1567 830 1595 laboribus
860 1572 887 1594 et
902 1567 1041 1602 triumpho

254 1613 373 1648 quodam
383 1613 417 1640 de
437 1616 548 1647 peccato
560 1612 693 1647 indigent.
702 1613 791 1647 Atque
803 1613 854 1640 hoc
863 1617 959 1640 contra
975 1620 1040 1647 pec-

256 1645 346 1687 catum
364 1645 475 1692 facient,
495 1659 530 1692 si,
553 1645 632 1692 quod—
641 1659 728 1686 solum
746 1645 787 1686 est
804 1659 934 1687 adversus
952 1645 1038 1686 homi-
1051 1645 1073 1678 ο

255 1713 320 1732 num
337 1708 448 1739 peccata
462 1703 702 1738 medicamentum,
723 1703 874 1732 adhibitum
895 1703 985 1731 fuerit.

291 1792 368 1819 Sicut
380 1791 451 1819 enim
463 1791 615 1819 oleastrum
629 1791 680 1819 sibi
692 1792 826 1818 insertum
839 1791 910 1818 oliva
926 1791 1039 1818 horten-

250 1839 295 1866 sis
306 1838 406 1866 inox‘in
423 1844 451 1865 se
459 1839 604 1870 convertit,
619 1844 647 1865 et
655 1838 760 1865 fructus
777 1842 869 1872 postea
879 1837 1038 1872 neutiquam

251 1884 520 1917 oleastroconvenit,
531 1884 573 1911 ita
584 1888 610 1911 et
621 1884 738 1911 humana
744 1883 850 1918 iustitia
860 1882 918 1918 ipsa
931 1883 1039 1918 quidem

251 1938 305 1965 per
321 1938 350 1958 se
372 1930 458 1965 ipsum
489 1930 523 1957 ad
543 1929 617 1959 nim.
641 1929 781 1961 conducit;
813 1929 860 1957 sed
876 1929 904 1956 in
937 1929 979 1956 his
994 1928 1041 1963 qui

250 1977 365 2004 Christo
384 1976 509 2010 'copulati
524 1975 635 2007 fuerint,
660 1975 791 2010 carnique
800 1979 830 2002 et
847 1974 969 2009 sanguini
983 1973 1041 2007 ejus

256 2021 528 2054 communicaverint,
556 2021 685 2048 continuo
699 2020 769 2048 bona
797 2020 964 2055 amplissima
978 2027 1042 2055 pro-

248 2072 378 2103 ‘geuerat,
404 2071 576 2101 peccatorum
600 2065 790 2093 remissionem
807 2070 834 2093 et
856 2065 1041 2092 haereditatem

259 2113 344 2148 regni,
358 2113 404 2146 qui
419 2111 532 2147 iustitia
551 2110 653 2138 Christi
675 2111 787 2139 ‘l'rnctus
820 2116 893 2139 sunt.
914 2110 954 2139 Ut
968 2113 1041 2140 enim

253 2167 272 2186 a
288 2165 367 2186 sacra
383 2156 596 2185 mensa'Christi
615 2164 714 2192 corpus
738 2157 901 2192 accipimus,
917 2161 944 2185 et
970 2158 1044 2192 quod

258 2204 431 2238 praestantius
442 2206 495 2234 est,
508 2209 608 2236 corpus
619 2207 744 2229 nostrum
757 2203 835 2237 longe
847 2203 943 2230 vincit:
951 2203 992 2230 ita
1001 2210 1044 2230 se-

259 2249 352 2283 quitur
362 2248 417 2279 hlc,
433 2251 463 2274 ut
473 2247 578 2282 justiti:
589 2251 681 2275 nostra
690 2247 793 2275 Christi
803 2248 915 2282 justitiae
926 2249 1043 2283 speciem

1123 1022 1263 1054 Διονύσιος
1274 1022 1301 1049 δὲ
1318 1023 1332 1049 6
1346 1022 1418 1055 θεῖος
1435 1022 1483 1049 καὶ
1496 1021 1545 1053 τὰς
1568 1021 1645 1057 ἱερὰς
1660 1021 1745 1052 αὐτὰς
1759 1019 1873 1052 τελετὰς

1090 1068 1128 1103 μὴ
1142 1068 1176 1095 ἂν
1188 1068 1298 1094 τελέσαι
1317 1068 1395 1103 φησὶ,
1411 1069 1477 1104 μηδέ
1498 1068 1531 1094 τὰ
1548 1067 1637 1094 αὐτῶν
1664 1066 1810 1101 δυνηθῆναι
1833 1067 1872 1101 μὴ

1088 1114 1136 1142 τοῦ
1162 1114 1271 1141 δείπνου
1289 1114 1486 1150 προστεθέντος
1506 1114 1553 1140 τοῦ
1581 1113 1667 1148 ἱεροῦ,
1685 1112 1768 1148 σχολῇ
1793 1120 1825 1146 γε
1839 1112 1873 1145 δὴ

1089 1160 1170 1187 πόνον
1192 1161 1240 1187 καὶ
1254 1160 1428 1195 δικαιοσύνην
1453 1159 1604 1195 ἀνθρώπων
1627 1158 1763 1193 ἁμαρτίας
1789 1158 1873 1184 δύναο

1090 1205 1152 1232 σθαι
1170 1205 1244 1232 λύειν
1264 1205 1310 1232 καὶ
1332 1206 1365 1232 τὰ
1389 1195 1501 1231 τοιαῦτα
1527 1206 1669 1239 περαίνειν
1697 1204 1769 1239 ἔχειν
1799 1204 1873 1234 εἰκός

1088 1251 1162 1278 ἐστιν
1173 1259 1180 1266 ·
1198 1252 1284 1283 ἄλλως
1301 1260 1330 1278 τε
1346 1251 1400 1277 τῶν
1418 1251 1442 1277 le
1448 1250 1502 1286 ρῶν
1518 1250 1548 1277 ἐν
1560 1251 1607 1277 καὶ
1622 1250 1700 1277 τοῦτο
1715 1251 1875 1286 μυστηρίων

1088 1297 1151 1328 τοὺς
1169 1297 1233 1332 περὶ
1250 1293 1287 1323 ὧν
1303 1296 1457 1331 ἐξήμαρτον
1480 1296 1664 1331 μεταγνόντας
1685 1297 1732 1322 καὶ
1747 1304 1874 1330 προσαγ-

1090 1342 1233 1376 γείλαντας
1256 1342 1367 1373 ἑαυτοὺς
1382 1343 1439 1373 τοῖς
1463 1341 1566 1377 ἱερεῦσι
1588 1342 1679 1376 πάσης
1703 1341 1874 1369 ἀπολύεσθαι

1090 1387 1170 1422 δίκης
1186 1389 1261 1423 παρὰ
1284 1388 1344 1423 Θεῷ
1358 1389 1485 1424 δικαστῇ.
1500 1388 1607 1415 Οὐκοῦν
1629 1389 1691 1415 οὐδὲ
1709 1389 1804 1415 τούτου
1824 1389 1874 1422 γέ-

1089 1435 1156 1460 νοιτ’
1172 1433 1205 1460 ἂν
1221 1435 1314 1469 τυχεῖν
1334 1434 1458 1469 ἐνεργοῦ,
1479 1435 1515 1469 μὴ
1531 1434 1562 1460 τὺ
1582 1429 1660 1470 ῖερὸν
1674 1435 1875 1469 δειπνήσαντας

1092 1480 1210 1507 δεῖπνον.
1226 1481 1275 1507 Διὰ
1288 1481 1366 1507 τοῦτο
1379 1482 1425 1508 καὶ
1435 1481 1555 1516 λούμεθα
1574 1482 1622 1516 μὲν
1636 1481 1719 1514 ἅπαξ,
1737 1482 1874 1515 πρόσιμεν

1090 1526 1119 1552 δέ
1135 1527 1168 1561 τῇ
1179 1526 1304 1563 τραπέζῃ
1318 1526 1457 1559 πολλάκις,
1470 1527 1510 1554 ὅτι
1525 1527 1667 1563 συμϐαίνει
1681 1528 1728 1562 μέν
1742 1528 1874 1554 ἑκάστοτε

1089 1572 1149 1607 Θεῷ
1167 1573 1350 1607 προσκρούειν
1366 1573 1526 1609 ἀνθρώπους
1538 1574 1626 1606 ὂντας,
1649 1574 1724 1601 λύειν
1741 1575 1769 1601 δὲ
1787 1574 1817 1600 τὺ
1827 1574 1875 1607 ἐγ-

1090 1618 1140 1653 κλη
1145 1627 1183 1652 μα
1197 1619 1381 1653 πειρωμένοις
1396 1619 1541 1653 μετανοίας
1555 1620 1634 1655 χρείᾳ
1660 1621 1707 1646 καὶ
1721 1620 1812 1646 πόνων
1826 1620 1876 1646 καὶ

1089 1662 1136 1689 ’τοῦ
1150 1662 1338 1697 θριαμϐεῦσαι
1353 1663 1403 1698 τὴν
1424 1664 1561 1698 ἁμαρτίαν
1573 1672 1579 1679 ·
1598 1663 1683 1690 ταῦτα
1697 1664 1725 1691 δέ
1748 1664 1875 1699 δράσειεν

1090 1707 1124 1734 ἂν
1136 1707 1208 1734 κατὰ
1229 1708 1280 1742 τῆς
1298 1708 1447 1744 ἁμαρτίας,
1466 1710 1499 1742 ἢν
1510 1709 1543 1735 τὸ
1558 1709 1638 1745 μόνον
1661 1710 1717 1737 τῶν
1732 1710 1876 1744 ἀνθρωπί-

1090 1763 1143 1782 νων
1162 1754 1255 1781 κακῶν
1269 1754 1413 1789 φάρμακον
1426 1756 1574 1791 προστεθῇ.

1126 1799 1259 1835 Καθάπερ
1272 1800 1326 1835 γὰρ
1341 1801 1392 1835 τὴν
1404 1801 1563 1835 ἀγριέλαιον
1573 1802 1590 1837 ἡ
1603 1801 1784 1835 καλλιέλαιος,
1799 1803 1877 1830 ἐπει-

1090 1845 1138 1872 δὰν
1149 1845 1342 1881 ἐγκεντρισθῇ,
1356 1846 1424 1881 πρδς
1441 1846 1542 1881 ἐαυτὴν
1559 1847 1687 1881 καθάπαξ
1699 1848 1810 1882 ἀμείϐει
1825 1849 1878 1875 καὶ

1091 1892 1105 1918 ὁ
1124 1892 1229 1927 καρπὸς
1253 1891 1401 1927 οὐδαμόθεν
1427 1892 1525 1928 κοτίνῳ
1548 1894 1710 1929 προσήκων
1741 1895 1787 1921 τδν
1817 1895 1876 1922 ῐσον

1092 1937 1191 1973 τρόπον
1209 1938 1256 1965 καὶ
1275 1938 1293 1970 ἡ
1309 1939 1362 1966 τῶν
1383 1938 1533 1974 ἀνθρώπιον
1559 1939 1717 1975 δικαιοσύνη
1739 1941 1807 1974 αὐτὴ
1824 1941 1877 1975 μὲν

1090 1981 1161 2016 πρὸς
1172 1982 1246 2009 οὐδὲν
1258 1983 1336 2017 φέρει
1347 1983 1381 2010 δι’
1395 1983 1505 2018 ἐαυτὴν.
1515 1983 1554 2019 τῷ
1568 1983 1595 2010 δὲ
1605 1985 1716 2020 Χριστῷ
1728 1986 1878 2020 συναφοὲνε

1094 2036 1149 2055 των
1171 2027 1218 2054 καὶ
1234 2028 1336 2064 σαρκὸς
1354 2030 1402 2055 καὶ
1422 2029 1538 2063 αίματος
1566 2031 1814 2065 κεκοινωνηκότων,
1838 2032 1877 2057 τὰ

1094 2073 1212 2108 μέγιστα
1225 2073 1280 2100 τῶν
1295 2074 1405 2108 ἀγαθῶν
1421 2074 1500 2105 εὐθὺς
1512 2075 1637 2110 ἐδυνήθη,
1654 2076 1796 2110 ἁμαρτιῶν
1809 2077 1878 2110 clpe.

1096 2127 1138 2146 σιν
1153 2120 1200 2145 καὶ
1220 2119 1360 2154 βασιλείας
1372 2120 1567 2156 κληρονομίαν,
1588 2121 1606 2148 ἃ
1618 2122 1667 2156 τῆς
1693 2121 1740 2148 τοῦ
1755 2122 1877 2157 Χριστοῦ

1093 2164 1266 2200 δικαιοσύνης
1281 2165 1341 2192 ἐστὶ
1353 2166 1470 2201 καρπός.
1487 2166 1592 2202 Ὠσπερ
1605 2168 1660 2202 γὰρ
1673 2168 1726 2194 ἀπὸ
1742 2168 1791 2202 τῆς
1801 2169 1879 2203 ἱερᾶς

1094 2210 1235 2246 τράπεζης
1252 2212 1282 2238 τὸ
1299 2211 1379 2247 σῶμα
1398 2212 1516 2248 Χριστοῦ
1535 2213 1705 2248 κομιζόμεθα
1729 2213 1808 2248 σῶμα
1822 2214 1879 2240 τῶν

1096 2257 1260 2291 κρειττόνων
1272 2257 1491 2293 ὑπερνικώντων,
1503 2259 1590 2291 οὕτως
1603 2259 1748 2286 ἀκόλουθον
1761 2259 1881 2287 ἐνταῦθα

258 2293 418 2328 vultumque
427 2292 454 2318 in
462 2299 491 2319 se
498 2295 631 2326 capessat.
644 2292 707 2319 Haec
714 2292 798 2324 enim,
811 2291 935 2326 «Corpus
944 2293 1039 2320 Christi

1096 2302 1144 2329 καὶ
1158 2302 1208 2337 τὴν
1233 2291 1408 2339 δικαιοσύνην
1426 2304 1505 2338 ὴμῶν
1519 2304 1671 2340 χριστοειδῆ
1696 2305 1822 2339 γενέσθαι
1838 2305 1882 2332 δι-

252 2346 368 2372 sumus,
379 2342 407 2365 et
415 2337 536 2366 membra
545 2345 578 2365 ex
588 2343 665 2372 parte
674 2338 698 2354 ⁵³
706 2358 714 2370 ,
727 2347 736 2363 ι
752 2345 805 2365 non
818 2338 853 2365 de
868 2345 983 2374 corpore
992 2339 1045 2367 dici

253 2384 347 2411 solum
360 2382 546 2410 existimemus
562 2383 635 2415 licet,
644 2383 730 2410 multo
738 2388 828 2410 autem
840 2383 940 2418 justius
950 2385 1046 2412 animae

252 2433 288 2456 ἐι
311 2428 413 2455 actioni
435 2427 495 2462 ejus
521 2428 590 2454 hanc
618 2428 837 2456 communionem
862 2429 1045 2463 tribuendam;

253 2473 487 2510 quandoquidem
505 2481 516 2498 ι
536 2473 587 2505 Qui
606 2473 726 2500 adhaeret
741 2473 862 2506 Christo,
878 2482 949 2502 unus
964 2475 1045 2510 spiri-

255 2524 307 2546 tus
317 2523 429 2546 estxcum
445 2525 477 2544 eo
493 2517 538 2543 ‘5'.
555 2526 564 2542 ι
580 2517 686 2550 Quibus
699 2518 787 2546 verbis
802 2519 967 2552 declaratur,
975 2520 1045 2548 hanc

257 2567 483 2593 communionem
501 2568 527 2592 et
538 2563 748 2591 coalescentiam
765 2564 792 2592 in
810 2566 900 2592 anima
924 2571 952 2593 et
970 2573 1046 2593 men-

263 2618 289 2641 te
303 2613 391 2648 potius
406 2611 568 2639 consistere.
593 2610 656 2638 Ideo
687 2618 741 2638 non
769 2619 866 2646 corpus
883 2613 984 2644 solum,
999 2612 1046 2640 sed

255 2660 382 2686 animam
399 2661 546 2692 quoque,et
563 2663 689 2688 trientem,
701 2661 728 2684 ei.
745 2657 920 2691 voluntatem,
934 2663 960 2685 et
973 2667 1048 2694 qua-

255 2711 374 2739 cunque
385 2703 501 2730 humana
517 2702 676 2736 assumpsit,
691 2703 806 2730 utnobis
822 2705 886 2732 totis
899 2705 970 2732 uniri
982 2713 1046 2740 po:-

256 2752 318 2782 set,
330 2754 434 2782 nosque
445 2751 517 2774 toto:
524 2746 694 2781 pervaderet,
720 2748 782 2775 etin
795 2749 914 2784 seipsum
929 2751 1049 2778 resolve-

1097 2347 1254 2382 καιοσύνην.
1270 2348 1306 2375 Τὺ
1321 2349 1375 2383 γὰρ
1391 2359 1401 2374 ‹
1417 2349 1500 2384 Σῶμα
1513 2350 1631 2385 Χριστοῦ
1647 2351 1732 2385 ἐσμεν
1746 2351 1794 2376 καὶ
1809 2350 1880 2385 μέλη

1094 2392 1130 2419 ἐκ
1155 2393 1263 2428 μέρους,
1290 2403 1299 2419 ι
1327 2395 1357 2420 οὐ
1374 2395 1444 2421 κατὰ
1468 2395 1497 2421 τὸ
1525 2395 1604 2430 σῶμα
1632 2395 1711 2430 μόνον
1736 2396 1882 2430 νομιστέον

1097 2437 1233 2473 εἰρῆσθαι,
1250 2439 1317 2465 ἀλλὰ
1341 2439 1433 2475 πολλῷ
1447 2440 1616 2476 δικαιότερον
1639 2442 1672 2477 τῇ
1687 2440 1759 2476 ψυχῇ
1770 2443 1832 2470 ,καὶ
1847 2443 1882 2476 τῇ

1097 2482 1159 2508 κατ’
1173 2482 1258 2518 αὐτὴν
1272 2484 1398 2520 ἐνεργείᾳ
1412 2484 1461 2520 τὴν
1473 2485 1617 2512 κοινωνίαν
1634 2486 1779 2512 ἀποδοτέον
1794 2486 1881 2512 ἐστίν’

1095 2527 1158 2553 ἐπεὶ
1171 2528 1219 2555 καὶ
1236 2538 1246 2554 ι
1260 2530 1274 2555 ὁ
1285 2529 1454 2565 κολλώμενος
1468 2531 1506 2565 τῷ
1517 2532 1613 2566 Κυρὶῳ
1626 2531 1654 2557 ἐν
1666 2532 1775 2565 πνεῦμά
1785 2533 1853 2564 ἐστι,
1870 2541 1880 2558 ι

1097 2572 1176 2600 τοῦτό
1195 2573 1252 2600 ἐστι
1276 2574 1441 2607 δεικνύντος,
1465 2577 1514 2610 τὴν
1537 2577 1681 2603 κοινωνίαν
1708 2576 1811 2610 ταύτην
1835 2578 1883 2603 καὶ

1100 2619 1239 2652 συμφυΐαν
1260 2620 1307 2646 ἐπὶ
1325 2620 1372 2646 τοῦ
1393 2621 1438 2648 νοῦ
1456 2621 1572 2656 μάλιστα
1589 2623 1749 2648 συνεστάναι
1766 2622 1814 2648 καὶ
1832 2624 1882 2656 τῆς

1097 2662 1196 2697 ψυχῆς.
1220 2665 1270 2691 Διά
1292 2665 1369 2691 τοῦτο
1388 2666 1440 2702 γὰρ
1461 2667 1492 2693 οὐ
1518 2667 1596 2701 σῶμα
1622 2667 1762 2702 περιέθετο
1791 2668 1880 2700 μόνον,

1099 2708 1167 2735 ἀλλὰ
1180 2709 1228 2735 καὶ
1241 2709 1329 2745 ψυχὴν
1346 2710 1424 2737 ἐλαὸε
1439 2711 1486 2738 καὶ
1500 2711 1563 2738 νοῦν
1574 2713 1620 2738 καὶ
1636 2711 1746 2746 θέλησιν
1763 2712 1811 2738 καὶ
1826 2711 1882 2738 πᾶν

1101 2754 1193 2781 ὁτιοῦν
1210 2755 1392 2791 ἀνθρώπειον,
1414 2757 1448 2784 ἵν’
1463 2757 1534 2790 ὅλοις
1549 2758 1615 2793 ἡμῖν
1630 2757 1764 2792 ἐνωθῆναι
1779 2757 1883 2793 δυνηθῇ

301 2840 338 2858 δι’
349 2839 359 2868 l
371 2838 445 2866 Tim.
456 2844 506 2870 Ἣ,
522 2836 549 2864 Ξ.
587 2836 630 2864 ⁸⁵1
646 2837 709 2866 Cor.
724 2845 773 2871 an,
790 2839 834 2866 27.
873 2838 908 2855 ⁸⁸·
925 2839 1009 2868 lCor.
1023 2849 1060 2877 νι,
1077 2841 1122 2870 17.

546 2882 563 2900 ά
