1967 3071
115 143 168 175 593

115 247 248 295 ἀναλύσῃ.
264 250 332 277 πᾶσι
357 253 447 280 πάντα
472 256 594 290 συνάψας
615 260 671 290 τοῖς
693 247 847 295 ἡμετέροις.
861 262 897 289 τὰ

114 293 225 327 ἑαυτοῦ,
250 295 313 322 ὅθεν
338 298 543 332 ἁμαρτάνουσιν
570 293 742 338 ἀνάρμοστός
768 293 824 333 ἐστι
849 308 897 334 καὶ

113 339 275 386 ἀκόλλῖιτος,
289 342 330 369 ὅτι
347 344 432 380 ταύτῃ
452 346 532 380 μόνον
554 349 644 375 κοινὸν
659 350 724 384 ἡμῖν
738 352 806 386 πρὸς
827 354 898 380 ἐκεῖ-

114 391 170 432 νον.
188 384 209 410 Τ
211 385 228 411 ἁ
241 386 297 421 γὰρ
313 387 380 414 ἄλλα
393 389 481 416 πάντα
497 393 543 417 καὶ
561 392 670 426 ἐδέξατο
684 396 748 430 παρ’
760 384 838 432 ἡμῶν
854 406 898 432 φι-

113 429 283 478 λανθρώπως
306 434 356 478 καὶ
382 436 447 470 ἡμῖν
472 437 604 465 συνάπτει
629 429 894 478 φιλανθρωπότερον.

115 475 150 500 Τὸ
170 476 221 508 μὶν
235 478 290 512 γὰρ
304 477 337 512 ἦν
358 481 404 506 τὸν
417 481 486 508 Θεὸν
507 483 547 514 εἰς
560 484 611 517 τὴν
629 485 681 519 γῆν
701 475 852 518 κατελθεῖν,
866 475 896 514 τὸ

113 519 142 545 δὶ
153 521 169 554 ή
175 522 227 552 μᾶς
244 522 349 551 ἐνθένδε
362 525 513 559 ἀναγαγεῖν
523 537 531 544 ·
550 528 599 555 καὶ
614 530 644 555 τδ
657 530 708 564 μὲν
725 531 805 558 αὑτὸν
822 533 898 560 ἐναν-

112 566 270 602 θρωπῆσαι,
289 570 320 596 τὸ
340 570 370 598 δὲ
392 572 438 599 τὸν
461 574 606 610 ἄνθρωπον
627 577 777 612 θεωθῆναι·
798 578 846 606 καὶ
866 580 897 606 τὸ

114 614 165 648 μὲν
183 615 233 649 τὴν
248 615 329 650 φύσιν
344 617 440 650 ἁπλῶς
461 619 516 647 τῶν
534 621 642 650 ὀνειδῶν
663 623 842 658 ἀπαλλάττει.
853 625 897 660 ἐφ’

110 660 154 706 ἐνὶ
171 660 279 696 σώματι
298 663 345 689 καὶ
363 665 414 700 μιᾷ
425 664 499 701 ψυχῇ
518 667 567 702 τὴν
581 668 721 703 ἁμαρτίαν
733 671 896 706 νικήσασαν,

110 705 142 731 τὸ
155 705 185 732 δὲ
203 706 320 735 ﬁxae-rev
329 709 385 736 τῶν
401 711 552 745 ἀνθρώπιον
565 715 708 750 ἁμαρτιῶν
723 705 836 743 ἀπολύει
849 717 896 745 καὶ

110 750 171 798 Θεῷ
188 752 328 789 συνίστησι
341 763 349 770 ·
367 755 454 783 ταῦτα
465 757 494 784 δὲ
508 759 620 786 ἐκείνων
640 761 894 798 φιλανθρωπότερα.

117 797 195 830 Ἐπεὶ
216 799 270 834 γὰρ
298 800 351 828 οὐκ
367 801 432 837 ἐνῆν
453 804 526 837 ἡμᾶς
548 805 711 838 ἀνελθόντας
736 808 791 835 τῶν
812 797 894 837 αὐτοῦ

112 846 272 879 μετασχεῖν,
290 846 370 878 αὐτὸς
386 849 527 877 κατελθὼν
544 851 583 883 εις
594 853 667 886 ἡμᾶς
680 853 735 880 τῶν
748 855 893 891 ἡμετέρων

112 891 329 925 μεταλαμϐάνει,
349 895 396 920 καὶ
412 895 498 927 οὕτως
520 897 644 933 ἀκριϐῶς
660 899 700 930 οἷς
718 901 798 928 ἔλαϐε
828 911 891 929 συν-

111 936 194 971 εφύη,
208 937 278 964 ὥστε
292 939 325 965 δι’
337 936 374 967 ὦν
384 941 461 975 ἡμῖν,
472 942 490 969 a
501 943 567 978 παρ’
582 944 660 979 ἡμῶν
675 945 782 979 ἔλαϐεν,
803 949 894 975 ἀποδί-

110 982 205 1015 δωσιν,
221 983 317 1011 ἑαυτοῦ
340 987 513 1021 μεταδίδωσι,
526 990 572 1016 καὶ
593 991 693 1026 σαρκὸς
711 993 757 1019 καὶ
778 994 893 1028 αἵματος

113 1029 274 1075 μετέχοντες
289 1031 463 1066 ἀνθρωπείου
480 1035 525 1061 τὸν
542 1036 608 1063 Θεὸν
626 1038 708 1065 αὑτὸν
723 1040 783 1071 ταῖς
793 1041 894 1075 ψυχαῖς

109 1073 254 1108 δεχόμεθα,
270 1077 317 1103 καὶ¹
333 1077 413 1112 σῶμα
426 1079 494 1106 Θεοῦ
508 1081 557 1107 καὶ
573 1080 642 1115 αἷμα
657 1085 703 1111 καὶ
723 1073 812 1121 ψυχὴν
826 1073 893 1113 είεοῦ

110 1122 160 1147 καὶ
175 1122 237 1149 νοῦν
252 1123 299 1149 καὶ
324 1123 434 1160 Θέλησιν
450 1126 526 1153 οὐδὲν
546 1127 658 1156 ἔλαττον
680 1132 697 1165 ἢ
724 1133 893 1167 ἀνθρώπινα.

113 1167 189 1195 Ἐδει
205 1168 258 1204 γὰρ
283 1171 329 1196 καὶ
343 1170 422 1197 τοῦτο
437 1170 506 1199 εἶναι
528 1175 638 1202 κάκεῖνο
653 1177 779 1209 γενέσθαι
799 1179 830 1205 τὸ
845 1181 894 1214 τῆς

113 1213 184 1247 ιμῆς
199 1214 340 1260 ἀσθενείας
353 1217 499 1252 φάρμακον
512 1227 520 1235 ο
532 1221 557 1246 ει
578 1221 629 1254 μὲν
642 1223 696 1257 γὰρ
717 1223 782 1254 Θεὸς
799 1223 832 1260 ἦν
847 1226 895 1260 μό-

111 1267 168 1290 νον,
184 1259 233 1286 οὒκ
244 1261 277 1287 ἂν
289 1261 375 1294 οὕτως
393 1264 483 1300 ἠνώθη
496 1273 503 1281 ·
514 1265 572 1298 πῶς
587 1268 641 1302 γὰρ
656 1270 688 1296 ἂν
708 1271 774 1305 ἡμῖν
787 1259 894 1305 ἐγένετο

110 1305 235 1337 acim/0v;
255 1308 286 1334 Et
308 1308 331 1334 δ’
355 1309 425 1344 ὅπερ
449 1311 531 1346 ἡμεῖς
557 1313 647 1347 μόνον,
680 1315 730 1342 οὐκ
754 1317 787 1344 ἂν
808 1318 895 1351 οὕτως

111 1351 220 1386 ἔδρασε.
236 1353 293 1380 Νῦν
309 1354 338 1382 δι
353 1355 383 1382 τὺ
399 1357 602 1392 συναμφότερον
612 1366 619 1373 ·
632 1359 704 1386 οὕτω
717 1361 766 1395 μὲν
781 1362 818 1394 ὡς
830 1364 895 1397 ὁμο-

110 1399 221 1432 γενέσιν
246 1400 353 1428 ἑνοῦται
381 1403 427 1429 καὶ
456 1404 611 1438 συμφύεται
639 1408 694 1438 τοῖς
721 1408 893 1443 ἀνθρώποις,

111 1443 225 1475 ἐκείνως
240 1445 268 1471 δὲ
282 1446 331 1481 τὴν
344 1447 427 1482 φύσιν
445 1447 512 1484 ἆραι
528 1449 640 1478 δύναται
658 1451 706 1478 καὶ
723 1454 833 1488 νικῆσαι
847 1456 895 1482 καὶ

111 1490 182 1523 πρὸς
206 1491 302 1518 ἑαυτὸν
333 1494 513 1528 μεταστῆσαι.
531 1496 592 1523 Τῶν
612 1497 668 1534 γὰρ
687 1499 830 1534 δυνάμεων
846 1502 897 1533 τὰς

628 156 676 186 DE
697 158 782 187 VlTA
806 159 846 189 IN
867 161 1034 193 CHRISTO
1065 164 1135 194 LIB.
1157 165 1206 196 ιν.

116 200 208 250 ante?
224 202 292 229 ὅλων
314 205 395 239 ἡμῶν
410 209 532 245 χωρήσῃ,
551 211 598 236 καὶ
615 213 683 247 πρὸς
705 213 802 241 ἑαυτὸν
820 216 895 250 ἡμᾶς
910 219 932 246 Δ

1681 173 1733 204 5M

949 221 998 248 ret,
1015 226 1076 245 cum
1094 221 1224 248 omnibus
1237 222 1338 255 omnia,
1355 224 1456 253 nostris
1473 232 1523 253 sua
1550 231 1734 262 conglutinas-

948 269 998 290 sel.
1013 265 1091 292 Unde
1102 268 1275 300 peccantibus
1286 270 1408 304 adaptari
1430 276 1457 298 et
1469 273 1605 301 cohaerere
1622 282 1673 302 non
1683 284 1732 310 po-

949 314 1001 337 test
1012 331 1019 342 ,
1030 312 1158 344 quoniam
1173 313 1222 340 hac
1238 319 1342 342 tantum
1357 316 1462 343 ratione
1480 318 1553 345 nulla
1573 320 1653 348 nobis
1668 329 1730 348 cum

947 355 993 382 illo
1007 358 1184 385 consociatio.
1194 358 1259 386 Nam
1274 365 1370 388 caetera
1392 363 1482 389 omnia
1500 369 1526 390 et
1542 364 1695 392 humaniter
1717 375 1731 393 a

947 401 1026 428 nobis
1037 403 1167 437 suscepit,
1180 410 1206 431 et
1215 413 1263 432 sua
1273 406 1571 440 I-obiscunﬂrumanius
1577 411 1730 444 conjunxit.

949 446 1016 473 Illud
1035 452 1093 474 erat
1110 448 1194 476 Deum
1217 450 1244 477 in
1270 454 1358 479 terras
1373 452 1556 485 descendisse,
1573 455 1646 482 istud
1679 465 1729 485 nos

947 492 1010 519 hinc
1023 493 1050 519 in
1069 493 1168 521 omium
1185 495 1344 524 subvexisse
1358 505 1365 529 ;
1385 498 1448 524 illud
1462 498 1550 533 ipsum
1584 500 1726 528 hominem

946 538 1047 566 factum
1062 548 1133 573 esse,
1147 541 1197 569 hoc
1215 543 1352 570 hominem
1371 544 1454 572 Deum
1467 546 1607 580 evasisse;
1619 552 1645 574 et
1664 548 1731 575 illud

947 584 1057 617 quidem
1080 590 1207 614 naturam
1225 589 1329 622 probris
1345 597 1377 616 ac
1392 589 1525 618 dedecore
1537 592 1648 626 penitus
1666 593 1729 620 libe-

947 635 998 662 rat,
1015 631 1078 665 quia
1095 632 1121 659 in
1139 640 1193 660 uno
1220 641 1334 669 corpore
1351 639 1378 662 et
1405 643 1457 663 una
1480 637 1569 664 anima
1591 643 1730 672 peccatqu

947 677 1058 708 devicit:
1072 678 1122 705 hoc
1134 687 1354 715 unumquemque
1369 682 1505 709 hominem
1520 691 1533 708 a
1545 685 1731 717 peccato~vin-

946 722 1019 750 dicat
1048 723 1156 758 Deoque
1169 725 1351 754 commendat.
1381 726 1443 754 Hatc
1470 735 1549 762 porro
1564 728 1618 755 illis
1635 729 1732 756 huma-

945 767 1030 794 nitate
1043 772 1183 801 prmstanl.
1200 768 1334 801 Quoniam
1365 770 1440 797 enim
1466 773 1688 803 nos-ascendere.
1705 777 1733 799 ct

945 812 1079 840 bonorum
1095 814 1155 848 ejus
1175 815 1323 850 participes
1341 816 1401 843 ficri
1416 825 1468 843 non
1486 817 1653 849 walch-anius,
1675 818 1733 851 ipse

945 859 978 885 ad
995 866 1044 886 nos
1060 859 1212 891 descendit,
1230 865 1405 896 nostramque
1425 862 1608 890 conditionem
1637 864 1731 896 subiit,

945 904 1067 940 adeoque
1077 905 1200 940 perfecte
1213 907 1246 934 iis
1257 915 1317 941 qua
1329 909 1489 942 assumpsit,
1505 909 1618 942 coaluit,
1637 915 1667 936 ut
1685 917 1732 944 per

945 957 1006 985 quae
1012 950 1101 983 nobis,
1108 959 1169 986 qua;
1175 959 1190 979 a
1199 952 1276 979 nobis
1283 953 1561 989 sumpsit,reddit,per
1568 962 1598 982 ea
1609 955 1698 990 seipsu
1704 963 1728 984 m

945 996 1137 1028 communicet,
1151 1002 1176 1024 et
1187 1004 1267 1024 carne
1276 999 1463 1033 sanguineque
1471 1000 1590 1027 humano
1603 1005 1733 1028 constan-

945 1044 996 1074 tes,
1014 1041 1098 1068 Deum
1113 1043 1201 1077 ipsum
1216 1044 1361 1072 animabus
1372 1045 1564 1079 suscipiamus,
1582 1050 1617 1073 et.
1628 1053 1728 1080 corpus

944 1092 973 1115 et
985 1089 1154 1123 sanguinem,
1167 1094 1199 1116 et
1208 1089 1327 1116 animam
1340 1095 1367 1117 et
1383 1094 1498 1118 mentem
1511 1091 1729 1119 acvvoluntatem

945 1131 992 1159 Dei
1012 1140 1088 1167 atque
1111 1133 1277 1160 uthominis.
1295 1133 1445 1169 Oportebat
1458 1135 1593 1170 siquidem
1620 1141 1646 1163 et
1657 1136 1729 1163 aliud

945 1187 1018 1211 esse,
1033 1183 1058 1206 et
1074 1180 1154 1206 aliud-
1165 1180 1221 1207 fieri
1241 1181 1393 1215 aegritudini
1417 1189 1484 1209 meae
1512 1181 1685 1210 medicinam.
1701 1183 1729 1210 Si

932 1225 1016 1257 enim
1027 1224 1096 1251 Deus
1109 1229 1180 1252 esset
1191 1229 1307 1257 tantum,
1321 1233 1375 1253 non
1387 1226 1423 1252 ita
1440 1226 1572 1254 uniretur.
1586 1226 1638 1258 Qui
1653 1228 1726 1253 enim

945 1270 1024 1297 nobis
1040 1277 1116 1297 coena
1129 1270 1258 1298 fieret?Si
1273 1274 1363 1297 autem
1374 1277 1448 1298 esset
1463 1275 1570 1298 tantum
1586 1272 1668 1306 quod-
1679 1279 1732 1299 nos

945 1323 1052 1348 sumus.
1066 1316 1207 1343 nobiscum
1222 1317 1325 1344 uousic
1333 1317 1443 1351 egisset.
1456 1317 1534 1345 Nunc
1550 1323 1728 1345 eumutan-

945 1369 998 1396 que
1006 1362 1051 1394 sit,
1062 1362 1114 1388 hoc
1129 1362 1239 1396 quidem
1266 1363 1435 1395 hominibus,
1454 1364 1581 1391 uthomo
1595 1364 1730 1399 jungitur,

945 1411 972 1434 et
985 1406 1121 1434 coalescit:
1138 1407 1183 1434 illo
1195 1412 1318 1434 naturam
1328 1408 1458 1435 extollere
1472 1413 1498 1435 et
1513 1409 1641 1441 excitare,
1658 1413 1684 1435 et
1700 1409 1725 1436 in

945 1452 1067 1486 seipsum
1081 1452 1230 1479 transferre
1245 1456 1344 1486 potest.
1372 1451 1526 1480 Facultales
1542 1453 1613 1480 enim
1631 1458 1729 1487 polen-

949 1497 1046 1529 tiores,
1061 1497 1086 1524 si
1097 1496 1129 1524 in-
1142 1496 1306 1525 inﬁrmiores
1325 1497 1482 1529 inciderint,
1504 1498 1655 1525 consistere
1680 1505 1728 1525 eas

110 1536 240 1569 ἐλάττους
256 1539 284 1565 αι
299 1539 410 1574 μείζους
423 1542 471 1569 ἐπὶ
491 1543 546 1569 τῶν
561 1544 651 1571 αὐτῶν
669 1546 771 1580 μένειν,
784 1547 893 1575 ἐπειδὰν

946 1543 973 1570 in
985 1543 1079 1570 iisdem
1096 1550 1149 1570 non
1167 1543 1320 1578 patiuntur.
1336 1543 1368 1570 Et
1378 1542 1480 1571 ferrum
1493 1544 1547 1578 igni
1571 1544 1727 1579 impositum

111 1583 209 1615 αὐταῖς
226 1585 435 1620 συνενεχθῶσιν,
450 1588 481 1614 οὐ
505 1590 687 1625 συγχωροῦσι,
714 1593 759 1619 καὶ
783 1593 892 1629 σίδηρος

110 1630 187 1656 οὐδὲν
206 1630 317 1665 σιδήρου
344 1631 422 1667 φέρει
449 1634 515 1670 πυρὶ
544 1636 690 1669 συνελθὼν,
721 1638 767 1664 καὶ
785 1640 819 1673 γῆ
845 1641 893 1667 καὶ

108 1675 184 1710 ὕδωρ
197 1676 252 1702 τῶν
268 1677 375 1704 οἰκείων
389 1679 421 1705 τὰ
439 1680 484 1706 τοῦ
506 1681 592 1715 πυρὸς
610 1682 784 1711 ἀλλάττονται
807 1687 892 1722 πυρὸς

109 1722 337 1749 ἀπολελαυκότα·
354 1725 378 1750 εί
404 1724 433 1751 δὲ
456 1726 511 1751 τῶν
536 1727 673 1761 ὁμογενῶν
696 1729 837 1763 δυνάμεων
863 1732 892 1758 αἱ

110 1768 253 1802 κρείττους
264 1768 336 1795 οὕτω
347 1769 447 1803 δρῶσιν
462 1772 501 1802 είς
514 1771 562 1803 τὰς
586 1772 723 1805 ἐλάττους,
738 1775 765 1802 τί
776 1776 816 1802 δεῖ
829 1777 892 1812 περὶ

109 1813 160 1847 τῆς
173 1814 332 1849 ὑπερφυοῦς
347 1815 456 1850 ἐκείνης
469 1817 595 1851 νομίσαι;
611 1819 730 1854 Φανερδν
741 1821 842 1852 τοίνυν,
855 1823 891 1853 ὼς

109 1861 232 1894 ἐγχεῖται
253 1861 302 1894 μὲν
322 1861 389 1895 ἡμῖν
401 1862 415 1887 ὁ
436 1862 553 1895 Χριστὸς
567 1865 615 1890 καὶ
634 1865 813 1899 ἁναμίγνυσιν
829 1868 893 1894 ἑαυ-

107 1905 164 1938 τὸν,
179 1906 288 1940 ἀμείϐει
309 1907 336 1933 δὲ
355 1908 400 1933 καὶ
418 1907 485 1943 πρὸς
503 1909 598 1936 ἑαυτὸν
621 1911 784 1945 μεταϐάλλει
809 1914 895 1941 καθά-

109 1959 163 1984 περ
179 1949 275 1984 ρανίδα
291 1951 392 1986 μικρὰν
404 1951 499 1984 ὕδατος
514 1953 673 1988 ὲγχεθείσαν
684 1956 792 1992 ἀπείρῳ
806 1958 892 1994 μύρου

109 1996 236 2029 πελάγει.
260 1996 385 2024 Τοσαῦτα
402 1998 457 2033 γὰρ
472 1998 584 2026 δύναται
596 2001 652 2032 τοῖς
673 2001 823 2036 ἐμπεσοῦσι
835 2004 893 2030 τόδε

107 2041 139 2067 τὸ
164 2041 260 2075 μύρον,
290 2041 359 2068 ὥστε
379 2043 429 2068 οὐκ
451 2043 562 2076 εὐώδεις
586 2046 777 2074 ἀποδείκνυσιν
801 2048 893 2081 ἁπλῶς

107 2086 169 2112 οὐδὲ
186 2087 272 2120 μύρου
291 2086 423 2118 πνέοντας
438 2087 529 2122 μόνον,
546 2088 604 2116 ἀλλ’
620 2090 734 2118 εὐωδίαν
747 2092 833 2126 αὐτὴν
844 2093 894 2128 τὴν

107 2133 165 2164 ἓξιν
181 2133 264 2159 αὑτοῦ
278 2132 326 2159 τοῦ
342 2133 508 2165 κενωθέντος
525 2135 558 2161 δι’
572 2136 646 2171 ἡμᾶς
674 2137 776 2172 μύρου·
798 2147 807 2164 ι
825 2139 894 2174 Χρι-

109 2179 175 2207 στοῦ
190 2180 256 2214 γὰρ,
273 2181 366 2215 φησὶν,
381 2181 482 2208 εὐωδία
495 2181 589 2215 ἐσμέν.
606 2191 616 2208 ι

946 1589 1015 1618 nihil
1029 1590 1093 1617 ferri
1105 1590 1213 1618 retinet.
1222 1589 1304 1617 Terra
1313 1590 1380 1617 item
1393 1595 1418 1617 et
1427 1598 1497 1625 aqua
1512 1591 1538 1617 in
1551 1591 1639 1625 ignem
1656 1598 1727 1617 con-

941 1636 1013 1671 jecta
1035 1635 1091 1670 igni
1117 1639 1266 1664 mutantur.
1283 1637 1360 1670 Quod
1374 1636 1397 1664 si
1415 1636 1571 1663 facultatum
1599 1641 1728 1672 cognata.

943 1689 1004 1709 rum
1021 1682 1168 1710 validiores
1183 1683 1223 1710 sic
1251 1682 1279 1709 in
1294 1682 1486 1710 imbecilliores
1501 1685 1594 1717 agunt,
1615 1682 1680 1716 quid
1696 1683 1730 1709 de

943 1729 988 1756 illa
997 1728 1128 1764 singulari
1151 1732 1179 1756 et
1190 1728 1344 1756 admirabili
1358 1727 1487 1755 facultate
1502 1727 1729 1756 existimabimus?

943 1774 1057 1803 Constat
1073 1775 1153 1810 igitur
1178 1774 1318 1802 Christum
1344 1774 1486 1801 infundere
1517 1779 1547 1801 et-
1567 1775 1682 1801 miscere
1700 1782 1728 1800 sc

944 1820 1034 1852 nobis,
1053 1823 1158 1847 mutare
1174 1827 1233 1850 nos.
1248 1823 1275 1846 ut
1289 1819 1316 1845 in
1331 1827 1361 1846 se
1386 1823 1581 1851 transmittare,
1597 1823 1728 1853 tanquam

944 1873 1021 1900 aqum
1038 1870 1141 1901 guttam
1155 1865 1289 1893 modicam
1305 1864 1425 1892 infusam
1450 1865 1583 1892 immenso
1599 1866 1730 1899 unguenti

944 1913 1048 1947 pelago.
1066 1911 1182 1938 Tantum
1199 1911 1298 1945 quippe
1319 1910 1502 1938 incidentibus
1522 1910 1549 1937 in
1562 1918 1590 1937 se
1604 1918 1726 1945 unguen-

945 1961 1014 1990 tum,
1029 1957 1098 1985 istuc
1119 1960 1239 1991 praestat,
1263 1960 1293 1983 ut
1305 1964 1358 1984 non
1373 1956 1462 1984 solum
1488 1957 1566 1990 plane
1584 1956 1727 1989 odoratos,

944 2011 995 2031 nec
1025 2008 1198 2038 unguentum
1229 2002 1367 2037 spirantes
1395 2001 1594 2033 tantummodo.
1609 2002 1655 2029 sed
1673 2001 1729 2028 fra-

945 2048 1081 2085 grantiam
1095 2050 1183 2084 ipsam
1200 2048 1305 2079 habitu,
1328 2053 1356 2075 et
1371 2048 1472 2076 bonum
1502 2049 1613 2075 odorem
1644 2048 1730 2082 ipsius

946 2096 1075 2130 unguenti
1090 2098 1199 2130 propter
1215 2103 1266 2122 nos
1285 2094 1367 2123 effusi
1385 2095 1495 2122 reddat:
1517 2101 1527 2119 ι
1544 2093 1728 2121 ϐιιι·ἱειὶοοιιίιιι

945 2141 1033 2170 bonus
1043 2142 1110 2170 odor
1124 2149 1219 2169 sumus
1234 2141 1267 2176 δ’,
1283 2150 1294 2168 ι
1307 2140 1406 2176 inquit.

144 2224 279 2260 Τοιαύτην
295 2225 350 2260 Ιχιι
367 2226 483 2261 δύναμιν
499 2229 546 2254 καὶ
557 2228 637 2263 χάριν
649 2230 706 2260 τοῖς
730 2230 892 2266 τετελεσμέ-

982 2228 1056 2256 llanc
1079 2228 1132 2256 vim
1143 2233 1170 2256 et
1182 2228 1295 2263 gratiam
1312 2228 1386 2263 apud
1400 2229 1639 2257 communicantes
1653 2235 1732 2256 coena

107 2280 165 2302 νοις
182 2271 214 2297 τὺ
232 2271 350 2301 δεῖπνον,
372 2272 419 2299 ἑάν
434 2280 467 2306 γε
488 2273 604 2308 καθαροὶ
626 2274 822 2309 προσελθόντες
841 2285 893 2304 κα-

107 2318 171 2348 κίας
184 2316 296 2351 ἀπάσης
309 2316 391 2352 μηδὲν
404 2318 633 2354 ὲπεισαγάγωμεν
647 2320 741 2348 ἔπειτα
757 2322 874 2358 πονηρόν
883 2332 890 2338 ·

106 2362 181 2389 οὕτω
200 2362 254 2397 γὰρ
266 2362 358 2396 ἔχουσι
382 2364 429 2391 καὶ
447 2365 718 2399 παρεσκευασμένοις
741 2366 817 2393 οὐδὲν
834 2376 890 2395 κως

107 2408 186 2435 λύσει
201 2408 246 2433 τὸν
270 2408 388 2442 Χριστὸν
401 2408 489 2440 οὕτως
509 2409 632 2444 ἀκριϐῶς
648 2411 713 2446 ἡμῖν
736 2412 871 2446 ἐνωθῆναι
881 2421 888 2429 ⁶

110 2463 121 2479 ι
137 2454 175 2480 Τὸ
193 2452 344 2487 μυστήριον
357 2452 437 2479 τοῦτο
449 2453 520 2488 μέγα
535 2454 603 2484 ἐστὶ.
624 2463 634 2480 ι
653 2455 704 2490 τὴν
718 2455 814 2483 ἕνωσιν
828 2457 892 2484 ταύ-

106 2508 159 2534 την
182 2499 298 2533 ιξαίρων
314 2499 328 2525 ό
348 2499 482 2534 μακάριος
506 2499 557 2534 ἔφη
588 2500 710 2532 Παῦλος·
734 2502 813 2528 τοῦτο
838 2503 893 2539 γάρ

90 2546 184 2571 -ὲστιν
199 2544 213 2570 ὁ
230 2544 318 2578 γάμος
343 2545 356 2570 ὁ
373 2544 572 2580 πολυύμνητος,
599 2546 659 2572 καθ’
679 2546 708 2573 ὃν
731 2547 745 2572 ό
759 2548 893 2582 πανὰγιος

107 2590 224 2624 νυμφίος
234 2591 284 2624 τὴν
303 2590 464 2625 Ἐκκλησίαν
474 2590 511 2622 ὡς
524 2591 658 2625 παρθένον
666 2593 762 2625 ἀγεται
771 2593 891 2628 νύμφην.

107 2636 165 2662 Καὶ
181 2635 237 2669 γὰρ
259 2635 376 2661 ἐνταῦθα
392 2635 441 2669 μὲν
460 2636 474 2661 ό
488 2635 604 2670 Χριστὸς
624 2636 752 2670 ἐκτρέφει
768 2637 814 2662 τὸν
830 2638 894 2672 περὶ

106 2681 191 2707 αὐτὴν
204 2681 294 2714 χορὸν,
304 2681 391 2716 τούτῳ
402 2681 428 2707 δὲ
445 2681 517 2716 μόνῳ
532 2682 585 2709 τῶν
597 2683 754 2717 μυστηρίων
769 2692 777 2708 ι
793 2684 895 2716 σάρκες

108 2725 194 2760 ἐσμὲν
208 2726 240 2752 ὲκ
255 2725 309 2752 τῶν
322 2726 431 2761 σαρκῶν
443 2726 538 2761 αὑτοῦ,
551 2727 599 2754 καὶ
606 2727 673 2754 ὀστᾶ
684 2729 716 2755 ἐκ
736 2729 790 2754 τῶν
805 2729 894 2757 ὀστῶν

109 2771 206 2799 αὐτοῦ.
222 2781 231 2796 ι
247 2771 341 2798 Ταῦτα
350 2772 378 2798 δέ
391 2773 475 2806 ἐστιν,
491 2769 532 2804 οἷς
547 2773 561 2800 ό
576 2774 724 2806 ἀπόστολος
735 2775 895 2809 ὁριζόμενος

945 2274 1172 2309 habet,siquidem
1179 2274 1251 2301 omni
1260 2273 1513 2302 labecarentescuun
1522 2274 1729 2306 accesserimus,

944 2319 1014 2348 nihil
1029 2324 1121 2354 postea
1132 2319 1193 2347 novi
1203 2319 1315 2347 sceleris
1324 2320 1546 2348 consciverimus.
1558 2319 1603 2347 Sic
1612 2320 1684 2348 enim
1696 2321 1733 2347 af-

944 2366 1032 2398 fectis,
1044 2369 1072 2392 et
1084 2365 1188 2400 paratis
1197 2365 1285 2399 nobis,
1300 2365 1368 2393 nihil
1381 2365 1526 2400 perfectam
1543 2365 1646 2393 Christi
1662 2374 1733 2393 cou-

939 2410 1107 2450 junctiouem
1120 2410 1262 2438 nobiscum
1276 2410 1435 2437 retardabit:
1448 2410 1668 2438 «Sacrameutum
1679 2411 1733 2437 hoc

947 2462 1074 2490 magnum
1083 2454 1178 2487 e507,»
1188 2455 1314 2488 copulam
1324 2455 1404 2482 istam
1417 2455 1544 2488 efferens,
1557 2455 1652 2483 beatus
1662 2456 1732 2482 Pau-

947 2501 990 2528 lus
1006 2501 1055 2529 ait.
1069 2500 1115 2528 Hae
1134 2505 1198 2528 sunt
1213 2501 1286 2528 enim
1303 2502 1404 2536 nuptiae
1413 2501 1619 2533 laudatissima,
1632 2502 1734 2537 quibus

947 2546 1118 2574 castissimus
1127 2546 1172 2574 ille
1179 2553 1297 2581 sponsus
1307 2546 1457 2574 Ecclesium
1469 2552 1499 2575 ut
1507 2548 1639 2583 virginem
1651 2555 1733 2581 spon-

948 2600 1006 2619 sam
1022 2592 1107 2620 ducit.
1123 2591 1173 2619 Hic
1188 2592 1260 2619 enim
1270 2592 1394 2620 Christus
1418 2593 1531 2620 chorqu
1549 2593 1600 2621 sibi
1622 2593 1731 2619 aﬂixum

949 2637 1007 2666 alit.
1017 2637 1074 2665 Hoc
1084 2637 1143 2664 solo
1153 2638 1280 2672 mysterio
1291 2646 1370 2666 «caro
1379 2646 1474 2667 sumus
1485 2639 1518 2666 de
1532 2646 1614 2666 carne
1628 2639 1698 2672 ejus,
1706 2643 1733 2665 ct

949 2691 1010 2711 ossa
1025 2684 1059 2711 de
1072 2684 1182 2711 ossibus
1191 2683 1250 2718 ejus
1267 2684 1300 2712 “.
1324 2685 1414 2712 LHaec
1429 2690 1513 2718 sunt,
1526 2684 1627 2720 quibus
1657 2684 1734 2719 Apo-

949 2729 1039 2757 stolus
1049 2730 1158 2764 nuptias
1166 2731 1298 2759 definiens
1313 2731 1452 2759 Christum
1467 2739 1528 2759 esse
1541 2738 1671 2766 sponsum
1683 2731 1733 2758 do-

950 2780 1002 2809 cet,
1018 2779 1047 2803 et
1060 2783 1122 2804 eum
1136 2783 1265 2812 sponsam
1282 2777 1380 2806 habere
1393 2777 1523 2812 Joannes,
1539 2777 1620 2813 hujus
1628 2784 1733 2806 connu-

96 2854 98 2857 ’
152 2862 175 2878 ι·
191 2863 212 2890 ιι
228 2862 294 2892 Cor.
312 2869 343 2896 ιι,
362 2862 404 2891 i5.
443 2863 685 2900 "Ephes.v,32.
724 2863 746 2880 υ
760 2862 827 2891 Gen.
850 2871 880 2897 ιι,
896 2864 940 2892 21.
