  <div class='ocr_page' id='page_1' title='image "/cluster/home/n/w/nwhite01/storage/ocr_20150623/150/njp.32101077773180/312.png"; bbox 0 0 1967 3071; ppageno 0'>
   <div class='ocr_carea' id='block_1_1' title="bbox 128 142 181 175">
    <p class='ocr_par' dir='ltr' id='par_1_1' title="bbox 128 142 181 175">
     <span class='ocr_line' id='line_1_1' title="bbox 128 142 181 175; baseline -0.019 0"><span class='ocrx_word' id='word_1_1' title='bbox 128 142 181 175; x_wconf 75' lang='lat'><strong>59&#39;!</strong></span> 
     </span>
    </p>
   </div>
   <div class='ocr_carea' id='block_1_2' title="bbox 620 146 1180 180">
    <p class='ocr_par' dir='ltr' id='par_1_2' title="bbox 620 146 1180 180">
     <span class='ocr_line' id='line_1_2' title="bbox 620 146 1180 180; baseline 0.005 -3"><span class='ocrx_word' id='word_1_2' title='bbox 620 147 670 177; x_wconf 90' lang='lat' dir='ltr'><strong>DE</strong></span> <span class='ocrx_word' id='word_1_3' title='bbox 691 147 779 179; x_wconf 80' lang='lat' dir='ltr'><strong>VITA</strong></span> <span class='ocrx_word' id='word_1_4' title='bbox 796 146 836 178; x_wconf 83' lang='lat' dir='ltr'><strong>IN</strong></span> <span class='ocrx_word' id='word_1_5' title='bbox 858 147 1026 178; x_wconf 69' lang='lat' dir='ltr'><strong>CHRISTI)</strong></span> <span class='ocrx_word' id='word_1_6' title='bbox 1056 146 1180 180; x_wconf 64' lang='grc' dir='ltr'><strong>[ΑΒΝ.</strong></span> 
     </span>
    </p>
   </div>
   <div class='ocr_carea' id='block_1_3' title="bbox 1690 147 1743 180">
    <p class='ocr_par' dir='ltr' id='par_1_3' title="bbox 1690 147 1743 180">
     <span class='ocr_line' id='line_1_3' title="bbox 1690 147 1743 180; baseline -0.019 0"><span class='ocrx_word' id='word_1_7' title='bbox 1690 147 1743 180; x_wconf 56' lang='grc' dir='ltr'><strong>ιιι</strong></span> 
     </span>
    </p>
   </div>
   <div class='ocr_carea' id='block_1_4' title="bbox 121 202 911 244">
    <p class='ocr_par' dir='ltr' id='par_1_4' title="bbox 121 202 906 241">
     <span class='ocr_line' id='line_1_4' title="bbox 121 202 906 241; baseline 0.005 -12"><span class='ocrx_word' id='word_1_8' title='bbox 121 207 156 229; x_wconf 76' lang='grc' dir='ltr'><strong>το</strong></span> <span class='ocrx_word' id='word_1_9' title='bbox 168 210 199 228; x_wconf 83' lang='grc' dir='ltr'><strong>τε</strong></span> <span class='ocrx_word' id='word_1_10' title='bbox 211 202 352 238; x_wconf 76' lang='grc' dir='ltr'><strong>λατρεύειν</strong></span> <span class='ocrx_word' id='word_1_11' title='bbox 360 204 423 239; x_wconf 77' lang='grc' dir='ltr'>θεῷ</span> <span class='ocrx_word' id='word_1_12' title='bbox 436 202 564 240; x_wconf 78' lang='grc' dir='ltr'>καθαρῶς</span> <span class='ocrx_word' id='word_1_13' title='bbox 577 206 703 233; x_wconf 77' lang='grc' dir='ltr'>εντεῦθεν</span> <span class='ocrx_word' id='word_1_14' title='bbox 717 207 792 241; x_wconf 74' lang='grc' dir='ltr'>ὴμϊν.</span> <span class='ocrx_word' id='word_1_15' title='bbox 809 206 839 232; x_wconf 87' lang='lat' dir='ltr'><strong>Ei</strong></span> <span class='ocrx_word' id='word_1_16' title='bbox 852 207 906 241; x_wconf 79' lang='grc' dir='ltr'><strong>γὰρ</strong></span> 
     </span>
    </p>
   </div>
   <div class='ocr_carea' id='block_1_5' title="bbox 967 202 1742 244">
    <p class='ocr_par' dir='ltr' id='par_1_5' title="bbox 967 208 1742 244">
     <span class='ocr_line' id='line_1_5' title="bbox 967 208 1742 244; baseline 0.004 -11"><span class='ocrx_word' id='word_1_17' title='bbox 967 214 1016 233; x_wconf 80' lang='lat' dir='ltr'><strong>nec</strong></span> <span class='ocrx_word' id='word_1_18' title='bbox 1038 211 1081 234; x_wconf 82' lang='lat' dir='ltr'><strong>est</strong></span> <span class='ocrx_word' id='word_1_19' title='bbox 1106 210 1215 235; x_wconf 78' lang='lat' dir='ltr'><strong>sincera</strong></span> <span class='ocrx_word' id='word_1_20' title='bbox 1230 208 1278 236; x_wconf 88' lang='lat' dir='ltr'><strong>Dei</strong></span> <span class='ocrx_word' id='word_1_21' title='bbox 1293 208 1421 242; x_wconf 85' lang='lat' dir='ltr'><strong>servitus,</strong></span> <span class='ocrx_word' id='word_1_22' title='bbox 1458 209 1568 244; x_wconf 78' lang='lat' dir='ltr'><strong>subjici,</strong></span> <span class='ocrx_word' id='word_1_23' title='bbox 1601 208 1742 244; x_wconf 81' lang='lat' dir='ltr'><strong>obtempe-</strong></span> 
     </span>
    </p>
   </div>
   <div class='ocr_carea' id='block_1_6' title="bbox 121 245 904 286">
    <p class='ocr_par' dir='ltr' id='par_1_6' title="bbox 121 245 904 286">
     <span class='ocr_line' id='line_1_6' title="bbox 121 245 904 286; baseline 0.006 -14"><span class='ocrx_word' id='word_1_24' title='bbox 121 245 202 273; x_wconf 77' lang='grc' dir='ltr'>τοῦτό</span> <span class='ocrx_word' id='word_1_25' title='bbox 216 247 275 273; x_wconf 66' lang='grc' dir='ltr'>ἐστι</span> <span class='ocrx_word' id='word_1_26' title='bbox 295 247 405 283; x_wconf 75' lang='grc' dir='ltr'>καθαρὰ</span> <span class='ocrx_word' id='word_1_27' title='bbox 424 247 538 285; x_wconf 75' lang='grc' dir='ltr'><strong>λατρεία</strong></span> <span class='ocrx_word' id='word_1_28' title='bbox 552 250 633 284; x_wconf 81' lang='grc' dir='ltr'>Θεοῦ,</span> <span class='ocrx_word' id='word_1_29' title='bbox 655 249 686 278; x_wconf 85' lang='grc' dir='ltr'><strong>τὸ</strong></span> <span class='ocrx_word' id='word_1_30' title='bbox 710 249 904 286; x_wconf 76' lang='grc' dir='ltr'><strong>ὑποτετάχθαι,</strong></span> 
     </span>
    </p>
   </div>
   <div class='ocr_carea' id='block_1_7' title="bbox 122 292 905 331">
    <p class='ocr_par' dir='ltr' id='par_1_7' title="bbox 122 292 905 331">
     <span class='ocr_line' id='line_1_7' title="bbox 122 292 905 331; baseline 0.005 -11"><span class='ocrx_word' id='word_1_31' title='bbox 122 294 155 321; x_wconf 76' lang='grc' dir='ltr'><strong>τὸ</strong></span> <span class='ocrx_word' id='word_1_32' title='bbox 170 292 331 328; x_wconf 74' lang='grc' dir='ltr'><strong>ὑπακούειν,</strong></span> <span class='ocrx_word' id='word_1_33' title='bbox 345 296 376 322; x_wconf 89' lang='grc' dir='ltr'><strong>τὸ</strong></span> <span class='ocrx_word' id='word_1_34' title='bbox 394 296 478 323; x_wconf 83' lang='grc' dir='ltr'>αὑτοῦ</span> <span class='ocrx_word' id='word_1_35' title='bbox 491 297 629 329; x_wconf 83' lang='grc' dir='ltr'>κινοῦντος</span> <span class='ocrx_word' id='word_1_36' title='bbox 641 298 730 325; x_wconf 74' lang='grc' dir='ltr'>πάντα</span> <span class='ocrx_word' id='word_1_37' title='bbox 742 298 843 331; x_wconf 80' lang='grc' dir='ltr'><strong>ποιεῖν,</strong></span> <span class='ocrx_word' id='word_1_38' title='bbox 855 298 905 324; x_wconf 75' lang='grc' dir='ltr'><strong>οὐκ</strong></span> 
     </span>
    </p>
   </div>
   <div class='ocr_carea' id='block_1_8' title="bbox 122 337 904 378">
    <p class='ocr_par' dir='ltr' id='par_1_8' title="bbox 122 337 904 378">
     <span class='ocr_line' id='line_1_8' title="bbox 122 337 904 378; baseline 0.004 -13"><span class='ocrx_word' id='word_1_39' title='bbox 122 337 183 366; x_wconf 76' lang='grc' dir='ltr'>οἴδα</span> <span class='ocrx_word' id='word_1_40' title='bbox 197 339 257 366; x_wconf 80' lang='grc' dir='ltr'>πότ’</span> <span class='ocrx_word' id='word_1_41' title='bbox 268 340 302 367; x_wconf 72' lang='grc' dir='ltr'>ἂν</span> <span class='ocrx_word' id='word_1_42' title='bbox 319 341 420 376; x_wconf 75' lang='grc' dir='ltr'>μᾶλλον</span> <span class='ocrx_word' id='word_1_43' title='bbox 435 342 605 378; x_wconf 78' lang='grc' dir='ltr'><strong>ὑποταγῆναι</strong></span> <span class='ocrx_word' id='word_1_44' title='bbox 621 342 680 378; x_wconf 85' lang='grc' dir='ltr'><strong>Θεῷ</strong></span> <span class='ocrx_word' id='word_1_45' title='bbox 693 342 867 378; x_wconf 70' lang='grc' dir='ltr'><strong>δυνηθεῖμεν,</strong></span> <span class='ocrx_word' id='word_1_46' title='bbox 887 342 904 377; x_wconf 75' lang='grc' dir='ltr'><strong>ἢ</strong></span> 
     </span>
    </p>
   </div>
   <div class='ocr_carea' id='block_1_9' title="bbox 123 385 906 424">
    <p class='ocr_par' dir='ltr' id='par_1_9' title="bbox 123 385 906 424">
     <span class='ocr_line' id='line_1_9' title="bbox 123 385 906 424; baseline 0.006 -13"><span class='ocrx_word' id='word_1_47' title='bbox 123 385 235 412; x_wconf 68' lang='grc' dir='ltr'>ιπειδὰν</span> <span class='ocrx_word' id='word_1_48' title='bbox 251 387 334 413; x_wconf 81' lang='grc' dir='ltr'>αὐτοῦ</span> <span class='ocrx_word' id='word_1_49' title='bbox 359 388 503 423; x_wconf 82' lang='grc' dir='ltr'>γενώμεθα</span> <span class='ocrx_word' id='word_1_50' title='bbox 518 389 598 424; x_wconf 78' lang='grc' dir='ltr'>μέλη.</span> <span class='ocrx_word' id='word_1_51' title='bbox 615 389 674 416; x_wconf 89' lang='grc' dir='ltr'>Τίνι</span> <span class='ocrx_word' id='word_1_52' title='bbox 690 389 744 424; x_wconf 85' lang='grc' dir='ltr'><strong>γὰρ</strong></span> <span class='ocrx_word' id='word_1_53' title='bbox 766 389 799 417; x_wconf 80' lang='grc' dir='ltr'>ἂν</span> <span class='ocrx_word' id='word_1_54' title='bbox 815 389 906 416; x_wconf 80' lang='grc' dir='ltr'><strong>ὁτιοῦν</strong></span> 
     </span>
    </p>
   </div>
   <div class='ocr_carea' id='block_1_10' title="bbox 124 431 905 471">
    <p class='ocr_par' dir='ltr' id='par_1_10' title="bbox 124 431 905 471">
     <span class='ocr_line' id='line_1_10' title="bbox 124 431 905 471; baseline 0.008 -14"><span class='ocrx_word' id='word_1_55' title='bbox 124 431 278 458; x_wconf 73' lang='grc' dir='ltr'>ιπιτάττιιν</span> <span class='ocrx_word' id='word_1_56' title='bbox 290 432 397 460; x_wconf 82' lang='grc' dir='ltr'>δύναιτο</span> <span class='ocrx_word' id='word_1_57' title='bbox 413 434 524 468; x_wconf 76' lang='grc' dir='ltr'>μᾶλλον,</span> <span class='ocrx_word' id='word_1_58' title='bbox 537 435 555 470; x_wconf 80' lang='grc' dir='ltr'>ἢ</span> <span class='ocrx_word' id='word_1_59' title='bbox 565 436 620 466; x_wconf 76' lang='grc' dir='ltr'>τοῖς</span> <span class='ocrx_word' id='word_1_60' title='bbox 630 435 739 470; x_wconf 82' lang='grc' dir='ltr'>μέλεσιν</span> <span class='ocrx_word' id='word_1_61' title='bbox 752 436 768 471; x_wconf 81' lang='grc' dir='ltr'><strong>ἡ</strong></span> <span class='ocrx_word' id='word_1_62' title='bbox 783 435 905 470; x_wconf 72' lang='grc' dir='ltr'>κεφαλῆς</span> 
     </span>
    </p>
   </div>
   <div class='ocr_carea' id='block_1_11' title="bbox 123 477 907 517">
    <p class='ocr_par' dir='ltr' id='par_1_11' title="bbox 123 477 907 517">
     <span class='ocr_line' id='line_1_11' title="bbox 123 477 907 517; baseline 0.008 -14"><span class='ocrx_word' id='word_1_63' title='bbox 123 477 201 511; x_wconf 81' lang='grc' dir='ltr'>Μὲλη</span> <span class='ocrx_word' id='word_1_64' title='bbox 216 478 272 513; x_wconf 80' lang='grc' dir='ltr'><strong>γὰρ</strong></span> <span class='ocrx_word' id='word_1_65' title='bbox 285 479 405 514; x_wconf 76' lang='grc' dir='ltr'><strong>Χριστοῦ</strong></span> <span class='ocrx_word' id='word_1_66' title='bbox 421 481 484 512; x_wconf 82' lang='grc' dir='ltr'>τοὺς</span> <span class='ocrx_word' id='word_1_67' title='bbox 506 481 682 517; x_wconf 73' lang='grc' dir='ltr'><strong>τελουμένους</strong></span> <span class='ocrx_word' id='word_1_68' title='bbox 698 482 744 508; x_wconf 74' lang='grc' dir='ltr'>καὶ</span> <span class='ocrx_word' id='word_1_69' title='bbox 756 482 847 517; x_wconf 79' lang='grc' dir='ltr'>πάσης</span> <span class='ocrx_word' id='word_1_70' title='bbox 859 481 907 508; x_wconf 77' lang='grc' dir='ltr'><strong>ἄλ-</strong></span> 
     </span>
    </p>
   </div>
   <div class='ocr_carea' id='block_1_12' title="bbox 75 518 908 563">
    <p class='ocr_par' dir='ltr' id='par_1_12' title="bbox 75 518 908 563">
     <span class='ocr_line' id='line_1_12' title="bbox 75 518 908 563; baseline 0.005 -13"><span class='ocrx_word' id='word_1_71' title='bbox 75 521 79 524; x_wconf 72' lang='grc'><em>”</em></span> <span class='ocrx_word' id='word_1_72' title='bbox 123 523 172 557; x_wconf 78' lang='grc' dir='ltr'><strong>λης</strong></span> <span class='ocrx_word' id='word_1_73' title='bbox 189 525 266 559; x_wconf 78' lang='grc' dir='ltr'>ἱερᾶς</span> <span class='ocrx_word' id='word_1_74' title='bbox 280 525 393 560; x_wconf 82' lang='grc' dir='ltr'>τελετῆς</span> <span class='ocrx_word' id='word_1_75' title='bbox 415 518 643 562; x_wconf 67' lang='grc' dir='ltr'>ἀπεργαζομένης</span> <span class='ocrx_word' id='word_1_76' title='bbox 658 527 824 563; x_wconf 81' lang='grc' dir='ltr'>τελεώτερον</span> <span class='ocrx_word' id='word_1_77' title='bbox 841 528 908 563; x_wconf 79' lang='grc' dir='ltr'>ἡμῖν</span> 
     </span>
    </p>
   </div>
   <div class='ocr_carea' id='block_1_13' title="bbox 121 569 908 609">
    <p class='ocr_par' dir='ltr' id='par_1_13' title="bbox 121 569 908 609">
     <span class='ocr_line' id='line_1_13' title="bbox 121 569 908 609; baseline 0.008 -14"><span class='ocrx_word' id='word_1_78' title='bbox 121 569 135 595; x_wconf 80' lang='grc'>6</span> <span class='ocrx_word' id='word_1_79' title='bbox 148 570 199 605; x_wconf 83' lang='grc' dir='ltr'>τῆς</span> <span class='ocrx_word' id='word_1_80' title='bbox 212 570 285 606; x_wconf 77' lang='grc' dir='ltr'>ζωῆς</span> <span class='ocrx_word' id='word_1_81' title='bbox 301 571 382 598; x_wconf 89' lang='grc' dir='ltr'>τοῦτο</span> <span class='ocrx_word' id='word_1_82' title='bbox 397 571 507 599; x_wconf 81' lang='grc' dir='ltr'>δίδωσιν</span> <span class='ocrx_word' id='word_1_83' title='bbox 529 573 622 609; x_wconf 72' lang='grc' dir='ltr'>ἄρτος.</span> <span class='ocrx_word' id='word_1_84' title='bbox 639 573 773 608; x_wconf 77' lang='grc' dir='ltr'><strong>Καθάπερ</strong></span> <span class='ocrx_word' id='word_1_85' title='bbox 788 573 850 609; x_wconf 71' lang='grc' dir='ltr'>’γὰρ</span> <span class='ocrx_word' id='word_1_86' title='bbox 863 573 908 601; x_wconf 81' lang='grc' dir='ltr'><strong>διὰ</strong></span> 
     </span>
    </p>
   </div>
   <div class='ocr_carea' id='block_1_14' title="bbox 122 616 908 656">
    <p class='ocr_par' dir='ltr' id='par_1_14' title="bbox 122 616 908 656">
     <span class='ocr_line' id='line_1_14' title="bbox 122 616 908 656; baseline 0.006 -14"><span class='ocrx_word' id='word_1_87' title='bbox 122 616 172 652; x_wconf 82' lang='grc' dir='ltr'>τὴν</span> <span class='ocrx_word' id='word_1_88' title='bbox 189 617 312 653; x_wconf 76' lang='grc' dir='ltr'>κεφαλὴν</span> <span class='ocrx_word' id='word_1_89' title='bbox 329 618 377 645; x_wconf 81' lang='grc' dir='ltr'>καὶ</span> <span class='ocrx_word' id='word_1_90' title='bbox 389 619 440 653; x_wconf 80' lang='grc' dir='ltr'>τὴν</span> <span class='ocrx_word' id='word_1_91' title='bbox 454 619 570 654; x_wconf 80' lang='grc' dir='ltr'>καρδίαν</span> <span class='ocrx_word' id='word_1_92' title='bbox 588 619 622 646; x_wconf 80' lang='grc' dir='ltr'><strong>τὰ</strong></span> <span class='ocrx_word' id='word_1_93' title='bbox 637 620 705 656; x_wconf 78' lang='grc' dir='ltr'>μέλη</span> <span class='ocrx_word' id='word_1_94' title='bbox 719 639 727 652; x_wconf 88' lang='grc'><strong>,</strong></span> <span class='ocrx_word' id='word_1_95' title='bbox 743 620 830 652; x_wconf 76' lang='grc' dir='ltr'>οὕτως</span> <span class='ocrx_word' id='word_1_96' title='bbox 846 629 856 647; x_wconf 85' lang='grc' dir='ltr'><strong>ι</strong></span> <span class='ocrx_word' id='word_1_97' title='bbox 878 619 908 648; x_wconf 84' lang='lat'><strong>&#39;0</strong></span> 
     </span>
    </p>
   </div>
   <div class='ocr_carea' id='block_1_15' title="bbox 122 661 907 702">
    <p class='ocr_par' dir='ltr' id='par_1_15' title="bbox 122 661 907 702">
     <span class='ocr_line' id='line_1_15' title="bbox 122 661 907 702; baseline 0.009 -15"><span class='ocrx_word' id='word_1_98' title='bbox 122 661 239 697; x_wconf 84' lang='grc' dir='ltr'>τρώγων</span> <span class='ocrx_word' id='word_1_99' title='bbox 256 671 302 698; x_wconf 81' lang='grc' dir='ltr'><strong>με,</strong></span> <span class='ocrx_word' id='word_1_100' title='bbox 324 665 564 699; x_wconf 76' lang='grc' dir='ltr'>φησὶν,·κὰκεῖνος</span> <span class='ocrx_word' id='word_1_101' title='bbox 579 666 693 701; x_wconf 79' lang='grc' dir='ltr'>ζήσεται</span> <span class='ocrx_word' id='word_1_102' title='bbox 715 666 750 693; x_wconf 81' lang='grc' dir='ltr'>δι’</span> <span class='ocrx_word' id='word_1_103' title='bbox 764 665 826 702; x_wconf 75' lang='grc' dir='ltr'><strong>ἐμέ.</strong></span> <span class='ocrx_word' id='word_1_104' title='bbox 842 675 851 692; x_wconf 81' lang='grc' dir='ltr'><strong>ι</strong></span> <span class='ocrx_word' id='word_1_105' title='bbox 870 667 907 701; x_wconf 84' lang='grc' dir='ltr'><strong>Ζῇ</strong></span> 
     </span>
    </p>
   </div>
   <div class='ocr_carea' id='block_1_16' title="bbox 124 708 909 748">
    <p class='ocr_par' dir='ltr' id='par_1_16' title="bbox 124 708 909 748">
     <span class='ocr_line' id='line_1_16' title="bbox 124 708 909 748; baseline 0.005 -14"><span class='ocrx_word' id='word_1_106' title='bbox 124 708 177 743; x_wconf 86' lang='grc' dir='ltr'>μὲν</span> <span class='ocrx_word' id='word_1_107' title='bbox 197 708 252 744; x_wconf 72' lang='grc' dir='ltr'><strong>γὰρ</strong></span> <span class='ocrx_word' id='word_1_108' title='bbox 267 709 316 736; x_wconf 72' lang='grc' dir='ltr'>καὶ</span> <span class='ocrx_word' id='word_1_109' title='bbox 331 709 376 737; x_wconf 74' lang='grc' dir='ltr'><strong>διὰ</strong></span> <span class='ocrx_word' id='word_1_110' title='bbox 392 711 443 745; x_wconf 79' lang='grc' dir='ltr'><strong>τὴν</strong></span> <span class='ocrx_word' id='word_1_111' title='bbox 462 712 577 746; x_wconf 78' lang='grc' dir='ltr'>τροφήν,</span> <span class='ocrx_word' id='word_1_112' title='bbox 597 711 631 738; x_wconf 86' lang='grc' dir='ltr'>Ἡ</span> <span class='ocrx_word' id='word_1_113' title='bbox 647 712 743 748; x_wconf 82' lang='grc' dir='ltr'>τελετὴ</span> <span class='ocrx_word' id='word_1_114' title='bbox 760 711 788 739; x_wconf 82' lang='grc' dir='ltr'>δὲ</span> <span class='ocrx_word' id='word_1_115' title='bbox 804 712 836 740; x_wconf 77' lang='grc' dir='ltr'>οὺ</span> <span class='ocrx_word' id='word_1_116' title='bbox 847 712 909 739; x_wconf 80' lang='grc' dir='ltr'><strong>τοῦ-</strong></span> 
     </span>
    </p>
   </div>
   <div class='ocr_carea' id='block_1_17' title="bbox 122 755 908 794">
    <p class='ocr_par' dir='ltr' id='par_1_17' title="bbox 122 755 908 794">
     <span class='ocr_line' id='line_1_17' title="bbox 122 755 908 794; baseline 0.005 -13"><span class='ocrx_word' id='word_1_117' title='bbox 122 761 168 781; x_wconf 88' lang='grc' dir='ltr'><strong>τον</strong></span> <span class='ocrx_word' id='word_1_118' title='bbox 179 755 235 789; x_wconf 78' lang='grc' dir='ltr'>ἔχει</span> <span class='ocrx_word' id='word_1_119' title='bbox 248 755 295 782; x_wconf 82' lang='grc' dir='ltr'><strong>τὸν</strong></span> <span class='ocrx_word' id='word_1_120' title='bbox 308 755 409 790; x_wconf 81' lang='grc' dir='ltr'>τρόπον</span> <span class='ocrx_word' id='word_1_121' title='bbox 419 765 426 772; x_wconf 74' lang='grc' dir='ltr'><strong>ι</strong></span> <span class='ocrx_word' id='word_1_122' title='bbox 440 757 456 791; x_wconf 74' lang='grc' dir='ltr'>ἡ</span> <span class='ocrx_word' id='word_1_123' title='bbox 469 756 557 793; x_wconf 82' lang='grc' dir='ltr'>τροφὴ</span> <span class='ocrx_word' id='word_1_124' title='bbox 569 757 619 791; x_wconf 74' lang='grc' dir='ltr'>μὲν</span> <span class='ocrx_word' id='word_1_125' title='bbox 632 758 686 793; x_wconf 78' lang='grc' dir='ltr'><strong>γὰρ</strong></span> <span class='ocrx_word' id='word_1_126' title='bbox 697 758 745 785; x_wconf 64' lang='lat' dir='ltr'><strong>ars</strong></span> <span class='ocrx_word' id='word_1_127' title='bbox 761 758 828 794; x_wconf 75' lang='grc' dir='ltr'>μηδὲ</span> <span class='ocrx_word' id='word_1_128' title='bbox 839 758 908 794; x_wconf 68' lang='grc' dir='ltr'>αὑτὴ</span> 
     </span>
    </p>
   </div>
   <div class='ocr_carea' id='block_1_18' title="bbox 123 799 908 839">
    <p class='ocr_par' dir='ltr' id='par_1_18' title="bbox 123 799 908 839">
     <span class='ocr_line' id='line_1_18' title="bbox 123 799 908 839; baseline 0.008 -13"><span class='ocrx_word' id='word_1_129' title='bbox 123 799 208 834; x_wconf 80' lang='grc' dir='ltr'>ζῶσα,</span> <span class='ocrx_word' id='word_1_130' title='bbox 223 799 297 836; x_wconf 77' lang='grc' dir='ltr'>ζωὴν</span> <span class='ocrx_word' id='word_1_131' title='bbox 317 803 367 836; x_wconf 76' lang='grc' dir='ltr'>μὲν</span> <span class='ocrx_word' id='word_1_132' title='bbox 390 802 457 838; x_wconf 75' lang='grc' dir='ltr'>ἡμίν</span> <span class='ocrx_word' id='word_1_133' title='bbox 476 802 542 837; x_wconf 86' lang='grc' dir='ltr'>παρ’</span> <span class='ocrx_word' id='word_1_134' title='bbox 551 804 652 839; x_wconf 78' lang='grc' dir='ltr'>ἑαυτῆς</span> <span class='ocrx_word' id='word_1_135' title='bbox 668 803 717 831; x_wconf 79' lang='grc' dir='ltr'>οὐκ</span> <span class='ocrx_word' id='word_1_136' title='bbox 735 804 768 831; x_wconf 83' lang='grc' dir='ltr'>ἂν</span> <span class='ocrx_word' id='word_1_137' title='bbox 784 804 908 839; x_wconf 71' lang='grc' dir='ltr'>εἰσενέγ-</span> 
     </span>
    </p>
   </div>
   <div class='ocr_carea' id='block_1_19' title="bbox 122 847 908 886">
    <p class='ocr_par' dir='ltr' id='par_1_19' title="bbox 122 847 908 886">
     <span class='ocr_line' id='line_1_19' title="bbox 122 847 908 886; baseline 0.005 -13"><span class='ocrx_word' id='word_1_138' title='bbox 122 855 166 873; x_wconf 90' lang='grc' dir='ltr'><strong>κοι</strong></span> <span class='ocrx_word' id='word_1_139' title='bbox 190 855 197 863; x_wconf 90' lang='grc'>·</span> <span class='ocrx_word' id='word_1_140' title='bbox 212 847 252 882; x_wconf 91' lang='grc' dir='ltr'>τῷ</span> <span class='ocrx_word' id='word_1_141' title='bbox 267 847 296 874; x_wconf 76' lang='grc' dir='ltr'>δὲ</span> <span class='ocrx_word' id='word_1_142' title='bbox 316 848 348 883; x_wconf 79' lang='grc' dir='ltr'>τῇ</span> <span class='ocrx_word' id='word_1_143' title='bbox 365 847 504 884; x_wconf 84' lang='grc' dir='ltr'>προσούσῃ</span> <span class='ocrx_word' id='word_1_144' title='bbox 525 848 564 885; x_wconf 85' lang='grc' dir='ltr'>τῷ</span> <span class='ocrx_word' id='word_1_145' title='bbox 586 850 692 884; x_wconf 84' lang='grc' dir='ltr'>σώματι</span> <span class='ocrx_word' id='word_1_146' title='bbox 713 850 820 886; x_wconf 77' lang='grc' dir='ltr'>βοηθεῖν</span> <span class='ocrx_word' id='word_1_147' title='bbox 834 851 908 878; x_wconf 88' lang='grc' dir='ltr'>αίτία</span> 
     </span>
    </p>
   </div>
   <div class='ocr_carea' id='block_1_20' title="bbox 124 891 908 932">
    <p class='ocr_par' dir='ltr' id='par_1_20' title="bbox 124 891 908 932">
     <span class='ocr_line' id='line_1_20' title="bbox 124 891 908 932; baseline 0.008 -14"><span class='ocrx_word' id='word_1_148' title='bbox 124 891 199 926; x_wconf 82' lang='grc' dir='ltr'>ζωῆς</span> <span class='ocrx_word' id='word_1_149' title='bbox 214 893 269 923; x_wconf 74' lang='grc' dir='ltr'><strong>τοίς</strong></span> <span class='ocrx_word' id='word_1_150' title='bbox 281 894 473 928; x_wconf 76' lang='grc' dir='ltr'><strong>προσιεμένοις</strong></span> <span class='ocrx_word' id='word_1_151' title='bbox 489 892 560 921; x_wconf 76' lang='grc' dir='ltr'>εἶναι</span> <span class='ocrx_word' id='word_1_152' title='bbox 575 894 658 922; x_wconf 82' lang='grc' dir='ltr'>δοκεῖ.</span> <span class='ocrx_word' id='word_1_153' title='bbox 684 895 714 922; x_wconf 89' lang='grc'><strong>’0</strong></span> <span class='ocrx_word' id='word_1_154' title='bbox 728 895 757 922; x_wconf 84' lang='grc' dir='ltr'>δὲ</span> <span class='ocrx_word' id='word_1_155' title='bbox 769 897 820 932; x_wconf 73' lang='grc' dir='ltr'>τῆς</span> <span class='ocrx_word' id='word_1_156' title='bbox 835 896 908 932; x_wconf 82' lang='grc' dir='ltr'><strong>ζωῆς</strong></span> 
     </span>
    </p>
   </div>
   <div class='ocr_carea' id='block_1_21' title="bbox 124 937 908 976">
    <p class='ocr_par' dir='ltr' id='par_1_21' title="bbox 124 937 908 976">
     <span class='ocr_line' id='line_1_21' title="bbox 124 937 908 976; baseline 0.006 -12"><span class='ocrx_word' id='word_1_157' title='bbox 124 937 207 972; x_wconf 79' lang='grc' dir='ltr'>ἄρτος</span> <span class='ocrx_word' id='word_1_158' title='bbox 221 937 301 970; x_wconf 79' lang='grc' dir='ltr'>αὐτός</span> <span class='ocrx_word' id='word_1_159' title='bbox 315 939 345 965; x_wconf 78' lang='grc' dir='ltr'>τέ</span> <span class='ocrx_word' id='word_1_160' title='bbox 361 940 420 966; x_wconf 75' lang='grc' dir='ltr'>ἔστι</span> <span class='ocrx_word' id='word_1_161' title='bbox 436 938 501 973; x_wconf 82' lang='grc' dir='ltr'>ζῶν,</span> <span class='ocrx_word' id='word_1_162' title='bbox 517 941 563 966; x_wconf 80' lang='grc' dir='ltr'>καὶ</span> <span class='ocrx_word' id='word_1_163' title='bbox 574 940 609 966; x_wconf 82' lang='grc' dir='ltr'>δι’</span> <span class='ocrx_word' id='word_1_164' title='bbox 624 940 730 968; x_wconf 75' lang='grc' dir='ltr'>ἐκεῖνον</span> <span class='ocrx_word' id='word_1_165' title='bbox 747 940 786 973; x_wconf 80' lang='grc' dir='ltr'>ὡς</span> <span class='ocrx_word' id='word_1_166' title='bbox 798 941 908 976; x_wconf 80' lang='grc' dir='ltr'>ἀληθῶς</span> 
     </span>
    </p>
   </div>
   <div class='ocr_carea' id='block_1_22' title="bbox 124 980 907 1023">
    <p class='ocr_par' dir='ltr' id='par_1_22' title="bbox 124 980 907 1023">
     <span class='ocr_line' id='line_1_22' title="bbox 124 980 907 1023; baseline 0.006 -14"><span class='ocrx_word' id='word_1_167' title='bbox 124 982 218 1016; x_wconf 80' lang='grc' dir='ltr'>ζῶσιν,</span> <span class='ocrx_word' id='word_1_168' title='bbox 245 980 284 1015; x_wconf 74' lang='grc' dir='ltr'><strong>οἷς</strong></span> <span class='ocrx_word' id='word_1_169' title='bbox 302 984 336 1011; x_wconf 74' lang='grc' dir='ltr'>ἂν</span> <span class='ocrx_word' id='word_1_170' title='bbox 355 984 438 1011; x_wconf 83' lang='grc' dir='ltr'>αὑτοῦ</span> <span class='ocrx_word' id='word_1_171' title='bbox 469 986 613 1021; x_wconf 81' lang='grc' dir='ltr'>μεταδοίη·</span> <span class='ocrx_word' id='word_1_172' title='bbox 628 985 689 1013; x_wconf 78' lang='grc' dir='ltr'>ὅθεν</span> <span class='ocrx_word' id='word_1_173' title='bbox 708 987 725 1022; x_wconf 83' lang='grc' dir='ltr'>ὴ</span> <span class='ocrx_word' id='word_1_174' title='bbox 755 986 805 1022; x_wconf 84' lang='grc' dir='ltr'>μὲν</span> <span class='ocrx_word' id='word_1_175' title='bbox 818 987 907 1023; x_wconf 80' lang='grc' dir='ltr'>τροφὴ</span> 
     </span>
    </p>
   </div>
   <div class='ocr_carea' id='block_1_23' title="bbox 125 1028 908 1069">
    <p class='ocr_par' dir='ltr' id='par_1_23' title="bbox 125 1028 908 1069">
     <span class='ocr_line' id='line_1_23' title="bbox 125 1028 908 1069; baseline 0.009 -15"><span class='ocrx_word' id='word_1_176' title='bbox 125 1028 194 1062; x_wconf 89' lang='grc' dir='ltr'>πρὸς</span> <span class='ocrx_word' id='word_1_177' title='bbox 204 1028 250 1055; x_wconf 87' lang='grc' dir='ltr'><strong>τὸν</strong></span> <span class='ocrx_word' id='word_1_178' title='bbox 261 1029 421 1064; x_wconf 72' lang='grc' dir='ltr'>σιτούμενον</span> <span class='ocrx_word' id='word_1_179' title='bbox 438 1031 602 1065; x_wconf 76' lang='grc' dir='ltr'>μεταίίάλλει</span> <span class='ocrx_word' id='word_1_180' title='bbox 616 1031 663 1058; x_wconf 74' lang='grc' dir='ltr'>καὶ</span> <span class='ocrx_word' id='word_1_181' title='bbox 678 1031 754 1067; x_wconf 76' lang='grc' dir='ltr'>ἰχθὺς</span> <span class='ocrx_word' id='word_1_182' title='bbox 769 1033 817 1060; x_wconf 78' lang='grc' dir='ltr'>καὶ</span> <span class='ocrx_word' id='word_1_183' title='bbox 826 1034 908 1069; x_wconf 79' lang='grc' dir='ltr'>ἄρτος</span> 
     </span>
    </p>
   </div>
   <div class='ocr_carea' id='block_1_24' title="bbox 125 1074 909 1113">
    <p class='ocr_par' dir='ltr' id='par_1_24' title="bbox 125 1074 909 1113">
     <span class='ocr_line' id='line_1_24' title="bbox 125 1074 909 1113; baseline 0.01 -13"><span class='ocrx_word' id='word_1_184' title='bbox 125 1074 174 1100; x_wconf 78' lang='grc' dir='ltr'>καὶ</span> <span class='ocrx_word' id='word_1_185' title='bbox 193 1074 284 1101; x_wconf 74' lang='grc' dir='ltr'>ὁτιοῦν</span> <span class='ocrx_word' id='word_1_186' title='bbox 303 1075 368 1103; x_wconf 83' lang='grc' dir='ltr'>ἄλλο</span> <span class='ocrx_word' id='word_1_187' title='bbox 389 1077 473 1102; x_wconf 85' lang='grc' dir='ltr'>σιτίον</span> <span class='ocrx_word' id='word_1_188' title='bbox 496 1075 566 1112; x_wconf 73' lang='grc' dir='ltr'>αἷμα</span> <span class='ocrx_word' id='word_1_189' title='bbox 585 1078 764 1113; x_wconf 84' lang='grc' dir='ltr'>ἀνθρώπειον,</span> <span class='ocrx_word' id='word_1_190' title='bbox 790 1080 909 1108; x_wconf 75' lang='grc' dir='ltr'>ἐνταῦθα</span> 
     </span>
    </p>
   </div>
   <div class='ocr_carea' id='block_1_25' title="bbox 125 1119 909 1161">
    <p class='ocr_par' dir='ltr' id='par_1_25' title="bbox 125 1119 909 1161">
     <span class='ocr_line' id='line_1_25' title="bbox 125 1119 909 1161; baseline 0.01 -15"><span class='ocrx_word' id='word_1_191' title='bbox 125 1119 153 1146; x_wconf 70' lang='grc' dir='ltr'>δὲ</span> <span class='ocrx_word' id='word_1_192' title='bbox 171 1120 324 1148; x_wconf 78' lang='grc' dir='ltr'>τούναντίον</span> <span class='ocrx_word' id='word_1_193' title='bbox 350 1122 434 1149; x_wconf 74' lang='grc' dir='ltr'>ἅπαν.</span> <span class='ocrx_word' id='word_1_194' title='bbox 459 1122 489 1149; x_wconf 89' lang='lat'><strong>&#39;0</strong></span> <span class='ocrx_word' id='word_1_195' title='bbox 503 1122 558 1158; x_wconf 78' lang='grc' dir='ltr'><strong>γὰρ</strong></span> <span class='ocrx_word' id='word_1_196' title='bbox 571 1124 621 1159; x_wconf 86' lang='grc' dir='ltr'>τῆς</span> <span class='ocrx_word' id='word_1_197' title='bbox 637 1124 711 1160; x_wconf 83' lang='grc' dir='ltr'><strong>ζωῆς</strong></span> <span class='ocrx_word' id='word_1_198' title='bbox 731 1126 811 1161; x_wconf 73' lang='grc' dir='ltr'>ἄρτος</span> <span class='ocrx_word' id='word_1_199' title='bbox 826 1126 909 1159; x_wconf 79' lang='grc' dir='ltr'>αὐτὸς</span> 
     </span>
    </p>
   </div>
   <div class='ocr_carea' id='block_1_26' title="bbox 127 1165 910 1208">
    <p class='ocr_par' dir='ltr' id='par_1_26' title="bbox 127 1165 910 1208">
     <span class='ocr_line' id='line_1_26' title="bbox 127 1165 910 1208; baseline 0.01 -15"><span class='ocrx_word' id='word_1_200' title='bbox 127 1165 199 1193; x_wconf 74' lang='grc' dir='ltr'>κινὲῖ</span> <span class='ocrx_word' id='word_1_201' title='bbox 216 1166 262 1193; x_wconf 83' lang='grc' dir='ltr'><strong>τὸν</strong></span> <span class='ocrx_word' id='word_1_202' title='bbox 286 1168 446 1203; x_wconf 84' lang='grc' dir='ltr'>σιτούμενον</span> <span class='ocrx_word' id='word_1_203' title='bbox 464 1169 510 1196; x_wconf 83' lang='grc' dir='ltr'>καὶ</span> <span class='ocrx_word' id='word_1_204' title='bbox 532 1170 676 1206; x_wconf 83' lang='grc' dir='ltr'>μεθίστησι</span> <span class='ocrx_word' id='word_1_205' title='bbox 699 1172 746 1199; x_wconf 82' lang='grc' dir='ltr'>καὶ</span> <span class='ocrx_word' id='word_1_206' title='bbox 761 1172 830 1208; x_wconf 85' lang='grc' dir='ltr'>πρὸς</span> <span class='ocrx_word' id='word_1_207' title='bbox 846 1174 910 1201; x_wconf 71' lang='grc' dir='ltr'>ἑαυ-</span> 
     </span>
    </p>
   </div>
   <div class='ocr_carea' id='block_1_27' title="bbox 124 1212 910 1251">
    <p class='ocr_par' dir='ltr' id='par_1_27' title="bbox 124 1212 910 1251">
     <span class='ocr_line' id='line_1_27' title="bbox 124 1212 910 1251; baseline 0.011 -13"><span class='ocrx_word' id='word_1_208' title='bbox 124 1212 172 1238; x_wconf 80' lang='grc' dir='ltr'><strong>τὸν</strong></span> <span class='ocrx_word' id='word_1_209' title='bbox 198 1213 373 1246; x_wconf 72' lang='grc' dir='ltr'>μεταϐάλλει,</span> <span class='ocrx_word' id='word_1_210' title='bbox 391 1215 438 1242; x_wconf 81' lang='grc' dir='ltr'>καὶ</span> <span class='ocrx_word' id='word_1_211' title='bbox 461 1214 475 1241; x_wconf 82' lang='grc' dir='ltr'><strong>ὃ</strong></span> <span class='ocrx_word' id='word_1_212' title='bbox 493 1215 543 1251; x_wconf 84' lang='grc' dir='ltr'>τῆς</span> <span class='ocrx_word' id='word_1_213' title='bbox 569 1217 683 1251; x_wconf 79' lang='grc' dir='ltr'>καρδίας</span> <span class='ocrx_word' id='word_1_214' title='bbox 705 1218 834 1251; x_wconf 78' lang='grc' dir='ltr'>ἐπιεικῶς</span> <span class='ocrx_word' id='word_1_215' title='bbox 851 1221 910 1248; x_wconf 73' lang='grc' dir='ltr'>ἐστι</span> 
     </span>
    </p>
   </div>
   <div class='ocr_carea' id='block_1_28' title="bbox 126 1260 911 1301">
    <p class='ocr_par' dir='ltr' id='par_1_28' title="bbox 126 1260 911 1301">
     <span class='ocr_line' id='line_1_28' title="bbox 126 1260 911 1301; baseline 0.013 -17"><span class='ocrx_word' id='word_1_216' title='bbox 126 1260 174 1285; x_wconf 79' lang='grc' dir='ltr'>καὶ</span> <span class='ocrx_word' id='word_1_217' title='bbox 192 1260 242 1294; x_wconf 82' lang='grc' dir='ltr'>τῆς</span> <span class='ocrx_word' id='word_1_218' title='bbox 267 1260 400 1295; x_wconf 82' lang='grc' dir='ltr'>κεφαλῆς,</span> <span class='ocrx_word' id='word_1_219' title='bbox 427 1262 580 1296; x_wconf 72' lang='grc' dir='ltr'>κινούμεθα</span> <span class='ocrx_word' id='word_1_220' title='bbox 604 1263 651 1290; x_wconf 76' lang='grc' dir='ltr'>καὶ</span> <span class='ocrx_word' id='word_1_221' title='bbox 670 1264 763 1299; x_wconf 83' lang='grc' dir='ltr'>ζῶμεν</span> <span class='ocrx_word' id='word_1_222' title='bbox 777 1265 808 1292; x_wconf 72' lang='grc' dir='ltr'><strong>τό</strong></span> <span class='ocrx_word' id='word_1_223' title='bbox 822 1274 853 1301; x_wconf 82' lang='grc' dir='ltr'><strong>γε</strong></span> <span class='ocrx_word' id='word_1_224' title='bbox 870 1268 911 1299; x_wconf 86' lang='grc' dir='ltr'><strong>είς</strong></span> 
     </span>
    </p>
   </div>
   <div class='ocr_carea' id='block_1_29' title="bbox 125 1303 909 1347">
    <p class='ocr_par' dir='ltr' id='par_1_29' title="bbox 125 1303 909 1347">
     <span class='ocr_line' id='line_1_29' title="bbox 125 1303 909 1347; baseline 0.013 -17"><span class='ocrx_word' id='word_1_225' title='bbox 125 1305 207 1331; x_wconf 73' lang='grc' dir='ltr'>αὑτὸν</span> <span class='ocrx_word' id='word_1_226' title='bbox 223 1303 301 1341; x_wconf 77' lang='grc' dir='ltr'>ἧκον,</span> <span class='ocrx_word' id='word_1_227' title='bbox 320 1307 358 1338; x_wconf 80' lang='grc' dir='ltr'>ὡς</span> <span class='ocrx_word' id='word_1_228' title='bbox 369 1306 424 1342; x_wconf 66' lang='grc' dir='ltr'>ἔχει</span> <span class='ocrx_word' id='word_1_229' title='bbox 442 1307 516 1342; x_wconf 77' lang='grc' dir='ltr'>ζωῆς</span> <span class='ocrx_word' id='word_1_230' title='bbox 532 1309 636 1341; x_wconf 79' lang='grc' dir='ltr'>ἐκεῖνος</span> <span class='ocrx_word' id='word_1_231' title='bbox 647 1317 654 1325; x_wconf 92' lang='grc'>·</span> <span class='ocrx_word' id='word_1_232' title='bbox 668 1309 682 1336; x_wconf 82' lang='grc' dir='ltr'><strong>ὃ</strong></span> <span class='ocrx_word' id='word_1_233' title='bbox 698 1311 745 1337; x_wconf 84' lang='grc' dir='ltr'>καὶ</span> <span class='ocrx_word' id='word_1_234' title='bbox 756 1311 845 1347; x_wconf 87' lang='grc' dir='ltr'>δηλῶν</span> <span class='ocrx_word' id='word_1_235' title='bbox 859 1314 909 1339; x_wconf 62' lang='grc' dir='ltr'><strong>αὖ.</strong></span> 
     </span>
    </p>
   </div>
   <div class='ocr_carea' id='block_1_30' title="bbox 126 1350 911 1394">
    <p class='ocr_par' dir='ltr' id='par_1_30' title="bbox 126 1350 911 1394">
     <span class='ocr_line' id='line_1_30' title="bbox 126 1350 911 1394; baseline 0.01 -17"><span class='ocrx_word' id='word_1_236' title='bbox 126 1350 174 1382; x_wconf 81' lang='grc' dir='ltr'><strong>τὸς</strong></span> <span class='ocrx_word' id='word_1_237' title='bbox 188 1352 203 1377; x_wconf 83' lang='grc' dir='ltr'><strong><em>ὁ</em></strong></span> <span class='ocrx_word' id='word_1_238' title='bbox 218 1352 324 1387; x_wconf 80' lang='grc' dir='ltr'>Σωτὴρ,</span> <span class='ocrx_word' id='word_1_239' title='bbox 340 1353 380 1385; x_wconf 83' lang='grc' dir='ltr'><strong>ὡς</strong></span> <span class='ocrx_word' id='word_1_240' title='bbox 394 1353 425 1379; x_wconf 87' lang='grc' dir='ltr'>οὑ</span> <span class='ocrx_word' id='word_1_241' title='bbox 440 1354 487 1381; x_wconf 76' lang='grc' dir='ltr'><strong>τὸν</strong></span> <span class='ocrx_word' id='word_1_242' title='bbox 499 1355 593 1382; x_wconf 81' lang='grc' dir='ltr'>σιτίων</span> <span class='ocrx_word' id='word_1_243' title='bbox 608 1355 710 1391; x_wconf 84' lang='grc' dir='ltr'>τρόπον</span> <span class='ocrx_word' id='word_1_244' title='bbox 733 1357 798 1392; x_wconf 77' lang='grc' dir='ltr'>ἡμῖν</span> <span class='ocrx_word' id='word_1_245' title='bbox 820 1358 911 1394; x_wconf 73' lang='grc' dir='ltr'>ἀνέχει</span> 
     </span>
    </p>
   </div>
   <div class='ocr_carea' id='block_1_31' title="bbox 125 1397 913 1436">
    <p class='ocr_par' dir='ltr' id='par_1_31' title="bbox 125 1397 913 1436">
     <span class='ocr_line' id='line_1_31' title="bbox 125 1397 913 1436; baseline 0.009 -12"><span class='ocrx_word' id='word_1_246' title='bbox 125 1397 172 1424; x_wconf 86' lang='grc' dir='ltr'><strong>τὸν</strong></span> <span class='ocrx_word' id='word_1_247' title='bbox 187 1397 255 1432; x_wconf 78' lang='grc' dir='ltr'>βίον,</span> <span class='ocrx_word' id='word_1_248' title='bbox 271 1398 330 1425; x_wconf 78' lang='grc' dir='ltr'>ἀλλ’</span> <span class='ocrx_word' id='word_1_249' title='bbox 352 1399 430 1430; x_wconf 76' lang='grc' dir='ltr'>αὐτὸς</span> <span class='ocrx_word' id='word_1_250' title='bbox 447 1399 516 1435; x_wconf 73' lang='grc' dir='ltr'>ἔχων</span> <span class='ocrx_word' id='word_1_251' title='bbox 529 1400 635 1428; x_wconf 77' lang='grc' dir='ltr'>οῖκοθεν</span> <span class='ocrx_word' id='word_1_252' title='bbox 658 1401 767 1436; x_wconf 80' lang='grc' dir='ltr'>Ιμπνεῖ,</span> <span class='ocrx_word' id='word_1_253' title='bbox 784 1403 830 1430; x_wconf 75' lang='grc' dir='ltr'>καὶ</span> <span class='ocrx_word' id='word_1_254' title='bbox 846 1404 913 1431; x_wconf 88' lang='grc' dir='ltr'>καθ-</span> 
     </span>
    </p>
   </div>
   <div class='ocr_carea' id='block_1_32' title="bbox 125 1445 911 1486">
    <p class='ocr_par' dir='ltr' id='par_1_32' title="bbox 125 1445 911 1486">
     <span class='ocr_line' id='line_1_32' title="bbox 125 1445 911 1486; baseline 0.008 -15"><span class='ocrx_word' id='word_1_255' title='bbox 125 1445 200 1479; x_wconf 83' lang='grc' dir='ltr'>άπερ</span> <span class='ocrx_word' id='word_1_256' title='bbox 210 1445 309 1479; x_wconf 83' lang='grc' dir='ltr'>καρδία</span> <span class='ocrx_word' id='word_1_257' title='bbox 326 1445 436 1480; x_wconf 82' lang='grc' dir='ltr'>μέλεσιν</span> <span class='ocrx_word' id='word_1_258' title='bbox 459 1445 475 1482; x_wconf 78' lang='grc' dir='ltr'><strong>ἣ</strong></span> <span class='ocrx_word' id='word_1_259' title='bbox 490 1447 595 1482; x_wconf 87' lang='grc' dir='ltr'>κεφαλὴ</span> <span class='ocrx_word' id='word_1_260' title='bbox 616 1447 752 1476; x_wconf 85' lang='grc' dir='ltr'>διαδίδωσι</span> <span class='ocrx_word' id='word_1_261' title='bbox 765 1449 815 1485; x_wconf 78' lang='grc' dir='ltr'>τὴν</span> <span class='ocrx_word' id='word_1_262' title='bbox 826 1450 911 1486; x_wconf 79' lang='grc' dir='ltr'>ζωὴν,</span> 
     </span>
    </p>
   </div>
   <div class='ocr_carea' id='block_1_33' title="bbox 127 1490 914 1531">
    <p class='ocr_par' dir='ltr' id='par_1_33' title="bbox 127 1490 914 1531">
     <span class='ocr_line' id='line_1_33' title="bbox 127 1490 914 1531; baseline 0.009 -15"><span class='ocrx_word' id='word_1_263' title='bbox 127 1490 216 1522; x_wconf 80' lang='grc' dir='ltr'>ζῶντα</span> <span class='ocrx_word' id='word_1_264' title='bbox 228 1491 256 1518; x_wconf 85' lang='grc' dir='ltr'>δὲ</span> <span class='ocrx_word' id='word_1_265' title='bbox 273 1492 368 1518; x_wconf 78' lang='grc' dir='ltr'>ἑαυτὸν</span> <span class='ocrx_word' id='word_1_266' title='bbox 381 1492 509 1519; x_wconf 73' lang='grc' dir='ltr'>ἐκάλεσεν</span> <span class='ocrx_word' id='word_1_267' title='bbox 525 1491 616 1529; x_wconf 79' lang='grc' dir='ltr'>ἄρτον,</span> <span class='ocrx_word' id='word_1_268' title='bbox 635 1495 693 1525; x_wconf 81' lang='grc' dir='ltr'>καὶ,</span> <span class='ocrx_word' id='word_1_269' title='bbox 708 1503 717 1520; x_wconf 83' lang='grc' dir='ltr'><strong>ι</strong></span> <span class='ocrx_word' id='word_1_270' title='bbox 741 1494 771 1522; x_wconf 86' lang='grc' dir='ltr'>Ὀ</span> <span class='ocrx_word' id='word_1_271' title='bbox 799 1495 914 1531; x_wconf 81' lang='grc' dir='ltr'>τρώγων</span> 
     </span>
    </p>
   </div>
   <div class='ocr_carea' id='block_1_34' title="bbox 131 1537 697 1575">
    <p class='ocr_par' dir='ltr' id='par_1_34' title="bbox 131 1537 697 1575">
     <span class='ocr_line' id='line_1_34' title="bbox 131 1537 697 1575; baseline 0.009 -13"><span class='ocrx_word' id='word_1_272' title='bbox 131 1545 176 1572; x_wconf 86' lang='grc' dir='ltr'><strong>με,</strong></span> <span class='ocrx_word' id='word_1_273' title='bbox 192 1537 270 1572; x_wconf 81' lang='grc' dir='ltr'>φησὶ,</span> <span class='ocrx_word' id='word_1_274' title='bbox 289 1537 415 1569; x_wconf 80' lang='grc' dir='ltr'>κάκεζνος</span> <span class='ocrx_word' id='word_1_275' title='bbox 429 1537 543 1574; x_wconf 80' lang='grc' dir='ltr'>ζήσεται</span> <span class='ocrx_word' id='word_1_276' title='bbox 557 1540 592 1566; x_wconf 83' lang='grc' dir='ltr'>δι’</span> <span class='ocrx_word' id='word_1_277' title='bbox 606 1540 666 1575; x_wconf 60' lang='lat' dir='ltr'><strong>uti.</strong></span> <span class='ocrx_word' id='word_1_278' title='bbox 687 1549 697 1566; x_wconf 75' lang='grc' dir='ltr'><strong>ι</strong></span> 
     </span>
    </p>
   </div>
   <div class='ocr_carea' id='block_1_35' title="bbox 163 1583 912 1624">
    <p class='ocr_par' dir='ltr' id='par_1_35' title="bbox 163 1583 912 1624">
     <span class='ocr_line' id='line_1_35' title="bbox 163 1583 912 1624; baseline 0.009 -15"><span class='ocrx_word' id='word_1_279' title='bbox 163 1583 292 1610; x_wconf 77' lang='grc' dir='ltr'>Φαίνεται</span> <span class='ocrx_word' id='word_1_280' title='bbox 302 1584 394 1611; x_wconf 80' lang='grc' dir='ltr'>τοίνυν</span> <span class='ocrx_word' id='word_1_281' title='bbox 408 1585 453 1611; x_wconf 84' lang='grc' dir='ltr'><strong>τὸν</strong></span> <span class='ocrx_word' id='word_1_282' title='bbox 473 1585 541 1612; x_wconf 85' lang='grc' dir='ltr'>Θεὸν</span> <span class='ocrx_word' id='word_1_283' title='bbox 558 1588 722 1620; x_wconf 77' lang='grc' dir='ltr'>προσκυνεῖν</span> <span class='ocrx_word' id='word_1_284' title='bbox 733 1588 763 1615; x_wconf 81' lang='grc' dir='ltr'>ὲν</span> <span class='ocrx_word' id='word_1_285' title='bbox 775 1588 912 1624; x_wconf 86' lang='grc' dir='ltr'>πνεύματι</span> 
     </span>
    </p>
   </div>
   <div class='ocr_carea' id='block_1_36' title="bbox 128 1629 913 1671">
    <p class='ocr_par' dir='ltr' id='par_1_36' title="bbox 128 1629 913 1671">
     <span class='ocr_line' id='line_1_36' title="bbox 128 1629 913 1671; baseline 0.009 -16"><span class='ocrx_word' id='word_1_286' title='bbox 128 1630 177 1656; x_wconf 74' lang='grc' dir='ltr'>καὶ</span> <span class='ocrx_word' id='word_1_287' title='bbox 190 1629 305 1666; x_wconf 78' lang='grc' dir='ltr'>ἀληθείᾳ</span> <span class='ocrx_word' id='word_1_288' title='bbox 317 1630 364 1658; x_wconf 81' lang='grc' dir='ltr'>καὶ</span> <span class='ocrx_word' id='word_1_289' title='bbox 375 1631 516 1666; x_wconf 80' lang='grc' dir='ltr'>λατρεύειν</span> <span class='ocrx_word' id='word_1_290' title='bbox 529 1632 667 1668; x_wconf 85' lang='grc' dir='ltr'>καθαρῶς,</span> <span class='ocrx_word' id='word_1_291' title='bbox 683 1635 733 1670; x_wconf 85' lang='grc' dir='ltr'>τῆς</span> <span class='ocrx_word' id='word_1_292' title='bbox 746 1635 821 1670; x_wconf 78' lang='grc' dir='ltr'>ίερᾶς</span> <span class='ocrx_word' id='word_1_293' title='bbox 833 1635 913 1671; x_wconf 77' lang='grc' dir='ltr'>ἔργον</span> 
     </span>
    </p>
   </div>
   <div class='ocr_carea' id='block_1_37' title="bbox 129 1673 913 1713">
    <p class='ocr_par' dir='ltr' id='par_1_37' title="bbox 129 1673 913 1713">
     <span class='ocr_line' id='line_1_37' title="bbox 129 1673 913 1713; baseline 0.005 -11"><span class='ocrx_word' id='word_1_294' title='bbox 129 1673 200 1703; x_wconf 79' lang='grc' dir='ltr'>εἶναι</span> <span class='ocrx_word' id='word_1_295' title='bbox 225 1675 385 1711; x_wconf 74' lang='grc' dir='ltr'>τραπέζης·</span> <span class='ocrx_word' id='word_1_296' title='bbox 400 1677 430 1702; x_wconf 75' lang='grc' dir='ltr'>οὔ</span> <span class='ocrx_word' id='word_1_297' title='bbox 456 1676 537 1711; x_wconf 82' lang='grc' dir='ltr'>μόνον</span> <span class='ocrx_word' id='word_1_298' title='bbox 556 1677 676 1712; x_wconf 79' lang='grc' dir='ltr'>Χριστοῦ</span> <span class='ocrx_word' id='word_1_299' title='bbox 704 1678 816 1713; x_wconf 82' lang='grc' dir='ltr'>μέλεσιν</span> <span class='ocrx_word' id='word_1_300' title='bbox 842 1677 913 1706; x_wconf 80' lang='grc' dir='ltr'>εῖναι</span> 
     </span>
    </p>
   </div>
   <div class='ocr_carea' id='block_1_38' title="bbox 132 1721 913 1760">
    <p class='ocr_par' dir='ltr' id='par_1_38' title="bbox 132 1721 913 1760">
     <span class='ocr_line' id='line_1_38' title="bbox 132 1721 913 1760; baseline 0.005 -12"><span class='ocrx_word' id='word_1_301' title='bbox 132 1721 178 1748; x_wconf 79' lang='grc' dir='ltr'>καὶ</span> <span class='ocrx_word' id='word_1_302' title='bbox 193 1721 288 1748; x_wconf 87' lang='grc' dir='ltr'>τοῦτον</span> <span class='ocrx_word' id='word_1_303' title='bbox 303 1723 389 1749; x_wconf 77' lang='grc' dir='ltr'>είκειν</span> <span class='ocrx_word' id='word_1_304' title='bbox 398 1721 474 1757; x_wconf 84' lang='grc' dir='ltr'><strong>αὑτῷ</strong></span> <span class='ocrx_word' id='word_1_305' title='bbox 487 1721 533 1749; x_wconf 83' lang='grc' dir='ltr'><strong>τὸν</strong></span> <span class='ocrx_word' id='word_1_306' title='bbox 553 1723 660 1757; x_wconf 77' lang='grc' dir='ltr'>τρόπον,</span> <span class='ocrx_word' id='word_1_307' title='bbox 676 1723 730 1750; x_wconf 76' lang='grc' dir='ltr'>ἀπὸ</span> <span class='ocrx_word' id='word_1_308' title='bbox 741 1724 796 1751; x_wconf 85' lang='grc' dir='ltr'><strong>τῶν</strong></span> <span class='ocrx_word' id='word_1_309' title='bbox 810 1732 913 1760; x_wconf 87' lang='grc' dir='ltr'>μυστη-</span> 
     </span>
    </p>
   </div>
   <div class='ocr_carea' id='block_1_39' title="bbox 131 1767 914 1806">
    <p class='ocr_par' dir='ltr' id='par_1_39' title="bbox 131 1767 914 1806">
     <span class='ocr_line' id='line_1_39' title="bbox 131 1767 914 1806; baseline 0.004 -12"><span class='ocrx_word' id='word_1_310' title='bbox 131 1768 198 1803; x_wconf 90' lang='grc' dir='ltr'>ρίων</span> <span class='ocrx_word' id='word_1_311' title='bbox 224 1767 394 1802; x_wconf 84' lang='grc' dir='ltr'>περιγίνεται</span> <span class='ocrx_word' id='word_1_312' title='bbox 421 1767 526 1795; x_wconf 84' lang='grc' dir='ltr'>τούτων</span> <span class='ocrx_word' id='word_1_313' title='bbox 543 1769 621 1804; x_wconf 78' lang='grc' dir='ltr'>ἡμῖν.</span> <span class='ocrx_word' id='word_1_314' title='bbox 645 1768 703 1797; x_wconf 78' lang='grc' dir='ltr'>ἁλλ’</span> <span class='ocrx_word' id='word_1_315' title='bbox 731 1770 773 1797; x_wconf 79' lang='grc' dir='ltr'>ὅτι</span> <span class='ocrx_word' id='word_1_316' title='bbox 799 1770 914 1806; x_wconf 83' lang='grc' dir='ltr'>νεκροὺς</span> 
     </span>
    </p>
   </div>
   <div class='ocr_carea' id='block_1_40' title="bbox 132 1812 914 1851">
    <p class='ocr_par' dir='ltr' id='par_1_40' title="bbox 132 1812 914 1851">
     <span class='ocr_line' id='line_1_40' title="bbox 132 1812 914 1851; baseline 0.003 -11"><span class='ocrx_word' id='word_1_317' title='bbox 132 1813 184 1848; x_wconf 68' lang='grc' dir='ltr'>μὲν</span> <span class='ocrx_word' id='word_1_318' title='bbox 210 1813 291 1845; x_wconf 75' lang='grc' dir='ltr'>θντας</span> <span class='ocrx_word' id='word_1_319' title='bbox 306 1813 358 1840; x_wconf 75' lang='grc' dir='ltr'>οὐκ</span> <span class='ocrx_word' id='word_1_320' title='bbox 382 1812 416 1841; x_wconf 76' lang='grc' dir='ltr'>ἂν</span> <span class='ocrx_word' id='word_1_321' title='bbox 437 1814 543 1848; x_wconf 72' lang='grc' dir='ltr'>γένοιτο</span> <span class='ocrx_word' id='word_1_322' title='bbox 569 1813 652 1846; x_wconf 77' lang='grc' dir='ltr'>ζῶντι</span> <span class='ocrx_word' id='word_1_323' title='bbox 677 1814 820 1851; x_wconf 79' lang='grc' dir='ltr'>λατρεῦειν</span> <span class='ocrx_word' id='word_1_324' title='bbox 842 1814 914 1850; x_wconf 78' lang='grc' dir='ltr'>Θεῷ,</span> 
     </span>
    </p>
   </div>
   <div class='ocr_carea' id='block_1_41' title="bbox 130 1858 915 1899">
    <p class='ocr_par' dir='ltr' id='par_1_41' title="bbox 130 1858 915 1899">
     <span class='ocr_line' id='line_1_41' title="bbox 130 1858 915 1899; baseline 0.004 -13"><span class='ocrx_word' id='word_1_325' title='bbox 130 1860 236 1892; x_wconf 76' lang='grc' dir='ltr'>ζῶντας</span> <span class='ocrx_word' id='word_1_326' title='bbox 250 1859 278 1887; x_wconf 78' lang='grc' dir='ltr'>δὲ</span> <span class='ocrx_word' id='word_1_327' title='bbox 301 1858 434 1887; x_wconf 75' lang='grc' dir='ltr'>εἶναικαὶ</span> <span class='ocrx_word' id='word_1_328' title='bbox 452 1859 541 1894; x_wconf 75' lang='grc' dir='ltr'>ἔργων</span> <span class='ocrx_word' id='word_1_329' title='bbox 555 1860 728 1896; x_wconf 81' lang='grc' dir='ltr'>ἀπηλλάχθαι</span> <span class='ocrx_word' id='word_1_330' title='bbox 749 1861 856 1897; x_wconf 79' lang='grc' dir='ltr'>νεκρῶν</span> <span class='ocrx_word' id='word_1_331' title='bbox 876 1861 915 1899; x_wconf 78' lang='grc' dir='ltr'>μὴ</span> 
     </span>
    </p>
   </div>
   <div class='ocr_carea' id='block_1_42' title="bbox 129 1903 915 1946">
    <p class='ocr_par' dir='ltr' id='par_1_42' title="bbox 129 1903 915 1946">
     <span class='ocr_line' id='line_1_42' title="bbox 129 1903 915 1946; baseline 0.006 -14"><span class='ocrx_word' id='word_1_332' title='bbox 129 1903 210 1933; x_wconf 68' lang='grc' dir='ltr'>τοῦτο</span> <span class='ocrx_word' id='word_1_333' title='bbox 235 1905 279 1932; x_wconf 78' lang='grc' dir='ltr'>ἀεὶ</span> <span class='ocrx_word' id='word_1_334' title='bbox 305 1905 481 1938; x_wconf 81' lang='grc' dir='ltr'>δειπνοῦντας</span> <span class='ocrx_word' id='word_1_335' title='bbox 503 1907 534 1934; x_wconf 89' lang='grc' dir='ltr'><strong>τὸ</strong></span> <span class='ocrx_word' id='word_1_336' title='bbox 560 1907 677 1935; x_wconf 81' lang='grc' dir='ltr'>δεῖπνον.</span> <span class='ocrx_word' id='word_1_337' title='bbox 698 1906 834 1942; x_wconf 79' lang='grc' dir='ltr'>Καθάπερ</span> <span class='ocrx_word' id='word_1_338' title='bbox 860 1910 915 1946; x_wconf 81' lang='grc' dir='ltr'><strong>γὰρ</strong></span> 
     </span>
    </p>
   </div>
   <div class='ocr_carea' id='block_1_43' title="bbox 133 1952 915 1989">
    <p class='ocr_par' dir='ltr' id='par_1_43' title="bbox 133 1952 915 1989">
     <span class='ocr_line' id='line_1_43' title="bbox 133 1952 915 1989; baseline 0.005 -11"><span class='ocrx_word' id='word_1_339' title='bbox 133 1961 143 1979; x_wconf 81' lang='grc' dir='ltr'><strong>ι</strong></span> <span class='ocrx_word' id='word_1_340' title='bbox 162 1952 275 1988; x_wconf 78' lang='grc' dir='ltr'>Πνεῦμα</span> <span class='ocrx_word' id='word_1_341' title='bbox 298 1952 344 1979; x_wconf 82' lang='grc' dir='ltr'><strong>τὸν</strong></span> <span class='ocrx_word' id='word_1_342' title='bbox 362 1952 431 1979; x_wconf 87' lang='grc' dir='ltr'>Θεὸν</span> <span class='ocrx_word' id='word_1_343' title='bbox 445 1952 511 1980; x_wconf 78' lang='grc' dir='ltr'>θντα</span> <span class='ocrx_word' id='word_1_344' title='bbox 536 1953 584 1980; x_wconf 80' lang='grc' dir='ltr'>καὶ</span> <span class='ocrx_word' id='word_1_345' title='bbox 605 1954 669 1985; x_wconf 79' lang='grc' dir='ltr'>τοὺς</span> <span class='ocrx_word' id='word_1_346' title='bbox 693 1955 915 1989; x_wconf 78' lang='grc' dir='ltr'>προσκυνοῦντας</span> 
     </span>
    </p>
   </div>
   <div class='ocr_carea' id='block_1_44' title="bbox 129 1996 912 2034">
    <p class='ocr_par' dir='ltr' id='par_1_44' title="bbox 129 1996 912 2034">
     <span class='ocr_line' id='line_1_44' title="bbox 129 1996 912 2034; baseline 0.004 -10"><span class='ocrx_word' id='word_1_347' title='bbox 129 1998 212 2024; x_wconf 81' lang='grc' dir='ltr'>αὑτὸν</span> <span class='ocrx_word' id='word_1_348' title='bbox 237 1997 266 2025; x_wconf 80' lang='grc' dir='ltr'>ὲν</span> <span class='ocrx_word' id='word_1_349' title='bbox 281 1997 418 2032; x_wconf 79' lang='grc' dir='ltr'>πνεύματι</span> <span class='ocrx_word' id='word_1_350' title='bbox 434 1997 483 2025; x_wconf 83' lang='grc' dir='ltr'>καὶ</span> <span class='ocrx_word' id='word_1_351' title='bbox 504 1996 618 2033; x_wconf 73' lang='grc' dir='ltr'>ἀληθείᾳ</span> <span class='ocrx_word' id='word_1_352' title='bbox 642 1997 684 2025; x_wconf 86' lang='grc' dir='ltr'>δεῖ</span> <span class='ocrx_word' id='word_1_353' title='bbox 707 2000 881 2034; x_wconf 82' lang='grc' dir='ltr'>προσκυνεῖν,</span> <span class='ocrx_word' id='word_1_354' title='bbox 903 2009 912 2027; x_wconf 73' lang='grc' dir='ltr'><strong>ι</strong></span> 
     </span>
    </p>
   </div>
   <div class='ocr_carea' id='block_1_45' title="bbox 129 2042 915 2080">
    <p class='ocr_par' dir='ltr' id='par_1_45' title="bbox 129 2042 915 2080">
     <span class='ocr_line' id='line_1_45' title="bbox 129 2042 915 2080; baseline 0 -8"><span class='ocrx_word' id='word_1_355' title='bbox 129 2044 202 2072; x_wconf 80' lang='grc' dir='ltr'>οὕτω</span> <span class='ocrx_word' id='word_1_356' title='bbox 224 2043 271 2072; x_wconf 74' lang='grc' dir='ltr'>καὶ</span> <span class='ocrx_word' id='word_1_357' title='bbox 296 2044 378 2077; x_wconf 78' lang='grc' dir='ltr'>ζῶντι</span> <span class='ocrx_word' id='word_1_358' title='bbox 404 2044 509 2076; x_wconf 77' lang='grc' dir='ltr'>ζῶντας</span> <span class='ocrx_word' id='word_1_359' title='bbox 525 2042 597 2071; x_wconf 70' lang='grc' dir='ltr'>εἶναι</span> <span class='ocrx_word' id='word_1_360' title='bbox 620 2045 754 2080; x_wconf 82' lang='grc' dir='ltr'>προσήκει</span> <span class='ocrx_word' id='word_1_361' title='bbox 779 2046 844 2077; x_wconf 80' lang='grc' dir='ltr'>τοὺς</span> <span class='ocrx_word' id='word_1_362' title='bbox 859 2046 915 2072; x_wconf 83' lang='grc' dir='ltr'>λα-</span> 
     </span>
    </p>
   </div>
   <div class='ocr_carea' id='block_1_46' title="bbox 130 2090 915 2127">
    <p class='ocr_par' dir='ltr' id='par_1_46' title="bbox 130 2090 915 2127">
     <span class='ocr_line' id='line_1_46' title="bbox 130 2090 915 2127; baseline 0.001 -8"><span class='ocrx_word' id='word_1_363' title='bbox 130 2090 240 2127; x_wconf 75' lang='grc' dir='ltr'>τρεύειν</span> <span class='ocrx_word' id='word_1_364' title='bbox 270 2091 501 2126; x_wconf 72' lang='grc' dir='ltr'>προῃρημένους·</span> <span class='ocrx_word' id='word_1_365' title='bbox 521 2099 531 2117; x_wconf 82' lang='grc' dir='ltr'><strong>ι</strong></span> <span class='ocrx_word' id='word_1_366' title='bbox 558 2090 595 2117; x_wconf 84' lang='grc' dir='ltr'><strong>Οὐ</strong></span> <span class='ocrx_word' id='word_1_367' title='bbox 621 2090 677 2126; x_wconf 85' lang='grc' dir='ltr'>γάρ</span> <span class='ocrx_word' id='word_1_368' title='bbox 697 2092 771 2118; x_wconf 69' lang='grc' dir='ltr'>ἐστιν</span> <span class='ocrx_word' id='word_1_369' title='bbox 802 2092 817 2118; x_wconf 83' lang='grc' dir='ltr'><strong>ὁ</strong></span> <span class='ocrx_word' id='word_1_370' title='bbox 836 2092 915 2126; x_wconf 86' lang='grc' dir='ltr'>Θεὸς,</span> 
     </span>
    </p>
   </div>
   <div class='ocr_carea' id='block_1_47' title="bbox 130 2135 665 2174">
    <p class='ocr_par' dir='ltr' id='par_1_47' title="bbox 130 2135 665 2174">
     <span class='ocr_line' id='line_1_47' title="bbox 130 2135 665 2174; baseline -0.002 -11"><span class='ocrx_word' id='word_1_371' title='bbox 130 2138 209 2174; x_wconf 67' lang='grc' dir='ltr'>φησι,</span> <span class='ocrx_word' id='word_1_372' title='bbox 223 2136 289 2167; x_wconf 78' lang='grc' dir='ltr'>Θεὸς</span> <span class='ocrx_word' id='word_1_373' title='bbox 302 2136 419 2172; x_wconf 81' lang='grc' dir='ltr'>νεκρῶν,</span> <span class='ocrx_word' id='word_1_374' title='bbox 434 2135 502 2163; x_wconf 78' lang='grc' dir='ltr'>ἀλλὰ</span> <span class='ocrx_word' id='word_1_375' title='bbox 516 2135 636 2168; x_wconf 78' lang='grc' dir='ltr'>ζώντων.</span> <span class='ocrx_word' id='word_1_376' title='bbox 656 2146 665 2162; x_wconf 76' lang='grc' dir='ltr'><strong>ι</strong></span> 
     </span>
    </p>
   </div>
   <div class='ocr_carea' id='block_1_48' title="bbox 169 2180 916 2219">
    <p class='ocr_par' dir='ltr' id='par_1_48' title="bbox 169 2180 916 2219">
     <span class='ocr_line' id='line_1_48' title="bbox 169 2180 916 2219; baseline 0.001 -9"><span class='ocrx_word' id='word_1_377' title='bbox 169 2183 250 2210; x_wconf 83' lang='grc' dir='ltr'>Ἐστι</span> <span class='ocrx_word' id='word_1_378' title='bbox 265 2183 314 2218; x_wconf 74' lang='grc' dir='ltr'>μὲν</span> <span class='ocrx_word' id='word_1_379' title='bbox 328 2180 375 2209; x_wconf 81' lang='grc' dir='ltr'>οὖν</span> <span class='ocrx_word' id='word_1_380' title='bbox 402 2183 450 2210; x_wconf 75' lang='grc' dir='ltr'>καὶ</span> <span class='ocrx_word' id='word_1_381' title='bbox 474 2183 504 2209; x_wconf 76' lang='grc' dir='ltr'><strong>τὸ</strong></span> <span class='ocrx_word' id='word_1_382' title='bbox 522 2182 573 2218; x_wconf 76' lang='grc' dir='ltr'>ζῇν</span> <span class='ocrx_word' id='word_1_383' title='bbox 585 2183 658 2210; x_wconf 83' lang='grc' dir='ltr'>κατὰ</span> <span class='ocrx_word' id='word_1_384' title='bbox 671 2183 719 2210; x_wconf 87' lang='grc' dir='ltr'><strong>τὸν</strong></span> <span class='ocrx_word' id='word_1_385' title='bbox 740 2183 821 2219; x_wconf 80' lang='grc' dir='ltr'>ὀρθὸν</span> <span class='ocrx_word' id='word_1_386' title='bbox 836 2184 916 2217; x_wconf 77' lang='grc' dir='ltr'>λόγον</span> 
     </span>
    </p>
   </div>
   <div class='ocr_carea' id='block_1_49' title="bbox 960 253 1745 289">
    <p class='ocr_par' dir='ltr' id='par_1_49' title="bbox 960 253 1745 289">
     <span class='ocr_line' id='line_1_49' title="bbox 960 253 1745 289; baseline 0.003 -11"><span class='ocrx_word' id='word_1_387' title='bbox 960 259 1031 283; x_wconf 80' lang='lat' dir='ltr'><strong>rare,</strong></span> <span class='ocrx_word' id='word_1_388' title='bbox 1059 253 1117 287; x_wconf 83' lang='lat' dir='ltr'><strong>ipso</strong></span> <span class='ocrx_word' id='word_1_389' title='bbox 1146 258 1271 282; x_wconf 80' lang='lat' dir='ltr'><strong>movente</strong></span> <span class='ocrx_word' id='word_1_390' title='bbox 1297 259 1324 281; x_wconf 91' lang='lat' dir='ltr'><strong>et</strong></span> <span class='ocrx_word' id='word_1_391' title='bbox 1348 254 1502 289; x_wconf 75' lang='lat' dir='ltr'><strong>impellente</strong></span> <span class='ocrx_word' id='word_1_392' title='bbox 1529 255 1618 282; x_wconf 81' lang='lat' dir='ltr'><strong>facere</strong></span> <span class='ocrx_word' id='word_1_393' title='bbox 1641 254 1745 287; x_wconf 82' lang='lat' dir='ltr'><strong>omnia,</strong></span> 
     </span>
    </p>
   </div>
   <div class='ocr_carea' id='block_1_50' title="bbox 961 298 1745 335">
    <p class='ocr_par' dir='ltr' id='par_1_50' title="bbox 961 298 1745 335">
     <span class='ocr_line' id='line_1_50' title="bbox 961 298 1745 335; baseline 0.004 -11"><span class='ocrx_word' id='word_1_394' title='bbox 961 305 1014 324; x_wconf 85' lang='lat' dir='ltr'><strong>non</strong></span> <span class='ocrx_word' id='word_1_395' title='bbox 1039 298 1119 325; x_wconf 86' lang='lat' dir='ltr'><strong>video</strong></span> <span class='ocrx_word' id='word_1_396' title='bbox 1146 300 1281 333; x_wconf 90' lang='lat' dir='ltr'><strong>quomodo</strong></span> <span class='ocrx_word' id='word_1_397' title='bbox 1296 300 1381 333; x_wconf 70' lang='lat' dir='ltr'><strong>magis</strong></span> <span class='ocrx_word' id='word_1_398' title='bbox 1399 299 1454 326; x_wconf 88' lang='lat' dir='ltr'><strong>Deo</strong></span> <span class='ocrx_word' id='word_1_399' title='bbox 1481 300 1578 334; x_wconf 78' lang='lat' dir='ltr'><strong>subjici</strong></span> <span class='ocrx_word' id='word_1_400' title='bbox 1593 300 1745 335; x_wconf 86' lang='lat' dir='ltr'><strong>possimus,</strong></span> 
     </span>
    </p>
   </div>
   <div class='ocr_carea' id='block_1_51' title="bbox 961 345 1747 380">
    <p class='ocr_par' dir='ltr' id='par_1_51' title="bbox 961 345 1747 380">
     <span class='ocr_line' id='line_1_51' title="bbox 961 345 1747 380; baseline 0.003 -10"><span class='ocrx_word' id='word_1_401' title='bbox 961 352 1041 379; x_wconf 87' lang='lat' dir='ltr'><strong>quam</strong></span> <span class='ocrx_word' id='word_1_402' title='bbox 1067 346 1088 372; x_wconf 87' lang='lat' dir='ltr'><strong>si</strong></span> <span class='ocrx_word' id='word_1_403' title='bbox 1105 345 1165 380; x_wconf 85' lang='lat' dir='ltr'><strong>ejus</strong></span> <span class='ocrx_word' id='word_1_404' title='bbox 1183 346 1303 373; x_wconf 86' lang='lat' dir='ltr'><strong>membra</strong></span> <span class='ocrx_word' id='word_1_405' title='bbox 1322 346 1429 373; x_wconf 84' lang='lat' dir='ltr'><strong>ﬁamus.</strong></span> <span class='ocrx_word' id='word_1_406' title='bbox 1449 345 1517 379; x_wconf 84' lang='lat' dir='ltr'><strong>Quid</strong></span> <span class='ocrx_word' id='word_1_407' title='bbox 1538 347 1610 373; x_wconf 91' lang='lat' dir='ltr'><strong>enim</strong></span> <span class='ocrx_word' id='word_1_408' title='bbox 1635 346 1747 372; x_wconf 79' lang='lat' dir='ltr'><strong>tandem</strong></span> 
     </span>
    </p>
   </div>
   <div class='ocr_carea' id='block_1_52' title="bbox 960 390 1746 426">
    <p class='ocr_par' dir='ltr' id='par_1_52' title="bbox 960 390 1746 426">
     <span class='ocr_line' id='line_1_52' title="bbox 960 390 1746 426; baseline 0.001 -9"><span class='ocrx_word' id='word_1_409' title='bbox 960 390 1048 425; x_wconf 74' lang='lat' dir='ltr'><strong>magis</strong></span> <span class='ocrx_word' id='word_1_410' title='bbox 1071 391 1189 425; x_wconf 80' lang='lat' dir='ltr'><strong>cuipiam</strong></span> <span class='ocrx_word' id='word_1_411' title='bbox 1219 391 1345 426; x_wconf 88' lang='lat' dir='ltr'><strong>imperet,</strong></span> <span class='ocrx_word' id='word_1_412' title='bbox 1371 398 1452 426; x_wconf 82' lang='lat' dir='ltr'><strong>quam</strong></span> <span class='ocrx_word' id='word_1_413' title='bbox 1486 395 1568 425; x_wconf 77' lang='lat' dir='ltr'><strong>caput</strong></span> <span class='ocrx_word' id='word_1_414' title='bbox 1596 391 1746 419; x_wconf 78' lang='lat' dir='ltr'><strong>membris?</strong></span> 
     </span>
    </p>
   </div>
   <div class='ocr_carea' id='block_1_53' title="bbox 962 435 1746 473">
    <p class='ocr_par' dir='ltr' id='par_1_53' title="bbox 962 435 1746 473">
     <span class='ocr_line' id='line_1_53' title="bbox 962 435 1746 473; baseline 0 -9"><span class='ocrx_word' id='word_1_415' title='bbox 962 435 1034 464; x_wconf 86' lang='lat' dir='ltr'><strong>Sane</strong></span> <span class='ocrx_word' id='word_1_416' title='bbox 1046 438 1168 473; x_wconf 85' lang='lat' dir='ltr'><strong>quidem.</strong></span> <span class='ocrx_word' id='word_1_417' title='bbox 1196 441 1225 465; x_wconf 88' lang='lat' dir='ltr'><strong>ut</strong></span> <span class='ocrx_word' id='word_1_418' title='bbox 1241 439 1361 465; x_wconf 76' lang='lat' dir='ltr'><strong>membra</strong></span> <span class='ocrx_word' id='word_1_419' title='bbox 1391 438 1496 465; x_wconf 84' lang='lat' dir='ltr'><strong>Christi</strong></span> <span class='ocrx_word' id='word_1_420' title='bbox 1514 438 1609 470; x_wconf 87' lang='lat' dir='ltr'><strong>simus,</strong></span> <span class='ocrx_word' id='word_1_421' title='bbox 1640 437 1668 464; x_wconf 90' lang='lat' dir='ltr'><strong>in</strong></span> <span class='ocrx_word' id='word_1_422' title='bbox 1694 438 1746 464; x_wconf 84' lang='lat' dir='ltr'><strong>hoc</strong></span> 
     </span>
    </p>
   </div>
   <div class='ocr_carea' id='block_1_54' title="bbox 962 482 1748 518">
    <p class='ocr_par' dir='ltr' id='par_1_54' title="bbox 962 482 1748 518">
     <span class='ocr_line' id='line_1_54' title="bbox 962 482 1748 518; baseline -0.001 -8"><span class='ocrx_word' id='word_1_423' title='bbox 962 483 1093 518; x_wconf 85' lang='lat' dir='ltr'><strong>mysterio</strong></span> <span class='ocrx_word' id='word_1_424' title='bbox 1103 482 1261 516; x_wconf 79' lang='lat' dir='ltr'><strong>perfectius,</strong></span> <span class='ocrx_word' id='word_1_425' title='bbox 1276 490 1357 518; x_wconf 87' lang='lat' dir='ltr'><strong>quam</strong></span> <span class='ocrx_word' id='word_1_426' title='bbox 1370 483 1396 510; x_wconf 88' lang='lat' dir='ltr'><strong>in</strong></span> <span class='ocrx_word' id='word_1_427' title='bbox 1413 482 1509 518; x_wconf 87' lang='lat' dir='ltr'><strong>quovis</strong></span> <span class='ocrx_word' id='word_1_428' title='bbox 1520 483 1586 514; x_wconf 76' lang='lat' dir='ltr'><strong>alio,</strong></span> <span class='ocrx_word' id='word_1_429' title='bbox 1597 483 1654 517; x_wconf 84' lang='lat' dir='ltr'><strong>ipse</strong></span> <span class='ocrx_word' id='word_1_430' title='bbox 1668 482 1748 516; x_wconf 80' lang='lat' dir='ltr'><strong>panis</strong></span> 
     </span>
    </p>
   </div>
   <div class='ocr_carea' id='block_1_55' title="bbox 962 528 1747 564">
    <p class='ocr_par' dir='ltr' id='par_1_55' title="bbox 962 528 1747 564">
     <span class='ocr_line' id='line_1_55' title="bbox 962 528 1747 564; baseline -0.003 -8"><span class='ocrx_word' id='word_1_431' title='bbox 962 529 1024 556; x_wconf 75' lang='lat' dir='ltr'><strong>vita:</strong></span> <span class='ocrx_word' id='word_1_432' title='bbox 1042 528 1121 556; x_wconf 89' lang='lat' dir='ltr'><strong>nobis</strong></span> <span class='ocrx_word' id='word_1_433' title='bbox 1137 528 1262 564; x_wconf 81' lang='lat' dir='ltr'><strong>largitur.</strong></span> <span class='ocrx_word' id='word_1_434' title='bbox 1280 528 1514 561; x_wconf 73' lang='lat' dir='ltr'><strong>Quemadmodum</strong></span> <span class='ocrx_word' id='word_1_435' title='bbox 1544 529 1615 556; x_wconf 89' lang='lat' dir='ltr'><strong>enim</strong></span> <span class='ocrx_word' id='word_1_436' title='bbox 1638 533 1747 564; x_wconf 81' lang='lat' dir='ltr'><strong>propter</strong></span> 
     </span>
    </p>
   </div>
   <div class='ocr_carea' id='block_1_56' title="bbox 962 574 1748 610">
    <p class='ocr_par' dir='ltr' id='par_1_56' title="bbox 962 574 1748 610">
     <span class='ocr_line' id='line_1_56' title="bbox 962 574 1748 610; baseline -0.003 -8"><span class='ocrx_word' id='word_1_437' title='bbox 962 580 1044 610; x_wconf 78' lang='lat' dir='ltr'><strong>caput</strong></span> <span class='ocrx_word' id='word_1_438' title='bbox 1058 580 1085 602; x_wconf 87' lang='lat' dir='ltr'><strong>et</strong></span> <span class='ocrx_word' id='word_1_439' title='bbox 1099 582 1145 602; x_wconf 90' lang='lat' dir='ltr'><strong>cor</strong></span> <span class='ocrx_word' id='word_1_440' title='bbox 1169 575 1290 602; x_wconf 65' lang='lat' dir='ltr'><strong>membra</strong></span> <span class='ocrx_word' id='word_1_441' title='bbox 1305 575 1410 608; x_wconf 86' lang='lat' dir='ltr'><strong>vivunt,</strong></span> <span class='ocrx_word' id='word_1_442' title='bbox 1436 574 1475 602; x_wconf 91' lang='lat' dir='ltr'><strong>sic</strong></span> <span class='ocrx_word' id='word_1_443' title='bbox 1506 585 1515 600; x_wconf 82' lang='grc' dir='ltr'><strong>ι</strong></span> <span class='ocrx_word' id='word_1_444' title='bbox 1534 574 1585 608; x_wconf 87' lang='lat' dir='ltr'><strong>Qui</strong></span> <span class='ocrx_word' id='word_1_445' title='bbox 1601 574 1748 601; x_wconf 83' lang='lat' dir='ltr'><strong>manducat</strong></span> 
     </span>
    </p>
   </div>
   <div class='ocr_carea' id='block_1_57' title="bbox 962 620 1745 656">
    <p class='ocr_par' dir='ltr' id='par_1_57' title="bbox 962 620 1745 656">
     <span class='ocr_line' id='line_1_57' title="bbox 962 620 1745 656; baseline -0.003 -8"><span class='ocrx_word' id='word_1_446' title='bbox 962 628 1017 654; x_wconf 84' lang='lat' dir='ltr'><strong>me,</strong></span> <span class='ocrx_word' id='word_1_447' title='bbox 1027 620 1126 656; x_wconf 82' lang='lat' dir='ltr'><strong>inquit,</strong></span> <span class='ocrx_word' id='word_1_448' title='bbox 1141 626 1167 648; x_wconf 86' lang='lat' dir='ltr'><strong>et</strong></span> <span class='ocrx_word' id='word_1_449' title='bbox 1183 621 1239 655; x_wconf 89' lang='lat' dir='ltr'><strong>ipse</strong></span> <span class='ocrx_word' id='word_1_450' title='bbox 1252 620 1323 648; x_wconf 83' lang='lat' dir='ltr'><strong>vivet</strong></span> <span class='ocrx_word' id='word_1_451' title='bbox 1337 627 1445 655; x_wconf 84' lang='lat' dir='ltr'><strong>propter</strong></span> <span class='ocrx_word' id='word_1_452' title='bbox 1456 629 1498 648; x_wconf 90' lang='lat' dir='ltr'><strong>me</strong></span> <span class='ocrx_word' id='word_1_453' title='bbox 1507 622 1541 647; x_wconf 83' lang='lat'><strong>&quot;.</strong></span> <span class='ocrx_word' id='word_1_454' title='bbox 1561 631 1569 646; x_wconf 74' lang='grc' dir='ltr'><strong>ι</strong></span> <span class='ocrx_word' id='word_1_455' title='bbox 1586 621 1655 647; x_wconf 85' lang='lat' dir='ltr'><strong>Vivit</strong></span> <span class='ocrx_word' id='word_1_456' title='bbox 1665 621 1745 647; x_wconf 78' lang='lat' dir='ltr'><strong>etiam</strong></span> 
     </span>
    </p>
   </div>
   <div class='ocr_carea' id='block_1_58' title="bbox 962 666 1745 702">
    <p class='ocr_par' dir='ltr' id='par_1_58' title="bbox 962 666 1745 702">
     <span class='ocr_line' id='line_1_58' title="bbox 962 666 1745 702; baseline -0.003 -8"><span class='ocrx_word' id='word_1_457' title='bbox 962 672 1072 702; x_wconf 83' lang='lat' dir='ltr'><strong>propter</strong></span> <span class='ocrx_word' id='word_1_458' title='bbox 1087 666 1264 699; x_wconf 86' lang='lat' dir='ltr'><strong>alimentum;</strong></span> <span class='ocrx_word' id='word_1_459' title='bbox 1282 671 1310 694; x_wconf 90' lang='lat' dir='ltr'><strong>at</strong></span> <span class='ocrx_word' id='word_1_460' title='bbox 1340 673 1404 694; x_wconf 85' lang='lat' dir='ltr'><strong>vero</strong></span> <span class='ocrx_word' id='word_1_461' title='bbox 1430 671 1631 694; x_wconf 75' lang='lat' dir='ltr'><strong>sacramentum</strong></span> <span class='ocrx_word' id='word_1_462' title='bbox 1664 666 1745 693; x_wconf 79' lang='lat' dir='ltr'><strong>aliam</strong></span> 
     </span>
    </p>
   </div>
   <div class='ocr_carea' id='block_1_59' title="bbox 963 711 1747 746">
    <p class='ocr_par' dir='ltr' id='par_1_59' title="bbox 963 711 1747 746">
     <span class='ocr_line' id='line_1_59' title="bbox 963 711 1747 746; baseline -0.003 -7"><span class='ocrx_word' id='word_1_463' title='bbox 963 713 1096 740; x_wconf 82' lang='lat' dir='ltr'><strong>rationem</strong></span> <span class='ocrx_word' id='word_1_464' title='bbox 1115 712 1205 740; x_wconf 84' lang='lat' dir='ltr'><strong>habet.</strong></span> <span class='ocrx_word' id='word_1_465' title='bbox 1221 712 1288 740; x_wconf 82' lang='lat' dir='ltr'><strong>Nam</strong></span> <span class='ocrx_word' id='word_1_466' title='bbox 1318 712 1529 744; x_wconf 83' lang='lat' dir='ltr'><strong>nutrimentum,</strong></span> <span class='ocrx_word' id='word_1_467' title='bbox 1560 716 1654 746; x_wconf 80' lang='lat' dir='ltr'><strong>utpote</strong></span> <span class='ocrx_word' id='word_1_468' title='bbox 1674 711 1747 746; x_wconf 85' lang='lat' dir='ltr'><strong>quod</strong></span> 
     </span>
    </p>
   </div>
   <div class='ocr_carea' id='block_1_60' title="bbox 962 758 1748 793">
    <p class='ocr_par' dir='ltr' id='par_1_60' title="bbox 962 758 1748 793">
     <span class='ocr_line' id='line_1_60' title="bbox 962 758 1748 793; baseline -0.001 -8"><span class='ocrx_word' id='word_1_469' title='bbox 962 758 1051 793; x_wconf 88' lang='lat' dir='ltr'><strong>ipsum</strong></span> <span class='ocrx_word' id='word_1_470' title='bbox 1066 759 1118 786; x_wconf 84' lang='lat' dir='ltr'><strong>vita</strong></span> <span class='ocrx_word' id='word_1_471' title='bbox 1130 763 1215 791; x_wconf 82' lang='lat' dir='ltr'><strong>caret,</strong></span> <span class='ocrx_word' id='word_1_472' title='bbox 1236 759 1320 786; x_wconf 80' lang='lat' dir='ltr'><strong>vitam</strong></span> <span class='ocrx_word' id='word_1_473' title='bbox 1334 759 1412 786; x_wconf 88' lang='lat' dir='ltr'><strong>nobis</strong></span> <span class='ocrx_word' id='word_1_474' title='bbox 1427 765 1441 785; x_wconf 88' lang='lat' dir='ltr'><strong>a</strong></span> <span class='ocrx_word' id='word_1_475' title='bbox 1458 759 1548 793; x_wconf 80' lang='lat' dir='ltr'><strong>seipse</strong></span> <span class='ocrx_word' id='word_1_476' title='bbox 1563 759 1681 785; x_wconf 85' lang='lat' dir='ltr'><strong>inserere</strong></span> <span class='ocrx_word' id='word_1_477' title='bbox 1693 765 1748 784; x_wconf 90' lang='lat' dir='ltr'><strong>non</strong></span> 
     </span>
    </p>
   </div>
   <div class='ocr_carea' id='block_1_61' title="bbox 962 803 1746 840">
    <p class='ocr_par' dir='ltr' id='par_1_61' title="bbox 962 803 1746 840">
     <span class='ocr_line' id='line_1_61' title="bbox 962 803 1746 840; baseline -0.001 -9"><span class='ocrx_word' id='word_1_478' title='bbox 962 809 1044 840; x_wconf 84' lang='lat' dir='ltr'><strong>queat</strong></span> <span class='ocrx_word' id='word_1_479' title='bbox 1053 805 1115 832; x_wconf 84' lang='lat' dir='ltr'><strong>:sed</strong></span> <span class='ocrx_word' id='word_1_480' title='bbox 1125 804 1171 839; x_wconf 90' lang='lat' dir='ltr'><strong>qui</strong></span> <span class='ocrx_word' id='word_1_481' title='bbox 1181 805 1262 832; x_wconf 86' lang='lat' dir='ltr'><strong>vitam</strong></span> <span class='ocrx_word' id='word_1_482' title='bbox 1269 805 1392 839; x_wconf 88' lang='lat' dir='ltr'><strong>corporis</strong></span> <span class='ocrx_word' id='word_1_483' title='bbox 1401 811 1481 838; x_wconf 84' lang='lat' dir='ltr'><strong>quam</strong></span> <span class='ocrx_word' id='word_1_484' title='bbox 1491 803 1594 831; x_wconf 82' lang='lat' dir='ltr'><strong>invenit</strong></span> <span class='ocrx_word' id='word_1_485' title='bbox 1601 807 1746 836; x_wconf 76' lang='lat' dir='ltr'><strong>sustentat,</strong></span> 
     </span>
    </p>
   </div>
   <div class='ocr_carea' id='block_1_62' title="bbox 962 849 1750 884">
    <p class='ocr_par' dir='ltr' id='par_1_62' title="bbox 962 849 1750 884">
     <span class='ocr_line' id='line_1_62' title="bbox 962 849 1750 884; baseline -0.003 -6"><span class='ocrx_word' id='word_1_486' title='bbox 962 851 1167 878; x_wconf 71' lang='lat' dir='ltr'><strong>cumetleutibus</strong></span> <span class='ocrx_word' id='word_1_487' title='bbox 1175 851 1236 878; x_wconf 65' lang='lat' dir='ltr'><strong>vita:</strong></span> <span class='ocrx_word' id='word_1_488' title='bbox 1244 849 1454 884; x_wconf 66' lang='lat' dir='ltr'><strong>causajvidetur.</strong></span> <span class='ocrx_word' id='word_1_489' title='bbox 1463 849 1512 877; x_wconf 78' lang='lat' dir='ltr'><strong>Ast</strong></span> <span class='ocrx_word' id='word_1_490' title='bbox 1522 850 1599 884; x_wconf 89' lang='lat' dir='ltr'><strong>panis</strong></span> <span class='ocrx_word' id='word_1_491' title='bbox 1608 849 1669 876; x_wconf 72' lang='lat' dir='ltr'><strong>vitae</strong></span> <span class='ocrx_word' id='word_1_492' title='bbox 1679 849 1750 883; x_wconf 86' lang='lat' dir='ltr'><strong>ipse-</strong></span> 
     </span>
    </p>
   </div>
   <div class='ocr_carea' id='block_1_63' title="bbox 960 894 1749 931">
    <p class='ocr_par' dir='ltr' id='par_1_63' title="bbox 960 894 1749 931">
     <span class='ocr_line' id='line_1_63' title="bbox 960 894 1749 931; baseline -0.005 -7"><span class='ocrx_word' id='word_1_493' title='bbox 960 899 1015 924; x_wconf 87' lang='lat' dir='ltr'><strong>met</strong></span> <span class='ocrx_word' id='word_1_494' title='bbox 1029 897 1102 929; x_wconf 79' lang='lat' dir='ltr'><strong>vivit,</strong></span> <span class='ocrx_word' id='word_1_495' title='bbox 1120 901 1147 924; x_wconf 88' lang='lat' dir='ltr'><strong>et</strong></span> <span class='ocrx_word' id='word_1_496' title='bbox 1159 901 1269 931; x_wconf 84' lang='lat' dir='ltr'><strong>propter</strong></span> <span class='ocrx_word' id='word_1_497' title='bbox 1288 895 1362 923; x_wconf 88' lang='lat' dir='ltr'><strong>illum</strong></span> <span class='ocrx_word' id='word_1_498' title='bbox 1375 902 1438 922; x_wconf 87' lang='lat' dir='ltr'><strong>vere</strong></span> <span class='ocrx_word' id='word_1_499' title='bbox 1449 895 1553 926; x_wconf 74' lang='lat' dir='ltr'><strong>vivunt,</strong></span> <span class='ocrx_word' id='word_1_500' title='bbox 1563 895 1663 929; x_wconf 86' lang='lat' dir='ltr'><strong>quibus</strong></span> <span class='ocrx_word' id='word_1_501' title='bbox 1674 894 1749 921; x_wconf 92' lang='lat' dir='ltr'><strong>illum</strong></span> 
     </span>
    </p>
   </div>
   <div class='ocr_carea' id='block_1_64' title="bbox 960 939 1748 974">
    <p class='ocr_par' dir='ltr' id='par_1_64' title="bbox 960 939 1748 974">
     <span class='ocr_line' id='line_1_64' title="bbox 960 939 1748 974; baseline -0.005 -5"><span class='ocrx_word' id='word_1_502' title='bbox 960 941 1181 970; x_wconf 86' lang='lat' dir='ltr'><strong>communicarit.</strong></span> <span class='ocrx_word' id='word_1_503' title='bbox 1204 939 1280 970; x_wconf 82' lang='lat' dir='ltr'><strong>Unde</strong></span> <span class='ocrx_word' id='word_1_504' title='bbox 1290 941 1450 968; x_wconf 82' lang='lat' dir='ltr'><strong>alimentum</strong></span> <span class='ocrx_word' id='word_1_505' title='bbox 1467 941 1493 967; x_wconf 93' lang='lat' dir='ltr'><strong>in</strong></span> <span class='ocrx_word' id='word_1_506' title='bbox 1515 947 1577 967; x_wconf 90' lang='lat' dir='ltr'><strong>eum</strong></span> <span class='ocrx_word' id='word_1_507' title='bbox 1595 939 1641 974; x_wconf 83' lang='lat' dir='ltr'><strong>qui</strong></span> <span class='ocrx_word' id='word_1_508' title='bbox 1654 939 1748 971; x_wconf 78' lang='lat' dir='ltr'><strong>alitur,</strong></span> 
     </span>
    </p>
   </div>
   <div class='ocr_carea' id='block_1_65' title="bbox 961 985 1751 1022">
    <p class='ocr_par' dir='ltr' id='par_1_65' title="bbox 961 985 1751 1022">
     <span class='ocr_line' id='line_1_65' title="bbox 961 985 1751 1022; baseline -0.005 -7"><span class='ocrx_word' id='word_1_509' title='bbox 961 986 1169 1020; x_wconf 65' lang='lat' dir='ltr'><strong>iransmutatur,</strong></span> <span class='ocrx_word' id='word_1_510' title='bbox 1186 991 1211 1014; x_wconf 86' lang='lat' dir='ltr'><strong>et</strong></span> <span class='ocrx_word' id='word_1_511' title='bbox 1228 987 1322 1022; x_wconf 86' lang='lat' dir='ltr'><strong>piscis,</strong></span> <span class='ocrx_word' id='word_1_512' title='bbox 1334 991 1362 1014; x_wconf 93' lang='lat' dir='ltr'><strong>et</strong></span> <span class='ocrx_word' id='word_1_513' title='bbox 1383 986 1473 1022; x_wconf 85' lang='lat' dir='ltr'><strong>panis,</strong></span> <span class='ocrx_word' id='word_1_514' title='bbox 1486 990 1512 1013; x_wconf 92' lang='lat' dir='ltr'><strong>et</strong></span> <span class='ocrx_word' id='word_1_515' title='bbox 1527 985 1661 1020; x_wconf 86' lang='lat' dir='ltr'><strong>quidquid</strong></span> <span class='ocrx_word' id='word_1_516' title='bbox 1674 985 1751 1012; x_wconf 81' lang='lat' dir='ltr'><strong>aliud</strong></span> 
     </span>
    </p>
   </div>
   <div class='ocr_carea' id='block_1_66' title="bbox 961 1031 1748 1067">
    <p class='ocr_par' dir='ltr' id='par_1_66' title="bbox 961 1031 1748 1067">
     <span class='ocr_line' id='line_1_66' title="bbox 961 1031 1748 1067; baseline -0.008 -5"><span class='ocrx_word' id='word_1_517' title='bbox 961 1034 1128 1063; x_wconf 82' lang='lat' dir='ltr'><strong>cibariorum</strong></span> <span class='ocrx_word' id='word_1_518' title='bbox 1143 1037 1195 1066; x_wconf 85' lang='lat' dir='ltr'><strong>est,</strong></span> <span class='ocrx_word' id='word_1_519' title='bbox 1213 1032 1240 1060; x_wconf 91' lang='lat' dir='ltr'><strong>in</strong></span> <span class='ocrx_word' id='word_1_520' title='bbox 1258 1031 1418 1067; x_wconf 79' lang='lat' dir='ltr'><strong>sanguinem</strong></span> <span class='ocrx_word' id='word_1_521' title='bbox 1435 1031 1554 1059; x_wconf 85' lang='lat' dir='ltr'><strong>hominis</strong></span> <span class='ocrx_word' id='word_1_522' title='bbox 1568 1031 1748 1058; x_wconf 82' lang='lat' dir='ltr'><strong>convertitur.</strong></span> 
     </span>
    </p>
   </div>
   <div class='ocr_carea' id='block_1_67' title="bbox 962 1075 1752 1115">
    <p class='ocr_par' dir='ltr' id='par_1_67' title="bbox 962 1075 1752 1115">
     <span class='ocr_line' id='line_1_67' title="bbox 962 1075 1752 1115; baseline -0.004 -8"><span class='ocrx_word' id='word_1_523' title='bbox 962 1079 1010 1109; x_wconf 83' lang='lat' dir='ltr'><strong>llis</strong></span> <span class='ocrx_word' id='word_1_524' title='bbox 1025 1086 1138 1115; x_wconf 77' lang='lat' dir='ltr'><strong>prorsus</strong></span> <span class='ocrx_word' id='word_1_525' title='bbox 1158 1080 1188 1107; x_wconf 86' lang='lat' dir='ltr'><strong>lit</strong></span> <span class='ocrx_word' id='word_1_526' title='bbox 1203 1078 1381 1107; x_wconf 78' lang='lat' dir='ltr'><strong>contrarium.</strong></span> <span class='ocrx_word' id='word_1_527' title='bbox 1399 1075 1482 1105; x_wconf 85' lang='lat' dir='ltr'><strong>Panis</strong></span> <span class='ocrx_word' id='word_1_528' title='bbox 1508 1078 1581 1105; x_wconf 89' lang='lat' dir='ltr'><strong>enim</strong></span> <span class='ocrx_word' id='word_1_529' title='bbox 1605 1076 1668 1104; x_wconf 82' lang='lat' dir='ltr'><strong>vitae</strong></span> <span class='ocrx_word' id='word_1_530' title='bbox 1692 1077 1752 1112; x_wconf 79' lang='lat' dir='ltr'><strong>ipse</strong></span> 
     </span>
    </p>
   </div>
   <div class='ocr_carea' id='block_1_68' title="bbox 963 1122 1745 1160">
    <p class='ocr_par' dir='ltr' id='par_1_68' title="bbox 963 1122 1745 1160">
     <span class='ocr_line' id='line_1_68' title="bbox 963 1122 1745 1160; baseline -0.005 -7"><span class='ocrx_word' id='word_1_531' title='bbox 963 1130 1054 1153; x_wconf 88' lang='lat' dir='ltr'><strong>movet</strong></span> <span class='ocrx_word' id='word_1_532' title='bbox 1066 1132 1129 1153; x_wconf 88' lang='lat' dir='ltr'><strong>eum</strong></span> <span class='ocrx_word' id='word_1_533' title='bbox 1145 1125 1189 1160; x_wconf 89' lang='lat' dir='ltr'><strong>qui</strong></span> <span class='ocrx_word' id='word_1_534' title='bbox 1205 1122 1339 1159; x_wconf 85' lang='lat' dir='ltr'><strong>pascitur,</strong></span> <span class='ocrx_word' id='word_1_535' title='bbox 1354 1129 1382 1151; x_wconf 92' lang='lat' dir='ltr'><strong>et</strong></span> <span class='ocrx_word' id='word_1_536' title='bbox 1398 1122 1538 1155; x_wconf 78' lang='lat' dir='ltr'><strong>transfert,</strong></span> <span class='ocrx_word' id='word_1_537' title='bbox 1554 1128 1636 1158; x_wconf 81' lang='lat' dir='ltr'><strong>atque</strong></span> <span class='ocrx_word' id='word_1_538' title='bbox 1661 1122 1688 1150; x_wconf 92' lang='lat' dir='ltr'><strong>in</strong></span> <span class='ocrx_word' id='word_1_539' title='bbox 1707 1130 1745 1150; x_wconf 79' lang='lat' dir='ltr'><strong>se-</strong></span> 
     </span>
    </p>
   </div>
   <div class='ocr_carea' id='block_1_69' title="bbox 963 1169 1752 1207">
    <p class='ocr_par' dir='ltr' id='par_1_69' title="bbox 963 1169 1752 1207">
     <span class='ocr_line' id='line_1_69' title="bbox 963 1169 1752 1207; baseline -0.004 -8"><span class='ocrx_word' id='word_1_540' title='bbox 963 1172 1053 1207; x_wconf 89' lang='lat' dir='ltr'><strong>ipsum</strong></span> <span class='ocrx_word' id='word_1_541' title='bbox 1076 1175 1184 1203; x_wconf 85' lang='lat' dir='ltr'><strong>mutat;</strong></span> <span class='ocrx_word' id='word_1_542' title='bbox 1212 1171 1340 1205; x_wconf 85' lang='lat' dir='ltr'><strong>quodque</strong></span> <span class='ocrx_word' id='word_1_543' title='bbox 1358 1170 1455 1197; x_wconf 89' lang='lat' dir='ltr'><strong>merito</strong></span> <span class='ocrx_word' id='word_1_544' title='bbox 1484 1169 1575 1196; x_wconf 84' lang='lat' dir='ltr'><strong>cordis</strong></span> <span class='ocrx_word' id='word_1_545' title='bbox 1603 1174 1630 1197; x_wconf 91' lang='lat' dir='ltr'><strong>et</strong></span> <span class='ocrx_word' id='word_1_546' title='bbox 1653 1169 1752 1204; x_wconf 76' lang='lat' dir='ltr'><strong>capitis</strong></span> 
     </span>
    </p>
   </div>
   <div class='ocr_carea' id='block_1_70' title="bbox 963 1215 1752 1251">
    <p class='ocr_par' dir='ltr' id='par_1_70' title="bbox 963 1215 1752 1251">
     <span class='ocr_line' id='line_1_70' title="bbox 963 1215 1752 1251; baseline -0.005 -5"><span class='ocrx_word' id='word_1_547' title='bbox 963 1224 1015 1251; x_wconf 86' lang='lat' dir='ltr'><strong>est.</strong></span> <span class='ocrx_word' id='word_1_548' title='bbox 1036 1225 1177 1245; x_wconf 86' lang='lat' dir='ltr'><strong>movemur</strong></span> <span class='ocrx_word' id='word_1_549' title='bbox 1189 1220 1216 1244; x_wconf 87' lang='lat' dir='ltr'><strong>et</strong></span> <span class='ocrx_word' id='word_1_550' title='bbox 1231 1216 1360 1247; x_wconf 82' lang='lat' dir='ltr'><strong>vivimus,</strong></span> <span class='ocrx_word' id='word_1_551' title='bbox 1385 1220 1516 1250; x_wconf 87' lang='lat' dir='ltr'><strong>quantum</strong></span> <span class='ocrx_word' id='word_1_552' title='bbox 1536 1215 1562 1242; x_wconf 93' lang='lat' dir='ltr'><strong>in</strong></span> <span class='ocrx_word' id='word_1_553' title='bbox 1578 1215 1637 1250; x_wconf 90' lang='lat' dir='ltr'><strong>ipso</strong></span> <span class='ocrx_word' id='word_1_554' title='bbox 1651 1220 1703 1245; x_wconf 85' lang='lat' dir='ltr'><strong>est.</strong></span> <span class='ocrx_word' id='word_1_555' title='bbox 1723 1219 1752 1242; x_wconf 89' lang='lat' dir='ltr'><strong>ut</strong></span> 
     </span>
    </p>
   </div>
   <div class='ocr_carea' id='block_1_71' title="bbox 964 1261 1752 1300">
    <p class='ocr_par' dir='ltr' id='par_1_71' title="bbox 964 1261 1752 1300">
     <span class='ocr_line' id='line_1_71' title="bbox 964 1261 1752 1300; baseline -0.005 -8"><span class='ocrx_word' id='word_1_556' title='bbox 964 1265 1023 1300; x_wconf 89' lang='lat' dir='ltr'><strong>ipse</strong></span> <span class='ocrx_word' id='word_1_557' title='bbox 1038 1269 1162 1292; x_wconf 87' lang='lat' dir='ltr'><strong>movetur</strong></span> <span class='ocrx_word' id='word_1_558' title='bbox 1184 1267 1211 1291; x_wconf 89' lang='lat' dir='ltr'><strong>et</strong></span> <span class='ocrx_word' id='word_1_559' title='bbox 1221 1263 1300 1290; x_wconf 90' lang='lat' dir='ltr'><strong>vivit.</strong></span> <span class='ocrx_word' id='word_1_560' title='bbox 1325 1261 1384 1290; x_wconf 81' lang='lat' dir='ltr'><strong>Hoc</strong></span> <span class='ocrx_word' id='word_1_561' title='bbox 1401 1262 1470 1289; x_wconf 82' lang='lat' dir='ltr'><strong>idem</strong></span> <span class='ocrx_word' id='word_1_562' title='bbox 1492 1261 1627 1295; x_wconf 81' lang='lat' dir='ltr'><strong>indicans,</strong></span> <span class='ocrx_word' id='word_1_563' title='bbox 1655 1261 1752 1289; x_wconf 87' lang='lat' dir='ltr'><strong>videli-</strong></span> 
     </span>
    </p>
   </div>
   <div class='ocr_carea' id='block_1_72' title="bbox 964 1309 1752 1343">
    <p class='ocr_par' dir='ltr' id='par_1_72' title="bbox 964 1309 1752 1343">
     <span class='ocr_line' id='line_1_72' title="bbox 964 1309 1752 1343; baseline -0.005 -5"><span class='ocrx_word' id='word_1_564' title='bbox 964 1315 1017 1343; x_wconf 86' lang='lat' dir='ltr'><strong>cet,</strong></span> <span class='ocrx_word' id='word_1_565' title='bbox 1031 1317 1084 1338; x_wconf 88' lang='lat' dir='ltr'><strong>non</strong></span> <span class='ocrx_word' id='word_1_566' title='bbox 1102 1310 1190 1337; x_wconf 77' lang='lat' dir='ltr'><strong>instar</strong></span> <span class='ocrx_word' id='word_1_567' title='bbox 1202 1315 1328 1336; x_wconf 85' lang='lat' dir='ltr'><strong>escarum</strong></span> <span class='ocrx_word' id='word_1_568' title='bbox 1356 1315 1385 1335; x_wconf 89' lang='lat' dir='ltr'><strong>se</strong></span> <span class='ocrx_word' id='word_1_569' title='bbox 1410 1309 1492 1336; x_wconf 90' lang='lat' dir='ltr'><strong>vitam</strong></span> <span class='ocrx_word' id='word_1_570' title='bbox 1508 1313 1631 1335; x_wconf 83' lang='lat' dir='ltr'><strong>nostram</strong></span> <span class='ocrx_word' id='word_1_571' title='bbox 1658 1309 1752 1340; x_wconf 80' lang='lat' dir='ltr'><strong>alere;</strong></span> 
     </span>
    </p>
   </div>
   <div class='ocr_carea' id='block_1_73' title="bbox 965 1353 1753 1391">
    <p class='ocr_par' dir='ltr' id='par_1_73' title="bbox 965 1353 1753 1391">
     <span class='ocr_line' id='line_1_73' title="bbox 965 1353 1753 1391; baseline -0.006 -7"><span class='ocrx_word' id='word_1_572' title='bbox 965 1356 1013 1385; x_wconf 87' lang='lat' dir='ltr'><strong>sed</strong></span> <span class='ocrx_word' id='word_1_573' title='bbox 1030 1363 1111 1391; x_wconf 86' lang='lat' dir='ltr'><strong>quam</strong></span> <span class='ocrx_word' id='word_1_574' title='bbox 1127 1355 1186 1390; x_wconf 79' lang='lat' dir='ltr'><strong>ipse</strong></span> <span class='ocrx_word' id='word_1_575' title='bbox 1213 1355 1323 1386; x_wconf 81' lang='lat' dir='ltr'><strong>habeat,</strong></span> <span class='ocrx_word' id='word_1_576' title='bbox 1337 1360 1397 1380; x_wconf 83' lang='lat' dir='ltr'><strong>eam</strong></span> <span class='ocrx_word' id='word_1_577' title='bbox 1415 1353 1487 1380; x_wconf 89' lang='lat' dir='ltr'><strong>ultro</strong></span> <span class='ocrx_word' id='word_1_578' title='bbox 1508 1353 1586 1381; x_wconf 86' lang='lat' dir='ltr'><strong>nobis</strong></span> <span class='ocrx_word' id='word_1_579' title='bbox 1605 1353 1753 1388; x_wconf 85' lang='lat' dir='ltr'><strong>inspirare,</strong></span> 
     </span>
    </p>
   </div>
   <div class='ocr_carea' id='block_1_74' title="bbox 965 1397 1751 1434">
    <p class='ocr_par' dir='ltr' id='par_1_74' title="bbox 965 1397 1751 1434">
     <span class='ocr_line' id='line_1_74' title="bbox 965 1397 1751 1434; baseline -0.006 -4"><span class='ocrx_word' id='word_1_580' title='bbox 965 1407 992 1430; x_wconf 90' lang='lat' dir='ltr'><strong>et</strong></span> <span class='ocrx_word' id='word_1_581' title='bbox 1007 1401 1090 1429; x_wconf 82' lang='lat' dir='ltr'><strong>veluti</strong></span> <span class='ocrx_word' id='word_1_582' title='bbox 1107 1408 1156 1428; x_wconf 89' lang='lat' dir='ltr'><strong>cor</strong></span> <span class='ocrx_word' id='word_1_583' title='bbox 1182 1405 1229 1427; x_wconf 89' lang='lat' dir='ltr'><strong>aut</strong></span> <span class='ocrx_word' id='word_1_584' title='bbox 1250 1405 1334 1434; x_wconf 85' lang='lat' dir='ltr'><strong>caput</strong></span> <span class='ocrx_word' id='word_1_585' title='bbox 1351 1399 1481 1426; x_wconf 78' lang='lat' dir='ltr'><strong>membris</strong></span> <span class='ocrx_word' id='word_1_586' title='bbox 1506 1399 1590 1426; x_wconf 78' lang='lat' dir='ltr'><strong>vitam</strong></span> <span class='ocrx_word' id='word_1_587' title='bbox 1604 1397 1751 1434; x_wconf 87' lang='lat' dir='ltr'><strong>impertiri,</strong></span> 
     </span>
    </p>
   </div>
   <div class='ocr_carea' id='block_1_75' title="bbox 966 1445 1752 1482">
    <p class='ocr_par' dir='ltr' id='par_1_75' title="bbox 966 1445 1752 1482">
     <span class='ocr_line' id='line_1_75' title="bbox 966 1445 1752 1482; baseline -0.004 -6"><span class='ocrx_word' id='word_1_588' title='bbox 966 1453 990 1476; x_wconf 87' lang='lat' dir='ltr'><strong>et</strong></span> <span class='ocrx_word' id='word_1_589' title='bbox 1007 1448 1098 1476; x_wconf 91' lang='lat' dir='ltr'><strong>vivum</strong></span> <span class='ocrx_word' id='word_1_590' title='bbox 1111 1454 1208 1482; x_wconf 78' lang='lat' dir='ltr'><strong>panem</strong></span> <span class='ocrx_word' id='word_1_591' title='bbox 1225 1452 1286 1473; x_wconf 87' lang='lat' dir='ltr'><strong>sese</strong></span> <span class='ocrx_word' id='word_1_592' title='bbox 1297 1445 1451 1480; x_wconf 76' lang='lat' dir='ltr'><strong>appellavit,</strong></span> <span class='ocrx_word' id='word_1_593' title='bbox 1466 1450 1493 1472; x_wconf 81' lang='lat' dir='ltr'><strong>et</strong></span> <span class='ocrx_word' id='word_1_594' title='bbox 1507 1454 1514 1473; x_wconf 92' lang='lat'><strong>:</strong></span> <span class='ocrx_word' id='word_1_595' title='bbox 1536 1453 1545 1470; x_wconf 82' lang='grc' dir='ltr'><strong>ι</strong></span> <span class='ocrx_word' id='word_1_596' title='bbox 1565 1445 1616 1477; x_wconf 88' lang='lat' dir='ltr'><strong>Qui</strong></span> <span class='ocrx_word' id='word_1_597' title='bbox 1637 1446 1752 1473; x_wconf 71' lang='lat' dir='ltr'><strong>mando-</strong></span> 
     </span>
    </p>
   </div>
   <div class='ocr_carea' id='block_1_76' title="bbox 967 1489 1660 1527">
    <p class='ocr_par' dir='ltr' id='par_1_76' title="bbox 967 1489 1660 1527">
     <span class='ocr_line' id='line_1_76' title="bbox 967 1489 1660 1527; baseline -0.009 -6"><span class='ocrx_word' id='word_1_598' title='bbox 967 1498 1012 1522; x_wconf 86' lang='lat' dir='ltr'><strong>cat</strong></span> <span class='ocrx_word' id='word_1_599' title='bbox 1027 1500 1081 1525; x_wconf 88' lang='lat' dir='ltr'><strong>me,</strong></span> <span class='ocrx_word' id='word_1_600' title='bbox 1099 1491 1199 1527; x_wconf 89' lang='lat' dir='ltr'><strong>inquit,</strong></span> <span class='ocrx_word' id='word_1_601' title='bbox 1214 1495 1242 1518; x_wconf 91' lang='lat' dir='ltr'><strong>et</strong></span> <span class='ocrx_word' id='word_1_602' title='bbox 1254 1490 1312 1526; x_wconf 85' lang='lat' dir='ltr'><strong>ipse</strong></span> <span class='ocrx_word' id='word_1_603' title='bbox 1330 1491 1402 1517; x_wconf 82' lang='lat' dir='ltr'><strong>vivet</strong></span> <span class='ocrx_word' id='word_1_604' title='bbox 1414 1494 1526 1524; x_wconf 88' lang='lat' dir='ltr'><strong>propter</strong></span> <span class='ocrx_word' id='word_1_605' title='bbox 1540 1495 1582 1517; x_wconf 84' lang='lat' dir='ltr'><strong>mc</strong></span> <span class='ocrx_word' id='word_1_606' title='bbox 1593 1489 1628 1516; x_wconf 88' lang='lat'><strong>&quot;.</strong></span> <span class='ocrx_word' id='word_1_607' title='bbox 1650 1498 1660 1515; x_wconf 75' lang='grc' dir='ltr'><strong>ι</strong></span> 
     </span>
    </p>
   </div>
   <div class='ocr_carea' id='block_1_77' title="bbox 1000 1577 1754 1616">
    <p class='ocr_par' dir='ltr' id='par_1_77' title="bbox 1000 1577 1754 1616">
     <span class='ocr_line' id='line_1_77' title="bbox 1000 1577 1754 1616; baseline -0.007 -5"><span class='ocrx_word' id='word_1_608' title='bbox 1000 1583 1113 1611; x_wconf 80' lang='lat' dir='ltr'><strong>Planum</strong></span> <span class='ocrx_word' id='word_1_609' title='bbox 1137 1586 1179 1609; x_wconf 79' lang='lat' dir='ltr'><strong>est</strong></span> <span class='ocrx_word' id='word_1_610' title='bbox 1195 1580 1289 1616; x_wconf 79' lang='lat' dir='ltr'><strong>igitur,</strong></span> <span class='ocrx_word' id='word_1_611' title='bbox 1309 1579 1392 1607; x_wconf 85' lang='lat' dir='ltr'><strong>Deum</strong></span> <span class='ocrx_word' id='word_1_612' title='bbox 1413 1579 1441 1606; x_wconf 84' lang='lat' dir='ltr'><strong>in</strong></span> <span class='ocrx_word' id='word_1_613' title='bbox 1467 1578 1567 1614; x_wconf 75' lang='lat' dir='ltr'><strong>spiritu</strong></span> <span class='ocrx_word' id='word_1_614' title='bbox 1585 1582 1612 1606; x_wconf 88' lang='lat' dir='ltr'><strong>et</strong></span> <span class='ocrx_word' id='word_1_615' title='bbox 1637 1577 1754 1606; x_wconf 85' lang='lat' dir='ltr'><strong>veritate</strong></span> 
     </span>
    </p>
   </div>
   <div class='ocr_carea' id='block_1_78' title="bbox 965 1624 1753 1660">
    <p class='ocr_par' dir='ltr' id='par_1_78' title="bbox 965 1624 1753 1660">
     <span class='ocr_line' id='line_1_78' title="bbox 965 1624 1753 1660; baseline -0.008 -2"><span class='ocrx_word' id='word_1_616' title='bbox 965 1629 1090 1660; x_wconf 84' lang='lat' dir='ltr'><strong>adorare,</strong></span> <span class='ocrx_word' id='word_1_617' title='bbox 1124 1632 1152 1655; x_wconf 90' lang='lat' dir='ltr'><strong>et</strong></span> <span class='ocrx_word' id='word_1_618' title='bbox 1183 1626 1221 1654; x_wconf 91' lang='lat' dir='ltr'><strong>illi</strong></span> <span class='ocrx_word' id='word_1_619' title='bbox 1252 1626 1357 1654; x_wconf 82' lang='lat' dir='ltr'><strong>sincere</strong></span> <span class='ocrx_word' id='word_1_620' title='bbox 1386 1624 1500 1657; x_wconf 82' lang='lat' dir='ltr'><strong>servire,</strong></span> <span class='ocrx_word' id='word_1_621' title='bbox 1532 1631 1618 1652; x_wconf 65' lang='lat' dir='ltr'><strong>sacrae</strong></span> <span class='ocrx_word' id='word_1_622' title='bbox 1652 1631 1753 1652; x_wconf 80' lang='lat' dir='ltr'><strong>mensa:</strong></span> 
     </span>
    </p>
   </div>
   <div class='ocr_carea' id='block_1_79' title="bbox 965 1670 1754 1708">
    <p class='ocr_par' dir='ltr' id='par_1_79' title="bbox 965 1670 1754 1708">
     <span class='ocr_line' id='line_1_79' title="bbox 965 1670 1754 1708; baseline -0.009 -4"><span class='ocrx_word' id='word_1_623' title='bbox 965 1675 1074 1708; x_wconf 82' lang='lat' dir='ltr'><strong>deberi;</strong></span> <span class='ocrx_word' id='word_1_624' title='bbox 1102 1680 1156 1701; x_wconf 80' lang='lat' dir='ltr'><strong>non</strong></span> <span class='ocrx_word' id='word_1_625' title='bbox 1187 1672 1275 1700; x_wconf 92' lang='lat' dir='ltr'><strong>solum</strong></span> <span class='ocrx_word' id='word_1_626' title='bbox 1288 1671 1353 1706; x_wconf 82' lang='lat' dir='ltr'><strong>quia</strong></span> <span class='ocrx_word' id='word_1_627' title='bbox 1376 1675 1404 1698; x_wconf 89' lang='lat' dir='ltr'><strong>ut</strong></span> <span class='ocrx_word' id='word_1_628' title='bbox 1424 1670 1527 1698; x_wconf 83' lang='lat' dir='ltr'><strong>Christi</strong></span> <span class='ocrx_word' id='word_1_629' title='bbox 1560 1670 1683 1698; x_wconf 77' lang='lat' dir='ltr'><strong>membra</strong></span> <span class='ocrx_word' id='word_1_630' title='bbox 1715 1670 1754 1698; x_wconf 89' lang='lat' dir='ltr'><strong>si-</strong></span> 
     </span>
    </p>
   </div>
   <div class='ocr_carea' id='block_1_80' title="bbox 966 1716 1751 1754">
    <p class='ocr_par' dir='ltr' id='par_1_80' title="bbox 966 1716 1751 1754">
     <span class='ocr_line' id='line_1_80' title="bbox 966 1716 1751 1754; baseline -0.009 -5"><span class='ocrx_word' id='word_1_631' title='bbox 966 1728 1044 1754; x_wconf 90' lang='lat' dir='ltr'><strong>mus,</strong></span> <span class='ocrx_word' id='word_1_632' title='bbox 1079 1724 1108 1748; x_wconf 85' lang='lat' dir='ltr'><strong>et</strong></span> <span class='ocrx_word' id='word_1_633' title='bbox 1137 1719 1187 1747; x_wconf 85' lang='lat' dir='ltr'><strong>hac</strong></span> <span class='ocrx_word' id='word_1_634' title='bbox 1224 1718 1329 1745; x_wconf 81' lang='lat' dir='ltr'><strong>ratione</strong></span> <span class='ocrx_word' id='word_1_635' title='bbox 1365 1716 1574 1745; x_wconf 84' lang='lat' dir='ltr'><strong>similitudinem</strong></span> <span class='ocrx_word' id='word_1_636' title='bbox 1603 1716 1751 1751; x_wconf 67' lang='lat' dir='ltr'><strong>quarundam</strong></span> 
     </span>
    </p>
   </div>
   <div class='ocr_carea' id='block_1_81' title="bbox 966 1762 1755 1800">
    <p class='ocr_par' dir='ltr' id='par_1_81' title="bbox 966 1762 1755 1800">
     <span class='ocr_line' id='line_1_81' title="bbox 966 1762 1755 1800; baseline -0.009 -5"><span class='ocrx_word' id='word_1_637' title='bbox 966 1767 1039 1795; x_wconf 85' lang='lat' dir='ltr'><strong>illius</strong></span> <span class='ocrx_word' id='word_1_638' title='bbox 1067 1771 1278 1800; x_wconf 78' lang='lat' dir='ltr'><strong>consequamur,</strong></span> <span class='ocrx_word' id='word_1_639' title='bbox 1297 1763 1331 1791; x_wconf 88' lang='lat' dir='ltr'><strong>ab</strong></span> <span class='ocrx_word' id='word_1_640' title='bbox 1349 1763 1424 1790; x_wconf 84' lang='lat' dir='ltr'><strong>hisce</strong></span> <span class='ocrx_word' id='word_1_641' title='bbox 1448 1762 1584 1798; x_wconf 86' lang='lat' dir='ltr'><strong>mysteriis</strong></span> <span class='ocrx_word' id='word_1_642' title='bbox 1609 1763 1755 1795; x_wconf 75' lang='lat' dir='ltr'><strong>habemus,</strong></span> 
     </span>
    </p>
   </div>
   <div class='ocr_carea' id='block_1_82' title="bbox 965 1808 1753 1844">
    <p class='ocr_par' dir='ltr' id='par_1_82' title="bbox 965 1808 1753 1844">
     <span class='ocr_line' id='line_1_82' title="bbox 965 1808 1753 1844; baseline -0.008 -3"><span class='ocrx_word' id='word_1_643' title='bbox 965 1820 1060 1841; x_wconf 92' lang='lat' dir='ltr'><strong>verum</strong></span> <span class='ocrx_word' id='word_1_644' title='bbox 1084 1811 1188 1844; x_wconf 84' lang='lat' dir='ltr'><strong>etiam,</strong></span> <span class='ocrx_word' id='word_1_645' title='bbox 1217 1810 1282 1844; x_wconf 87' lang='lat' dir='ltr'><strong>quia</strong></span> <span class='ocrx_word' id='word_1_646' title='bbox 1307 1809 1409 1837; x_wconf 90' lang='lat' dir='ltr'><strong>mortui</strong></span> <span class='ocrx_word' id='word_1_647' title='bbox 1439 1808 1542 1836; x_wconf 85' lang='lat' dir='ltr'><strong>servire</strong></span> <span class='ocrx_word' id='word_1_648' title='bbox 1573 1808 1672 1836; x_wconf 87' lang='lat' dir='ltr'><strong>viventi</strong></span> <span class='ocrx_word' id='word_1_649' title='bbox 1698 1817 1753 1835; x_wconf 86' lang='lat' dir='ltr'><strong>non</strong></span> 
     </span>
    </p>
   </div>
   <div class='ocr_carea' id='block_1_83' title="bbox 966 1855 1753 1895">
    <p class='ocr_par' dir='ltr' id='par_1_83' title="bbox 966 1855 1753 1895">
     <span class='ocr_line' id='line_1_83' title="bbox 966 1855 1753 1895; baseline -0.006 -8"><span class='ocrx_word' id='word_1_650' title='bbox 966 1866 1120 1895; x_wconf 88' lang='lat' dir='ltr'><strong>possemus.</strong></span> <span class='ocrx_word' id='word_1_651' title='bbox 1148 1857 1283 1886; x_wconf 68' lang='lat' dir='ltr'><strong>Caeterum</strong></span> <span class='ocrx_word' id='word_1_652' title='bbox 1297 1857 1399 1889; x_wconf 85' lang='lat' dir='ltr'><strong>vivere,</strong></span> <span class='ocrx_word' id='word_1_653' title='bbox 1424 1860 1451 1884; x_wconf 92' lang='lat' dir='ltr'><strong>et</strong></span> <span class='ocrx_word' id='word_1_654' title='bbox 1476 1856 1510 1884; x_wconf 82' lang='lat' dir='ltr'><strong>ab</strong></span> <span class='ocrx_word' id='word_1_655' title='bbox 1533 1855 1663 1891; x_wconf 85' lang='lat' dir='ltr'><strong>operibus</strong></span> <span class='ocrx_word' id='word_1_656' title='bbox 1677 1863 1753 1882; x_wconf 90' lang='lat' dir='ltr'><strong>mor-</strong></span> 
     </span>
    </p>
   </div>
   <div class='ocr_carea' id='block_1_84' title="bbox 967 1901 1754 1938">
    <p class='ocr_par' dir='ltr' id='par_1_84' title="bbox 967 1901 1754 1938">
     <span class='ocr_line' id='line_1_84' title="bbox 967 1901 1754 1938; baseline -0.006 -5"><span class='ocrx_word' id='word_1_657' title='bbox 967 1906 1021 1934; x_wconf 87' lang='lat' dir='ltr'><strong>tuis</strong></span> <span class='ocrx_word' id='word_1_658' title='bbox 1056 1905 1205 1932; x_wconf 87' lang='lat' dir='ltr'><strong>immuuem</strong></span> <span class='ocrx_word' id='word_1_659' title='bbox 1233 1911 1294 1931; x_wconf 84' lang='lat' dir='ltr'><strong>esse</strong></span> <span class='ocrx_word' id='word_1_660' title='bbox 1324 1902 1494 1938; x_wconf 84' lang='lat' dir='ltr'><strong>impossibile</strong></span> <span class='ocrx_word' id='word_1_661' title='bbox 1519 1906 1583 1935; x_wconf 89' lang='lat' dir='ltr'><strong>est,</strong></span> <span class='ocrx_word' id='word_1_662' title='bbox 1608 1902 1661 1929; x_wconf 80' lang='lat' dir='ltr'><strong>nisi</strong></span> <span class='ocrx_word' id='word_1_663' title='bbox 1692 1901 1754 1936; x_wconf 85' lang='lat' dir='ltr'><strong>quis</strong></span> 
     </span>
    </p>
   </div>
   <div class='ocr_carea' id='block_1_85' title="bbox 967 1947 1753 1984">
    <p class='ocr_par' dir='ltr' id='par_1_85' title="bbox 967 1947 1753 1984">
     <span class='ocr_line' id='line_1_85' title="bbox 967 1947 1753 1984; baseline -0.008 -5"><span class='ocrx_word' id='word_1_664' title='bbox 967 1953 1038 1980; x_wconf 85' lang='lat' dir='ltr'><strong>hanc</strong></span> <span class='ocrx_word' id='word_1_665' title='bbox 1061 1958 1165 1980; x_wconf 75' lang='lat' dir='ltr'><strong>cumam</strong></span> <span class='ocrx_word' id='word_1_666' title='bbox 1191 1948 1412 1984; x_wconf 79' lang='lat' dir='ltr'><strong>frequentissime</strong></span> <span class='ocrx_word' id='word_1_667' title='bbox 1451 1949 1535 1976; x_wconf 82' lang='lat' dir='ltr'><strong>ineat.</strong></span> <span class='ocrx_word' id='word_1_668' title='bbox 1569 1947 1646 1975; x_wconf 87' lang='lat' dir='ltr'><strong>Sicut</strong></span> <span class='ocrx_word' id='word_1_669' title='bbox 1679 1947 1753 1974; x_wconf 91' lang='lat' dir='ltr'><strong>enim</strong></span> 
     </span>
    </p>
   </div>
   <div class='ocr_carea' id='block_1_86' title="bbox 968 1993 1754 2030">
    <p class='ocr_par' dir='ltr' id='par_1_86' title="bbox 968 1993 1754 2030">
     <span class='ocr_line' id='line_1_86' title="bbox 968 1993 1754 2030; baseline -0.008 -5"><span class='ocrx_word' id='word_1_670' title='bbox 968 1998 1064 2030; x_wconf 88' lang='lat' dir='ltr'><strong>Deum,</strong></span> <span class='ocrx_word' id='word_1_671' title='bbox 1094 2007 1104 2024; x_wconf 82' lang='lat'><strong>(</strong></span> <span class='ocrx_word' id='word_1_672' title='bbox 1125 2005 1187 2024; x_wconf 91' lang='lat' dir='ltr'><strong>cum</strong></span> <span class='ocrx_word' id='word_1_673' title='bbox 1214 1996 1250 2023; x_wconf 88' lang='lat' dir='ltr'><strong>sit</strong></span> <span class='ocrx_word' id='word_1_674' title='bbox 1278 1996 1403 2030; x_wconf 86' lang='lat' dir='ltr'><strong>spiritus,</strong></span> <span class='ocrx_word' id='word_1_675' title='bbox 1433 1994 1461 2022; x_wconf 95' lang='lat' dir='ltr'><strong>in</strong></span> <span class='ocrx_word' id='word_1_676' title='bbox 1488 1994 1585 2028; x_wconf 86' lang='lat' dir='ltr'><strong>spiritu</strong></span> <span class='ocrx_word' id='word_1_677' title='bbox 1599 1998 1626 2020; x_wconf 90' lang='lat' dir='ltr'><strong>ct</strong></span> <span class='ocrx_word' id='word_1_678' title='bbox 1641 1993 1754 2020; x_wconf 84' lang='lat' dir='ltr'><strong>veritate</strong></span> 
     </span>
    </p>
   </div>
   <div class='ocr_carea' id='block_1_87' title="bbox 967 2038 1756 2078">
    <p class='ocr_par' dir='ltr' id='par_1_87' title="bbox 967 2038 1756 2078">
     <span class='ocr_line' id='line_1_87' title="bbox 967 2038 1756 2078; baseline -0.01 -6"><span class='ocrx_word' id='word_1_679' title='bbox 967 2048 1074 2078; x_wconf 80' lang='lat' dir='ltr'><strong>oportet</strong></span> <span class='ocrx_word' id='word_1_680' title='bbox 1097 2045 1212 2071; x_wconf 88' lang='lat' dir='ltr'><strong>adorare</strong></span> <span class='ocrx_word' id='word_1_681' title='bbox 1227 2041 1263 2075; x_wconf 80' lang='grc'><strong>⁵³,</strong></span> <span class='ocrx_word' id='word_1_682' title='bbox 1297 2050 1306 2067; x_wconf 72' lang='grc' dir='ltr'><strong>ι</strong></span> <span class='ocrx_word' id='word_1_683' title='bbox 1326 2041 1364 2068; x_wconf 84' lang='lat' dir='ltr'><strong>ita</strong></span> <span class='ocrx_word' id='word_1_684' title='bbox 1386 2040 1463 2068; x_wconf 85' lang='lat' dir='ltr'><strong>vivos</strong></span> <span class='ocrx_word' id='word_1_685' title='bbox 1478 2047 1539 2067; x_wconf 89' lang='lat' dir='ltr'><strong>esse</strong></span> <span class='ocrx_word' id='word_1_686' title='bbox 1552 2039 1639 2070; x_wconf 87' lang='lat' dir='ltr'><strong>decet,</strong></span> <span class='ocrx_word' id='word_1_687' title='bbox 1652 2039 1699 2074; x_wconf 88' lang='lat' dir='ltr'><strong>qui</strong></span> <span class='ocrx_word' id='word_1_688' title='bbox 1717 2038 1756 2065; x_wconf 88' lang='lat' dir='ltr'><strong>vi-</strong></span> 
     </span>
    </p>
   </div>
   <div class='ocr_carea' id='block_1_88' title="bbox 969 2085 1754 2119">
    <p class='ocr_par' dir='ltr' id='par_1_88' title="bbox 969 2085 1754 2119">
     <span class='ocr_line' id='line_1_88' title="bbox 969 2085 1754 2119; baseline -0.01 -1"><span class='ocrx_word' id='word_1_689' title='bbox 969 2099 1033 2118; x_wconf 93' lang='lat' dir='ltr'><strong>vum</strong></span> <span class='ocrx_word' id='word_1_690' title='bbox 1064 2091 1154 2118; x_wconf 89' lang='lat' dir='ltr'><strong>colere</strong></span> <span class='ocrx_word' id='word_1_691' title='bbox 1166 2093 1323 2117; x_wconf 79' lang='lat' dir='ltr'><strong>statuerunt</strong></span> <span class='ocrx_word' id='word_1_692' title='bbox 1343 2097 1350 2115; x_wconf 91' lang='lat'>:</span> <span class='ocrx_word' id='word_1_693' title='bbox 1371 2096 1380 2113; x_wconf 87' lang='grc' dir='ltr'><strong>ι</strong></span> <span class='ocrx_word' id='word_1_694' title='bbox 1396 2086 1455 2114; x_wconf 82' lang='lat' dir='ltr'><strong>Non</strong></span> <span class='ocrx_word' id='word_1_695' title='bbox 1480 2090 1523 2114; x_wconf 85' lang='lat' dir='ltr'><strong>est</strong></span> <span class='ocrx_word' id='word_1_696' title='bbox 1549 2086 1638 2118; x_wconf 81' lang='lat' dir='ltr'><strong>enim,</strong></span> <span class='ocrx_word' id='word_1_697' title='bbox 1654 2085 1754 2119; x_wconf 82' lang='lat' dir='ltr'><strong>inquit,</strong></span> 
     </span>
    </p>
   </div>
   <div class='ocr_carea' id='block_1_89' title="bbox 971 2132 1530 2166">
    <p class='ocr_par' dir='ltr' id='par_1_89' title="bbox 971 2132 1530 2166">
     <span class='ocr_line' id='line_1_89' title="bbox 971 2132 1530 2166; baseline -0.011 -1"><span class='ocrx_word' id='word_1_698' title='bbox 971 2138 1042 2165; x_wconf 87' lang='lat' dir='ltr'><strong>Deus</strong></span> <span class='ocrx_word' id='word_1_699' title='bbox 1061 2140 1243 2166; x_wconf 90' lang='lat' dir='ltr'><strong>mortuorum,</strong></span> <span class='ocrx_word' id='word_1_700' title='bbox 1264 2133 1312 2162; x_wconf 87' lang='lat' dir='ltr'><strong>sed</strong></span> <span class='ocrx_word' id='word_1_701' title='bbox 1322 2133 1447 2161; x_wconf 75' lang='lat' dir='ltr'><strong>vivorum</strong></span> <span class='ocrx_word' id='word_1_702' title='bbox 1466 2132 1501 2160; x_wconf 77' lang='lat'><strong>&quot;.</strong></span> <span class='ocrx_word' id='word_1_703' title='bbox 1521 2141 1530 2158; x_wconf 76' lang='grc' dir='ltr'><strong>ι</strong></span> 
     </span>
    </p>
   </div>
   <div class='ocr_carea' id='block_1_90' title="bbox 1005 2178 1754 2214">
    <p class='ocr_par' dir='ltr' id='par_1_90' title="bbox 1005 2178 1754 2214">
     <span class='ocr_line' id='line_1_90' title="bbox 1005 2178 1754 2214; baseline -0.012 -2"><span class='ocrx_word' id='word_1_704' title='bbox 1005 2183 1159 2212; x_wconf 45' lang='lat' dir='ltr'><strong>Secundum</strong></span> <span class='ocrx_word' id='word_1_705' title='bbox 1177 2185 1278 2209; x_wconf 84' lang='lat' dir='ltr'><strong>rectam</strong></span> <span class='ocrx_word' id='word_1_706' title='bbox 1294 2179 1426 2207; x_wconf 87' lang='lat' dir='ltr'><strong>rationem</strong></span> <span class='ocrx_word' id='word_1_707' title='bbox 1442 2182 1524 2214; x_wconf 85' lang='lat' dir='ltr'><strong>porro</strong></span> <span class='ocrx_word' id='word_1_708' title='bbox 1535 2178 1637 2209; x_wconf 88' lang='lat' dir='ltr'><strong>vivere,</strong></span> <span class='ocrx_word' id='word_1_709' title='bbox 1655 2181 1754 2204; x_wconf 87' lang='lat' dir='ltr'><strong>etcum</strong></span> 
     </span>
    </p>
   </div>
   <div class='ocr_carea' id='block_1_91' title="bbox 131 2222 911 2265">
    <p class='ocr_par' dir='ltr' id='par_1_91' title="bbox 131 2228 911 2265">
     <span class='ocr_line' id='line_1_91' title="bbox 131 2228 911 2265; baseline 0 -8"><span class='ocrx_word' id='word_1_710' title='bbox 131 2230 180 2257; x_wconf 66' lang='grc' dir='ltr'>καὶ</span> <span class='ocrx_word' id='word_1_711' title='bbox 196 2229 264 2264; x_wconf 83' lang='grc' dir='ltr'>πρὸς</span> <span class='ocrx_word' id='word_1_712' title='bbox 280 2229 381 2265; x_wconf 82' lang='grc' dir='ltr'>ἀρετὴν</span> <span class='ocrx_word' id='word_1_713' title='bbox 396 2229 479 2264; x_wconf 74' lang='grc' dir='ltr'>ἔχειν,</span> <span class='ocrx_word' id='word_1_714' title='bbox 494 2228 554 2264; x_wconf 85' lang='grc' dir='ltr'><strong>Θεῷ</strong></span> <span class='ocrx_word' id='word_1_715' title='bbox 571 2230 715 2265; x_wconf 84' lang='grc' dir='ltr'>λατρεύειν</span> <span class='ocrx_word' id='word_1_716' title='bbox 727 2237 734 2244; x_wconf 86' lang='grc'>·</span> <span class='ocrx_word' id='word_1_717' title='bbox 750 2230 809 2257; x_wconf 75' lang='grc' dir='ltr'>ἀλλ’</span> <span class='ocrx_word' id='word_1_718' title='bbox 829 2231 911 2258; x_wconf 75' lang='grc' dir='ltr'>ὲκεῐνι</span> 
     </span>
    </p>
   </div>
   <div class='ocr_carea' id='block_1_92' title="bbox 967 2222 1755 2265">
    <p class='ocr_par' dir='ltr' id='par_1_92' title="bbox 974 2222 1755 2256">
     <span class='ocr_line' id='line_1_92' title="bbox 974 2222 1755 2256; baseline -0.01 0"><span class='ocrx_word' id='word_1_719' title='bbox 974 2230 1073 2256; x_wconf 88' lang='lat' dir='ltr'><strong>virtute</strong></span> <span class='ocrx_word' id='word_1_720' title='bbox 1087 2227 1282 2256; x_wconf 87' lang='lat' dir='ltr'><strong>commercium</strong></span> <span class='ocrx_word' id='word_1_721' title='bbox 1299 2226 1411 2256; x_wconf 83' lang='lat' dir='ltr'><strong>habere.</strong></span> <span class='ocrx_word' id='word_1_722' title='bbox 1424 2224 1505 2251; x_wconf 84' lang='lat' dir='ltr'><strong>etiam</strong></span> <span class='ocrx_word' id='word_1_723' title='bbox 1521 2223 1574 2250; x_wconf 87' lang='lat' dir='ltr'><strong>Deo</strong></span> <span class='ocrx_word' id='word_1_724' title='bbox 1589 2222 1691 2250; x_wconf 85' lang='lat' dir='ltr'><strong>servire</strong></span> <span class='ocrx_word' id='word_1_725' title='bbox 1702 2226 1755 2248; x_wconf 89' lang='lat' dir='ltr'><strong>est.</strong></span> 
     </span>
    </p>
   </div>
   <div class='ocr_carea' id='block_1_93' title="bbox 130 2274 916 2310">
    <p class='ocr_par' dir='ltr' id='par_1_93' title="bbox 130 2274 916 2310">
     <span class='ocr_line' id='line_1_93' title="bbox 130 2274 916 2310; baseline 0.001 -8"><span class='ocrx_word' id='word_1_726' title='bbox 130 2275 182 2310; x_wconf 75' lang='grc' dir='ltr'>μὲν</span> <span class='ocrx_word' id='word_1_727' title='bbox 197 2275 244 2301; x_wconf 79' lang='grc' dir='ltr'>καὶ</span> <span class='ocrx_word' id='word_1_728' title='bbox 258 2274 360 2301; x_wconf 82' lang='grc' dir='ltr'>δούλων</span> <span class='ocrx_word' id='word_1_729' title='bbox 373 2274 471 2308; x_wconf 83' lang='grc' dir='ltr'>γένοιτ’</span> <span class='ocrx_word' id='word_1_730' title='bbox 484 2274 516 2301; x_wconf 77' lang='grc' dir='ltr'>ἂν</span> <span class='ocrx_word' id='word_1_731' title='bbox 528 2275 608 2310; x_wconf 71' lang='grc' dir='ltr'>ἔργον</span> <span class='ocrx_word' id='word_1_732' title='bbox 619 2282 627 2291; x_wconf 90' lang='grc'><strong>·</strong></span> <span class='ocrx_word' id='word_1_733' title='bbox 640 2284 650 2300; x_wconf 79' lang='grc' dir='ltr'><strong>ι</strong></span> <span class='ocrx_word' id='word_1_734' title='bbox 667 2274 753 2302; x_wconf 80' lang='grc' dir='ltr'>Ὅταν</span> <span class='ocrx_word' id='word_1_735' title='bbox 763 2275 819 2310; x_wconf 75' lang='grc' dir='ltr'><strong>γὰρ</strong></span> <span class='ocrx_word' id='word_1_736' title='bbox 830 2275 916 2303; x_wconf 86' lang='grc' dir='ltr'>ταῦτα</span> 
     </span>
    </p>
   </div>
   <div class='ocr_carea' id='block_1_94' title="bbox 129 2319 916 2355">
    <p class='ocr_par' dir='ltr' id='par_1_94' title="bbox 129 2319 916 2355">
     <span class='ocr_line' id='line_1_94' title="bbox 129 2319 916 2355; baseline 0.001 -8"><span class='ocrx_word' id='word_1_737' title='bbox 129 2320 223 2347; x_wconf 85' lang='grc' dir='ltr'>πάντα</span> <span class='ocrx_word' id='word_1_738' title='bbox 249 2319 391 2354; x_wconf 79' lang='grc' dir='ltr'>ποιήσητε,</span> <span class='ocrx_word' id='word_1_739' title='bbox 411 2319 490 2353; x_wconf 83' lang='grc' dir='ltr'>φησὶ,</span> <span class='ocrx_word' id='word_1_740' title='bbox 518 2319 614 2354; x_wconf 76' lang='grc' dir='ltr'>λέγετε</span> <span class='ocrx_word' id='word_1_741' title='bbox 628 2319 670 2346; x_wconf 84' lang='grc' dir='ltr'>ὃτι</span> <span class='ocrx_word' id='word_1_742' title='bbox 689 2319 807 2355; x_wconf 79' lang='grc' dir='ltr'>Ἀχρεῐοι</span> <span class='ocrx_word' id='word_1_743' title='bbox 826 2321 916 2348; x_wconf 81' lang='grc' dir='ltr'>δοῦλοί</span> 
     </span>
    </p>
   </div>
   <div class='ocr_carea' id='block_1_95' title="bbox 128 2365 918 2402">
    <p class='ocr_par' dir='ltr' id='par_1_95' title="bbox 128 2365 918 2402">
     <span class='ocr_line' id='line_1_95' title="bbox 128 2365 918 2402; baseline 0 -9"><span class='ocrx_word' id='word_1_744' title='bbox 128 2368 223 2401; x_wconf 68' lang='grc' dir='ltr'>ἐσμεν.</span> <span class='ocrx_word' id='word_1_745' title='bbox 238 2375 248 2392; x_wconf 74' lang='grc' dir='ltr'><strong>ι</strong></span> <span class='ocrx_word' id='word_1_746' title='bbox 267 2365 341 2402; x_wconf 77' lang='grc' dir='ltr'>Αὕτη</span> <span class='ocrx_word' id='word_1_747' title='bbox 358 2365 387 2391; x_wconf 78' lang='grc' dir='ltr'>δὲ</span> <span class='ocrx_word' id='word_1_748' title='bbox 412 2365 428 2401; x_wconf 75' lang='grc' dir='ltr'><strong><em>ἡ</em></strong></span> <span class='ocrx_word' id='word_1_749' title='bbox 444 2365 557 2400; x_wconf 89' lang='grc' dir='ltr'>λατρεία</span> <span class='ocrx_word' id='word_1_750' title='bbox 572 2365 642 2400; x_wconf 84' lang='grc' dir='ltr'>πρὸς</span> <span class='ocrx_word' id='word_1_751' title='bbox 659 2365 714 2392; x_wconf 84' lang='grc' dir='ltr'><strong>τῶν</strong></span> <span class='ocrx_word' id='word_1_752' title='bbox 728 2365 794 2392; x_wconf 84' lang='grc' dir='ltr'>υίῶν</span> <span class='ocrx_word' id='word_1_753' title='bbox 812 2366 918 2398; x_wconf 83' lang='grc' dir='ltr'>γίνεται</span> 
     </span>
    </p>
   </div>
   <div class='ocr_carea' id='block_1_96' title="bbox 131 2411 918 2448">
    <p class='ocr_par' dir='ltr' id='par_1_96' title="bbox 131 2411 918 2448">
     <span class='ocr_line' id='line_1_96' title="bbox 131 2411 918 2448; baseline 0.001 -9"><span class='ocrx_word' id='word_1_754' title='bbox 131 2413 231 2448; x_wconf 77' lang='grc' dir='ltr'>μόνων,</span> <span class='ocrx_word' id='word_1_755' title='bbox 250 2412 331 2448; x_wconf 79' lang='grc' dir='ltr'>ἡμεῖς</span> <span class='ocrx_word' id='word_1_756' title='bbox 347 2411 375 2439; x_wconf 70' lang='grc' dir='ltr'>δὲ</span> <span class='ocrx_word' id='word_1_757' title='bbox 391 2412 422 2439; x_wconf 84' lang='grc' dir='ltr'>οὐ</span> <span class='ocrx_word' id='word_1_758' title='bbox 447 2411 501 2438; x_wconf 88' lang='grc' dir='ltr'>τῶν</span> <span class='ocrx_word' id='word_1_759' title='bbox 513 2411 636 2444; x_wconf 78' lang='grc' dir='ltr'>’δούλων,</span> <span class='ocrx_word' id='word_1_760' title='bbox 663 2411 722 2439; x_wconf 75' lang='grc' dir='ltr'>ἀλλ’</span> <span class='ocrx_word' id='word_1_761' title='bbox 745 2413 786 2444; x_wconf 87' lang='grc' dir='ltr'><strong>είς</strong></span> <span class='ocrx_word' id='word_1_762' title='bbox 798 2411 845 2439; x_wconf 85' lang='grc' dir='ltr'><strong>τὸν</strong></span> <span class='ocrx_word' id='word_1_763' title='bbox 861 2413 918 2440; x_wconf 86' lang='grc' dir='ltr'><strong>τῶν</strong></span> 
     </span>
    </p>
   </div>
   <div class='ocr_carea' id='block_1_97' title="bbox 133 2457 916 2493">
    <p class='ocr_par' dir='ltr' id='par_1_97' title="bbox 133 2457 916 2493">
     <span class='ocr_line' id='line_1_97' title="bbox 133 2457 916 2493; baseline -0.001 -7"><span class='ocrx_word' id='word_1_764' title='bbox 133 2459 238 2486; x_wconf 84' lang='grc' dir='ltr'>παίδων</span> <span class='ocrx_word' id='word_1_765' title='bbox 251 2457 408 2493; x_wconf 79' lang='grc' dir='ltr'>καλούμεθα</span> <span class='ocrx_word' id='word_1_766' title='bbox 425 2458 515 2492; x_wconf 69' lang='grc' dir='ltr'>χορόν.</span> <span class='ocrx_word' id='word_1_767' title='bbox 534 2458 584 2485; x_wconf 85' lang='grc' dir='ltr'>Διὰ</span> <span class='ocrx_word' id='word_1_768' title='bbox 596 2457 675 2486; x_wconf 84' lang='grc' dir='ltr'>τοῦτο</span> <span class='ocrx_word' id='word_1_769' title='bbox 692 2458 794 2493; x_wconf 88' lang='grc' dir='ltr'>σαρκὸς</span> <span class='ocrx_word' id='word_1_770' title='bbox 808 2458 857 2486; x_wconf 81' lang='grc' dir='ltr'>καὶ</span> <span class='ocrx_word' id='word_1_771' title='bbox 872 2459 916 2485; x_wconf 81' lang='grc' dir='ltr'>α’ί-</span> 
     </span>
    </p>
   </div>
   <div class='ocr_carea' id='block_1_98' title="bbox 133 2505 916 2543">
    <p class='ocr_par' dir='ltr' id='par_1_98' title="bbox 133 2505 916 2543">
     <span class='ocr_line' id='line_1_98' title="bbox 133 2505 916 2543; baseline -0.001 -11"><span class='ocrx_word' id='word_1_772' title='bbox 133 2515 220 2543; x_wconf 81' lang='grc' dir='ltr'>ματος</span> <span class='ocrx_word' id='word_1_773' title='bbox 245 2505 318 2541; x_wconf 84' lang='grc' dir='ltr'><strong>αὐτῷ</strong></span> <span class='ocrx_word' id='word_1_774' title='bbox 339 2505 542 2541; x_wconf 72' lang='grc' dir='ltr'>κοινωνοῦμεν*</span> <span class='ocrx_word' id='word_1_775' title='bbox 562 2515 571 2532; x_wconf 83' lang='grc' dir='ltr'><strong>ι</strong></span> <span class='ocrx_word' id='word_1_776' title='bbox 591 2505 632 2534; x_wconf 76' lang='grc' dir='ltr'><strong>Τὰ</strong></span> <span class='ocrx_word' id='word_1_777' title='bbox 645 2506 699 2541; x_wconf 73' lang='grc' dir='ltr'><strong>γὰρ</strong></span> <span class='ocrx_word' id='word_1_778' title='bbox 715 2505 820 2538; x_wconf 81' lang='grc' dir='ltr'>παιδία,</span> <span class='ocrx_word' id='word_1_779' title='bbox 839 2505 916 2540; x_wconf 67' lang='grc' dir='ltr'>φησὶ,</span> 
     </span>
    </p>
   </div>
   <div class='ocr_carea' id='block_1_99' title="bbox 132 2550 918 2586">
    <p class='ocr_par' dir='ltr' id='par_1_99' title="bbox 132 2550 918 2586">
     <span class='ocr_line' id='line_1_99' title="bbox 132 2550 918 2586; baseline -0.003 -8"><span class='ocrx_word' id='word_1_780' title='bbox 132 2550 318 2586; x_wconf 82' lang='grc' dir='ltr'>κεκοινώνηκε</span> <span class='ocrx_word' id='word_1_781' title='bbox 344 2550 446 2586; x_wconf 86' lang='grc' dir='ltr'>σαρκὸς</span> <span class='ocrx_word' id='word_1_782' title='bbox 465 2551 511 2578; x_wconf 57' lang='grc' dir='ltr'><strong>καὶ¹</strong></span> <span class='ocrx_word' id='word_1_783' title='bbox 530 2551 655 2585; x_wconf 73' lang='grc' dir='ltr'>αἵματος.</span> <span class='ocrx_word' id='word_1_784' title='bbox 677 2561 686 2577; x_wconf 70' lang='grc' dir='ltr'><strong>ι</strong></span> <span class='ocrx_word' id='word_1_785' title='bbox 713 2551 846 2586; x_wconf 83' lang='grc' dir='ltr'>Καθάπερ</span> <span class='ocrx_word' id='word_1_786' title='bbox 863 2551 918 2586; x_wconf 76' lang='grc' dir='ltr'>γὰρ</span> 
     </span>
    </p>
   </div>
   <div class='ocr_carea' id='block_1_100' title="bbox 134 2596 918 2632">
    <p class='ocr_par' dir='ltr' id='par_1_100' title="bbox 134 2596 918 2632">
     <span class='ocr_line' id='line_1_100' title="bbox 134 2596 918 2632; baseline -0.001 -9"><span class='ocrx_word' id='word_1_787' title='bbox 134 2598 250 2629; x_wconf 75' lang='grc' dir='ltr'>ἐκεῖνος,</span> <span class='ocrx_word' id='word_1_788' title='bbox 268 2596 311 2624; x_wconf 71' lang='lat' dir='ltr'><strong>iv:</strong></span> <span class='ocrx_word' id='word_1_789' title='bbox 325 2597 417 2632; x_wconf 83' lang='grc' dir='ltr'>πατὴρ</span> <span class='ocrx_word' id='word_1_790' title='bbox 433 2597 566 2632; x_wconf 78' lang='grc' dir='ltr'>ἡμέτερος</span> <span class='ocrx_word' id='word_1_791' title='bbox 584 2597 696 2632; x_wconf 79' lang='grc' dir='ltr'>γένηται</span> <span class='ocrx_word' id='word_1_792' title='bbox 709 2596 757 2624; x_wconf 74' lang='grc' dir='ltr'>καὶ</span> <span class='ocrx_word' id='word_1_793' title='bbox 775 2597 820 2623; x_wconf 90' lang='grc' dir='ltr'><strong>τὸν</strong></span> <span class='ocrx_word' id='word_1_794' title='bbox 840 2597 918 2630; x_wconf 79' lang='grc' dir='ltr'>λόγον</span> 
     </span>
    </p>
   </div>
   <div class='ocr_carea' id='block_1_101' title="bbox 134 2643 917 2680">
    <p class='ocr_par' dir='ltr' id='par_1_101' title="bbox 134 2643 917 2680">
     <span class='ocr_line' id='line_1_101' title="bbox 134 2643 917 2680; baseline -0.003 -9"><span class='ocrx_word' id='word_1_795' title='bbox 134 2645 240 2671; x_wconf 70' lang='grc' dir='ltr'>ἐκεῖνον</span> <span class='ocrx_word' id='word_1_796' title='bbox 261 2643 362 2680; x_wconf 82' lang='grc' dir='ltr'>δυνηθῇ</span> <span class='ocrx_word' id='word_1_797' title='bbox 384 2644 485 2677; x_wconf 85' lang='grc' dir='ltr'>λέγειν,</span> <span class='ocrx_word' id='word_1_798' title='bbox 505 2652 514 2670; x_wconf 91' lang='grc' dir='ltr'><strong>ι</strong></span> <span class='ocrx_word' id='word_1_799' title='bbox 541 2644 607 2671; x_wconf 69' lang='grc' dir='ltr'>Ἰδοὺ</span> <span class='ocrx_word' id='word_1_800' title='bbox 623 2643 679 2677; x_wconf 80' lang='grc' dir='ltr'><strong>ἐγὼ</strong></span> <span class='ocrx_word' id='word_1_801' title='bbox 693 2645 740 2670; x_wconf 88' lang='grc' dir='ltr'>καὶ</span> <span class='ocrx_word' id='word_1_802' title='bbox 761 2644 795 2670; x_wconf 77' lang='grc' dir='ltr'><strong>τὰ</strong></span> <span class='ocrx_word' id='word_1_803' title='bbox 810 2644 917 2676; x_wconf 83' lang='grc' dir='ltr'>παιδία,</span> 
     </span>
    </p>
   </div>
   <div class='ocr_carea' id='block_1_102' title="bbox 132 2689 920 2726">
    <p class='ocr_par' dir='ltr' id='par_1_102' title="bbox 132 2689 920 2726">
     <span class='ocr_line' id='line_1_102' title="bbox 132 2689 920 2726; baseline -0.001 -8"><span class='ocrx_word' id='word_1_804' title='bbox 132 2690 151 2718; x_wconf 78' lang='grc' dir='ltr'><strong>ἆ</strong></span> <span class='ocrx_word' id='word_1_805' title='bbox 170 2699 216 2726; x_wconf 89' lang='grc' dir='ltr'><strong>μοι</strong></span> <span class='ocrx_word' id='word_1_806' title='bbox 232 2690 332 2717; x_wconf 79' lang='grc' dir='ltr'>ἔδωκεν</span> <span class='ocrx_word' id='word_1_807' title='bbox 354 2689 368 2716; x_wconf 86' lang='grc' dir='ltr'><strong>ό</strong></span> <span class='ocrx_word' id='word_1_808' title='bbox 391 2690 470 2724; x_wconf 84' lang='grc' dir='ltr'>Θεὸς,</span> <span class='ocrx_word' id='word_1_809' title='bbox 486 2699 495 2715; x_wconf 69' lang='grc' dir='ltr'><strong>ι</strong></span> <span class='ocrx_word' id='word_1_810' title='bbox 515 2690 618 2725; x_wconf 82' lang='grc' dir='ltr'>σαρκὸς</span> <span class='ocrx_word' id='word_1_811' title='bbox 644 2690 691 2717; x_wconf 77' lang='grc' dir='ltr'>καὶ</span> <span class='ocrx_word' id='word_1_812' title='bbox 715 2690 830 2724; x_wconf 69' lang='grc' dir='ltr'>αἵματος</span> <span class='ocrx_word' id='word_1_813' title='bbox 851 2691 920 2725; x_wconf 78' lang='grc' dir='ltr'>ἡμῖν</span> 
     </span>
    </p>
   </div>
   <div class='ocr_carea' id='block_1_103' title="bbox 131 2735 918 2771">
    <p class='ocr_par' dir='ltr' id='par_1_103' title="bbox 131 2735 918 2771">
     <span class='ocr_line' id='line_1_103' title="bbox 131 2735 918 2771; baseline -0.003 -8"><span class='ocrx_word' id='word_1_814' title='bbox 131 2737 242 2771; x_wconf 71' lang='grc' dir='ltr'>ἐγένετο</span> <span class='ocrx_word' id='word_1_815' title='bbox 257 2736 396 2769; x_wconf 75' lang='grc' dir='ltr'>κοινωνὸς,</span> <span class='ocrx_word' id='word_1_816' title='bbox 416 2735 489 2763; x_wconf 78' lang='grc' dir='ltr'>οὕτω</span> <span class='ocrx_word' id='word_1_817' title='bbox 503 2735 550 2762; x_wconf 74' lang='grc' dir='ltr'>καὶ</span> <span class='ocrx_word' id='word_1_818' title='bbox 571 2736 656 2770; x_wconf 78' lang='grc' dir='ltr'>ἡμᾶς,</span> <span class='ocrx_word' id='word_1_819' title='bbox 672 2736 706 2761; x_wconf 81' lang='grc' dir='ltr'><strong>ἶν’</strong></span> <span class='ocrx_word' id='word_1_820' title='bbox 721 2735 818 2770; x_wconf 78' lang='grc' dir='ltr'>ἐκείνῳ</span> <span class='ocrx_word' id='word_1_821' title='bbox 833 2735 918 2769; x_wconf 88' lang='grc' dir='ltr'>γενώ-</span> 
     </span>
    </p>
   </div>
   <div class='ocr_carea' id='block_1_104' title="bbox 135 2774 918 2820">
    <p class='ocr_par' dir='ltr' id='par_1_104' title="bbox 135 2774 918 2820">
     <span class='ocr_line' id='line_1_104' title="bbox 135 2774 918 2820; baseline -0.005 -9"><span class='ocrx_word' id='word_1_822' title='bbox 135 2785 207 2820; x_wconf 85' lang='grc' dir='ltr'>μεθα</span> <span class='ocrx_word' id='word_1_823' title='bbox 225 2783 332 2815; x_wconf 82' lang='grc' dir='ltr'>παῖδες,</span> <span class='ocrx_word' id='word_1_824' title='bbox 356 2774 463 2817; x_wconf 75' lang='grc' dir='ltr'>ἀνάγκη</span> <span class='ocrx_word' id='word_1_825' title='bbox 481 2781 535 2809; x_wconf 86' lang='grc' dir='ltr'>τῶν</span> <span class='ocrx_word' id='word_1_826' title='bbox 552 2781 658 2808; x_wconf 78' lang='grc' dir='ltr'>ἐκείνου</span> <span class='ocrx_word' id='word_1_827' title='bbox 687 2780 918 2816; x_wconf 70' lang='grc' dir='ltr'>μεταλαμὸάνειν,</span> 
     </span>
    </p>
   </div>
   <div class='ocr_carea' id='block_1_105' title="bbox 971 2270 1757 2307">
    <p class='ocr_par' dir='ltr' id='par_1_105' title="bbox 971 2270 1757 2307">
     <span class='ocr_line' id='line_1_105' title="bbox 971 2270 1757 2307; baseline -0.011 -4"><span class='ocrx_word' id='word_1_828' title='bbox 971 2275 1022 2303; x_wconf 84' lang='lat' dir='ltr'><strong>Sed</strong></span> <span class='ocrx_word' id='word_1_829' title='bbox 1034 2275 1087 2302; x_wconf 88' lang='lat' dir='ltr'><strong>hoc</strong></span> <span class='ocrx_word' id='word_1_830' title='bbox 1103 2280 1242 2302; x_wconf 85' lang='lat' dir='ltr'><strong>servorum</strong></span> <span class='ocrx_word' id='word_1_831' title='bbox 1253 2279 1364 2307; x_wconf 89' lang='lat' dir='ltr'><strong>quoque</strong></span> <span class='ocrx_word' id='word_1_832' title='bbox 1382 2270 1499 2298; x_wconf 81' lang='lat' dir='ltr'><strong>oﬂicium</strong></span> <span class='ocrx_word' id='word_1_833' title='bbox 1516 2274 1596 2304; x_wconf 84' lang='lat' dir='ltr'><strong>atque</strong></span> <span class='ocrx_word' id='word_1_834' title='bbox 1612 2277 1680 2303; x_wconf 88' lang='lat' dir='ltr'><strong>opus</strong></span> <span class='ocrx_word' id='word_1_835' title='bbox 1691 2276 1757 2296; x_wconf 88' lang='lat' dir='ltr'><strong>ceu-</strong></span> 
     </span>
    </p>
   </div>
   <div class='ocr_carea' id='block_1_106' title="bbox 972 2314 1757 2350">
    <p class='ocr_par' dir='ltr' id='par_1_106' title="bbox 972 2314 1757 2350">
     <span class='ocr_line' id='line_1_106' title="bbox 972 2314 1757 2350; baseline -0.01 -1"><span class='ocrx_word' id='word_1_836' title='bbox 972 2326 1065 2350; x_wconf 83' lang='lat' dir='ltr'><strong>seatur</strong></span> <span class='ocrx_word' id='word_1_837' title='bbox 1084 2331 1091 2348; x_wconf 80' lang='grc'>;</span> <span class='ocrx_word' id='word_1_838' title='bbox 1111 2329 1120 2346; x_wconf 90' lang='grc' dir='ltr'><strong>ι</strong></span> <span class='ocrx_word' id='word_1_839' title='bbox 1138 2319 1206 2347; x_wconf 88' lang='lat' dir='ltr'><strong>Cum</strong></span> <span class='ocrx_word' id='word_1_840' title='bbox 1230 2318 1305 2345; x_wconf 89' lang='lat' dir='ltr'><strong>enim</strong></span> <span class='ocrx_word' id='word_1_841' title='bbox 1321 2316 1440 2345; x_wconf 78' lang='lat' dir='ltr'><strong>feceritis</strong></span> <span class='ocrx_word' id='word_1_842' title='bbox 1456 2316 1514 2343; x_wconf 65' lang='lat' dir='ltr'><strong>haec</strong></span> <span class='ocrx_word' id='word_1_843' title='bbox 1540 2315 1642 2347; x_wconf 80' lang='lat' dir='ltr'><strong>omnia,</strong></span> <span class='ocrx_word' id='word_1_844' title='bbox 1658 2314 1757 2348; x_wconf 88' lang='lat' dir='ltr'><strong>inquit.</strong></span> 
     </span>
    </p>
   </div>
   <div class='ocr_carea' id='block_1_107' title="bbox 972 2359 1758 2398">
    <p class='ocr_par' dir='ltr' id='par_1_107' title="bbox 972 2359 1758 2398">
     <span class='ocr_line' id='line_1_107' title="bbox 972 2359 1758 2398; baseline -0.011 -4"><span class='ocrx_word' id='word_1_845' title='bbox 972 2367 1062 2395; x_wconf 87' lang='lat' dir='ltr'><strong>adhuc</strong></span> <span class='ocrx_word' id='word_1_846' title='bbox 1077 2365 1169 2396; x_wconf 87' lang='lat' dir='ltr'><strong>dicite,</strong></span> <span class='ocrx_word' id='word_1_847' title='bbox 1192 2363 1255 2398; x_wconf 83' lang='lat' dir='ltr'><strong>quia</strong></span> <span class='ocrx_word' id='word_1_848' title='bbox 1272 2362 1341 2390; x_wconf 87' lang='lat' dir='ltr'><strong>servi</strong></span> <span class='ocrx_word' id='word_1_849' title='bbox 1354 2362 1464 2389; x_wconf 87' lang='lat' dir='ltr'><strong>inutiles</strong></span> <span class='ocrx_word' id='word_1_850' title='bbox 1482 2368 1578 2388; x_wconf 89' lang='lat' dir='ltr'><strong>sumus</strong></span> <span class='ocrx_word' id='word_1_851' title='bbox 1606 2360 1640 2387; x_wconf 78' lang='lat'><strong>“.</strong></span> <span class='ocrx_word' id='word_1_852' title='bbox 1670 2369 1679 2385; x_wconf 85' lang='grc'><strong>›</strong></span> <span class='ocrx_word' id='word_1_853' title='bbox 1695 2359 1758 2386; x_wconf 70' lang='lat' dir='ltr'><strong>Haec</strong></span> 
     </span>
    </p>
   </div>
   <div class='ocr_carea' id='block_1_108' title="bbox 973 2405 1758 2446">
    <p class='ocr_par' dir='ltr' id='par_1_108' title="bbox 973 2405 1758 2446">
     <span class='ocr_line' id='line_1_108' title="bbox 973 2405 1758 2446; baseline -0.01 -7"><span class='ocrx_word' id='word_1_854' title='bbox 973 2417 1063 2440; x_wconf 79' lang='lat' dir='ltr'><strong>autem</strong></span> <span class='ocrx_word' id='word_1_855' title='bbox 1078 2411 1158 2438; x_wconf 81' lang='lat' dir='ltr'><strong>latria</strong></span> <span class='ocrx_word' id='word_1_856' title='bbox 1176 2409 1308 2446; x_wconf 85' lang='lat' dir='ltr'><strong>(servitus</strong></span> <span class='ocrx_word' id='word_1_857' title='bbox 1323 2408 1380 2436; x_wconf 85' lang='lat' dir='ltr'><strong>sive</strong></span> <span class='ocrx_word' id='word_1_858' title='bbox 1394 2407 1496 2441; x_wconf 83' lang='lat' dir='ltr'><strong>cultus)</strong></span> <span class='ocrx_word' id='word_1_859' title='bbox 1514 2414 1529 2434; x_wconf 78' lang='grc' dir='ltr'><strong>ιι</strong></span> <span class='ocrx_word' id='word_1_860' title='bbox 1547 2406 1611 2434; x_wconf 84' lang='lat' dir='ltr'><strong>ﬁliis</strong></span> <span class='ocrx_word' id='word_1_861' title='bbox 1624 2405 1758 2433; x_wconf 78' lang='lat' dir='ltr'><strong>duntaxat</strong></span> 
     </span>
    </p>
   </div>
   <div class='ocr_carea' id='block_1_109' title="bbox 974 2451 1756 2493">
    <p class='ocr_par' dir='ltr' id='par_1_109' title="bbox 974 2451 1756 2493">
     <span class='ocr_line' id='line_1_109' title="bbox 974 2451 1756 2493; baseline -0.009 -9"><span class='ocrx_word' id='word_1_862' title='bbox 974 2461 1133 2493; x_wconf 74' lang='lat' dir='ltr'><strong>praestatur;</strong></span> <span class='ocrx_word' id='word_1_863' title='bbox 1147 2460 1174 2484; x_wconf 83' lang='lat' dir='ltr'><strong>et</strong></span> <span class='ocrx_word' id='word_1_864' title='bbox 1189 2462 1239 2484; x_wconf 83' lang='lat' dir='ltr'><strong>nos</strong></span> <span class='ocrx_word' id='word_1_865' title='bbox 1254 2462 1308 2482; x_wconf 91' lang='lat' dir='ltr'><strong>non</strong></span> <span class='ocrx_word' id='word_1_866' title='bbox 1322 2454 1350 2481; x_wconf 89' lang='lat' dir='ltr'><strong>in</strong></span> <span class='ocrx_word' id='word_1_867' title='bbox 1366 2460 1518 2485; x_wconf 86' lang='lat' dir='ltr'><strong>servorum,</strong></span> <span class='ocrx_word' id='word_1_868' title='bbox 1533 2452 1580 2480; x_wconf 88' lang='lat' dir='ltr'><strong>sed</strong></span> <span class='ocrx_word' id='word_1_869' title='bbox 1597 2452 1624 2479; x_wconf 92' lang='lat' dir='ltr'><strong>in</strong></span> <span class='ocrx_word' id='word_1_870' title='bbox 1640 2451 1756 2478; x_wconf 69' lang='lat' dir='ltr'><strong>filiorum</strong></span> 
     </span>
    </p>
   </div>
   <div class='ocr_carea' id='block_1_110' title="bbox 972 2499 1758 2532">
    <p class='ocr_par' dir='ltr' id='par_1_110' title="bbox 972 2499 1758 2532">
     <span class='ocr_line' id='line_1_110' title="bbox 972 2499 1758 2532; baseline -0.009 -1"><span class='ocrx_word' id='word_1_871' title='bbox 972 2503 1097 2531; x_wconf 83' lang='lat' dir='ltr'><strong>Ordinem</strong></span> <span class='ocrx_word' id='word_1_872' title='bbox 1122 2507 1149 2530; x_wconf 88' lang='lat' dir='ltr'><strong>et</strong></span> <span class='ocrx_word' id='word_1_873' title='bbox 1171 2502 1262 2530; x_wconf 89' lang='lat' dir='ltr'><strong>locum</strong></span> <span class='ocrx_word' id='word_1_874' title='bbox 1276 2507 1422 2532; x_wconf 82' lang='lat' dir='ltr'><strong>vocamur;</strong></span> <span class='ocrx_word' id='word_1_875' title='bbox 1434 2499 1470 2527; x_wconf 89' lang='lat' dir='ltr'><strong>ob</strong></span> <span class='ocrx_word' id='word_1_876' title='bbox 1487 2499 1513 2527; x_wconf 87' lang='lat' dir='ltr'><strong>id</strong></span> <span class='ocrx_word' id='word_1_877' title='bbox 1528 2506 1639 2527; x_wconf 90' lang='lat' dir='ltr'><strong>carnem</strong></span> <span class='ocrx_word' id='word_1_878' title='bbox 1658 2502 1683 2525; x_wconf 89' lang='lat' dir='ltr'><strong>et</strong></span> <span class='ocrx_word' id='word_1_879' title='bbox 1695 2504 1758 2524; x_wconf 85' lang='lat' dir='ltr'><strong>san-</strong></span> 
     </span>
    </p>
   </div>
   <div class='ocr_carea' id='block_1_111' title="bbox 973 2544 1755 2584">
    <p class='ocr_par' dir='ltr' id='par_1_111' title="bbox 973 2544 1755 2584">
     <span class='ocr_line' id='line_1_111' title="bbox 973 2544 1755 2584; baseline -0.008 -8"><span class='ocrx_word' id='word_1_880' title='bbox 973 2549 1083 2584; x_wconf 76' lang='lat' dir='ltr'><strong>guinem</strong></span> <span class='ocrx_word' id='word_1_881' title='bbox 1101 2548 1161 2583; x_wconf 71' lang='lat' dir='ltr'><strong>eius</strong></span> <span class='ocrx_word' id='word_1_882' title='bbox 1188 2547 1386 2584; x_wconf 73' lang='lat' dir='ltr'><strong>participamus</strong></span> <span class='ocrx_word' id='word_1_883' title='bbox 1406 2556 1413 2574; x_wconf 87' lang='lat'><strong>:</strong></span> <span class='ocrx_word' id='word_1_884' title='bbox 1435 2557 1444 2572; x_wconf 82' lang='grc' dir='ltr'><strong>ι</strong></span> <span class='ocrx_word' id='word_1_885' title='bbox 1462 2545 1543 2574; x_wconf 84' lang='lat' dir='ltr'><strong>Pueri</strong></span> <span class='ocrx_word' id='word_1_886' title='bbox 1558 2546 1642 2577; x_wconf 86' lang='lat' dir='ltr'><strong>enim,</strong></span> <span class='ocrx_word' id='word_1_887' title='bbox 1657 2544 1755 2579; x_wconf 85' lang='lat' dir='ltr'><strong>inquit,</strong></span> 
     </span>
    </p>
   </div>
   <div class='ocr_carea' id='block_1_112' title="bbox 972 2590 1758 2631">
    <p class='ocr_par' dir='ltr' id='par_1_112' title="bbox 972 2590 1758 2631">
     <span class='ocr_line' id='line_1_112' title="bbox 972 2590 1758 2631; baseline -0.009 -8"><span class='ocrx_word' id='word_1_888' title='bbox 972 2596 1050 2624; x_wconf 87' lang='lat' dir='ltr'><strong>carni</strong></span> <span class='ocrx_word' id='word_1_889' title='bbox 1060 2599 1087 2623; x_wconf 88' lang='lat' dir='ltr'><strong>et</strong></span> <span class='ocrx_word' id='word_1_890' title='bbox 1100 2595 1228 2631; x_wconf 80' lang='lat' dir='ltr'><strong>sanguini</strong></span> <span class='ocrx_word' id='word_1_891' title='bbox 1248 2593 1487 2622; x_wconf 84' lang='lat' dir='ltr'><strong>communicarunt</strong></span> <span class='ocrx_word' id='word_1_892' title='bbox 1497 2593 1530 2619; x_wconf 78' lang='grc'><strong>⁰¹.</strong></span> <span class='ocrx_word' id='word_1_893' title='bbox 1549 2602 1558 2618; x_wconf 73' lang='grc' dir='ltr'><strong>ι</strong></span> <span class='ocrx_word' id='word_1_894' title='bbox 1573 2590 1758 2624; x_wconf 83' lang='lat' dir='ltr'><strong>Quemadmo-</strong></span> 
     </span>
    </p>
   </div>
   <div class='ocr_carea' id='block_1_113' title="bbox 973 2634 1757 2676">
    <p class='ocr_par' dir='ltr' id='par_1_113' title="bbox 973 2634 1757 2676">
     <span class='ocr_line' id='line_1_113' title="bbox 973 2634 1757 2676; baseline -0.011 -7"><span class='ocrx_word' id='word_1_895' title='bbox 973 2642 1037 2669; x_wconf 90' lang='lat' dir='ltr'><strong>dum</strong></span> <span class='ocrx_word' id='word_1_896' title='bbox 1063 2648 1184 2676; x_wconf 75' lang='lat' dir='ltr'><strong>namque</strong></span> <span class='ocrx_word' id='word_1_897' title='bbox 1203 2640 1274 2675; x_wconf 87' lang='lat' dir='ltr'><strong>ipse,</strong></span> <span class='ocrx_word' id='word_1_898' title='bbox 1298 2645 1328 2667; x_wconf 91' lang='lat' dir='ltr'><strong>ut</strong></span> <span class='ocrx_word' id='word_1_899' title='bbox 1346 2643 1424 2674; x_wconf 72' lang='lat' dir='ltr'><strong>pater</strong></span> <span class='ocrx_word' id='word_1_900' title='bbox 1446 2642 1537 2665; x_wconf 85' lang='lat' dir='ltr'><strong>nuslcr</strong></span> <span class='ocrx_word' id='word_1_901' title='bbox 1553 2636 1609 2669; x_wconf 86' lang='lat' dir='ltr'><strong>liat,</strong></span> <span class='ocrx_word' id='word_1_902' title='bbox 1628 2641 1655 2662; x_wconf 88' lang='lat' dir='ltr'><strong>et</strong></span> <span class='ocrx_word' id='word_1_903' title='bbox 1678 2634 1757 2662; x_wconf 81' lang='lat' dir='ltr'><strong>verba</strong></span> 
     </span>
    </p>
   </div>
   <div class='ocr_carea' id='block_1_114' title="bbox 974 2680 1757 2723">
    <p class='ocr_par' dir='ltr' id='par_1_114' title="bbox 974 2680 1757 2723">
     <span class='ocr_line' id='line_1_114' title="bbox 974 2680 1757 2723; baseline -0.013 -7"><span class='ocrx_word' id='word_1_904' title='bbox 974 2689 1019 2716; x_wconf 87' lang='lat' dir='ltr'><strong>ilia</strong></span> <span class='ocrx_word' id='word_1_905' title='bbox 1031 2695 1156 2723; x_wconf 88' lang='lat' dir='ltr'><strong>promere</strong></span> <span class='ocrx_word' id='word_1_906' title='bbox 1167 2691 1261 2722; x_wconf 89' lang='lat' dir='ltr'><strong>queat,</strong></span> <span class='ocrx_word' id='word_1_907' title='bbox 1276 2695 1285 2712; x_wconf 86' lang='grc' dir='ltr'><strong>ι</strong></span> <span class='ocrx_word' id='word_1_908' title='bbox 1306 2685 1375 2713; x_wconf 85' lang='lat' dir='ltr'><strong>Ecce</strong></span> <span class='ocrx_word' id='word_1_909' title='bbox 1390 2691 1441 2718; x_wconf 77' lang='lat' dir='ltr'><strong>ego</strong></span> <span class='ocrx_word' id='word_1_910' title='bbox 1455 2687 1483 2710; x_wconf 83' lang='lat' dir='ltr'><strong>et</strong></span> <span class='ocrx_word' id='word_1_911' title='bbox 1503 2682 1579 2718; x_wconf 81' lang='lat' dir='ltr'><strong>pueri</strong></span> <span class='ocrx_word' id='word_1_912' title='bbox 1608 2680 1671 2713; x_wconf 82' lang='lat' dir='ltr'><strong>mei,</strong></span> <span class='ocrx_word' id='word_1_913' title='bbox 1688 2687 1757 2714; x_wconf 87' lang='lat' dir='ltr'><strong>quos</strong></span> 
     </span>
    </p>
   </div>
   <div class='ocr_carea' id='block_1_115' title="bbox 974 2728 1758 2765">
    <p class='ocr_par' dir='ltr' id='par_1_115' title="bbox 974 2728 1758 2765">
     <span class='ocr_line' id='line_1_115' title="bbox 974 2728 1758 2765; baseline -0.013 -3"><span class='ocrx_word' id='word_1_914' title='bbox 974 2735 1048 2762; x_wconf 89' lang='lat' dir='ltr'><strong>dedit</strong></span> <span class='ocrx_word' id='word_1_915' title='bbox 1064 2734 1130 2761; x_wconf 89' lang='lat' dir='ltr'><strong>mihi</strong></span> <span class='ocrx_word' id='word_1_916' title='bbox 1145 2733 1216 2760; x_wconf 85' lang='lat' dir='ltr'><strong>Deus</strong></span> <span class='ocrx_word' id='word_1_917' title='bbox 1235 2732 1269 2765; x_wconf 67' lang='grc' dir='ltr'><strong>ε’,</strong></span> <span class='ocrx_word' id='word_1_918' title='bbox 1290 2741 1300 2758; x_wconf 70' lang='grc' dir='ltr'><strong>ι</strong></span> <span class='ocrx_word' id='word_1_919' title='bbox 1317 2730 1410 2759; x_wconf 85' lang='lat' dir='ltr'><strong>carnis</strong></span> <span class='ocrx_word' id='word_1_920' title='bbox 1425 2733 1453 2757; x_wconf 89' lang='lat' dir='ltr'><strong>et</strong></span> <span class='ocrx_word' id='word_1_921' title='bbox 1473 2728 1615 2763; x_wconf 73' lang='lat' dir='ltr'><strong>sanguinis</strong></span> <span class='ocrx_word' id='word_1_922' title='bbox 1643 2733 1758 2754; x_wconf 89' lang='lat' dir='ltr'><strong>consors</strong></span> 
     </span>
    </p>
   </div>
   <div class='ocr_carea' id='block_1_116' title="bbox 975 2772 1758 2809">
    <p class='ocr_par' dir='ltr' id='par_1_116' title="bbox 975 2772 1758 2809">
     <span class='ocr_line' id='line_1_116' title="bbox 975 2772 1758 2809; baseline -0.014 -1"><span class='ocrx_word' id='word_1_923' title='bbox 975 2780 1053 2808; x_wconf 87' lang='lat' dir='ltr'><strong>nobis</strong></span> <span class='ocrx_word' id='word_1_924' title='bbox 1067 2779 1156 2807; x_wconf 80' lang='lat' dir='ltr'><strong>iactus</strong></span> <span class='ocrx_word' id='word_1_925' title='bbox 1169 2783 1212 2806; x_wconf 87' lang='lat' dir='ltr'><strong>est</strong></span> <span class='ocrx_word' id='word_1_926' title='bbox 1229 2786 1236 2806; x_wconf 94' lang='lat'><strong>:</strong></span> <span class='ocrx_word' id='word_1_927' title='bbox 1251 2777 1290 2806; x_wconf 85' lang='lat' dir='ltr'><strong>sic</strong></span> <span class='ocrx_word' id='word_1_928' title='bbox 1300 2781 1327 2805; x_wconf 86' lang='lat' dir='ltr'><strong>et</strong></span> <span class='ocrx_word' id='word_1_929' title='bbox 1341 2783 1401 2809; x_wconf 90' lang='lat' dir='ltr'><strong>nos,</strong></span> <span class='ocrx_word' id='word_1_930' title='bbox 1414 2779 1443 2802; x_wconf 89' lang='lat' dir='ltr'><strong>ut</strong></span> <span class='ocrx_word' id='word_1_931' title='bbox 1457 2775 1531 2802; x_wconf 88' lang='lat' dir='ltr'><strong>illius</strong></span> <span class='ocrx_word' id='word_1_932' title='bbox 1545 2773 1590 2800; x_wconf 85' lang='lat' dir='ltr'><strong>iilil</strong></span> <span class='ocrx_word' id='word_1_933' title='bbox 1601 2772 1758 2803; x_wconf 79' lang='lat' dir='ltr'><strong>evadamus,</strong></span> 
     </span>
    </p>
   </div>
   <div class='ocr_carea' id='block_1_117' title="bbox 169 2828 911 2872">
    <p class='ocr_par' dir='ltr' id='par_1_117' title="bbox 169 2837 911 2872">
     <span class='ocr_line' id='line_1_117' title="bbox 169 2837 911 2872; baseline -0.004 -5"><span class='ocrx_word' id='word_1_934' title='bbox 169 2841 193 2856; x_wconf 86' lang='lat'>“</span> <span class='ocrx_word' id='word_1_935' title='bbox 209 2840 288 2868; x_wconf 75' lang='lat' dir='ltr'><strong>Joan.</strong></span> <span class='ocrx_word' id='word_1_936' title='bbox 306 2847 343 2870; x_wconf 89' lang='lat' dir='ltr'><strong>vI,</strong></span> <span class='ocrx_word' id='word_1_937' title='bbox 358 2839 402 2867; x_wconf 78' lang='lat'><strong>57.</strong></span> <span class='ocrx_word' id='word_1_938' title='bbox 440 2839 461 2855; x_wconf 80' lang='grc'><strong>⁵⁷</strong></span> <span class='ocrx_word' id='word_1_939' title='bbox 475 2839 554 2866; x_wconf 86' lang='lat' dir='ltr'><strong>Joan.</strong></span> <span class='ocrx_word' id='word_1_940' title='bbox 578 2847 616 2872; x_wconf 74' lang='lat' dir='ltr'><strong>vr,</strong></span> <span class='ocrx_word' id='word_1_941' title='bbox 628 2839 672 2867; x_wconf 77' lang='lat'><strong>58.</strong></span> <span class='ocrx_word' id='word_1_942' title='bbox 709 2839 732 2856; x_wconf 86' lang='lat'>&quot;</span> <span class='ocrx_word' id='word_1_943' title='bbox 750 2837 830 2865; x_wconf 81' lang='lat' dir='ltr'><strong>Joan.</strong></span> <span class='ocrx_word' id='word_1_944' title='bbox 847 2845 884 2871; x_wconf 82' lang='grc' dir='ltr'><strong>ιν,</strong></span> <span class='ocrx_word' id='word_1_945' title='bbox 896 2837 911 2864; x_wconf 72' lang='lat'><strong>‘2</strong></span> 
     </span>
    </p>
   </div>
   <div class='ocr_carea' id='block_1_118' title="bbox 967 2828 1757 2872">
    <p class='ocr_par' dir='ltr' id='par_1_118' title="bbox 981 2828 1757 2869">
     <span class='ocr_line' id='line_1_118' title="bbox 981 2828 1757 2869; baseline -0.012 -4"><span class='ocrx_word' id='word_1_946' title='bbox 981 2838 1003 2854; x_wconf 90' lang='lat'><strong>&quot;</strong></span> <span class='ocrx_word' id='word_1_947' title='bbox 1020 2836 1115 2864; x_wconf 78' lang='lat' dir='ltr'><strong>Matth.</strong></span> <span class='ocrx_word' id='word_1_948' title='bbox 1133 2843 1199 2866; x_wconf 82' lang='lat' dir='ltr'><strong>xxu.</strong></span> <span class='ocrx_word' id='word_1_949' title='bbox 1227 2836 1280 2863; x_wconf 76' lang='grc'><strong>32.</strong></span> <span class='ocrx_word' id='word_1_950' title='bbox 1321 2832 1428 2869; x_wconf 50' lang='grc' dir='ltr'><strong>αξιοι.</strong></span> <span class='ocrx_word' id='word_1_951' title='bbox 1460 2839 1527 2864; x_wconf 77' lang='lat' dir='ltr'><strong>nn,</strong></span> <span class='ocrx_word' id='word_1_952' title='bbox 1556 2830 1599 2858; x_wconf 83' lang='lat' dir='ltr'><strong>ii).</strong></span> <span class='ocrx_word' id='word_1_953' title='bbox 1638 2829 1657 2846; x_wconf 82' lang='lat'><strong>&quot;</strong></span> <span class='ocrx_word' id='word_1_954' title='bbox 1675 2828 1757 2858; x_wconf 82' lang='lat' dir='ltr'><strong>Hebr.</strong></span> 
     </span>
    </p>
   </div>
   <div class='ocr_carea' id='block_1_119' title="bbox 137 2874 494 2909">
    <p class='ocr_par' dir='ltr' id='par_1_119' title="bbox 137 2874 494 2909">
     <span class='ocr_line' id='line_1_119' title="bbox 137 2874 494 2909; baseline -0.006 -6"><span class='ocrx_word' id='word_1_955' title='bbox 137 2884 167 2909; x_wconf 82' lang='grc' dir='ltr'><strong>ιι,</strong></span> <span class='ocrx_word' id='word_1_956' title='bbox 183 2876 225 2904; x_wconf 64' lang='lat' dir='ltr'><strong>il.</strong></span> <span class='ocrx_word' id='word_1_957' title='bbox 263 2876 286 2892; x_wconf 82' lang='lat'><strong>&quot;</strong></span> <span class='ocrx_word' id='word_1_958' title='bbox 305 2876 358 2903; x_wconf 76' lang='lat' dir='ltr'><strong>lsa.</strong></span> <span class='ocrx_word' id='word_1_959' title='bbox 375 2882 432 2907; x_wconf 86' lang='lat' dir='ltr'><strong>vut,</strong></span> <span class='ocrx_word' id='word_1_960' title='bbox 451 2874 494 2902; x_wconf 85' lang='lat' dir='ltr'><strong>i8.</strong></span> 
     </span>
    </p>
   </div>
  </div>
