  <div class='ocr_page' id='page_1' title='image "/cluster/home/n/w/nwhite01/storage/ocr_20150623/150/njp.32101077773180/314.png"; bbox 0 0 1967 3071; ppageno 0'>
   <div class='ocr_carea' id='block_1_1' title="bbox 139 149 187 181">
    <p class='ocr_par' dir='ltr' id='par_1_1' title="bbox 139 149 187 181">
     <span class='ocr_line' id='line_1_1' title="bbox 139 149 187 181; baseline -0.042 0"><span class='ocrx_word' id='word_1_1' title='bbox 139 149 187 181; x_wconf 80' lang='grc' dir='ltr'><strong>6οὶ</strong></span> 
     </span>
    </p>
   </div>
   <div class='ocr_carea' id='block_1_2' title="bbox 669 153 1242 189">
    <p class='ocr_par' dir='ltr' id='par_1_2' title="bbox 669 153 1242 189">
     <span class='ocr_line' id='line_1_2' title="bbox 669 153 1242 189; baseline 0.01 -6"><span class='ocrx_word' id='word_1_2' title='bbox 669 153 718 183; x_wconf 80' lang='lat' dir='ltr'><strong>DE</strong></span> <span class='ocrx_word' id='word_1_3' title='bbox 731 154 818 184; x_wconf 81' lang='lat' dir='ltr'><strong>VITA</strong></span> <span class='ocrx_word' id='word_1_4' title='bbox 839 155 881 186; x_wconf 83' lang='grc' dir='ltr'><strong>ΙΝ</strong></span> <span class='ocrx_word' id='word_1_5' title='bbox 899 156 1066 188; x_wconf 78' lang='lat' dir='ltr'><strong>CHRISTO</strong></span> <span class='ocrx_word' id='word_1_6' title='bbox 1097 158 1169 188; x_wconf 85' lang='lat' dir='ltr'><strong>LIB.</strong></span> <span class='ocrx_word' id='word_1_7' title='bbox 1192 157 1242 189; x_wconf 86' lang='lat' dir='ltr'><strong>IV.</strong></span> 
     </span>
    </p>
   </div>
   <div class='ocr_carea' id='block_1_3' title="bbox 1701 164 1754 195">
    <p class='ocr_par' dir='ltr' id='par_1_3' title="bbox 1701 164 1754 195">
     <span class='ocr_line' id='line_1_3' title="bbox 1701 164 1754 195; baseline 0.038 -2"><span class='ocrx_word' id='word_1_8' title='bbox 1701 164 1754 195; x_wconf 70' lang='grc'><strong>(02</strong></span> 
     </span>
    </p>
   </div>
   <div class='ocr_carea' id='block_1_4' title="bbox 138 206 916 254">
    <p class='ocr_par' dir='ltr' id='par_1_4' title="bbox 138 206 916 246">
     <span class='ocr_line' id='line_1_4' title="bbox 138 206 916 246; baseline 0.008 -13"><span class='ocrx_word' id='word_1_9' title='bbox 138 207 190 234; x_wconf 86' lang='grc' dir='ltr'><strong>οὐκ</strong></span> <span class='ocrx_word' id='word_1_10' title='bbox 200 207 234 234; x_wconf 73' lang='grc' dir='ltr'><strong>ἄν</strong></span> <span class='ocrx_word' id='word_1_11' title='bbox 247 216 287 239; x_wconf 79' lang='grc' dir='ltr'><strong>τις</strong></span> <span class='ocrx_word' id='word_1_12' title='bbox 299 208 340 242; x_wconf 79' lang='grc' dir='ltr'><strong>τίη</strong></span> <span class='ocrx_word' id='word_1_13' title='bbox 357 207 490 242; x_wconf 76' lang='grc' dir='ltr'><strong>σύνοικος,</strong></span> <span class='ocrx_word' id='word_1_14' title='bbox 504 206 527 242; x_wconf 81' lang='grc' dir='ltr'>ᾦ</span> <span class='ocrx_word' id='word_1_15' title='bbox 538 209 587 243; x_wconf 79' lang='grc' dir='ltr'><strong>τὴν</strong></span> <span class='ocrx_word' id='word_1_16' title='bbox 600 209 685 244; x_wconf 81' lang='grc' dir='ltr'><strong>αὐτὴν</strong></span> <span class='ocrx_word' id='word_1_17' title='bbox 700 210 808 246; x_wconf 81' lang='grc' dir='ltr'><strong>ᾤκησεν</strong></span> <span class='ocrx_word' id='word_1_18' title='bbox 820 212 916 245; x_wconf 76' lang='grc' dir='ltr'><strong>οἰκίαν,</strong></span> 
     </span>
    </p>
   </div>
   <div class='ocr_carea' id='block_1_5' title="bbox 967 206 1753 254">
    <p class='ocr_par' dir='ltr' id='par_1_5' title="bbox 973 214 1753 254">
     <span class='ocr_line' id='line_1_5' title="bbox 973 214 1753 254; baseline 0.01 -14"><span class='ocrx_word' id='word_1_19' title='bbox 973 214 1111 241; x_wconf 83' lang='lat' dir='ltr'><strong>munionis</strong></span> <span class='ocrx_word' id='word_1_20' title='bbox 1134 219 1162 242; x_wconf 86' lang='lat' dir='ltr'><strong>et</strong></span> <span class='ocrx_word' id='word_1_21' title='bbox 1177 216 1265 249; x_wconf 82' lang='lat' dir='ltr'><strong>imago</strong></span> <span class='ocrx_word' id='word_1_22' title='bbox 1278 215 1390 244; x_wconf 77' lang='lat' dir='ltr'><strong>dicenda</strong></span> <span class='ocrx_word' id='word_1_23' title='bbox 1418 221 1460 244; x_wconf 89' lang='lat' dir='ltr'><strong>est</strong></span> <span class='ocrx_word' id='word_1_24' title='bbox 1475 217 1571 252; x_wconf 78' lang='lat' dir='ltr'><strong>magis,</strong></span> <span class='ocrx_word' id='word_1_25' title='bbox 1582 226 1663 254; x_wconf 91' lang='lat' dir='ltr'><strong>quam</strong></span> <span class='ocrx_word' id='word_1_26' title='bbox 1675 227 1753 247; x_wconf 87' lang='lat' dir='ltr'><strong>com-</strong></span> 
     </span>
    </p>
   </div>
   <div class='ocr_carea' id='block_1_6' title="bbox 141 254 921 291">
    <p class='ocr_par' dir='ltr' id='par_1_6' title="bbox 141 254 921 291">
     <span class='ocr_line' id='line_1_6' title="bbox 141 254 921 291; baseline 0.006 -12"><span class='ocrx_word' id='word_1_27' title='bbox 141 254 166 279; x_wconf 81' lang='grc' dir='ltr'><strong>εί</strong></span> <span class='ocrx_word' id='word_1_28' title='bbox 192 254 252 288; x_wconf 80' lang='grc' dir='ltr'><strong>μετ’</strong></span> <span class='ocrx_word' id='word_1_29' title='bbox 269 254 373 280; x_wconf 68' lang='grc' dir='ltr'><strong>ἐκεῖνον</strong></span> <span class='ocrx_word' id='word_1_30' title='bbox 391 254 490 288; x_wconf 76' lang='grc' dir='ltr'><strong>οἰκοίη·</strong></span> <span class='ocrx_word' id='word_1_31' title='bbox 506 254 560 280; x_wconf 77' lang='grc' dir='ltr'><strong>οὐδ’</strong></span> <span class='ocrx_word' id='word_1_32' title='bbox 578 255 665 290; x_wconf 78' lang='grc' dir='ltr'><strong>ἀρχῆς</strong></span> <span class='ocrx_word' id='word_1_33' title='bbox 677 256 724 282; x_wconf 79' lang='grc' dir='ltr'><strong>καὶ</strong></span> <span class='ocrx_word' id='word_1_34' title='bbox 747 258 921 291; x_wconf 75' lang='grc' dir='ltr'><strong>πραγμάτων</strong></span> 
     </span>
    </p>
   </div>
   <div class='ocr_carea' id='block_1_7' title="bbox 141 298 921 339">
    <p class='ocr_par' dir='ltr' id='par_1_7' title="bbox 141 298 921 339">
     <span class='ocr_line' id='line_1_7' title="bbox 141 298 921 339; baseline 0.008 -15"><span class='ocrx_word' id='word_1_35' title='bbox 141 299 188 325; x_wconf 81' lang='grc' dir='ltr'><strong>καὶ</strong></span> <span class='ocrx_word' id='word_1_36' title='bbox 209 298 359 332; x_wconf 81' lang='grc' dir='ltr'><strong>φροντίδων</strong></span> <span class='ocrx_word' id='word_1_37' title='bbox 389 299 516 331; x_wconf 82' lang='grc' dir='ltr'><strong>κοινωνὸς</strong></span> <span class='ocrx_word' id='word_1_38' title='bbox 534 300 646 335; x_wconf 78' lang='grc' dir='ltr'><strong>ὁτῳοῦν,</strong></span> <span class='ocrx_word' id='word_1_39' title='bbox 660 301 689 333; x_wconf 78' lang='grc' dir='ltr'><strong>ὃς</strong></span> <span class='ocrx_word' id='word_1_40' title='bbox 715 302 852 335; x_wconf 67' lang='grc' dir='ltr'><strong>ἐξεδέξατο</strong></span> <span class='ocrx_word' id='word_1_41' title='bbox 871 303 921 339; x_wconf 78' lang='grc' dir='ltr'><strong>τὴν</strong></span> 
     </span>
    </p>
   </div>
   <div class='ocr_carea' id='block_1_8' title="bbox 141 343 921 380">
    <p class='ocr_par' dir='ltr' id='par_1_8' title="bbox 141 343 921 380">
     <span class='ocr_line' id='line_1_8' title="bbox 141 343 921 380; baseline 0.008 -12"><span class='ocrx_word' id='word_1_42' title='bbox 141 343 237 377; x_wconf 77' lang='grc' dir='ltr'><strong>ἀρχὴν,</strong></span> <span class='ocrx_word' id='word_1_43' title='bbox 255 343 315 369; x_wconf 83' lang='grc' dir='ltr'><strong>ἀλλ’</strong></span> <span class='ocrx_word' id='word_1_44' title='bbox 328 343 357 374; x_wconf 77' lang='grc' dir='ltr'><strong>ὃς</strong></span> <span class='ocrx_word' id='word_1_45' title='bbox 372 343 405 370; x_wconf 75' lang='grc' dir='ltr'><strong>ἃν</strong></span> <span class='ocrx_word' id='word_1_46' title='bbox 428 344 497 379; x_wconf 83' lang='grc' dir='ltr'><strong>πρός</strong></span> <span class='ocrx_word' id='word_1_47' title='bbox 520 352 554 378; x_wconf 84' lang='grc' dir='ltr'><strong>γε</strong></span> <span class='ocrx_word' id='word_1_48' title='bbox 578 345 618 378; x_wconf 81' lang='grc' dir='ltr'><strong>τῷ</strong></span> <span class='ocrx_word' id='word_1_49' title='bbox 642 345 688 372; x_wconf 78' lang='grc' dir='ltr'><strong>τὸν</strong></span> <span class='ocrx_word' id='word_1_50' title='bbox 710 346 792 373; x_wconf 75' lang='grc' dir='ltr'><strong>αὐτὸν</strong></span> <span class='ocrx_word' id='word_1_51' title='bbox 811 347 921 380; x_wconf 79' lang='grc' dir='ltr'><strong>οίκῆσαι</strong></span> 
     </span>
    </p>
   </div>
   <div class='ocr_carea' id='block_1_9' title="bbox 140 389 917 427">
    <p class='ocr_par' dir='ltr' id='par_1_9' title="bbox 140 389 917 427">
     <span class='ocr_line' id='line_1_9' title="bbox 140 389 917 427; baseline 0.006 -13"><span class='ocrx_word' id='word_1_52' title='bbox 140 389 224 415; x_wconf 80' lang='grc' dir='ltr'><strong>τόπον</strong></span> <span class='ocrx_word' id='word_1_53' title='bbox 244 389 292 415; x_wconf 75' lang='grc' dir='ltr'><strong>καὶ</strong></span> <span class='ocrx_word' id='word_1_54' title='bbox 305 389 361 415; x_wconf 84' lang='grc' dir='ltr'><strong>τῶν</strong></span> <span class='ocrx_word' id='word_1_55' title='bbox 388 390 478 417; x_wconf 85' lang='grc' dir='ltr'><strong>αὐτῶν</strong></span> <span class='ocrx_word' id='word_1_56' title='bbox 496 390 646 424; x_wconf 77' lang='grc' dir='ltr'><strong>προστῆναι</strong></span> <span class='ocrx_word' id='word_1_57' title='bbox 675 392 859 427; x_wconf 80' lang='grc' dir='ltr'><strong>πραγμάτων,</strong></span> <span class='ocrx_word' id='word_1_58' title='bbox 877 392 917 420; x_wconf 74' lang='grc' dir='ltr'><strong>ἔτι</strong></span> 
     </span>
    </p>
   </div>
   <div class='ocr_carea' id='block_1_10' title="bbox 141 433 919 470">
    <p class='ocr_par' dir='ltr' id='par_1_10' title="bbox 141 433 919 470">
     <span class='ocr_line' id='line_1_10' title="bbox 141 433 919 470; baseline 0.009 -11"><span class='ocrx_word' id='word_1_59' title='bbox 141 433 188 460; x_wconf 72' lang='grc' dir='ltr'><strong>καὶ</strong></span> <span class='ocrx_word' id='word_1_60' title='bbox 200 434 306 468; x_wconf 79' lang='grc' dir='ltr'>χρόνοις</span> <span class='ocrx_word' id='word_1_61' title='bbox 317 435 450 470; x_wconf 78' lang='grc' dir='ltr'><strong>χρήσαιτο</strong></span> <span class='ocrx_word' id='word_1_62' title='bbox 460 437 516 468; x_wconf 77' lang='grc' dir='ltr'><strong>τοῖς</strong></span> <span class='ocrx_word' id='word_1_63' title='bbox 524 437 618 468; x_wconf 78' lang='grc' dir='ltr'><strong>αὐτοῖς</strong></span> <span class='ocrx_word' id='word_1_64' title='bbox 627 445 634 452; x_wconf 93' lang='grc'>·</span> <span class='ocrx_word' id='word_1_65' title='bbox 650 437 696 464; x_wconf 76' lang='grc' dir='ltr'><strong>τὸν</strong></span> <span class='ocrx_word' id='word_1_66' title='bbox 711 437 767 464; x_wconf 68' lang='grc' dir='ltr'><strong>ἴσον</strong></span> <span class='ocrx_word' id='word_1_67' title='bbox 779 438 919 466; x_wconf 79' lang='grc' dir='ltr'><strong>κάνταῦθα</strong></span> 
     </span>
    </p>
   </div>
   <div class='ocr_carea' id='block_1_11' title="bbox 139 479 919 518">
    <p class='ocr_par' dir='ltr' id='par_1_11' title="bbox 139 479 919 518">
     <span class='ocr_line' id='line_1_11' title="bbox 139 479 919 518; baseline 0.006 -13"><span class='ocrx_word' id='word_1_68' title='bbox 139 479 242 514; x_wconf 75' lang='grc' dir='ltr'><strong>τρόπον</strong></span> <span class='ocrx_word' id='word_1_69' title='bbox 260 480 294 507; x_wconf 84' lang='grc' dir='ltr'><strong>ἃν</strong></span> <span class='ocrx_word' id='word_1_70' title='bbox 309 481 384 515; x_wconf 77' lang='grc' dir='ltr'><strong>ἔχοι·</strong></span> <span class='ocrx_word' id='word_1_71' title='bbox 403 482 450 508; x_wconf 79' lang='grc' dir='ltr'><strong>καὶ</strong></span> <span class='ocrx_word' id='word_1_72' title='bbox 469 483 571 517; x_wconf 75' lang='grc' dir='ltr'><strong>σαρκὸς</strong></span> <span class='ocrx_word' id='word_1_73' title='bbox 590 483 637 509; x_wconf 79' lang='grc' dir='ltr'><strong>καὶ</strong></span> <span class='ocrx_word' id='word_1_74' title='bbox 657 483 772 518; x_wconf 70' lang='grc' dir='ltr'><strong>αἵματος</strong></span> <span class='ocrx_word' id='word_1_75' title='bbox 793 485 850 515; x_wconf 77' lang='grc' dir='ltr'><strong>τοῖς</strong></span> <span class='ocrx_word' id='word_1_76' title='bbox 870 485 919 518; x_wconf 75' lang='grc' dir='ltr'><strong>μὲν</strong></span> 
     </span>
    </p>
   </div>
   <div class='ocr_carea' id='block_1_12' title="bbox 138 526 921 564">
    <p class='ocr_par' dir='ltr' id='par_1_12' title="bbox 138 526 921 564">
     <span class='ocr_line' id='line_1_12' title="bbox 138 526 921 564; baseline 0.006 -13"><span class='ocrx_word' id='word_1_77' title='bbox 138 526 333 560; x_wconf 81' lang='grc' dir='ltr'><strong>γεγεννηκόσιν</strong></span> <span class='ocrx_word' id='word_1_78' title='bbox 354 527 384 553; x_wconf 84' lang='grc' dir='ltr'><strong>οὐ</strong></span> <span class='ocrx_word' id='word_1_79' title='bbox 411 527 494 560; x_wconf 83' lang='grc' dir='ltr'><strong>πάνυ,</strong></span> <span class='ocrx_word' id='word_1_80' title='bbox 520 528 556 563; x_wconf 77' lang='grc' dir='ltr'><strong>μὴ</strong></span> <span class='ocrx_word' id='word_1_81' title='bbox 581 528 628 555; x_wconf 78' lang='grc' dir='ltr'><strong>τὸν</strong></span> <span class='ocrx_word' id='word_1_82' title='bbox 650 529 731 556; x_wconf 80' lang='grc' dir='ltr'><strong>αὑτὸν</strong></span> <span class='ocrx_word' id='word_1_83' title='bbox 757 529 823 564; x_wconf 75' lang='grc' dir='ltr'><strong>ἡμῖν</strong></span> <span class='ocrx_word' id='word_1_84' title='bbox 850 531 921 556; x_wconf 77' lang='grc' dir='ltr'><strong>αὐτὰ</strong></span> 
     </span>
    </p>
   </div>
   <div class='ocr_carea' id='block_1_13' title="bbox 138 572 921 611">
    <p class='ocr_par' dir='ltr' id='par_1_13' title="bbox 138 572 921 611">
     <span class='ocr_line' id='line_1_13' title="bbox 138 572 921 611; baseline 0.006 -14"><span class='ocrx_word' id='word_1_85' title='bbox 138 572 304 607; x_wconf 78' lang='grc' dir='ltr'><strong>μετασχοῦσι</strong></span> <span class='ocrx_word' id='word_1_86' title='bbox 315 573 422 608; x_wconf 88' lang='grc' dir='ltr'><strong>χρόνον,</strong></span> <span class='ocrx_word' id='word_1_87' title='bbox 435 574 474 608; x_wconf 84' lang='grc' dir='ltr'><strong>τῷ</strong></span> <span class='ocrx_word' id='word_1_88' title='bbox 484 574 596 609; x_wconf 80' lang='grc' dir='ltr'><strong>Χριστῷ</strong></span> <span class='ocrx_word' id='word_1_89' title='bbox 607 575 636 602; x_wconf 74' lang='grc' dir='ltr'><strong>δὲ</strong></span> <span class='ocrx_word' id='word_1_90' title='bbox 649 575 686 606; x_wconf 83' lang='grc' dir='ltr'><strong>ὡς</strong></span> <span class='ocrx_word' id='word_1_91' title='bbox 702 575 811 611; x_wconf 80' lang='grc' dir='ltr'><strong>ἀληθῶς</strong></span> <span class='ocrx_word' id='word_1_92' title='bbox 824 584 921 602; x_wconf 86' lang='grc' dir='ltr'><strong>κοινω-</strong></span> 
     </span>
    </p>
   </div>
   <div class='ocr_carea' id='block_1_14' title="bbox 136 617 918 658">
    <p class='ocr_par' dir='ltr' id='par_1_14' title="bbox 136 617 918 658">
     <span class='ocr_line' id='line_1_14' title="bbox 136 617 918 658; baseline 0.005 -15"><span class='ocrx_word' id='word_1_93' title='bbox 136 617 247 652; x_wconf 83' lang='grc' dir='ltr'><strong>νοῦμεν,</strong></span> <span class='ocrx_word' id='word_1_94' title='bbox 266 619 335 653; x_wconf 75' lang='grc' dir='ltr'><strong>πρὸς</strong></span> <span class='ocrx_word' id='word_1_95' title='bbox 348 619 378 646; x_wconf 70' lang='grc' dir='ltr'><strong>ὃν</strong></span> <span class='ocrx_word' id='word_1_96' title='bbox 391 621 438 646; x_wconf 87' lang='grc' dir='ltr'><strong>καὶ</strong></span> <span class='ocrx_word' id='word_1_97' title='bbox 462 621 504 646; x_wconf 71' lang='grc' dir='ltr'><strong>ἀεὶ</strong></span> <span class='ocrx_word' id='word_1_98' title='bbox 525 620 604 654; x_wconf 81' lang='grc' dir='ltr'><strong>σῶμα</strong></span> <span class='ocrx_word' id='word_1_99' title='bbox 624 620 672 647; x_wconf 80' lang='grc' dir='ltr'><strong>καὶ</strong></span> <span class='ocrx_word' id='word_1_100' title='bbox 694 619 763 656; x_wconf 81' lang='grc' dir='ltr'><strong>αἷμα</strong></span> <span class='ocrx_word' id='word_1_101' title='bbox 777 621 826 649; x_wconf 76' lang='grc' dir='ltr'><strong>καὶ</strong></span> <span class='ocrx_word' id='word_1_102' title='bbox 850 622 918 658; x_wconf 86' lang='grc' dir='ltr'><strong>μέλη</strong></span> 
     </span>
    </p>
   </div>
   <div class='ocr_carea' id='block_1_15' title="bbox 136 663 918 700">
    <p class='ocr_par' dir='ltr' id='par_1_15' title="bbox 136 663 918 700">
     <span class='ocr_line' id='line_1_15' title="bbox 136 663 918 700; baseline 0.008 -11"><span class='ocrx_word' id='word_1_103' title='bbox 136 667 185 690; x_wconf 80' lang='grc' dir='ltr'><strong>και</strong></span> <span class='ocrx_word' id='word_1_104' title='bbox 199 663 288 690; x_wconf 87' lang='grc' dir='ltr'><strong>πάντα</strong></span> <span class='ocrx_word' id='word_1_105' title='bbox 300 665 385 691; x_wconf 84' lang='grc' dir='ltr'><strong>ταῦτα</strong></span> <span class='ocrx_word' id='word_1_106' title='bbox 400 665 486 692; x_wconf 83' lang='grc' dir='ltr'><strong>κοινά.</strong></span> <span class='ocrx_word' id='word_1_107' title='bbox 503 666 571 692; x_wconf 77' lang='grc' dir='ltr'><strong>Είδὲ</strong></span> <span class='ocrx_word' id='word_1_108' title='bbox 586 666 664 693; x_wconf 83' lang='grc' dir='ltr'><strong>τοῦτο</strong></span> <span class='ocrx_word' id='word_1_109' title='bbox 678 668 751 694; x_wconf 74' lang='grc' dir='ltr'><strong>ποιεῖ</strong></span> <span class='ocrx_word' id='word_1_110' title='bbox 763 668 798 694; x_wconf 85' lang='grc' dir='ltr'><strong>τὰ</strong></span> <span class='ocrx_word' id='word_1_111' title='bbox 812 668 918 700; x_wconf 84' lang='grc' dir='ltr'><strong>παιδία,</strong></span> 
     </span>
    </p>
   </div>
   <div class='ocr_carea' id='block_1_16' title="bbox 134 710 919 748">
    <p class='ocr_par' dir='ltr' id='par_1_16' title="bbox 134 710 919 748">
     <span class='ocr_line' id='line_1_16' title="bbox 134 710 919 748; baseline 0.005 -12"><span class='ocrx_word' id='word_1_112' title='bbox 134 710 166 736; x_wconf 70' lang='grc' dir='ltr'><strong>τὸ</strong></span> <span class='ocrx_word' id='word_1_113' title='bbox 185 711 351 744; x_wconf 85' lang='grc' dir='ltr'><strong>κοινωνῆσαι</strong></span> <span class='ocrx_word' id='word_1_114' title='bbox 367 711 470 746; x_wconf 82' lang='grc' dir='ltr'><strong>σαρκὸς</strong></span> <span class='ocrx_word' id='word_1_115' title='bbox 484 712 532 738; x_wconf 75' lang='grc' dir='ltr'><strong>καὶ</strong></span> <span class='ocrx_word' id='word_1_116' title='bbox 549 712 676 746; x_wconf 76' lang='grc' dir='ltr'><strong>αἵματος,</strong></span> <span class='ocrx_word' id='word_1_117' title='bbox 690 713 769 748; x_wconf 78' lang='grc' dir='ltr'><strong>δῆλον</strong></span> <span class='ocrx_word' id='word_1_118' title='bbox 785 713 919 740; x_wconf 86' lang='grc' dir='ltr'><strong>καθέστα-</strong></span> 
     </span>
    </p>
   </div>
   <div class='ocr_carea' id='block_1_17' title="bbox 138 754 920 793">
    <p class='ocr_par' dir='ltr' id='par_1_17' title="bbox 138 754 920 793">
     <span class='ocr_line' id='line_1_17' title="bbox 138 754 920 793; baseline 0.008 -14"><span class='ocrx_word' id='word_1_119' title='bbox 138 761 188 788; x_wconf 73' lang='grc' dir='ltr'><strong>μεν</strong></span> <span class='ocrx_word' id='word_1_120' title='bbox 203 754 272 788; x_wconf 73' lang='grc' dir='ltr'><strong>πρὸς</strong></span> <span class='ocrx_word' id='word_1_121' title='bbox 282 756 328 780; x_wconf 69' lang='grc' dir='ltr'><strong>τὸν</strong></span> <span class='ocrx_word' id='word_1_122' title='bbox 340 754 455 789; x_wconf 85' lang='grc' dir='ltr'><strong>Σωτῆρα</strong></span> <span class='ocrx_word' id='word_1_123' title='bbox 469 755 681 791; x_wconf 71' lang='grc' dir='ltr'><strong>συγγενέστερον</strong></span> <span class='ocrx_word' id='word_1_124' title='bbox 691 756 799 792; x_wconf 65' lang='grc' dir='ltr'><strong>ἔχοντες</strong></span> <span class='ocrx_word' id='word_1_125' title='bbox 808 758 862 785; x_wconf 79' lang='grc' dir='ltr'><strong>ἀπὸ</strong></span> <span class='ocrx_word' id='word_1_126' title='bbox 871 759 920 793; x_wconf 80' lang='grc' dir='ltr'><strong>τῆς</strong></span> 
     </span>
    </p>
   </div>
   <div class='ocr_carea' id='block_1_18' title="bbox 135 799 919 839">
    <p class='ocr_par' dir='ltr' id='par_1_18' title="bbox 135 799 919 839">
     <span class='ocr_line' id='line_1_18' title="bbox 135 799 919 839; baseline 0.008 -14"><span class='ocrx_word' id='word_1_127' title='bbox 135 799 277 835; x_wconf 82' lang='grc' dir='ltr'><strong>τραπέζης</strong></span> <span class='ocrx_word' id='word_1_128' title='bbox 301 800 316 834; x_wconf 82' lang='grc' dir='ltr'><strong>ἢ</strong></span> <span class='ocrx_word' id='word_1_129' title='bbox 336 801 388 835; x_wconf 82' lang='grc' dir='ltr'><strong>τῆς</strong></span> <span class='ocrx_word' id='word_1_130' title='bbox 407 801 516 835; x_wconf 84' lang='grc' dir='ltr'><strong>φύσεως</strong></span> <span class='ocrx_word' id='word_1_131' title='bbox 541 803 609 837; x_wconf 75' lang='grc' dir='ltr'><strong>πρὸς</strong></span> <span class='ocrx_word' id='word_1_132' title='bbox 633 804 697 835; x_wconf 79' lang='grc' dir='ltr'><strong>τοὺς</strong></span> <span class='ocrx_word' id='word_1_133' title='bbox 716 805 919 839; x_wconf 68' lang='grc' dir='ltr'><strong>γεγεννηκότας</strong></span> 
     </span>
    </p>
   </div>
   <div class='ocr_carea' id='block_1_19' title="bbox 135 845 918 885">
    <p class='ocr_par' dir='ltr' id='par_1_19' title="bbox 135 845 918 885">
     <span class='ocr_line' id='line_1_19' title="bbox 135 845 918 885; baseline 0.009 -15"><span class='ocrx_word' id='word_1_134' title='bbox 135 845 234 876; x_wconf 85' lang='grc' dir='ltr'><strong>αὐτούς</strong></span> <span class='ocrx_word' id='word_1_135' title='bbox 249 854 257 861; x_wconf 90' lang='grc'><strong>·</strong></span> <span class='ocrx_word' id='word_1_136' title='bbox 277 846 317 872; x_wconf 84' lang='grc' dir='ltr'><strong>ἐτι</strong></span> <span class='ocrx_word' id='word_1_137' title='bbox 332 847 422 873; x_wconf 80' lang='grc' dir='ltr'><strong>τοίνυν</strong></span> <span class='ocrx_word' id='word_1_138' title='bbox 433 848 482 882; x_wconf 84' lang='grc' dir='ltr'><strong>οὺχ</strong></span> <span class='ocrx_word' id='word_1_139' title='bbox 500 847 573 880; x_wconf 71' lang='grc' dir='ltr'>ἅπαξ</span> <span class='ocrx_word' id='word_1_140' title='bbox 585 848 698 881; x_wconf 76' lang='grc' dir='ltr'><strong>ζωώσας</strong></span> <span class='ocrx_word' id='word_1_141' title='bbox 714 849 808 885; x_wconf 81' lang='grc' dir='ltr'><strong>ὥσπερ</strong></span> <span class='ocrx_word' id='word_1_142' title='bbox 819 851 918 878; x_wconf 75' lang='grc' dir='ltr'><strong>ἐκεῖνοι</strong></span> 
     </span>
    </p>
   </div>
   <div class='ocr_carea' id='block_1_20' title="bbox 135 887 954 932">
    <p class='ocr_par' dir='ltr' id='par_1_20' title="bbox 135 887 954 932">
     <span class='ocr_line' id='line_1_20' title="bbox 135 887 954 932; baseline 0.009 -15"><span class='ocrx_word' id='word_1_143' title='bbox 135 893 182 918; x_wconf 78' lang='grc' dir='ltr'><strong>καὶ</strong></span> <span class='ocrx_word' id='word_1_144' title='bbox 202 893 409 928; x_wconf 75' lang='grc' dir='ltr'><strong>συστησάμενος</strong></span> <span class='ocrx_word' id='word_1_145' title='bbox 427 894 583 930; x_wconf 79' lang='grc' dir='ltr'><strong>ἀπηλλάγη,</strong></span> <span class='ocrx_word' id='word_1_146' title='bbox 600 895 658 922; x_wconf 69' lang='grc' dir='ltr'><strong>ἀλλ’</strong></span> <span class='ocrx_word' id='word_1_147' title='bbox 674 896 718 922; x_wconf 75' lang='grc' dir='ltr'><strong>ἀεὶ</strong></span> <span class='ocrx_word' id='word_1_148' title='bbox 738 897 854 932; x_wconf 82' lang='grc' dir='ltr'><strong>πάρεστι</strong></span> <span class='ocrx_word' id='word_1_149' title='bbox 869 897 916 924; x_wconf 77' lang='grc' dir='ltr'><strong>καὶ</strong></span> <span class='ocrx_word' id='word_1_150' title='bbox 933 887 954 916; x_wconf 70' lang='grc' dir='ltr'><strong>Β</strong></span> 
     </span>
    </p>
   </div>
   <div class='ocr_carea' id='block_1_21' title="bbox 132 938 916 979">
    <p class='ocr_par' dir='ltr' id='par_1_21' title="bbox 132 938 916 979">
     <span class='ocr_line' id='line_1_21' title="bbox 132 938 916 979; baseline 0.009 -15"><span class='ocrx_word' id='word_1_151' title='bbox 132 938 248 973; x_wconf 80' lang='grc' dir='ltr'><strong>ήνωται,</strong></span> <span class='ocrx_word' id='word_1_152' title='bbox 266 940 312 966; x_wconf 77' lang='grc' dir='ltr'><strong>καὶ</strong></span> <span class='ocrx_word' id='word_1_153' title='bbox 339 939 426 974; x_wconf 84' lang='grc' dir='ltr'><strong>τούτῳ</strong></span> <span class='ocrx_word' id='word_1_154' title='bbox 454 940 528 974; x_wconf 84' lang='grc' dir='ltr'><strong>αὐτῷ</strong></span> <span class='ocrx_word' id='word_1_155' title='bbox 551 941 616 974; x_wconf 73' lang='grc' dir='ltr'><strong>ζ’ωοῖ</strong></span> <span class='ocrx_word' id='word_1_156' title='bbox 641 943 688 969; x_wconf 84' lang='grc' dir='ltr'><strong>καὶ</strong></span> <span class='ocrx_word' id='word_1_157' title='bbox 712 944 853 979; x_wconf 79' lang='grc' dir='ltr'><strong>συνίστησι</strong></span> <span class='ocrx_word' id='word_1_158' title='bbox 877 945 916 979; x_wconf 83' lang='grc' dir='ltr'><strong>τῷ</strong></span> 
     </span>
    </p>
   </div>
   <div class='ocr_carea' id='block_1_22' title="bbox 133 985 915 1024">
    <p class='ocr_par' dir='ltr' id='par_1_22' title="bbox 133 985 915 1024">
     <span class='ocr_line' id='line_1_22' title="bbox 133 985 915 1024; baseline 0.008 -13"><span class='ocrx_word' id='word_1_159' title='bbox 133 986 271 1019; x_wconf 80' lang='grc' dir='ltr'><strong>παρεῖναι,</strong></span> <span class='ocrx_word' id='word_1_160' title='bbox 288 985 341 1013; x_wconf 83' lang='grc' dir='ltr'><strong>Καὶ</strong></span> <span class='ocrx_word' id='word_1_161' title='bbox 367 986 424 1012; x_wconf 87' lang='grc' dir='ltr'><strong>τῶν</strong></span> <span class='ocrx_word' id='word_1_162' title='bbox 444 986 492 1021; x_wconf 73' lang='grc' dir='ltr'><strong>μὲν</strong></span> <span class='ocrx_word' id='word_1_163' title='bbox 508 989 712 1022; x_wconf 78' lang='grc' dir='ltr'><strong>γεγεννηκότων</strong></span> <span class='ocrx_word' id='word_1_164' title='bbox 726 989 915 1024; x_wconf 73' lang='grc' dir='ltr'><strong>ἀφεστηκότας</strong></span> 
     </span>
    </p>
   </div>
   <div class='ocr_carea' id='block_1_23' title="bbox 132 1031 915 1070">
    <p class='ocr_par' dir='ltr' id='par_1_23' title="bbox 132 1031 915 1070">
     <span class='ocr_line' id='line_1_23' title="bbox 132 1031 915 1070; baseline 0.008 -14"><span class='ocrx_word' id='word_1_165' title='bbox 132 1031 210 1058; x_wconf 82' lang='grc' dir='ltr'><strong>οὐδὲν</strong></span> <span class='ocrx_word' id='word_1_166' title='bbox 226 1031 324 1058; x_wconf 85' lang='grc' dir='ltr'><strong>κωλύει</strong></span> <span class='ocrx_word' id='word_1_167' title='bbox 337 1033 486 1067; x_wconf 74' lang='grc' dir='ltr'><strong>⁴ιιτεριεῖναι,</strong></span> <span class='ocrx_word' id='word_1_168' title='bbox 499 1033 562 1063; x_wconf 79' lang='grc' dir='ltr'><strong>τοὺς</strong></span> <span class='ocrx_word' id='word_1_169' title='bbox 576 1033 604 1060; x_wconf 77' lang='grc' dir='ltr'><strong>δι</strong></span> <span class='ocrx_word' id='word_1_170' title='bbox 617 1033 664 1060; x_wconf 81' lang='grc' dir='ltr'><strong>τοῦ</strong></span> <span class='ocrx_word' id='word_1_171' title='bbox 679 1034 798 1070; x_wconf 79' lang='grc' dir='ltr'><strong>Χριστοῦ</strong></span> <span class='ocrx_word' id='word_1_172' title='bbox 812 1036 915 1063; x_wconf 79' lang='grc' dir='ltr'><strong>διϊστα-</strong></span> 
     </span>
    </p>
   </div>
   <div class='ocr_carea' id='block_1_24' title="bbox 133 1077 914 1116">
    <p class='ocr_par' dir='ltr' id='par_1_24' title="bbox 133 1077 914 1116">
     <span class='ocr_line' id='line_1_24' title="bbox 133 1077 914 1116; baseline 0.006 -13"><span class='ocrx_word' id='word_1_173' title='bbox 133 1077 232 1111; x_wconf 82' lang='grc' dir='ltr'><strong>μένους</strong></span> <span class='ocrx_word' id='word_1_174' title='bbox 258 1078 334 1104; x_wconf 75' lang='grc' dir='ltr'><strong>οὐδὲν</strong></span> <span class='ocrx_word' id='word_1_175' title='bbox 356 1078 420 1105; x_wconf 77' lang='grc' dir='ltr'><strong>ἄλλο</strong></span> <span class='ocrx_word' id='word_1_176' title='bbox 439 1079 531 1106; x_wconf 86' lang='grc' dir='ltr'><strong>λοιπδν</strong></span> <span class='ocrx_word' id='word_1_177' title='bbox 553 1079 569 1114; x_wconf 77' lang='grc' dir='ltr'>ἢ</span> <span class='ocrx_word' id='word_1_178' title='bbox 588 1080 725 1107; x_wconf 83' lang='grc' dir='ltr'><strong>τεθνάναι.</strong></span> <span class='ocrx_word' id='word_1_179' title='bbox 745 1081 798 1107; x_wconf 85' lang='grc' dir='ltr'><strong>Καὶ</strong></span> <span class='ocrx_word' id='word_1_180' title='bbox 829 1081 856 1107; x_wconf 78' lang='grc' dir='ltr'><strong>τί</strong></span> <span class='ocrx_word' id='word_1_181' title='bbox 877 1082 914 1116; x_wconf 84' lang='grc' dir='ltr'><strong>μὴ</strong></span> 
     </span>
    </p>
   </div>
   <div class='ocr_carea' id='block_1_25' title="bbox 132 1123 915 1161">
    <p class='ocr_par' dir='ltr' id='par_1_25' title="bbox 132 1123 915 1161">
     <span class='ocr_line' id='line_1_25' title="bbox 132 1123 915 1161; baseline 0.005 -11"><span class='ocrx_word' id='word_1_182' title='bbox 132 1123 204 1158; x_wconf 86' lang='grc' dir='ltr'><strong>λέγω</strong></span> <span class='ocrx_word' id='word_1_183' title='bbox 231 1125 262 1150; x_wconf 81' lang='grc' dir='ltr'><strong>τὸ</strong></span> <span class='ocrx_word' id='word_1_184' title='bbox 293 1124 404 1158; x_wconf 80' lang='grc' dir='ltr'><strong>μεῖζον;</strong></span> <span class='ocrx_word' id='word_1_185' title='bbox 427 1125 563 1160; x_wconf 82' lang='grc' dir='ltr'><strong>Συστῆναι</strong></span> <span class='ocrx_word' id='word_1_186' title='bbox 592 1126 641 1160; x_wconf 76' lang='grc' dir='ltr'><strong>μὲν</strong></span> <span class='ocrx_word' id='word_1_187' title='bbox 666 1125 720 1160; x_wconf 85' lang='grc' dir='ltr'><strong>γὰρ</strong></span> <span class='ocrx_word' id='word_1_188' title='bbox 747 1126 847 1158; x_wconf 75' lang='grc' dir='ltr'><strong>αὐτοὺς</strong></span> <span class='ocrx_word' id='word_1_189' title='bbox 872 1127 915 1161; x_wconf 73' lang='grc' dir='ltr'>ἐφ’</span> 
     </span>
    </p>
   </div>
   <div class='ocr_carea' id='block_1_26' title="bbox 131 1166 914 1206">
    <p class='ocr_par' dir='ltr' id='par_1_26' title="bbox 131 1166 914 1206">
     <span class='ocr_line' id='line_1_26' title="bbox 131 1166 914 1206; baseline 0.004 -10"><span class='ocrx_word' id='word_1_190' title='bbox 131 1166 239 1196; x_wconf 57' lang='grc' dir='ltr'><strong>ἑαυνεῶν</strong></span> <span class='ocrx_word' id='word_1_191' title='bbox 264 1170 327 1201; x_wconf 86' lang='grc' dir='ltr'><strong>τοὺς</strong></span> <span class='ocrx_word' id='word_1_192' title='bbox 354 1171 422 1201; x_wconf 83' lang='grc' dir='ltr'><strong>υίείς</strong></span> <span class='ocrx_word' id='word_1_193' title='bbox 448 1171 498 1197; x_wconf 78' lang='grc' dir='ltr'><strong>οὐκ</strong></span> <span class='ocrx_word' id='word_1_194' title='bbox 523 1171 582 1197; x_wconf 79' lang='grc' dir='ltr'><strong>ἐστι</strong></span> <span class='ocrx_word' id='word_1_195' title='bbox 615 1171 652 1206; x_wconf 84' lang='grc' dir='ltr'><strong>μὴ</strong></span> <span class='ocrx_word' id='word_1_196' title='bbox 674 1171 838 1204; x_wconf 80' lang='grc' dir='ltr'><strong>διαστάντας</strong></span> <span class='ocrx_word' id='word_1_197' title='bbox 859 1172 914 1199; x_wconf 86' lang='grc' dir='ltr'><strong>τῶν</strong></span> 
     </span>
    </p>
   </div>
   <div class='ocr_carea' id='block_1_27' title="bbox 132 1214 914 1252">
    <p class='ocr_par' dir='ltr' id='par_1_27' title="bbox 132 1214 914 1252">
     <span class='ocr_line' id='line_1_27' title="bbox 132 1214 914 1252; baseline 0.004 -12"><span class='ocrx_word' id='word_1_198' title='bbox 132 1214 350 1250; x_wconf 82' lang='grc' dir='ltr'><strong>γεγεννηκότων,</strong></span> <span class='ocrx_word' id='word_1_199' title='bbox 371 1215 438 1242; x_wconf 80' lang='grc' dir='ltr'><strong>ἀλλὰ</strong></span> <span class='ocrx_word' id='word_1_200' title='bbox 455 1215 535 1242; x_wconf 75' lang='grc' dir='ltr'><strong>τοῦτο</strong></span> <span class='ocrx_word' id='word_1_201' title='bbox 549 1217 622 1242; x_wconf 80' lang='grc' dir='ltr'><strong>ποιεῖ</strong></span> <span class='ocrx_word' id='word_1_202' title='bbox 636 1215 700 1247; x_wconf 77' lang='grc' dir='ltr'><strong>τοὺς</strong></span> <span class='ocrx_word' id='word_1_203' title='bbox 716 1216 766 1251; x_wconf 74' lang='grc' dir='ltr'><strong>μὲν</strong></span> <span class='ocrx_word' id='word_1_204' title='bbox 784 1224 914 1252; x_wconf 87' lang='grc' dir='ltr'><strong>γεγεννη-</strong></span> 
     </span>
    </p>
   </div>
   <div class='ocr_carea' id='block_1_28' title="bbox 131 1259 914 1298">
    <p class='ocr_par' dir='ltr' id='par_1_28' title="bbox 131 1259 914 1298">
     <span class='ocr_line' id='line_1_28' title="bbox 131 1259 914 1298; baseline 0.005 -13"><span class='ocrx_word' id='word_1_205' title='bbox 131 1259 220 1288; x_wconf 84' lang='grc' dir='ltr'><strong>κέναι,</strong></span> <span class='ocrx_word' id='word_1_206' title='bbox 237 1260 299 1290; x_wconf 75' lang='grc' dir='ltr'><strong>τοὺς</strong></span> <span class='ocrx_word' id='word_1_207' title='bbox 312 1259 342 1286; x_wconf 69' lang='grc' dir='ltr'><strong>δὲ</strong></span> <span class='ocrx_word' id='word_1_208' title='bbox 357 1260 537 1295; x_wconf 87' lang='grc' dir='ltr'><strong>γεγεννῆσθαι</strong></span> <span class='ocrx_word' id='word_1_209' title='bbox 551 1261 602 1295; x_wconf 80' lang='grc' dir='ltr'><strong>τὴν</strong></span> <span class='ocrx_word' id='word_1_210' title='bbox 617 1260 706 1296; x_wconf 77' lang='grc' dir='ltr'><strong>ἀρχὴν</strong></span> <span class='ocrx_word' id='word_1_211' title='bbox 719 1261 759 1293; x_wconf 81' lang='grc' dir='ltr'><strong>τῷ</strong></span> <span class='ocrx_word' id='word_1_212' title='bbox 773 1261 914 1298; x_wconf 77' lang='grc' dir='ltr'><strong>διαιρεθῆ-</strong></span> 
     </span>
    </p>
   </div>
   <div class='ocr_carea' id='block_1_29' title="bbox 131 1305 914 1342">
    <p class='ocr_par' dir='ltr' id='par_1_29' title="bbox 131 1305 914 1342">
     <span class='ocr_line' id='line_1_29' title="bbox 131 1305 914 1342; baseline 0.006 -11"><span class='ocrx_word' id='word_1_213' title='bbox 131 1313 176 1331; x_wconf 82' lang='grc' dir='ltr'><strong>ναι</strong></span> <span class='ocrx_word' id='word_1_214' title='bbox 186 1314 192 1320; x_wconf 91' lang='grc'>·</span> <span class='ocrx_word' id='word_1_215' title='bbox 210 1306 227 1340; x_wconf 81' lang='grc' dir='ltr'>ἡ</span> <span class='ocrx_word' id='word_1_216' title='bbox 245 1305 269 1332; x_wconf 78' lang='grc' dir='ltr'><strong>δ’</strong></span> <span class='ocrx_word' id='word_1_217' title='bbox 282 1306 329 1332; x_wconf 76' lang='grc' dir='ltr'><strong>ἐπὶ</strong></span> <span class='ocrx_word' id='word_1_218' title='bbox 343 1306 397 1334; x_wconf 86' lang='grc' dir='ltr'><strong>τῶν</strong></span> <span class='ocrx_word' id='word_1_219' title='bbox 413 1307 572 1342; x_wconf 78' lang='grc' dir='ltr'><strong>μυστηρίων</strong></span> <span class='ocrx_word' id='word_1_220' title='bbox 587 1307 680 1342; x_wconf 80' lang='grc' dir='ltr'><strong>υίότης</strong></span> <span class='ocrx_word' id='word_1_221' title='bbox 697 1308 726 1334; x_wconf 67' lang='grc' dir='ltr'><strong>ἐν</strong></span> <span class='ocrx_word' id='word_1_222' title='bbox 743 1308 782 1342; x_wconf 85' lang='grc' dir='ltr'><strong>τῷ</strong></span> <span class='ocrx_word' id='word_1_223' title='bbox 796 1310 914 1336; x_wconf 80' lang='grc' dir='ltr'><strong>συνεῖναι</strong></span> 
     </span>
    </p>
   </div>
   <div class='ocr_carea' id='block_1_30' title="bbox 132 1351 915 1389">
    <p class='ocr_par' dir='ltr' id='par_1_30' title="bbox 132 1351 915 1389">
     <span class='ocr_line' id='line_1_30' title="bbox 132 1351 915 1389; baseline 0.006 -12"><span class='ocrx_word' id='word_1_224' title='bbox 132 1351 184 1377; x_wconf 73' lang='grc' dir='ltr'><strong>καὶ</strong></span> <span class='ocrx_word' id='word_1_225' title='bbox 205 1352 345 1379; x_wconf 60' lang='grc' dir='ltr'><strong>κοινωνεῖν</strong></span> <span class='ocrx_word' id='word_1_226' title='bbox 360 1353 429 1386; x_wconf 65' lang='lat' dir='ltr'><strong>int,</strong></span> <span class='ocrx_word' id='word_1_227' title='bbox 444 1353 492 1379; x_wconf 79' lang='grc' dir='ltr'><strong>καὶ</strong></span> <span class='ocrx_word' id='word_1_228' title='bbox 505 1352 587 1379; x_wconf 81' lang='grc' dir='ltr'><strong>τοῦτό</strong></span> <span class='ocrx_word' id='word_1_229' title='bbox 604 1353 663 1380; x_wconf 73' lang='grc' dir='ltr'><strong>εστι</strong></span> <span class='ocrx_word' id='word_1_230' title='bbox 682 1353 845 1389; x_wconf 73' lang='grc' dir='ltr'><strong>διεφθάρθαι</strong></span> <span class='ocrx_word' id='word_1_231' title='bbox 869 1356 915 1382; x_wconf 78' lang='grc' dir='ltr'><strong>καὶ</strong></span> 
     </span>
    </p>
   </div>
   <div class='ocr_carea' id='block_1_31' title="bbox 134 1396 327 1431">
    <p class='ocr_par' dir='ltr' id='par_1_31' title="bbox 134 1396 327 1431">
     <span class='ocr_line' id='line_1_31' title="bbox 134 1396 327 1431; baseline 0.005 -8"><span class='ocrx_word' id='word_1_232' title='bbox 134 1397 232 1431; x_wconf 78' lang='grc' dir='ltr'><strong>μηκέτ’</strong></span> <span class='ocrx_word' id='word_1_233' title='bbox 246 1396 327 1427; x_wconf 75' lang='grc' dir='ltr'><strong>εἶναι.</strong></span> 
     </span>
    </p>
   </div>
   <div class='ocr_carea' id='block_1_32' title="bbox 972 260 1751 299">
    <p class='ocr_par' dir='ltr' id='par_1_32' title="bbox 972 260 1751 299">
     <span class='ocr_line' id='line_1_32' title="bbox 972 260 1751 299; baseline 0.009 -12"><span class='ocrx_word' id='word_1_234' title='bbox 972 261 1077 288; x_wconf 88' lang='lat' dir='ltr'><strong>munio.</strong></span> <span class='ocrx_word' id='word_1_235' title='bbox 1091 260 1168 288; x_wconf 90' lang='lat' dir='ltr'><strong>Sicut</strong></span> <span class='ocrx_word' id='word_1_236' title='bbox 1180 263 1251 288; x_wconf 90' lang='lat' dir='ltr'><strong>enim</strong></span> <span class='ocrx_word' id='word_1_237' title='bbox 1267 269 1318 289; x_wconf 92' lang='lat' dir='ltr'><strong>non</strong></span> <span class='ocrx_word' id='word_1_238' title='bbox 1333 267 1404 290; x_wconf 88' lang='lat' dir='ltr'><strong>esset</strong></span> <span class='ocrx_word' id='word_1_239' title='bbox 1418 265 1480 298; x_wconf 85' lang='lat' dir='ltr'><strong>quis</strong></span> <span class='ocrx_word' id='word_1_240' title='bbox 1498 266 1702 294; x_wconf 86' lang='lat' dir='ltr'><strong>contubernalis</strong></span> <span class='ocrx_word' id='word_1_241' title='bbox 1714 267 1751 299; x_wconf 87' lang='lat' dir='ltr'><strong>ei,</strong></span> 
     </span>
    </p>
   </div>
   <div class='ocr_carea' id='block_1_33' title="bbox 963 306 1750 344">
    <p class='ocr_par' dir='ltr' id='par_1_33' title="bbox 963 306 1750 344">
     <span class='ocr_line' id='line_1_33' title="bbox 963 306 1750 344; baseline 0.008 -12"><span class='ocrx_word' id='word_1_242' title='bbox 963 313 1033 332; x_wconf 18' lang='lat' dir='ltr'><strong>reum</strong></span> <span class='ocrx_word' id='word_1_243' title='bbox 1046 313 1099 340; x_wconf 93' lang='lat' dir='ltr'><strong>quo</strong></span> <span class='ocrx_word' id='word_1_244' title='bbox 1113 306 1235 334; x_wconf 84' lang='lat' dir='ltr'><strong>eamdem</strong></span> <span class='ocrx_word' id='word_1_245' title='bbox 1251 307 1361 334; x_wconf 90' lang='lat' dir='ltr'><strong>domum</strong></span> <span class='ocrx_word' id='word_1_246' title='bbox 1382 308 1525 339; x_wconf 82' lang='lat' dir='ltr'><strong>habitaret.</strong></span> <span class='ocrx_word' id='word_1_247' title='bbox 1552 311 1574 337; x_wconf 89' lang='lat' dir='ltr'><strong>si</strong></span> <span class='ocrx_word' id='word_1_248' title='bbox 1591 316 1650 344; x_wconf 86' lang='lat' dir='ltr'><strong>post</strong></span> <span class='ocrx_word' id='word_1_249' title='bbox 1676 311 1750 339; x_wconf 86' lang='lat' dir='ltr'><strong>illum</strong></span> 
     </span>
    </p>
   </div>
   <div class='ocr_carea' id='block_1_34' title="bbox 972 351 1752 389">
    <p class='ocr_par' dir='ltr' id='par_1_34' title="bbox 972 351 1752 389">
     <span class='ocr_line' id='line_1_34' title="bbox 972 351 1752 389; baseline 0.009 -12"><span class='ocrx_word' id='word_1_250' title='bbox 972 351 1116 382; x_wconf 84' lang='lat' dir='ltr'><strong>habitaret,</strong></span> <span class='ocrx_word' id='word_1_251' title='bbox 1133 359 1184 379; x_wconf 88' lang='lat' dir='ltr'><strong>nec</strong></span> <span class='ocrx_word' id='word_1_252' title='bbox 1213 353 1387 386; x_wconf 80' lang='lat' dir='ltr'><strong>magistratus</strong></span> <span class='ocrx_word' id='word_1_253' title='bbox 1397 359 1424 381; x_wconf 92' lang='lat' dir='ltr'><strong>et</strong></span> <span class='ocrx_word' id='word_1_254' title='bbox 1451 355 1605 389; x_wconf 71' lang='lat' dir='ltr'><strong>reipubliem</strong></span> <span class='ocrx_word' id='word_1_255' title='bbox 1625 358 1752 384; x_wconf 62' lang='lat' dir='ltr'><strong>curandas</strong></span> 
     </span>
    </p>
   </div>
   <div class='ocr_carea' id='block_1_35' title="bbox 971 397 1752 435">
    <p class='ocr_par' dir='ltr' id='par_1_35' title="bbox 971 397 1752 435">
     <span class='ocr_line' id='line_1_35' title="bbox 971 397 1752 435; baseline 0.005 -10"><span class='ocrx_word' id='word_1_256' title='bbox 971 398 1064 425; x_wconf 81' lang='lat' dir='ltr'><strong>socius</strong></span> <span class='ocrx_word' id='word_1_257' title='bbox 1087 397 1177 430; x_wconf 83' lang='lat' dir='ltr'><strong>alicui,</strong></span> <span class='ocrx_word' id='word_1_258' title='bbox 1212 398 1258 433; x_wconf 88' lang='lat' dir='ltr'><strong>qui</strong></span> <span class='ocrx_word' id='word_1_259' title='bbox 1283 400 1470 434; x_wconf 73' lang='lat' dir='ltr'><strong>magistratum</strong></span> <span class='ocrx_word' id='word_1_260' title='bbox 1485 405 1546 435; x_wconf 87' lang='lat' dir='ltr'><strong>post</strong></span> <span class='ocrx_word' id='word_1_261' title='bbox 1577 401 1654 428; x_wconf 91' lang='lat' dir='ltr'><strong>illum</strong></span> <span class='ocrx_word' id='word_1_262' title='bbox 1670 409 1752 429; x_wconf 82' lang='lat' dir='ltr'><strong>occe-</strong></span> 
     </span>
    </p>
   </div>
   <div class='ocr_carea' id='block_1_36' title="bbox 971 443 1752 481">
    <p class='ocr_par' dir='ltr' id='par_1_36' title="bbox 971 443 1752 481">
     <span class='ocr_line' id='line_1_36' title="bbox 971 443 1752 481; baseline 0.006 -11"><span class='ocrx_word' id='word_1_263' title='bbox 971 444 1064 478; x_wconf 73' lang='lat' dir='ltr'><strong>pisset,</strong></span> <span class='ocrx_word' id='word_1_264' title='bbox 1096 444 1143 471; x_wconf 79' lang='lat' dir='ltr'><strong>sed</strong></span> <span class='ocrx_word' id='word_1_265' title='bbox 1171 443 1228 478; x_wconf 85' lang='lat' dir='ltr'><strong>qui,</strong></span> <span class='ocrx_word' id='word_1_266' title='bbox 1256 449 1434 480; x_wconf 66' lang='lat' dir='ltr'><strong>prazterquam</strong></span> <span class='ocrx_word' id='word_1_267' title='bbox 1464 446 1535 481; x_wconf 88' lang='lat' dir='ltr'><strong>quod</strong></span> <span class='ocrx_word' id='word_1_268' title='bbox 1558 448 1653 474; x_wconf 86' lang='lat' dir='ltr'><strong>eodem</strong></span> <span class='ocrx_word' id='word_1_269' title='bbox 1670 448 1752 475; x_wconf 92' lang='lat' dir='ltr'><strong>modo</strong></span> 
     </span>
    </p>
   </div>
   <div class='ocr_carea' id='block_1_37' title="bbox 970 489 1752 527">
    <p class='ocr_par' dir='ltr' id='par_1_37' title="bbox 970 489 1752 527">
     <span class='ocr_line' id='line_1_37' title="bbox 970 489 1752 527; baseline 0.008 -12"><span class='ocrx_word' id='word_1_270' title='bbox 970 489 1042 516; x_wconf 70' lang='lat' dir='ltr'><strong>aedes</strong></span> <span class='ocrx_word' id='word_1_271' title='bbox 1067 489 1176 516; x_wconf 89' lang='lat' dir='ltr'><strong>easdem</strong></span> <span class='ocrx_word' id='word_1_272' title='bbox 1197 489 1337 522; x_wconf 71' lang='lat' dir='ltr'><strong>incoleret,</strong></span> <span class='ocrx_word' id='word_1_273' title='bbox 1363 495 1390 518; x_wconf 88' lang='lat' dir='ltr'><strong>et</strong></span> <span class='ocrx_word' id='word_1_274' title='bbox 1414 491 1508 519; x_wconf 84' lang='lat' dir='ltr'><strong>iisdem</strong></span> <span class='ocrx_word' id='word_1_275' title='bbox 1538 500 1647 527; x_wconf 86' lang='lat' dir='ltr'><strong>quoque</strong></span> <span class='ocrx_word' id='word_1_276' title='bbox 1669 495 1752 521; x_wconf 85' lang='lat' dir='ltr'><strong>rebus</strong></span> 
     </span>
    </p>
   </div>
   <div class='ocr_carea' id='block_1_38' title="bbox 970 534 1751 573">
    <p class='ocr_par' dir='ltr' id='par_1_38' title="bbox 970 534 1751 573">
     <span class='ocr_line' id='line_1_38' title="bbox 970 534 1751 573; baseline 0.005 -11"><span class='ocrx_word' id='word_1_277' title='bbox 970 542 1032 562; x_wconf 92' lang='lat' dir='ltr'><strong>cum</strong></span> <span class='ocrx_word' id='word_1_278' title='bbox 1046 534 1159 569; x_wconf 88' lang='lat' dir='ltr'><strong>imperio</strong></span> <span class='ocrx_word' id='word_1_279' title='bbox 1176 539 1314 570; x_wconf 63' lang='lat' dir='ltr'><strong>praesset.</strong></span> <span class='ocrx_word' id='word_1_280' title='bbox 1338 537 1419 563; x_wconf 79' lang='lat' dir='ltr'><strong>etiam</strong></span> <span class='ocrx_word' id='word_1_281' title='bbox 1435 537 1529 564; x_wconf 85' lang='lat' dir='ltr'><strong>eodem</strong></span> <span class='ocrx_word' id='word_1_282' title='bbox 1549 543 1667 572; x_wconf 86' lang='lat' dir='ltr'><strong>tempore</strong></span> <span class='ocrx_word' id='word_1_283' title='bbox 1680 547 1751 573; x_wconf 74' lang='lat' dir='ltr'><strong>pra:-</strong></span> 
     </span>
    </p>
   </div>
   <div class='ocr_carea' id='block_1_39' title="bbox 969 581 1752 613">
    <p class='ocr_par' dir='ltr' id='par_1_39' title="bbox 969 581 1752 613">
     <span class='ocr_line' id='line_1_39' title="bbox 969 581 1752 613; baseline 0.008 -6"><span class='ocrx_word' id='word_1_284' title='bbox 969 585 1059 608; x_wconf 75' lang='lat' dir='ltr'><strong>esset:</strong></span> <span class='ocrx_word' id='word_1_285' title='bbox 1081 581 1127 607; x_wconf 92' lang='lat' dir='ltr'><strong>tali</strong></span> <span class='ocrx_word' id='word_1_286' title='bbox 1145 581 1224 608; x_wconf 90' lang='lat' dir='ltr'><strong>modo</strong></span> <span class='ocrx_word' id='word_1_287' title='bbox 1252 589 1281 609; x_wconf 87' lang='lat' dir='ltr'><strong>se</strong></span> <span class='ocrx_word' id='word_1_288' title='bbox 1296 589 1339 609; x_wconf 80' lang='lat' dir='ltr'><strong>res</strong></span> <span class='ocrx_word' id='word_1_289' title='bbox 1361 582 1405 609; x_wconf 87' lang='lat' dir='ltr'><strong>hic</strong></span> <span class='ocrx_word' id='word_1_290' title='bbox 1435 583 1526 610; x_wconf 83' lang='lat' dir='ltr'><strong>habet.</strong></span> <span class='ocrx_word' id='word_1_291' title='bbox 1543 582 1610 610; x_wconf 81' lang='lat' dir='ltr'><strong>Nam</strong></span> <span class='ocrx_word' id='word_1_292' title='bbox 1629 592 1711 612; x_wconf 87' lang='lat' dir='ltr'><strong>carne</strong></span> <span class='ocrx_word' id='word_1_293' title='bbox 1725 590 1752 613; x_wconf 86' lang='lat' dir='ltr'><strong>et</strong></span> 
     </span>
    </p>
   </div>
   <div class='ocr_carea' id='block_1_40' title="bbox 968 626 1752 663">
    <p class='ocr_par' dir='ltr' id='par_1_40' title="bbox 968 626 1752 663">
     <span class='ocr_line' id='line_1_40' title="bbox 968 626 1752 663; baseline 0.009 -11"><span class='ocrx_word' id='word_1_294' title='bbox 968 626 1101 660; x_wconf 71' lang='lat' dir='ltr'><strong>sanguine</strong></span> <span class='ocrx_word' id='word_1_295' title='bbox 1117 634 1170 653; x_wconf 90' lang='lat' dir='ltr'><strong>non</strong></span> <span class='ocrx_word' id='word_1_296' title='bbox 1185 626 1331 654; x_wconf 87' lang='lat' dir='ltr'><strong>admodum</strong></span> <span class='ocrx_word' id='word_1_297' title='bbox 1352 635 1414 654; x_wconf 91' lang='lat' dir='ltr'><strong>cum</strong></span> <span class='ocrx_word' id='word_1_298' title='bbox 1443 629 1602 662; x_wconf 88' lang='lat' dir='ltr'><strong>parentibus</strong></span> <span class='ocrx_word' id='word_1_299' title='bbox 1622 637 1682 663; x_wconf 83' lang='lat' dir='ltr'><strong>nos.</strong></span> <span class='ocrx_word' id='word_1_300' title='bbox 1701 638 1752 659; x_wconf 87' lang='lat' dir='ltr'><strong>nee</strong></span> 
     </span>
    </p>
   </div>
   <div class='ocr_carea' id='block_1_41' title="bbox 969 672 1749 708">
    <p class='ocr_par' dir='ltr' id='par_1_41' title="bbox 969 672 1749 708">
     <span class='ocr_line' id='line_1_41' title="bbox 969 672 1749 708; baseline 0.005 -9"><span class='ocrx_word' id='word_1_301' title='bbox 969 672 1063 699; x_wconf 83' lang='lat' dir='ltr'><strong>eodem</strong></span> <span class='ocrx_word' id='word_1_302' title='bbox 1078 677 1199 707; x_wconf 86' lang='lat' dir='ltr'><strong>tempore</strong></span> <span class='ocrx_word' id='word_1_303' title='bbox 1210 672 1237 699; x_wconf 90' lang='lat' dir='ltr'><strong>in</strong></span> <span class='ocrx_word' id='word_1_304' title='bbox 1250 672 1292 700; x_wconf 87' lang='lat' dir='ltr'><strong>his</strong></span> <span class='ocrx_word' id='word_1_305' title='bbox 1304 673 1446 700; x_wconf 77' lang='lat' dir='ltr'><strong>nobiscum</strong></span> <span class='ocrx_word' id='word_1_306' title='bbox 1465 673 1514 708; x_wconf 86' lang='lat' dir='ltr'><strong>ipsi</strong></span> <span class='ocrx_word' id='word_1_307' title='bbox 1531 675 1749 703; x_wconf 85' lang='lat' dir='ltr'><strong>communicant.</strong></span> 
     </span>
    </p>
   </div>
   <div class='ocr_carea' id='block_1_42' title="bbox 969 717 1751 756">
    <p class='ocr_par' dir='ltr' id='par_1_42' title="bbox 969 717 1751 756">
     <span class='ocr_line' id='line_1_42' title="bbox 969 717 1751 756; baseline 0.006 -13"><span class='ocrx_word' id='word_1_308' title='bbox 969 717 1078 744; x_wconf 84' lang='lat' dir='ltr'><strong>Christo</strong></span> <span class='ocrx_word' id='word_1_309' title='bbox 1097 722 1188 745; x_wconf 89' lang='lat' dir='ltr'><strong>autem</strong></span> <span class='ocrx_word' id='word_1_310' title='bbox 1208 725 1302 744; x_wconf 85' lang='lat' dir='ltr'><strong>revera</strong></span> <span class='ocrx_word' id='word_1_311' title='bbox 1326 718 1572 751; x_wconf 86' lang='lat' dir='ltr'><strong>communicamus.</strong></span> <span class='ocrx_word' id='word_1_312' title='bbox 1606 727 1668 749; x_wconf 90' lang='lat' dir='ltr'><strong>eum</strong></span> <span class='ocrx_word' id='word_1_313' title='bbox 1696 729 1751 756; x_wconf 90' lang='lat' dir='ltr'><strong>quo</strong></span> 
     </span>
    </p>
   </div>
   <div class='ocr_carea' id='block_1_43' title="bbox 968 765 1752 799">
    <p class='ocr_par' dir='ltr' id='par_1_43' title="bbox 968 765 1752 799">
     <span class='ocr_line' id='line_1_43' title="bbox 968 765 1752 799; baseline 0.005 -9"><span class='ocrx_word' id='word_1_314' title='bbox 968 770 1076 798; x_wconf 77' lang='lat' dir='ltr'><strong>semper</strong></span> <span class='ocrx_word' id='word_1_315' title='bbox 1091 767 1118 791; x_wconf 90' lang='lat' dir='ltr'><strong>et</strong></span> <span class='ocrx_word' id='word_1_316' title='bbox 1150 771 1261 798; x_wconf 80' lang='lat' dir='ltr'><strong>corpus.</strong></span> <span class='ocrx_word' id='word_1_317' title='bbox 1277 769 1304 790; x_wconf 80' lang='lat' dir='ltr'><strong>et</strong></span> <span class='ocrx_word' id='word_1_318' title='bbox 1319 765 1491 799; x_wconf 88' lang='lat' dir='ltr'><strong>sanguinem,</strong></span> <span class='ocrx_word' id='word_1_319' title='bbox 1507 770 1534 792; x_wconf 87' lang='lat' dir='ltr'><strong>et</strong></span> <span class='ocrx_word' id='word_1_320' title='bbox 1567 767 1702 799; x_wconf 84' lang='lat' dir='ltr'><strong>membra,</strong></span> <span class='ocrx_word' id='word_1_321' title='bbox 1724 773 1752 794; x_wconf 89' lang='lat' dir='ltr'><strong>et</strong></span> 
     </span>
    </p>
   </div>
   <div class='ocr_carea' id='block_1_44' title="bbox 967 809 1751 843">
    <p class='ocr_par' dir='ltr' id='par_1_44' title="bbox 967 809 1751 843">
     <span class='ocr_line' id='line_1_44' title="bbox 967 809 1751 843; baseline 0.005 -8"><span class='ocrx_word' id='word_1_322' title='bbox 967 809 1060 836; x_wconf 84' lang='lat' dir='ltr'><strong>omnia</strong></span> <span class='ocrx_word' id='word_1_323' title='bbox 1076 809 1134 836; x_wconf 66' lang='lat' dir='ltr'><strong>haec</strong></span> <span class='ocrx_word' id='word_1_324' title='bbox 1149 809 1279 836; x_wconf 85' lang='lat' dir='ltr'><strong>habemus</strong></span> <span class='ocrx_word' id='word_1_325' title='bbox 1295 809 1463 837; x_wconf 89' lang='lat' dir='ltr'><strong>communia.</strong></span> <span class='ocrx_word' id='word_1_326' title='bbox 1479 810 1556 843; x_wconf 87' lang='lat' dir='ltr'><strong>Quod</strong></span> <span class='ocrx_word' id='word_1_327' title='bbox 1571 811 1594 839; x_wconf 89' lang='lat' dir='ltr'><strong>si</strong></span> <span class='ocrx_word' id='word_1_328' title='bbox 1613 811 1665 838; x_wconf 88' lang='lat' dir='ltr'><strong>hoc</strong></span> <span class='ocrx_word' id='word_1_329' title='bbox 1681 812 1751 840; x_wconf 83' lang='lat' dir='ltr'><strong>ﬁlios</strong></span> 
     </span>
    </p>
   </div>
   <div class='ocr_carea' id='block_1_45' title="bbox 968 855 1751 891">
    <p class='ocr_par' dir='ltr' id='par_1_45' title="bbox 968 855 1751 891">
     <span class='ocr_line' id='line_1_45' title="bbox 968 855 1751 891; baseline 0.004 -10"><span class='ocrx_word' id='word_1_330' title='bbox 968 855 1060 887; x_wconf 84' lang='lat' dir='ltr'><strong>eilicit,</strong></span> <span class='ocrx_word' id='word_1_331' title='bbox 1076 855 1279 884; x_wconf 74' lang='lat' dir='ltr'><strong>communicare</strong></span> <span class='ocrx_word' id='word_1_332' title='bbox 1306 862 1389 882; x_wconf 86' lang='lat' dir='ltr'><strong>carne</strong></span> <span class='ocrx_word' id='word_1_333' title='bbox 1402 859 1430 883; x_wconf 90' lang='lat' dir='ltr'><strong>et</strong></span> <span class='ocrx_word' id='word_1_334' title='bbox 1444 856 1586 891; x_wconf 83' lang='lat' dir='ltr'><strong>sanguine,</strong></span> <span class='ocrx_word' id='word_1_335' title='bbox 1609 864 1659 885; x_wconf 85' lang='lat' dir='ltr'><strong>nos</strong></span> <span class='ocrx_word' id='word_1_336' title='bbox 1689 865 1751 884; x_wconf 66' lang='lat' dir='ltr'><strong>ma-</strong></span> 
     </span>
    </p>
   </div>
   <div class='ocr_carea' id='block_1_46' title="bbox 966 899 1749 935">
    <p class='ocr_par' dir='ltr' id='par_1_46' title="bbox 966 899 1749 935">
     <span class='ocr_line' id='line_1_46' title="bbox 966 899 1749 935; baseline 0.006 -9"><span class='ocrx_word' id='word_1_337' title='bbox 966 900 1026 934; x_wconf 85' lang='lat' dir='ltr'><strong>jore</strong></span> <span class='ocrx_word' id='word_1_338' title='bbox 1041 900 1201 934; x_wconf 78' lang='lat' dir='ltr'><strong>cognatione</strong></span> <span class='ocrx_word' id='word_1_339' title='bbox 1214 907 1276 927; x_wconf 88' lang='lat' dir='ltr'><strong>cum</strong></span> <span class='ocrx_word' id='word_1_340' title='bbox 1292 899 1439 932; x_wconf 64' lang='lat' dir='ltr'><strong>Salv-atere</strong></span> <span class='ocrx_word' id='word_1_341' title='bbox 1449 908 1496 935; x_wconf 91' lang='lat' dir='ltr'><strong>per</strong></span> <span class='ocrx_word' id='word_1_342' title='bbox 1507 909 1612 928; x_wconf 87' lang='lat' dir='ltr'><strong>sacram</strong></span> <span class='ocrx_word' id='word_1_343' title='bbox 1627 910 1749 931; x_wconf 83' lang='lat' dir='ltr'><strong>mensam</strong></span> 
     </span>
    </p>
   </div>
   <div class='ocr_carea' id='block_1_47' title="bbox 968 945 1751 982">
    <p class='ocr_par' dir='ltr' id='par_1_47' title="bbox 968 945 1751 982">
     <span class='ocr_line' id='line_1_47' title="bbox 968 945 1751 982; baseline 0.006 -11"><span class='ocrx_word' id='word_1_344' title='bbox 968 945 1128 976; x_wconf 85' lang='lat' dir='ltr'><strong>devinctos,</strong></span> <span class='ocrx_word' id='word_1_345' title='bbox 1157 952 1237 978; x_wconf 89' lang='lat' dir='ltr'><strong>quam</strong></span> <span class='ocrx_word' id='word_1_346' title='bbox 1266 952 1314 979; x_wconf 92' lang='lat' dir='ltr'><strong>per</strong></span> <span class='ocrx_word' id='word_1_347' title='bbox 1342 951 1467 972; x_wconf 89' lang='lat' dir='ltr'><strong>naturam</strong></span> <span class='ocrx_word' id='word_1_348' title='bbox 1497 953 1558 973; x_wconf 90' lang='lat' dir='ltr'><strong>cum</strong></span> <span class='ocrx_word' id='word_1_349' title='bbox 1591 949 1751 982; x_wconf 85' lang='lat' dir='ltr'><strong>parentibus</strong></span> 
     </span>
    </p>
   </div>
   <div class='ocr_carea' id='block_1_48' title="bbox 968 989 1751 1024">
    <p class='ocr_par' dir='ltr' id='par_1_48' title="bbox 968 989 1751 1024">
     <span class='ocr_line' id='line_1_48' title="bbox 968 989 1751 1024; baseline 0.004 -7"><span class='ocrx_word' id='word_1_350' title='bbox 968 990 1044 1024; x_wconf 85' lang='lat' dir='ltr'><strong>ipsis,</strong></span> <span class='ocrx_word' id='word_1_351' title='bbox 1066 989 1238 1018; x_wconf 83' lang='lat' dir='ltr'><strong>manifestum</strong></span> <span class='ocrx_word' id='word_1_352' title='bbox 1252 995 1305 1018; x_wconf 87' lang='lat' dir='ltr'><strong>est.</strong></span> <span class='ocrx_word' id='word_1_353' title='bbox 1321 989 1380 1018; x_wconf 83' lang='lat' dir='ltr'><strong>Jam</strong></span> <span class='ocrx_word' id='word_1_354' title='bbox 1407 998 1472 1018; x_wconf 87' lang='lat' dir='ltr'><strong>vero</strong></span> <span class='ocrx_word' id='word_1_355' title='bbox 1498 999 1552 1019; x_wconf 93' lang='lat' dir='ltr'><strong>non</strong></span> <span class='ocrx_word' id='word_1_356' title='bbox 1576 999 1638 1019; x_wconf 87' lang='lat' dir='ltr'><strong>cum</strong></span> <span class='ocrx_word' id='word_1_357' title='bbox 1667 993 1751 1020; x_wconf 81' lang='lat' dir='ltr'><strong>semel</strong></span> 
     </span>
    </p>
   </div>
   <div class='ocr_carea' id='block_1_49' title="bbox 969 1036 1750 1072">
    <p class='ocr_par' dir='ltr' id='par_1_49' title="bbox 969 1036 1750 1072">
     <span class='ocr_line' id='line_1_49' title="bbox 969 1036 1750 1072; baseline 0.003 -9"><span class='ocrx_word' id='word_1_358' title='bbox 969 1043 1019 1063; x_wconf 82' lang='lat' dir='ltr'><strong>nos</strong></span> <span class='ocrx_word' id='word_1_359' title='bbox 1034 1036 1111 1063; x_wconf 83' lang='lat' dir='ltr'><strong>vivos</strong></span> <span class='ocrx_word' id='word_1_360' title='bbox 1125 1041 1295 1070; x_wconf 74' lang='lat' dir='ltr'><strong>procreasset</strong></span> <span class='ocrx_word' id='word_1_361' title='bbox 1310 1036 1518 1072; x_wconf 79' lang='lat' dir='ltr'><strong>iormasselque,</strong></span> <span class='ocrx_word' id='word_1_362' title='bbox 1536 1042 1567 1064; x_wconf 88' lang='lat' dir='ltr'><strong>ut</strong></span> <span class='ocrx_word' id='word_1_363' title='bbox 1597 1038 1647 1070; x_wconf 87' lang='lat' dir='ltr'><strong>illi,</strong></span> <span class='ocrx_word' id='word_1_364' title='bbox 1662 1046 1692 1066; x_wconf 87' lang='lat' dir='ltr'><strong>se</strong></span> <span class='ocrx_word' id='word_1_365' title='bbox 1706 1046 1750 1065; x_wconf 89' lang='lat' dir='ltr'><strong>re-</strong></span> 
     </span>
    </p>
   </div>
   <div class='ocr_carea' id='block_1_50' title="bbox 968 1081 1752 1116">
    <p class='ocr_par' dir='ltr' id='par_1_50' title="bbox 968 1081 1752 1116">
     <span class='ocr_line' id='line_1_50' title="bbox 968 1081 1752 1116; baseline 0.003 -8"><span class='ocrx_word' id='word_1_366' title='bbox 968 1081 1073 1108; x_wconf 89' lang='lat' dir='ltr'><strong>movit:</strong></span> <span class='ocrx_word' id='word_1_367' title='bbox 1091 1082 1138 1109; x_wconf 84' lang='lat' dir='ltr'><strong>sed</strong></span> <span class='ocrx_word' id='word_1_368' title='bbox 1152 1089 1294 1116; x_wconf 85' lang='lat' dir='ltr'><strong>nunquam</strong></span> <span class='ocrx_word' id='word_1_369' title='bbox 1312 1089 1366 1109; x_wconf 84' lang='lat' dir='ltr'><strong>non</strong></span> <span class='ocrx_word' id='word_1_370' title='bbox 1387 1082 1473 1115; x_wconf 76' lang='lat' dir='ltr'><strong>adest,</strong></span> <span class='ocrx_word' id='word_1_371' title='bbox 1494 1087 1522 1111; x_wconf 86' lang='lat' dir='ltr'><strong>et</strong></span> <span class='ocrx_word' id='word_1_372' title='bbox 1536 1084 1630 1111; x_wconf 87' lang='lat' dir='ltr'><strong>unitus</strong></span> <span class='ocrx_word' id='word_1_373' title='bbox 1657 1088 1708 1116; x_wconf 85' lang='lat' dir='ltr'><strong>est,</strong></span> <span class='ocrx_word' id='word_1_374' title='bbox 1724 1089 1752 1111; x_wconf 86' lang='lat' dir='ltr'><strong>et</strong></span> 
     </span>
    </p>
   </div>
   <div class='ocr_carea' id='block_1_51' title="bbox 968 1127 1752 1162">
    <p class='ocr_par' dir='ltr' id='par_1_51' title="bbox 968 1127 1752 1162">
     <span class='ocr_line' id='line_1_51' title="bbox 968 1127 1752 1162; baseline 0.003 -8"><span class='ocrx_word' id='word_1_375' title='bbox 968 1127 1019 1154; x_wconf 93' lang='lat' dir='ltr'><strong>hoc</strong></span> <span class='ocrx_word' id='word_1_376' title='bbox 1031 1127 1091 1162; x_wconf 90' lang='lat' dir='ltr'><strong>ipso</strong></span> <span class='ocrx_word' id='word_1_377' title='bbox 1110 1127 1182 1162; x_wconf 91' lang='lat' dir='ltr'><strong>quod</strong></span> <span class='ocrx_word' id='word_1_378' title='bbox 1200 1127 1290 1159; x_wconf 84' lang='lat' dir='ltr'><strong>adest,</strong></span> <span class='ocrx_word' id='word_1_379' title='bbox 1317 1135 1369 1154; x_wconf 87' lang='lat' dir='ltr'><strong>nos</strong></span> <span class='ocrx_word' id='word_1_380' title='bbox 1394 1128 1514 1156; x_wconf 76' lang='lat' dir='ltr'><strong>viviﬁcat</strong></span> <span class='ocrx_word' id='word_1_381' title='bbox 1527 1134 1552 1156; x_wconf 87' lang='lat' dir='ltr'><strong>et</strong></span> <span class='ocrx_word' id='word_1_382' title='bbox 1580 1129 1688 1156; x_wconf 73' lang='lat' dir='ltr'><strong>format.</strong></span> <span class='ocrx_word' id='word_1_383' title='bbox 1718 1129 1752 1156; x_wconf 86' lang='lat' dir='ltr'><strong>Et</strong></span> 
     </span>
    </p>
   </div>
   <div class='ocr_carea' id='block_1_52' title="bbox 967 1165 1750 1210">
    <p class='ocr_par' dir='ltr' id='par_1_52' title="bbox 967 1165 1750 1210">
     <span class='ocr_line' id='line_1_52' title="bbox 967 1165 1750 1210; baseline 0 -8"><span class='ocrx_word' id='word_1_384' title='bbox 967 1174 1106 1208; x_wconf 75' lang='lat' dir='ltr'><strong>sejunctos</strong></span> <span class='ocrx_word' id='word_1_385' title='bbox 1120 1174 1229 1209; x_wconf 88' lang='lat' dir='ltr'><strong>quidem</strong></span> <span class='ocrx_word' id='word_1_386' title='bbox 1240 1182 1254 1201; x_wconf 86' lang='lat' dir='ltr'><strong>a</strong></span> <span class='ocrx_word' id='word_1_387' title='bbox 1267 1175 1423 1209; x_wconf 73' lang='lat' dir='ltr'><strong>parentibus</strong></span> <span class='ocrx_word' id='word_1_388' title='bbox 1433 1175 1500 1202; x_wconf 86' lang='lat' dir='ltr'><strong>nihil</strong></span> <span class='ocrx_word' id='word_1_389' title='bbox 1514 1180 1586 1203; x_wconf 72' lang='lat' dir='ltr'><strong>vetat</strong></span> <span class='ocrx_word' id='word_1_390' title='bbox 1596 1165 1750 1210; x_wconf 62' lang='lat' dir='ltr'><strong>superesse,</strong></span> 
     </span>
    </p>
   </div>
   <div class='ocr_carea' id='block_1_53' title="bbox 967 1219 1751 1255">
    <p class='ocr_par' dir='ltr' id='par_1_53' title="bbox 967 1219 1751 1255">
     <span class='ocr_line' id='line_1_53' title="bbox 967 1219 1751 1255; baseline 0.003 -9"><span class='ocrx_word' id='word_1_391' title='bbox 967 1219 1105 1247; x_wconf 85' lang='lat' dir='ltr'><strong>aChristo</strong></span> <span class='ocrx_word' id='word_1_392' title='bbox 1121 1225 1211 1247; x_wconf 85' lang='lat' dir='ltr'><strong>autent</strong></span> <span class='ocrx_word' id='word_1_393' title='bbox 1232 1220 1376 1254; x_wconf 75' lang='lat' dir='ltr'><strong>separalis,</strong></span> <span class='ocrx_word' id='word_1_394' title='bbox 1413 1224 1512 1255; x_wconf 66' lang='lat' dir='ltr'><strong>preter</strong></span> <span class='ocrx_word' id='word_1_395' title='bbox 1542 1225 1655 1248; x_wconf 83' lang='lat' dir='ltr'><strong>mortem</strong></span> <span class='ocrx_word' id='word_1_396' title='bbox 1683 1221 1751 1248; x_wconf 88' lang='lat' dir='ltr'><strong>nihil</strong></span> 
     </span>
    </p>
   </div>
   <div class='ocr_carea' id='block_1_54' title="bbox 966 1265 1750 1302">
    <p class='ocr_par' dir='ltr' id='par_1_54' title="bbox 966 1265 1750 1302">
     <span class='ocr_line' id='line_1_54' title="bbox 966 1265 1750 1302; baseline 0.003 -10"><span class='ocrx_word' id='word_1_397' title='bbox 966 1265 1182 1300; x_wconf 79' lang='lat' dir='ltr'><strong>exspectandum</strong></span> <span class='ocrx_word' id='word_1_398' title='bbox 1210 1271 1261 1293; x_wconf 88' lang='lat' dir='ltr'><strong>est.</strong></span> <span class='ocrx_word' id='word_1_399' title='bbox 1289 1265 1341 1293; x_wconf 82' lang='lat' dir='ltr'><strong>Sed</strong></span> <span class='ocrx_word' id='word_1_400' title='bbox 1366 1273 1418 1294; x_wconf 88' lang='lat' dir='ltr'><strong>cur</strong></span> <span class='ocrx_word' id='word_1_401' title='bbox 1441 1267 1530 1302; x_wconf 76' lang='lat' dir='ltr'><strong>majus</strong></span> <span class='ocrx_word' id='word_1_402' title='bbox 1547 1267 1676 1301; x_wconf 82' lang='lat' dir='ltr'><strong>quiddam</strong></span> <span class='ocrx_word' id='word_1_403' title='bbox 1696 1275 1750 1294; x_wconf 93' lang='lat' dir='ltr'><strong>non</strong></span> 
     </span>
    </p>
   </div>
   <div class='ocr_carea' id='block_1_55' title="bbox 967 1311 1753 1347">
    <p class='ocr_par' dir='ltr' id='par_1_55' title="bbox 967 1311 1753 1347">
     <span class='ocr_line' id='line_1_55' title="bbox 967 1311 1753 1347; baseline 0 -8"><span class='ocrx_word' id='word_1_404' title='bbox 967 1311 1052 1339; x_wconf 72' lang='lat' dir='ltr'><strong>dico?</strong></span> <span class='ocrx_word' id='word_1_405' title='bbox 1069 1311 1184 1347; x_wconf 75' lang='lat' dir='ltr'><strong>Fingere</strong></span> <span class='ocrx_word' id='word_1_406' title='bbox 1199 1311 1265 1346; x_wconf 81' lang='lat' dir='ltr'><strong>ipsis</strong></span> <span class='ocrx_word' id='word_1_407' title='bbox 1280 1312 1306 1338; x_wconf 90' lang='lat' dir='ltr'><strong>in</strong></span> <span class='ocrx_word' id='word_1_408' title='bbox 1339 1311 1492 1346; x_wconf 82' lang='lat' dir='ltr'><strong>semetipsis</strong></span> <span class='ocrx_word' id='word_1_409' title='bbox 1507 1312 1589 1343; x_wconf 79' lang='lat' dir='ltr'><strong>ﬁlios,</strong></span> <span class='ocrx_word' id='word_1_410' title='bbox 1613 1313 1676 1346; x_wconf 87' lang='lat' dir='ltr'><strong>quia</strong></span> <span class='ocrx_word' id='word_1_411' title='bbox 1705 1320 1753 1347; x_wconf 88' lang='lat' dir='ltr'><strong>pa-</strong></span> 
     </span>
    </p>
   </div>
   <div class='ocr_carea' id='block_1_56' title="bbox 968 1355 1749 1386">
    <p class='ocr_par' dir='ltr' id='par_1_56' title="bbox 968 1355 1749 1386">
     <span class='ocr_line' id='line_1_56' title="bbox 968 1355 1749 1386; baseline 0.001 -2"><span class='ocrx_word' id='word_1_412' title='bbox 968 1356 1092 1384; x_wconf 82' lang='lat' dir='ltr'><strong>rentibus</strong></span> <span class='ocrx_word' id='word_1_413' title='bbox 1105 1363 1158 1384; x_wconf 87' lang='lat' dir='ltr'><strong>non</strong></span> <span class='ocrx_word' id='word_1_414' title='bbox 1183 1355 1359 1386; x_wconf 86' lang='lat' dir='ltr'><strong>dirimantur.</strong></span> <span class='ocrx_word' id='word_1_415' title='bbox 1393 1357 1465 1384; x_wconf 86' lang='lat' dir='ltr'><strong>haud</strong></span> <span class='ocrx_word' id='word_1_416' title='bbox 1495 1358 1664 1385; x_wconf 82' lang='lat' dir='ltr'><strong>conceditur.</strong></span> <span class='ocrx_word' id='word_1_417' title='bbox 1695 1357 1749 1386; x_wconf 87' lang='lat' dir='ltr'><strong>Sed</strong></span> 
     </span>
    </p>
   </div>
   <div class='ocr_carea' id='block_1_57' title="bbox 927 1397 1750 1437">
    <p class='ocr_par' dir='ltr' id='par_1_57' title="bbox 927 1397 1750 1437">
     <span class='ocr_line' id='line_1_57' title="bbox 927 1397 1750 1437; baseline 0.002 -9"><span class='ocrx_word' id='word_1_418' title='bbox 927 1397 950 1428; x_wconf 86' lang='lat' dir='ltr'><strong>C</strong></span> <span class='ocrx_word' id='word_1_419' title='bbox 968 1402 1032 1437; x_wconf 84' lang='lat' dir='ltr'><strong>quia</strong></span> <span class='ocrx_word' id='word_1_420' title='bbox 1047 1401 1094 1429; x_wconf 87' lang='lat' dir='ltr'><strong>alii</strong></span> <span class='ocrx_word' id='word_1_421' title='bbox 1110 1406 1288 1436; x_wconf 85' lang='lat' dir='ltr'><strong>generarunt,</strong></span> <span class='ocrx_word' id='word_1_422' title='bbox 1315 1402 1361 1429; x_wconf 84' lang='lat' dir='ltr'><strong>alii</strong></span> <span class='ocrx_word' id='word_1_423' title='bbox 1387 1404 1508 1436; x_wconf 85' lang='lat' dir='ltr'><strong>generati</strong></span> <span class='ocrx_word' id='word_1_424' title='bbox 1532 1408 1606 1435; x_wconf 82' lang='lat' dir='ltr'><strong>sunt,</strong></span> <span class='ocrx_word' id='word_1_425' title='bbox 1625 1404 1676 1430; x_wconf 87' lang='lat' dir='ltr'><strong>hoc</strong></span> <span class='ocrx_word' id='word_1_426' title='bbox 1703 1411 1750 1431; x_wconf 85' lang='lat' dir='ltr'><strong>eos</strong></span> 
     </span>
    </p>
   </div>
   <div class='ocr_carea' id='block_1_58' title="bbox 132 1444 1748 1484">
    <p class='ocr_par' dir='ltr' id='par_1_58' title="bbox 132 1444 1748 1484">
     <span class='ocr_line' id='line_1_58' title="bbox 132 1444 1748 1484; baseline 0.005 -14"><span class='ocrx_word' id='word_1_427' title='bbox 132 1451 245 1478; x_wconf 87' lang='lat' dir='ltr'><strong>prorsus</strong></span> <span class='ocrx_word' id='word_1_428' title='bbox 259 1444 372 1475; x_wconf 79' lang='lat' dir='ltr'><strong>dirimit.</strong></span> <span class='ocrx_word' id='word_1_429' title='bbox 386 1451 419 1472; x_wconf 88' lang='lat' dir='ltr'><strong>ac</strong></span> <span class='ocrx_word' id='word_1_430' title='bbox 433 1445 558 1480; x_wconf 80' lang='lat' dir='ltr'><strong>sejungit.</strong></span> <span class='ocrx_word' id='word_1_431' title='bbox 573 1445 640 1472; x_wconf 80' lang='lat' dir='ltr'><strong>Esse</strong></span> <span class='ocrx_word' id='word_1_432' title='bbox 666 1450 757 1474; x_wconf 84' lang='lat' dir='ltr'><strong>autem</strong></span> <span class='ocrx_word' id='word_1_433' title='bbox 778 1446 848 1474; x_wconf 75' lang='lat' dir='ltr'><strong>ﬁlios</strong></span> <span class='ocrx_word' id='word_1_434' title='bbox 877 1447 904 1474; x_wconf 89' lang='lat' dir='ltr'><strong>in</strong></span> <span class='ocrx_word' id='word_1_435' title='bbox 929 1448 1077 1484; x_wconf 82' lang='lat' dir='ltr'><strong>mysteriis,</strong></span> <span class='ocrx_word' id='word_1_436' title='bbox 1093 1448 1120 1474; x_wconf 91' lang='lat' dir='ltr'><strong>in</strong></span> <span class='ocrx_word' id='word_1_437' title='bbox 1137 1448 1300 1475; x_wconf 86' lang='lat' dir='ltr'><strong>commercio</strong></span> <span class='ocrx_word' id='word_1_438' title='bbox 1318 1453 1344 1475; x_wconf 91' lang='lat' dir='ltr'><strong>et</strong></span> <span class='ocrx_word' id='word_1_439' title='bbox 1369 1449 1615 1477; x_wconf 81' lang='lat' dir='ltr'><strong>communicatione</strong></span> <span class='ocrx_word' id='word_1_440' title='bbox 1631 1451 1748 1484; x_wconf 85' lang='lat' dir='ltr'><strong>positum</strong></span> 
     </span>
    </p>
   </div>
   <div class='ocr_carea' id='block_1_59' title="bbox 132 1491 1364 1529">
    <p class='ocr_par' dir='ltr' id='par_1_59' title="bbox 132 1491 1364 1529">
     <span class='ocr_line' id='line_1_59' title="bbox 132 1491 1364 1529; baseline 0.002 -11"><span class='ocrx_word' id='word_1_441' title='bbox 132 1494 183 1522; x_wconf 76' lang='lat' dir='ltr'><strong>est,</strong></span> <span class='ocrx_word' id='word_1_442' title='bbox 199 1495 226 1517; x_wconf 90' lang='lat' dir='ltr'><strong>et</strong></span> <span class='ocrx_word' id='word_1_443' title='bbox 258 1491 430 1525; x_wconf 56' lang='lat' dir='ltr'><strong>separari7ac</strong></span> <span class='ocrx_word' id='word_1_444' title='bbox 453 1491 570 1526; x_wconf 68' lang='lat' dir='ltr'><strong>seiungi,</strong></span> <span class='ocrx_word' id='word_1_445' title='bbox 597 1493 649 1520; x_wconf 89' lang='lat' dir='ltr'><strong>hoc</strong></span> <span class='ocrx_word' id='word_1_446' title='bbox 667 1497 710 1521; x_wconf 84' lang='lat' dir='ltr'><strong>est</strong></span> <span class='ocrx_word' id='word_1_447' title='bbox 736 1501 790 1521; x_wconf 88' lang='lat' dir='ltr'><strong>non</strong></span> <span class='ocrx_word' id='word_1_448' title='bbox 815 1494 1010 1529; x_wconf 81' lang='lat' dir='ltr'><strong>ampliusesse.</strong></span> <span class='ocrx_word' id='word_1_449' title='bbox 1037 1495 1083 1522; x_wconf 84' lang='lat' dir='ltr'><strong>sed</strong></span> <span class='ocrx_word' id='word_1_450' title='bbox 1108 1495 1220 1521; x_wconf 90' lang='lat' dir='ltr'><strong>omnino</strong></span> <span class='ocrx_word' id='word_1_451' title='bbox 1242 1494 1364 1528; x_wconf 84' lang='lat' dir='ltr'><strong>periisse.</strong></span> 
     </span>
    </p>
   </div>
   <div class='ocr_carea' id='block_1_60' title="bbox 170 1540 918 1577">
    <p class='ocr_par' dir='ltr' id='par_1_60' title="bbox 170 1540 918 1577">
     <span class='ocr_line' id='line_1_60' title="bbox 170 1540 918 1577; baseline 0.003 -10"><span class='ocrx_word' id='word_1_452' title='bbox 170 1541 274 1568; x_wconf 79' lang='grc' dir='ltr'><strong>οὐκοῦν</strong></span> <span class='ocrx_word' id='word_1_453' title='bbox 290 1541 314 1567; x_wconf 79' lang='lat' dir='ltr'><strong>sl</strong></span> <span class='ocrx_word' id='word_1_454' title='bbox 330 1540 471 1567; x_wconf 80' lang='grc' dir='ltr'><strong>κοινωνίαν</strong></span> <span class='ocrx_word' id='word_1_455' title='bbox 484 1540 547 1567; x_wconf 76' lang='grc' dir='ltr'><strong>τινὰ</strong></span> <span class='ocrx_word' id='word_1_456' title='bbox 565 1540 688 1576; x_wconf 84' lang='grc' dir='ltr'><strong>βούλεται</strong></span> <span class='ocrx_word' id='word_1_457' title='bbox 702 1542 733 1568; x_wconf 80' lang='grc' dir='ltr'><strong>τὸ</strong></span> <span class='ocrx_word' id='word_1_458' title='bbox 750 1542 799 1577; x_wconf 87' lang='grc' dir='ltr'><strong>τῆς</strong></span> <span class='ocrx_word' id='word_1_459' title='bbox 820 1551 918 1577; x_wconf 84' lang='grc' dir='ltr'><strong>συγγε-</strong></span> 
     </span>
    </p>
   </div>
   <div class='ocr_carea' id='block_1_61' title="bbox 133 1585 917 1624">
    <p class='ocr_par' dir='ltr' id='par_1_61' title="bbox 133 1585 917 1624">
     <span class='ocr_line' id='line_1_61' title="bbox 133 1585 917 1624; baseline 0.003 -10"><span class='ocrx_word' id='word_1_460' title='bbox 133 1587 210 1619; x_wconf 84' lang='grc' dir='ltr'><strong>νείας</strong></span> <span class='ocrx_word' id='word_1_461' title='bbox 225 1586 321 1622; x_wconf 77' lang='grc' dir='ltr'><strong>ὖνομα,</strong></span> <span class='ocrx_word' id='word_1_462' title='bbox 341 1587 387 1614; x_wconf 76' lang='grc' dir='ltr'><strong>καὶ</strong></span> <span class='ocrx_word' id='word_1_463' title='bbox 399 1586 511 1617; x_wconf 86' lang='grc' dir='ltr'><strong>τούτους</strong></span> <span class='ocrx_word' id='word_1_464' title='bbox 527 1585 604 1622; x_wconf 74' lang='grc' dir='ltr'><strong>οἶμαι</strong></span> <span class='ocrx_word' id='word_1_465' title='bbox 623 1587 720 1622; x_wconf 82' lang='grc' dir='ltr'><strong>μηνύει</strong></span> <span class='ocrx_word' id='word_1_466' title='bbox 737 1590 800 1620; x_wconf 77' lang='grc' dir='ltr'><strong>τοὺς</strong></span> <span class='ocrx_word' id='word_1_467' title='bbox 820 1588 917 1624; x_wconf 80' lang='grc' dir='ltr'><strong>αἵματι</strong></span> 
     </span>
    </p>
   </div>
   <div class='ocr_carea' id='block_1_62' title="bbox 135 1633 916 1669">
    <p class='ocr_par' dir='ltr' id='par_1_62' title="bbox 135 1633 916 1669">
     <span class='ocr_line' id='line_1_62' title="bbox 135 1633 916 1669; baseline 0.001 -9"><span class='ocrx_word' id='word_1_468' title='bbox 135 1633 217 1668; x_wconf 81' lang='grc' dir='ltr'><strong>κοινῷ</strong></span> <span class='ocrx_word' id='word_1_469' title='bbox 236 1633 437 1668; x_wconf 82' lang='grc' dir='ltr'><strong>συνημμένους,</strong></span> <span class='ocrx_word' id='word_1_470' title='bbox 453 1633 520 1668; x_wconf 84' lang='grc' dir='ltr'><strong>μόνη</strong></span> <span class='ocrx_word' id='word_1_471' title='bbox 534 1634 583 1669; x_wconf 66' lang='grc' dir='ltr'><strong>μὲν</strong></span> <span class='ocrx_word' id='word_1_472' title='bbox 603 1633 718 1669; x_wconf 80' lang='grc' dir='ltr'><strong>αἵματος</strong></span> <span class='ocrx_word' id='word_1_473' title='bbox 740 1633 772 1660; x_wconf 81' lang='grc' dir='ltr'><strong>ἂν</strong></span> <span class='ocrx_word' id='word_1_474' title='bbox 790 1633 832 1669; x_wconf 69' lang='grc' dir='ltr'><strong>εἴη</strong></span> <span class='ocrx_word' id='word_1_475' title='bbox 858 1643 916 1661; x_wconf 84' lang='grc' dir='ltr'><strong>κοι-</strong></span> 
     </span>
    </p>
   </div>
   <div class='ocr_carea' id='block_1_63' title="bbox 134 1679 917 1716">
    <p class='ocr_par' dir='ltr' id='par_1_63' title="bbox 134 1679 917 1716">
     <span class='ocr_line' id='line_1_63' title="bbox 134 1679 917 1716; baseline 0.001 -10"><span class='ocrx_word' id='word_1_476' title='bbox 134 1680 226 1715; x_wconf 85' lang='grc' dir='ltr'><strong>νότης,</strong></span> <span class='ocrx_word' id='word_1_477' title='bbox 252 1680 320 1714; x_wconf 80' lang='grc' dir='ltr'><strong>μόνη</strong></span> <span class='ocrx_word' id='word_1_478' title='bbox 340 1679 368 1706; x_wconf 73' lang='grc' dir='ltr'><strong>δὲ</strong></span> <span class='ocrx_word' id='word_1_479' title='bbox 392 1679 538 1714; x_wconf 79' lang='grc' dir='ltr'><strong>συγγένεια</strong></span> <span class='ocrx_word' id='word_1_480' title='bbox 559 1680 606 1707; x_wconf 79' lang='grc' dir='ltr'><strong>καὶ</strong></span> <span class='ocrx_word' id='word_1_481' title='bbox 632 1681 736 1714; x_wconf 81' lang='grc' dir='ltr'><strong>υῐότης,</strong></span> <span class='ocrx_word' id='word_1_482' title='bbox 752 1680 815 1707; x_wconf 82' lang='grc' dir='ltr'><strong>καθ’</strong></span> <span class='ocrx_word' id='word_1_483' title='bbox 829 1681 861 1716; x_wconf 76' lang='grc' dir='ltr'><strong>ἢν</strong></span> <span class='ocrx_word' id='word_1_484' title='bbox 878 1681 917 1715; x_wconf 86' lang='grc' dir='ltr'><strong>τῷ</strong></span> 
     </span>
    </p>
   </div>
   <div class='ocr_carea' id='block_1_64' title="bbox 134 1725 917 1762">
    <p class='ocr_par' dir='ltr' id='par_1_64' title="bbox 134 1725 917 1762">
     <span class='ocr_line' id='line_1_64' title="bbox 134 1725 917 1762; baseline 0.001 -9"><span class='ocrx_word' id='word_1_485' title='bbox 134 1726 246 1761; x_wconf 84' lang='grc' dir='ltr'><strong>Χριστῷ</strong></span> <span class='ocrx_word' id='word_1_486' title='bbox 261 1725 455 1761; x_wconf 75' lang='grc' dir='ltr'><strong>κοινωνοῦμεν.</strong></span> <span class='ocrx_word' id='word_1_487' title='bbox 486 1726 535 1752; x_wconf 86' lang='grc' dir='ltr'><strong>Διὰ</strong></span> <span class='ocrx_word' id='word_1_488' title='bbox 559 1726 639 1753; x_wconf 83' lang='grc' dir='ltr'><strong>τοῦτο</strong></span> <span class='ocrx_word' id='word_1_489' title='bbox 660 1726 708 1753; x_wconf 75' lang='grc' dir='ltr'><strong>καὶ</strong></span> <span class='ocrx_word' id='word_1_490' title='bbox 725 1726 775 1761; x_wconf 87' lang='grc' dir='ltr'><strong>τὴν</strong></span> <span class='ocrx_word' id='word_1_491' title='bbox 798 1726 917 1762; x_wconf 82' lang='grc' dir='ltr'><strong>φυσικὴν</strong></span> 
     </span>
    </p>
   </div>
   <div class='ocr_carea' id='block_1_65' title="bbox 133 1771 918 1806">
    <p class='ocr_par' dir='ltr' id='par_1_65' title="bbox 133 1771 918 1806">
     <span class='ocr_line' id='line_1_65' title="bbox 133 1771 918 1806; baseline -0.001 -8"><span class='ocrx_word' id='word_1_492' title='bbox 133 1772 260 1806; x_wconf 73' lang='grc' dir='ltr'><strong>γέννησιν</strong></span> <span class='ocrx_word' id='word_1_493' title='bbox 273 1771 456 1806; x_wconf 80' lang='grc' dir='ltr'><strong>ἀποκρύπτει,</strong></span> <span class='ocrx_word' id='word_1_494' title='bbox 469 1771 579 1798; x_wconf 68' lang='grc' dir='ltr'><strong>ἐπειδὰν</strong></span> <span class='ocrx_word' id='word_1_495' title='bbox 594 1773 640 1798; x_wconf 73' lang='grc' dir='ltr'><strong>ἐπὶ</strong></span> <span class='ocrx_word' id='word_1_496' title='bbox 651 1772 706 1798; x_wconf 81' lang='grc' dir='ltr'><strong>τῶν</strong></span> <span class='ocrx_word' id='word_1_497' title='bbox 717 1773 806 1799; x_wconf 78' lang='grc' dir='ltr'><strong>αὐτῶν</strong></span> <span class='ocrx_word' id='word_1_498' title='bbox 819 1772 918 1806; x_wconf 86' lang='grc' dir='ltr'><strong>γένων-</strong></span> 
     </span>
    </p>
   </div>
   <div class='ocr_carea' id='block_1_66' title="bbox 132 1816 916 1852">
    <p class='ocr_par' dir='ltr' id='par_1_66' title="bbox 132 1816 916 1852">
     <span class='ocr_line' id='line_1_66' title="bbox 132 1816 916 1852; baseline 0.001 -9"><span class='ocrx_word' id='word_1_499' title='bbox 132 1825 195 1844; x_wconf 81' lang='grc' dir='ltr'><strong>ται·</strong></span> <span class='ocrx_word' id='word_1_500' title='bbox 212 1826 222 1843; x_wconf 78' lang='lat' dir='ltr'><strong>t</strong></span> <span class='ocrx_word' id='word_1_501' title='bbox 239 1817 315 1844; x_wconf 81' lang='grc' dir='ltr'><strong>Ὅσοι</strong></span> <span class='ocrx_word' id='word_1_502' title='bbox 326 1817 380 1851; x_wconf 83' lang='grc' dir='ltr'><strong>γὰρ</strong></span> <span class='ocrx_word' id='word_1_503' title='bbox 391 1816 486 1844; x_wconf 71' lang='grc' dir='ltr'><strong>ἔλαῦον</strong></span> <span class='ocrx_word' id='word_1_504' title='bbox 496 1817 588 1851; x_wconf 79' lang='grc' dir='ltr'><strong>αὑτὸν,</strong></span> <span class='ocrx_word' id='word_1_505' title='bbox 599 1818 693 1852; x_wconf 71' lang='grc' dir='ltr'><strong>φησιν.</strong></span> <span class='ocrx_word' id='word_1_506' title='bbox 710 1818 803 1849; x_wconf 82' lang='grc' dir='ltr'><strong>αὐτοῖς</strong></span> <span class='ocrx_word' id='word_1_507' title='bbox 817 1817 916 1844; x_wconf 80' lang='grc' dir='ltr'><strong>ἔδωκεν</strong></span> 
     </span>
    </p>
   </div>
   <div class='ocr_carea' id='block_1_67' title="bbox 133 1862 916 1899">
    <p class='ocr_par' dir='ltr' id='par_1_67' title="bbox 133 1862 916 1899">
     <span class='ocr_line' id='line_1_67' title="bbox 133 1862 916 1899; baseline 0 -9"><span class='ocrx_word' id='word_1_508' title='bbox 133 1863 258 1896; x_wconf 68' lang='grc' dir='ltr'><strong>ἐξουσίαν</strong></span> <span class='ocrx_word' id='word_1_509' title='bbox 269 1864 354 1890; x_wconf 80' lang='grc' dir='ltr'><strong>τέκνα</strong></span> <span class='ocrx_word' id='word_1_510' title='bbox 363 1862 432 1890; x_wconf 81' lang='grc' dir='ltr'><strong>Θεοῦ</strong></span> <span class='ocrx_word' id='word_1_511' title='bbox 445 1863 573 1897; x_wconf 86' lang='grc' dir='ltr'><strong>γενέσθαι</strong></span> <span class='ocrx_word' id='word_1_512' title='bbox 584 1870 594 1879; x_wconf 79' lang='grc'><strong>⁸</strong></span> <span class='ocrx_word' id='word_1_513' title='bbox 610 1873 618 1890; x_wconf 75' lang='grc' dir='ltr'><strong>ι</strong></span> <span class='ocrx_word' id='word_1_514' title='bbox 634 1864 726 1891; x_wconf 79' lang='grc' dir='ltr'><strong>καίτοι</strong></span> <span class='ocrx_word' id='word_1_515' title='bbox 739 1865 916 1899; x_wconf 79' lang='grc' dir='ltr'><strong>γεγέννηνται</strong></span> 
     </span>
    </p>
   </div>
   <div class='ocr_carea' id='block_1_68' title="bbox 133 1906 917 1944">
    <p class='ocr_par' dir='ltr' id='par_1_68' title="bbox 133 1906 917 1944">
     <span class='ocr_line' id='line_1_68' title="bbox 133 1906 917 1944; baseline 0.003 -10"><span class='ocrx_word' id='word_1_516' title='bbox 133 1909 180 1935; x_wconf 81' lang='grc' dir='ltr'><strong>καὶ</strong></span> <span class='ocrx_word' id='word_1_517' title='bbox 191 1908 293 1943; x_wconf 84' lang='grc' dir='ltr'><strong>σάρκες</strong></span> <span class='ocrx_word' id='word_1_518' title='bbox 303 1906 372 1943; x_wconf 80' lang='grc' dir='ltr'><strong>ἦσαν</strong></span> <span class='ocrx_word' id='word_1_519' title='bbox 386 1908 411 1935; x_wconf 79' lang='grc' dir='ltr'><strong>οι</strong></span> <span class='ocrx_word' id='word_1_520' title='bbox 424 1909 632 1942; x_wconf 76' lang='grc' dir='ltr'><strong>γεγεννηκότες,</strong></span> <span class='ocrx_word' id='word_1_521' title='bbox 645 1909 692 1935; x_wconf 75' lang='grc' dir='ltr'><strong>καὶ</strong></span> <span class='ocrx_word' id='word_1_522' title='bbox 703 1909 753 1944; x_wconf 84' lang='grc' dir='ltr'><strong>τῆς</strong></span> <span class='ocrx_word' id='word_1_523' title='bbox 762 1910 917 1944; x_wconf 81' lang='grc' dir='ltr'><strong>γεννήσεως</strong></span> 
     </span>
    </p>
   </div>
   <div class='ocr_carea' id='block_1_69' title="bbox 132 1953 916 1990">
    <p class='ocr_par' dir='ltr' id='par_1_69' title="bbox 132 1953 916 1990">
     <span class='ocr_line' id='line_1_69' title="bbox 132 1953 916 1990; baseline 0.001 -9"><span class='ocrx_word' id='word_1_524' title='bbox 132 1954 254 1989; x_wconf 79' lang='grc' dir='ltr'><strong>προτέρα</strong></span> <span class='ocrx_word' id='word_1_525' title='bbox 274 1953 377 1988; x_wconf 83' lang='grc' dir='ltr'><strong>ταύτης</strong></span> <span class='ocrx_word' id='word_1_526' title='bbox 401 1954 510 1989; x_wconf 72' lang='grc' dir='ltr'><strong>ἐκείνη·</strong></span> <span class='ocrx_word' id='word_1_527' title='bbox 535 1953 603 1981; x_wconf 81' lang='grc' dir='ltr'><strong>ἀλλὰ</strong></span> <span class='ocrx_word' id='word_1_528' title='bbox 624 1955 751 1981; x_wconf 80' lang='grc' dir='ltr'><strong>τοσοῦτον</strong></span> <span class='ocrx_word' id='word_1_529' title='bbox 768 1955 784 1990; x_wconf 82' lang='grc' dir='ltr'><strong>ἡ</strong></span> <span class='ocrx_word' id='word_1_530' title='bbox 802 1954 916 1990; x_wconf 77' lang='grc' dir='ltr'><strong>δευτέρα</strong></span> 
     </span>
    </p>
   </div>
   <div class='ocr_carea' id='block_1_70' title="bbox 133 1998 916 2036">
    <p class='ocr_par' dir='ltr' id='par_1_70' title="bbox 133 1998 916 2036">
     <span class='ocr_line' id='line_1_70' title="bbox 133 1998 916 2036; baseline -0.001 -10"><span class='ocrx_word' id='word_1_531' title='bbox 133 1999 324 2035; x_wconf 74' lang='grc' dir='ltr'><strong>κατεκράτησε</strong></span> <span class='ocrx_word' id='word_1_532' title='bbox 346 1998 397 2034; x_wconf 84' lang='grc' dir='ltr'><strong>τῆς</strong></span> <span class='ocrx_word' id='word_1_533' title='bbox 420 1999 622 2035; x_wconf 78' lang='grc' dir='ltr'><strong>πρεσϐυτέρας,</strong></span> <span class='ocrx_word' id='word_1_534' title='bbox 652 2000 724 2027; x_wconf 84' lang='grc' dir='ltr'><strong>ὥστε</strong></span> <span class='ocrx_word' id='word_1_535' title='bbox 753 2001 819 2036; x_wconf 82' lang='grc' dir='ltr'><strong>μηδὲ</strong></span> <span class='ocrx_word' id='word_1_536' title='bbox 843 2001 916 2035; x_wconf 83' lang='grc' dir='ltr'><strong>ῐχνος</strong></span> 
     </span>
    </p>
   </div>
   <div class='ocr_carea' id='block_1_71' title="bbox 133 2045 915 2082">
    <p class='ocr_par' dir='ltr' id='par_1_71' title="bbox 133 2045 915 2082">
     <span class='ocr_line' id='line_1_71' title="bbox 133 2045 915 2082; baseline 0.003 -9"><span class='ocrx_word' id='word_1_537' title='bbox 133 2047 242 2082; x_wconf 71' lang='grc' dir='ltr'><strong>ἐκείνης</strong></span> <span class='ocrx_word' id='word_1_538' title='bbox 259 2046 325 2082; x_wconf 73' lang='grc' dir='ltr'><strong>μηδὲ</strong></span> <span class='ocrx_word' id='word_1_539' title='bbox 343 2046 428 2081; x_wconf 81' lang='grc' dir='ltr'><strong>δνομα</strong></span> <span class='ocrx_word' id='word_1_540' title='bbox 444 2046 538 2073; x_wconf 81' lang='grc' dir='ltr'><strong>λοιπὸν</strong></span> <span class='ocrx_word' id='word_1_541' title='bbox 553 2045 633 2078; x_wconf 75' lang='grc' dir='ltr'><strong>εῖναι,</strong></span> <span class='ocrx_word' id='word_1_542' title='bbox 648 2048 694 2073; x_wconf 71' lang='grc' dir='ltr'><strong>καὶ</strong></span> <span class='ocrx_word' id='word_1_543' title='bbox 710 2046 798 2078; x_wconf 74' lang='grc' dir='ltr'><strong>οὕτως</strong></span> <span class='ocrx_word' id='word_1_544' title='bbox 812 2049 826 2074; x_wconf 86' lang='grc' dir='ltr'><strong><em>ὸ</em></strong></span> <span class='ocrx_word' id='word_1_545' title='bbox 844 2048 915 2082; x_wconf 67' lang='grc' dir='ltr'><strong>ἱερὸς</strong></span> 
     </span>
    </p>
   </div>
   <div class='ocr_carea' id='block_1_72' title="bbox 132 2090 915 2127">
    <p class='ocr_par' dir='ltr' id='par_1_72' title="bbox 132 2090 915 2127">
     <span class='ocr_line' id='line_1_72' title="bbox 132 2090 915 2127; baseline 0 -8"><span class='ocrx_word' id='word_1_546' title='bbox 132 2092 214 2127; x_wconf 80' lang='grc' dir='ltr'><strong>ἄρτος</strong></span> <span class='ocrx_word' id='word_1_547' title='bbox 223 2091 268 2118; x_wconf 74' lang='grc' dir='ltr'><strong>τὸν</strong></span> <span class='ocrx_word' id='word_1_548' title='bbox 276 2091 336 2118; x_wconf 89' lang='grc' dir='ltr'><strong>νέον</strong></span> <span class='ocrx_word' id='word_1_549' title='bbox 346 2090 466 2125; x_wconf 78' lang='grc' dir='ltr'><strong>εἰσάγων</strong></span> <span class='ocrx_word' id='word_1_550' title='bbox 476 2091 618 2126; x_wconf 73' lang='grc' dir='ltr'><strong>ἄνθρωπον</strong></span> <span class='ocrx_word' id='word_1_551' title='bbox 632 2092 780 2126; x_wconf 74' lang='grc' dir='ltr'><strong>πρόρριζον</strong></span> <span class='ocrx_word' id='word_1_552' title='bbox 789 2091 915 2119; x_wconf 73' lang='grc' dir='ltr'><strong>ἐκϐάλλει</strong></span> 
     </span>
    </p>
   </div>
   <div class='ocr_carea' id='block_1_73' title="bbox 129 2136 915 2173">
    <p class='ocr_par' dir='ltr' id='par_1_73' title="bbox 129 2136 915 2173">
     <span class='ocr_line' id='line_1_73' title="bbox 129 2136 915 2173; baseline 0.003 -10"><span class='ocrx_word' id='word_1_553' title='bbox 129 2138 178 2164; x_wconf 76' lang='grc' dir='ltr'><strong>τὸν</strong></span> <span class='ocrx_word' id='word_1_554' title='bbox 189 2136 313 2164; x_wconf 79' lang='grc' dir='ltr'><strong>παλαιόν.</strong></span> <span class='ocrx_word' id='word_1_555' title='bbox 331 2136 385 2163; x_wconf 80' lang='grc' dir='ltr'><strong>Καὶ</strong></span> <span class='ocrx_word' id='word_1_556' title='bbox 396 2136 477 2164; x_wconf 79' lang='grc' dir='ltr'><strong>τοῦτο</strong></span> <span class='ocrx_word' id='word_1_557' title='bbox 492 2137 547 2172; x_wconf 78' lang='grc' dir='ltr'><strong>γάρ</strong></span> <span class='ocrx_word' id='word_1_558' title='bbox 562 2138 613 2169; x_wconf 83' lang='grc' dir='ltr'><strong>τῆς</strong></span> <span class='ocrx_word' id='word_1_559' title='bbox 627 2137 703 2172; x_wconf 81' lang='grc' dir='ltr'><strong>ἱερᾶς</strong></span> <span class='ocrx_word' id='word_1_560' title='bbox 718 2137 798 2172; x_wconf 73' lang='grc' dir='ltr'><strong>ἔργον</strong></span> <span class='ocrx_word' id='word_1_561' title='bbox 811 2138 915 2173; x_wconf 68' lang='grc' dir='ltr'><strong>τραπέ-</strong></span> 
     </span>
    </p>
   </div>
   <div class='ocr_carea' id='block_1_74' title="bbox 1004 1542 1750 1578">
    <p class='ocr_par' dir='ltr' id='par_1_74' title="bbox 1004 1542 1750 1578">
     <span class='ocr_line' id='line_1_74' title="bbox 1004 1542 1750 1578; baseline 0 -8"><span class='ocrx_word' id='word_1_562' title='bbox 1004 1543 1097 1578; x_wconf 82' lang='lat' dir='ltr'><strong>ltaque</strong></span> <span class='ocrx_word' id='word_1_563' title='bbox 1112 1543 1136 1570; x_wconf 90' lang='lat' dir='ltr'><strong>si</strong></span> <span class='ocrx_word' id='word_1_564' title='bbox 1155 1549 1252 1570; x_wconf 88' lang='lat' dir='ltr'><strong>nomen</strong></span> <span class='ocrx_word' id='word_1_565' title='bbox 1272 1542 1443 1576; x_wconf 78' lang='lat' dir='ltr'><strong>cognationis</strong></span> <span class='ocrx_word' id='word_1_566' title='bbox 1462 1543 1684 1571; x_wconf 87' lang='lat' dir='ltr'><strong>communionem</strong></span> <span class='ocrx_word' id='word_1_567' title='bbox 1699 1544 1750 1571; x_wconf 78' lang='lat' dir='ltr'><strong>ali-</strong></span> 
     </span>
    </p>
   </div>
   <div class='ocr_carea' id='block_1_75' title="bbox 952 1588 1749 1624">
    <p class='ocr_par' dir='ltr' id='par_1_75' title="bbox 952 1588 1749 1624">
     <span class='ocr_line' id='line_1_75' title="bbox 952 1588 1749 1624; baseline 0 -8"><span class='ocrx_word' id='word_1_568' title='bbox 952 1597 1050 1624; x_wconf 84' lang='lat' dir='ltr'><strong>.quam</strong></span> <span class='ocrx_word' id='word_1_569' title='bbox 1067 1588 1213 1624; x_wconf 84' lang='lat' dir='ltr'><strong>signiﬁcat,</strong></span> <span class='ocrx_word' id='word_1_570' title='bbox 1231 1594 1259 1616; x_wconf 88' lang='lat' dir='ltr'><strong>et</strong></span> <span class='ocrx_word' id='word_1_571' title='bbox 1275 1596 1322 1616; x_wconf 84' lang='lat' dir='ltr'><strong>eos</strong></span> <span class='ocrx_word' id='word_1_572' title='bbox 1343 1588 1456 1621; x_wconf 84' lang='lat' dir='ltr'><strong>indicat,</strong></span> <span class='ocrx_word' id='word_1_573' title='bbox 1472 1589 1582 1624; x_wconf 82' lang='lat' dir='ltr'><strong>opinor,</strong></span> <span class='ocrx_word' id='word_1_574' title='bbox 1598 1589 1645 1624; x_wconf 88' lang='lat' dir='ltr'><strong>qui</strong></span> <span class='ocrx_word' id='word_1_575' title='bbox 1671 1597 1749 1616; x_wconf 87' lang='lat' dir='ltr'><strong>cont-</strong></span> 
     </span>
    </p>
   </div>
   <div class='ocr_carea' id='block_1_76' title="bbox 968 1633 1751 1668">
    <p class='ocr_par' dir='ltr' id='par_1_76' title="bbox 968 1633 1751 1668">
     <span class='ocr_line' id='line_1_76' title="bbox 968 1633 1751 1668; baseline 0.001 -7"><span class='ocrx_word' id='word_1_576' title='bbox 968 1633 1100 1661; x_wconf 87' lang='lat' dir='ltr'><strong>munitate</strong></span> <span class='ocrx_word' id='word_1_577' title='bbox 1116 1634 1259 1668; x_wconf 75' lang='lat' dir='ltr'><strong>sanguinis</strong></span> <span class='ocrx_word' id='word_1_578' title='bbox 1287 1634 1407 1668; x_wconf 82' lang='lat' dir='ltr'><strong>copulati</strong></span> <span class='ocrx_word' id='word_1_579' title='bbox 1423 1639 1498 1666; x_wconf 83' lang='lat' dir='ltr'><strong>sunt,</strong></span> <span class='ocrx_word' id='word_1_580' title='bbox 1525 1634 1583 1661; x_wconf 87' lang='lat' dir='ltr'><strong>sola</strong></span> <span class='ocrx_word' id='word_1_581' title='bbox 1612 1635 1664 1662; x_wconf 86' lang='lat' dir='ltr'><strong>erit</strong></span> <span class='ocrx_word' id='word_1_582' title='bbox 1686 1642 1751 1662; x_wconf 77' lang='lat' dir='ltr'><strong>saa-</strong></span> 
     </span>
    </p>
   </div>
   <div class='ocr_carea' id='block_1_77' title="bbox 967 1680 1750 1716">
    <p class='ocr_par' dir='ltr' id='par_1_77' title="bbox 967 1680 1750 1716">
     <span class='ocr_line' id='line_1_77' title="bbox 967 1680 1750 1716; baseline 0 -8"><span class='ocrx_word' id='word_1_583' title='bbox 967 1681 1059 1716; x_wconf 82' lang='lat' dir='ltr'><strong>guinis</strong></span> <span class='ocrx_word' id='word_1_584' title='bbox 1079 1680 1252 1711; x_wconf 86' lang='lat' dir='ltr'><strong>communio,</strong></span> <span class='ocrx_word' id='word_1_585' title='bbox 1268 1680 1325 1707; x_wconf 88' lang='lat' dir='ltr'><strong>sola</strong></span> <span class='ocrx_word' id='word_1_586' title='bbox 1340 1680 1464 1714; x_wconf 78' lang='lat' dir='ltr'><strong>cognatio</strong></span> <span class='ocrx_word' id='word_1_587' title='bbox 1493 1685 1521 1707; x_wconf 85' lang='lat' dir='ltr'><strong>et</strong></span> <span class='ocrx_word' id='word_1_588' title='bbox 1534 1680 1640 1712; x_wconf 74' lang='lat' dir='ltr'><strong>ﬂliatio,</strong></span> <span class='ocrx_word' id='word_1_589' title='bbox 1653 1688 1750 1708; x_wconf 74' lang='lat' dir='ltr'><strong>secum-</strong></span> 
     </span>
    </p>
   </div>
   <div class='ocr_carea' id='block_1_78' title="bbox 951 1725 1749 1761">
    <p class='ocr_par' dir='ltr' id='par_1_78' title="bbox 951 1725 1749 1761">
     <span class='ocr_line' id='line_1_78' title="bbox 951 1725 1749 1761; baseline 0.003 -10"><span class='ocrx_word' id='word_1_590' title='bbox 951 1747 954 1751; x_wconf 30' lang='lat'><strong><em>4</em></strong></span> <span class='ocrx_word' id='word_1_591' title='bbox 967 1726 1031 1754; x_wconf 89' lang='lat' dir='ltr'><strong>dum</strong></span> <span class='ocrx_word' id='word_1_592' title='bbox 1048 1733 1130 1761; x_wconf 86' lang='lat' dir='ltr'><strong>quam</strong></span> <span class='ocrx_word' id='word_1_593' title='bbox 1150 1733 1212 1753; x_wconf 87' lang='lat' dir='ltr'><strong>cum</strong></span> <span class='ocrx_word' id='word_1_594' title='bbox 1227 1725 1338 1753; x_wconf 85' lang='lat' dir='ltr'><strong>Christo</strong></span> <span class='ocrx_word' id='word_1_595' title='bbox 1352 1726 1599 1753; x_wconf 85' lang='lat' dir='ltr'><strong>eommunicamus.</strong></span> <span class='ocrx_word' id='word_1_596' title='bbox 1615 1726 1709 1760; x_wconf 81' lang='lat' dir='ltr'><strong>Itaque</strong></span> <span class='ocrx_word' id='word_1_597' title='bbox 1722 1732 1749 1754; x_wconf 87' lang='lat' dir='ltr'><strong>et</strong></span> 
     </span>
    </p>
   </div>
   <div class='ocr_carea' id='block_1_79' title="bbox 967 1771 1750 1807">
    <p class='ocr_par' dir='ltr' id='par_1_79' title="bbox 967 1771 1750 1807">
     <span class='ocr_line' id='line_1_79' title="bbox 967 1771 1750 1807; baseline 0 -8"><span class='ocrx_word' id='word_1_598' title='bbox 967 1772 1099 1799; x_wconf 82' lang='lat' dir='ltr'><strong>naturalia</strong></span> <span class='ocrx_word' id='word_1_599' title='bbox 1117 1771 1255 1806; x_wconf 84' lang='lat' dir='ltr'><strong>generatio</strong></span> <span class='ocrx_word' id='word_1_600' title='bbox 1273 1772 1300 1798; x_wconf 87' lang='lat' dir='ltr'><strong>in</strong></span> <span class='ocrx_word' id='word_1_601' title='bbox 1317 1771 1360 1798; x_wconf 88' lang='lat' dir='ltr'><strong>his</strong></span> <span class='ocrx_word' id='word_1_602' title='bbox 1375 1772 1550 1799; x_wconf 79' lang='lat' dir='ltr'><strong>obscuratur.</strong></span> <span class='ocrx_word' id='word_1_603' title='bbox 1572 1781 1582 1797; x_wconf 76' lang='grc' dir='ltr'><strong>ι</strong></span> <span class='ocrx_word' id='word_1_604' title='bbox 1609 1771 1750 1807; x_wconf 78' lang='lat' dir='ltr'><strong>Quotquot</strong></span> 
     </span>
    </p>
   </div>
   <div class='ocr_carea' id='block_1_80' title="bbox 968 1817 1748 1852">
    <p class='ocr_par' dir='ltr' id='par_1_80' title="bbox 968 1817 1748 1852">
     <span class='ocr_line' id='line_1_80' title="bbox 968 1817 1748 1852; baseline 0 -8"><span class='ocrx_word' id='word_1_605' title='bbox 968 1822 1057 1844; x_wconf 91' lang='lat' dir='ltr'><strong>autem</strong></span> <span class='ocrx_word' id='word_1_606' title='bbox 1075 1825 1137 1844; x_wconf 91' lang='lat' dir='ltr'><strong>eum</strong></span> <span class='ocrx_word' id='word_1_607' title='bbox 1151 1821 1322 1851; x_wconf 85' lang='lat' dir='ltr'><strong>receperunt,</strong></span> <span class='ocrx_word' id='word_1_608' title='bbox 1338 1817 1434 1852; x_wconf 81' lang='lat' dir='ltr'><strong>inquit,</strong></span> <span class='ocrx_word' id='word_1_609' title='bbox 1450 1817 1573 1844; x_wconf 82' lang='lat' dir='ltr'><strong>dediteis</strong></span> <span class='ocrx_word' id='word_1_610' title='bbox 1588 1823 1748 1852; x_wconf 84' lang='lat' dir='ltr'><strong>potestatem</strong></span> 
     </span>
    </p>
   </div>
   <div class='ocr_carea' id='block_1_81' title="bbox 968 1862 1748 1898">
    <p class='ocr_par' dir='ltr' id='par_1_81' title="bbox 968 1862 1748 1898">
     <span class='ocr_line' id='line_1_81' title="bbox 968 1862 1748 1898; baseline 0 -8"><span class='ocrx_word' id='word_1_611' title='bbox 968 1863 1039 1890; x_wconf 82' lang='lat' dir='ltr'><strong>ﬁlius</strong></span> <span class='ocrx_word' id='word_1_612' title='bbox 1060 1863 1104 1890; x_wconf 87' lang='lat' dir='ltr'><strong>Dei</strong></span> <span class='ocrx_word' id='word_1_613' title='bbox 1118 1863 1175 1889; x_wconf 78' lang='lat' dir='ltr'><strong>ﬂeri</strong></span> <span class='ocrx_word' id='word_1_614' title='bbox 1191 1863 1224 1889; x_wconf 76' lang='lat'><strong>“.</strong></span> <span class='ocrx_word' id='word_1_615' title='bbox 1243 1871 1254 1888; x_wconf 73' lang='grc' dir='ltr'><strong>ι</strong></span> <span class='ocrx_word' id='word_1_616' title='bbox 1273 1862 1331 1890; x_wconf 86' lang='lat' dir='ltr'><strong>Non</strong></span> <span class='ocrx_word' id='word_1_617' title='bbox 1352 1867 1418 1890; x_wconf 80' lang='lat' dir='ltr'><strong>sunt</strong></span> <span class='ocrx_word' id='word_1_618' title='bbox 1434 1863 1491 1890; x_wconf 88' lang='lat' dir='ltr'><strong>nati</strong></span> <span class='ocrx_word' id='word_1_619' title='bbox 1502 1871 1536 1890; x_wconf 75' lang='lat' dir='ltr'><strong>ex</strong></span> <span class='ocrx_word' id='word_1_620' title='bbox 1556 1864 1748 1898; x_wconf 78' lang='lat' dir='ltr'><strong>sanguinihus,</strong></span> 
     </span>
    </p>
   </div>
   <div class='ocr_carea' id='block_1_82' title="bbox 967 1908 1748 1943">
    <p class='ocr_par' dir='ltr' id='par_1_82' title="bbox 967 1908 1748 1943">
     <span class='ocr_line' id='line_1_82' title="bbox 967 1908 1748 1943; baseline 0.001 -8"><span class='ocrx_word' id='word_1_621' title='bbox 967 1909 1074 1936; x_wconf 81' lang='lat' dir='ltr'><strong>tametsi</strong></span> <span class='ocrx_word' id='word_1_622' title='bbox 1089 1908 1145 1936; x_wconf 88' lang='lat' dir='ltr'><strong>nati</strong></span> <span class='ocrx_word' id='word_1_623' title='bbox 1160 1912 1233 1941; x_wconf 87' lang='lat' dir='ltr'><strong>sunt,</strong></span> <span class='ocrx_word' id='word_1_624' title='bbox 1246 1912 1274 1935; x_wconf 89' lang='lat' dir='ltr'><strong>et</strong></span> <span class='ocrx_word' id='word_1_625' title='bbox 1297 1908 1344 1943; x_wconf 87' lang='lat' dir='ltr'><strong>qui</strong></span> <span class='ocrx_word' id='word_1_626' title='bbox 1377 1915 1425 1935; x_wconf 90' lang='lat' dir='ltr'><strong>eos</strong></span> <span class='ocrx_word' id='word_1_627' title='bbox 1450 1913 1612 1942; x_wconf 86' lang='lat' dir='ltr'><strong>genuerunt,</strong></span> <span class='ocrx_word' id='word_1_628' title='bbox 1640 1917 1748 1939; x_wconf 84' lang='lat' dir='ltr'><strong>carnem</strong></span> 
     </span>
    </p>
   </div>
   <div class='ocr_carea' id='block_1_83' title="bbox 967 1955 1740 1990">
    <p class='ocr_par' dir='ltr' id='par_1_83' title="bbox 967 1955 1740 1990">
     <span class='ocr_line' id='line_1_83' title="bbox 967 1955 1740 1990; baseline 0 -8"><span class='ocrx_word' id='word_1_629' title='bbox 967 1955 1053 1983; x_wconf 88' lang='lat' dir='ltr'><strong>induti</strong></span> <span class='ocrx_word' id='word_1_630' title='bbox 1070 1955 1188 1985; x_wconf 82' lang='lat' dir='ltr'><strong>fuerunt.</strong></span> <span class='ocrx_word' id='word_1_631' title='bbox 1204 1958 1229 1982; x_wconf 85' lang='lat' dir='ltr'><strong>et</strong></span> <span class='ocrx_word' id='word_1_632' title='bbox 1240 1959 1333 1990; x_wconf 85' lang='lat' dir='ltr'><strong>partus</strong></span> <span class='ocrx_word' id='word_1_633' title='bbox 1349 1955 1395 1982; x_wconf 86' lang='lat' dir='ltr'><strong>ille</strong></span> <span class='ocrx_word' id='word_1_634' title='bbox 1423 1955 1495 1982; x_wconf 91' lang='lat' dir='ltr'><strong>hunc</strong></span> <span class='ocrx_word' id='word_1_635' title='bbox 1525 1956 1674 1989; x_wconf 61' lang='lat' dir='ltr'><strong>precessit.</strong></span> <span class='ocrx_word' id='word_1_636' title='bbox 1687 1955 1740 1982; x_wconf 84' lang='lat' dir='ltr'><strong>Sed</strong></span> 
     </span>
    </p>
   </div>
   <div class='ocr_carea' id='block_1_84' title="bbox 967 2001 1748 2036">
    <p class='ocr_par' dir='ltr' id='par_1_84' title="bbox 967 2001 1748 2036">
     <span class='ocr_line' id='line_1_84' title="bbox 967 2001 1748 2036; baseline 0.001 -8"><span class='ocrx_word' id='word_1_637' title='bbox 967 2002 1142 2029; x_wconf 83' lang='lat' dir='ltr'><strong>vetustiorem</strong></span> <span class='ocrx_word' id='word_1_638' title='bbox 1160 2001 1297 2028; x_wconf 87' lang='lat' dir='ltr'><strong>recentior</strong></span> <span class='ocrx_word' id='word_1_639' title='bbox 1316 2004 1356 2028; x_wconf 89' lang='lat' dir='ltr'><strong>tot</strong></span> <span class='ocrx_word' id='word_1_640' title='bbox 1371 2001 1494 2036; x_wconf 86' lang='lat' dir='ltr'><strong>partibus</strong></span> <span class='ocrx_word' id='word_1_641' title='bbox 1510 2001 1576 2028; x_wconf 83' lang='lat' dir='ltr'><strong>vicit</strong></span> <span class='ocrx_word' id='word_1_642' title='bbox 1591 2020 1599 2033; x_wconf 89' lang='lat'><strong>,</strong></span> <span class='ocrx_word' id='word_1_643' title='bbox 1621 2006 1649 2028; x_wconf 89' lang='lat' dir='ltr'><strong>ut</strong></span> <span class='ocrx_word' id='word_1_644' title='bbox 1672 2001 1748 2029; x_wconf 86' lang='lat' dir='ltr'><strong>illius</strong></span> 
     </span>
    </p>
   </div>
   <div class='ocr_carea' id='block_1_85' title="bbox 967 2047 1748 2082">
    <p class='ocr_par' dir='ltr' id='par_1_85' title="bbox 967 2047 1748 2082">
     <span class='ocr_line' id='line_1_85' title="bbox 967 2047 1748 2082; baseline -0.001 -8"><span class='ocrx_word' id='word_1_645' title='bbox 967 2055 1054 2081; x_wconf 84' lang='lat' dir='ltr'><strong>neque</strong></span> <span class='ocrx_word' id='word_1_646' title='bbox 1071 2047 1222 2082; x_wconf 78' lang='lat' dir='ltr'><strong>vestigium.</strong></span> <span class='ocrx_word' id='word_1_647' title='bbox 1243 2053 1331 2081; x_wconf 86' lang='lat' dir='ltr'><strong>neque</strong></span> <span class='ocrx_word' id='word_1_648' title='bbox 1341 2053 1439 2073; x_wconf 87' lang='lat' dir='ltr'><strong>nomen</strong></span> <span class='ocrx_word' id='word_1_649' title='bbox 1454 2047 1582 2080; x_wconf 80' lang='lat' dir='ltr'><strong>supersit.</strong></span> <span class='ocrx_word' id='word_1_650' title='bbox 1598 2047 1631 2073; x_wconf 86' lang='lat' dir='ltr'><strong>Et</strong></span> <span class='ocrx_word' id='word_1_651' title='bbox 1651 2047 1688 2073; x_wconf 80' lang='lat' dir='ltr'><strong>ita</strong></span> <span class='ocrx_word' id='word_1_652' title='bbox 1703 2054 1748 2074; x_wconf 84' lang='lat' dir='ltr'><strong>sa-</strong></span> 
     </span>
    </p>
   </div>
   <div class='ocr_carea' id='block_1_86' title="bbox 966 2092 1747 2128">
    <p class='ocr_par' dir='ltr' id='par_1_86' title="bbox 966 2092 1747 2128">
     <span class='ocr_line' id='line_1_86' title="bbox 966 2092 1747 2128; baseline -0.001 -7"><span class='ocrx_word' id='word_1_653' title='bbox 966 2101 1012 2121; x_wconf 81' lang='lat' dir='ltr'><strong>cer</strong></span> <span class='ocrx_word' id='word_1_654' title='bbox 1028 2093 1105 2128; x_wconf 86' lang='lat' dir='ltr'><strong>panis</strong></span> <span class='ocrx_word' id='word_1_655' title='bbox 1118 2100 1216 2120; x_wconf 88' lang='lat' dir='ltr'><strong>novum</strong></span> <span class='ocrx_word' id='word_1_656' title='bbox 1236 2092 1373 2119; x_wconf 87' lang='lat' dir='ltr'><strong>hominem</strong></span> <span class='ocrx_word' id='word_1_657' title='bbox 1405 2092 1592 2123; x_wconf 86' lang='lat' dir='ltr'><strong>introducens,</strong></span> <span class='ocrx_word' id='word_1_658' title='bbox 1616 2092 1747 2120; x_wconf 86' lang='lat' dir='ltr'><strong>radicitus</strong></span> 
     </span>
    </p>
   </div>
   <div class='ocr_carea' id='block_1_87' title="bbox 967 2137 1747 2172">
    <p class='ocr_par' dir='ltr' id='par_1_87' title="bbox 967 2137 1747 2172">
     <span class='ocr_line' id='line_1_87' title="bbox 967 2137 1747 2172; baseline -0.004 -6"><span class='ocrx_word' id='word_1_659' title='bbox 967 2142 1084 2166; x_wconf 88' lang='lat' dir='ltr'><strong>veterem</strong></span> <span class='ocrx_word' id='word_1_660' title='bbox 1103 2138 1197 2172; x_wconf 55' lang='lat' dir='ltr'><strong>elicit;</strong></span> <span class='ocrx_word' id='word_1_661' title='bbox 1215 2144 1276 2164; x_wconf 85' lang='lat' dir='ltr'><strong>nam</strong></span> <span class='ocrx_word' id='word_1_662' title='bbox 1292 2141 1320 2164; x_wconf 84' lang='lat' dir='ltr'><strong>et</strong></span> <span class='ocrx_word' id='word_1_663' title='bbox 1335 2137 1406 2164; x_wconf 77' lang='lat' dir='ltr'><strong>istuc</strong></span> <span class='ocrx_word' id='word_1_664' title='bbox 1421 2144 1507 2164; x_wconf 67' lang='lat' dir='ltr'><strong>sacra:</strong></span> <span class='ocrx_word' id='word_1_665' title='bbox 1531 2143 1632 2164; x_wconf 65' lang='lat' dir='ltr'><strong>mensae</strong></span> <span class='ocrx_word' id='word_1_666' title='bbox 1660 2137 1747 2171; x_wconf 40' lang='lat' dir='ltr'><strong>quoda</strong></span> 
     </span>
    </p>
   </div>
   <div class='ocr_carea' id='block_1_88' title="bbox 131 2181 916 2219">
    <p class='ocr_par' dir='ltr' id='par_1_88' title="bbox 131 2181 913 2219">
     <span class='ocr_line' id='line_1_88' title="bbox 131 2181 913 2219; baseline 0.004 -11"><span class='ocrx_word' id='word_1_667' title='bbox 131 2183 182 2218; x_wconf 81' lang='grc' dir='ltr'><strong>ζης</strong></span> <span class='ocrx_word' id='word_1_668' title='bbox 191 2191 197 2198; x_wconf 92' lang='grc'><strong>·</strong></span> <span class='ocrx_word' id='word_1_669' title='bbox 214 2183 238 2209; x_wconf 89' lang='lat' dir='ltr'><strong>ol</strong></span> <span class='ocrx_word' id='word_1_670' title='bbox 250 2183 305 2217; x_wconf 82' lang='grc' dir='ltr'><strong>γὰρ</strong></span> <span class='ocrx_word' id='word_1_671' title='bbox 317 2181 446 2213; x_wconf 73' lang='grc' dir='ltr'><strong>λαϐόντες</strong></span> <span class='ocrx_word' id='word_1_672' title='bbox 458 2182 550 2214; x_wconf 82' lang='grc' dir='ltr'><strong>αὑτὸν,</strong></span> <span class='ocrx_word' id='word_1_673' title='bbox 562 2182 656 2216; x_wconf 66' lang='grc' dir='ltr'><strong>φησιν,</strong></span> <span class='ocrx_word' id='word_1_674' title='bbox 665 2182 716 2209; x_wconf 83' lang='grc' dir='ltr'><strong>οὒκ</strong></span> <span class='ocrx_word' id='word_1_675' title='bbox 730 2183 913 2219; x_wconf 79' lang='grc' dir='ltr'><strong>ἐγεννήθησαν</strong></span> 
     </span>
    </p>
   </div>
   <div class='ocr_carea' id='block_1_89' title="bbox 967 2181 1747 2219">
    <p class='ocr_par' dir='ltr' id='par_1_89' title="bbox 967 2181 1747 2217">
     <span class='ocr_line' id='line_1_89' title="bbox 967 2181 1747 2217; baseline 0 -6"><span class='ocrx_word' id='word_1_676' title='bbox 967 2184 1027 2211; x_wconf 80' lang='lat' dir='ltr'><strong>dant</strong></span> <span class='ocrx_word' id='word_1_677' title='bbox 1059 2191 1158 2211; x_wconf 89' lang='lat' dir='ltr'><strong>munus</strong></span> <span class='ocrx_word' id='word_1_678' title='bbox 1174 2188 1226 2211; x_wconf 87' lang='lat' dir='ltr'><strong>est.</strong></span> <span class='ocrx_word' id='word_1_679' title='bbox 1245 2182 1350 2210; x_wconf 85' lang='lat' dir='ltr'><strong>Etenim</strong></span> <span class='ocrx_word' id='word_1_680' title='bbox 1379 2181 1426 2217; x_wconf 90' lang='lat' dir='ltr'><strong>qui</strong></span> <span class='ocrx_word' id='word_1_681' title='bbox 1441 2187 1600 2217; x_wconf 86' lang='lat' dir='ltr'><strong>receperunt</strong></span> <span class='ocrx_word' id='word_1_682' title='bbox 1613 2190 1686 2214; x_wconf 90' lang='lat' dir='ltr'><strong>eum,</strong></span> <span class='ocrx_word' id='word_1_683' title='bbox 1705 2183 1747 2211; x_wconf 90' lang='lat' dir='ltr'><strong>in-</strong></span> 
     </span>
    </p>
   </div>
   <div class='ocr_carea' id='block_1_90' title="bbox 130 2227 916 2264">
    <p class='ocr_par' dir='ltr' id='par_1_90' title="bbox 130 2227 916 2264">
     <span class='ocr_line' id='line_1_90' title="bbox 130 2227 916 2264; baseline 0.003 -11"><span class='ocrx_word' id='word_1_684' title='bbox 130 2227 162 2261; x_wconf 73' lang='grc' dir='ltr'><strong>ἒξ</strong></span> <span class='ocrx_word' id='word_1_685' title='bbox 178 2227 302 2262; x_wconf 72' lang='grc' dir='ltr'><strong>αἱμάτων</strong></span> <span class='ocrx_word' id='word_1_686' title='bbox 314 2236 322 2244; x_wconf 80' lang='grc' dir='ltr'><strong>ο</strong></span> <span class='ocrx_word' id='word_1_687' title='bbox 334 2227 400 2254; x_wconf 79' lang='grc' dir='ltr'><strong>πότε</strong></span> <span class='ocrx_word' id='word_1_688' title='bbox 417 2227 445 2254; x_wconf 65' lang='grc' dir='ltr'><strong>εὶ</strong></span> <span class='ocrx_word' id='word_1_689' title='bbox 458 2227 539 2254; x_wconf 73' lang='grc' dir='ltr'><strong>αὑτὸν</strong></span> <span class='ocrx_word' id='word_1_690' title='bbox 554 2227 741 2263; x_wconf 81' lang='grc' dir='ltr'><strong>λαμσάνομεν,</strong></span> <span class='ocrx_word' id='word_1_691' title='bbox 757 2229 916 2264; x_wconf 76' lang='grc' dir='ltr'><strong>ὲπιγνῶμεν</strong></span> 
     </span>
    </p>
   </div>
   <div class='ocr_carea' id='block_1_91' title="bbox 127 2270 913 2309">
    <p class='ocr_par' dir='ltr' id='par_1_91' title="bbox 127 2270 913 2309">
     <span class='ocr_line' id='line_1_91' title="bbox 127 2270 913 2309; baseline 0.001 -8"><span class='ocrx_word' id='word_1_692' title='bbox 127 2274 160 2301; x_wconf 77' lang='grc' dir='ltr'><strong>τδ</strong></span> <span class='ocrx_word' id='word_1_693' title='bbox 174 2274 262 2309; x_wconf 77' lang='grc' dir='ltr'><strong>ῥῆμα,</strong></span> <span class='ocrx_word' id='word_1_694' title='bbox 279 2273 328 2300; x_wconf 75' lang='grc' dir='ltr'><strong>καὶ</strong></span> <span class='ocrx_word' id='word_1_695' title='bbox 341 2273 406 2308; x_wconf 80' lang='grc' dir='ltr'><strong>παρ’</strong></span> <span class='ocrx_word' id='word_1_696' title='bbox 421 2270 444 2307; x_wconf 84' lang='grc' dir='ltr'>ᾦ</span> <span class='ocrx_word' id='word_1_697' title='bbox 457 2272 513 2300; x_wconf 83' lang='grc' dir='ltr'><strong>τῶν</strong></span> <span class='ocrx_word' id='word_1_698' title='bbox 528 2274 687 2309; x_wconf 87' lang='grc' dir='ltr'><strong>μυστηρίων</strong></span> <span class='ocrx_word' id='word_1_699' title='bbox 701 2274 809 2308; x_wconf 74' lang='grc' dir='ltr'><strong>εἴρηται</strong></span> <span class='ocrx_word' id='word_1_700' title='bbox 824 2274 913 2308; x_wconf 83' lang='grc' dir='ltr'><strong>τοῦτο,</strong></span> 
     </span>
    </p>
   </div>
   <div class='ocr_carea' id='block_1_92' title="bbox 127 2320 916 2356">
    <p class='ocr_par' dir='ltr' id='par_1_92' title="bbox 127 2320 916 2356">
     <span class='ocr_line' id='line_1_92' title="bbox 127 2320 916 2356; baseline -0.001 -7"><span class='ocrx_word' id='word_1_701' title='bbox 127 2322 202 2356; x_wconf 86' lang='grc' dir='ltr'><strong>λέγω</strong></span> <span class='ocrx_word' id='word_1_702' title='bbox 228 2321 261 2356; x_wconf 83' lang='grc' dir='ltr'><strong>δὴ</strong></span> <span class='ocrx_word' id='word_1_703' title='bbox 282 2320 324 2353; x_wconf 79' lang='grc' dir='ltr'><strong>τδ,</strong></span> <span class='ocrx_word' id='word_1_704' title='bbox 353 2330 363 2347; x_wconf 74' lang='grc' dir='ltr'><strong>ι</strong></span> <span class='ocrx_word' id='word_1_705' title='bbox 397 2320 520 2348; x_wconf 75' lang='grc' dir='ltr'><strong>Λάϐετε·</strong></span> <span class='ocrx_word' id='word_1_706' title='bbox 551 2330 561 2346; x_wconf 76' lang='grc' dir='ltr'><strong>ι</strong></span> <span class='ocrx_word' id='word_1_707' title='bbox 586 2320 666 2356; x_wconf 82' lang='grc' dir='ltr'><strong>δῆλον</strong></span> <span class='ocrx_word' id='word_1_708' title='bbox 685 2321 751 2356; x_wconf 70' lang='grc' dir='ltr'><strong>γὰρ,</strong></span> <span class='ocrx_word' id='word_1_709' title='bbox 765 2320 804 2351; x_wconf 75' lang='grc' dir='ltr'><strong>ὡς</strong></span> <span class='ocrx_word' id='word_1_710' title='bbox 825 2321 872 2348; x_wconf 77' lang='grc' dir='ltr'><strong>ιπι</strong></span> <span class='ocrx_word' id='word_1_711' title='bbox 885 2322 916 2348; x_wconf 73' lang='grc' dir='ltr'><strong>τὸ</strong></span> 
     </span>
    </p>
   </div>
   <div class='ocr_carea' id='block_1_93' title="bbox 127 2366 914 2402">
    <p class='ocr_par' dir='ltr' id='par_1_93' title="bbox 127 2366 914 2402">
     <span class='ocr_line' id='line_1_93' title="bbox 127 2366 914 2402; baseline 0 -8"><span class='ocrx_word' id='word_1_712' title='bbox 127 2369 239 2395; x_wconf 83' lang='grc' dir='ltr'><strong>δεῖπνον</strong></span> <span class='ocrx_word' id='word_1_713' title='bbox 270 2366 357 2402; x_wconf 82' lang='grc' dir='ltr'><strong>ταύτῃ</strong></span> <span class='ocrx_word' id='word_1_714' title='bbox 383 2367 542 2401; x_wconf 81' lang='grc' dir='ltr'><strong>καλούμεθα</strong></span> <span class='ocrx_word' id='word_1_715' title='bbox 569 2368 603 2402; x_wconf 80' lang='grc' dir='ltr'><strong>τῇ</strong></span> <span class='ocrx_word' id='word_1_716' title='bbox 628 2367 716 2401; x_wconf 77' lang='grc' dir='ltr'><strong>φωνῇ,</strong></span> <span class='ocrx_word' id='word_1_717' title='bbox 748 2367 809 2394; x_wconf 79' lang='grc' dir='ltr'><strong>καθ’</strong></span> <span class='ocrx_word' id='word_1_718' title='bbox 826 2366 840 2394; x_wconf 75' lang='grc' dir='ltr'><strong>ὃ</strong></span> <span class='ocrx_word' id='word_1_719' title='bbox 868 2368 914 2394; x_wconf 79' lang='grc' dir='ltr'><strong>τὸν</strong></span> 
     </span>
    </p>
   </div>
   <div class='ocr_carea' id='block_1_94' title="bbox 127 2412 913 2449">
    <p class='ocr_par' dir='ltr' id='par_1_94' title="bbox 127 2412 913 2449">
     <span class='ocr_line' id='line_1_94' title="bbox 127 2412 913 2449; baseline 0 -9"><span class='ocrx_word' id='word_1_720' title='bbox 127 2414 248 2449; x_wconf 77' lang='grc' dir='ltr'><strong>Χριστὸν</strong></span> <span class='ocrx_word' id='word_1_721' title='bbox 260 2414 308 2440; x_wconf 76' lang='grc' dir='ltr'><strong>καὶ</strong></span> <span class='ocrx_word' id='word_1_722' title='bbox 325 2414 404 2448; x_wconf 77' lang='grc' dir='ltr'><strong>χερσὶ</strong></span> <span class='ocrx_word' id='word_1_723' title='bbox 423 2413 599 2448; x_wconf 80' lang='grc' dir='ltr'><strong>λαμσάνομεν</strong></span> <span class='ocrx_word' id='word_1_724' title='bbox 609 2412 721 2447; x_wconf 82' lang='grc' dir='ltr'><strong>άληθῶς</strong></span> <span class='ocrx_word' id='word_1_725' title='bbox 737 2413 783 2439; x_wconf 73' lang='grc' dir='ltr'><strong>καὶ</strong></span> <span class='ocrx_word' id='word_1_726' title='bbox 798 2413 913 2448; x_wconf 86' lang='grc' dir='ltr'><strong>στόματι</strong></span> 
     </span>
    </p>
   </div>
   <div class='ocr_carea' id='block_1_95' title="bbox 127 2458 915 2508">
    <p class='ocr_par' dir='ltr' id='par_1_95' title="bbox 127 2458 915 2508">
     <span class='ocr_line' id='line_1_95' title="bbox 127 2458 915 2508; baseline -0.001 -21"><span class='ocrx_word' id='word_1_727' title='bbox 127 2459 265 2495; x_wconf 83' lang='grc' dir='ltr'><strong>δεχόμεθα</strong></span> <span class='ocrx_word' id='word_1_728' title='bbox 313 2460 362 2486; x_wconf 75' lang='grc' dir='ltr'><strong>καὶ</strong></span> <span class='ocrx_word' id='word_1_729' title='bbox 389 2460 461 2508; x_wconf 69' lang='grc' dir='ltr'><strong>ψυχῇ</strong></span> <span class='ocrx_word' id='word_1_730' title='bbox 500 2458 693 2494; x_wconf 85' lang='grc' dir='ltr'><strong>συμμίγνυμεν</strong></span> <span class='ocrx_word' id='word_1_731' title='bbox 723 2459 771 2486; x_wconf 79' lang='grc' dir='ltr'><strong>καὶ</strong></span> <span class='ocrx_word' id='word_1_732' title='bbox 808 2459 915 2494; x_wconf 79' lang='grc' dir='ltr'><strong>σώματι</strong></span> 
     </span>
    </p>
   </div>
   <div class='ocr_carea' id='block_1_96' title="bbox 129 2504 914 2540">
    <p class='ocr_par' dir='ltr' id='par_1_96' title="bbox 129 2504 914 2540">
     <span class='ocr_line' id='line_1_96' title="bbox 129 2504 914 2540; baseline -0.003 -8"><span class='ocrx_word' id='word_1_733' title='bbox 129 2505 303 2540; x_wconf 79' lang='grc' dir='ltr'><strong>συνάπτομεν</strong></span> <span class='ocrx_word' id='word_1_734' title='bbox 327 2505 375 2532; x_wconf 74' lang='grc' dir='ltr'><strong>καὶ</strong></span> <span class='ocrx_word' id='word_1_735' title='bbox 395 2504 534 2540; x_wconf 76' lang='grc' dir='ltr'><strong>κιρνῶμεν</strong></span> <span class='ocrx_word' id='word_1_736' title='bbox 549 2504 658 2539; x_wconf 80' lang='grc' dir='ltr'><strong>αἵματι,</strong></span> <span class='ocrx_word' id='word_1_737' title='bbox 675 2504 721 2530; x_wconf 78' lang='grc' dir='ltr'><strong>καὶ</strong></span> <span class='ocrx_word' id='word_1_738' title='bbox 736 2504 868 2539; x_wconf 78' lang='grc' dir='ltr'><strong>πρόσεστι</strong></span> <span class='ocrx_word' id='word_1_739' title='bbox 883 2505 914 2530; x_wconf 78' lang='grc' dir='ltr'><strong>τὸ</strong></span> 
     </span>
    </p>
   </div>
   <div class='ocr_carea' id='block_1_97' title="bbox 128 2550 914 2586">
    <p class='ocr_par' dir='ltr' id='par_1_97' title="bbox 128 2550 914 2586">
     <span class='ocr_line' id='line_1_97' title="bbox 128 2550 914 2586; baseline -0.001 -8"><span class='ocrx_word' id='word_1_740' title='bbox 128 2551 254 2582; x_wconf 76' lang='grc' dir='ltr'><strong>δικαίως.</strong></span> <span class='ocrx_word' id='word_1_741' title='bbox 281 2551 344 2582; x_wconf 83' lang='grc' dir='ltr'><strong>Τοῖς</strong></span> <span class='ocrx_word' id='word_1_742' title='bbox 367 2551 422 2586; x_wconf 83' lang='grc' dir='ltr'><strong>γὰρ</strong></span> <span class='ocrx_word' id='word_1_743' title='bbox 438 2550 509 2577; x_wconf 78' lang='grc' dir='ltr'><strong>οὕτω</strong></span> <span class='ocrx_word' id='word_1_744' title='bbox 529 2550 576 2577; x_wconf 80' lang='grc' dir='ltr'><strong>τὸν</strong></span> <span class='ocrx_word' id='word_1_745' title='bbox 600 2550 715 2585; x_wconf 85' lang='grc' dir='ltr'><strong>Σωτῆρα</strong></span> <span class='ocrx_word' id='word_1_746' title='bbox 739 2551 786 2578; x_wconf 70' lang='grc' dir='ltr'><strong>καὶ</strong></span> <span class='ocrx_word' id='word_1_747' title='bbox 800 2550 914 2578; x_wconf 75' lang='grc' dir='ltr'><strong>λαϐοῦσι</strong></span> 
     </span>
    </p>
   </div>
   <div class='ocr_carea' id='block_1_98' title="bbox 129 2597 914 2633">
    <p class='ocr_par' dir='ltr' id='par_1_98' title="bbox 129 2597 914 2633">
     <span class='ocr_line' id='line_1_98' title="bbox 129 2597 914 2633; baseline 0.001 -9"><span class='ocrx_word' id='word_1_748' title='bbox 129 2598 178 2625; x_wconf 76' lang='grc' dir='ltr'><strong>καὶ</strong></span> <span class='ocrx_word' id='word_1_749' title='bbox 194 2597 362 2632; x_wconf 74' lang='grc' dir='ltr'><strong>κατασχοῦσι</strong></span> <span class='ocrx_word' id='word_1_750' title='bbox 373 2597 513 2629; x_wconf 82' lang='grc' dir='ltr'><strong>διατέλους</strong></span> <span class='ocrx_word' id='word_1_751' title='bbox 526 2597 584 2623; x_wconf 76' lang='grc' dir='ltr'><strong>ἐστὶ</strong></span> <span class='ocrx_word' id='word_1_752' title='bbox 597 2597 648 2632; x_wconf 85' lang='grc' dir='ltr'><strong>μὲν</strong></span> <span class='ocrx_word' id='word_1_753' title='bbox 661 2597 741 2630; x_wconf 75' lang='grc' dir='ltr'><strong>αὐτὸς</strong></span> <span class='ocrx_word' id='word_1_754' title='bbox 755 2597 914 2633; x_wconf 74' lang='grc' dir='ltr'><strong>ἁρμόζουσα</strong></span> 
     </span>
    </p>
   </div>
   <div class='ocr_carea' id='block_1_99' title="bbox 127 2642 914 2679">
    <p class='ocr_par' dir='ltr' id='par_1_99' title="bbox 127 2642 914 2679">
     <span class='ocr_line' id='line_1_99' title="bbox 127 2642 914 2679; baseline 0.001 -9"><span class='ocrx_word' id='word_1_755' title='bbox 127 2642 245 2679; x_wconf 78' lang='grc' dir='ltr'><strong>κεφαλὴ,</strong></span> <span class='ocrx_word' id='word_1_756' title='bbox 263 2643 350 2678; x_wconf 82' lang='grc' dir='ltr'><strong>τούτῳ</strong></span> <span class='ocrx_word' id='word_1_757' title='bbox 370 2643 398 2669; x_wconf 75' lang='grc' dir='ltr'><strong>δὲ</strong></span> <span class='ocrx_word' id='word_1_758' title='bbox 414 2644 513 2670; x_wconf 69' lang='grc' dir='ltr'><strong>ἐκεῖνοι</strong></span> <span class='ocrx_word' id='word_1_759' title='bbox 526 2643 668 2678; x_wconf 72' lang='grc' dir='ltr'><strong>πρέποντα</strong></span> <span class='ocrx_word' id='word_1_760' title='bbox 684 2644 768 2679; x_wconf 85' lang='grc' dir='ltr'><strong>μέλη·</strong></span> <span class='ocrx_word' id='word_1_761' title='bbox 786 2645 914 2678; x_wconf 79' lang='grc' dir='ltr'><strong>γέννησιν</strong></span> 
     </span>
    </p>
   </div>
   <div class='ocr_carea' id='block_1_100' title="bbox 126 2689 914 2725">
    <p class='ocr_par' dir='ltr' id='par_1_100' title="bbox 126 2689 914 2725">
     <span class='ocr_line' id='line_1_100' title="bbox 126 2689 914 2725; baseline 0 -9"><span class='ocrx_word' id='word_1_762' title='bbox 126 2689 203 2716; x_wconf 81' lang='grc' dir='ltr'><strong>δὲτὰ</strong></span> <span class='ocrx_word' id='word_1_763' title='bbox 227 2689 294 2724; x_wconf 87' lang='grc' dir='ltr'><strong>μέλη</strong></span> <span class='ocrx_word' id='word_1_764' title='bbox 312 2689 478 2724; x_wconf 75' lang='grc' dir='ltr'><strong>γεννηθῆναι</strong></span> <span class='ocrx_word' id='word_1_765' title='bbox 494 2691 527 2724; x_wconf 71' lang='grc' dir='ltr'><strong>τῇ</strong></span> <span class='ocrx_word' id='word_1_766' title='bbox 549 2689 655 2725; x_wconf 78' lang='grc' dir='ltr'><strong>κεφαλῇ</strong></span> <span class='ocrx_word' id='word_1_767' title='bbox 672 2689 723 2725; x_wconf 79' lang='grc' dir='ltr'><strong>τὴν</strong></span> <span class='ocrx_word' id='word_1_768' title='bbox 745 2690 831 2724; x_wconf 83' lang='grc' dir='ltr'><strong>αὐτὴν</strong></span> <span class='ocrx_word' id='word_1_769' title='bbox 848 2690 914 2716; x_wconf 83' lang='grc' dir='ltr'><strong>ἀκό-</strong></span> 
     </span>
    </p>
   </div>
   <div class='ocr_carea' id='block_1_101' title="bbox 126 2732 912 2771">
    <p class='ocr_par' dir='ltr' id='par_1_101' title="bbox 126 2732 912 2771">
     <span class='ocr_line' id='line_1_101' title="bbox 126 2732 912 2771; baseline 0.001 -10"><span class='ocrx_word' id='word_1_770' title='bbox 126 2734 223 2761; x_wconf 81' lang='grc' dir='ltr'><strong>λουθον</strong></span> <span class='ocrx_word' id='word_1_771' title='bbox 238 2732 281 2769; x_wconf 76' lang='grc' dir='ltr'><strong>ἦν.</strong></span> <span class='ocrx_word' id='word_1_772' title='bbox 299 2735 357 2762; x_wconf 82' lang='grc' dir='ltr'><strong>Οὐκ</strong></span> <span class='ocrx_word' id='word_1_773' title='bbox 371 2734 401 2767; x_wconf 69' lang='grc' dir='ltr'><strong>ἐξ</strong></span> <span class='ocrx_word' id='word_1_774' title='bbox 414 2735 539 2769; x_wconf 81' lang='grc' dir='ltr'><strong>αἱμάτων</strong></span> <span class='ocrx_word' id='word_1_775' title='bbox 564 2735 581 2770; x_wconf 83' lang='grc' dir='ltr'>ἡ</span> <span class='ocrx_word' id='word_1_776' title='bbox 602 2735 669 2770; x_wconf 71' lang='grc' dir='ltr'><strong>σὰρξ</strong></span> <span class='ocrx_word' id='word_1_777' title='bbox 686 2735 779 2771; x_wconf 74' lang='grc' dir='ltr'><strong>ἐκείνη</strong></span> <span class='ocrx_word' id='word_1_778' title='bbox 802 2735 864 2762; x_wconf 75' lang='grc' dir='ltr'><strong>οὐδὲ</strong></span> <span class='ocrx_word' id='word_1_779' title='bbox 880 2736 912 2762; x_wconf 64' lang='grc' dir='ltr'><strong>ὲκ</strong></span> 
     </span>
    </p>
   </div>
   <div class='ocr_carea' id='block_1_102' title="bbox 130 2781 914 2818">
    <p class='ocr_par' dir='ltr' id='par_1_102' title="bbox 130 2781 914 2818">
     <span class='ocr_line' id='line_1_102' title="bbox 130 2781 914 2818; baseline 0.001 -10"><span class='ocrx_word' id='word_1_780' title='bbox 130 2781 286 2816; x_wconf 81' lang='grc' dir='ltr'><strong>θελήματος</strong></span> <span class='ocrx_word' id='word_1_781' title='bbox 301 2781 401 2816; x_wconf 79' lang='grc' dir='ltr'><strong>σαρκὸς</strong></span> <span class='ocrx_word' id='word_1_782' title='bbox 419 2781 478 2808; x_wconf 72' lang='grc' dir='ltr'><strong>οὐδὲ</strong></span> <span class='ocrx_word' id='word_1_783' title='bbox 501 2782 533 2808; x_wconf 69' lang='grc' dir='ltr'><strong>ὲκ</strong></span> <span class='ocrx_word' id='word_1_784' title='bbox 557 2781 713 2817; x_wconf 81' lang='grc' dir='ltr'><strong>θελήματος</strong></span> <span class='ocrx_word' id='word_1_785' title='bbox 728 2781 834 2818; x_wconf 71' lang='grc' dir='ltr'><strong>ἀνδρὸς,</strong></span> <span class='ocrx_word' id='word_1_786' title='bbox 856 2782 914 2809; x_wconf 79' lang='grc' dir='ltr'><strong>ἀλλ’</strong></span> 
     </span>
    </p>
   </div>
   <div class='ocr_carea' id='block_1_103' title="bbox 165 2867 766 2902">
    <p class='ocr_par' dir='ltr' id='par_1_103' title="bbox 165 2867 766 2902">
     <span class='ocr_line' id='line_1_103' title="bbox 165 2867 766 2902; baseline 0.005 -6"><span class='ocrx_word' id='word_1_787' title='bbox 165 2867 278 2896; x_wconf 84' lang='lat' dir='ltr'><strong>“Joan.</strong></span> <span class='ocrx_word' id='word_1_788' title='bbox 299 2877 318 2902; x_wconf 85' lang='grc' dir='ltr'><strong>ι,</strong></span> <span class='ocrx_word' id='word_1_789' title='bbox 342 2869 384 2897; x_wconf 76' lang='lat' dir='ltr'><strong>l2.</strong></span> <span class='ocrx_word' id='word_1_790' title='bbox 421 2869 444 2887; x_wconf 77' lang='lat'><strong>“</strong></span> <span class='ocrx_word' id='word_1_791' title='bbox 469 2868 564 2897; x_wconf 85' lang='lat' dir='ltr'><strong>Matth.</strong></span> <span class='ocrx_word' id='word_1_792' title='bbox 583 2877 657 2901; x_wconf 79' lang='lat' dir='ltr'><strong>uvr.</strong></span> <span class='ocrx_word' id='word_1_793' title='bbox 672 2870 766 2899; x_wconf 79' lang='lat'><strong>26-27.</strong></span> 
     </span>
    </p>
   </div>
   <div class='ocr_carea' id='block_1_104' title="bbox 967 2227 1745 2265">
    <p class='ocr_par' dir='ltr' id='par_1_104' title="bbox 967 2227 1745 2265">
     <span class='ocr_line' id='line_1_104' title="bbox 967 2227 1745 2265; baseline -0.003 -8"><span class='ocrx_word' id='word_1_794' title='bbox 967 2230 1037 2265; x_wconf 87' lang='lat' dir='ltr'><strong>quit,</strong></span> <span class='ocrx_word' id='word_1_795' title='bbox 1052 2237 1106 2256; x_wconf 89' lang='lat' dir='ltr'><strong>non</strong></span> <span class='ocrx_word' id='word_1_796' title='bbox 1126 2233 1190 2257; x_wconf 86' lang='lat' dir='ltr'><strong>sunt</strong></span> <span class='ocrx_word' id='word_1_797' title='bbox 1204 2228 1260 2256; x_wconf 86' lang='lat' dir='ltr'><strong>nali</strong></span> <span class='ocrx_word' id='word_1_798' title='bbox 1277 2235 1310 2255; x_wconf 78' lang='lat' dir='ltr'><strong>ex</strong></span> <span class='ocrx_word' id='word_1_799' title='bbox 1328 2228 1518 2263; x_wconf 81' lang='lat' dir='ltr'><strong>sanguinibus.</strong></span> <span class='ocrx_word' id='word_1_800' title='bbox 1529 2227 1641 2261; x_wconf 84' lang='lat' dir='ltr'><strong>Quoties</strong></span> <span class='ocrx_word' id='word_1_801' title='bbox 1656 2233 1745 2255; x_wconf 88' lang='lat' dir='ltr'><strong>autem</strong></span> 
     </span>
    </p>
   </div>
   <div class='ocr_carea' id='block_1_105' title="bbox 968 2274 1744 2311">
    <p class='ocr_par' dir='ltr' id='par_1_105' title="bbox 968 2274 1744 2311">
     <span class='ocr_line' id='line_1_105' title="bbox 968 2274 1744 2311; baseline -0.004 -8"><span class='ocrx_word' id='word_1_802' title='bbox 968 2276 1056 2311; x_wconf 87' lang='lat' dir='ltr'><strong>ipsum</strong></span> <span class='ocrx_word' id='word_1_803' title='bbox 1071 2275 1228 2310; x_wconf 88' lang='lat' dir='ltr'><strong>recipimus,</strong></span> <span class='ocrx_word' id='word_1_804' title='bbox 1257 2274 1338 2302; x_wconf 85' lang='lat' dir='ltr'><strong>toties</strong></span> <span class='ocrx_word' id='word_1_805' title='bbox 1361 2275 1473 2302; x_wconf 74' lang='lat' dir='ltr'><strong>verbum</strong></span> <span class='ocrx_word' id='word_1_806' title='bbox 1500 2275 1553 2301; x_wconf 89' lang='lat' dir='ltr'><strong>hoc</strong></span> <span class='ocrx_word' id='word_1_807' title='bbox 1571 2275 1744 2308; x_wconf 80' lang='lat' dir='ltr'><strong>experimur;</strong></span> 
     </span>
    </p>
   </div>
   <div class='ocr_carea' id='block_1_106' title="bbox 966 2319 1741 2356">
    <p class='ocr_par' dir='ltr' id='par_1_106' title="bbox 966 2319 1741 2356">
     <span class='ocr_line' id='line_1_106' title="bbox 966 2319 1741 2356; baseline -0.004 -7"><span class='ocrx_word' id='word_1_808' title='bbox 966 2327 993 2349; x_wconf 88' lang='lat' dir='ltr'><strong>et</strong></span> <span class='ocrx_word' id='word_1_809' title='bbox 1010 2322 1037 2349; x_wconf 91' lang='lat' dir='ltr'><strong>in</strong></span> <span class='ocrx_word' id='word_1_810' title='bbox 1062 2329 1117 2356; x_wconf 90' lang='lat' dir='ltr'><strong>quo</strong></span> <span class='ocrx_word' id='word_1_811' title='bbox 1135 2321 1265 2356; x_wconf 87' lang='lat' dir='ltr'><strong>mysterio</strong></span> <span class='ocrx_word' id='word_1_812' title='bbox 1285 2320 1386 2348; x_wconf 89' lang='lat' dir='ltr'><strong>dictum</strong></span> <span class='ocrx_word' id='word_1_813' title='bbox 1415 2321 1452 2348; x_wconf 89' lang='lat' dir='ltr'><strong>sit</strong></span> <span class='ocrx_word' id='word_1_814' title='bbox 1479 2319 1541 2352; x_wconf 84' lang='lat' dir='ltr'><strong>hoc,</strong></span> <span class='ocrx_word' id='word_1_815' title='bbox 1558 2329 1567 2345; x_wconf 78' lang='grc' dir='ltr'><strong>ι</strong></span> <span class='ocrx_word' id='word_1_816' title='bbox 1585 2320 1714 2352; x_wconf 76' lang='lat' dir='ltr'><strong>Accipite.</strong></span> <span class='ocrx_word' id='word_1_817' title='bbox 1732 2330 1741 2346; x_wconf 75' lang='grc' dir='ltr'><strong>ι</strong></span> 
     </span>
    </p>
   </div>
   <div class='ocr_carea' id='block_1_107' title="bbox 966 2360 1746 2403">
    <p class='ocr_par' dir='ltr' id='par_1_107' title="bbox 966 2360 1746 2403">
     <span class='ocr_line' id='line_1_107' title="bbox 966 2360 1746 2403; baseline -0.001 -8"><span class='ocrx_word' id='word_1_818' title='bbox 966 2360 1078 2403; x_wconf 81' lang='lat' dir='ltr'><strong>inquam</strong></span> <span class='ocrx_word' id='word_1_819' title='bbox 1091 2367 1125 2395; x_wconf 82' lang='lat'><strong>&quot;.</strong></span> <span class='ocrx_word' id='word_1_820' title='bbox 1142 2367 1254 2394; x_wconf 82' lang='lat' dir='ltr'><strong>Certum</strong></span> <span class='ocrx_word' id='word_1_821' title='bbox 1268 2370 1311 2394; x_wconf 85' lang='lat' dir='ltr'><strong>est</strong></span> <span class='ocrx_word' id='word_1_822' title='bbox 1325 2367 1351 2393; x_wconf 93' lang='lat' dir='ltr'><strong>in</strong></span> <span class='ocrx_word' id='word_1_823' title='bbox 1367 2373 1444 2394; x_wconf 65' lang='lat' dir='ltr'><strong>cana</strong></span> <span class='ocrx_word' id='word_1_824' title='bbox 1462 2373 1511 2393; x_wconf 90' lang='lat' dir='ltr'><strong>nos</strong></span> <span class='ocrx_word' id='word_1_825' title='bbox 1529 2366 1580 2393; x_wconf 87' lang='lat' dir='ltr'><strong>hac</strong></span> <span class='ocrx_word' id='word_1_826' title='bbox 1598 2374 1662 2394; x_wconf 81' lang='lat' dir='ltr'><strong>voce</strong></span> <span class='ocrx_word' id='word_1_827' title='bbox 1677 2367 1746 2394; x_wconf 85' lang='lat' dir='ltr'><strong>invi-</strong></span> 
     </span>
    </p>
   </div>
   <div class='ocr_carea' id='block_1_108' title="bbox 967 2413 1744 2449">
    <p class='ocr_par' dir='ltr' id='par_1_108' title="bbox 967 2413 1744 2449">
     <span class='ocr_line' id='line_1_108' title="bbox 967 2413 1744 2449; baseline -0.003 -7"><span class='ocrx_word' id='word_1_828' title='bbox 967 2415 1029 2447; x_wconf 81' lang='lat' dir='ltr'><strong>tari.</strong></span> <span class='ocrx_word' id='word_1_829' title='bbox 1046 2415 1073 2442; x_wconf 95' lang='lat' dir='ltr'><strong>in</strong></span> <span class='ocrx_word' id='word_1_830' title='bbox 1092 2421 1145 2449; x_wconf 92' lang='lat' dir='ltr'><strong>qua</strong></span> <span class='ocrx_word' id='word_1_831' title='bbox 1163 2413 1301 2442; x_wconf 87' lang='lat' dir='ltr'><strong>Christum</strong></span> <span class='ocrx_word' id='word_1_832' title='bbox 1317 2418 1344 2441; x_wconf 84' lang='lat' dir='ltr'><strong>et</strong></span> <span class='ocrx_word' id='word_1_833' title='bbox 1360 2413 1486 2440; x_wconf 86' lang='lat' dir='ltr'><strong>manibus</strong></span> <span class='ocrx_word' id='word_1_834' title='bbox 1501 2421 1565 2441; x_wconf 84' lang='lat' dir='ltr'><strong>vere</strong></span> <span class='ocrx_word' id='word_1_835' title='bbox 1584 2414 1744 2448; x_wconf 80' lang='lat' dir='ltr'><strong>accipimus,</strong></span> 
     </span>
    </p>
   </div>
   <div class='ocr_carea' id='block_1_109' title="bbox 965 2459 1749 2495">
    <p class='ocr_par' dir='ltr' id='par_1_109' title="bbox 965 2459 1749 2495">
     <span class='ocr_line' id='line_1_109' title="bbox 965 2459 1749 2495; baseline -0.004 -6"><span class='ocrx_word' id='word_1_836' title='bbox 965 2468 991 2489; x_wconf 89' lang='lat' dir='ltr'><strong>et</strong></span> <span class='ocrx_word' id='word_1_837' title='bbox 1005 2467 1052 2488; x_wconf 92' lang='lat' dir='ltr'><strong>ore</strong></span> <span class='ocrx_word' id='word_1_838' title='bbox 1071 2461 1244 2495; x_wconf 84' lang='lat' dir='ltr'><strong>suscipimus,</strong></span> <span class='ocrx_word' id='word_1_839' title='bbox 1257 2464 1284 2487; x_wconf 92' lang='lat' dir='ltr'><strong>et</strong></span> <span class='ocrx_word' id='word_1_840' title='bbox 1299 2460 1398 2486; x_wconf 71' lang='lat' dir='ltr'><strong>animat</strong></span> <span class='ocrx_word' id='word_1_841' title='bbox 1426 2459 1619 2492; x_wconf 77' lang='lat' dir='ltr'><strong>admiscemus,</strong></span> <span class='ocrx_word' id='word_1_842' title='bbox 1634 2464 1661 2487; x_wconf 90' lang='lat' dir='ltr'><strong>et</strong></span> <span class='ocrx_word' id='word_1_843' title='bbox 1687 2467 1749 2487; x_wconf 84' lang='lat' dir='ltr'><strong>cor-</strong></span> 
     </span>
    </p>
   </div>
   <div class='ocr_carea' id='block_1_110' title="bbox 966 2503 1747 2544">
    <p class='ocr_par' dir='ltr' id='par_1_110' title="bbox 966 2503 1747 2544">
     <span class='ocr_line' id='line_1_110' title="bbox 966 2503 1747 2544; baseline -0.004 -9"><span class='ocrx_word' id='word_1_844' title='bbox 966 2508 1024 2544; x_wconf 89' lang='lat' dir='ltr'><strong>pori</strong></span> <span class='ocrx_word' id='word_1_845' title='bbox 1039 2507 1212 2542; x_wconf 81' lang='lat' dir='ltr'><strong>eopulamus,</strong></span> <span class='ocrx_word' id='word_1_846' title='bbox 1229 2511 1256 2533; x_wconf 89' lang='lat' dir='ltr'><strong>et</strong></span> <span class='ocrx_word' id='word_1_847' title='bbox 1274 2505 1400 2540; x_wconf 85' lang='lat' dir='ltr'><strong>sanguini</strong></span> <span class='ocrx_word' id='word_1_848' title='bbox 1417 2505 1616 2542; x_wconf 84' lang='lat' dir='ltr'><strong>immergimus.</strong></span> <span class='ocrx_word' id='word_1_849' title='bbox 1629 2507 1662 2532; x_wconf 84' lang='lat' dir='ltr'><strong>Et</strong></span> <span class='ocrx_word' id='word_1_850' title='bbox 1685 2503 1747 2540; x_wconf 88' lang='lat' dir='ltr'><strong>jure</strong></span> 
     </span>
    </p>
   </div>
   <div class='ocr_carea' id='block_1_111' title="bbox 966 2552 1745 2589">
    <p class='ocr_par' dir='ltr' id='par_1_111' title="bbox 966 2552 1745 2589">
     <span class='ocr_line' id='line_1_111' title="bbox 966 2552 1745 2589; baseline -0.005 -8"><span class='ocrx_word' id='word_1_851' title='bbox 966 2553 1091 2589; x_wconf 88' lang='lat' dir='ltr'><strong>quidem.</strong></span> <span class='ocrx_word' id='word_1_852' title='bbox 1110 2553 1157 2581; x_wconf 88' lang='lat' dir='ltr'><strong>Sic</strong></span> <span class='ocrx_word' id='word_1_853' title='bbox 1187 2552 1260 2580; x_wconf 89' lang='lat' dir='ltr'><strong>enim</strong></span> <span class='ocrx_word' id='word_1_854' title='bbox 1294 2552 1462 2579; x_wconf 88' lang='lat' dir='ltr'><strong>Salvatorem</strong></span> <span class='ocrx_word' id='word_1_855' title='bbox 1486 2557 1513 2579; x_wconf 87' lang='lat' dir='ltr'><strong>et</strong></span> <span class='ocrx_word' id='word_1_856' title='bbox 1539 2552 1745 2586; x_wconf 82' lang='lat' dir='ltr'><strong>accipientibus,</strong></span> 
     </span>
    </p>
   </div>
   <div class='ocr_carea' id='block_1_112' title="bbox 964 2598 1747 2633">
    <p class='ocr_par' dir='ltr' id='par_1_112' title="bbox 964 2598 1747 2633">
     <span class='ocr_line' id='line_1_112' title="bbox 964 2598 1747 2633; baseline -0.005 -6"><span class='ocrx_word' id='word_1_857' title='bbox 964 2604 991 2627; x_wconf 89' lang='lat' dir='ltr'><strong>et</strong></span> <span class='ocrx_word' id='word_1_858' title='bbox 1003 2607 1091 2633; x_wconf 89' lang='lat' dir='ltr'><strong>usque</strong></span> <span class='ocrx_word' id='word_1_859' title='bbox 1103 2599 1135 2626; x_wconf 87' lang='lat' dir='ltr'><strong>ad</strong></span> <span class='ocrx_word' id='word_1_860' title='bbox 1151 2603 1303 2626; x_wconf 76' lang='lat' dir='ltr'><strong>extremum</strong></span> <span class='ocrx_word' id='word_1_861' title='bbox 1313 2599 1374 2626; x_wconf 61' lang='lat' dir='ltr'><strong>vita</strong></span> <span class='ocrx_word' id='word_1_862' title='bbox 1390 2599 1579 2631; x_wconf 85' lang='lat' dir='ltr'><strong>retinentibus,</strong></span> <span class='ocrx_word' id='word_1_863' title='bbox 1593 2598 1651 2632; x_wconf 83' lang='lat' dir='ltr'><strong>ipse</strong></span> <span class='ocrx_word' id='word_1_864' title='bbox 1666 2602 1747 2631; x_wconf 89' lang='lat' dir='ltr'><strong>caput</strong></span> 
     </span>
    </p>
   </div>
   <div class='ocr_carea' id='block_1_113' title="bbox 966 2643 1744 2679">
    <p class='ocr_par' dir='ltr' id='par_1_113' title="bbox 966 2643 1744 2679">
     <span class='ocr_line' id='line_1_113' title="bbox 966 2643 1744 2679; baseline -0.005 -6"><span class='ocrx_word' id='word_1_865' title='bbox 966 2646 1092 2673; x_wconf 72' lang='lat' dir='ltr'><strong>idoneum</strong></span> <span class='ocrx_word' id='word_1_866' title='bbox 1106 2651 1134 2673; x_wconf 87' lang='lat' dir='ltr'><strong>et</strong></span> <span class='ocrx_word' id='word_1_867' title='bbox 1147 2645 1311 2673; x_wconf 89' lang='lat' dir='ltr'><strong>conveniens</strong></span> <span class='ocrx_word' id='word_1_868' title='bbox 1326 2649 1378 2678; x_wconf 89' lang='lat' dir='ltr'><strong>est,</strong></span> <span class='ocrx_word' id='word_1_869' title='bbox 1406 2649 1434 2672; x_wconf 89' lang='lat' dir='ltr'><strong>et</strong></span> <span class='ocrx_word' id='word_1_870' title='bbox 1463 2645 1513 2679; x_wconf 69' lang='lat' dir='ltr'><strong>ipsi</strong></span> <span class='ocrx_word' id='word_1_871' title='bbox 1526 2645 1610 2671; x_wconf 88' lang='lat' dir='ltr'><strong>eidem</strong></span> <span class='ocrx_word' id='word_1_872' title='bbox 1624 2643 1744 2670; x_wconf 88' lang='lat' dir='ltr'><strong>membra</strong></span> 
     </span>
    </p>
   </div>
   <div class='ocr_carea' id='block_1_114' title="bbox 965 2688 1744 2726">
    <p class='ocr_par' dir='ltr' id='par_1_114' title="bbox 965 2688 1744 2726">
     <span class='ocr_line' id='line_1_114' title="bbox 965 2688 1744 2726; baseline -0.005 -8"><span class='ocrx_word' id='word_1_873' title='bbox 965 2692 1088 2720; x_wconf 85' lang='lat' dir='ltr'><strong>decentia</strong></span> <span class='ocrx_word' id='word_1_874' title='bbox 1103 2700 1111 2725; x_wconf 87' lang='lat'><strong>;</strong></span> <span class='ocrx_word' id='word_1_875' title='bbox 1123 2691 1217 2719; x_wconf 91' lang='lat' dir='ltr'><strong>eadem</strong></span> <span class='ocrx_word' id='word_1_876' title='bbox 1229 2696 1319 2719; x_wconf 90' lang='lat' dir='ltr'><strong>autem</strong></span> <span class='ocrx_word' id='word_1_877' title='bbox 1336 2690 1514 2726; x_wconf 80' lang='lat' dir='ltr'><strong>generatione</strong></span> <span class='ocrx_word' id='word_1_878' title='bbox 1528 2689 1648 2717; x_wconf 85' lang='lat' dir='ltr'><strong>membra</strong></span> <span class='ocrx_word' id='word_1_879' title='bbox 1662 2688 1744 2722; x_wconf 88' lang='lat' dir='ltr'><strong>capiti</strong></span> 
     </span>
    </p>
   </div>
   <div class='ocr_carea' id='block_1_115' title="bbox 966 2733 1745 2772">
    <p class='ocr_par' dir='ltr' id='par_1_115' title="bbox 966 2733 1745 2772">
     <span class='ocr_line' id='line_1_115' title="bbox 966 2733 1745 2772; baseline -0.005 -7"><span class='ocrx_word' id='word_1_880' title='bbox 966 2737 1091 2772; x_wconf 87' lang='lat' dir='ltr'><strong>generari</strong></span> <span class='ocrx_word' id='word_1_881' title='bbox 1121 2745 1228 2772; x_wconf 61' lang='lat' dir='ltr'><strong>aequum</strong></span> <span class='ocrx_word' id='word_1_882' title='bbox 1257 2741 1326 2765; x_wconf 85' lang='lat' dir='ltr'><strong>erat.</strong></span> <span class='ocrx_word' id='word_1_883' title='bbox 1348 2736 1409 2763; x_wconf 84' lang='lat' dir='ltr'><strong>Non</strong></span> <span class='ocrx_word' id='word_1_884' title='bbox 1436 2737 1508 2763; x_wconf 91' lang='lat' dir='ltr'><strong>enim</strong></span> <span class='ocrx_word' id='word_1_885' title='bbox 1525 2743 1540 2763; x_wconf 90' lang='lat' dir='ltr'><strong>e</strong></span> <span class='ocrx_word' id='word_1_886' title='bbox 1566 2733 1745 2769; x_wconf 80' lang='lat' dir='ltr'><strong>sanguinibus</strong></span> 
     </span>
    </p>
   </div>
   <div class='ocr_carea' id='block_1_116' title="bbox 967 2781 1746 2818">
    <p class='ocr_par' dir='ltr' id='par_1_116' title="bbox 967 2781 1746 2818">
     <span class='ocr_line' id='line_1_116' title="bbox 967 2781 1746 2818; baseline -0.005 -7"><span class='ocrx_word' id='word_1_887' title='bbox 967 2789 1032 2811; x_wconf 81' lang='lat' dir='ltr'><strong>caro</strong></span> <span class='ocrx_word' id='word_1_888' title='bbox 1047 2782 1107 2816; x_wconf 87' lang='lat' dir='ltr'><strong>illa,</strong></span> <span class='ocrx_word' id='word_1_889' title='bbox 1126 2789 1213 2818; x_wconf 82' lang='lat' dir='ltr'><strong>neque</strong></span> <span class='ocrx_word' id='word_1_890' title='bbox 1231 2789 1263 2811; x_wconf 81' lang='lat' dir='ltr'><strong>ex</strong></span> <span class='ocrx_word' id='word_1_891' title='bbox 1279 2783 1418 2811; x_wconf 85' lang='lat' dir='ltr'><strong>voluntate</strong></span> <span class='ocrx_word' id='word_1_892' title='bbox 1434 2781 1538 2813; x_wconf 84' lang='lat' dir='ltr'><strong>carnis,</strong></span> <span class='ocrx_word' id='word_1_893' title='bbox 1552 2787 1639 2815; x_wconf 87' lang='lat' dir='ltr'><strong>neque</strong></span> <span class='ocrx_word' id='word_1_894' title='bbox 1651 2787 1686 2807; x_wconf 78' lang='lat' dir='ltr'><strong>ex</strong></span> <span class='ocrx_word' id='word_1_895' title='bbox 1697 2787 1746 2807; x_wconf 84' lang='lat' dir='ltr'><strong>vo-</strong></span> 
     </span>
    </p>
   </div>
  </div>
