1967 3071
218 113 272 145 603

826 115 983 146 NICOLAI
1002 115 1195 146 CABASILA!

1791 115 1840 147 604

219 175 324 202 luntate
341 173 391 200 \‘iri
404 174 446 206 “;
467 173 514 200 sed
531 180 563 200 ex
579 172 634 199 Deo
652 172 755 207 Spiritu
769 178 866 203 sancto
882 175 1004 202 exstitit:

1060 174 1091 201 ἐκ
1105 174 1174 201 Θεοῦ
1191 174 1237 201 τοῦ
1252 174 1333 208 άγίου
1354 173 1513 208 ηνεύματος
1525 180 1534 190 ⁸
1561 182 1571 200 ε
1604 173 1642 200 Τὸ
1656 173 1711 209 γὰρ
1728 173 1758 200 ἐν
1772 173 1840 207 αὐτῇ

223 230 233 247 ι
255 219 331 253 Quod
351 219 423 246 enim
441 218 467 245 in
481 226 512 244 ea
529 223 621 245 natum
649 223 701 250 cst,
731 219 828 254 inquit,
844 220 878 248 de
902 220 1005 255 Spiritu

220 271 316 294 sancto
344 270 385 292 est
411 264 443 290 ".
461 273 470 290 ι
490 263 521 290 Et
556 263 678 291 membra
717 264 770 292 isto
808 267 888 293 modo
930 266 1005 293 nasci

183 308 186 314 ’
220 316 431 340 consentaneum
445 314 487 338 est
501 330 509 341 .
532 311 749 345 quandoquidem
771 317 797 339 et
824 312 882 346 ipsa
911 312 1006 347 capitis

221 357 358 392 generatio
374 357 514 383 beatorum
531 358 643 384 istorum
662 358 844 386 meminerunt
867 360 1007 393 generatio

220 408 271 430 est.
288 402 345 429 Hoc
359 402 430 428 enim
446 406 487 428 est
500 403 650 430 constituta
680 410 739 431 esse
762 404 894 435 membra,
912 409 1005 432 natum

220 455 282 475 esse
294 452 385 481 caput.
402 447 479 480 Quod
495 448 519 475 si
535 449 617 476 etiam
644 450 744 484 cuique
763 450 928 485 principium
946 451 1007 478 vitm

221 498 262 520 est
274 495 424 528 generatio,
437 498 463 520 et
479 495 560 521 vitam
585 495 740 525 inchoasse.
756 500 797 523 est
825 501 917 523 natum
935 505 1006 530 esse,

222 539 352 570 quoniam
365 540 421 566 vita
439 540 489 575 ipsi
504 541 700 568 sdhmrentinm
717 541 845 569 Christus
874 547 926 575 est,
955 543 1006 578 ipsi

220 585 330 613 Christo
344 585 429 612 vitam
451 586 522 614 banc
537 586 672 622 ingresso,
701 592 820 623 natoque
846 591 903 616 nati
931 594 1006 617 sunt.

221 631 324 658 Tantus
338 631 471 658 bonorum
488 638 628 660 acervuse
642 640 719 661 sacra
735 641 828 662 mensa
855 635 937 662 nobis
958 643 1007 663 ex-

222 675 322 704 mitur.
335 677 354 703 Α
371 684 450 710 poena
472 677 578 709 liberat,
593 678 723 712 pudorem
747 686 781 706 ex
795 684 905 714 peccato
917 681 1007 708 orien-

223 726 276 749 tem
291 723 400 755 exterit.
418 724 648 758 pulchritudinem
668 731 785 761 reparat,
814 726 927 754 Christo
955 728 1007 763 ipsi

223 766 326 794 arctius
340 767 436 802 aillgat
459 776 540 803 quam
557 769 693 798 naturalia
710 771 816 799 vincula
833 777 936 807 queant
947 773 1008 800 alli-

222 819 302 845 gare;
319 818 349 840 ut
362 815 443 841 simul
458 820 485 843 et
515 815 599 843 semel
624 816 724 849 dicam,
752 817 851 852 quovis
877 819 1008 854 mysterio

223 860 404 888 excellentius
420 869 484 889 vero
498 861 709 891 Christianismo
721 863 857 898 perfectos
872 865 972 893 reddit.

259 947 308 976 llic
320 949 416 977 multis
431 951 506 978 venit
521 951 548 978 in
574 956 693 980 mentem
712 953 843 982 admirari
859 962 941 990 super
956 955 1010 984 hoc

160 1011 171 1017 .
222 999 396 1022 sacramento
424 997 573 1030 quomodo,
605 1005 666 1026 cum
684 999 720 1026 sit
750 999 1010 1028 excellentissimum

221 1041 358 1073 omnium,
380 1041 494 1077 ipsoque
523 1043 658 1078 baptismo
683 1045 783 1080 majus,
801 1045 830 1073 in
850 1047 1011 1076 criminibus

223 1089 314 1112 tamen
329 1086 454 1114 eluendis
469 1087 560 1115 minus
572 1096 605 1115 eo
620 1097 700 1123 posse
712 1090 845 1118 videatur.
870 1091 916 1119 llle
939 1093 1009 1119 enim

224 1131 292 1157 nihil
303 1131 388 1165 exigit
402 1132 505 1160 laboris
517 1141 525 1167 ;
539 1134 590 1161 hoc
605 1135 767 1163 antecedere
784 1136 891 1165 labores
901 1138 1010 1166 debent.

224 1177 253 1203 Et
262 1185 295 1212 pu
301 1183 436 1213 rgatorum
445 1179 553 1213 quidem
563 1179 611 1212 ibi,
619 1180 654 1207 ab
664 1181 698 1208 iis
707 1182 752 1216 qui
765 1182 898 1210 maculam
908 1183 1011 1211 nullam

223 1230 336 1256 prorsus
359 1229 566 1257 contraxerunt,
594 1226 698 1254 nullum
727 1232 769 1255 est
794 1228 956 1263 discrimen;
977 1231 1011 1258 ad

223 1275 329 1296 coenam
342 1274 431 1296 autem
442 1270 642 1304 ventitantium,
661 1273 755 1301 multis
778 1279 953 1309 peccatorum
972 1277 1013 1304 in-

223 1319 287 1342 snnt
300 1315 422 1350 vestigia.
441 1316 473 1343 Et
485 1316 681 1346 utdistinctins
694 1318 855 1355 pleniusque
877 1321 1011 1356 dicamus,

222 1368 283 1387 cum
301 1362 353 1388 tria
365 1362 416 1389 ista
433 1363 460 1389 in
476 1363 596 1397 peccatis
614 1365 825 1394 considerentur
841 1375 848 1394 :
874 1369 1012 1402 peccantis

222 1413 347 1440 perversa
368 1408 448 1440 actio,
462 1415 541 1443 pmnn
556 1409 661 1437 obeam
678 1411 790 1444 luenda,
818 1412 882 1440 inde
912 1413 1010 1448 injecta

222 1451 319 1478 animze
333 1452 508 1486 proclivitas:
525 1454 561 1481 ab
583 1455 693 1482 actione
718 1461 892 1491 peccatorem
919 1458 1011 1494 ipsum

1057 220 1197 255 γεννηθὲν,
1232 221 1326 254 φησὶν,
1349 221 1381 246 ἐκ
1406 221 1565 255 Πνεῦματός
1586 220 1662 246 ἐστιν
1701 219 1801 253 ἁγίου·
1829 230 1838 245 Ι

1058 266 1131 297 είκὺς
1141 263 1177 300 ἣν
1189 266 1235 292 καὶ
1249 267 1284 292 τὰ
1301 266 1370 300 μέλη
1383 266 1478 293 τοῦτον
1491 266 1656 300 γεννηθῆναι
1668 264 1715 292 τὸν
1729 266 1839 299 τρόπον.

1058 310 1126 337 ὃπου
1137 319 1168 344 γε
1180 310 1227 337 καὶ
1239 311 1309 345 αὐτὴ
1320 311 1337 345 ἠ
1348 311 1476 345 γέννησις
1487 311 1537 345 τῆς
1548 310 1670 345 κεφαλῆς
1684 310 1738 337 τῶν
1753 310 1840 345 μελῶν

1057 356 1111 383 τῶν
1127 356 1272 391 μακαρίων
1285 357 1411 391 γέννησις
1426 353 1471 390 ἧν.
1493 356 1578 383 Τοῦτο
1593 356 1647 390 γὰρ
1658 353 1693 390 ἦν
1707 356 1840 390 συστῆναι

1058 402 1092 429 τά
1110 402 1189 437 μέλη,
1206 402 1237 429 τὸ
1254 402 1419 438 γεννηθῆναι
1438 403 1488 437 τὴν
1507 402 1644 436 κεφαλήν·
1663 403 1687 428 εί
1707 402 1736 428 δὲ
1754 401 1801 429 καὶ
1824 402 1840 436 ἡ

1059 447 1192 483 ἀρχὴτῆς
1207 447 1280 482 ζωῆς
1293 447 1421 482 γέννησίς
1444 449 1520 474 ἐστιν
1538 447 1655 483 ἑκάστῳ,
1681 448 1728 474 καὶ
1750 447 1781 473 τὸ
1796 447 1844 481 τὴν

1059 492 1131 528 ζωὴν
1151 492 1298 528 ἄρξασθαι,
1311 493 1392 520 τοῦτό
1407 495 1464 520 ἐστι
1482 493 1657 530 γεννηθῆναι,
1686 493 1719 520 δι’
1737 489 1775 520 ὦν
1789 492 1843 527 ζωὴ

1058 539 1112 566 τῶν
1137 539 1214 574 αὐτῷ
1241 540 1450 575 προσκειμένων
1469 539 1542 566 ἔστιν
1570 540 1584 565 ὁ
1608 539 1739 573 Χριστὸς,
1768 539 1844 565 αὐτοὶ

1059 585 1234 620 γεγέννηνται
1249 585 1296 612 τοῦ
1313 586 1432 620 Χριστοῦ
1448 584 1494 611 τὸν
1513 584 1570 619 βίον
1589 583 1684 611 τοῦτον
1703 584 1844 618 είαεληλυ-

1060 631 1136 663 θότος
1160 632 1207 659 καὶ
1231 631 1418 665 γεννηθέντος.
1438 630 1572 661 Τοσοῦτος
1597 631 1686 665 σωρὸς
1699 631 1767 665 ἡμῖν
1778 631 1845 663 ἀγα-

1060 677 1115 704 θῶν
1131 676 1185 704 ἀπὺ
1201 677 1250 711 τῆς
1265 677 1341 711 ίερᾶς
1360 676 1465 711 ἀνίσχει
1480 676 1631 711 τραπέζης,
1650 675 1743 711 ῥύεται
1757 675 1843 710 δίκης,

1060 723 1236 758 ἀποτρίϐεται
1249 723 1300 759 τὴν
1310 723 1364 750 ἀπὺ
1376 723 1426 758 τῆς
1436 722 1574 757 ἁμαρτίας
1587 721 1729 756 αἰσχύνην,
1744 722 1845 748 ἀνακα-

1059 768 1146 795 λεῖται
1178 769 1228 803 τὴν
1257 768 1341 803 ὥραν,
1370 768 1445 802 αὐτῷ
1469 767 1583 803 προσδεῖ
1602 766 1641 801 τῷ
1663 766 1773 801 Χριστῷ
1791 766 1846 793 τῶν

1061 814 1185 848 φυσικῶν
1203 813 1310 848 δεσμῶν
1320 813 1528 849 ἀκριϐέστερον,
1545 812 1575 839 τδ
1599 811 1726 844 καθάπαξ
1747 811 1844 844 εἰπεῖν,

1059 859 1180 891 τελείους
1209 860 1281 886 ποιεῖ
1304 859 1350 885 τδν
1377 858 1466 894 ἀληθῆ
1495 857 1711 893 Χριστιανισμὸν
1734 857 1845 891 τελετῆς

1060 905 1078 933 ἀ
1084 905 1170 941 πάσης
1184 906 1263 939 διαφε
1268 904 1379 940 ρόντως.

1102 951 1235 978 Ἐνταῦθα
1255 950 1284 977 δι
1297 949 1360 986 περὶ
1376 949 1424 976 τοῦ
1446 947 1597 984 μυστηρίου
1617 948 1726 979 πολλοῖς
1744 947 1846 982 ἐπῆλθε

1062 997 1225 1033 θαυμάζειν,
1242 996 1267 1023 εί
1280 995 1352 1023 οὕτω
1362 994 1517 1022 τελεώτατα
1527 995 1637 1022 πάντων
1650 994 1723 1029 ἔχον,
1734 993 1802 1028 πρὸς
1817 992 1848 1019 τὸ

1061 1043 1137 1071 λύειν
1153 1042 1269 1076 εὐθύνης
1284 1041 1331 1069 τοῦ
1350 1040 1538 1076 βαπτίσματος
1555 1040 1659 1067 ἐλάττω
1678 1040 1752 1066 δοκεῖ
1766 1038 1846 1064 δύνα-

1062 1089 1124 1116 σθαι
1141 1087 1232 1122 μεῖζον
1250 1086 1279 1114 δν
1290 1093 1296 1101 ’
1312 1086 1400 1112 ἐκεῖνο
1414 1085 1464 1120 μὲν
1478 1085 1535 1120 γὰρ
1548 1084 1625 1111 οὐδὲν
1639 1083 1799 1116 πονοῦντας,
1817 1083 1847 1109 τὸ

1060 1134 1090 1160 δὲ
1103 1133 1192 1160 πόνων
1206 1131 1400 1166 ἡγησαμένων.
1414 1130 1471 1157 Καὶ
1486 1129 1541 1156 τῶν
1558 1128 1608 1164 μὲν
1623 1129 1681 1155 ἐκεῖ
1695 1128 1846 1164 καθαρθέν-

1060 1188 1117 1207 των
1135 1179 1204 1213 πρὸς
1223 1178 1286 1209 τοὺς
1305 1177 1374 1212 μηδὲ
1387 1176 1438 1212 τὴν
1453 1175 1541 1211 ἀρχὴν
1566 1175 1703 1210 μολυσμὸν
1725 1174 1846 1201 ὁντινοῦν

1060 1225 1224 1260 δεξαμένους
1237 1222 1352 1258 οὐδεμία
1363 1221 1490 1258 διαφορὰ,
1508 1221 1561 1249 τῶν
1574 1221 1603 1248 δὲ
1619 1221 1665 1248 ἐπὶ
1679 1220 1726 1248 τοῦ
1739 1220 1846 1247 δείπνου

1062 1271 1169 1302 πολλοῖς
1178 1269 1233 1297 τῶν
1241 1268 1446 1305 ἡμαρτημένων
1455 1267 1555 1295 ἔνεισιν
1566 1266 1627 1302 ίχνη
1637 1276 1645 1281 -
1655 1267 1702 1293 καὶ
1708 1266 1845 1297 διελόντας

1061 1317 1259 1353 ἀκριϐέστερον
1272 1316 1371 1345 εἰπεῖν,
1380 1314 1519 1349 τεττάρων
1528 1313 1629 1340 τούτων
1645 1313 1673 1339 εν
1687 1314 1742 1343 τοῖς
1756 1313 1847 1347 ἡμαρ-

1061 1363 1188 1396 τημένοις
1202 1360 1408 1396 θεωρουμένων,
1421 1359 1468 1386 τοῦ
1478 1359 1527 1394 τὴν
1541 1357 1679 1393 ἁμαρτίαν
1690 1358 1848 1392 ἐργασαμέ-

1061 1418 1121 1442 νου,
1143 1409 1193 1443 τῆς
1211 1407 1334 1442 πονηρᾶς
1350 1405 1506 1440 ἐνεργείας,
1522 1404 1573 1440 τῆς
1589 1404 1638 1431 ἐπὶ
1654 1403 1739 1439 ταύτῃ
1756 1403 1847 1439 δίκης,

1061 1456 1112 1490 τῆς
1126 1455 1232 1482 ἐκεῖθεν
1246 1452 1399 1487 ὲντεθείσης
1416 1452 1449 1487 τῇ
1460 1451 1532 1486 ψυχῇ
1547 1449 1715 1486 προτροπῆς,
1730 1449 1780 1484 τῆς
1796 1449 1849 1484 μὲν

223 1505 269 1532 per
291 1505 322 1525 se
343 1497 485 1526 discedere
495 1505 614 1534 Oportet,
624 1500 750 1537 factoque
764 1503 816 1530 ﬂne
823 1503 857 1531 ad
872 1504 1007 1533 lavacrum

1062 1500 1202 1535 ἐνεργείας
1217 1499 1298 1526 αὐτὸν
1320 1497 1426 1525 οἴκοθεν
1441 1496 1613 1532 ἀπηλλάχθαι
1629 1496 1669 1522 δεῖ
1682 1495 1728 1522 τὸν
1750 1496 1847 1531 εἰργα-

222 1543 330 1576 venire;
345 1549 443 1572 caetera
458 1545 611 1579 baptismns
625 1546 692 1574 nihil
718 1554 857 1582 quoquam
871 1549 1011 1585 moliente,

222 1589 343 1616 simulet
357 1589 566 1618 semele-medio
595 1591 675 1623 tollit.
688 1597 716 1619 et
739 1600 846 1627 pinnam
875 1592 1013 1630 videlicet,

221 1639 249 1662 et
264 1635 397 1663 morbum.
411 1635 505 1671 Itaque
519 1642 545 1664 et
557 1637 647 1672 ipsum
659 1638 704 1672 qui
720 1639 844 1673 peccavit
854 1640 1012 1670 interimere

223 1679 424 1714 quodammodo
440 1681 571 1709 creditur.
583 1682 689 1709 Etenim
706 1683 785 1718 aquis
804 1684 970 1720 immoritur,
985 1691 1013 1715 et

224 1733 310 1753 novus
324 1726 407 1753 homo
433 1731 486 1759 est,
510 1735 590 1761 quem
615 1727 755 1756 lavacrum
783 1730 921 1764 producit.
959 1733 1012 1760 Sa-

223 1777 269 1798 cer
295 1775 385 1799 autem
409 1772 498 1806 panis,
534 1779 616 1807 quem
645 1779 774 1802 mmstntn
799 1778 961 1812 acceperit,
984 1785 1012 1807 et

221 1823 272 1851 pro
289 1824 322 1845 eo
340 1824 374 1845 ac
386 1817 499 1853 dignum
516 1822 559 1846 est
573 1819 607 1847 de
624 1821 746 1855 peccatis
761 1821 909 1855 dolentem,
924 1832 940 1852 a
957 1825 1013 1852 cri-

223 1865 296 1891 mine
312 1863 416 1896 liberat,
433 1865 529 1899 anima;
542 1873 658 1900 pravum
676 1866 798 1895 habitum
814 1869 924 1897 abolet:
953 1879 1007 1900 non

219 1914 312 1937 autem
339 1909 451 1941 occidit,
479 1917 534 1937 non
558 1910 630 1937 enim
659 1912 694 1939 de
727 1912 833 1949 integro
860 1915 1009 1944 reformare

222 1955 300 1987 ευΙι-ι,
318 1955 428 1989 et]hunc
442 1955 531 1982 solum
544 1956 647 1990 peccati
664 1957 813 1985 terminum
838 1959 1007 1990 immobilem

222 2001 361 2036 relinquit,
377 2004 526 2028 etmanere
541 2001 617 2033 sinit,
631 2009 686 2029 non
706 2003 818 2038 quidem
834 2005 944 2035 crimini
957 2008 1006 2035 ob-

223 2049 332 2076 noxium
347 2049 473 2084 amplius.
491 2049 623 2077 audacem
636 2055 737 2078 tamen.
757 2051 826 2079 Sunt
840 2061 923 2087 porro
957 2057 1005 2091 qui

223 2100 301 2122 notas
313 2095 403 2122 adhuc
419 2095 507 2123 morbi
525 2095 626 2129 ferunt,
647 2096 847 2133 vulnerumque
875 2100 1008 2135 pristino-

225 2147 283 2166 rnin
294 2140 446 2171 cicatrices,
460 2140 482 2168 si
498 2140 586 2168 minus
597 2148 677 2176 quam
689 2146 786 2175 parest
797 2150 893 2172 eorum
909 2153 1010 2174 sanan-

220 2185 318 2212 dorum
337 2185 403 2219 ipsis
414 2193 478 2212 cura
503 2184 592 2218 fuerit,
621 2191 649 2213 et
665 2186 758 2214 virtuti
783 2189 926 2218 medicinae
954 2199 1009 2219 non

223 2229 352 2264 aequalem
364 2229 460 2256 animae
475 2230 697 2264 praparationem
705 2231 859 2267 attulerint;
871 2238 899 2262 et
910 2242 1011 2271 purga-

223 2275 261 2303 tio
271 2275 321 2302 ista
334 2275 426 2302 hocab
435 2275 480 2302 illa
493 2275 591 2306 dili‘ert.
615 2276 688 2310 quod
712 2284 767 2304 non
788 2279 954 2308 mortiﬁcare
981 2285 1009 2308 et

222 2321 355 2355 reﬁngere
375 2320 478 2348 dicitur
505 2327 687 2356 peccatorem.
716 2324 827 2358 etquod
851 2330 1006 2354 manentem

222 2371 391 2401 peccatorem
408 2373 469 2393 cum
483 2371 580 2402 purget
600 2368 805 2401 tantummodo,
823 2377 858 2397 ne
876 2371 928 2398 hoc
943 2372 1004 2405 qui-

220 2414 283 2440 dem
299 2412 378 2441 nohis
388 2413 456 2440 citra
468 2413 600 2440 laborem.
613 2412 675 2440 Haec
688 2418 778 2441 autem
790 2414 857 2442 nihil
869 2415 902 2443 ad
913 2423 1006 2444 sacra-

222 2463 357 2492 mentum,
374 2459 420 2486 sed
438 2458 471 2485 ad
486 2458 573 2493 ipsam
583 2458 622 2485 rei
645 2464 770 2487 naturam
801 2461 946 2495 pertinent,
977 2466 1008 2490 ut

219 2505 414 2540 intelligamus,
424 2509 549 2538 oportere
565 2503 726 2532 criminibus
739 2505 860 2534 irretitos
872 2506 916 2534 hic
945 2508 1007 2543 qui-

220 2552 281 2579 dem
307 2551 440 2584 initiatos,
457 2548 635 2578 illic'sacram
659 2556 766 2578 cenam
791 2552 924 2581 obeuntes
944 2561 1007 2588 pur-

219 2605 287 2633 gari.

257 2686 290 2714 Et
311 2686 421 2722 quidem
447 2685 481 2714 de
507 2685 649 2714 laboribus
667 2688 808 2723 requisitis
837 2690 904 2718 illud
929 2682 1003 2719 dico.

222 2730 505 2764 Baptismusnondum
516 2731 660 2764 formatos,
670 2740 720 2761 nec
732 2734 765 2761 ad
782 2735 883 2763 bonum
893 2743 1005 2765 cursum

258 2823 283 2839 "
302 2823 471 2857 locum”.
511 2824 532 2841 "
553 2824 651 2854 Matth.
670 2834 688 2860 ι,
705 2825 751 2852 20-

1063 1548 1163 1582 σμένον
1174 1546 1222 1573 καὶ
1234 1544 1408 1579 πεπαυμένον
1422 1543 1467 1569 ἐπὶ
1480 1543 1510 1569 τὸ
1525 1542 1636 1578 λουτρὸν
1657 1541 1747 1576 ἥκειν,
1762 1542 1848 1569 τᾶλλα

1062 1594 1090 1620 δι
1099 1593 1130 1619 τὺ
1141 1592 1282 1627 βάπτισμα
1293 1590 1342 1625 μὲν
1353 1589 1432 1616 οὐδὲν
1440 1589 1548 1620 οὐδενὸς
1558 1587 1846 1623 πραγματευσαμένου

1062 1637 1188 1670 καθάπαξ
1208 1637 1241 1663 ὲκ
1257 1635 1340 1671 μέσου
1365 1634 1454 1661 πάντα
1470 1635 1552 1665 ποιεί,
1579 1634 1627 1660 καὶ
1643 1632 1691 1667 τὴν
1706 1632 1784 1667 δίκην
1801 1633 1849 1659 καὶ

1060 1685 1112 1719 τὴν
1128 1683 1216 1714 νόσον.
1233 1682 1306 1709 ὥστε
1323 1682 1370 1708 καὶ
1386 1680 1467 1708 αὑτὸν
1485 1680 1609 1715 ἀναιρεῖν
1625 1680 1785 1707 πιστεύεται
1801 1680 1849 1707 τὸν

1060 1729 1251 1766 ἡμαρτηκότα.
1268 1728 1324 1755 Καὶ
1340 1727 1394 1763 γὰρ
1409 1726 1610 1761 ἐναποθνήσκει
1622 1727 1678 1758 τοῖς
1695 1726 1773 1753 ὕδασι
1799 1728 1850 1753 καὶ

1060 1778 1118 1808 νέος
1131 1777 1172 1807 τίς
1183 1777 1258 1802 ιστιν
1273 1774 1427 1808 ἄνθρωπος,
1444 1772 1474 1799 δν
1487 1772 1631 1799 ἀναδίδωσι
1646 1773 1676 1799 τὸ
1689 1772 1801 1807 λουτρόν
1810 1781 1817 1789 υ
1835 1775 1849 1799 ὁ

1059 1823 1087 1850 δὶ
1102 1822 1174 1858 [spec
1198 1821 1293 1855 ἄρτος,
1308 1820 1337 1846 δν
1353 1819 1386 1846 ἂν
1409 1818 1555 1854 ὴνιαμένον
1570 1818 1648 1845 λάϐοι
1667 1819 1714 1845 καὶ
1729 1827 1850 1854 πεπονη-

1057 1868 1136 1901 κότα,
1149 1867 1204 1894 τῶν
1220 1866 1423 1902 ἡμαρτημένων
1438 1865 1522 1897 ἀξίως
1537 1863 1634 1900 ἀφίησι
1654 1865 1703 1899 μὲν
1719 1865 1848 1899 εὐθύνης,

1058 1914 1208 1946 ἀποκλύζει
1219 1913 1247 1940 δὲ
1259 1911 1309 1947 τῆς
1321 1911 1442 1947 πονηρᾶς
1451 1910 1536 1943 ἕξεως
1546 1910 1594 1946 τὴν
1605 1910 1705 1946 ψυχὴν,
1719 1910 1849 1937 ἀποκτεί-

1057 1969 1098 1988 νει
1110 1961 1138 1987 δὲ
1159 1959 1295 1994 οὐδαμῶς,
1321 1958 1352 1984 οὒ
1368 1958 1422 1992 γὰρ
1448 1956 1632 1983 ἀναπλάττειν
1654 1955 1758 1983 άιωθεν
1775 1955 1848 1983 οἶδε·

1057 2006 1105 2034 καὶ
1119 2006 1215 2033 τοῦτον
1232 2004 1313 2040 μόνον
1330 2003 1386 2030 τῶν
1403 2003 1454 2038 τῆς
1468 2002 1608 2038 ἁμαρτίας
1625 2003 1698 2037 ὅρων
1713 2002 1848 2038 ἀκίνητον

1058 2051 1218 2079 καταλείπει
1227 2050 1275 2077 καὶ
1284 2049 1377 2085 μένειν
1389 2049 1514 2084 ἀφίησιν,
1524 2048 1676 2075 ὑπεύθυνον
1684 2048 1734 2082 μὲν
1742 2049 1849 2082 οὐκέτι,

1058 2098 1140 2125 αὑτὸν
1152 2097 1180 2124 δὲ
1194 2097 1270 2131 ὅμως
1290 2095 1337 2122 τδν
1351 2095 1499 2130 τολμητὴν.
1515 2094 1576 2121 Εἰσὶ
1590 2094 1619 2120 δι
1635 2093 1660 2121 οἶ
1682 2095 1730 2121 καὶ
1745 2096 1849 2129 σημεῖα

1061 2143 1110 2178 τῆς
1126 2141 1282 2178 ἀρρωστίας
1305 2140 1434 2176 φέρουσιν
1458 2139 1499 2166 ἑτι
1513 2140 1560 2166 καὶ
1573 2138 1656 2169 οὐλὰς
1678 2139 1733 2165 τῶν
1760 2140 1849 2166 πάλαι

1063 2188 1184 2223 πληγῶν,
1199 2187 1233 2214 ἂν
1244 2183 1327 2223 ἦττον
1340 2185 1358 2222 ἢ
1372 2185 1512 2221 προσῆκον
1531 2182 1568 2220 ἧν
1581 2184 1687 2221 μελήσῃ
1702 2185 1766 2220 περὶ
1792 2186 1851 2212 τῶν

1061 2235 1225 2270 τραυμάτων
1251 2234 1353 2265 αὐτοῖς,
1383 2232 1430 2260 καὶ
1460 2231 1530 2267 πρὸς
1553 2232 1603 2266 τὴν
1626 2231 1673 2258 τοῦ
1697 2232 1850 2266 φαρμάκου

1059 2279 1174 2314 δύναμιν
1194 2279 1243 2306 οὐκ
1259 2277 1408 2313 ἐφάμιλλον
1425 2276 1602 2311 είσενέγκωσι
1624 2277 1674 2309 τῆς
1692 2277 1781 2311 ψυχῆς
1798 2278 1850 2312 τὴν

1058 2325 1238 2361 παρασκευήν
1263 2332 1270 2340 ’
1297 2324 1409 2358 καὶτῆς
1424 2322 1584 2358 καθάρσεως
1604 2321 1693 2357 τούτῳ
1719 2323 1849 2358 διήνεγκε

1057 2371 1159 2406 ταύτης
1179 2369 1283 2403 ἐκείνη,
1304 2369 1346 2396 ὅτι
1365 2377 1395 2395 τε
1419 2368 1469 2394 οὐκ
1490 2366 1653 2400 ἀποπνίγειν
1672 2368 1782 2402 λέγεται
1800 2369 1850 2394 τὸν

1059 2417 1238 2452 ἡμαρτηκότα
1248 2416 1296 2444 καὶ
1306 2414 1500 2446 ἀναπλάττειν,
1511 2414 1559 2439 καὶ
1569 2414 1609 2440 ὄτι
1622 2414 1737 2448 μένοντα
1750 2414 1850 2440 καθαί-

1059 2471 1145 2497 ρουσα
1170 2462 1261 2496 μόνον,
1290 2460 1351 2487 οὐδὲ
1364 2459 1437 2486 τοῦθ¹
1455 2459 1522 2494 ἡμῖν
1548 2458 1606 2492 ἔχει
1633 2459 1722 2485 πόνων
1748 2459 1847 2494 χωρίς,

1058 2507 1150 2535 Ταῦτα
1167 2506 1197 2534 δὲ
1223 2506 1291 2542 πρὸς
1310 2506 1359 2541 μὲν
1384 2505 1433 2540 τὴν
1461 2504 1571 2539 τελετὴν
1599 2504 1687 2536 οὐδὲν,
1718 2503 1775 2531 ἀλλ’
1804 2507 1847 2536 είς

1058 2553 1142 2587 αὐτὴν
1155 2553 1218 2587 ἥκει
1231 2552 1280 2588 τὴν
1295 2551 1376 2586 φύσιν
1388 2550 1436 2577 τοῦ
1449 2549 1613 2585 πράγματος
1626 2549 1674 2576 καὶ
1685 2549 1732 2575 τοῦ
1745 2549 1848 2585 χρῆναι

1058 2599 1121 2630 τοὺς
1135 2598 1312 2629 ὑπευθύνους,
1336 2597 1425 2632 ταύτῃ
1443 2596 1492 2631 μὲν
1513 2595 1674 2630 λουμένους,
1691 2594 1802 2626 ἐκείνως
1815 2595 1846 2622 δὲ

1058 2644 1232 2675 δειπνοῦντας
1248 2643 1440 2678 καθαίρεσθαι.

1094 2691 1149 2717 Καὶ
1161 2691 1224 2725 περὶ
1237 2689 1287 2725 μὲν
1303 2689 1350 2715 τοῦ
1369 2687 1470 2715 δεῖσθαι
1486 2687 1574 2714 πόνων
1586 2687 1675 2712 ἐκεῖνο
1697 2684 1781 2719 λέγω.
1807 2685 1847 2711 Τὸ

1061 2735 1201 2771 βάπτισμα
1230 2730 1280 2770 μὲν
1307 2735 1392 2771 μήπω
1416 2732 1567 2765 συστάντας
1591 2731 1750 2767 παραλαϐὺν
1771 2729 1843 2767 μηδὲ
