1967 3071
141 129 194 160 (‘0')

673 132 722 162 DE
735 131 822 162 VITA
839 130 878 160 IN
900 131 1063 162 CHRISTO
1085 130 1159 162 LIB.
1179 131 1226 161 IV.

1708 124 1761 157 606

142 189 258 222 δύναμιν
269 189 394 223 ἡντινοῦν
407 189 592 224 κεκτημένους
610 190 681 225 ὗπὲρ
696 190 742 216 τοῦ
757 191 840 217 καλοῦ
862 190 926 224 δρα-

979 191 1144 218 currcndum
1165 189 1219 216 ulla
1252 187 1354 215 virtute
1383 185 1510 221 praeditos
1534 184 1682 219 accipiens,
1705 192 1760 211 non

145 237 215 270 μεῖν,
226 236 257 262 οὐ
273 236 361 270 μάνην
374 236 452 270 ἡμᾶς
461 236 548 263 ταῦτα
560 237 649 263 πάντα
663 238 763 272 προῖκα
779 237 925 271 ἐργάζεται

141 283 188 308 καὶ
203 282 290 308 δεῖται
304 281 358 308 τῶν
369 282 435 315 παρ’
447 282 525 315 ἡμῶν
533 282 650 314 οὐδενὸς,
665 282 703 313 ὡς
715 282 748 309 ἂν
761 283 926 314 εἰσενεγκεῖν

141 327 306 362 δυναμένων.
341 327 373 354 Ἦ
396 328 522 361 τράπεζα
553 328 581 354 δὲ
608 329 774 354 συνεστῶσιν
803 328 854 363 ἤδη
879 329 926 355 καὶ

141 372 208 404 ζῶσι
221 373 267 399 καὶ
277 372 436 406 δυναμένοις
448 374 543 408 ἀρκεῖν
557 374 625 408 ἡμῖν
638 374 730 404 αὐτοῖς
744 374 924 409 προκειμένη,

142 418 259 452 χρῆσθαι
276 419 309 453 τῇ
326 418 440 452 δυνάμει
455 419 570 450 καὶτοῖς
580 419 697 445 δοθεῖσιν
709 420 801 451 ὅπλοις
817 420 924 454 ἀφίησι,

142 463 188 489 καὶ
203 463 311 490 διώκειν
322 464 442 498 τάγαθὸν
456 465 548 491 οὐκέτι
560 465 757 500 κομιζομένους
778 466 832 492 οὐδ’
849 466 926 492 ἑλκοο

144 510 253 544 μένους,
270 511 328 537 ἀλλ’
345 511 445 542 αὐτοὺς
458 512 565 538 οἴκοθεν
585 513 631 538 καὶ
653 512 718 546 παρ’
731 513 809 547 ἡμῶν
835 512 926 539 αὐτῶν

142 556 285 590 ὁρμῶντας
303 557 352 583 καὶ
367 559 555 592 κινουμένους,
571 559 609 589 ὡς
621 559 655 585 ἂν
676 559 726 594 ἤδη
742 559 849 593 τρέχειν
862 559 925 585 ὲπι-

142 601 303 634 παμὲνους.
318 602 352 629 Τί
369 603 418 636 μὲν
432 603 486 638 γὰρ
499 603 552 629 ἔδει
568 605 614 630 καὶ
629 604 741 638 ποιῆσαι
761 605 864 636 λαϐεῖν,
884 602 925 635 οἷς

141 646 192 673 οὐκ
204 647 442 682 ἔδειχρήσασθαι;
466 648 493 674 τί
509 649 538 675 δὲ
558 649 691 683 ῥωννύναι
717 650 764 675 καὶ
794 649 926 676 καθοπλί-

142 691 198 723 {etv
210 692 257 718 τὸν
271 692 341 719 οίκοι
351 693 483 726 μέλλοντα
496 693 636 720 καθεύδειν
652 702 660 726 ;
676 693 706 719 El
721 693 775 729 γὰρ
795 693 862 729 μήτε
875 695 925 730 τὴν

142 737 229 772 ἀρχὴν
244 738 427 772 γεννωμένοις
444 738 508 773 μήθ’
526 738 639 774 ὕστερον
652 739 830 774 καθαίρεσθαι
864 740 925 775 βου-

142 783 264 817 λομένοις
293 784 408 818 ἀγώνων
441 783 475 820 ἦν
497 785 544 811 καὶ
573 786 663 813 πόνων
678 785 782 821 καιρὸς,
796 786 846 813 οὐκ
865 785 924 814 οἶδα

143 829 201 855 πότ’
215 829 249 856 ἃν
262 831 328 864 ἡμῖν
341 830 434 862 αὐτοῖς
444 831 594 866 ἐγινόμεθα
611 831 751 867 χρήσιμοι,
761 833 788 858 τί
802 831 825 860 δ’
840 831 873 859 ἃν
889 829 923 868 ἦν

143 874 223 907 ἔργον
252 875 395 909 ἀνθρώπου
423 875 478 902 τῶν
500 876 570 910 ὑπὲρ
602 877 652 911 τῆς
680 877 782 912 ἀρετῆς
814 868 959 912 δρόμωνΒ

143 920 333 954 ἀνῃρημένων.
350 921 453 955 μᾶλλον
468 921 534 948 δὲητί
550 922 642 956 χεῖρον
655 921 690 950 ἂν
703 920 738 957 ἦν
752 923 925 957 πράγματος,

143 966 316 999 πραττόντων
330 966 381 1001 μὲν
391 964 428 993 ὧν
443 967 552 999 ἔπαινός
567 969 640 994 ἔστιν
651 968 710 994 οὐδὲ
735 968 775 1000 ἓν,
802 968 871 1003 πρὸς
898 969 926 995 δὲ

142 1011 172 1036 τὺ
190 1011 306 1046 πονηρὸν
317 1011 427 1047 ἐνεργὸν
444 1012 560 1047 ἑχόντων
587 1013 717 1040 ἑκάστοτε
739 1013 790 1049 τὴν
818 1013 924 1049 ψυχήν;

144 1057 192 1082 Διὰ
207 1057 293 1083 ταῦτα
308 1058 390 1085 τόπον
403 1058 492 1092 ἔργων
507 1058 661 1093 ἀνθρώποις
677 1059 730 1086 ἔδει
747 1060 927 1094 συγχωρηυῆ-

144 1110 188 1128 ναι.
211 1102 256 1128 καὶ
284 1103 379 1136 καιρὸν
393 1103 517 1136 ἀγώνων,
544 1103 575 1130 τό
597 1112 628 1136 γε
653 1103 768 1136 τελείοις
795 1104 927 1139 ἀνδράσιν

143 1144 213 1173 εἶναι
230 1148 306 1184 παρὰ
321 1148 376 1175 τῶν
394 1149 556 1183 μυστηρίων
576 1149 624 1185 ήδη
638 1149 750 1176 λαϐοῦσι
772 1150 821 1177 καὶ
845 1151 927 1177 δυνα-

145 1194 237 1228 μένοις
249 1195 280 1221 τὸ
289 1196 321 1230 τῇ
338 1195 417 1229 φύσει
434 1197 571 1230 προσῆκον
583 1195 662 1231 ἔργον
677 1196 852 1230 ἐργάξεσθαι,
878 1197 926 1222 καὶ

143 1240 193 1274 τῆς
211 1234 318 1276 ἡμέρας
333 1243 476 1276 φανείσης,
492 1242 526 1277 ἢν
538 1243 552 1268 6
569 1242 670 1276 Κύριος
679 1241 802 1278 ἐποίησε,
827 1243 926 1278 μηκέτι

145 1285 299 1319 καθεύδειν,
316 1287 374 1314 ἀλλ’
391 1288 436 1314 ἐπ’
451 1286 523 1322 ἔργα
536 1288 646 1323 χωρεΐν.
659 1285 735 1324 καὶῇ
750 1297 816 1322 φησι
845 1289 928 1315 Δασὶδ

147 1344 156 1360 ι
179 1333 241 1360 Ἐπὶ
256 1334 286 1360 τὸ
296 1334 378 1369 ἔργον
391 1334 476 1361 αὐτοῦ
491 1336 537 1360 καὶ
558 1335 604 1362 ἐπὶ
619 1335 668 1369 τὴν
683 1335 815 1368 ἐργασίαν
841 1333 926 1361 αὐτοῦ

143 1380 190 1406 τ³ιν
219 1380 362 1414 ἄνθρωπον
389 1380 507 1412 ἐξελθεῖν
536 1381 589 1411 ἔως
608 1380 738 1415 ἑσπέρας.
754 1390 763 1406 ι
795 1381 927 1415 Καθάπερ

144 1428 197 1461 γὰρ
211 1427 279 1460 μετὰ
298 1426 401 1460 ταύτην
414 1427 463 1462 τὴν
473 1428 579 1462 ἡμέραν
591 1427 699 1462 ἔρχεται
723 1427 781 1460 νὺξ,
808 1428 852 1454 ὅτε
878 1428 925 1454 οὖ-

143 1472 199 1503 δεὶς
210 1472 322 1499 δύναται
337 1473 514 1507 ἐργάζεσθαι,
531 1473 602 1500 οὕτω
615 1475 661 1501 καὶ
688 1473 741 1508 πρὸ
753 1474 855 1509 ταύτης
879 1472 924 1510 ἦν,

144 1518 187 1544 ὅτε
205 1519 339 1553 παντελὴς
352 1516 385 1553 ἦν
400 1519 446 1545 τοῦ
458 1519 590 1554 πράττειν
602 1520 750 1554 ἀδυναμία,
765 1522 812 1546 καὶ
840 1519 927 1552 οὐδεὶς

145 1563 203 1598 ᾔδει
220 1565 266 1590 ποῖ
277 1564 317 1590 δεῖ
327 1565 454 1598 βαδίζειν,
471 1566 567 1598 νυκτὸς
579 1564 696 1600 ἐχούσης
722 1565 762 1592 ἔτι
786 1565 837 1600 τὴν
863 1565 925 1600 γῆν,

147 1620 156 1635 ι
176 1610 206 1635 ὲν
231 1607 259 1646 ᾖ,
275 1612 367 1644 φησὶν,
384 1612 398 1637 ὸ
411 1611 571 1644 περιπατῶν
584 1611 634 1638 οὐκ
649 1611 703 1638 οἵδε
720 1611 772 1638 ποῦ
790 1612 891 1646 ὑπάγει
902 1621 924 1638 ’1

143 1656 190 1682 τοῦ
202 1657 277 1691 ἡλίου
290 1657 319 1683 δὲ
333 1657 497 1691 ἀνασχόντος
508 1658 554 1684 καὶ
567 1658 704 1693 πανταχοῦ
723 1659 768 1686 διὰ
793 1658 849 1685 τῶν
873 1667 927 1693 μυ-

144 1703 264 1737 στηρίων
276 1703 326 1738 τῆς
353 1703 463 1733 ἀκτῖνος
483 1703 620 1738 χεθείσης,
653 1705 760 1740 ἀνάγκη
790 1705 927 1740 μηδεμίαν

144 1748 321 1783 ἀνθρωπίνων
347 1748 438 1783 ἔργων
470 1747 540 1775 εἴναι
572 1749 620 1775 καὶ
650 1749 741 1776 πόνων
769 1749 926 1786 ἀναεολὴν,

143 1794 213 1821 ἀλλὰ
243 1793 377 1821 σιτεῖσθαι
392 1794 437 1820 τὸν
465 1794 549 1828 ᾶρτον
579 1794 676 1821 τοῦτον
700 1795 730 1822 ιν
758 1795 852 1829 ἱδρῶτι
878 1795 926 1822 τοῦ

144 1841 291 1875 προσώπου
305 1840 350 1866 τὴν
365 1840 499 1875 ἡμέτερον
512 1839 549 1872 ὡς
569 1840 641 1876 ὑπὲρ
667 1841 748 1876 ἡμῶν
773 1841 925 1876 κλώμενον,

142 1887 230 1919 ἄλλως
247 1886 271 1912 θ’
284 1887 326 1913 ὅτι
344 1887 398 1918 τοῖς
417 1886 536 1920 λογικοῖς
551 1886 704 1922 ἀφώρισται
720 1887 823 1922 μόνοις,
842 1887 889 1914 καὶ⁵
912 1887 927 1914 ὅ

143 1933 381 1969 φησινὸΚὺριος,
399 1932 565 1967 ἐργάζεσθαι
587 1932 636 1967 τὴν
662 1941 672 1958 ι
695 1933 829 1967 μένουσαν
854 1933 927 1968 βρῶ-

144 1988 196 2012 σιν,
214 1989 224 2006 ι
243 1980 312 2014 ὅπερ
328 1978 387 2005 ἐστὶ
403 1978 571 2010 κελεύοντος,
588 1979 637 2005 οὐκ
649 1979 752 2014 ἀργοὺς
770 1979 825 2006 οὐδ’
839 1979 929 2016 ἀπρά-

142 2034 233 2058 κτους,
259 2024 317 2052 ὰλλ¹
345 2023 546 2060 ἐργαζομένους
576 2024 621 2050 ἐπὶ
648 2025 681 2051 τὸ
704 2025 812 2051 δεῖπνον
847 2025 928 2051 τοῦτο

142 2072 253 2107 χωρεῖν.
281 2071 313 2097 El
332 2070 385 2105 γὰρ
409 2071 472 2101 τοὺς
485 2071 586 2103 ἀργοὺς
603 2069 714 2105 καὶτῆς
737 2070 929 2106 ἀπολλυμένης

139 2117 281 2153 τραπέζης
312 2118 326 2144 6
349 2116 397 2143 τοῦ
417 2116 522 2143 Παύλου
552 2117 632 2151 νόμος
648 2117 750 2151 ἀπάγει
771 2117 807 2152 (ι
834 2117 848 2144 ὁ
875 2117 930 2153 γὰρ

977 240 1080 264 temere
1096 237 1122 263 in
1143 235 1223 262 nobis
1241 235 1297 261 btec
1313 233 1406 261 omnia
1432 231 1517 266 gratis
1533 235 1672 265 operatur,
1695 236 1721 257 et
1747 239 1761 257 a

978 282 1057 309 nobis
1084 282 1151 309 nihil
1179 281 1302 314 reqttirit,
1339 283 1434 313 utpote
1460 277 1506 310 qtti
1535 277 1662 304 conferre
1691 276 1761 303 nihil

977 328 1125 363 possimus.
1157 327 1248 354 Mensa
1274 332 1363 354 autetn
1385 325 1523 359 proposita
1551 323 1675 355 formatis
1691 323 1759 356 jam,

976 379 1002 401 et
1026 374 1190 405 viventibus,
1217 378 1244 400 et
1260 372 1414 400 valentibus
1441 371 1520 398 nobis
1546 371 1612 404 ipsis
1638 369 1760 397 sufﬁcere

977 420 1094 453 viribus,
1111 419 1235 453 datisque
1249 420 1333 446 armis
1348 418 1387 445 ιιιὶ
1410 418 1486 449 sinit,
1503 422 1530 445 et
1545 417 1646 444 bonum
1665 423 1760 450 perse-

976 467 1034 500 qui,
1052 473 1107 492 non
1136 465 1190 499 jam
1208 469 1340 500 portatos,
1360 471 1450 499 neque
1467 468 1580 493 tractos.
1609 462 1656 490 sed
1686 462 1760 496 ipsos

976 516 1072 544 sponte
1093 519 1124 537 ac
1152 518 1198 545 per
1223 519 1273 538 nos
1301 511 1452 538 concitatos
1482 515 1565 544 atque
1593 514 1758 539 commotos,

976 559 1050 585 velut
1074 558 1129 592 jam
1157 561 1256 590 gnaros
1282 564 1403 584 cut-rere.
1431 556 1502 589 Quid
1526 556 1597 583 enim
1625 554 1761 582 refero-bat

976 604 1066 632 facere
1079 608 1109 631 ut
1129 604 1324 638 acciperemus,
1347 604 1446 637 quibus
1460 602 1592 629 utendum
1613 609 1665 628 non
1685 599 1761 627 erat?

976 650 1045 684 Quid
1062 649 1243 677 corroborare
1258 654 1285 676 et
1308 656 1415 676 armare
1433 648 1505 676 domi
1519 646 1719 676 dormiturum?
1733 645 1761 672 Si

975 697 1047 724 enim
1081 704 1168 730 neque
1200 696 1288 730 primo
1321 695 1518 725 nascentibus,
1548 700 1636 727 neque
1667 696 1762 727 postea

975 742 1086 778 purgari
1103 742 1258 769 volentibus
1282 740 1443 769 certandum
1461 745 1488 767 et
1510 739 1691 766 laborantium
1708 742 1761 771 est,

976 789 1068 816 nescio
1082 789 1192 823 quando
1222 788 1300 815 nobis
1328 787 1395 821 ipsis
1426 789 1657 813 commendemus.
1687 783 1762 814 Jam.

975 835 1047 869 quod
1063 834 1181 861 hominis
1194 841 1273 868 opus.
1286 833 1311 860 si
1326 832 1436 859 virtutis
1451 831 1619 858 curriculum
1635 830 1764 857 auferas?

976 879 1033 907 lmo
1047 887 1111 907 vero
1124 879 1190 914 quid
1205 886 1285 913 opere
1295 882 1388 905 nostro
1403 877 1535 908 deterius,
1548 876 1569 903 si
1585 875 1653 902 nihil
1668 882 1762 902 eorum

976 933 1036 960 quae
1053 925 1200 952 laudantur
1226 923 1367 954 facientes,
1388 930 1416 950 tn
1446 922 1621 956 improbitate
1643 920 1763 947 animam

978 970 1152 998 continenter
1179 974 1344 1003 occupatam
1363 966 1533 994 habeamus?
1561 968 1657 1001 Itaque
1674 966 1763 993 locum

977 1023 1090 1050 operum
1104 1013 1571 1048 hominibus,opportunitatemque
1582 1011 1764 1039 certaminum

977 1061 1130 1089 concedere
1153 1061 1306 1095 oportebat,
1335 1059 1381 1094 qui
1399 1058 1510 1094 quidem
1539 1063 1567 1086 ut
1585 1057 1699 1092 perfecti
1715 1057 1764 1084 viri

976 1112 1082 1139 essent,
1110 1115 1124 1135 a
1157 1107 1296 1142 mysteriis
1315 1105 1369 1140 iam
1387 1105 1569 1140 accepissent,
1597 1109 1765 1139 pessentque

977 1161 1046 1188 opus
1074 1159 1178 1180 natura:
1199 1153 1369 1180 conveniens
1397 1152 1515 1186 operari,
1531 1155 1559 1178 et
1588 1151 1765 1178 illucescente

977 1200 1031 1232 die,
1045 1207 1124 1233 qttetu
1135 1199 1199 1226 fecit
1210 1198 1339 1226 Dominus
1349 1199 1382 1230 ⁸⁸,
1394 1205 1448 1224 non
1465 1197 1585 1225 dormire
1595 1197 1628 1224 de
1643 1201 1764 1224 caetero:

977 1247 1023 1275 sed
1040 1246 1072 1273 ad
1088 1253 1169 1279 opera
1189 1245 1362 1275 incumbere,
1377 1247 1404 1271 et
1421 1248 1450 1271 ut
1468 1243 1550 1270 David
1568 1244 1657 1278 inquit
1673 1253 1679 1270 :
1698 1253 1707 1269 ι
1723 1243 1764 1270 Atl

965 1300 1046 1328 'opus
1061 1300 1151 1324 suum,
1177 1296 1204 1319 et
1226 1291 1260 1318 ad
1276 1289 1463 1326 operationem
1489 1297 1566 1317 suam
1584 1289 1660 1316 exire
1677 1297 1763 1323 usque

978 1340 1011 1366 ad
1029 1346 1168 1373 vesperam
1181 1339 1213 1365 ".
1236 1347 1244 1363 ι
1263 1337 1341 1364 Sicut
1355 1337 1427 1364 enitn
1444 1342 1504 1371 post
1519 1337 1592 1363 ltuuc
1609 1337 1678 1363 diem
1693 1335 1766 1362 venit

977 1391 1043 1415 nox,
1061 1383 1171 1417 quando
1193 1390 1274 1409 nemo
1298 1386 1389 1417 potest
1417 1383 1525 1416 operari
1540 1381 1575 1414 7°,
1595 1381 1633 1407 sic
1652 1385 1681 1407 et
1703 1386 1765 1420 ante

977 1431 1050 1458 hunc
1067 1429 1137 1456 diem
1157 1436 1209 1456 nox
1229 1433 1301 1458 erat.
1317 1427 1427 1462 quando
1444 1433 1548 1453 summa
1563 1431 1622 1453 erat
1634 1425 1764 1460 opcraudi

978 1476 1162 1509 imbecillitas,
1197 1480 1224 1502 et
1255 1482 1310 1509 quo
1340 1473 1535 1500 ambulandum
1571 1480 1648 1503 esse,
1684 1479 1765 1498 nemo

979 1524 1092 1556 sciebat,
1109 1529 1171 1550 cum
1189 1521 1278 1548 adhuc
1304 1527 1357 1547 nox
1376 1523 1462 1546 terras
1492 1522 1606 1550 teneret,
1625 1527 1634 1543 ι
1651 1517 1677 1544 ἰιι
1712 1525 1765 1552 qua

983 1570 1023 1606 (ttt
1039 1575 1080 1597 est
1100 1569 1126 1596 in
1161 1566 1318 1602 Evangelia)
1340 1566 1385 1601 qui
1424 1565 1556 1596 ambulat,
1591 1564 1676 1592 nescit
1711 1571 1765 1598 quo

981 1614 1107 1642 vadat".
1138 1622 1148 1639 ι
1187 1612 1250 1640 Sole
1286 1616 1376 1638 autem
1408 1615 1514 1641 exorto,
1547 1610 1685 1644 radiisque
1719 1616 1767 1644 per

980 1664 1151 1688 sacramenta
1173 1657 1273 1693 ubique
1287 1655 1403 1688 diffusis,
1431 1655 1534 1682 nullam
1558 1662 1671 1689 operum
1688 1654 1766 1681 labo-

981 1713 1098 1740 rumque
1114 1704 1297 1732 humanorum
1323 1701 1482 1730 dilationem
1505 1701 1607 1737 perpeti
1631 1708 1681 1736 par
1697 1705 1764 1728 est:

981 1753 1028 1782 sed
1041 1753 1147 1781 comedi
1164 1760 1261 1788 panem
1277 1751 1351 1779 hunc
1366 1751 1393 1778 in
1409 1750 1509 1778 sudore
1523 1749 1615 1777 vultus
1630 1753 1765 1781 nostrum,

981 1799 1056 1836 (quia
1070 1806 1118 1833 pro
1133 1798 1211 1825 nobis
1228 1797 1347 1829 factum;
1366 1799 1496 1831 prtelerea
1508 1794 1571 1830 quia
1584 1793 1651 1822 solis
1665 1793 1767 1821 ratione

978 1845 1118 1873 utentibus
1148 1844 1302 1871 destinatus
1332 1842 1395 1876 est),
1415 1841 1526 1876 etquod
1557 1841 1594 1867 ait
1623 1839 1766 1873 Dominus,

979 1890 1087 1926 operari
1106 1890 1208 1921 cibum,
1224 1888 1269 1924 qui
1285 1891 1426 1922 permanet
1438 1886 1461 1903 ”
1472 1897 1479 1915 ;
1490 1885 1561 1921 quod
1577 1891 1620 1912 est
1635 1885 1766 1919 jubentis,

980 1943 1015 1963 ne
1037 1935 1119 1964 otiosi
1147 1942 1196 1962 nec
1214 1933 1366 1961 inefficaces
1395 1930 1429 1959 ad
1454 1931 1526 1958 hanc
1546 1938 1652 1958 cteuam
1669 1931 1765 1958 venia-

981 1988 1052 2008 mus.
1085 1980 1114 2008 Si
1140 1981 1211 2008 enim
1240 1979 1345 2006 otiosos
1375 1974 1452 2004 Pauli
1486 1976 1526 2003 lex
1559 1978 1641 2005 etiam
1673 1985 1766 2004 mensa

981 2024 1135 2054 intereunte
1162 2025 1282 2054 exeludit
1309 2026 1339 2061 (ι
1355 2026 1377 2054 si
1399 2025 1461 2059 quis
1477 2024 1600 2052 laborare
1623 2032 1676 2050 nou
1697 2024 1765 2055 vult,

980 2073 1080 2109 inquit.
1109 2081 1160 2101 nec
1175 2073 1376 2108 manducet")
1395 2082 1418 2105 ι,
1445 2072 1545 2107 quibus
1573 2071 1703 2107 operibus
1732 2071 1764 2098 ad

982 2121 1053 2148 hanc
1069 2127 1191 2148 mensam
1205 2121 1295 2148 vocati
1313 2120 1451 2155 egebunt?

141 2165 236 2200 ἀργὸς,
271 2163 348 2198 φησὶ.
379 2163 446 2198 μηδὲ
476 2163 590 2189 ἐσθιέτω
613 2164 648 2195 ι),
674 2163 924 2198 τίνωνδεήσειτῶν
937 2163 1027 2200 ἔργων
1053 2168 1110 2198 τοῖς
1140 2167 1185 2194 ἐπὶ
1217 2167 1318 2202 ταύτην
1335 2166 1513 2201 καλουμένοις
1534 2165 1583 2200 τὴν
1606 2164 1764 2200 τράπεζανς

177 2212 240 2238 Ὀτι
261 2211 308 2245 μὲν
325 2210 371 2236 οὖν
393 2209 479 2240 οὕτως
503 2209 588 2244 ἐχρῆν
605 2210 660 2236 τῶν
684 2210 766 2244 ἱερῶν
791 2209 926 2237 ἅπτεσθαι

1015 2212 1060 2240 Sic
1077 2214 1162 2248 igitur
1176 2221 1253 2242 sacra
1270 2214 1340 2241 dona
1355 2213 1526 2249 attingenda,
1541 2217 1569 2241 et
1584 2213 1618 2240 ob
1636 2212 1686 2239 hoc
1703 2218 1766 2239 ante

139 2258 245 2292 δώρων,
264 2258 309 2284 καὶ
321 2257 415 2283 τούτου
437 2256 516 2291 χάριν
535 2255 588 2291 πρὸ
612 2256 664 2291 τῆς
690 2256 802 2291 τελετῆς
825 2256 930 2285 οἴκοθεν

139 2304 241 2335 αὐτοὺς
255 2302 436 2337 καθαίρεσθαι
455 2302 505 2333 δεῖ,
517 2302 634 2337 φανερὸν
648 2303 679 2328 ἐκ
690 2302 745 2328 τῶν
760 2302 927 2337 εἰρημένων·

138 2352 181 2378 ὅτι
197 2351 226 2377 δὲ
242 2349 322 2376 τοῦτό
334 2351 407 2376 ἔστιν
422 2349 474 2375 οὐκ
488 2348 591 2375 ἐλάττω
605 2348 685 2383 μόνον
698 2348 752 2374 τῶν
767 2348 857 2376 ἄλλων
875 2358 927 2384 μυ-

141 2395 272 2431 στηρίων,
286 2394 351 2422 ἀλλὰ
367 2394 412 2420 καὶ
423 2393 507 2428 μείζω
527 2393 687 2428 δυναμένου,
707 2393 788 2428 δῆλον
809 2395 925 2423 ἐκεῖθεν.

140 2441 258 2477 Πρῶτον
283 2440 333 2475 μὲν
348 2440 403 2474 γὰρ
418 2439 443 2465 εί
459 2439 517 2470 τοῖς
533 2438 665 2473 βελτίοσιν
679 2438 692 2464 ό
707 2438 774 2470 Θεὸς
791 2439 826 2466 τὰ
841 2439 926 2476 μείζω

139 2487 280 2522 δωρεῖται,
296 2485 324 2517 δς
341 2485 388 2512 τὸν
397 2484 471 2511 ἔλεον
483 2484 575 2519 ἵστησι.
592 2485 638 2510 καὶ
648 2483 723 2519 ζυγῷ
735 2494 799 2516 τινι,
821 2486 851 2512 τδ
877 2485 925 2513 τοῦ

139 2533 294 2568 προφήτου.
309 2531 357 2558 καὶ
369 2531 530 2566 δικαιοσύνῃ
559 2531 648 2558 πάντα
672 2532 754 2563 ποιεῖ,
777 2532 868 2568 πολλῷ
897 2531 926 2558 δὲ

140 2579 269 2610 καλλίους
283 2578 356 2612 ἡμᾶς
376 2579 491 2610 εὐποιεῑ,
513 2577 721 2612 τετελεσμένους
741 2578 790 2613 ἤδη
812 2578 859 2605 καί
874 2587 925 2605 που

140 2625 192 2652 καὶ
206 2625 272 2660 περὶ
287 2625 387 2659 ἀρετῆς
399 2624 634 2658 ἀγωνισαμένους,
653 2624 669 2659 ἥ
690 2625 758 2660 μηδὲ
773 2625 823 2659 τὴν
839 2626 928 2662 ἀρχὴν

139 2671 336 2705 λουσαμένους,
350 2669 472 2697 λείπεται
483 2671 530 2697 καὶ
545 2670 594 2705 τὴν
606 2671 686 2705 χάριν
700 2671 802 2706 ταύτην
818 2673 927 2707 ἐκείνης

140 2715 213 2743 εἶναι
243 2715 340 2751 βελτίω
364 2716 414 2743 καὶ
443 2715 498 2743 τῶν
524 2715 660 2752 δευτέρων
688 2717 840 2752 ἀμεινόνων
864 2719 928 2751 τοὺς

140 2762 336 2798 μεμυημένους
354 2763 510 2798 τυγχάνειν.
531 2762 642 2790 Ἔστιδ⁸
654 2763 742 2790 ἐκεῖνο
756 2763 806 2799 μὲν
824 2764 855 2791 τὸ
875 2764 926 2799 βά-

177 2822 200 2838 ⁶³
222 2822 291 2850 Psal.
305 2831 390 2855 cxvtt,
421 2824 465 2851 24.
503 2824 526 2840 ⁶⁹
546 2823 615 2851 Psal.
632 2832 690 2856 cut.
706 2824 752 2852 23.
791 2825 814 2841 '°
835 2824 914 2853 Joan.
930 2832 967 2857 lx,
988 2826 1014 2853 «ί.
1051 2825 1072 2841 ⁷¹
1087 2823 1218 2856 Joatt-xtt,
1234 2824 1278 2852 5‘5.

143 2865 185 2892 ιιι,
205 2858 246 2885 ιο.
284 2858 307 2875 ’⁵
331 2858 381 2886 lsa.
403 2866 496 2891 iuvui,
514 2858 554 2886 i7.

984 2262 1186 2286 sacramentum
1208 2266 1255 2294 per
1281 2263 1366 2286 semet
1384 2267 1500 2294 purgare
1517 2267 1546 2286 Si)
1570 2263 1707 2294 oportere,
1734 2266 1766 2284 ex

983 2303 1064 2331 dictis
1079 2304 1162 2339 liquet
1179 2312 1186 2331 :
1203 2304 1275 2338 quod
1292 2312 1343 2331 nott
1360 2303 1498 2331 inferioris
1515 2303 1605 2337 modo,
1622 2302 1668 2331 sed
1683 2304 1764 2331 etiam

982 2351 1144 2384 potentioris
1159 2350 1279 2385 mysterii
1308 2355 1382 2382 esse,
1407 2349 1471 2376 inde
1495 2354 1616 2385 apparet.
1643 2349 1764 2376 Primum

980 2397 1064 2429 enim,
1080 2397 1102 2423 si
1120 2395 1280 2423 melioribus
1296 2395 1368 2423 Deus
1388 2395 1491 2429 majora
1510 2396 1602 2427 donat,
1621 2395 1667 2431 qui
1684 2397 1766 2423 misc-

980 2441 1129 2470 ricordiam
1143 2441 1374 2476 statuit,etjuxta
1391 2440 1551 2476 prophetam
1561 2441 1584 2457 "
1601 2442 1628 2468 in
1644 2441 1765 2476 pondere

980 2493 1007 2516 et
1033 2488 1140 2524 justitia
1165 2488 1256 2516 omnia
1285 2487 1359 2520 facit,
1380 2487 1465 2515 multo
1496 2487 1582 2523 magis
1608 2487 1766 2515 melioribus

982 2535 1071 2566 nobis,
1088 2539 1183 2569 utpote
1207 2533 1263 2568 jam
1281 2541 1329 2569 per
1346 2538 1518 2561 sacramenta
1534 2533 1658 2566 initiatis,
1683 2538 1709 2560 et
1730 2534 1766 2560 ob

980 2581 1108 2608 virtutem
1138 2579 1195 2614 jam
1227 2579 1338 2607 luctatis
1370 2579 1517 2611 benefacit,
1546 2587 1626 2614 quam
1651 2586 1765 2614 prorsus

980 2634 1036 2667 non
1059 2626 1171 2654 ablutis.
1189 2625 1363 2660 Relinquitur
1378 2633 1444 2660 ergo
1460 2629 1487 2653 et
1505 2625 1620 2659 gratiam
1640 2624 1711 2652 hanc
1726 2624 1764 2652 illi

981 2679 1134 2708 praestare,
1164 2677 1192 2700 et
1229 2672 1351 2700 initiatos
1382 2672 1460 2698 donis
1492 2670 1621 2698 secundis
1654 2671 1764 2698 meliora

982 2717 1138 2754 consequi.‘
1149 2717 1196 2745 Est
1222 2721 1313 2745 autent
1338 2716 1404 2744 illttd
1433 2717 1579 2752 baptisma,
1607 2717 1659 2743 hoc
1686 2723 1765 2745 t-(Bna

981 2773 1069 2796 sacra.
1087 2771 1169 2800 quam
1185 2768 1260 2792 tanto
1277 2762 1467 2799 perfectioretn
1482 2763 1642 2790 existimare
1664 2770 1766 2790 conve-

1317 2823 1340 2839 "
1354 2822 1435 2851 Joan.
1456 2821 1551 2854 “,27.
1590 2821 1613 2838 "
1626 2821 1647 2850 ll
1664 2819 1762 2849 Thess.
