1967 3071
201 152 255 183 607

811 148 966 179 NICOLAI
982 148 1178 178 CABASILAI

1759 143 1814 174 608

203 207 254 237 nit.
271 209 374 241 quanto
391 213 451 233 eam
476 204 552 231 obire
570 203 722 230 valentibus
749 203 852 234 maiore
882 210 1001 236 pra-pa:

1054 212 1152 236 ετισμα,
1179 202 1259 229 τοῦτο
1282 200 1310 228 δὲ
1342 202 1372 228 τὸ
1396 202 1504 229 δεῖπνον
1526 201 1556 228 τὸ
1571 201 1651 236 ἱερὸν,
1677 200 1692 227 δ
1706 201 1818 227 τοσοῦτο

202 252 308 280 ratione
333 259 402 286 opus
425 254 476 277 est.
495 249 569 275 llaud
596 249 667 275 enim
685 256 794 283 aequum
812 253 864 282 est,
892 250 982 284 majus

203 297 303 325 volenti
323 297 441 327 cuilibet,
463 296 553 322 minus
569 303 616 330 per
642 296 790 322 certamina
817 301 864 323 aut
891 303 984 322 sacra-

205 340 295 369 menta
328 341 449 377 purgatis
487 341 643 375 contingere
676 349 683 367 :
713 341 778 376 quin
814 340 982 368 contrarium

204 389 295 423 potius
322 389 384 414 hinc
410 386 565 422 conjectare
593 386 633 413 fas
661 391 712 418 est,
740 392 890 421 putareque
920 385 985 412 illud

205 442 264 461 esse
290 433 459 468 perfectius.
489 432 561 466 quod
594 432 644 459 nisi
673 432 765 460 multis
791 437 818 459 et
845 431 987 466 generosis

205 480 344 507 laboribus
357 487 411 506 non
425 479 535 506 emitur.

1035 249 1196 283 τελεώτερον
1212 248 1338 282 ἡγεῖσθαι
1368 250 1517 283 προσῆκεν,
1538 247 1592 282 ὅσῳ
1629 247 1752 282 μείζονος
1777 247 1820 273 δεῖ

1036 296 1092 322 τοῖς
1106 295 1267 329 προσελθεῖν
1299 294 1472 328 βουλομένοις
1489 293 1679 328 παρασκευῆς.
1700 293 1739 318 Οὐ
1764 293 1820 326 γὰρ

1037 341 1120 372 εἰκὸς,
1136 340 1167 366 τὸ
1181 339 1275 374 μεῖζον
1292 341 1340 374 μὲν
1361 341 1416 371 τοῖς
1435 339 1607 374 βουλομένοις
1624 338 1721 368 ἀπασι.
1737 337 1768 364 τὸ
1797 338 1821 364 δ’

1040 386 1149 413 ἔλαττον
1175 388 1230 417 τοῖς
1257 387 1361 420 ἀγῶσιν
1390 386 1407 419 ἢ
1433 386 1596 420 μυστηρίοις
1619 384 1822 419 καθηραμένοις

1040 433 1140 466 ἐξεῖναι
1158 441 1164 458 τ
1180 433 1337 459 τούναντίον
1349 432 1399 466 μὶν
1417 431 1463 457 οὖν
1484 431 1607 457 ἐντεῦθεν
1624 430 1734 463 εὔλογον
1757 438 1822 456 τεκ-

1044 478 1192 513 μαίρεσθαι
1211 479 1259 505 καὶ
1276 478 1441 513 τελεώτερον
1459 477 1530 511 ἔχειν
1562 477 1652 504 ἐκεῖνο
1663 476 1795 510 νομίζειν,
1809 474 1823 500 ὃ

207 527 244 559 μὴ
275 526 379 552 πολλῶν
410 525 498 559 ἔργων
524 523 571 550 καὶ
600 524 732 557 γενναίων
749 524 799 551 οὐκ
823 525 897 551 ἐστιν
912 524 1083 558 ὠνήσασθαι.

244 571 343 599 Deinde
365 576 390 599 et
406 572 457 599 hoc
479 571 632 604 sciendum,
649 572 800 602 Chrisuun,
820 572 866 604 qui
884 572 987 605 praebet

206 618 330 652 epulum.
354 618 514 645 certaminis
539 618 624 645 nostri
649 618 752 644 socium
783 622 810 644 et
836 617 988 649 adjutorem

206 671 278 690 esse.
294 663 411 698 Adjutor
423 668 512 691 autem
529 671 640 690 manum
669 663 784 697 porrigit
807 671 859 690 non
874 663 989 698 jacenti-

208 709 271 739 bus.
290 716 343 736 non
362 709 565 744 aegrotantibus.
591 708 638 736 sed
666 716 679 735 a
705 708 803 735 robore
830 713 857 736 et
875 708 988 735 audacia

209 755 307 785 ﬁrmis.
324 759 352 782 et
367 755 499 782 adversus
513 755 700 782 adversarium
716 754 839 781 animose
869 755 992 788 beneque

209 801 415 827 dimicantibus.
430 802 491 835 ipse
513 800 584 827 enim
602 800 728 827 Christus
755 800 833 827 nobis
862 808 990 834 operans,

211 846 237 872 in
276 853 440 880 unoquoque
471 850 643 872 sacramento
674 846 765 873 omnia
799 846 847 877 lit,
879 846 991 880 plastes,

1081 572 1198 598 Ἔπειτα
1209 572 1320 598 κάκεῖνο
1332 570 1385 605 χρὴ
1399 569 1526 602 συνιδεῖν,
1551 570 1592 596 ὅτι
1620 569 1825 603 συναγωνιστὴς

1043 620 1116 645 ἐστιν
1131 619 1198 653 ἡμῖν
1212 619 1225 644 ὁ
1252 617 1370 652 Χριστὸς
1385 617 1508 651 εὐωχῶν,
1534 617 1551 642 ὁ
1570 616 1599 642 δὲ
1621 616 1826 650 συναγωνιστὴς

1044 665 1122 699 χεῖρα
1131 664 1237 690 δίδωσιν
1253 664 1284 691 οὗ
1298 664 1436 699 κειμένοις
1449 664 1512 691 οὐδὲ
1525 663 1659 694 νοσοῦσιν,
1678 663 1748 690 ἀλλά
1774 663 1827 698 ῥώ-
1842 665 1846 669 “

1046 719 1099 744 μης
1117 711 1165 745 μὲν
1181 710 1227 737 καὶ
1239 710 1340 746 τόλμης
1355 711 1463 744 ἔχουσιν
1482 708 1524 740 εὖ,
1537 710 1606 745 πρὸς
1619 710 1647 736 δὲ
1674 710 1720 736 τὸν
1743 710 1827 736 ἀντα-

1044 757 1180 791 γωνιστὴν
1207 757 1339 788 γενναίως
1357 757 1405 783 καὶ
1419 755 1511 787 καλῶς
1543 754 1711 790 ἱσταμένοις.
1740 756 1826 787 Αὖτδς

1044 802 1098 836 γὰρ
1111 802 1177 837 ἡμῖν
1188 802 1202 828 6
1214 802 1331 836 Χριστὸς
1341 801 1461 835 ἱνεργῶν
1478 802 1507 828 ὲν
1521 801 1628 836 ἑκάστῳ
1644 802 1698 828 τῶν
1723 809 1828 836 μυττηο

1046 847 1113 882 ρίων
1130 847 1215 874 πάντα
1229 847 1345 880 γίνεται,
1367 847 1501 881 πλάστης,
1529 847 1672 880 ἀλείπτης,
1701 855 1826 879 συναγω-

211 893 319 926 aliptes,
346 891 504 926 opitulator,
533 896 560 918 et
587 892 710 924 abluens,
727 896 752 918 et
769 899 883 926 ungens.
899 896 925 918 et
942 899 994 918 nu-

1054 892 1149 926 ηστὴξ,
1168 892 1198 918 τὸ
1217 893 1266 927 μὲν
1279 892 1375 925 λούων,
1395 892 1463 918 τὸδὲ
1481 891 1576 926 χρίων,
1600 892 1631 918 τὸ
1657 891 1685 918 δὲ
1707 892 1828 927 τρέφων.

211 938 308 965 triens.
334 937 371 964 lbi
389 938 461 965 enim
481 945 495 965 a
519 938 654 972 principio
673 939 795 966 membra
825 938 995 971 fabricatur;

212 983 257 1010 hic
289 984 385 1017 spiritu
418 983 604 1016 corroborat;
637 984 663 1010 in
699 991 792 1011 mensa
825 991 889 1010 vero
923 985 998 1010 adest

213 1029 341 1062 pr'rfv‘cte,
363 1033 389 1055 ct
413 1036 465 1054 una
480 1033 616 1055 certamen
642 1028 771 1055 sustinet.
790 1027 932 1054 Defunctis
952 1027 998 1054 de-

213 1083 288 1102 mum
307 1075 455 1101 certamine
479 1079 636 1101 munerator
657 1073 718 1105 erit,
735 1078 763 1101 et
789 1073 891 1100 sanctis
915 1073 997 1107 judcx

215 1121 319 1148 sedebit
337 1121 472 1153 laborum,
499 1128 615 1154 quorum
634 1119 690 1152 ipse
719 1126 781 1153 pars
811 1127 909 1152 magna
936 1118 997 1145 fuit.

215 1168 316 1195 Adiuro
343 1175 403 1194 cum
433 1166 553 1193 victores
581 1166 718 1201 redimere
744 1165 897 1199 oportebit,
927 1165 997 1191 idem

216 1221 324 1248 quoque
338 1220 438 1239 corona
454 1212 515 1239 erit.
532 1211 571 1238 Ad
589 1218 689 1245 agones
704 1211 786 1246 igitur
803 1218 852 1244 pro
876 1210 999 1244 philoso-

218 1259 281 1294 pliia
300 1258 451 1289 audendos,
470 1262 496 1284 et
507 1256 540 1284 ad
557 1257 744 1283 excellentiam
764 1255 998 1289 consequendam.

220 1307 324 1339 ﬁngens
351 1308 377 1330 et
402 1310 505 1337 ungens
522 1302 628 1329 confert
652 1302 743 1328 omnia
770 1301 852 1328 simul
879 1306 998 1333 certans,

218 1357 274 1377 nun
297 1349 389 1376 omnia
409 1357 416 1375 ι
434 1352 461 1375 et
477 1352 598 1382 tempore
616 1346 726 1381 quidem
744 1347 903 1374 certaminis
918 1347 1000 1374 nihil.

218 1395 275 1423 Nec
303 1395 375 1422 enim
397 1394 508 1428 aliptem
537 1399 565 1421 et
593 1393 696 1428 plasten
722 1393 825 1420 licitum
850 1394 998 1428 quidquam

221 1441 438 1476 praetermittere,
465 1447 526 1475 quae
552 1439 680 1466 athletam
699 1447 795 1474 parare
811 1447 841 1466 ac
858 1439 1001 1474 disponere

220 1491 345 1522 possunt,
381 1493 469 1521 neque
498 1485 710 1513 commilitonem
744 1485 899 1512 communis
930 1485 1001 1512 ratio

222 1533 290 1561 sinit
307 1533 332 1560 in
354 1539 383 1560 se
400 1532 491 1559 omnia
510 1531 641 1566 recipere,
665 1535 692 1559 et
707 1531 791 1558 alium
810 1530 918 1565 quidem
936 1531 1002 1558 deli-

221 1579 279 1606 cias
308 1579 397 1606 facere
421 1577 535 1612 perpeti.
568 1577 656 1611 ipsum
685 1577 774 1603 solum
800 1577 833 1603 ad
864 1567 1037 1603 certameuc

222 1625 343 1661 aggredi.
359 1624 439 1658 Atqui
457 1630 507 1650 nec
529 1623 618 1657 ipsum
643 1622 688 1657 qui
713 1622 869 1649 certaminis
892 1622 1002 1656 praemia

221 1671 360 1706 proponit.
390 1675 437 1697 aut
461 1665 508 1702 qui
535 1670 653 1704 ipsemet
684 1676 786 1696 corona
820 1674 872 1701 est,
904 1677 1004 1704 ungere

223 1722 382 1749 certatores,
398 1718 454 1749 aut:
468 1715 598 1748 formare,
626 1720 672 1742 aut
689 1715 787 1742 medici
813 1720 902 1744 partes
925 1723 1005 1744 aaere

223 1764 301 1791 decet
326 1772 332 1790 :
359 1770 408 1789 nec
432 1762 562 1793 victarim,
595 1766 642 1789 aut
670 1761 851 1794 fortitudinis,
883 1767 930 1789 aut
962 1771 1005 1789 ro-

223 1810 309 1843 boris,
332 1813 378 1836 aut
398 1809 504 1836 virtutis
526 1809 713 1843 cujuscunque
727 1808 839 1836 alterius
857 1809 1004 1844 quidquam

224 1857 335 1885 athletis
352 1847 508 1890 apponere:
528 1855 574 1882 sed
592 1855 681 1882 solutn
702 1862 762 1889 quae
777 1860 829 1887 est,
847 1860 874 1882 et
893 1855 1005 1889 enituit,

223 1911 283 1931 eam
300 1904 484 1930 condecorare
499 1909 589 1928 nosse.
606 1901 654 1928 Est
668 1907 758 1927 autem
778 1901 894 1929 fortibus
908 1902 1006 1929 melius

223 1949 372 1981 coronari,
407 1956 489 1983 quam
523 1948 653 1975 certando
684 1947 814 1979 vincere,
847 1952 875 1975 et
909 1949 1007 1976 melius

223 1998 342 2028 vincere,
358 2002 438 2030 quam
457 1995 568 2022 formari
584 1999 664 2029 atque
680 1995 754 2028 ungi.
781 1993 842 2020 Haec
862 1994 933 2021 enim
946 2002 1008 2029 pro-

223 2049 283 2078 pter
297 2043 438 2070 victoriam
456 2042 534 2073 llunt,
545 2041 659 2068 victoria
672 2045 783 2074 propter
805 2048 921 2068 coronas
932 2048 1007 2075 qua:-

225 2091 305 2117 ritur.
333 2088 410 2121 Quod
426 2088 448 2115 si
466 2089 516 2114 hoc
532 2087 638 2122 signum
654 2090 696 2113 est
709 2085 874 2120 imperfecta:
899 2086 1009 2114 inferio-

224 2137 318 2170 risque
339 2135 432 2166 sortis,
461 2141 515 2160 non
545 2141 577 2160 ex
606 2132 679 2159 omni
704 2137 781 2166 parte
810 2140 936 2166 purgare.
960 2140 1010 2160 nec

225 2189 378 2218 praeparare
393 2188 425 2207 ac
436 2180 546 2215 fingere,
569 2184 707 2206 extremus
722 2178 897 2205 beatitudinis
915 2179 1010 2205 termi-

225 2237 278 2257 nus
288 2229 377 2255 minus
390 2227 423 2255 ad
436 2226 589 2253 felicitatem
601 2224 701 2251 valeret
714 2232 720 2250 :
732 2228 806 2258 puta,
818 2223 872 2250 Deo
880 2230 1009 2250 coronauo

1055 938 1127 964 Ἐκεῖ
1146 937 1194 972 μὲν
1213 937 1267 973 γὰρ
1283 937 1313 970 ἐξ
1333 938 1420 973 ἀρχῆς
1440 938 1474 964 τὰ
1495 937 1561 972 μέλη
1586 937 1759 972 δημιουργεῖ,
1784 939 1829 964 ὲν-

1047 984 1132 1010 ταῦθα
1144 984 1172 1011 δὲ
1183 984 1222 1020 τῷ
1237 984 1373 1016 πνεύματι
1392 984 1536 1019 ρὠνυσιν,
1557 985 1604 1012 ἐπὶ
1617 985 1644 1011 δὲ
1659 986 1709 1020 τῆς
1726 986 1829 1019 τραπέ-

1047 1030 1097 1065 ζης
1109 1031 1233 1057 σύνεστιν
1250 1030 1372 1065 ἀκριϐῶς
1400 1031 1447 1057 καὶ
1462 1031 1634 1065 συνδιαφὲρει
1657 1032 1701 1057 τδν
1736 1029 1828 1062 ἆθλον,

1049 1076 1118 1111 μετὰ
1131 1076 1159 1103 δὲ
1177 1075 1226 1111 τὴν
1250 1076 1411 1110 ἀπαλλαγὴν
1429 1076 1574 1110 ἀθλοθέτης
1597 1076 1673 1102 ἔσται
1696 1077 1742 1102 καὶ
1766 1076 1831 1102 καϐ-

1047 1123 1147 1149 εδεῖται
1160 1123 1215 1153 τοῖς
1230 1122 1318 1155 ἁγίοις
1330 1121 1428 1156 κριτὴς
1459 1118 1496 1147 ὧν
1523 1121 1686 1155 ἐκοινώνησε
1721 1121 1811 1147 πόνων
1822 1129 1830 1137 ο

1048 1166 1107 1195 εἶτα
1128 1168 1175 1194 καὶ
1195 1168 1270 1202 νίκη.
1287 1168 1349 1199 τοὺς
1365 1167 1609 1201 ἀποδεδειγμένους
1624 1167 1755 1200 ἀναδῆσαι
1767 1167 1832 1200 δεῆ-

1050 1223 1109 1246 σαν,
1125 1213 1172 1240 καὶ
1198 1212 1330 1246 στέφανός
1361 1212 1460 1238 ἐστινὸ
1477 1211 1567 1243 αὐτός.
1595 1211 1666 1246 Πρὸς
1686 1212 1776 1238 τοίνυν
1802 1212 1833 1237 τὸ

1050 1258 1188 1294 θαρρῆσαι
1201 1258 1266 1289 τοὺς
1282 1258 1350 1292 ὑπὲρ
1363 1257 1523 1291 φιλοσοφίας
1538 1256 1648 1290 ἀγῶνας
1662 1257 1709 1283 καὶ
1727 1257 1833 1290 διενεγ-

1050 1306 1109 1332 κεῖν
1131 1304 1290 1339 δυνηθῆναι,
1306 1300 1435 1329 πλάττων
1459 1303 1508 1337 μὲν
1538 1302 1585 1328 καὶ
1611 1301 1729 1336 ἀλείφων
1745 1303 1833 1328 πάντα

1050 1351 1152 1382 δίδωσι,
1178 1349 1431 1384 συναγωνιζόμενος
1448 1348 1478 1374 δὲ
1505 1348 1536 1374 οὐ
1548 1348 1647 1381 πάντα,
1673 1349 1719 1374 ἐπὶ
1735 1347 1764 1374 δὲ
1784 1348 1833 1375 τοῦ

1051 1396 1148 1431 καιροῦ
1165 1396 1218 1423 τῶν
1234 1396 1322 1422 ἄθλων
1334 1395 1421 1422 οὐδὲν.
1452 1393 1522 1420 Οὔτε
1545 1393 1599 1428 γὰρ
1623 1393 1670 1420 τὸν
1699 1393 1835 1429 ἀλείπτην

1052 1443 1098 1469 καὶ
1111 1442 1235 1476 πλάστην
1254 1440 1366 1474 εὔλογον
1388 1441 1554 1474 παραλιπεῖν
1566 1449 1592 1467 τι
1618 1440 1674 1467 τῶν
1701 1441 1835 1467 διαθεῖναι

1052 1488 1097 1515 τὸν
1114 1487 1270 1523 ἀγωνιστὴν
1289 1486 1456 1522 δυναμένων,
1478 1487 1541 1513 οὔτε
1564 1487 1611 1514 τὸν
1632 1487 1836 1521 συναγωνιστὴν

1052 1534 1066 1561 ὁ
1079 1533 1126 1560 τοῦ
1144 1532 1274 1560 κοινωνοῦ
1288 1532 1379 1559 δίδωσι
1395 1532 1474 1566 λόγος
1487 1533 1528 1564 είς
1547 1532 1643 1559 ἑαυτὸν
1658 1533 1688 1559 τὸ
1704 1534 1759 1559 πᾶν
1783 1534 1830 1560 ἀν.
1854 1568 1856 1570 _

1056 1579 1173 1611 ελέσθαι,
1185 1579 1233 1606 καὶ
1261 1579 1308 1605 τὺν
1323 1579 1373 1614 μὲν
1390 1578 1547 1612 ἐπιτρέπειν
1562 1579 1678 1614 τρυφᾷν,
1703 1579 1783 1605 αὑτὸν
1807 1579 1836 1606 δὲ

1057 1625 1138 1660 μόνον
1150 1624 1324 1656 ἀποδύεσθαι,
1343 1624 1390 1651 καὶ
1404 1623 1459 1659 μὴν
1472 1624 1531 1650 οὐδὲ
1540 1624 1586 1650 τὸν
1600 1623 1747 1659 ἀθλοθετην
1761 1625 1777 1659 ἢ
1793 1625 1837 1652 τὸν

1058 1672 1191 1705 στέφανον
1205 1671 1286 1698 αὑτὸν
1295 1671 1415 1704 ἀλείφειν
1430 1671 1513 1702 είκδς,
1529 1671 1545 1706 ἢ
1562 1670 1701 1699 πλάττειν.
1714 1671 1730 1705 ἢ
1744 1671 1778 1697 τά
1789 1672 1836 1698 τοῦ

1059 1717 1150 1750 ίατροῦ
1168 1718 1266 1748 ποιεῖν,
1286 1717 1346 1743 οὐδέ
1358 1726 1384 1743 τι
1398 1717 1572 1752 προστιθέναι
1588 1717 1667 1751 νίκης
1682 1717 1697 1751 ἢ
1712 1717 1837 1751 ἀνδρείας

1058 1764 1178 1799 ἣρώμης
1195 1764 1211 1798 ἢ
1226 1764 1324 1798 ἀρετῆς
1343 1762 1501 1798 ἡστινοσοῦν
1522 1763 1605 1797 ἄλλης
1627 1764 1684 1793 τοῖς
1696 1763 1838 1798 ἀθληταῖς,

1059 1808 1126 1835 ἀλλὰ
1135 1809 1184 1843 τὴν
1199 1806 1280 1836 οὖσαν
1299 1809 1378 1842 μόνον
1403 1808 1451 1834 καὶ⁴
1472 1809 1605 1842 φανεῖσαν
1623 1809 1736 1842 ειδέναι,
1775 1818 1839 1835 κοσ-

1061 1855 1131 1889 μεῖν.
1147 1855 1224 1880 Ἐστι
1238 1854 1267 1880 δὲ
1281 1855 1337 1885 τοῖς
1351 1853 1509 1888 ἀριστεῦσιν
1525 1853 1637 1888 ἄμεινον
1657 1854 1707 1888 μὲν
1728 1855 1757 1880 τὺ
1778 1863 1840 1881 στε-

1060 1899 1210 1935 φανοῦσθαι
1226 1900 1272 1926 τοῦ
1288 1900 1367 1934 νικᾷν
1383 1900 1614 1934 ἀγωνιζομένους,
1638 1899 1750 1934 ἄμεινον
1766 1899 1795 1925 δὲ
1811 1900 1841 1926 τὸ

1059 1946 1171 1981 νικητὰς
1189 1943 1260 1972 εἶναι
1277 1945 1324 1972 τοῦ
1342 1945 1507 1972 πλάττεσθαι
1523 1953 1532 1961 ο
1558 1946 1589 1971 τὸ
1618 1945 1669 1980 μὲν
1688 1945 1743 1979 γὰρ
1771 1946 1841 1981 ὑπὲρ

1060 1992 1106 2018 τοῦ
1121 1992 1210 2026 νικᾷν,
1225 1991 1242 2026 ἡ
1255 1991 1317 2025 νίκη
1333 1991 1360 2016 δὲ
1372 1989 1427 2016 τῶν
1442 1990 1583 2023 στεφάνων
1597 1990 1679 2017 ἕνεκα
1696 1999 1703 2007 ·
1735 1991 1794 2017 ἀλλ’
1817 1993 1841 2018 si

1061 2037 1139 2064 τοῦτο
1155 2037 1267 2072 σημεῖον
1283 2034 1316 2071 ἦν
1330 2036 1441 2067 ἀτελοῦς
1459 2036 1506 2063 καὶ
1534 2036 1585 2069 τῆς
1609 2036 1753 2068 ἐλάσσονος
1784 2038 1844 2071 μοί-

1063 2092 1123 2119 ρας,
1140 2083 1170 2110 τδ
1183 2084 1220 2118 μὴ
1242 2083 1329 2117 πάντη
1357 2083 1500 2118 καθαίρειν
1523 2082 1590 2117 μηδὲ
1618 2084 1843 2117 παρασκευάζειν

1061 2129 1109 2155 καὶ
1123 2129 1260 2160 πλάττειν,
1272 2125 1353 2162 ἦττον
1367 2127 1400 2154 ἂν
1413 2125 1447 2163 ἦν
1463 2128 1502 2159 εις
1523 2127 1696 2161 εὐδαιμονίαν
1710 2128 1724 2154 ὀ
1749 2129 1844 2154 τελευ-

1061 2176 1138 2206 ταῖος
1149 2174 1200 2209 τῆς
1215 2174 1416 2209 μακαριότητος
1431 2174 1505 2207 ὄρος.
1527 2174 1606 2207 Λέγω
1634 2173 1666 2208 δὴ
1693 2174 1723 2200 τὸ
1750 2176 1845 2209 τυχεῖν

1062 2219 1131 2247 Θεοῦ
1148 2220 1344 2253 στεφανοῦντος
1355 2218 1402 2245 τοῦ
1422 2218 1491 2252 μετά
1515 2219 1776 2254 παραπετασμάτων
1800 2220 1846 2246 ἐπὶ

226 2281 252 2303 te
264 2274 353 2309 potiri,
365 2277 391 2299 et
403 2273 452 2299 sub
474 2271 606 2298 velamine
619 2270 646 2297 in
671 2277 748 2297 sacra
761 2277 852 2296 mensa
877 2268 936 2303 ejus
952 2276 1000 2303 par

1064 2267 1114 2300 τῆς
1126 2265 1264 2300 τραπέζης
1280 2264 1361 2291 αὑτοῦ
1379 2263 1512 2299 μετέχειν,
1526 2263 1563 2294 ὠς
1581 2263 1629 2298 τῆς
1643 2263 1691 2297 μὲν
1704 2264 1847 2298 τραπέζης

227 2322 334 2355 ticipem
351 2319 420 2351 fieri,
445 2317 523 2352 quasi
537 2324 629 2344 mensa
638 2320 666 2343 et
678 2315 902 2350 praeparationem
912 2322 1007 2349 quam-

226 2368 298 2398 dam,
309 2369 337 2393 et
351 2363 536 2399 purgationem
553 2361 675 2391 haberet.
697 2367 860 2387 coronarum
885 2367 949 2386 vero
974 2366 1008 2386 ex

226 2413 269 2440 bis
287 2416 424 2438 neutrum.
440 2408 504 2440 Qum
519 2415 581 2434 cum
598 2407 634 2434 ita
647 2406 711 2438 sint,
731 2405 882 2432 utirandum
892 2413 946 2431 non
957 2409 1009 2437 est.

227 2459 250 2486 si
271 2463 356 2484 cinna!
389 2444 558 2489 mysterium,
577 2452 706 2488 quamvis
732 2451 889 2486 perfectius,
918 2451 1010 2478 minus

227 2511 317 2531 tamen
334 2505 441 2536 purget.
457 2500 571 2533 insuper
586 2499 666 2525 etiam
681 2497 821 2532 praemium
834 2501 875 2524 est
887 2497 939 2523 hoc
964 2496 1014 2523 do-

229 2557 305 2577 num.
323 2546 483 2581 Hujusmodi
515 2550 607 2572 autem
629 2544 740 2578 praemia
763 2551 818 2571 non
846 2544 1016 2570 constituunt

229 2603 317 2630 neque
329 2594 431 2621 faciunt
444 2591 623 2622 fortissimos.
633 2589 679 2617 sed
693 2589 843 2617 ostendunt
867 2593 895 2616 et
907 2593 1016 2615 ornant.

229 2643 288 2672 Non
303 2642 374 2671 enim
392 2641 418 2668 in
429 2646 506 2667 ccena
522 2637 647 2673 purgatio
677 2640 783 2662 tantum
805 2641 834 2662 et
861 2634 1016 2664 auxiliator,

230 2691 277 2719 sed
293 2695 320 2717 ct
332 2688 471 2724 praemium
485 2689 528 2712 est
539 2684 675 2714 Christus,
687 2682 758 2716 quod
773 2681 923 2708 certamine
953 2687 1013 2714 per-

231 2737 332 2764 functis
356 2732 551 2768 reportandum
566 2733 619 2757 est.
634 2729 704 2762 Quid
731 2729 803 2754 enim
824 2727 896 2754 aliud
914 2725 1014 2753 sanctis

231 2789 281 2817 pro
297 2780 436 2807 laboribus
454 2779 479 2805 in
493 2777 544 2804 hoc
556 2782 613 2803 aevo
629 2773 750 2802 toleratis
762 2772 871 2807 dignius
884 2771 1015 2817 rependa—

232 2815 288 2858 tur,
301 2833 381 2860 quam
398 2824 537 2852 Christum
547 2821 670 2855 accipere
693 2822 720 2846 et
747 2826 808 2846 cum
836 2825 869 2845 eo
896 2824 967 2849 esse,
983 2815 1017 2843 Et

234 2873 335 2901 Paulus
346 2870 551 2906 einigrationcm
566 2871 629 2904 post
639 2872 750 2895 cursum
763 2865 841 2893 illum
862 2863 888 2891 in
900 2863 951 2891 hoc
971 2870 1018 2890 ex-

1058 2313 1106 2339 καὶ
1117 2311 1295 2347 παρασκευὴν
1320 2310 1436 2344 ἐχούσης
1461 2310 1522 2335 τινὰ
1552 2308 1599 2335 καὶ
1623 2309 1767 2343 κάθαρσιν,
1792 2310 1848 2336 τῶν

1059 2358 1198 2392 στεφάνων
1212 2357 1240 2384 δὲ
1263 2356 1364 2383 τούτων
1379 2356 1530 2389 οὐδέτερον.
1555 2356 1604 2381 Διά
1625 2355 1709 2381 ταῦτα
1733 2355 1764 2380 οὑ
1795 2355 1849 2390 χρὴ

1060 2401 1220 2437 Θαυμάζειν,
1230 2402 1253 2427 εί
1264 2401 1430 2434 τελειότερον
1444 2399 1472 2426 ὃν
1486 2400 1633 2434 μυστήριον
1644 2398 1673 2425 τὺ
1681 2399 1790 2425 δεῖπνον
1801 2397 1850 2435 ἧτ-

1061 2459 1107 2478 τον
1121 2447 1173 2476 οῐδε
1192 2448 1346 2482 καθαίρειν,
1358 2447 1445 2476 ἄλλως
1464 2453 1494 2470 τε
1517 2445 1585 2478 πρὸς
1610 2445 1666 2475 τοῖς
1692 2444 1850 2478 εἰρημένοις

1066 2495 1112 2523 καὶ
1120 2492 1201 2521 ἆθλόν
1216 2493 1274 2519 ἐστι
1286 2491 1361 2517 τουτὶ
1375 2491 1405 2516 τὸ
1415 2490 1500 2524 δῶρον
1510 2497 1516 2504 ·
1531 2489 1652 2515 τοιοῦτον
1665 2489 1693 2515 δὲ
1705 2488 1735 2514 τὸ
1753 2488 1850 2522 χρῆμα

1066 2540 1121 2567 τῶν
1137 2539 1225 2567 ἄθλων
1236 2538 1266 2564 οὐ
1285 2537 1448 2570 καθίστησιν
1460 2534 1521 2561 οὐδὲ
1537 2533 1686 2568 ἐργάζεται
1697 2534 1760 2564 τοὺς
1783 2534 1847 2568 ἀρί-

1066 2594 1155 2617 στους,
1170 2583 1228 2611 ἀλλ’
1239 2581 1415 2610 ἀναδείκνυσι
1444 2580 1491 2607 καὶ
1513 2580 1621 2614 κοσμεῖ,
1641 2579 1678 2605 Οὐ
1710 2579 1764 2613 γὰρ
1781 2579 1851 2605 καϐ-

1066 2631 1162 2666 άρσιον
1185 2630 1214 2656 ὲν
1239 2628 1278 2663 τῷ
1309 2628 1410 2661 δείπνῳ
1435 2626 1483 2652 καὶ
1514 2624 1719 2659 συναγωνιστὴς
1755 2625 1848 2659 μόνον,

1068 2677 1135 2704 ἀλλὰ
1154 2675 1201 2702 καὶ
1215 2675 1299 2709 γέρας
1314 2674 1386 2700 ἐστὶν
1406 2673 1420 2698 ὁ
1433 2672 1561 2707 Χριστδς,
1576 2671 1589 2697 ὃ
1603 2672 1643 2697 δεῖ
1661 2671 1753 2697 λαϐεῖν
1773 2671 1849 2704 ἀγωι

1067 2723 1229 2757 νισαμένους
1248 2729 1255 2736 ·
1270 2720 1297 2747 τί
1307 2720 1361 2754 γὰρ
1377 2720 1441 2747 ἀλλο
1460 2719 1516 2749 τοῖς
1536 2718 1682 2754 μακαρίοις
1712 2717 1773 2743 ἀντὶ
1797 2718 1852 2743 τῶν

1068 2767 1186 2795 ἐνταῦθα
1198 2767 1286 2793 πόνων
1301 2766 1318 2800 ἢ
1343 2765 1373 2792 τὸ
1397 2765 1490 2791 λαϐεῖν
1506 2764 1623 2800 Χριστὸν
1636 2764 1682 2791 καὶ
1707 2764 1825 2790 συνεῖναι
1843 2770 1850 2794 ;

1070 2815 1124 2841 Καὶ
1138 2813 1244 2844 Παῦλος
1264 2813 1332 2846 μετά
1351 2812 1398 2838 τὸν
1415 2812 1516 2845 δρόμον
1543 2811 1647 2837 ἐκεῖνον
1667 2809 1716 2844 τὴν
1742 2809 1850 2835 ἐνθένδε

1070 2860 1199 2888 ἀνάλυσιν
1208 2859 1248 2890 εἰς
1258 2857 1337 2885 τοῦτο
1354 2857 1450 2894 λήγειν
1469 2856 1581 2892 ἔσχατον
1600 2856 1652 2891 ἔφη
1668 2855 1715 2883 τδν
1723 2854 1771 2882 τοῦ
1787 2854 1852 2890 Χρι-
