1967 3071
152 131 205 166 CO9

671 135 720 165 DE
738 137 828 167 VITA
848 136 885 166 1N
902 138 1066 169 Cl‘lRISTO
1084 138 1157 168 LIB.
1178 137 1228 169 IV.

1716 140 1770 171 6l0

152 191 216 219 στοῦ
241 190 387 218 συνουσίαν
401 199 409 207 ·
431 200 441 218 ‹
460 190 603 219 ’Δναλῦσαι
617 182 690 227 γὰρ’,
710 193 791 228 φησὶ,
819 193 866 219 καὶ
879 195 927 220 σὺν

986 197 1098 220 tremum
1106 193 1230 221 desinere
1247 193 1294 226 ait,
1308 200 1404 228 nempe
1419 200 1480 220 cum
1507 193 1616 222 Christo
1624 195 1715 223 vivere
1740 201 1767 224 et

151 238 260 273 Χριστῷ
272 236 340 264 εἶναι
353 238 442 272 πολλῷ
455 238 556 273 μᾶλλον
572 239 711 273 κρεῖσσον·
725 248 736 265 ›
751 238 831 266 τοῦτο
851 238 879 265 δὲ
900 238 930 264 τδ

151 284 200 319 τῆς
217 284 359 318 τραπέζης
374 283 454 318 ἔργον
466 283 662 318 διαφερόντως.
675 284 706 311 Et
719 284 773 320 γὰρ
790 285 836 312 καὶ
857 284 933 320 παρὰ

151 330 206 360 τοῖς
217 329 308 361 ἄλλοις
334 330 494 365 μυστηρίοις
517 329 591 356 ἐστιν
603 331 696 365 εὑρεῖν
728 330 774 357 τὸν
801 331 930 365 Χριστὸν,

151 374 209 401 ἀλλ’
226 374 297 401 ὥστε
323 375 362 409 τῷ
391 375 484 401 λαϐεῖν
511 375 773 410 παρασκευασθῆναι
802 376 871 410 πρὸς
901 375 932 402 τὸ

151 419 297 454 δυνηθῆναι
314 421 443 453 συνεῖναι,
462 421 579 447 ἐνταῦθα
594 421 622 447 δὲ
636 421 708 448 ὥστε
730 421 783 457 ἤδη
801 421 931 457 καθαρῶς

152 465 243 491 λαὸεῖν
265 467 311 492 καὶ
324 467 443 493 συνεῖναι
455 475 463 482 ·
474 466 522 493 τοῦ
534 468 587 503 γὰρ
602 467 656 494 τῶν
667 467 754 495 ἄλλων
766 468 794 495 τὸ
807 467 836 494 ἓν
853 469 933 503 σῶμα

152 511 200 538 καὶ
211 511 239 538 ἓν
255 512 365 546 πνεῦμα
381 513 429 538 καὶ
443 513 472 539 τὺ
491 513 584 548 μένειν
601 513 650 548 μὲν
661 514 691 540 ὲν
705 513 791 549 αὐτῷ,
817 515 932 549 μένοντα

151 555 180 582 δὲ
196 556 268 591 ἔχειν
282 557 375 588 αὐτὸν,
395 557 465 592 ὑπὲρ
484 554 516 584 οὗ
533 558 604 584 δοκῶ
621 559 667 585 καὶ
699 558 818 593 Χριστὸς
851 559 934 592 αὐτὸς

152 600 202 635 τὴν
215 602 402 636 μακαριότητα
417 602 471 629 τῶν
485 603 596 630 δικαίων
609 603 716 630 δεῖπνον
739 602 809 631 είναί
838 613 933 640 φησιν,

153 646 233 673 αὑτὸν
243 647 303 681 ιχον
318 647 502 676 διακονοῦντα.

177 721 334 778 ἢοῦτωμὲν
349 733 395 763 οὖν
414 734 498 764 ἆθλόν
519 737 593 764 ἑστιν
615 738 630 764 ὁ
652 737 701 772 τῆς
732 737 807 772 ζωῆς
830 738 911 773 ἄρτος
925 745 934 754 ο

153 781 215 807 ἐπεὶ
241 781 270 808 δὲ
289 782 314 808 οἱ
347 782 427 809 τοῦτο
451 783 593 818 δεχόμενοι
603 783 634 810 τὸ
651 783 738 818 δῶρον
752 783 802 819 τὴν
826 784 878 819 γῆν
894 783 935 810 In

153 827 271 854 πατοῦσι
288 827 336 855 καὶ
347 828 528 864 ὁδοιποροῦσι,
546 830 593 856 καὶ
606 830 650 857 διὰ
659 829 739 856 τοῦτο
751 829 798 856 καὶ
817 830 937 862 κονίζον-

982 238 1095 265 versari.
1110 238 1255 272 «Dissolvi,
1273 238 1371 273 inquit,
1381 243 1480 265 etcum
1491 238 1599 266 Christo
1612 246 1682 272 esse,
1697 241 1769 267 mul-

982 287 1010 310 to
1024 283 1109 318 magis
1124 283 1220 310 melius
1233 283 1266 310 ".
1286 292 1295 308 ι
1315 283 1392 315 Quod
1406 283 1463 309 haec
1483 290 1575 309 mensa
1591 288 1701 318 prmstat
1728 285 1769 310 iu-

983 328 1105 361 signiler.
1120 327 1176 354 Etsi
1189 327 1260 354 enim
1274 327 1302 354 in
1316 328 1377 354 aliis
1390 334 1499 361 quoque
1515 327 1654 362 mysteriis
1670 327 1769 355 Chris»

982 377 1039 400 tum
1058 372 1179 399 invenire
1192 372 1263 404 licet,
1279 372 1327 400 sed
1345 377 1470 402 eatenus.
1487 377 1516 399 ut
1543 373 1768 406 praeparationem

983 418 1046 445 inde
1056 418 1186 450 feramus,
1198 426 1252 453 quo
1263 426 1323 446 cum
1336 426 1369 446 eo
1376 426 1437 446 esse
1448 419 1595 459 possimus.
1608 418 1656 445 Hic
1668 424 1769 449 autem.

984 465 1076 499 utjam
1091 472 1157 499 pure
1168 473 1229 492 eum
1258 465 1433 499 accipiamus,
1461 470 1487 492 et
1514 472 1576 492 cum
1606 464 1652 491 illo
1672 465 1769 491 siums.

984 507 1036 536 Ubi
1052 509 1123 535 enim
1141 508 1166 535 in
1179 509 1240 536 aliis
1261 509 1379 544 reperias
1394 516 1475 536 unum
1500 516 1598 543 corpus
1630 514 1657 536 et
1686 515 1772 536 unum"

984 552 1122 586 spiritum,
1134 557 1162 579 et
1177 561 1289 580 manere
1303 553 1330 580 in
1342 555 1412 588 ipso,
1426 559 1635 589 manantemque
1647 555 1768 582 vicissim

986 597 1087 625 habere
1108 598 1134 624 in
1149 598 1261 633 seipse?
1286 599 1399 634 Propter
1415 600 1478 633 hoc,
1495 605 1524 626 ut
1540 601 1667 632 arbitror,
1688 602 1768 629 etiam

984 642 1109 670 Christus
1123 643 1180 677 ipse
1198 643 1393 671 beatitudinem
1405 644 1541 679 jtlstorum
1568 652 1676 674 cumam
1700 654 1770 674 nun-

985 689 1104 723 cupavit,
1119 689 1145 715 in
1159 697 1212 724 qua
1223 689 1280 724 ipse
1296 690 1472 718 ministraret.

1021 734 1067 762 Sic
1079 734 1161 769 igitur
1175 735 1252 769 panis
1263 735 1325 762 vita:
1340 738 1478 771 praemium
1497 737 1685 771 est.Quoniam
1706 745 1770 766 vero

985 778 1084 806 donum
1099 780 1168 807 istuc
1183 781 1362 815 suscipientes
1375 787 1475 809 terram
1491 783 1581 811 adhuc
1608 785 1726 815 calcant,
1743 788 1771 811 et

988 829 1018 852 ut
1033 826 1150 853 viatores
1165 826 1275 861 pulvere
1297 828 1484 862 inquinamur,
1497 833 1524 856 et
1540 830 1656 864 pedibus
1681 829 1770 856 σπευ-

152 881 199 900 ται
209 875 255 901 καὶ
268 875 472 909 προσκόπτουσι
480 875 528 902 καὶ
538 875 646 911 λῃστῶν
669 875 804 903 δεδοίκασι
828 877 931 911 χεῖρας,

986 871 1062 904 dunt,
1077 877 1315 907 grassatorumque
1324 881 1421 901 manus
1447 875 1553 908 timent,
1567 882 1617 909 pro
1642 876 1769 910 praesenti

152 920 222 955 πρὸς
235 920 285 956 τὴν
308 920 452 956 παροῦσαν
478 922 572 957 χρείαν
592 922 685 953 αὐτοῖς
712 921 825 953 είκότως
853 921 934 955 ἀρκεῖ

152 965 198 991 καὶ
211 965 260 1000 τὴν
274 965 349 1000 ἰσχὺν
366 965 456 1001 ἀνέχει
472 966 518 994 καὶ
533 966 644 1002 ἡγεμών
667 967 782 994 ἐστικαὶ
793 966 931 1002 καθαίρει,

151 1010 205 1042 ἕως
216 1011 425 1044 καταλύσουσιν,
437 1009 468 1038 οὗ
487 1013 559 1039 κατὰ
573 1012 620 1039 τδν
637 1012 742 1048 Πέτρου
759 1013 839 1048 λόγον
850 1013 932 1040 καλὸν

151 1055 221 1082 εἶναι
237 1057 283 1083 τὸν
301 1057 455 1092 ἄνθρωπον,
472 1058 540 1084 ὅπου
553 1058 608 1085 τῶν
622 1058 710 1086 ἄλλων
736 1058 787 1094 μὲν
818 1059 932 1094 οὐδεμία

151 1103 240 1136 χώρα,
255 1102 284 1129 ὲν
297 1103 411 1138 καθαρῷ
430 1104 601 1138 πραγμάτων
610 1104 702 1139 χωρίῳ
719 1104 843 1139 μένουσιν
867 1105 930 1139 ἥδη,

153 1148 233 1182 μόνον
244 1147 272 1174 δὲ
283 1148 415 1183 στέφανός
440 1150 515 1176 ἐστιν
535 1149 627 1180 αὐτοῖς
654 1151 668 1176 ὁ
696 1149 813 1184 Χριστὸς
843 1151 932 1176 συνὼν

152 1192 291 1227 καθαρῶς.
309 1193 414 1221 Οῡκοῦν
432 1193 469 1225 ὡς
485 1194 534 1228 μὲν
549 1194 700 1230 καθάρσιον
708 1195 756 1222 καὶ
771 1195 840 1229 πρὸς
852 1195 932 1222 τοῦτο

153 1239 255 1274 συστᾷν
269 1239 299 1272 ἐξ
316 1240 404 1275 ἀρχῆς
416 1240 554 1274 μολυσμοῦ
583 1240 683 1271 παντὸς
704 1241 880 1274 ἀπαλλάττει,
894 1241 932 1273 ὼς
951 1255 963 1266 ο

151 1285 181 1311 δὲ
196 1286 323 1317 κοινωνὸς
337 1286 404 1320 ἡμῖν
418 1286 471 1312 τῶν
480 1286 605 1320 ἀγώνων,
622 1283 660 1313 ὧν
676 1286 789 1322 ἡγεμὼν
813 1287 930 1323 ὑπῆρξε,

153 1331 327 1365 πρωτότοκος
341 1333 382 1363 sic
394 1332 509 1363 τούτους
527 1333 736 1368 ἀποδυσάμενος
760 1333 837 1368 ἰσχὺν
861 1334 931 1361 κατὰ

151 1376 207 1402 τῶν
224 1376 416 1411 πολεμούντων
429 1377 548 1412 παρέχει
563 1385 571 1393 ·
596 1378 637 1405 ὅτι
661 1378 689 1405 δὲ
707 1379 755 1405 καὶ
770 1379 856 1413 γέρας
881 1380 932 1406 οὐκ

151 1420 218 1447 ἄνευ
237 1421 337 1454 πόνων,
352 1421 366 1448 ὃ
383 1422 474 1449 τοίνυν
487 1422 525 1454 ὡς
537 1421 620 1450 ἆθλον
631 1422 688 1458 ἔχει
702 1423 744 1449 τὸν
757 1423 865 1450 δεῖπνον
885 1424 932 1451 καὶ

150 1466 190 1497 ὡς
204 1466 305 1501 ισχάτη
321 1467 503 1502 μακαριότης,
527 1467 578 1494 τίν’
597 1467 654 1502 ιχιι
664 1467 753 1502 λόγον,
768 1468 807 1500 ῶς
829 1468 932 1496 ἐλάττω

149 1511 303 1545 δυναμένου
320 1512 457 1540 ποιεῖσθαι
471 1513 622 1548 τεκμήριον
634 1522 641 1548 ;
657 1514 710 1541 Τὸν
724 1514 779 1541 ῐσον
790 1514 818 1541 δὲ
830 1514 932 1550 τρόπον

984 917 1145 945 necessitate
1153 918 1218 952 ipsis
1230 919 1308 952 plane
1322 918 1419 946 subicit
1431 920 1474 946 hic
1486 922 1574 955 panis,
1583 927 1609 948 et
1620 921 1689 949 vires
1703 929 1770 949 sus-

984 966 1079 995 tentat,
1098 967 1125 990 et
1149 963 1204 990 dux
1219 968 1270 997 est,
1293 969 1318 990 et
1333 969 1440 999 purgat,
1453 964 1539 993 donec
1552 966 1695 1000 divertant,
1723 967 1770 993 ubi

985 1009 1133 1036 secundum
1149 1008 1221 1035 Petri
1249 1010 1330 1036 verba
1345 1010 1370 1025 "
1383 1009 1484 1037 bonum
1497 1015 1536 1038 est
1550 1011 1685 1038 hominem
1699 1018 1769 1043 esse,

985 1054 1031 1081 ubi
1048 1053 1108 1080 aliis
1124 1054 1213 1081 nullus
1227 1054 1350 1086 locus,iu
1365 1056 1474 1088 regione
1485 1063 1499 1082 a
1511 1057 1624 1091 negotiis
1648 1057 1771 1084 molestis

984 1099 1129 1134 iiberajam
1138 1099 1323 1130 manentibus,
1333 1099 1407 1127 solus
1414 1105 1506 1128 autem
1515 1108 1614 1128 corona
1622 1101 1688 1136 ipsis
1694 1101 1771 1130 Chri-

984 1150 1046 1172 stus
1059 1149 1111 1178 est,
1124 1152 1184 1172 cum
1199 1145 1239 1172 eis
1256 1145 1469 1173 familiarissime
1488 1154 1609 1174 versans.
1635 1147 1719 1183 Igitur
1742 1154 1772 1176 ut

988 1191 1124 1226 purgandi
1142 1191 1195 1217 vim
1213 1191 1327 1223 habens,
1339 1196 1367 1218 et
1381 1192 1413 1218 ad
1431 1193 1481 1218 hoc
1505 1198 1518 1218 α
1532 1194 1666 1228 principio
1691 1194 1772 1221 insti-

986 1241 1088 1269 tutum,
1110 1237 1316 1272 inquinamento
1330 1239 1404 1265 oumi
1417 1239 1526 1266 liberat.
1542 1239 1577 1267 Ut
1605 1246 1695 1268 autem
1721 1249 1771 1269 nos

984 1283 1011 1311 in
1027 1284 1219 1311 certaminibus
1229 1285 1347 1318 adjuvat,
1365 1292 1481 1319 quorum
1499 1285 1556 1320 ipse
1581 1285 1706 1314 Christus
1717 1287 1771 1314 dux

985 1326 1035 1355 fuit
1056 1331 1129 1360 ante,
1146 1328 1250 1361 primus
1265 1328 1297 1355 ad
1314 1335 1345 1356 ea
1359 1337 1514 1363 aggressus.
1532 1331 1615 1357 robur
1634 1334 1771 1359 adversus

984 1377 1174 1408 oppugnantes
1193 1373 1318 1408 largitur.
1352 1374 1420 1407 Quia
1440 1382 1504 1402 vero
1525 1376 1605 1403 etiam
1631 1378 1771 1410 pmmium

984 1424 1035 1452 est,
1053 1419 1160 1448 labores
1173 1421 1273 1455 quibus
1297 1419 1426 1448 debeatur
1453 1424 1579 1457 postulat.
1609 1424 1659 1456 Qui
1689 1425 1773 1457 igitur

986 1472 1091 1493 canam
1107 1471 1135 1493 ut
1154 1466 1307 1500 praemium,
1322 1471 1349 1494 et
1364 1472 1392 1494 ut
1402 1474 1558 1502 supremam
1576 1469 1769 1497 beatitudinem

986 1510 1074 1541 habet.
1083 1512 1328 1545 quomodocaeteris
1338 1512 1427 1539 minus
1435 1520 1513 1546 posse
1521 1514 1699 1541 nihilominus
1709 1523 1776 1542 con-

122 1558 127 1561 ’
152 1558 206 1593 χρὴ
223 1559 270 1585 καὶ
286 1559 350 1594 περὶ
365 1559 480 1594 θατέρου
498 1547 666 1595 ψηφίζεσθαι
686 1561 733 1587 καὶ
754 1547 886 1594 νομίζειν,
899 1562 931 1596 τῇ

986 1552 1071 1587 iiciet?
1078 1556 1148 1584 idem
1157 1556 1191 1584 de
1199 1557 1285 1584 altero
1292 1557 1503 1589 decernentium,
1510 1559 1774 1595 existimandumque

151 1605 302 1639 τελειότητι
317 1604 365 1631 τοῦ
382 1606 531 1639 μυστηρίου
546 1607 584 1641 μὴ
608 1606 747 1641 πολεμεῖν.
764 1606 801 1632 οὐ
821 1606 876 1641 γὰρ
892 1606 932 1632 ὅτι

152 1650 226 1684 μέγα
238 1650 362 1683 δύναται,
374 1652 419 1679 τὸν
428 1652 576 1688 ἁμαρτίαις
589 1652 787 1688 διεφθαρμένον
807 1653 860 1679 οὐκ
868 1653 934 1679 ἀνα-

152 1696 277 1729 πλάττει,
308 1697 367 1723 ἀλλ¹
380 1697 462 1724 αὑτὸν
477 1699 514 1734 μὴ
529 1698 679 1733 δυνάμενον
691 1699 778 1726 ταῦτα
801 1698 933 1731 δέξασθαι

152 1743 200 1769 καὶ
213 1743 320 1775 παθεῖν,
338 1743 385 1770 ἤτε
405 1743 455 1778 τὴν
486 1743 598 1779 πρώτην
614 1745 654 1771 ἔτι
675 1745 793 1780 φέροντα
823 1745 932 1777 πλάσιν,

151 1786 226 1825 ᾗπερ
242 1791 270 1816 ἐν
285 1791 342 1820 τοῖς
362 1790 480 1825 πρόσθεν
491 1791 597 1825 εῐρηται
619 1790 719 1825 λόγοις,
741 1792 775 1826 ῆν
800 1791 932 1826 ἀφανίσαι

152 1834 267 1861 καὶτῶν
287 1834 382 1869 ψυχῶν
415 1835 517 1868 ἐξελεῖν
537 1837 591 1862 τῶν
608 1836 683 1868 ἅπαξ
711 1836 931 1871 βαπτισαμένων,

151 1880 213 1906 οὐδὲ
226 1880 275 1914 τῆς
288 1881 407 1915 ἐσχάτης
422 1881 480 1907 ἐστὶ
497 1882 628 1916 πονηρίας
665 1881 720 1909 οὐδ’
733 1882 766 1908 ἂν
787 1882 872 1918 αὐτὴν
884 1883 934 1917 ἀρ-

152 1924 287 1959 νήσασθαι
311 1925 495 1959 τολμήσωσιν,
521 1926 555 1962 ἢν
572 1925 759 1961 ζὼμολόγησαν
780 1927 820 1962 τῷ
852 1927 934 1962 κοινῷ

151 1971 276 2006 Δεσπότῃ
293 1971 429 2004 δουλείαν,
445 1972 484 2003 ὡς
499 1972 561 1999 οὐδὲ
577 1973 626 2005 τῆς
641 1972 728 2008 ἄκρας
739 1973 899 2008 φιλοσοφίας
915 1974 932 2009 ἢ

151 2016 234 2050 ψιλῆς
246 2017 295 2051 τῆς
308 2017 455 2052 ὁμολογίας
470 2018 633 2053 δυνηθείσης
645 2018 774 2052 ἐνθεῖναι,
787 2019 876 2046 ἔπειθ’
891 2020 933 2045 ὅτι

152 2062 201 2089 καὶ
214 2061 331 2089 καθόλου
347 2063 482 2098 κρείττων
498 2064 573 2090 ἐστὶν
587 2065 602 2090 6
617 2064 761 2099 ἄνθρωπος
775 2065 792 2101 ἢ
806 2064 934 2092 τεθνάναι

150 2109 200 2134 καὶ
212 2108 417 2143 συντετρίφθαι,
428 2109 524 2136 τούτου
539 2109 567 2136 δὲ
582 2110 667 2146 χωρὶς
683 2110 734 2137 οὐκ
749 2108 784 2146 ἧν
796 2111 935 2138 ἀναπλατ-

150 2153 258 2180 τεσθαι.
276 2154 331 2180 Καὶ
344 2153 422 2189 γὰρὸ
438 2154 489 2190 μιν
505 2154 620 2187 θάνατος
643 2155 689 2182 τοῦ
717 2156 836 2182 παλαιοῦ
866 2156 933 2191 κόμ-

153 2206 249 2233 ματος,
270 2199 318 2226 καὶ
330 2195 408 2231 οὗτος
424 2200 438 2226 ὁ
449 2199 597 2235 δυνάμενος
623 2201 816 2236 ἀποθνήσκειν,
841 2201 872 2228 ὃν
888 2203 934 2229 ἀν-

151 2244 254 2270 έδωκεν
272 2245 286 2269 ὸ
301 2244 374 2278 χοῦς,
390 2253 400 2269 ι
422 2245 454 2271 Ἡ
481 2245 536 2279 γὰρ
561 2245 650 2280 ἀξίνη,
682 2248 765 2281 φησιν
792 2246 932 2282 Ἰωάννης,

151 2290 221 2324 πρὶς
235 2288 284 2323 τὴν
299 2289 378 2323 ῥίζαν
395 2290 449 2316 τῶν
464 2290 579 2326 δένδρων
594 2292 683 2318 κεῖται
700 2299 708 2308 ·
723 2301 733 2318 ι
755 2293 769 2318 6
782 2291 812 2318 δὲ
842 2292 933 2319 λελου-

152 2335 234 2370 μένος
249 2335 299 2370 ἥδη
318 2335 364 2362 τὸν
381 2335 441 2362 νέον
458 2337 548 2372 φορεῖ,
566 2337 665 2364 οὐκοῦν
681 2337 740 2369 πῶς
759 2336 808 2372 μὲν
826 2339 932 2365 ἀποθα-

150 2383 237 2407 νεῖται
249 2381 317 2416 πρὸς
335 2381 381 2408 τὸν
401 2382 488 2417 ’Δδὰμ
506 2383 690 2418 ἡρμοσμένος,
709 2384 740 2415 ὃς
751 2384 843 2411 οὐκέτι
867 2386 935 2412 ἀπο-

150 2426 284 2461 θνήσκιι;
306 2426 375 2453 ’Δνθ“
387 2427 448 2453 ὅτου
465 2427 487 2453 δ’
513 2427 545 2454 ἂν
564 2428 706 2461 ἀποθάνοι,
737 2429 766 2456 δν
791 2430 861 2466 ὑπὲρ
886 2430 934 2457 τοῦ

150 2471 245 2498 λαϐεῖν
260 2471 313 2498 ἔδει
325 2471 464 2503 τεθνάναι,
472 2471 567 2500 τοῦτον
577 2472 618 2499 ἐτι
633 2473 725 2508 φέρων
742 2474 771 2500 ὲν
788 2476 821 2509 τῇ
836 2474 909 2510 ψυχῇ
923 2483 931 2508 ;

150 2516 238 2544 Τοῦτο
255 2517 285 2543 δι
296 2517 350 2543 οὐδ’
364 2517 411 2544 ἀπ’
437 2517 520 2544 αὑτοῦ
556 2517 649 2545 λαϐεῖν
673 2519 778 2552 ἔξεστιν
802 2520 850 2547 τοῦ
873 2520 936 2547 λου-

148 2562 216 2597 τροῦ
227 2570 234 2578 ·
247 2562 306 2594 πῶς
314 2562 359 2589 οὖν
372 2563 405 2590 ἂν
418 2563 524 2597 γένοιτο
532 2563 586 2590 τῶν
599 2564 716 2592 τελετῶν
727 2565 827 2600 ταύτης
842 2566 934 2601 ἐκείνη

147 2609 239 2642 τούτῳ
264 2607 386 2642 βελτίων,
398 2608 412 2634 δ
424 2609 488 2643 παρ’
508 2610 610 2644 ἀμφοῖν
622 2610 724 2644 ὁμοίως
737 2611 788 2637 οὐκ
803 2610 878 2637 ἔστιν
893 2611 939 2637 εὑ-

150 2654 227 2688 ρεῑν;
241 2654 279 2679 οὐ
287 2654 343 2688 γὰρ
352 2654 407 2680 οὐδ’
423 2654 489 2680 αὐτὸ
499 2653 609 2681 δύναται
622 2655 651 2681 τὸ
661 2654 804 2690 βάπτισμα
812 2656 874 2687 τοὺς
886 2655 936 2690 ήδη

148 2698 295 2734 περιόντας
306 2699 354 2726 καὶ
366 2699 575 2734 πεπλασμένους
583 2699 660 2732 αὖθις
666 2701 827 2736 ἁναγεννᾷν,
835 2701 850 2728 ὅ
859 2709 889 2727 τι
901 2703 939 2727 ie-

149 2746 196 2780 ρὸς
206 2745 306 2779 θεσμὸς
313 2745 409 2773 οὐδένα
424 2745 468 2772 διὰ
476 2745 561 2772 ταῦτα
571 2746 611 2778 δὶς
620 2746 729 2774 ἔλουσεν
740 2747 893 2782 ἄνθρωπον,
905 2747 936 2773 οὐ

985 1602 1146 1638 perfectioni
1162 1603 1284 1638 mysterii
1303 1610 1357 1629 non
1372 1610 1533 1638 repugnare.
1550 1605 1607 1631 Non
1623 1607 1695 1632 enim
1710 1607 1774 1641 quia

986 1656 1041 1675 non
1054 1649 1170 1676 multum
1189 1653 1290 1683 potest,
1305 1649 1423 1683 peccatis
1437 1651 1570 1684 perditum
1594 1659 1647 1678 non
1657 1653 1772 1687 retingit,

986 1696 1033 1722 sed
1048 1695 1110 1729 quia
1124 1701 1186 1722 cum
1202 1694 1317 1729 primam
1346 1694 1535 1723 formationem
1565 1704 1611 1724 sou
1636 1699 1776 1725 chararte-

984 1746 1043 1767 rem
1056 1739 1145 1767 adhuc
1159 1739 1302 1772 i‘erat,alio
1315 1740 1439 1774 insigniri
1453 1741 1558 1775 nequit,
1574 1742 1645 1769 sicut
1659 1748 1722 1770 ante
1734 1744 1775 1771 di-

985 1790 1058 1812 ctum
1074 1789 1116 1812 est
1135 1794 1144 1818 ;
1158 1792 1238 1820 quem
1268 1785 1359 1813 delere
1375 1791 1401 1813 et
1415 1794 1447 1813 ex
1460 1788 1604 1815 animabus
1619 1789 1702 1816 semel
1729 1790 1776 1816 ha-

985 1830 1148 1865 ptizatorum
1167 1829 1287 1862 eradere,
1303 1837 1352 1857 nec
1363 1835 1492 1858 extrema:
1508 1833 1617 1866 quidem
1642 1834 1774 1868 improbi-

986 1874 1050 1901 tatis
1062 1880 1114 1907 est,
1131 1881 1182 1902 nec
1194 1873 1220 1901 id
1230 1878 1367 1908 poterunt,
1376 1875 1501 1909 quamvis
1512 1883 1616 1911 pactam
1637 1880 1774 1906 communi

986 1919 1397 1955 Dominiservitutemabnegare
1409 1929 1465 1948 non
1485 1922 1679 1956 dubitaverint,
1693 1932 1773 1958 quem

987 1966 1041 1993 illis
1057 1972 1107 1992 nec
1123 1972 1229 1992 summa
1240 1965 1421 2000 philosophia,
1436 1973 1483 1994 nec
1493 1968 1564 1995 nuda
1578 1969 1714 1997 confessio
1724 1971 1775 1999 imt

986 2011 1104 2045 primere
1117 2011 1216 2045 potuit.
1232 2009 1334 2037 Deinde
1362 2011 1425 2045 quia
1469 2012 1593 2041 universe
1619 2015 1716 2042 melius
1745 2024 1776 2044 es

987 2057 1126 2084 hominem
1140 2064 1209 2088 esse,
1227 2064 1308 2091 quam
1324 2062 1458 2084 mortuum
1469 2062 1497 2084 et
1526 2061 1674 2088 contritum
1701 2069 1774 2096 esse,

986 2096 1046 2131 sine
1061 2110 1115 2138 quo
1124 2110 1178 2130 non
1185 2103 1264 2130 datur
1280 2103 1397 2131 reﬁctio.
1411 2103 1519 2132 Etenim
1532 2112 1606 2133 mors
1620 2111 1662 2134 est
1679 2109 1776 2136 veteris

986 2154 1113 2182 monetae,
1133 2153 1161 2176 et
1178 2149 1222 2176 hic
1238 2154 1280 2176 est
1293 2149 1339 2184 qui
1356 2150 1424 2177 mori
1448 2155 1548 2184 potest,
1578 2159 1660 2185 que-n
1688 2154 1776 2187 pulvis

987 2195 1134 2230 produxit:
1154 2204 1163 2221 ι
1179 2195 1289 2222 Securis
1306 2195 1391 2228 enim,
1407 2195 1496 2231 inquit
1525 2196 1704 2233 Evangelista,
1740 2201 1774 2227 ad

987 2241 1106 2268 radicem
1138 2241 1247 2269 arboris
1281 2241 1368 2276 posita
1396 2247 1438 2269 est
1451 2242 1506 2275 ’⁷,ι
1533 2243 1642 2272 ablutus
1672 2252 1774 2277 autem,

984 2288 1040 2324 jam
1053 2295 1154 2316 novum
1167 2288 1304 2315 hominem
1330 2293 1429 2323 portat.
1447 2288 1588 2321 Quomodo
1617 2290 1700 2325 igitur
1717 2299 1775 2318 mo-

990 2333 1087 2366 rietur,
1108 2334 1212 2365 Adamo
1231 2333 1321 2360 adhuc
1339 2334 1512 2369 conjunctus,
1527 2335 1574 2369 qui
1590 2337 1706 2370 amplius
1721 2345 1776 2364 non

989 2379 1104 2406 moritur
1119 2378 1172 2406 iEt
1189 2386 1238 2413 pro
1253 2386 1307 2414 quo
1323 2381 1429 2406 tandem
1446 2385 1607 2413 moreretur,
1636 2389 1698 2409 cum
1729 2391 1777 2417 pro

988 2433 1042 2461 quo
1058 2425 1215 2459 accipiendo
1229 2425 1297 2452 mori
1309 2426 1461 2459 oportebat,
1472 2434 1534 2453 eum
1548 2427 1637 2455 adhuc
1650 2427 1678 2454 in
1687 2429 1776 2454 anima

985 2472 1090 2506 gestet?
1100 2470 1157 2499 Hoc
1166 2476 1255 2498 autem
1267 2478 1318 2499 nec
1329 2472 1362 2498 ab
1376 2473 1435 2506 ipso
1443 2472 1552 2500 lavacro
1564 2475 1693 2508 consequi
1705 2473 1775 2500 licet.

987 2518 1038 2551 Qui
1053 2526 1118 2553 ergo
1132 2518 1183 2545 hoc
1197 2518 1326 2553 mysterio
1343 2518 1409 2546 illud
1426 2521 1460 2546 sit
1482 2519 1590 2551 melius.
1607 2519 1634 2545 iu
1647 2526 1689 2550 eo,
1704 2519 1777 2553 quod

987 2571 1064 2598 aeque
1084 2564 1111 2590 in
1127 2556 1223 2591 ueuiro
1238 2564 1398 2591 invenitur?
1425 2563 1480 2592 Nec
1498 2564 1570 2591 enim
1597 2572 1628 2591 ea
1652 2563 1778 2597 baptismi

988 2610 1029 2637 vis
1045 2615 1097 2641 est.
1112 2614 1142 2636 ut
1156 2610 1212 2644 jam
1229 2615 1367 2637 exstantes
1391 2615 1418 2637 et
1437 2609 1571 2637 formatos
1593 2609 1683 2636 denuo
1698 2617 1778 2643 gene-

990 2662 1051 2682 rare
1066 2659 1166 2688 queat;
1181 2660 1295 2688 etIsacra
1304 2655 1346 2683 lex
1363 2656 1498 2683 neminem
1510 2656 1610 2682 idcirco
1625 2654 1666 2682 bis
1681 2655 1778 2686 abluit,

991 2707 1078 2734 neque
1091 2699 1118 2726 id
1133 2701 1286 2735 dieciplina:
1298 2706 1326 2728 et
1339 2701 1442 2728 ordinis
1461 2699 1558 2735 gratia,
1585 2699 1633 2728 sed
1647 2699 1719 2734 quod
1735 2699 1778 2728 bis

991 2746 1017 2773 in
1030 2747 1124 2773 eodem
1141 2747 1264 2780 generari
1279 2748 1316 2775 sit
1331 2746 1509 2782 impossibile.

147 2791 235 2819 τύπον
245 2793 307 2820 τινὰ
317 2792 412 2825 σώζων
423 2793 470 2820 καὶ
479 2793 568 2827 τάξιν,
581 2792 641 2820 ἀλλ’
652 2793 694 2819 ὅτι
704 2793 744 2825 δὶς
756 2793 828 2820 κατὰ
836 2793 936 2820 ταὺτῖιν
951 2791 1114 2826 γεννηθῆναι
1126 2792 1182 2819 τῶν
1200 2791 1361 2827 ἀμηχάνων.

185 2851 209 2869 ⁷³
223 2850 342 2887 Philipp.
359 2859 379 2884 ι,
398 2851 444 2879 23.
483 2851 507 2868 ’⁸
522 2850 617 2880 Matth.
636 2858 702 2884 xvu,
719 2851 746 2879 4.
784 2851 807 2867 "
828 2849 923 2878 Matth.
937 2857 978 2883 Ill,
999 2849 1041 2877 t0.
