1967 3071
202 158 255 190 615

817 148 974 181 NICOLAI
994 147 1186 178 CABASILA'.I

1768 141 1821 174 616

206 214 362 249 signiﬁcans
385 212 512 240 Salvator
534 209 694 242 Nieodemo,
713 217 722 234 ι
744 206 822 240 Quod
844 212 936 233 natum
951 209 994 231 est

1055 206 1123 238 νησις
1154 202 1214 229 θεία
1239 201 1281 233 τίς
1309 201 1367 227 ἐστι
1395 199 1442 228 καὶ
1474 198 1629 235 ὑπερφυὴς,
1652 196 1724 225 οὕτω
1746 197 1824 232 καὶὴ

204 269 237 289 ex
255 261 361 295 spiritu,
375 258 474 293 inquit,
486 257 597 291 spiritus
610 259 651 283 est
664 255 698 281 ".
719 261 735 280 ι’
745 253 822 280 Unde
835 258 863 280 et
877 251 988 284 Paulus,

209 316 218 333 ι
237 306 270 334 Ut
285 306 408 334 inveniar
424 304 450 330 in
467 303 522 334 illo.
538 309 589 328 non
611 301 715 328 habens
731 306 819 326 meam
842 297 989 333 justitiam,

206 361 266 388 quae
281 360 314 379 ex
336 351 393 385 lege
407 354 448 377 est
461 358 468 376 :
482 348 528 375 sed
546 355 606 381 quae
621 355 653 374 ex
670 346 722 372 ﬁde
734 349 777 372 est
789 344 853 372 Jesu
874 343 989 375 Christi,

207 406 268 433 qua.
289 405 321 424 ex
343 397 400 423 Deo
413 399 465 426 est,
480 393 587 428 iustitia
610 393 637 419 in
653 392 708 419 tlde
719 391 755 418 ⁸⁹.
777 400 786 416 ι
803 391 887 417 Docet
901 393 991 415 autem

208 445 361 478 Scriptura.
381 442 451 469 hanc
474 447 534 468 esse
549 440 652 474 regiam
667 443 768 466 vestem
787 447 795 464 -.
812 444 874 464 nam
898 440 991 464 nostra

208 489 316 517 servilia
342 491 418 515 sunt.
441 487 567 514 Libertas
581 492 663 520 porro
678 488 705 511 et
726 490 851 518 regnum,
863 483 900 510 ad
919 481 992 516 quod

206 534 389 562 festinandum
404 537 456 565 est,
467 532 604 567 quomodo
616 537 757 558 servorum
771 528 882 564 praemia
893 526 993 555 erunt?

211 586 299 614 neque
316 579 388 605 enim
412 585 496 612 regno
520 576 593 611 digni
616 575 797 610 apparebunt,
819 574 842 601 si
858 573 924 600 nihil
940 572 993 600 nisi

207 632 350 652 servorum
368 624 496 650 virtutem
510 621 696 657 praestiterint.
712 619 790 646 Sicut
808 619 880 646 enim
900 630 908 644 ν
932 625 993 645 cor-

208 671 298 705 ruptio
331 669 566 704 incorruptionem
600 675 654 694 non
686 665 856 700 possidebit,
888 667 995 698 oportet

207 722 298 745 autem
317 715 495 750 corruptibile
511 715 562 741 hoc
574 713 687 740 induere
703 711 950 746 incorruptionem,
967 713 996 738 et

209 762 322 789 mortale
332 762 383 788 hoc
394 761 504 787 induere
515 758 747 786 immortalitatem
757 757 779 774 ὀ
790 765 798 784 :
811 766 820 782 ι
833 757 868 784 ita
881 763 932 783 nec
939 762 997 783 ser

210 815 303 835 mrum
316 815 396 842 opera
406 807 438 833 ad
450 813 562 840 regnum
573 804 638 831 illud
649 803 729 830 nobis
738 805 840 838 queant
850 801 976 829 sufiléere
987 809 995 834 ;

209 855 255 881 sed
267 853 373 888 jnstitia
381 861 413 879 ex
430 852 483 878 Deo
493 851 651 885 requiritur.
661 849 801 876 llaaredem
811 847 884 875 enim
892 851 997 881 oportet

212 907 272 926 esse
283 899 378 930 lilium,
389 906 442 924 non
453 904 562 924 servum
574 905 581 923 :
596 905 604 921 ι
620 895 720 922 Servus
732 894 814 925 enim,
828 893 926 926 inquit,
943 899 997 919 non

211 944 334 971 manetin
342 945 424 970 domo
433 943 459 969 in
470 947 610 974 aeternum;
618 941 688 968 [ilius
695 945 783 967 autem
792 944 883 966 manet
890 939 916 965 in
922 931 1000 965 aeter-

213 998 275 1016 nnm
286 990 320 1016 ἰ.
345 997 354 1014 ι
372 988 555 1021 Quamobrem
571 992 792 1020 unumquemque
801 991 895 1011 eorum
905 982 953 1018 qui
965 981 999 1009 ad

213 1036 283 1062 hanc
300 1034 483 1062 haereditavem
495 1033 658 1060 cernendam
668 1035 811 1062 venerunt,
822 1029 899 1064 prius
910 1027 1001 1062 abjec-

212 1079 240 1108 la
255 1081 412 1109 conditione
418 1080 500 1113 servi,
508 1079 593 1106 lilium
601 1087 631 1106 se
640 1077 784 1106 ostendere
794 1079 900 1110 oportet
910 1082 918 1107 ;
927 1072 1001 1108 quod

214 1131 256 1154 est
267 1126 395 1156 formam.
406 1130 434 1152 et
447 1124 544 1151 faciem
562 1122 699 1157 Unigeniti
724 1121 844 1152 indutos,
871 1127 932 1146 cum
950 1118 1002 1145 hoc

216 1173 315 1200 decore
326 1177 353 1198 et
367 1171 501 1206 elegantia
516 1169 638 1197 Genitori
657 1176 704 1195 nos
718 1167 823 1195 sistere.
842 1166 875 1193 Et
889 1165 941 1192 hoc
960 1168 1002 1192 est

216 1226 232 1245 a
248 1218 316 1245 Filio
332 1217 380 1245 Dei
394 1217 468 1243 onmi
485 1216 616 1244 servitute
629 1214 748 1247 liberari,
765 1219 883 1246 vereque
902 1211 1002 1242 liberos

216 1271 294 1297 esse;
318 1263 390 1297 quod
411 1262 512 1289 Judaei:
523 1261 664 1288 Christum
683 1260 774 1287 dicere
788 1258 906 1286 voluisse
922 1256 1003 1284 intel-

216 1309 280 1344 lige,
298 1316 360 1336 cum
382 1308 448 1335 dicit
472 1316 479 1334 :
507 1315 516 1333 ι
537 1306 566 1334 Si
580 1306 664 1333 Filius
687 1312 736 1332 vos
755 1303 920 1334 liberaverit,
939 1309 1004 1330 vere

218 1354 297 1381 liberi
313 1352 390 1380 eritis
410 1353 445 1378 ⁹².
463 1361 472 1378 ι
490 1351 600 1379 Liberat
624 1350 707 1381 enim,
721 1353 748 1377 et
772 1349 818 1383 qui
841 1347 1002 1378 servierant,

218 1401 289 1427 lilios
310 1398 357 1425 Dei
382 1397 481 1430 eﬂicit;
498 1396 629 1432 quoniam
653 1396 712 1430 ipse
724 1395 786 1422 cuni
810 1393 845 1421 sit
865 1392 961 1424 Filius,
977 1396 1005 1420 et

216 1445 289 1472 omni
306 1448 417 1479 peccato
431 1447 519 1474 vacet,
533 1446 560 1469 et
574 1448 672 1476 c0rpus
691 1440 770 1475 ipsis,
784 1443 812 1466 et
831 1438 1003 1474 sanguinem,

218 1496 245 1519 et
270 1490 408 1525 spiritum,
421 1493 449 1516 et
472 1496 520 1516 sua
544 1487 637 1515 omnia
660 1485 817 1514 communia
845 1484 922 1512 facit.
947 1483 1005 1512 Hac

1041 250 1098 284 ζωὴ
1113 249 1161 275 καὶ
1176 249 1193 283 ή
1209 248 1298 275 δίαιτα
1311 247 1358 274 καὶ
1372 247 1389 282 ἡ
1402 245 1546 281 φιλοσοφία
1560 245 1606 272 καὶ
1628 243 1718 270 πάντα
1735 242 1823 269 ταῦτα

1041 295 1124 322 καινὰ
1141 296 1187 321 καὶ
1211 293 1395 328 πνευματικά.
1409 293 1463 319 Καὶ
1489 291 1570 318 τοῦτο
1583 290 1672 324 δηλῶν
1690 289 1704 315 ὁ
1728 287 1824 322 Σωτὴρ

1041 341 1203 376 Νικοδήμῳ,
1223 348 1232 365 ι
1256 339 1292 366 Τὸ
1304 338 1503 372 γεγεννημένον
1520 337 1551 363 ὲκ
1579 335 1626 362 τοῦ
1657 334 1824 368 πνεύματος,

1042 386 1246 424 φησὶ,,,πνεῦμά
1259 387 1329 413 ἐστι.
1345 393 1356 411 ι
1373 384 1422 411 Διά
1441 383 1522 410 τοῦτο
1534 383 1581 409 καὶ
1596 381 1715 413 Παῦλος,
1737 389 1746 406 ι
1767 378 1826 405 Ἵνα

1042 435 1159 469 εὑρεθῶ,
1191 433 1283 469 φησὶν,
1313 433 1342 458 ἐν
1370 430 1454 464 αύτῷ,
1477 429 1514 465 μὴ
1541 429 1610 463 ἔχων
1638 427 1707 462 ἐμὴν
1721 427 1827 452 δικαιο-

1043 481 1126 516 σύνην
1140 479 1190 515 τὴν
1204 480 1237 505 ὲκ
1250 477 1298 505 τοῦ
1311 477 1406 512 νόμουθ
1422 476 1491 503 ἀλλά
1502 475 1551 510 τὴν
1566 474 1610 501 διὰ
1622 473 1740 503 πίστεως
1755 472 1824 506 Χρι-

1044 526 1108 554 στοῦ
1131 527 1179 560 τὴν
1206 526 1239 551 ὲκ
1260 523 1328 551 Θεοῦ
1344 522 1529 556 δικαιοσύνην.
1549 530 1558 546 ι
1582 520 1612 546 '0
1629 519 1658 545 δὲ
1685 518 1764 551 λόγος
1783 517 1824 542 ὅτι

1043 572 1123 600 τοῦτό
1144 573 1202 598 ἐστι
1229 571 1260 598 τὸ
1286 569 1426 604 βασιλικὸν
1444 568 1571 602 ἱμάτιον*
1584 566 1621 593 τά
1634 566 1686 600 γὰρ
1702 565 1826 599 ἡμέτερα

1044 619 1135 650 δοῦλα,
1153 615 1297 651 ἐλευθερία
1316 615 1346 642 δί
1364 615 1412 641 καὶ
1425 612 1561 649 βασιλεία,
1590 611 1658 646 πρὸς
1669 611 1702 646 ἢν
1719 609 1829 642 ἐπείγε-

1046 664 1108 690 σθαι
1127 663 1179 695 δεῖ,
1207 662 1264 692 πῶς
1281 661 1326 697 [ἂν
1348 661 1453 695 γένοιτο
1475 657 1636 690 δούλων;ού
1653 655 1720 691 γὰρ]
1736 655 1769 682 ἂν
1783 654 1827 688 εἴη

1047 710 1185 746 βασιλείας
1211 709 1303 742 ἀξίους
1328 707 1446 741 φανῆναι
1481 705 1561 732 πλέον
1587 703 1663 730 οὺδὶν
1686 703 1703 737 ἢ
1725 701 1828 728 δούλων

1046 745 1146 793 ἀρετὴν
1174 753 1419 788 ιπιδειξαμένουςς
1446 751 1580 785 Καθάπερ
1596 749 1650 783 γὰρ
1674 757 1682 773 ι
1703 748 1719 782 ὴ
1741 745 1831 781 φθορὰ

1046 791 1095 837 τῆς
1111 800 1263 836 ἀφθαρσίας
1280 799 1330 826 οὐκ
1347 798 1380 825 ἂν
1404 798 1511 831 γένοιτο
1528 795 1707 830 κληρονόμος,
1735 792 1776 818 δεῖ
1801 791 1830 817 δὲ

1047 849 1079 874 τὸ
1105 847 1225 882 φθαρτὸν
1249 845 1328 872 τοῦτο
1343 842 1506 870 ἐνδύσασθαι
1536 839 1691 875 ἀφθαρσίαν
1721 838 1769 864 καὶ
1798 837 1829 863 τὸ

1051 893 1147 928 θνητὸν
1158 891 1237 918 τοῦτο
1256 888 1417 917 ἐνδύσασθαι
1430 886 1592 916 ἀθανασίαν,
1610 894 1619 910 ι
1636 885 1680 910 τὸν
1699 884 1756 909 ἴσον
1767 882 1831 917 τρό-

1050 949 1100 967 πον
1116 939 1177 965 οὐδὲ
1194 938 1230 964 τά
1244 936 1299 963 τῶν
1312 935 1414 962 δούλων
1440 933 1510 968 ἔργα
1533 931 1602 966 πρὸς
1615 930 1664 965 τὴν
1690 928 1830 964 βασιλείαν

1050 985 1158 1020 εκείνην
1171 983 1287 1018 ἀρκέσαι
1301 980 1402 1008 δύναιτ’
1417 980 1450 1007 ἂν
1468 980 1544 1014 ἡμῖν.
1562 977 1630 1004 ἀλλὰ
1644 976 1693 1011 τῆς
1706 976 1738 1001 ἐκ
1761 975 1829 1001 Θεοῦ

1049 1030 1224 1063 δικαιοσύνης
1249 1029 1351 1063 δεήσει.
1368 1027 1431 1054 Υίδν
1448 1027 1503 1060 γὰρ
1519 1023 1588 1051 εῖναι
1603 1024 1645 1050 δεῖ
1658 1023 1704 1049 τὸν
1729 1023 1830 1056 κληρο-

1050 1079 1134 1114 νόμον
1147 1076 1242 1104 δοῦλον
1255 1083 1262 1091 ·
1282 1084 1291 1101 ι
1314 1075 1344 1102 '0
1361 1074 1416 1109 γὰρ
1433 1072 1537 1104 δοῦλος,
1555 1070 1648 1106 φησὶν,
1661 1070 1691 1096 οὐ
1709 1070 1784 1104 μένει
1800 1069 1832 1095 ὲν

1051 1125 1084 1158 τῇ
1093 1122 1166 1158 οἰκίᾳ
1180 1123 1219 1152 είς
1233 1120 1278 1148 τὸν
1287 1119 1385 1150 αιῶνα,
1399 1119 1413 1145 ὸ
1427 1118 1492 1149 Υἱὸς
1505 1117 1580 1152 μένει
1593 1116 1633 1147 εις
1648 1115 1694 1142 τὸν
1705 1115 1801 1142 αἰῶνα.
1821 1123 1831 1140 ι

1052 1166 1156 1196 ἀνθ’ὦν
1166 1168 1282 1194 ἑκαστον
1290 1165 1345 1192 τῶν
1365 1164 1412 1191 ἐπὶ
1423 1163 1468 1190 τὸν
1479 1162 1579 1198 κλῆρον
1590 1161 1686 1188 τοῦτον
1703 1160 1834 1196 ἀφιξομέ-

1053 1221 1107 1241 νων
1132 1212 1266 1248 πρότερον
1287 1209 1459 1238 ἀποϐαλόντα
1473 1208 1519 1235 τδν
1532 1207 1625 1235 δοῦλον
1638 1206 1724 1239 δεῖξαι
1738 1206 1778 1232 δεῖ
1790 1205 1834 1232 τὸν

1054 1259 1130 1290 Υίὸν,
1142 1258 1211 1292 ὅπερ
1226 1256 1285 1283 ἐστὶ
1297 1255 1346 1291 τὴν
1363 1253 1469 1290 μορφὴν
1479 1251 1527 1280 τοῦ
1539 1252 1706 1286 Μονογσνοῦς
1721 1251 1768 1278 ἐπὶ
1779 1250 1835 1277 τῶν

1053 1304 1208 1341 προσώπων
1232 1301 1438 1337 κομισαμένους
1461 1299 1530 1335 μετὰ
1543 1301 1640 1325 τούτου
1656 1297 1704 1324 τοῦ
1719 1297 1835 1328 κάλλους

1053 1351 1093 1386 τῷ
1107 1349 1286 1385 γεγεννηκότι
1302 1347 1420 1382 φανῆναι
1431 1352 1438 1362 ⁸
1454 1345 1502 1373 καὶ
1517 1344 1596 1372 τοῦτό
1623 1344 1697 1370 ἔστιν
1708 1342 1762 1369 ὑπὸ
1786 1341 1834 1368 τοῦ

1055 1396 1121 1424 Υἱοῦ
1140 1395 1187 1423 τοῦ
1213 1394 1282 1422 Θεοῦ
1310 1394 1400 1428 πάσης
1429 1392 1563 1426 ἀφεθῆναι
1592 1390 1716 1420 δουλείας
1732 1389 1781 1415 καὶ
1796 1388 1834 1420 ὡς

1055 1443 1164 1479 ἀληθῶς
1179 1441 1337 1477 ἐλευθέρους
1358 1438 1438 1472 εἶναι,
1455 1439 1469 1466 ὃ
1480 1438 1519 1473 τῷ
1531 1437 1642 1473 Χριστῷ
1656 1438 1713 1464 νοεῖ
1726 1437 1756 1463 τὸ
1768 1436 1837 1470 πρὸς

1055 1489 1118 1521 τοὺς
1139 1488 1283 1519 Ἰουδαίους
1314 1486 1459 1522 εῑρημένον
1485 1486 1596 1516 ἐκεῖνο,
1623 1483 1708 1510 «Ἐὰν
1732 1484 1746 1510 ὁ
1774 1482 1839 1514 Υιδς

218 1537 292 1564 enim
308 1537 414 1564 ratione
430 1543 480 1562 nos
502 1539 529 1561 et
547 1533 668 1565 reﬁnxit,
683 1537 710 1560 et
733 1531 871 1564 liberavit,
886 1535 913 1558 et
927 1530 1004 1558 deiti-

1057 1537 1130 1572 ύμᾶς
1146 1533 1330 1570 ελευθερώσῃ,
1358 1533 1445 1564 ὅντως
1462 1531 1600 1566 ἐλεύθεροι
1624 1529 1730 1557 ἔσεσθε.
1747 1539 1756 1556 ι
1771 1529 1838 1555 Λύει

219 1583 301 1614 cavit,
329 1589 499 1616 germanum,
529 1584 556 1607 et
583 1579 710 1610 liberum,
733 1582 766 1605 ‘et
793 1584 888 1603 verum
916 1575 1003 1602 Deum

220 1630 341 1662 seipsum
367 1628 446 1654 nobis
470 1625 635 1653 admiscens.
662 1623 696 1651 Et
719 1624 759 1651 sic
781 1622 932 1654 Christum,
956 1620 1004 1656 qui

219 1682 284 1701 vera
297 1679 339 1700 est
351 1673 467 1707 justitia,
483 1675 607 1699 nostrum
623 1669 735 1702 bonum,
754 1676 836 1703 supra
852 1675 934 1702 quam
947 1667 1007 1701 ipsa

226 1720 372 1757 naturalia,
389 1725 467 1745 sacra
481 1725 559 1745 caena
573 1716 652 1744 nobis
665 1710 739 1742 facit.
755 1715 849 1749 Itaque
868 1719 896 1742 et
909 1714 1010 1749 gloria-

221 1764 376 1794 mur/bonis
396 1764 465 1798 ejus,
479 1767 506 1791 et
526 1763 604 1798 quasi
625 1767 717 1789 nostra
731 1765 823 1789 essent
836 1765 908 1788 recte
924 1759 1007 1791 facta.

222 1812 406 1844 celebramur,
430 1810 549 1844 indeque
570 1808 757 1840 nominamur,
782 1806 805 1834 si
822 1806 849 1833 in
864 1811 1009 1833 commune

222 1857 424 1893 permanemu's.
441 1856 476 1883 Et
492 1856 514 1882 si
530 1855 593 1890 quis
606 1862 668 1882 vere
691 1857 804 1881 sanctus
821 1857 848 1880 et
866 1852 967 1886 justus,
982 1855 1010 1878 et

223 1905 406 1939 quodcunque
421 1901 531 1930 tandem
551 1899 728 1927 laudabilium
748 1899 834 1931 audit,
850 1897 1009 1933 appellatio—

224 1956 286 1976 nem
309 1956 343 1975 ex
370 1947 403 1974 iis
427 1954 488 1981 quae
509 1953 523 1972 a
537 1944 645 1972 Christo
667 1944 781 1972 sortitus
803 1946 859 1974 est,
880 1941 980 1976 accipit
1000 1948 1009 1969 :

227 2003 238 2020 ι
258 1994 286 2021 In
303 1993 367 2025 Deo,
384 1993 483 2027 inquit,
499 1991 656 2018 laudabitur
673 1990 765 2018 anima
791 1997 849 2016 mea
867 1989 900 2017 ".
919 1997 929 2014 ι
952 1987 986 2016 Et
1002 1996 1009 2015 :

227 2050 237 2066 ι
253 2038 486 2067 Benedicenturin
497 2045 530 2066 eo
540 2045 636 2065 omnes
646 2040 740 2072 gentes
750 2035 786 2063 “.
802 2045 811 2062 ι
824 2034 901 2062 Unde
915 2034 1012 2061 huma-

227 2093 292 2112 num
313 2084 391 2114 nihil.
405 2084 451 2111 sed
466 2089 528 2118 qua:
543 2081 646 2110 Christi
662 2086 726 2108 sum
743 2080 883 2116 poscimus
901 2087 909 2105 :
930 2082 960 2105 ut
980 2085 1012 2105 ea

225 2129 253 2157 in
275 2130 381 2156 animos
397 2134 505 2156 nostras
529 2134 594 2155 cum
619 2124 868 2160 importaverimus,
890 2131 954 2151 cum
979 2122 1012 2149 iis

226 2176 290 2202 hinc
315 2174 498 2206 discedamus,
524 2177 551 2200 et
568 2176 632 2199 ante
658 2177 775 2198 coronas
802 2170 873 2196 hanc
893 2169 1014 2203 philoso-

1057 1585 1112 1620 γὰρ
1128 1585 1176 1611 καὶ
1195 1583 1270 1614 υίοὺς
1284 1581 1352 1609 Θεοῦ
1368 1581 1486 1608 ποιεῖται
1499 1580 1562 1610 τοὺς
1574 1578 1696 1611 δούλους,
1715 1578 1755 1604 ὃτι
1771 1577 1837 1608 Υίδς

1057 1631 1095 1658 ὢν
1104 1630 1183 1661 αὐτὸς
1190 1629 1237 1656 καὶ
1246 1629 1337 1663 πάσης
1346 1627 1489 1661 ἑλεύθερος
1498 1624 1634 1660 ἁμαρτίας
1646 1623 1693 1650 καὶ
1704 1623 1783 1658 σῶμα
1791 1623 1840 1649 αὖ·

1057 1679 1114 1709 τοῖς
1133 1676 1180 1703 καὶ
1190 1673 1259 1709 αἷμα
1269 1674 1316 1701 καὶ
1331 1672 1441 1707 πνεῦμα
1455 1672 1502 1699 καὶ
1514 1671 1549 1698 τὰ
1564 1671 1649 1697 αὑτοῦ
1664 1671 1752 1696 πάντά
1764 1669 1841 1696 κοινά

1059 1723 1186 1750 ποιεῖται·
1195 1721 1290 1748 τοῦτον
1298 1720 1352 1754 γὰρ
1358 1718 1508 1753 τὸντρόπον
1516 1717 1564 1744 καὶ
1572 1717 1707 1743 ἀνέπλασε
1715 1716 1762 1742 καὶ
1769 1715 1844 1741 ἑλεν-

1060 1769 1164 1804 θέρωσε
1173 1767 1338 1798 meum,
1348 1765 1395 1792 τὸν
1403 1765 1468 1799 ὑγιᾶ
1479 1763 1526 1790 καὶ
1537 1763 1678 1797 ξλεύθερον
1687 1763 1735 1788 καὶ
1746 1761 1844 1796 ἀληθι-

1059 1815 1105 1841 νδν
1119 1814 1186 1840 θεὸν
1202 1812 1299 1840 ἑαυτὸν
1314 1813 1381 1846 ἡμῖν
1397 1810 1543 1845 ἀναμίξας,
1559 1810 1607 1836 καὶ
1628 1808 1701 1835 οὕτω
1712 1809 1760 1842 τὴν
1776 1807 1842 1842 ἀλη-

1061 1860 1137 1896 θινὴν
1151 1860 1216 1886 ὄντα
1226 1858 1399 1891 δικαιοσύνην
1423 1857 1469 1883 τὸν
1482 1855 1607 1890 Χριστὸν,
1620 1855 1756 1890 ἡμέτερον
1773 1854 1843 1886 ἀγα-

1062 1905 1118 1938 θὸν,
1134 1904 1181 1931 καὶ
1195 1902 1247 1937 πρὸ
1260 1902 1315 1929 τῶν
1329 1903 1452 1936 φυσικῶν
1462 1900 1552 1927 αὐτῶν
1563 1900 1593 1927 τδ
1611 1899 1682 1935 Ιερδν
1699 1900 1847 1934 ἐργάζεται

1061 1950 1185 1981 δεῖπνον,
1214 1949 1284 1976 ὥστε
1304 1948 1350 1974 καὶ
1374 1946 1591 1981 φιλοτιμούμεθα
1615 1947 1671 1977 τοῖς
1694 1945 1777 1972 αὐτοῦ
1798 1945 1846 1972 καὶ

1062 1995 1099 2027 ὡς
1108 1995 1139 2021 ἂν
1157 1994 1234 2022 αὐτοὶ
1245 1992 1456 2028 κατωρθωκότες
1466 1992 1672 2026 εὐδοκιμοῡμεν,
1687 1991 1734 2018 καὶ
1750 1991 1849 2017 καλού-

1064 2040 1134 2076 μεθά
1152 2048 1183 2074 γε
1200 2039 1317 2072 ἐκεῖθεν,
1334 2039 1358 2065 εί
1376 2038 1425 2073 τὴν
1442 2038 1585 2064 κοινωνίαν
1604 2037 1784 2071 φυλάττομεν,
1799 2037 1848 2063 καὶ

1063 2086 1136 2116 εἴτις
1143 2084 1249 2119 ἀληθῶς
1255 2083 1333 2118 ἅγιος
1343 2082 1389 2110 καὶ
1396 2083 1499 2113 δίκαιος
1507 2082 1556 2108 καὶ
1563 2081 1651 2108 ὁτιοῦν
1661 2082 1715 2107 τῶν
1721 2082 1848 2108 ιπαινου-

1067 2133 1154 2166 μένων
1162 2129 1266 2163 ἀκούοι,
1281 2130 1330 2164 τὴν
1346 2127 1505 2162 ὶπωνυμίαν
1520 2127 1551 2158 ἐξ
1562 2124 1599 2153 ὧν
1614 2127 1722 2153 ἐκείνου
1734 2126 1849 2162 τετύχηι

1065 2175 1235 2208 κεν,ῑλα6εν.
1248 2183 1258 2201 ι
1268 2175 1313 2201 Ἐν
1327 2173 1365 2208 τῷ
1376 2172 1435 2207 Θιῷ
1443 2174 1508 2207 γὰρ,
1523 2172 1617 2207 φησὶν,
1632 2172 1847 2207 ἐπαινεθήσεται

227 2225 320 2259 phiam
334 2223 410 2251 omni
426 2224 517 2260 modo,
537 2227 565 2250 et
579 2222 631 2250 has
657 2228 742 2249 novas
759 2220 869 2248 divitias
886 2219 1004 2247 exhibeo.

1068 2222 1084 2255 ἡ
1092 2220 1167 2256 ψυχή
1178 2228 1241 2255 μου,
1252 2220 1300 2246 καὶ
1313 2217 1576 2252 ἑνευλογηθήσονται
1592 2217 1620 2242 ἑν
1631 2216 1705 2251 αὐτῷ
1715 2216 1804 2243 πάντα
1816 2217 1851 2243 τά

228 2277 300 2300 mus,
316 2269 391 2295 nullo
405 2267 581 2303 superaddita
598 2266 667 2293 [also
687 2265 859 2296 numismate,
882 2262 1013 2298 quoniam

229 2316 299 2343 hanc
313 2315 399 2342 solam
415 2314 445 2341 ad
460 2313 673 2348 promerendum
692 2318 806 2347 regnum
818 2310 949 2337 emlorum
965 2316 1014 2342 ap-

230 2365 339 2396 portare
371 2367 533 2394 possumus.
559 2359 628 2391 Quia
653 2358 725 2384 enim
755 2355 912 2392 praemium,
940 2353 1013 2389 quod

230 2413 320 2441 pugna
344 2404 464 2432 defuncti
491 2405 614 2439 accipere
641 2404 758 2434 debent,
785 2401 857 2429 Deus
882 2400 941 2435 ipse
961 2403 1013 2432 est,

229 2451 414 2480 necessarium
432 2451 539 2478 videtur
567 2457 633 2477 sane
658 2448 769 2483 praemio
794 2446 969 2482 respondere,
988 2450 1015 2472 et

229 2498 338 2525 divinos
351 2504 414 2524 esse
426 2496 508 2524 etiam
533 2503 645 2530 agones,
664 2495 805 2529 Deumque
826 2492 938 2520 athletis
960 2499 1014 2519 non

229 2544 318 2572 solum
339 2543 441 2577 alipten
459 2549 520 2569 esse
545 2541 781 2574 certaminumque
798 2539 948 2573 auspicem,
964 2537 1014 2565 sed

229 2595 268 2618 εν
281 2590 369 2623 ipsum
393 2589 420 2616 in
446 2588 512 2623 ipsis
539 2587 648 2615 virtutis
673 2594 785 2618 munere
808 2585 896 2620 iungi.
920 2585 954 2612 Et.
977 2585 1014 2612 ita

233 2638 313 2664 linem
331 2636 376 2671 qui
392 2635 525 2670 quaeritur
537 2641 599 2661 cum
616 2633 823 2668 praeparatione,
839 2636 866 2659 et
878 2639 1015 2666 praepara-

233 2685 335 2710 tionem
359 2689 421 2709 cum
449 2681 503 2708 line
527 2687 692 2715 congruere.
717 2678 793 2706 Sicut
819 2678 892 2705 enim
913 2678 939 2704 in
968 2678 1017 2705 has

235 2733 326 2756 terras
351 2735 401 2755 nos
422 2727 542 2759 mittens,
567 2725 634 2753 nihil
658 2725 738 2752 nobis
764 2723 838 2757 fecit,
859 2730 908 2751 nec
928 2722 1019 2757 exegit

1066 2267 1130 2302 ἔθνη
1140 2274 1147 2281 ·
1162 2276 1171 2292 ι
1189 2265 1250 2293 ὅθεν
1262 2265 1316 2292 τῶν
1331 2263 1512 2299 ἀνθρωπίνων
1538 2263 1589 2297 μὶν
1612 2262 1703 2293 οὐδὲν,
1730 2262 1766 2288 τὰ
1781 2262 1851 2296 Χρι-

1067 2313 1130 2340 στοῦ
1143 2313 1170 2339 δὲ
1185 2310 1374 2345 ἀπαιτούμεθα
1389 2309 1437 2335 καὶ
1465 2309 1588 2342 ἐνεγκεῖν
1612 2308 1659 2333 ἐπὶ
1681 2308 1737 2333 τῶν
1754 2307 1852 2342 ψυχῶν

1066 2360 1114 2386 καὶ
1129 2359 1263 2394 φέροντας
1277 2356 1418 2387 ἀπελθεῖν,
1435 2355 1483 2382 καὶ
1496 2355 1599 2389 ταύτην
1615 2354 1668 2389 πρὸ
1679 2353 1732 2380 τῶν
1751 2354 1855 2388 στεφά-

1066 2413 1121 2432 νων
1132 2403 1316 2437 ὲπιδείξασθαι
1331 2402 1380 2436 τὴν
1394 2402 1556 2436 φιλοσοφίαν
1571 2401 1603 2427 ὲκ
1619 2401 1719 2431 παντὸς
1736 2401 1853 2434 τρόπον,

1068 2451 1116 2477 καὶ
1129 2450 1223 2477 τοῦτον
1236 2449 1281 2476 τὸν
1293 2449 1385 2476 καινὸν
1401 2447 1526 2480 πλοῦτον,
1549 2447 1634 2482 μηδὲν
1651 2445 1856 2480 ὲπεισαγαγόν-

1071 2505 1120 2527 τας
1139 2495 1214 2530 αὐτῷ
1229 2495 1276 2522 τοῦ
1297 2493 1418 2528 πονηροῦ
1435 2493 1588 2528 κόμματος,
1600 2493 1638 2524 ὼς
1652 2492 1736 2526 μόνην
1752 2491 1857 2525 ταύιην

1066 2540 1150 2569 οὖσαν
1165 2542 1236 2576 ὑπὲρ
1261 2542 1311 2576 τῆς
1328 2541 1357 2567 ὲν
1373 2538 1481 2575 οὐρανῷ
1506 2538 1643 2574 βασιλείας
1654 2538 1789 2572 ἀξιόχρεω
1807 2545 1857 2570 φο-

1069 2587 1131 2623 ράν.
1161 2587 1238 2613 Ἐπεὶ
1266 2585 1322 2622 γὰρ
1345 2583 1437 2617 ἆθλον,
1463 2584 1477 2611 ὃ
1506 2584 1547 2610 δεῖ
1575 2583 1653 2610 λαὸεῐ
1677 2583 1856 2617 ἀγωνισαμέ-

1069 2643 1143 2666 νους.
1158 2634 1173 2660 ὁ
1187 2633 1253 2664 Θεὸς
1268 2634 1341 2660 ἐστιν
1355 2632 1447 2664 αὐτὸς,
1467 2632 1575 2666 ἀνάγκη
1593 2631 1625 2666 δὴ
1640 2631 1707 2665 πρδς
1718 2630 1750 2657 τὸ
1769 2631 1858 2664 γέρας

1072 2677 1204 2711 ἀνάλογον
1219 2677 1303 2711 ἔχειν,
1319 2677 1367 2703 καὶ
1383 2676 1471 2708 θείους
1490 2674 1560 2702 εἶναι
1577 2677 1640 2705 τοὺς
1663 2675 1783 2708 ἀγῶνας,
1808 2672 1859 2699 καὶ

1072 2723 1139 2750 Θεὸν
1148 2723 1204 2754 τοῖς
1216 2722 1348 2757 ἀθληταῖς
1366 2722 1398 2749 οὺ
1412 2721 1492 2757 μόνον
1505 2718 1638 2755 ἀλείπτην
1648 2718 1719 2746 εἶναι
1736 2720 1785 2746 καὶ
1798 2717 1856 2745 τῶν

269 2827 293 2843 ³⁸
307 2826 388 2855 Joan.
405 2834 447 2859 ιιι,
460 2826 501 2862 ,6.
543 2826 566 2843 ⁸ο
590 2825 711 2862 Philipp.
729 2833 772 2860 Ill,
792 2825 820 2853 9.
857 2823 906 2852 "l
936 2825 1000 2854 Cor.
1024 2833 1069 2859 xv,
1094 2825 1187 2854 50-55.
1224 2825 1247 2842 “
1266 2825 1346 2854 Joan.
1373 2832 1434 2860 vni,
1458 2824 1504 2853 36.
1541 2824 1564 2841 "
1584 2823 1713 2852 lbid.56.
1749 2823 1775 2840 "
1786 2823 1864 2853 Psal.

235 2870 328 2895 nun,
348 2863 376 2890 5.
413 2862 437 2879 ’⁵
452 2861 521 2892 Gen.
546 2870 596 2896 xu,
610 2862 637 2889 3.
