1967 3071
229 135 283 166 623

859 130 1013 161 NICOLAI
1034 129 1230 160 CABASILH‘Z

1800 130 1848 161 62$

229 196 294 221 sunt
307 196 439 227 apparent
462 195 576 223 tantum.
598 191 635 217 illi
647 190 734 217 lutum
752 189 942 217 tantummodo
959 196 1020 216 cer—

1074 187 1175 223 ούραζε
1191 190 1314 222 φαίνεται
1333 189 1424 223 μόνον,
1454 190 1467 216 ὁ
1482 189 1567 223 πηλὸς
1592 190 1626 217 ἂν
1658 189 1745 224 ὁρῷτο
1773 189 1849 224 μόνος

230 243 318 271 nunt;
335 238 462 266 Christus
479 242 569 264 autem
586 244 649 263 cum
664 237 832 271 apparuerit,
853 235 936 262 etiam
961 235 1020 268 ipse

228 283 320 318 pulvis
340 290 388 311 sua
404 281 606 318 pulchritudine
627 281 795 316 conspicuus
819 282 882 313 erit,
907 280 1020 315 quando

231 333 260 355 ut
278 328 430 355 membrum
447 327 520 354 illius
545 326 882 361 fulguris“conspicietur,
906 331 931 352 et
945 325 1021 353 simi-

230 374 264 401 lis
279 373 331 401 erit
363 373 425 406 soli,
437 373 550 407 parique
565 373 688 400 claritate
708 372 876 400 corusc’abit.
895 381 903 397 ι
923 371 1020 406 Fulge-

230 420 297 447 huut
320 420 398 454 justi,
423 419 522 454 inquit,
546 421 616 447 sicut
638 420 677 447 sol
705 420 732 446 in
757 427 842 453 regno
868 419 956 446 Patris
971 425 1018 446 eo-

229 474 290 493 rum
309 466 350 500 ¹θ;
365 475 374 491 ι
395 473 510 501 regnum
528 465 614 493 Patris
628 473 729 493 vocans
742 466 832 493 radius
850 465 909 492 illos
920 465 1020 500 quibus

229 513 290 546 ipse
308 511 455 546 splendens
468 512 546 539 visus
564 517 606 539 est
622 512 766 546 apostolis,
796 512 884 546 ipsum
905 519 1019 546 regnum

230 561 257 584 et
273 557 345 592 quod
371 557 446 583 venit
472 557 500 583 in
532 557 642 589 virtute,
663 558 736 584 sicut
764 557 823 591 ipse
835 557 885 588 ait,
902 557 945 583 his
973 556 1019 590 qui

230 610 293 630 cum
315 602 455 630 viderunt.
472 602 627 637 Fulgcbunt
642 607 733 630 autem
753 607 779 630 et
791 603 858 638 justi
873 604 900 630 in
918 603 1021 630 dieillo

230 656 285 676 una
305 648 430 676 claritate
455 653 482 676 et
507 649 607 683 gloria,
634 649 676 676 his
695 649 805 683 quidem
835 649 1019 683 susceptione,

232 695 292 730 ipso
318 700 408 722 autem
449 695 700 722 communicatione
733 695 910 723 micantibus.
938 695 1020 723 Panis

233 741 305 768 cnim
323 741 378 772 hic,
391 747 491 775 corpus
506 740 568 773 hoc,
583 740 655 775 quod
672 740 736 767 hinc
748 740 782 767 ab
796 740 846 768 hac
867 747 961 768 mensa
986 748 1019 767 eo

231 790 373 822 portantes
390 786 510 823 venient.
529 785 580 812 hoc
595 790 646 817 est.
666 785 739 819 quod
755 792 839 820 super
855 785 938 811 nubes
954 789 1020 812 tunc

232 832 358 860 omnium
378 831 465 858 oculis
489 831 683 865 conspicietur,
712 831 868 865 orientique
895 834 922 857 et
945 829 1019 858 occi-

227 874 307 907 denti
325 879 411 906 instar
426 877 552 912 fulguris.
568 882 670 912 puncto
682 877 824 911 temporis,
838 876 1018 911 pulchritudi-

224 932 294 956 Jteln
322 931 400 951 suam
429 923 639 950 demonstrabit.
662 921 729 950 Cum
750 923 800 949 hoc
822 923 900 949 radio
924 923 1018 950 vivunt

233 969 333 1002 sancti,
355 973 380 996 et
395 976 409 996 a
430 967 548 995 mortuis
561 967 605 994 lu'x
628 975 682 994 non
697 967 817 1000 recedit;
839 968 928 995 lumen
944 967 1018 995 enim

231 1017 315 1052 justis
333 1023 439 1050 semper
453 1014 539 1047 adest,
554 1019 580 1041 ct
592 1013 624 1041 ad
640 1014 724 1041 vitam
742 1014 817 1041 illam
831 1014 883 1041 hoc
898 1013 1018 1041 illustra-

226 1062 253 1089 vti
269 1061 441 1096 perveniunt,
468 1066 587 1094 quocum
611 1066 719 1094 semper
745 1059 864 1093 luerunt,
895 1060 927 1086 ad
952 1059 1016 1086 illud

226 1094 301 1135 ‘tunc
314 1111 467 1135 currentes.
486 1105 564 1139 Quod
580 1107 653 1133 enim
678 1105 777 1141 cuique
790 1111 855 1133 tunc
876 1113 1020 1140 resurgen-

227 1141 302 1180 ‘tium
324 1152 442 1183 eveniet.
465 1155 495 1178 ut
510 1158 584 1183 ossa,
600 1155 626 1178 et
642 1155 746 1186 partes,
773 1155 799 1178 et
813 1150 935 1178 membra
956 1158 1019 1178 eum

227 1188 325 1243 icapitc
342 1196 375 1224 ad
392 1196 574 1231 integritatem
587 1196 696 1230 corpori
715 1196 903 1224 illustrandam
919 1204 1020 1224 convc-

234 1243 322 1275 niant,
350 1243 402 1269 hoc
425 1241 488 1268 item
511 1241 620 1269 Christo
637 1241 782 1273 Salvatori,
808 1243 946 1269 communi
962 1250 1021 1270 om-

235 1289 313 1316 nium
329 1287 410 1322 capiti
426 1287 576 1322 continget.
594 1286 702 1315 Etenim
713 1295 796 1323 super
810 1288 898 1316 nubes
913 1293 1018 1317 tantum

227 1337 394 1366 'coruscans,
410 1334 520 1368 propria
537 1334 718 1369 undecunque
748 1335 868 1362 membra
895 1336 1017 1370 recipiet,

227 1375 310 1427 iDeus
336 1380 363 1407 in
393 1379 484 1407 modio
508 1379 634 1412 deorum,
666 1379 808 1414 speciosus
833 1381 1020 1415 speciosornm

227 1427 352 1463 agminis
365 1427 535 1462 coryphteus.
553 1426 587 1453 Et
602 1426 831 1461 quemadmodum
845 1434 926 1455 onera
938 1428 1019 1461 elata,

227 1467 350 1516 ;vinculis
367 1473 558 1501 cohibentibus
573 1473 692 1508 diruptis
703 1494 711 1506 ,
726 1473 754 1500 in
777 1478 877 1501 terram
894 1474 1020 1507 tendunt,

1072 233 1117 260 τοῦ
1131 234 1250 268 Χριστοῦ
1267 235 1475 269 διαδειχθέντος,
1494 236 1541 262 καὶ
1554 236 1569 269 ή
1589 236 1663 266 κόνις
1675 235 1745 270 αὕτη
1771 235 1800 261 τὺ
1811 236 1846 262 οἱ-

1071 279 1144 304 κεῐον
1160 278 1324 311 ἐπιδείξεται
1346 279 1453 312 κάλλος,
1469 280 1513 306 ὅτε
1525 280 1574 315 τῆς
1589 281 1732 314 ἀστραπῆς
1746 280 1847 314 ἐκείνης

1073 324 1153 357 μέλος
1166 324 1232 351 οὖσα
1248 326 1372 359 φανεῖται
1388 327 1435 352 καὶ
1450 328 1639 361 προσαρμόσει
1667 327 1707 361 τῷ
1725 326 1792 361 ἡλίῳ
1805 327 1848 353 καὶ

1070 367 1120 402 τὴν
1133 370 1231 395 ἀκτῖνα
1246 370 1338 404 κοινὴν
1348 371 1458 405 ἀφήσει.
1478 380 1487 396 ι
1504 372 1647 406 Λάμψουστ
1673 373 1737 405 γὰρ.
1761 372 1847 405 φησὶν,

1071 415 1096 440 οί
1108 414 1206 441 δίκαιοι
1217 415 1254 446 ὡς
1271 416 1285 441 ό
1304 416 1377 450 ἥλιος
1410 417 1439 442 ὲν
1465 419 1498 452 τῇ
1517 417 1641 452 βασιλείᾳ
1673 418 1719 443 τοῦ
1747 418 1849 452 Πατρδς

1071 459 1172 490 αὐτῶν,
1194 468 1203 484 ι
1224 460 1363 494 βασιλείαν
1385 461 1431 487 τοῦ
1446 461 1552 496 Πατρὸς
1568 462 1618 497 τὴν
1636 462 1732 489 ἀκτῖνα
1763 462 1850 488 καλῶν

1070 504 1190 540 ἐκείνην,
1209 506 1312 542 καθ’ἥν
1326 507 1404 542 ὤφθη
1422 508 1471 541 μὲν
1487 508 1569 539 αὐτὸς
1582 508 1699 542 λάμπων
1717 510 1773 540 τοῖς
1787 510 1849 536 ἀπο-

1072 550 1187 582 στόλοις,
1200 552 1286 587 αὐτὴν
1305 551 1355 588 τὴν
1386 552 1527 586 βασιλείαν
1556 552 1602 578 τοῦ
1619 553 1697 584 Θεοῦ,
1727 554 1849 588 καθάπερ

1071 597 1151 628 αὑτός
1166 606 1259 632 φησιν,
1276 597 1436 632 ἐληλυθυῖαν
1459 600 1488 624 ὲν
1518 598 1642 634 δυνάμει,
1656 599 1829 634 τεθεαμένοις
1840 607 1848 614 ·

1070 642 1207 677 λάμψουσι
1220 643 1248 669 δὲ
1258 643 1304 670 καὶ
1321 644 1346 669 οί
1360 643 1460 670 δίκαιοι
1478 644 1525 670 ἐπὶ
1538 645 1588 679 τῆς
1615 633 1724 680 ἡμέρας
1742 633 1850 681 ἐκείνης

1072 689 1138 723 μίαν
1152 688 1334 723 λαμπρότητα
1351 689 1399 715 καὶ
1413 689 1502 723 δόξαν,
1517 690 1572 716 τῶν
1593 690 1642 725 μὲν
1661 691 1699 725 τῷ
1715 691 1849 725 δέχεσθαι,

1070 734 1116 761 τοῦ
1131 734 1159 761 δὲ
1180 735 1219 768 τῷ
1237 735 1357 762 διαδόναι
1387 735 1619 770 φαιδρυνομένων.
1653 736 1682 762 ‘0
1696 737 1748 771 γὰρ
1773 737 1851 770 ἄρτος

1070 775 1158 810 οὗτος,
1170 779 1200 805 τὸ
1218 779 1298 814 σῶμα
1312 779 1402 813 τοῦτο,
1421 780 1491 815 ὅπερ
1517 780 1639 807 ἑνθένδεν
1657 781 1711 808 ἀπὸ
1729 782 1777 816 τῆς
1789 791 1852 817 ’τρα-

1071 824 1156 859 πέζης
1176 825 1276 859 ταύτης
1291 825 1351 851 ἐκεῖ
1368 825 1530 859 κομίζοντες
1553 826 1657 861 ἥξουσι,
1688 827 1767 854 τοῦτό
1780 829 1851 855 ἐστιν

1068 870 1135 904 ὅπερ
1149 870 1193 896 ἐπὶ
1203 870 1258 896 τῶν
1269 870 1387 904 νεφελῶν
1397 870 1456 897 τότε
1466 872 1587 905 φανεῖται
1604 873 1686 898 πᾶσιν
1693 873 1852 908 ὀφθαλμοῖς,

1068 916 1115 943 καὶ
1128 916 1207 948 δείξει
1223 916 1271 951 τὴν
1287 915 1364 951 ὥραν
1375 917 1491 952 ἀνατολῇ
1504 918 1551 944 καὶ
1565 917 1640 944 δύσει
1656 918 1735 954 δίκην
1749 919 1851 954 ἀστρα-

1070 961 1124 996 πῆς
1144 963 1173 988 ὲν
1185 963 1233 997 μιᾷ
1247 963 1344 997 χρόνου
1364 963 1443 998 ῥοπῇ·
1463 964 1533 998 μετὰ
1546 964 1648 999 ταύτης
1661 964 1742 996 ζῶσιν
1756 966 1781 991 οἱ
1800 974 1851 1000 μα-

1069 1007 1162 1042 κάριοι
1177 1008 1227 1042 τῆς
1249 1009 1361 1040 ἀκτῖνος
1390 1009 1438 1036 καὶ
1455 1009 1645 1038 τελευτώντων
1673 1011 1704 1038 τὸ
1721 1012 1779 1046 φῶς
1804 1014 1852 1040 οὐκ

1069 1053 1221 1089 ἀποχωρεῖ.
1238 1055 1297 1086 Φῶς
1312 1054 1367 1089 γὰρ
1393 1055 1507 1088 δικαίοις
1533 1057 1691 1090 διαπαντὸς,
1721 1059 1853 1096 καὶπρὸς

1070 1100 1120 1136 τὴν
1137 1101 1211 1136 ζωήν
1223 1101 1332 1136 ἐκείνην
1348 1102 1438 1138 τούτῳ
1453 1102 1607 1137 λάμποντες
1629 1104 1817 1138 ἀφικνοῦνται,
1830 1103 1853 1140 ᾦ

1070 1145 1115 1172 τὸν
1132 1146 1176 1172 ἀεὶ
1189 1146 1311 1180 συνῆσαν
1326 1147 1434 1181 χρόνον,
1450 1147 1495 1173 ἐπ’
1515 1149 1603 1175 ἐκεῖνο
1625 1150 1777 1184 τηνικαῦτα
1790 1151 1852 1186 τρέ-

1070 1199 1177 1226 χοντες.
1196 1191 1228 1218 '0
1247 1192 1302 1226 γὰρ
1325 1192 1432 1228 ἑκάστῳ
1449 1193 1620 1228 συμϐήσεται
1641 1196 1702 1222 τότε
1719 1198 1773 1224 τῶν
1787 1199 1854 1225 ἀνα.

1072 1236 1278 1278 ϐιωσκομένων,
1294 1238 1362 1264 ὀστᾶ
1376 1239 1423 1265 καὶ
1439 1239 1509 1274 μέρη
1536 1241 1583 1267 καὶ
1600 1241 1669 1276 μέλη
1698 1244 1731 1278 τῇ
1748 1244 1852 1279 κεφαλῇ

1072 1280 1199 1310 συνιόντα
1219 1279 1273 1318 τὴν
1285 1284 1399 1320 ὁλότητα
1416 1285 1455 1320 τῷ
1473 1286 1579 1321 σώματι
1593 1288 1747 1322 διασώζειν,
1776 1290 1855 1317 τοῦτο

1072 1329 1120 1356 καὶ
1131 1329 1169 1364 τῷ
1181 1330 1289 1365 Σωτῆρι
1312 1330 1435 1366 Χριστῷ,
1460 1334 1493 1367 τῇ
1510 1334 1618 1360 πάντων
1633 1336 1709 1370 κοινῇ
1735 1336 1852 1371 κεφαλῇ.

1071 1376 1126 1402 Καὶ
1137 1375 1192 1411 γὰρ
1208 1376 1255 1402 ἐπὶ
1269 1376 1324 1404 τῶν
1344 1377 1464 1411 νεφελῶν
1484 1379 1646 1414 ἀστράψασα
1664 1381 1747 1414 μόνον
1766 1381 1800 1407 τὰ
1814 1383 1853 1408 ol-

1071 1422 1134 1448 κεῖα
1152 1422 1322 1458 πανταχόθεν
1350 1422 1521 1458 ἀπολήψεται
1540 1425 1620 1461 μέλη,
1647 1426 1712 1458 Θεὸς
1729 1427 1758 1453 ὲν
1780 1428 1856 1463 μέσῳ

1075 1469 1156 1501 θεῶν,
1176 1470 1277 1504 ὡραῖος
1297 1470 1399 1505 ὡραίου
1422 1472 1571 1506 κορυφαῖος
1587 1473 1680 1508 χοροῦ,
1705 1475 1752 1500 καὶ
1771 1475 1858 1502 καθά-

234 1520 411 1554 mediumque
425 1519 514 1546 locum
533 1526 582 1546 seu
597 1523 722 1546 centrqu
741 1519 833 1546 statim
851 1524 963 1554 petunt;
980 1520 1019 1547 sic

1074 1524 1126 1551 mp
1145 1516 1179 1542 τὰ
1198 1516 1323 1551 μιτέωρα
1343 1517 1414 1551 βάρη
1431 1517 1486 1544 τῶν
1498 1517 1605 1552 δεσμῶν
1632 1519 1686 1546 τῶν
1702 1520 1857 1556 ἐπεχόντων

233 1570 261 1593 et
279 1572 391 1599 corpora
403 1569 560 1591 sanctorum
575 1569 654 1592 terra:
669 1564 746 1592 atlixa
762 1570 827 1592 sunt
840 1565 885 1592 illa
898 1566 1020 1600 quidem,

235 1616 262 1639 ct
278 1610 448 1645 corruptioni
461 1611 570 1645 alligata
593 1611 731 1646 tyrannidi
754 1613 878 1644 subjecta
893 1617 1021 1644 manent;

229 1648 261 1684 1ct
277 1657 379 1684 idcirco
394 1656 610 1691 ingemiscimus,
636 1656 734 1691 inquit,
751 1658 777 1684 in
785 1657 844 1689 hoc
855 1658 1021 1685 habitacula.

229 1703 305 1738 ,Cum
323 1707 415 1730 autem
431 1702 544 1730 libertas
565 1703 684 1736 aﬂ'uerit,
704 1704 805 1738 impetu
822 1704 972 1731 incredibili
989 1705 1022 1731 ad

230 1748 374 1775 Christum
400 1748 534 1781 ferentur,
550 1752 580 1775 ut
603 1749 742 1784 proprium
767 1749 857 1777 locum
877 1750 1020 1784 recipiant.

235 1792 328 1826 Quare
355 1793 458 1821 Paulus
484 1794 631 1822 ostendens
660 1802 771 1822 cursum
795 1795 871 1822 illum
898 1795 1021 1823 cohiberi

236 1847 291 1867 non
306 1847 397 1873 posse,
414 1844 494 1867 vocat
522 1845 643 1875 raptum.
657 1849 667 1866 ι
686 1840 835 1875 Rnpiemur
859 1841 960 1875 inquit,
993 1841 1020 1868 in

230 1885 356 1925 nubibus
368 1883 474 1913 obviam
493 1886 603 1914 Christo
621 1886 648 1914 in
663 1894 728 1914 aera
738 1887 770 1914 ".
782 1896 792 1912 ι
801 1886 835 1914 Et
845 1886 970 1914 Salvator
985 1887 1023 1914 ait

236 1939 267 1960 se
281 1932 344 1960 illos
356 1937 558 1967 suscepturum.
590 1942 599 1959 ι
618 1932 708 1966 Tunc,
722 1933 861 1968 inquiens,
878 1934 933 1961 duo
943 1938 1023 1962 erunt

229 1968 264 2005 .in
278 1986 356 2013 agro,
384 1986 455 2006 unus
470 1984 638 2011 assumetur,
651 1984 679 2006 ct
696 1979 764 2006 alter
777 1980 947 2014 relinquetur
959 1980 991 2013 ἐς
1010 1989 1019 2006 ι

237 2024 304 2050 illud
319 2024 489 2058 significans,
512 2025 580 2052 nihil
596 2031 657 2053 esse
672 2025 821 2052 humanum
838 2033 888 2053 nec
903 2026 930 2053 in
956 2026 1023 2060 ipsis

238 2069 333 2102 situm,
346 2073 469 2096 utmorte
489 2070 566 2097 locus
588 2069 751 2105 sitaliquis;
769 2070 815 2098 sed
839 2071 896 2105 ipse
915 2071 1020 2105 trahet,

237 2115 295 2149 ipse
311 2116 407 2150 rapiet,
415 2116 461 2150 qui
482 2124 534 2144 non
547 2120 637 2151 potest
651 2117 754 2145 servire
768 2118 897 2152 tempori.

278 2299 432 2326 Sicutenim
444 2299 477 2326 ab
486 2299 562 2327 initio
572 2307 625 2327 non
635 2301 1024 2337 exspectavit‘utquarreretur,

239 2346 286 2374 scd
295 2346 350 2380 ipsc
358 2345 516 2373 aberrantes
525 2346 660 2381 quaesivit,
669 2348 910 2382 demonstratoque
918 2349 1025 2382 itinere,

239 2390 482 2418 dcindcambulare
492 2399 544 2418 non
554 2392 685 2426 valentes,
699 2393 755 2428 ipse
767 2393 888 2422 sublatos
897 2394 924 2421 in
935 2394 1028 2423 innue-

239 2443 286 2475 ros
297 2436 425 2470 portavit,
439 2440 465 2463 et
483 2436 608 2465 labentes
622 2442 741 2472 reparat.
754 2442 781 2465 ct
790 2438 892 2467 inertes
902 2440 1026 2475 corrigit,

239 2481 454 2509 ctabscedentes
480 2483 604 2516 advocat,
622 2489 648 2511 et
678 2484 791 2512 omnino
812 2485 846 2513 dc
872 2485 958 2513 salute
973 2486 1028 2514 illis

240 2529 344 2556 instare
360 2536 413 2556 non
425 2528 525 2556 desiuit
537 2538 545 2556 :
559 2529 597 2557 sic
613 2529 694 2557 etiam
711 2536 776 2558 tunc
792 2536 944 2558 extremum
964 2540 1028 2559 cur-

242 2582 302 2601 sum
318 2575 350 2601 ad
367 2574 457 2610 ipsum
486 2580 628 2604 currentes
643 2577 701 2611 ipsc
714 2578 855 2611 cxcitabit,
875 2583 902 2605 et
913 2578 1028 2606 volanti-

241 2620 293 2647 bus
319 2620 379 2655 ipsc
398 2620 457 2648 alas
473 2620 568 2648 faciet.
588 2621 652 2649 ldco
663 2627 689 2649 ct
705 2623 814 2657 aquilas
840 2631 890 2652 nos
906 2625 1030 2652 nominat

241 2666 275 2693 ad
304 2674 407 2701 corpus
433 2672 628 2702 congregatas.
664 2677 673 2693 ι
696 2668 858 2704 Ubicunque
877 2670 949 2697 enim
977 2671 1029 2698 erit

242 2719 352 2747 corpus,
368 2712 468 2747 inquit,
489 2712 544 2739 illic
560 2714 800 2748 congregabuntur
811 2720 837 2742 et
854 2716 951 2750 aquilae
967 2717 999 2744 η.
1015 2726 1024 2743 ι

242 2759 349 2786 Etenim
366 2766 381 2785 a
399 2766 491 2786 mensa
507 2759 539 2786 ad
555 2767 677 2787 mensam
690 2761 808 2794 venient,
826 2762 859 2789 ab
872 2763 1030 2791 abscondita

277 2849 299 2864 "
313 2848 407 2877 Matth.
428 2857 484 2881 xui,
501 2849 545 2876 45.

1040 2191 1064 2219 D

1074 1561 1214 1597 ῥαγέντων
1227 1562 1273 1588 ἐπὶ
1284 1562 1334 1597 τὴν
1359 1563 1412 1596 γῆν
1433 1564 1518 1598 χωρεῖ
1542 1565 1589 1590 καὶ
1604 1564 1650 1591 τὸν
1677 1565 1759 1600 μέσον
1776 1567 1857 1597 εὐθὺς

1073 1607 1190 1642 ἐζήτησε
1206 1608 1299 1640 τόπον,
1320 1608 1358 1639 ὡς
1371 1608 1401 1634 δὲ
1423 1609 1471 1635 καὶ
1493 1609 1527 1635 τὰ
1551 1610 1671 1645 σώματα
1688 1613 1744 1642 τοῖς
1770 1613 1859 1646 ἁγίοις

1074 1654 1251 1689 προσήλωται
1268 1654 1316 1689 μὲν
1327 1655 1360 1690 τῇ
1377 1655 1424 1688 γῇ,
1449 1656 1482 1690 τῇ
1498 1656 1586 1691 φοορᾶ
1602 1657 1714 1684 δεθέντα
1742 1658 1790 1685 καὶ
1813 1667 1861 1685 τυ-

1075 1700 1244 1735 ραννούμενα
1260 1701 1349 1736 μένει,
1374 1702 1420 1728 καὶ
1442 1702 1485 1729 διὰ
1500 1703 1580 1729 τοῦτο
1602 1703 1776 1739 στενάζομεν,
1807 1715 1861 1740 φη-

1076 1747 1129 1779 σὶν,
1148 1748 1177 1773 ὲν
1188 1747 1228 1782 τῷ
1243 1748 1350 1782 σκήνει,
1363 1748 1493 1783 φανείσης
1505 1749 1532 1775 δὲ
1542 1749 1591 1784 τῆς
1605 1749 1762 1785 ἐλευθερίας
1772 1751 1863 1786 ἀκρα-

1072 1794 1150 1828 τήτῳ
1163 1793 1239 1828 φορῷ
1253 1793 1321 1828 πρὸς
1335 1793 1381 1820 τὸν
1396 1794 1514 1830 Χριστὸν
1538 1795 1608 1822 ῖεται
1627 1795 1674 1822 τὸν
1693 1797 1796 1823 οἰκεῖον
1813 1806 1863 1824 κο-

1075 1837 1211 1873 μιζόμενα
1237 1839 1330 1865 τόπον.
1349 1838 1432 1865 Ὅθεν
1459 1840 1473 1866 ὁ
1492 1839 1598 1872 Παῦλος
1618 1841 1733 1875 ἄσχετον
1749 1841 1861 1874 δεικνὺς

1073 1882 1145 1910 εἶναι
1166 1883 1212 1910 τὸν
1243 1883 1342 1919 δρόμον
1371 1885 1487 1917 ἐκεῖνον,
1518 1885 1648 1920 ἁρπαγὴν
1689 1886 1720 1911 τὸ
1741 1887 1864 1922 πρᾶγμα

1073 1930 1166 1956 καλεῖ’
1181 1939 1191 1956 ‹
1219 1929 1451 1965 Ἀρπαγησόμεθα
1467 1930 1531 1966 γὰρ,
1558 1932 1640 1966 φησιν
1656 1951 1664 1964 ,
1683 1932 1711 1958 ἐν
1732 1932 1864 1966 νεφέλαις

1074 1977 1114 2008 είς
1128 1976 1279 2011 ἀπάντησιν
1293 1975 1340 2003 τοῦ
1369 1976 1473 2012 Κυρὲου
1505 1978 1545 2009 εἰς
1569 1978 1649 2012 ἀέρα,
1671 1986 1681 2002 ι
1708 1978 1754 2004 καὶ
1770 1979 1784 2004 ὸ
1801 1979 1863 2005 Σω-

1073 2023 1125 2058 τὴρ
1149 2023 1409 2058 παραλαμὸἀνεσθαί
1441 2032 1525 2058 φησιν
1546 2024 1664 2057 αὐτοὺς,
1683 2034 1693 2051 ‹
1711 2025 1779 2053 Τότε
1799 2026 1864 2061 δύο,

1073 2070 1169 2104 λέγων,
1184 2069 1292 2097 ἔσονται
1305 2071 1334 2096 ὲν
1349 2070 1388 2102 τῷ
1413 2070 1500 2106 ἀγρῷ,
1518 2071 1532 2096 δ
1546 2068 1586 2103 εἷς
1612 2071 1864 2107 παραλαμϐάνεται

1074 2116 1123 2143 καὶ
1147 2118 1162 2143 ὸ
1187 2115 1227 2148 είς
1255 2117 1377 2150 ἀφίεται,
1398 2126 1407 2142 ι
1428 2118 1517 2143 ἐκεῖνο
1543 2117 1694 2151 σημαίνων,
1720 2118 1758 2149 ὡς
1784 2118 1866 2145 οὐδὲν

1075 2162 1246 2198 ἀνθρώπινον
1261 2163 1322 2189 οὐδὲ
1337 2163 1403 2198 παρ’
1420 2163 1521 2195 αὐτῶν,
1534 2163 1609 2190 ὥστε
1635 2165 1683 2190 καὶ
1702 2164 1784 2200 σχολῇ
1799 2174 1864 2192 τινα

1077 2211 1169 2246 χώραν
1196 2207 1277 2244 εῐνάι,
1299 2210 1356 2237 ἀλλ’
1374 2211 1454 2243 αὐτὸς
1482 2211 1601 2245 tuam,
1625 2212 1706 2244 αὐτὸς
1729 2212 1868 2248 ἁρπάσαι,

1076 2256 1106 2283 ὃν
1123 2256 1173 2283 οὐκ
1187 2255 1227 2282 ἔνι
1242 2256 1330 2292 χρόνῳ
1342 2256 1489 2284 δουλεύειν.

1114 2303 1248 2338 Καθάπερ
1263 2302 1318 2338 γὰρ
1334 2303 1362 2335 ἐξ
1381 2303 1470 2337 ἀρχῆς
1496 2303 1546 2330 οὐκ
1569 2303 1696 2338 ἀνέμεινε
1712 2303 1873 2338 ζητηθῆναι

1078 2350 1144 2385 παρ’
1156 2349 1257 2383 αὐτῶν,
1283 2348 1341 2375 ἀλλ’
1357 2349 1438 2380 αὐτὸς
1457 2349 1573 2384 ἐζήτησε
1588 2349 1793 2384 πλανωμένους,
1820 2352 1875 2377 καὶ

1077 2397 1127 2431 τὴν
1143 2396 1202 2422 ὁδὸν
1215 2395 1360 2426 ὑποδείξας
1375 2394 1471 2421 ἔπειτα
1491 2394 1610 2429 βαδίζειν
1633 2396 1671 2430 μὴ
1697 2395 1874 2431 δυναμένους

1078 2442 1240 2476 ἁνελόμενο;
1253 2441 1301 2467 ἐπὶ
1319 2441 1372 2467 τῶν
1391 2440 1474 2475 ὤμων
1501 2441 1613 2476 ἐκόμισε
1642 2442 1689 2467 καὶ
1714 2441 1875 2474 πίπτοντας

1079 2487 1236 2514 ἀνεκαλεῖτο
1256 2487 1303 2513 καὶ
1327 2486 1517 2521 ῥᾳθυμοῦντας
1529 2487 1722 2521 ἐπηνωρθοῦτο
1735 2489 1784 2514 καὶ
1800 2490 1879 2516 ἀπο-

1079 2533 1237 2569 χωροῖωτας
1252 2532 1413 2567 παρεκάλει,
1435 2533 1482 2559 καὶ
1495 2533 1564 2564 ὅλως
1575 2533 1649 2569 Ιπερὶ
1662 2534 1712 2568 τῆς
1726 2536 1877 2569 σωτηρίας

1079 2580 1170 2611 αὐτοῖς
1181 2578 1332 2606 διετέλεσεν
1346 2578 1476 2613 ἐνοχλῶν·
1489 2579 1623 2614 οὖτωςκαὶ
1637 2581 1698 2606 τότε
1712 2581 1758 2607 τδν
1774 2581 1878 2607 τελευ-

1079 2627 1155 2652 ταῖον
1167 2626 1235 2660 πρὸς
1251 2625 1332 2652 αὑτὸν
1348 2625 1495 2661 τρέχοντας
1510 2625 1611 2661 δρόμον
1624 2626 1704 2658 αὐτὸς
1714 2627 1878 2661 ἀναστήσει

1080 2671 1128 2698 καὶ
1146 2671 1307 2706 πετομένοις
1330 2671 1410 2702 αὐτὸς
1431 2671 1582 2706 ἐργάσεται
1611 2671 1641 2698 τὸ
1670 2672 1783 2707 πτερόν.
1822 2673 1878 2699 Διά

1080 2717 1158 2744 τοῦτο
1178 2717 1226 2743 καὶ
1241 2717 1335 2748 ἀετοὺς
1348 2717 1480 2744 ἀπεκάλει
1497 2718 1636 2749 συνιόντας
1652 2717 1699 2744 ἐπὶ
1711 2718 1741 2744 τὸ
1754 2718 1878 2752 πτῶμα,

1083 2764 1188 2790 «Ὅπου
1205 2763 1271 2799 γὰρ,
1289 2764 1367 2799 φησὶ,
1381 2764 1412 2791 τὸ
1438 2764 1550 2799 πτῶμα,
1564 2764 1622 2791 ἐκεῖ
1650 2763 1879 2800 συναχθήσονται

587 2849 609 2865 ¹⁷
625 2849 634 2875 1
660 2848 755 2878 Thess.
771 2858 806 2886 tv,
827 2852 869 2879 Μ.
910 2853 931 2869 ¹⁴¹
943 2853 1038 2881 Matth.
1056 2861 1128 2887 xxxv,
1142 2853 1186 2882 28.
1229 2853 1249 2871 ¹⁹
1266 2854 1333 2882 ibid.
