1967 3071
113 158 159 191 625

647 160 696 191 DE
717 160 804 191 VITA
826 161 866 192 ΙΝ
885 161 1049 193 CHRISTO
1068 162 1142 193 LIB.
1162 163 1184 192 V

1669 164 1723 195 6‘26

113 216 135 242 oi
150 213 233 242 ἀετοί.
249 223 258 240 ι
276 215 331 242 Καὶ
351 214 406 250 γὰρ
431 215 485 242 ἀπὸ
509 216 650 252 τραπέζης
676 219 722 245 ἐπι
748 219 891 254 τράπεζαν

951 218 1035 246 ιόιιυθ
1064 220 1097 246 ad
1116 219 1300 251 manil‘éstam,
1318 225 1332 246 a
1357 226 1425 254 pane
1449 219 1483 248 ad
1510 227 1620 255 corpus.
1648 219 1727 248 Nunc

113 261 211 296 ἥξουσι,
227 260 276 294 τῆς
288 260 328 286 ἔτι
346 260 554 298 καλυπτομένης
567 263 614 289 ἐπὶ
626 263 676 298 τὴν
690 264 741 299 ἤδη
757 272 889 300 φανερου-

114 307 201 341 μένην,
221 306 274 333 ἀπὸ
288 306 335 333 τοῦ
352 307 434 342 ἄρτου
450 308 497 334 ἐπὶ
516 308 547 335 τὸ
560 309 670 344 πτῶμα.
689 310 747 337 Νῦν
769 312 820 346 μὲν
835 312 889 346 γὰρ

113 352 189 386 ἄρτος
205 353 279 379 ἐστὶν
295 353 387 385 αὐτοῖς
411 354 424 380 ὁ
440 354 570 390 Χριστος,
597 356 647 390 τὴν
659 356 831 392 ἀνθρωπείαν
848 358 889 384 ἔτι

114 396 174 428 ζῶσι
187 397 271 432 ζωὴν,
299 398 347 424 καὶ
369 398 472 434 πάσχα,
501 399 671 428 διαϐαίνουσι
696 402 750 436 γὰρ
769 402 891 430 ὲνοένδεν

114 442 153 468 ἐπὶ
178 442 227 477 τὴν
254 443 283 469 ὲν
305 443 413 478 οὖρανῷ
441 444 528 472 πόλιν·
560 446 604 472 ὅτε
633 446 662 473 δὲ
701 456 711 473 ι
728 447 891 481 ἀλλάξουσιν

115 487 197 522 ἰσχὺν,
227 489 464 524 πτεροφυήσουσιν
493 490 531 523 ὡς
567 492 651 526 ἀετοὶ,
671 503 681 519 ι
704 494 718 520 ὁ
734 493 891 529 Θαυμαστός

114 542 190 568 φησιν
203 533 330 568 Ἢσαῒας,
346 536 406 563 τότε
425 536 454 563 δὲ
469 538 512 564 ἐπ’
530 538 612 565 αὑτοῦ
625 539 671 566 τοῦ
687 540 831 575 πτώματος
845 549 893 568 κα-

114 579 248 606 θεδοῦνται
262 580 384 616 καθαροῦ
400 584 674 618 παραπετασμάτων.
695 584 729 611 Ὃ
745 585 791 611 καὶ
805 585 892 620 δηλῶν

112 624 126 650 ό
139 625 273 660 μακάριός
288 634 370 660 φησιν
383 627 510 663 Ἰωάννης
526 636 533 643 ⁸
551 637 560 653 ι
581 628 720 664 Ὀψὸμεθα
747 629 830 656 αὐτὸν
844 638 894 656 κα-

114 669 164 701 οὼς
179 670 256 697 ἐστιν
316 672 379 698 οὔτε
411 674 464 709 γὰρ
490 673 572 709 ἄρτος
592 674 666 701 ἐστὶν
688 675 780 707 αὐτοῖς
797 675 848 710 τῆς
865 675 894 702 ὲν

114 716 193 750 σαρκὶ
208 715 281 751 ζωῆς
295 718 485 753 πεπαυμένης,
501 718 564 746 οὔτε
585 720 678 755 πάσχα
694 720 820 755 μένουσιν
831 721 892 756 ἤδη,

113 761 156 788 τοῦ
169 761 317 796 πτώματος
336 763 365 789 δὲ
389 764 476 791 πολλὰ
492 766 580 800 φέρει·
610 767 657 793 καὶ
672 766 726 801 γὰρ
752 767 821 801 μετὰ
839 767 894 794 τῶν

114 807 270 841 στιγμάτων
284 808 312 833 αἱ
329 809 419 843 χεῖρες
433 809 480 836 καὶ
498 810 533 836 τὰ
560 811 620 845 ἴχνη
637 810 693 837 τῶν
708 810 782 846 ἥλων
807 811 896 838 οῖ’πό-

113 851 155 882 διες
169 851 270 886 ἔχουσι,
283 854 330 880 καὶ
342 853 482 882 τὸντύπον
503 855 544 882 ἐτι
570 856 649 891 φέρει
675 856 722 883 τοῦ
739 856 853 891 δόρατος
877 858 894 892 ἠ

941 264 1015 292 enim
1032 265 1110 299 panis
1137 265 1190 292 illis
1205 269 1246 292 est
1259 265 1398 298 Christus,
1416 265 1505 293 adhuc
1533 266 1615 293 vitam
1629 267 1727 293 huma-

942 317 1006 338 nam
1024 311 1188 344 viventibus,
1202 316 1228 338 et
1244 311 1344 346 phase;
1364 316 1508 339 transeunt
1517 312 1589 339 enim
1609 313 1672 340 hinc
1699 313 1725 339 iu

940 357 1079 384 cmlestem
1107 357 1255 384 civitatem.
1286 357 1401 390 Quando
1427 362 1518 385 autem
1545 366 1556 384 ‹
1582 358 1729 385 mutabunt

941 402 1176 436 fortitudinem,et
1188 408 1328 430 assument
1343 410 1456 437 pennas,
1468 404 1540 430 sicut
1552 403 1650 438 aquila:
1665 403 1700 434 '°,
1715 412 1724 427 ι

940 449 1020 484 juxta
1042 448 1152 480 lsaiam,
1169 452 1233 476 tunc
1250 449 1303 483 ipsi
1320 449 1429 483 corpori
1448 456 1464 476 a
1480 449 1638 476 velamentis
1657 449 1730 475 titulo

943 493 1109 521 insidebunt.
1126 492 1204 526 Quod
1217 493 1374 527 signiﬁcans
1388 497 1416 521 et
1430 493 1527 521 beatus
1536 494 1653 527 Joannes
1668 494 1705 520 ait
1722 502 1730 519 ι

946 547 955 564 ι
973 538 1132 567 Videbimus
1155 547 1217 566 eum
1231 539 1310 566 siculi
1338 542 1381 567 est
1410 539 1447 566 “.
1467 549 1476 565 ι
1495 539 1549 566 Nec
1562 540 1633 566 enim
1653 539 1732 573 panis

943 583 1069 611 Christus
1086 588 1127 611 est
1150 583 1213 614 illis.
1229 584 1339 618 quando
1357 584 1411 610 vita
1435 584 1462 610 in
1474 591 1557 611 carne
1572 583 1627 617 jam
1651 584 1730 610 tinem

944 628 1036 658 habet,
1051 635 1100 655 nec
1119 628 1204 662 phase
1219 628 1274 662 jam
1291 628 1474 655 manentibus.
1497 628 1626 662 Corporis
1641 632 1732 654 autem

944 673 1018 708 passi
1034 673 1111 707 signa
1126 673 1212 700 multa
1230 673 1293 700 iert.
1318 672 1424 700 Etenim
1445 681 1506 700 cum
1522 673 1658 708 stigmatis
1675 679 1732 698 ecr-

945 722 1049 746 nuntur
1065 727 1174 751 manus.
1191 723 1219 746 et
1232 719 1346 754 vestigia
1369 719 1508 747 clavorum
1527 719 1610 753 pedes
1622 718 1734 749 habent,

945 769 972 792 el.
987 769 1051 793 nota
1065 764 1148 792 inﬁxa
1171 765 1197 792 in
1229 765 1300 792 latus
1317 764 1418 792 lancea:
1437 764 1528 792 adhuc
1544 768 1642 791 exstat.
1673 763 1736 790 llaec

945 818 1023 840 cena
1034 811 1067 839 ad
1083 819 1184 846 c0rpus
1198 810 1266 838 illud
1284 811 1344 844 fert,
1366 811 1425 838 sine
1434 817 1491 845 qua
1509 810 1679 845 impossibile
1694 814 1738 836 est

947 858 1014 886 illud
1028 858 1142 893 adipsci,
1155 857 1267 892 pcl'inde
1280 862 1361 892 atque
1376 857 1461 884 erulis
1475 857 1563 884 oculis
1580 856 1691 883 intueri.
1707 855 1737 882 Si

115 897 228 933 πλευρά.
245 899 332 926 Τοῦτο
343 900 372 926 τὸ
385 899 494 927 δεῖπνον
519 902 562 928 ἐπ’
581 902 670 928 ἐκεῖνο
686 903 765 937 φέρει
780 903 810 929 τὸ
823 903 895 929 πτῶ-

951 904 1023 936 enim
1047 911 1102 930 non
1129 903 1229 930 habent
1255 902 1339 930 vitam
1365 902 1393 929 in
1417 901 1582 936 semetipsis,
1600 901 1647 935 qui
1667 901 1739 927 hanc

117 954 162 980 μα,
183 945 279 973 τούτου
292 947 377 983 χωρὶς
400 948 541 984 ἀμήχανον
554 949 643 976 ἐκεῖνο
658 949 764 982 λαὸεἴν,
781 950 832 985 οὺχ
844 947 895 985 ἦτ-

115 998 160 1017 τον
172 990 187 1024 ἢ
204 990 250 1017 τδν
268 992 421 1019 ἐκκοπέντα
434 994 499 1025 τοὺς
513 993 670 1028 ὀφθαλμοὺς
685 994 733 1020 τοῦ
747 994 835 1027 φωτὸς
852 995 894 1026 είς

115 1038 212 1071 πεῖραν
223 1037 320 1065 ἐλθεῖν.
343 1038 374 1065 El
395 1038 449 1074 γὰρ
476 1039 567 1074 ἔχουσι
594 1039 667 1075 ζωὴν
681 1039 711 1066 ὲν
737 1040 844 1072 ἑαυτοῖς
872 1040 898 1066 οἱ

114 1081 192 1108 τοῦτο
215 1082 252 1118 μὴ
272 1083 447 1116 δειπνοῦντες
471 1085 502 1111 τὸ
528 1085 646 1118 δεῖπνον,
676 1085 766 1120 μελῶν
793 1085 899 1120 νεκρῶν

115 1127 248 1161 ἀθάνατος
266 1129 325 1160 πῶς
343 1130 376 1157 ἂν
388 1130 496 1164 γένοιτο
511 1132 638 1168 κεφαλή;
668 1132 725 1159 Μία
744 1132 795 1167 μὲν
811 1133 865 1168 γὰρ
880 1133 897 1167 ἠ

116 1175 162 1209 τῆς
177 1175 318 1210 τραπέζης
333 1176 457 1211 δύναμις,
482 1175 524 1210 εἷς
549 1179 578 1205 δὲ
597 1178 696 1206 ἑστιῶν
729 1179 757 1205 ὲν
775 1179 900 1214 ἑκατέρῳ

115 1221 168 1247 τῶν
184 1222 303 1256 κόσμων,
322 1223 368 1249 καὶ
385 1223 463 1250 τοῦτο
491 1224 542 1259 μὲν
556 1225 631 1251 ἐστιν
646 1226 659 1252 ὁ
671 1224 797 1261 νυμφὼν,
820 1225 900 1251 τοῦτο

114 1266 144 1293 δὲ
183 1268 200 1302 ἡ
242 1269 311 1303 πρὸς
337 1269 382 1295 τὸν
421 1270 556 1304 νυμφῶνα
597 1271 780 1306 παρασκευὴ,
820 1271 901 1298 τοῦτο

114 1313 143 1339 δὲ
157 1313 237 1343 αὐτὸς
249 1314 263 1340 ὁ
276 1314 403 1349 νυμφίος.
418 1315 499 1342 Ὀοεν
514 1317 571 1348 τοῖς
586 1316 625 1353 μὴ
637 1317 708 1352 μετὰ
716 1317 822 1344 τούτων
836 1318 904 1344 ἀπε-

115 1359 244 1394 ληλυθᾶσι
274 1360 328 1387 τῶν
345 1361 441 1395 δώρων
466 1362 536 1397 πρὸς
558 1362 607 1399 τὴν
630 1363 704 1399 ζωὴν
725 1363 802 1391 ἔσται
822 1363 903 1391 πλέον

115 1406 203 1433 οὐδέν·
217 1403 258 1437 οἷς
269 1406 298 1432 δὲ
312 1407 419 1442 ὑπῆρξε
434 1408 481 1434 καὶ
496 1409 589 1436 λαϐεῖν
611 1409 662 1445 τὴν
675 1410 758 1446 χάριν
778 1410 826 1437 καὶ
851 1409 903 1436 σῶ-

117 1460 174 1485 σαι,
200 1454 248 1480 καὶ
269 1454 320 1488 τὴν
341 1455 427 1489 χαρὰν
457 1456 582 1490 εἰσῆλθον
609 1457 658 1484 τοῦ
685 1457 790 1493 Κυρίου
817 1456 907 1484 αὐτῶν

116 1499 164 1525 καὶ
187 1499 225 1534 τῷ
240 1500 349 1535 νυμφίῳ
365 1502 540 1537 συνεισῆλοον
569 1503 608 1534 είς
627 1503 672 1530 τὸν
703 1503 836 1538 νυμφῶνα
861 1503 908 1530 καὶ

115 1545 164 1580 τῆς
177 1545 260 1580 ἄλλης
275 1546 436 1582 ἀπήλαυσαν
447 1548 496 1583 τῆς
521 1549 551 1575 δν
574 1548 612 1576 τῶ
627 1549 729 1585 δείπνῳ
742 1549 860 1585 τρυφῆς,
874 1548 905 1575 οὗ

949 957 1056 977 orenam
1068 956 1123 976 non
1140 953 1259 980 cantant,
1268 949 1315 983 qui
1326 948 1488 975 immortalis
1501 953 1552 980 cst,
1567 951 1738 974 mortuorum

951 996 1138 1023 membrorum
1149 995 1287 1029 quomodo
1305 998 1394 1029 potest
1416 1001 1478 1022 esse
1493 994 1595 1028 caput?
1623 991 1682 1020 Una
1699 996 1740 1019 est

949 1041 1024 1069 enim
1039 1048 1141 1068 mensa:
1159 1041 1264 1073 virtus;
1287 1047 1360 1068 unus
1376 1040 1424 1075 qui
1449 1040 1603 1068 convivium
1619 1039 1646 1065 in
1665 1042 1740 1065 utro-

953 1094 1006 1122 que
1030 1086 1134 1114 mundo
1162 1091 1287 1121 apparat.
1313 1085 1346 1113 Et
1361 1085 1413 1113 hoc
1438 1086 1536 1120 partim
1565 1085 1674 1119 quidem
1699 1087 1742 1110 est

953 1133 1102 1166 thalamus,
1125 1132 1221 1168 partim
1234 1132 1268 1159 ad
1280 1131 1430 1159 thalamum
1449 1130 1622 1166 praeparatio,
1642 1129 1741 1165 partim

953 1189 1071 1218 sponsus
1096 1181 1221 1216 ipsemet.
1240 1179 1316 1208 Unde
1326 1180 1372 1215 qui
1393 1188 1447 1207 non
1463 1186 1528 1207 cum
1545 1179 1597 1214 illis
1614 1177 1692 1205 donis
1708 1177 1742 1204 ad

953 1229 1039 1256 vitam
1060 1228 1124 1256 hinc
1151 1227 1278 1260 abierint,
1305 1227 1375 1255 nihil
1393 1232 1608 1262 consequentur.
1635 1225 1743 1258 Quibus

953 1279 1044 1303 autem
1057 1274 1172 1309 gratiam
1190 1274 1314 1308 accipere
1341 1278 1369 1301 et
1387 1281 1497 1301 scrvare
1525 1272 1650 1307 contigit,
1674 1275 1701 1298 et
1716 1271 1745 1297 in

954 1320 1083 1355 gaudium
1099 1318 1205 1346 Domini
1223 1318 1266 1346 sui
1297 1318 1446 1350 intrarunt,
1461 1323 1489 1347 et
1514 1326 1577 1346 cum
1595 1317 1701 1352 Sponso
1716 1316 1745 1342 in

955 1364 1111 1392 cubiculum
1125 1363 1245 1398 nuptiale
1256 1367 1446 1391 convenerunt
1456 1363 1490 1396 ",
1503 1367 1530 1390 et
1545 1363 1608 1390 aliis
1620 1361 1746 1397 perl'ruiti

955 1414 1020 1438 sunt
1046 1410 1074 1436 in
1090 1417 1169 1437 caena
1199 1408 1314 1441 deliciis,
1327 1416 1381 1436 non
1398 1414 1463 1436 tunc
1491 1416 1523 1436 ea
1550 1408 1745 1441 adipiscentur,

956 1456 1005 1484 sed
1023 1455 1097 1491 quod
1121 1460 1299 1490 appet-tantes
1317 1459 1462 1484 venerunt.
1476 1454 1585 1482 Christo
1599 1457 1746 1488 conspecto

958 1500 1089 1536 liquidius
1117 1500 1245 1528 sentient.
1278 1499 1311 1526 Et
1343 1499 1401 1527 huic
1429 1504 1473 1527 est
1503 1500 1573 1527 ratio
1595 1499 1747 1527 secundum

958 1554 1042 1582 quam
1061 1554 1175 1581 regnum
1190 1547 1321 1573 cmlorum
1338 1545 1409 1573 intra
1424 1553 1474 1574 nos
1491 1551 1535 1574 est

116 1590 268 1624 τηνικαῦτα
280 1593 418 1628 τυχόντες,
439 1593 497 1620 ἀλλ’
524 1594 539 1620 ὃ
576 1595 736 1630 κομίζοντες
768 1593 862 1630 ἦλθον,
892 1593 988 1621 τούτου
1021 1591 1217 1627 διαδειχοέντος
1242 1591 1438 1627 καθαρώτερον
1459 1591 1662 1626 αἰσθανόμενοι.
1691 1589 1749 1618 Καὶ

117 1633 194 1670 οὗτος
207 1639 221 1666 6
238 1640 326 1674 λόγος,
343 1641 404 1668 καθ’
422 1641 479 1678 ὃνή
499 1642 624 1678 βασιλεία
634 1643 689 1671 τῶν
701 1643 824 1680 οὐρανῶν
841 1642 916 1674 ἐντὸς
931 1643 947 1678 ὴ
953 1641 1010 1677 μῶν
1023 1641 1109 1667 ἐστιν.

154 1710 178 1726 ’⁸
197 1711 250 1739 lsa.
273 1712 380 1748 x1..'_5l.
418 1714 440 1730 ¹¹
457 1713 559 1744 lJoan.
575 1723 616 1750 Ill,
630 1716 656 1743 2.
696 1717 718 1732 ¹¹
733 1716 802 1744 an.
817 1712 936 1748 χνιι,,2ι

126 1815 1746 1830 ——_____—______________________

361 1904 559 1968 ΠΕΡΙ
597 1906 766 1968 ΤΗΣ
805 1906 909 1969 ΕΝ
946 1906 1258 1971 ΧΡΙΣΤΩ
1287 1906 1512 1970 ΖΩΗΣ

673 2018 1186 2062 ΛΟΓΟΣᾏΠΕΜΠΤΟΣ

353 2101 422 2129 Τίνα
436 2102 618 2130 συντέλειαν
633 2102 710 2138 αὐτῇ
724 2104 886 2139 παρέχεται
899 2104 918 2138 ἠ
936 2105 1114 2139 καθιέρωσις
1131 2103 1185 2131 τοῦ
1202 2102 1281 2138 ἱεροῦ
1298 2100 1525 2134 θυσιαστηρίου.

523 2252 622 2314 DE
654 2252 851 2317 VITA
890 2254 970 2316 IN
1009 2247 1355 2316 CHRISTO

685 2372 862 2417 LIBER
908 2371 1196 2425 QUINTUS.

184 2515 234 2546 Ad
259 2523 420 2546 sacrarunt
436 2515 673 2556 divinorumque
694 2516 914 2555 mysteriorum
933 2514 1162 2546 absoluttonem
1175 2510 1274 2541 altare
1287 2510 1379 2540 etiam
1395 2508 1603 2539 necessarium
1621 2516 1695 2537 esse.

159 2588 222 2614 Τῶν
251 2587 301 2622 μὲν
325 2587 406 2622 ιερῶν
433 2588 590 2623 μυστηρίων
616 2585 694 2622 οὗτος
718 2590 733 2616 ὸ
754 2589 843 2624 λόγος.
864 2599 900 2616 κα

1000 2588 1147 2615 Sacrorum
1173 2585 1367 2621 mysteriorum
1381 2585 1421 2611 vis
1441 2588 1468 2611 et
1483 2582 1552 2610 ratio
1572 2583 1630 2609 haec
1654 2586 1706 2613 est,
1724 2582 1752 2606 et

117 2634 228 2669 ταύτην
246 2635 312 2669 ἡμῖν
327 2634 384 2669 ἔχει
402 2634 471 2669 πρὸς
486 2635 534 2670 τὴν
549 2635 637 2669 ἁληθῆ
660 2634 733 2670 ζωὴν
754 2636 804 2670 τὴν
823 2644 914 2671 παρα.

119 2680 240 2713 σκευήν.
265 2680 343 2707 Ἐπεὶ
354 2680 382 2706 δὲ
395 2680 425 2706 τὸ
438 2680 633 2715 θυσιαστήριον
649 2681 741 2715 πάσης
753 2682 826 2708 ἐστὶν
840 2682 911 2717 ἀρχὴ

116 2726 250 2760 τελετῆς,
263 2725 296 2752 ἂν
311 2735 340 2752 τε
350 2726 469 2753 δειπνεῖν
484 2727 516 2754 ἄν
527 2735 557 2753 τε
574 2727 677 2762 χρίσμα
690 2727 736 2763 δέῃ
750 2727 912 2762 λαμϐάνειν,

118 2774 175 2800 καὶ
192 2772 245 2808 μὴν
261 2773 309 2798 καὶ
328 2772 492 2807 ἱεράσαοϐαι
507 2773 554 2799 καὶ
570 2773 617 2799 τοῦ
634 2773 746 2809 λουτροῦ
764 2773 797 2799 τὰ
812 2772 913 2799 τελεώ-

117 2827 197 2845 τατα
215 2820 371 2853 μετασχεῖν,
386 2819 412 2846 εἰ
424 2827 450 2845 τι
464 2819 510 2845 καὶ
524 2819 590 2845 αὐτὸ
604 2819 671 2854 πρὸς
685 2820 742 2851 τοῖς
758 2819 916 2854 εἰρημένοις

120 2864 175 2891 καὶ
193 2864 242 2899 τὴν
259 2863 400 2899 πηγνῦσαν
418 2864 483 2891 αὐτὸ
505 2863 627 2900 νελετὴν,
647 2864 684 2897 ὡς
699 2861 751 2892 οἷοί
767 2865 797 2892 τέ
816 2866 912 2900 ἐσμεν,

963 2633 997 2662 ad
1014 2641 1105 2660 veram
1121 2632 1202 2659 vitam
1222 2633 1294 2658 hunc
1309 2630 1335 2657 in
1353 2630 1461 2658 modum
1477 2637 1527 2656 nos
1542 2628 1671 2656 excolunt
1687 2635 1756 2661 prm-

965 2683 1126 2715 parantque.
1144 2678 1279 2705 Caeterum
1295 2677 1357 2712 quia
1374 2676 1459 2703 altare
1476 2674 1566 2702 omnis
1594 2673 1757 2701 initiationis

965 2731 990 2754 et
1018 2725 1235 2754 consecrationis
1252 2722 1416 2759 principium
1438 2726 1490 2753 est,
1517 2727 1564 2747 seu
1582 2727 1660 2747 sacra
1678 2726 1758 2746 cuum

967 2772 1135 2807 usurpanda,
1154 2779 1202 2799 seu
1218 2770 1311 2797 unctio
1338 2769 1507 2803 accipienda,
1525 2775 1571 2794 seu
1589 2765 1756 2793 sacriﬁcium

967 2817 1134 2849 iaciendum,
1147 2824 1196 2845 seu
1216 2823 1276 2850 qua:
1294 2815 1320 2842 in
1338 2814 1473 2849 baptismo
1490 2812 1625 2848 praecipua
1649 2811 1760 2847 partici-

967 2864 1055 2900 panda
1071 2864 1145 2897 sint;
1174 2864 1196 2891 si
1215 2862 1369 2898 insupcrdc
1383 2862 1453 2896 ipso,
1467 2865 1494 2888 et
1511 2859 1565 2887 ritu
1585 2866 1640 2895 quo
1659 2865 1759 2886 corusc-
