1967 3071
136 159 190 191 63ἱῖ

684 165 732 194 DE
752 163 843 196 VlTA
863 164 903 196 IN
920 165 1085 197 CHRISTO
1103 168 1178 199 LIB.
1196 170 1228 201 V.

1701 172 1753 204 634

132 224 195 244 στον
206 215 260 242 τῶν
268 215 446 251 τελουμένων.
465 217 555 244 Πάντα
570 218 625 254 γὰρ
640 219 698 246 δέον
713 221 752 252 εἰς
763 220 842 254 δόξαν
851 220 919 248 Θεοῦ

976 223 1161 258 praecipueque
1188 224 1330 260 mysteria,
1347 225 1457 260 quando
1480 226 1607 254 omnibus
1621 227 1752 254 conduci-

130 263 230 295 ποιεῖν,
249 261 285 288 τὰ
302 263 438 298 μυστήρια
453 264 569 298 μάλιστα
584 266 702 298 πάντων,
718 267 773 301 ὅσῳ
789 267 835 293 καὶ
850 267 918 294 πάν-

131 317 187 336 Ιτων
202 309 411 346 λυσιτελέστερα
426 312 472 338 καὶ
484 312 553 339 Θεοῦ
568 312 659 347 μόνου.

175 356 250 382 Ἐπεὶ
271 356 299 382 δὲ
324 357 378 390 πρὸ
401 357 455 383 τῶν
475 357 555 385 Θεῐων
580 359 700 394 χαρίτων
725 359 755 386 οὐ
790 359 918 394 καθαίρει

136 401 200 428 σθαι
210 401 301 435 μόνον,
312 402 379 429 ἀλλὰ
396 404 443 429 καὶ
457 403 506 435 τὰς
524 404 683 440 συστοίχους
698 406 794 436 αὑταῖς
805 407 917 441 ἀρετὰς,

133 446 171 477 ὡς
190 443 241 473 οἷοί
256 447 286 473 τέ
309 447 404 480 ἐσμεν,
425 449 626 476 ἐπιδείκνυσθαι
652 451 716 486 χρὴ,
738 452 776 482 ὡς
794 452 842 477 ούκ
861 452 920 478 ὲνὺν

132 492 221 524 άλλως
240 493 385 528 τυγχάνειν
403 493 451 520 τοῦ
472 494 590 530 χορηγοῦ
604 495 658 522 τῶν
671 497 807 530 τοιούτων,
826 496 851 532 (ὁ
865 497 920 532 γὰρ

132 537 199 568 Θεδς
213 537 296 572 εὐχὴν
312 537 402 565 δίδωσι
419 539 450 565 ού
467 541 522 572 τοῖς
539 541 725 574 καθεύδουσιν,
740 542 807 568 ἀλλὰ
821 541 859 576 τῷ
873 541 919 568 εὐ-

132 582 250 617 χομένω,
264 583 310 609 καὶ
324 583 370 609 τὸν
383 584 581 618 ἀγωνιζόμενον
595 585 701 620 ἀλείφει
716 586 763 612 καὶ
780 587 920 621 σωφροσύ-

132 635 180 662 νης
192 627 282 654 δίδωσι
290 628 412 663 χάρισμα
421 629 459 664 τῷ
471 630 504 656 δι’
516 627 553 658 ὧν
568 631 655 663 ἔξεστι
668 632 862 667 σωφρονοῦντι,
871 633 918 658 καὶ

132 674 200 705 ὅλως
225 675 362 710 πανταχοῦ
378 676 428 711 τὴν
446 677 513 712 πρὸς
532 679 561 704 τὸ
582 678 747 714 ζητούμενον
771 680 919 715 ἐπιθυμίαν

133 720 181 754 οὐχ
205 717 245 752 οἷς
262 721 399 757 εὐχόμεθα
420 723 511 757 μόνον,
532 725 600 751 ἀλλὰ
616 725 662 752 καὶ
685 726 729 752 ἐπ’
749 726 839 753 αὐτῶν
865 727 918 753 τῶν

132 767 221 800 ἔργων
237 766 375 793 δεικνύναι
389 768 442 803 χρή
456 768 476 802 ·)
491 768 535 796 διὰ
553 770 632 796 τοῦτο
650 770 703 805 πρὸ
719 772 765 797 τοῦ
779 771 918 807 θειοτάτου

133 810 233 846 μύρου,
249 811 263 838 ὃ
273 812 312 847 τῷ
329 813 513 848 θυσιαστηρίῳ
524 814 573 849 τὴν
586 814 619 842 ἐκ
636 815 702 842 Θεοῦ
718 817 797 851 χάριν
809 814 863 843 οἵδε
874 825 920 843 κο-

134 857 234 892 μ’ζειν,
252 861 307 890 τοῖς
325 860 392 895 παρ’
411 861 478 895 ἡμῖν
493 861 605 888 εὐώδεσι
624 862 733 898 μυρίζει
750 864 799 898 τὴν
812 864 918 898 τράπε-

970 266 1066 295 biliorn
1081 272 1107 295 et
1125 268 1170 296 Dei
1182 269 1268 297 solius
1281 274 1355 297 sunt.

1006 359 1140 388 Caeterum
1157 360 1220 395 quia
1237 364 1301 388 ante
1316 361 1436 388 divinam
1452 361 1565 396 gratiam
1590 369 1643 388 non
1664 362 1752 389 solum

970 404 1124 439 deprimere
1144 413 1183 438 se,
1203 405 1251 433 sed
1264 406 1346 433 etiam
1363 407 1478 433 virtutes
1491 407 1541 441 ipsi
1556 407 1753 434 consociahiles

970 455 1102 484 quantum
1120 457 1277 484 possumus,
1298 455 1429 485 praestare
1445 455 1564 486 oportet,
1580 451 1652 486 quod
1673 451 1753 478 aliter

970 495 1200 529 suppeditatorem
1221 495 1316 529 gratim
1331 504 1386 523 non
1400 496 1569 530 acquirimus
1582 496 1665 532 (Deus
1679 497 1751 523 enim

970 544 1061 574 optata
1077 539 1192 575 largitur
1206 549 1260 568 non
1276 542 1487 575 dormientibus,
1506 543 1553 570 sed
1568 543 1754 577 pret-antibus,

969 589 995 612 et
1009 590 1158 612 certantem
1174 588 1251 621 ungit
1264 607 1272 620 ,
1293 592 1320 614 et
1335 588 1470 616 castitatis
1485 589 1583 615 donum
1599 589 1656 621 dat,
1670 589 1754 616 casti.

971 635 1053 658 tatem
1074 632 1231 664 exercendi,
1251 640 1300 667 per
1315 641 1376 667 quae
1405 635 1557 662 exercenda
1576 638 1629 667 est,
1645 637 1672 661 et
1695 634 1754 660 uni-

969 683 1048 704 verse
1063 677 1174 712 ubiqne.
1200 679 1365 707 desiderium
1381 680 1442 715 ejus
1457 681 1529 715 quod
1546 681 1686 714 quaeritur,
1700 687 1754 706 non

968 722 1040 749 votis
1054 723 1153 755 solum,
1169 725 1216 751 sed
1231 725 1311 751 etiam
1331 725 1397 759 ipsis
1419 726 1548 760 operibus
1562 726 1754 753 demonstran-

969 767 1033 794 dum
1048 770 1112 803 est),
1129 770 1189 797 ideo
1203 775 1265 798 ante
1277 771 1477 799 divinissimtnn
1493 779 1671 807 unguentum,
1682 772 1754 807 quod
1805 793 1808 796 .

970 812 1048 839 altari
1064 815 1177 848 gratiam
1195 823 1210 842 ιι
1231 815 1286 843 Deo
1300 820 1443 851 apportare
1456 817 1608 849 consuevit,
1622 818 1664 844 his
1695 825 1756 851 qua:

969 858 1039 892 apud
1057 867 1105 886 nos
1121 860 1189 888 bene
1198 861 1281 893 olent,
1295 869 1416 889 mensam
1428 862 1574 894 humectat,
1584 863 1649 889 vino
1659 867 1686 889 et
1694 863 1756 889 oleo

137 903 187 935 ζαν
204 903 269 939 οἴνῳ
281 906 327 931 καὶ
344 905 431 940 μύρῳ,
449 903 486 932 ὦν
499 907 529 932 τὸ
540 907 589 940 μὲν
685 895 782 944 τέρψιν
794 895 849 943 ἔχει
866 908 915 943 μό-

976 911 1138 937 'osarum,cx
1153 907 1252 941 quibus
1266 907 1317 935 hoc
1325 908 1489 940 voluptatem
1505 913 1607 935 tantum
1622 909 1700 936 nobis
1708 915 1757 942 ge-

133 959 189 982 νον,
203 951 234 977 τὺ
249 951 278 978 δὲ
294 952 341 978 καὶ
356 953 389 986 τῇ
406 951 462 987 ζωῇ
478 952 579 987 βοηθεῖ,
596 953 639 980 ἴνα
654 953 727 989 δείξῃ
744 954 919 989 τάνθρώπινα

132 996 297 1030 εἰσενεγκὼν
311 997 417 1024 ἅπαντα
427 997 585 1030 ὅτιτούτων
599 999 665 1033 ἡμῖν
681 999 726 1027 τὸν
740 999 798 1035 βίον
811 999 919 1027 ἅπαντα

134 1042 380 1078 συμπληρούντων,
396 1043 450 1070 τῶν
464 1052 494 1070 τι
511 1045 579 1079 πρὸς
592 1045 623 1072 τὸ
638 1045 687 1081 ζῇν
699 1046 858 1080 ἀναγκαίων
873 1046 920 1073 καὶ

133 1089 188 1115 τῶν
203 1089 301 1123 ἡδέων,
328 1089 495 1125 ἀμφοτέρων
517 1090 681 1126 ἀπάρχεται,
708 1093 769 1119 ἐπεὶ
796 1093 920 1124 κάκεῖνος

132 1133 219 1161 ἐλθὼν
232 1136 279 1161 καὶ
293 1134 365 1170 ζωὴν
379 1135 463 1162 ἔδωκε
479 1137 527 1163 καὶ
537 1138 667 1172 περισσὸν
683 1139 921 1174 προσέθηκεν,οὺκ

135 1180 289 1214 ἀναστήσας
313 1182 394 1215 μόνον
409 1181 456 1209 καὶ
476 1182 570 1214 λύσας,
595 1181 664 1209 ἀλλὰ
679 1184 725 1210 καὶ
747 1184 920 1218 βασιλεύσας,

134 1227 185 1261 τῆς
207 1227 346 1262 ἀκηράτου
364 1228 469 1262 τρυφῆς
491 1229 559 1263 ἡμῖν
574 1229 705 1263 μεταδοὺς
729 1229 833 1262 τούτοις
859 1231 920 1257 ὲπι-

136 1271 214 1307 φέρει
232 1272 261 1298 τὺ
278 1272 396 1307 μύρον,ὃ
412 1274 504 1300 πᾶσαν
520 1275 552 1308 τῇ
561 1275 657 1309 τελετῇ
672 1274 721 1310 τὴν
735 1275 850 1310 δύναμιν
860 1275 921 1310 ἕχον

134 1319 179 1359 ἕπτ’
193 1319 277 1354 αὐτὴν
291 1319 340 1355 τὴν
355 1319 450 1347 θυσίαν
466 1321 595 1355 ἄντικρυς
613 1321 701 1356 φέρει.

178 1409 256 1436 Ἐπεὶ
281 1410 335 1445 γὰρ
360 1411 417 1442 τοῖς
440 1410 501 1437 δυσὶ
529 1410 636 1442 τούτοις
652 1411 735 1447 αὐτὴν
763 1412 887 1439 ἐτέλεσεν
907 1414 922 1440 ὸ

137 1455 233 1491 Σωτὴρ
271 1455 301 1488 ὲξ
327 1455 427 1491 ἀρχῆς,
454 1465 464 1482 ι
482 1456 590 1489 λαϐὼν,
609 1458 693 1492 φησὶ,
714 1458 761 1485 τὸν
776 1459 856 1493 ἄρτον
875 1460 922 1486 καὶ

136 1502 288 1537 εὐλογήσας
306 1502 355 1537 τὴν
376 1504 467 1537 χεῖρα,
491 1511 501 1528 ›
523 1503 660 1538 ζητούμεν
675 1504 783 1538 ἐκείνην
804 1505 852 1531 καὶ
873 1505 922 1539 τὴν

970 954 1057 984 nerat,
1070 952 1137 978 illud
1151 953 1233 979 etiam
1245 953 1306 980 vita:
1315 954 1435 988 prodest,
1449 959 1479 980 ut
1496 954 1621 981 humanis
1630 954 1757 981 omnibus

970 995 1053 1024 illatis
1068 997 1176 1030 doceat,
1201 999 1274 1032 quod
1293 1007 1354 1026 cum
1382 999 1465 1026 vitam
1491 1003 1612 1026 nostram
1634 1000 1757 1034 repleant

971 1050 1087 1077 quorum
1103 1044 1156 1071 alia
1176 1045 1342 1077 necessaria,
1359 1045 1410 1072 alia
1429 1045 1551 1080 jucunda
1568 1051 1642 1077 sunt,
1653 1053 1683 1073 se
1699 1053 1757 1072 am-

970 1089 1066 1116 borum
1083 1089 1179 1116 oﬂ'errc
1193 1091 1337 1125 primitias.
1355 1091 1423 1118 Nam
1436 1095 1462 1117 et
1476 1091 1534 1126 ipse
1545 1098 1606 1118 cum
1625 1090 1756 1121 venisset,

971 1140 998 1162 et
1013 1135 1094 1163 vitam
1114 1136 1198 1168 dedit,
1217 1141 1244 1164 et
1263 1138 1381 1172 amplius
1402 1137 1520 1170 addidit,
1541 1145 1594 1165 non
1619 1136 1701 1163 modo
1729 1136 1755 1162 in

971 1182 1054 1209 vitam
1074 1190 1123 1209 nos
1136 1191 1278 1215 revocans.
1299 1188 1325 1210 et
1336 1183 1445 1211 vincula
1469 1183 1566 1210 mortis
1579 1182 1755 1216 abrumpens,

972 1228 1017 1254 sed
1042 1233 1070 1255 et
1094 1235 1171 1263 reges
1195 1229 1377 1261 constituens,
1401 1233 1429 1256 et
1456 1228 1624 1255 immortales
1647 1227 1758 1254 delicias

971 1274 1050 1302 nobis
1077 1275 1248 1310 impertiens,
1274 1279 1301 1302 et
1329 1275 1418 1302 adhuc
1431 1274 1590 1310 mysterium
1613 1272 1755 1308 adjiciens,

972 1321 1115 1354 quodcum
1132 1327 1239 1348 omnem
1255 1320 1376 1355 mysterii
1391 1320 1444 1347 vim
1456 1319 1649 1351 contineat.ad
1667 1317 1756 1352 ipsum

972 1373 1079 1400 quoque
1094 1366 1258 1394 sacrificium
1272 1366 1352 1400 plane
1367 1366 1496 1400 pertinet.

1007 1411 1040 1438 Et
1063 1412 1125 1446 quia
1145 1412 1187 1439 his
1214 1411 1319 1439 duobus
1346 1413 1435 1445 ipsum
1468 1411 1503 1438 ab
1536 1410 1615 1438 initio
1634 1409 1758 1437 Salvator

972 1457 1102 1490 confecit,
1125 1467 1135 1484 ‹
1158 1465 1220 1485 cum
1237 1458 1388 1492 accepisset
1400 1464 1509 1492 panem,
1524 1457 1623 1491 inquit,
1636 1460 1664 1483 et
1674 1455 1757 1482 bene-

974 1503 1136 1535 dixisset“,
1160 1513 1169 1530 ι
1188 1511 1298 1530 manum
1314 1503 1387 1529 illam
1420 1508 1447 1529 et
1476 1509 1570 1529 vocem
1597 1501 1755 1536 quaerimus.

137 1549 240 1595 (fwvﬂv,
257 1548 313 1583 Τὴν
338 1547 387 1583 μὲν
411 1545 457 1575 οὖν
479 1548 571 1584 φωνὴν
593 1548 618 1574 οί
643 1549 726 1584 ἱερεῖς
749 1550 856 1584 ἀφιᾶσι,
875 1553 921 1577 καὶ

976 1550 1075 1577 Vocem
1105 1550 1186 1584 igitur
1204 1549 1360 1576 sacerdotes
1381 1549 1516 1575 mittunt:
1533 1555 1563 1575 ea
1583 1551 1624 1574 est
1652 1545 1757 1577 eﬂicat,

136 1593 211 1620 ἔστιν
230 1593 340 1628 ἐνεργὸς
354 1594 392 1625 ὡς
413 1594 446 1621 ἂν
466 1595 568 1622 ἐκείνου
590 1595 786 1629 κελεύσαντοςσ
809 1606 818 1623 ι
840 1598 923 1624 Τοῦτ)

137 1640 203 1674 γὰρ,
219 1641 297 1674 φησὶ,
313 1642 415 1667 ποιεῖτε
428 1642 468 1672 είς
480 1642 530 1675 τὴν
543 1642 613 1677 ἐμὴν
625 1642 776 1678 ἀνάμνησιν
788 1652 795 1659 ·
814 1653 823 1669 i
839 1644 888 1679 τὴν
897 1646 925 1671 δὲ

137 1688 217 1722 χεῖρα
228 1687 258 1714 τὸ
279 1687 365 1722 μύρον
373 1687 496 1715 δύναται.
508 1688 561 1715 Καὶ
572 1688 638 1724 γὰρ,
651 1689 730 1720 Αὐτὸ,
744 1691 826 1725 φησιν
834 1692 847 1717 ὁ
855 1691 925 1723 θεῖος

138 1734 298 1766 Διονύσιος,
313 1733 344 1760 τὺ
365 1734 450 1768 μύρον
472 1733 577 1769 εἰσάγει
594 1735 641 1762 τὸν
665 1735 780 1770 Ἰησοῦν.
808 1736 880 1763 Ἀλλ’
901 1737 925 1763 οἱ

140 1779 190 1814 μὲν
203 1779 349 1806 ἀπόστολοι
363 1780 410 1806 καὶ
420 1780 470 1815 τὴν
484 1781 564 1815 χεῖρα
577 1780 641 1816 παρ’
654 1781 757 1807 ἑαυτῶν
770 1781 924 1816 εἰσέφερον,

139 1825 186 1852 καὶ
204 1825 258 1860 γὰρ
272 1825 320 1852 καὶ
333 1827 437 1861 ταύτην
453 1824 526 1861 εῐχον
547 1826 597 1861 τὴν
611 1828 705 1862 χάριν·
723 1829 747 1854 οί
769 1827 792 1853 δ’
805 1829 926 1860 ὲκείνους

139 1872 317 1907 ἐκδεξάμενοι
344 1873 462 1908 ταυτησὶ
489 1873 538 1907 τῆς
563 1873 673 1908 τελετῆς
700 1874 862 1910 ἐδεήθησαν,
877 1875 926 1911 τὴν

140 1919 232 1954 φωνὴν
252 1919 395 1954 δυνάμενοι
417 1920 508 1954 μόνον.
524 1919 586 1951 Τοῖς
607 1920 655 1954 μὲν
676 1920 730 1955 γὰρ
751 1921 870 1955 πρώτοις
888 1922 926 1947 ίε-

142 1966 217 2000 ρεῦσι
242 1965 435 2000 θυσιαστήριον
460 1963 530 2000 ἦσαν
553 1966 581 1992 αί
608 1967 710 2001 χεῖρες,
732 1968 789 1997 τοῖς
814 1967 843 1993 δὲ
868 1967 927 2001 μετ’

140 2013 261 2042 ἐκείνους
272 2012 305 2038 δι’
316 2012 429 2038 ἐκείνων
442 2013 455 2038 ὁ
467 2012 584 2046 Χριστος
592 2013 654 2043 τοὺς
669 2012 847 2046 μυστοδόκους
859 2013 929 2048 ᾠκο-

139 2061 259 2094 δόμησεν
280 2059 381 2090 οἴκους.
412 2058 548 2092 Ἑπιλέγει
570 2059 598 2085 δὲ
620 2058 696 2085 οὐδὲν
717 2055 774 2085 οἷον
796 2059 927 2094 πρότερον

140 2107 259 2141 ἐπιχέων
274 2108 308 2141 τῇ
324 2105 446 2141 τραπέζῃ
462 2105 492 2132 τὸ
509 2105 595 2140 μύρον
605 2126 612 2138 ,
628 2105 695 2132 ἀλλὰ
710 2105 784 2132 τοῦτ’
800 2106 866 2132 αὐτὸ
880 2105 928 2141 μό-

140 2163 186 2181 νον
202 2154 259 2189 ᾴδει
276 2153 315 2188 τῷ
331 2153 390 2188 Θεῷ
407 2149 482 2187 ᾆσμα
499 2151 592 2187 φωνῆς
610 2152 660 2186 μὲν
684 2151 814 2187 Ἐὗραίας
830 2152 928 2179 συλλα-

141 2202 203 2231 ϐαῖς
226 2199 378 2234 ὡρισμένον
402 2198 517 2232 ὀλίγαις,
533 2197 659 2230 ,διανοίας
681 2198 709 2224 δὲ
727 2197 866 2232 παναγοῦς
880 2198 926 2224 τοῦ

140 2248 196 2275 τῶν
213 2246 292 2281 ίερῶν
305 2245 452 2280 προφητῶν
467 2243 559 2279 χοροῦ.
572 2244 627 2270 Καὶ
638 2244 693 2278 γὰρ
706 2244 764 2270 ἐστι
779 2244 828 2279 μὲν
845 2245 928 2279 εὐφη-

143 2295 205 2328 μεῖν
224 2291 321 2327 μακρῷ
343 2291 415 2325 λόγῳ
429 2290 464 2317 τὰ
480 2289 678 2325 κατορθώμενα
693 2290 852 2322 διεξιόντας,
869 2290 927 2317 ἔστι

140 2339 170 2367 δὲ
185 2339 306 2373 ῥήμασιν
316 2337 416 2370 ὀλίγοις
429 2336 479 2371 τὴν
495 2335 566 2371 ᾠδὴν
577 2336 717 2370 ὁρίζοντας
733 2337 778 2362 τὸν
790 2337 927 2372 ὑμνούμε-

142 2395 187 2413 νον
203 2384 321 2419 ἁνᾲδειν.
342 2382 477 2417 Προσὴκει
490 2381 512 2407 δ’
534 2381 576 2413 διν,
593 2379 681 2415 οἶμαι,
698 2380 728 2407 τὺ
751 2381 800 2416 μὲν
821 2382 928 2416 πρῶτον

143 2429 347 2466 παρῳχηκότων
361 2428 378 2462 ἦ
392 2427 542 2461 μελλόντων
555 2427 594 2453 ἔτι
605 2426 659 2452 τῶν
673 2427 875 2461 ἐπαινουμένων
885 2427 929 2463 ἔρα

143 2485 212 2511 γων,
233 2474 265 2501 ἵν’
284 2471 338 2500 εἷεν
358 2473 417 2499 ἀντὶ
440 2472 541 2498 τούτων
565 2473 621 2502 τοῖς
637 2471 785 2506 θεωμένοις
805 2473 829 2498 οἱ
853 2472 928 2506 λόγοι

144 2521 332 2556 ἐνισταμένων
342 2520 370 2546 δὲ
386 2519 432 2546 καὶ
444 2518 595 2553 γινομένων
605 2516 682 2553 οἶμαι
694 2519 725 2545 τὸ
736 2518 874 2554 δεύτερον,
886 2519 930 2546 ὅτε

144 2569 199 2596 τῶν
224 2566 395 2602 πραγμάτων
415 2565 480 2600 παρ’
502 2564 613 2590 ἐαυτῶνὶ
630 2564 799 2599 φαινομένων
822 2564 929 2599 ἀνάγκη

143 2615 199 2641 τῶν
216 2612 405 2648 κηρυττόντων
419 2611 504 2644 λόγων
520 2609 573 2636 οὐδ’
591 2609 703 2644 ἡτισοῦν
722 2609 790 2645 πλὴν
805 2610 853 2645 τὴν
868 2610 930 2645 ἠδο-

145 2660 194 2695 νὴν
216 2659 277 2684 ὅσον
301 2655 468 2689 ἐνδείξασθαι
491 2655 537 2682 καὶ
559 2655 590 2681 τὺ
607 2654 708 2689 θαῦμα,
724 2655 818 2690 ὥσπερ
840 2656 886 2683 καὶ
907 2656 932 2682 οἱ

145 2704 286 2740 προφῆται
302 2703 354 2734 ἓως
381 2702 504 2729 Ἰωάννου
522 2701 738 2735 προεφήτευσαν.
758 2700 795 2727 To
815 2701 869 2735 γὰρ
885 2701 928 2727 ὲν-

145 2749 241 2776 τεῦοεν
254 2749 278 2775 τί
292 2747 345 2774 τῶν
359 2747 484 2782 ἀγγέλων
498 2747 549 2773 ἔδει
565 2745 611 2772 τοῦ
628 2746 819 2781 μεμηνυμένου
831 2746 928 2780 φανέν-

145 2804 209 2828 τος;
245 2795 364 2820 Ἐκεῖνον
389 2794 442 2828 γὰρ
467 2793 542 2820 οὐδὲν
567 2792 585 2824 ἢ
616 2792 680 2828 βοᾷν
703 2793 748 2818 καὶ
781 2791 930 2826 στεφανοῦν

977 1601 1069 1631 utpote
1098 1596 1170 1623 illius
1185 1595 1273 1631 jussu.
1302 1594 1391 1630 lnquit
1417 1594 1500 1625 enim,
1521 1603 1529 1619 ι
1548 1591 1603 1620 lloc
1628 1591 1708 1619 facite
1731 1591 1758 1618 in

976 1651 1063 1670 meam
1077 1641 1363 1670 commemorationem
1373 1641 1405 1666 ³⁵.
1413 1650 1421 1666 ι
1435 1640 1485 1666 Pro
1494 1646 1576 1666 manu
1586 1643 1627 1666 est
1637 1644 1759 1672 unguen—

978 1693 1045 1716 tum.
1064 1687 1169 1715 Etenim
1185 1687 1274 1721 ipsum
1297 1685 1389 1713 Jesum
1406 1686 1510 1712 inducit
1527 1688 1704 1720 unguentum,
1721 1682 1760 1709 ait

977 1735 1086 1762 divinus
1103 1733 1258 1769 Dionysius.
1277 1732 1329 1759 Sed
1344 1731 1457 1765 apostoli
1476 1730 1586 1766 quidem
1603 1730 1685 1756 etiam
1701 1735 1760 1754 ma-

978 1789 1030 1808 nus
1046 1787 1110 1807 suas
1127 1779 1264 1806 addebant
1280 1787 1286 1805 :
1302 1778 1403 1806 etenim
1417 1782 1444 1804 et
1463 1778 1531 1803 hanc
1546 1776 1661 1811 gratiam
1675 1774 1760 1801 habe-

979 1826 1053 1853 bant.
1070 1826 1168 1852 Eorum
1181 1831 1356 1851 successores
1383 1823 1435 1849 hac
1452 1821 1605 1849 initiatione
1633 1819 1759 1854 egebant,

977 1879 1044 1899 voce
1061 1875 1184 1906 potentes
1197 1874 1314 1897 tantum.
1330 1868 1430 1895 Primis
1448 1868 1548 1902 quippe
1571 1865 1760 1894 sacerdotibus

977 1916 1062 1944 altare
1098 1919 1176 1942 erant
1212 1921 1319 1940 manus.
1350 1911 1451 1938 Eorum
1483 1908 1688 1938 successoribus
1714 1915 1761 1942 per

978 1962 1051 1996 ipsos
1065 1959 1190 1988 Christus
1205 1959 1303 1986 domus
1315 1962 1417 1993 mystas
1434 1955 1594 1990 recipientes
1608 1954 1761 1981 aediﬁcavit.

978 2008 1047 2036 Dum
1083 2011 1172 2034 autent
1203 2009 1370 2040 unguentum
1408 2009 1509 2030 mensae
1542 2000 1667 2033 aﬂ‘undit,
1694 1999 1761 2026 nihil

978 2054 1057 2090 quale
1070 2058 1131 2081 ante
1141 2053 1287 2080 verborum
1302 2049 1461 2086 adjicit,sed
1475 2049 1526 2076 hoc
1539 2048 1627 2082 ipsum
1640 2050 1762 2073 tantum-

979 2101 1059 2128 modo
1089 2107 1200 2127 carmen
1231 2098 1285 2126 Deo
1309 2097 1395 2128 canit,
1411 2096 1487 2122 vocis
1509 2094 1627 2121 Hebraeae
1651 2091 1762 2127 syllabis

979 2147 1073 2182 paucis
1088 2145 1242 2176 deﬁnitum,
1254 2151 1336 2171 sensu
1347 2147 1438 2169 autem
1450 2139 1665 2170 sanctissimum,
1683 2137 1762 2164 chori

978 2198 1134 2221 sanctorum
1149 2190 1352 2225 prophetarum.
1368 2187 1472 2214 Etenim
1487 2186 1549 2213 licet
1560 2184 1670 2211 laudare
1681 2183 1764 2218 longo

981 2246 1118 2269 sermone,
1135 2237 1206 2264 facta
1232 2243 1294 2263 cum
1315 2235 1413 2261 virtute
1434 2235 1645 2263 enumerantes;
1659 2233 1687 2257 et
1701 2229 1764 2256 licet

981 2284 1072 2312 verbis
1088 2283 1183 2318 paucis
1199 2281 1301 2308 inclusa
1318 2279 1484 2308 laudatione.
1502 2284 1564 2304 eum
1582 2276 1628 2310 qui
1641 2275 1765 2302 laudatur

981 2331 1060 2366 quasi
1087 2335 1231 2357 coronare.
1250 2326 1390 2354 ‘Convenit
1404 2330 1505 2356 autent,
1524 2328 1553 2350 nt
1567 2322 1694 2354 arbitror,
1708 2321 1765 2355 pri-

982 2385 1056 2404 mum
1073 2374 1214 2402 laudandis
1227 2372 1355 2408 operibus
1367 2371 1410 2398 vel
1436 2370 1591 2404 praeteritis,
1619 2369 1660 2396 vel
1675 2368 1764 2395 adhuc

983 2423 1095 2454 futuris,
1109 2426 1138 2448 ut
1153 2418 1405 2453 contemplantibus
1423 2423 1518 2444 eorum
1535 2416 1594 2442 loco
1605 2415 1661 2442 sint
1671 2420 1764 2441 voces.

983 2470 1106 2496 Alterum
1121 2471 1188 2502 puto
1208 2473 1269 2493 esse
1280 2464 1451 2494 instantium,
1462 2467 1488 2489 et
1502 2469 1595 2488 eorum
1611 2467 1671 2495 qua;
1685 2460 1764 2490 llunt,

983 2514 1093 2550 quando
1112 2502 1204 2540 rebus.
1217 2518 1264 2546 per
1283 2514 1370 2537 semet
1390 2507 1596 2543 apparentibus,
1621 2505 1765 2532 verborum

981 2549 1187 2595 praedicandum
1205 2556 1260 2583 ulla
1271 2559 1314 2582 est
1336 2555 1498 2586 necessitas,
1515 2552 1566 2579 nisi
1582 2556 1715 2586 quantum
1731 2549 1765 2576 ad

980 2594 1145 2640 voluptatem
1157 2607 1183 2630 et
1201 2600 1439 2629 admirabilitatem
1456 2596 1696 2625 demonstrandam
1725 2594 1765 2620 ia-

981 2653 1027 2681 cit.
1041 2652 1117 2678 Sicut
1129 2654 1155 2677 et
1170 2648 1308 2684 prophetis
1321 2654 1408 2680 usque
1426 2645 1458 2672 ad
1474 2644 1608 2672 Joannem
1622 2641 1766 2676 propheta-

981 2702 1045 2725 runt
1058 2697 1091 2723 ".
1109 2695 1176 2723 Nam
1199 2698 1306 2727 tempus
1338 2698 1474 2722 secutum,
1489 2689 1554 2724 quid
1577 2686 1681 2714 nuntiis
1696 2686 1766 2712 indi-

983 2745 1073 2779 gebat,
1091 2749 1153 2770 cum
1185 2740 1303 2772 adesset,
1319 2738 1366 2773 qui
1393 2736 1535 2764 nuntiatus
1564 2732 1675 2762 fuerat?
1693 2731 1764 2758 Nihil

983 2790 1054 2818 enim
1074 2788 1126 2815 nisi
1142 2786 1218 2813 illum
1246 2784 1424 2820 proclamare,
1439 2787 1465 2810 et
1477 2783 1611 2809 honorare
1627 2778 1765 2814 reliquum

184 2887 205 2902 “
224 2886 315 2914 Matth.
329 2895 401 2919 sxw,
415 2886 458 2915 :16.
498 2889 518 2903 "
540 2887 604 2914 an.
624 2894 688 2918 xxn,
712 2886 752 2918 l9,
766 2885 810 2912 ‘Zl.
850 2882 1026 2914 “Muttinxt,
1042 2882 1083 2910 l5.
