  <div class='ocr_page' id='page_1' title='image "/cluster/home/n/w/nwhite01/storage/ocr_20150623/150/njp.32101077773180/334.png"; bbox 0 0 1967 3071; ppageno 0'>
   <div class='ocr_carea' id='block_1_1' title="bbox 126 134 176 164">
    <p class='ocr_par' dir='ltr' id='par_1_1' title="bbox 126 134 176 164">
     <span class='ocr_line' id='line_1_1' title="bbox 126 134 176 164; baseline 0.04 -2"><span class='ocrx_word' id='word_1_1' title='bbox 126 134 176 164; x_wconf 68' lang='grc' dir='ltr'>ςίιι</span> 
     </span>
    </p>
   </div>
   <div class='ocr_carea' id='block_1_2' title="bbox 682 130 1245 162">
    <p class='ocr_par' dir='ltr' id='par_1_2' title="bbox 682 130 1245 162">
     <span class='ocr_line' id='line_1_2' title="bbox 682 130 1245 162; baseline -0.002 0"><span class='ocrx_word' id='word_1_2' title='bbox 682 131 731 162; x_wconf 88' lang='lat' dir='ltr'><strong>DE</strong></span> <span class='ocrx_word' id='word_1_3' title='bbox 750 131 838 162; x_wconf 79' lang='lat' dir='ltr'><strong>VlTA</strong></span> <span class='ocrx_word' id='word_1_4' title='bbox 859 131 899 161; x_wconf 76' lang='grc' dir='ltr'><strong>ΙΝ</strong></span> <span class='ocrx_word' id='word_1_5' title='bbox 920 131 1085 162; x_wconf 75' lang='lat' dir='ltr'><strong>CHRISTO</strong></span> <span class='ocrx_word' id='word_1_6' title='bbox 1103 131 1175 161; x_wconf 84' lang='lat' dir='ltr'><strong>LIB.</strong></span> <span class='ocrx_word' id='word_1_7' title='bbox 1198 130 1245 162; x_wconf 81' lang='lat' dir='ltr'><strong>VI.</strong></span> 
     </span>
    </p>
   </div>
   <div class='ocr_carea' id='block_1_3' title="bbox 1704 130 1757 164">
    <p class='ocr_par' dir='ltr' id='par_1_3' title="bbox 1704 130 1757 164">
     <span class='ocr_line' id='line_1_3' title="bbox 1704 130 1757 164; baseline -0.038 -1"><span class='ocrx_word' id='word_1_8' title='bbox 1704 130 1757 164; x_wconf 71' lang='grc'><strong>642</strong></span> 
     </span>
    </p>
   </div>
   <div class='ocr_carea' id='block_1_4' title="bbox 127 185 918 225">
    <p class='ocr_par' dir='ltr' id='par_1_4' title="bbox 127 188 916 225">
     <span class='ocr_line' id='line_1_4' title="bbox 127 188 916 225; baseline 0 -11"><span class='ocrx_word' id='word_1_9' title='bbox 127 189 202 219; x_wconf 72' lang='grc' dir='ltr'>εἰκός</span> <span class='ocrx_word' id='word_1_10' title='bbox 229 189 287 215; x_wconf 83' lang='grc' dir='ltr'>ἐστι</span> <span class='ocrx_word' id='word_1_11' title='bbox 310 190 363 215; x_wconf 59' lang='grc' dir='ltr'>ικαὶ</span> <span class='ocrx_word' id='word_1_12' title='bbox 391 189 550 224; x_wconf 78' lang='grc' dir='ltr'>συμϐαῖνον,</span> <span class='ocrx_word' id='word_1_13' title='bbox 576 189 625 225; x_wconf 79' lang='grc' dir='ltr'>τὴν</span> <span class='ocrx_word' id='word_1_14' title='bbox 641 188 712 225; x_wconf 78' lang='grc' dir='ltr'>ζωὴν</span> <span class='ocrx_word' id='word_1_15' title='bbox 740 188 790 216; x_wconf 73' lang='grc' dir='ltr'>οὐκ</span> <span class='ocrx_word' id='word_1_16' title='bbox 805 188 916 223; x_wconf 77' lang='grc' dir='ltr'>ἀγαπᾷν</span> 
     </span>
    </p>
   </div>
   <div class='ocr_carea' id='block_1_5' title="bbox 970 185 1758 225">
    <p class='ocr_par' dir='ltr' id='par_1_5' title="bbox 970 185 1758 222">
     <span class='ocr_line' id='line_1_5' title="bbox 970 185 1758 222; baseline 0.001 -9"><span class='ocrx_word' id='word_1_17' title='bbox 970 186 1119 221; x_wconf 72' lang='lat' dir='ltr'><strong>putationis</strong></span> <span class='ocrx_word' id='word_1_18' title='bbox 1133 190 1234 214; x_wconf 60' lang='lat' dir='ltr'><strong>nostras</strong></span> <span class='ocrx_word' id='word_1_19' title='bbox 1254 185 1287 214; x_wconf 90' lang='lat' dir='ltr'><strong>de</strong></span> <span class='ocrx_word' id='word_1_20' title='bbox 1302 186 1356 214; x_wconf 89' lang='lat' dir='ltr'><strong>vita</strong></span> <span class='ocrx_word' id='word_1_21' title='bbox 1371 187 1398 214; x_wconf 91' lang='lat' dir='ltr'><strong>iu</strong></span> <span class='ocrx_word' id='word_1_22' title='bbox 1421 185 1534 214; x_wconf 85' lang='lat' dir='ltr'><strong>Christo</strong></span> <span class='ocrx_word' id='word_1_23' title='bbox 1553 187 1623 214; x_wconf 86' lang='lat' dir='ltr'><strong>hanc</strong></span> <span class='ocrx_word' id='word_1_24' title='bbox 1647 195 1758 222; x_wconf 84' lang='lat' dir='ltr'><strong>quoque</strong></span> 
     </span>
    </p>
   </div>
   <div class='ocr_carea' id='block_1_6' title="bbox 126 233 918 269">
    <p class='ocr_par' dir='ltr' id='par_1_6' title="bbox 126 233 918 269">
     <span class='ocr_line' id='line_1_6' title="bbox 126 233 918 269; baseline 0.001 -10"><span class='ocrx_word' id='word_1_25' title='bbox 126 233 292 268; x_wconf 76' lang='grc' dir='ltr'><strong>δεξαμένους</strong></span> <span class='ocrx_word' id='word_1_26' title='bbox 309 234 371 260; x_wconf 66' lang='grc' dir='ltr'>οὐδὲ</span> <span class='ocrx_word' id='word_1_27' title='bbox 395 235 548 268; x_wconf 80' lang='grc' dir='ltr'><strong>καθεύδειν,</strong></span> <span class='ocrx_word' id='word_1_28' title='bbox 572 234 609 266; x_wconf 86' lang='grc' dir='ltr'><strong>ὡς</strong></span> <span class='ocrx_word' id='word_1_29' title='bbox 624 235 658 261; x_wconf 80' lang='grc' dir='ltr'>ἂν</span> <span class='ocrx_word' id='word_1_30' title='bbox 671 235 702 260; x_wconf 67' lang='grc' dir='ltr'>τὸ</span> <span class='ocrx_word' id='word_1_31' title='bbox 717 235 771 261; x_wconf 80' lang='grc' dir='ltr'>πᾶν</span> <span class='ocrx_word' id='word_1_32' title='bbox 794 234 918 269; x_wconf 73' lang='grc' dir='ltr'>ἔχοντας.</span> 
     </span>
    </p>
   </div>
   <div class='ocr_carea' id='block_1_7' title="bbox 126 276 919 316">
    <p class='ocr_par' dir='ltr' id='par_1_7' title="bbox 126 276 919 316">
     <span class='ocr_line' id='line_1_7' title="bbox 126 276 919 316; baseline 0 -11"><span class='ocrx_word' id='word_1_33' title='bbox 126 279 196 306; x_wconf 69' lang='grc' dir='ltr'>ἀλλὰ</span> <span class='ocrx_word' id='word_1_34' title='bbox 211 280 260 306; x_wconf 74' lang='grc' dir='ltr'>καὶ</span> <span class='ocrx_word' id='word_1_35' title='bbox 283 279 318 306; x_wconf 78' lang='grc' dir='ltr'>δι’</span> <span class='ocrx_word' id='word_1_36' title='bbox 342 276 380 306; x_wconf 83' lang='grc' dir='ltr'><strong>ὢν</strong></span> <span class='ocrx_word' id='word_1_37' title='bbox 407 280 577 314; x_wconf 79' lang='grc' dir='ltr'><strong>φυλάξομεν,</strong></span> <span class='ocrx_word' id='word_1_38' title='bbox 595 280 719 316; x_wconf 81' lang='grc' dir='ltr'>προσῆκε</span> <span class='ocrx_word' id='word_1_39' title='bbox 749 280 851 315; x_wconf 81' lang='grc' dir='ltr'>ζητεῖν,</span> <span class='ocrx_word' id='word_1_40' title='bbox 874 280 919 306; x_wconf 74' lang='grc' dir='ltr'>τὸν</span> 
     </span>
    </p>
   </div>
   <div class='ocr_carea' id='block_1_8' title="bbox 128 325 920 363">
    <p class='ocr_par' dir='ltr' id='par_1_8' title="bbox 128 325 920 363">
     <span class='ocr_line' id='line_1_8' title="bbox 128 325 920 363; baseline 0.004 -13"><span class='ocrx_word' id='word_1_41' title='bbox 128 325 187 352; x_wconf 74' lang='grc' dir='ltr'>ἴσον</span> <span class='ocrx_word' id='word_1_42' title='bbox 199 326 300 360; x_wconf 84' lang='grc' dir='ltr'>τρόπον</span> <span class='ocrx_word' id='word_1_43' title='bbox 315 327 367 353; x_wconf 83' lang='grc' dir='ltr'>κάν</span> <span class='ocrx_word' id='word_1_44' title='bbox 385 328 442 359; x_wconf 81' lang='grc' dir='ltr'>τοῖς</span> <span class='ocrx_word' id='word_1_45' title='bbox 458 327 521 363; x_wconf 76' lang='grc' dir='ltr'>περὶ</span> <span class='ocrx_word' id='word_1_46' title='bbox 537 328 591 353; x_wconf 87' lang='grc' dir='ltr'><strong>τῶν</strong></span> <span class='ocrx_word' id='word_1_47' title='bbox 607 328 750 363; x_wconf 73' lang='grc' dir='ltr'><strong>προτέρων</strong></span> <span class='ocrx_word' id='word_1_48' title='bbox 767 327 830 358; x_wconf 82' lang='grc' dir='ltr'>τοὺς</span> <span class='ocrx_word' id='word_1_49' title='bbox 854 327 920 361; x_wconf 80' lang='grc' dir='ltr'>περὶ</span> 
     </span>
    </p>
   </div>
   <div class='ocr_carea' id='block_1_9' title="bbox 125 371 920 408">
    <p class='ocr_par' dir='ltr' id='par_1_9' title="bbox 125 371 920 408">
     <span class='ocr_line' id='line_1_9' title="bbox 125 371 920 408; baseline 0.005 -12"><span class='ocrx_word' id='word_1_50' title='bbox 125 371 182 397; x_wconf 79' lang='grc' dir='ltr'><strong>τῶν</strong></span> <span class='ocrx_word' id='word_1_51' title='bbox 209 371 345 406; x_wconf 79' lang='grc' dir='ltr'><strong>δευτέρων</strong></span> <span class='ocrx_word' id='word_1_52' title='bbox 361 373 532 407; x_wconf 77' lang='grc' dir='ltr'>προσθεῖναι,</span> <span class='ocrx_word' id='word_1_53' title='bbox 560 373 607 399; x_wconf 77' lang='grc' dir='ltr'><strong>καὶ</strong></span> <span class='ocrx_word' id='word_1_54' title='bbox 626 372 687 400; x_wconf 77' lang='grc' dir='ltr'>ὅθεν</span> <span class='ocrx_word' id='word_1_55' title='bbox 707 373 846 408; x_wconf 72' lang='grc' dir='ltr'>ἑζήσαμεν</span> <span class='ocrx_word' id='word_1_56' title='bbox 872 373 920 400; x_wconf 78' lang='grc' dir='ltr'>καὶ</span> 
     </span>
    </p>
   </div>
   <div class='ocr_carea' id='block_1_10' title="bbox 126 417 920 451">
    <p class='ocr_par' dir='ltr' id='par_1_10' title="bbox 126 417 920 451">
     <span class='ocr_line' id='line_1_10' title="bbox 126 417 920 451; baseline 0.003 -8"><span class='ocrx_word' id='word_1_57' title='bbox 126 418 202 448; x_wconf 74' lang='grc' dir='ltr'>ὅπως</span> <span class='ocrx_word' id='word_1_58' title='bbox 213 419 261 444; x_wconf 81' lang='grc' dir='ltr'><strong>καὶ</strong></span> <span class='ocrx_word' id='word_1_59' title='bbox 274 417 301 444; x_wconf 85' lang='grc' dir='ltr'><strong>τί</strong></span> <span class='ocrx_word' id='word_1_60' title='bbox 315 418 452 450; x_wconf 80' lang='grc' dir='ltr'>παθόντες</span> <span class='ocrx_word' id='word_1_61' title='bbox 468 418 609 451; x_wconf 70' lang='grc' dir='ltr'>εἰπόντας,</span> <span class='ocrx_word' id='word_1_62' title='bbox 625 418 721 446; x_wconf 74' lang='grc' dir='ltr'>ἔπειτα</span> <span class='ocrx_word' id='word_1_63' title='bbox 736 419 762 445; x_wconf 83' lang='grc' dir='ltr'><strong>τί</strong></span> <span class='ocrx_word' id='word_1_64' title='bbox 777 419 920 450; x_wconf 83' lang='grc' dir='ltr'>ποιοῦντες</span> 
     </span>
    </p>
   </div>
   <div class='ocr_carea' id='block_1_11' title="bbox 111 462 918 500">
    <p class='ocr_par' dir='ltr' id='par_1_11' title="bbox 111 462 918 500">
     <span class='ocr_line' id='line_1_11' title="bbox 111 462 918 500; baseline 0.004 -12"><span class='ocrx_word' id='word_1_65' title='bbox 111 463 158 488; x_wconf 74' lang='grc' dir='ltr'><strong>«οὺ</strong></span> <span class='ocrx_word' id='word_1_66' title='bbox 177 462 356 498; x_wconf 74' lang='grc' dir='ltr'><strong>προδώσομεν</strong></span> <span class='ocrx_word' id='word_1_67' title='bbox 373 464 423 499; x_wconf 80' lang='grc' dir='ltr'><strong>τήν</strong></span> <span class='ocrx_word' id='word_1_68' title='bbox 443 464 629 499; x_wconf 71' lang='grc' dir='ltr'>εὐδαιμονίαν,</span> <span class='ocrx_word' id='word_1_69' title='bbox 656 464 803 491; x_wconf 78' lang='grc' dir='ltr'>ἀκόλουθον</span> <span class='ocrx_word' id='word_1_70' title='bbox 828 464 861 492; x_wconf 85' lang='grc' dir='ltr'>ἂν</span> <span class='ocrx_word' id='word_1_71' title='bbox 875 465 918 500; x_wconf 73' lang='grc' dir='ltr'>εἴη</span> 
     </span>
    </p>
   </div>
   <div class='ocr_carea' id='block_1_12' title="bbox 114 508 920 552">
    <p class='ocr_par' dir='ltr' id='par_1_12' title="bbox 114 508 920 552">
     <span class='ocr_line' id='line_1_12' title="bbox 114 508 920 552; baseline 0.005 -18"><span class='ocrx_word' id='word_1_72' title='bbox 114 508 287 552; x_wconf 46' lang='grc' dir='ltr'>,διεξελθεῐψ</span> <span class='ocrx_word' id='word_1_73' title='bbox 302 509 400 535; x_wconf 80' lang='grc' dir='ltr'><strong>Καίτοι</strong></span> <span class='ocrx_word' id='word_1_74' title='bbox 414 510 495 536; x_wconf 83' lang='grc' dir='ltr'>τοῦτο</span> <span class='ocrx_word' id='word_1_75' title='bbox 507 510 558 545; x_wconf 83' lang='grc' dir='ltr'>μέν</span> <span class='ocrx_word' id='word_1_76' title='bbox 575 511 650 537; x_wconf 77' lang='grc' dir='ltr'>ἐστιν</span> <span class='ocrx_word' id='word_1_77' title='bbox 662 510 748 546; x_wconf 80' lang='grc' dir='ltr'>ἀρετὴ</span> <span class='ocrx_word' id='word_1_78' title='bbox 763 511 852 537; x_wconf 79' lang='grc' dir='ltr'>καὶτὸ</span> <span class='ocrx_word' id='word_1_79' title='bbox 869 511 920 546; x_wconf 71' lang='grc' dir='ltr'>ζῇν</span> 
     </span>
    </p>
   </div>
   <div class='ocr_carea' id='block_1_13' title="bbox 111 555 919 593">
    <p class='ocr_par' dir='ltr' id='par_1_13' title="bbox 111 555 919 593">
     <span class='ocr_line' id='line_1_13' title="bbox 111 555 919 593; baseline 0.004 -12"><span class='ocrx_word' id='word_1_80' title='bbox 111 556 199 593; x_wconf 64' lang='lat' dir='ltr'><strong>pta-:3:</strong></span> <span class='ocrx_word' id='word_1_81' title='bbox 215 557 261 582; x_wconf 74' lang='grc' dir='ltr'><strong>τδν</strong></span> <span class='ocrx_word' id='word_1_82' title='bbox 275 555 355 590; x_wconf 72' lang='grc' dir='ltr'>όρθδν</span> <span class='ocrx_word' id='word_1_83' title='bbox 371 556 468 590; x_wconf 79' lang='grc' dir='ltr'>λόγον·</span> <span class='ocrx_word' id='word_1_84' title='bbox 489 556 595 584; x_wconf 87' lang='grc' dir='ltr'>τούτων</span> <span class='ocrx_word' id='word_1_85' title='bbox 615 556 642 583; x_wconf 85' lang='grc' dir='ltr'>δὲ</span> <span class='ocrx_word' id='word_1_86' title='bbox 655 556 721 592; x_wconf 83' lang='grc' dir='ltr'>πέρι</span> <span class='ocrx_word' id='word_1_87' title='bbox 740 557 852 589; x_wconf 76' lang='grc' dir='ltr'><strong>πολλοῖς</strong></span> <span class='ocrx_word' id='word_1_88' title='bbox 870 557 919 591; x_wconf 80' lang='grc' dir='ltr'>μὲν</span> 
     </span>
    </p>
   </div>
   <div class='ocr_carea' id='block_1_14' title="bbox 127 601 919 636">
    <p class='ocr_par' dir='ltr' id='par_1_14' title="bbox 127 601 919 636">
     <span class='ocr_line' id='line_1_14' title="bbox 127 601 919 636; baseline 0.004 -9"><span class='ocrx_word' id='word_1_89' title='bbox 127 601 238 636; x_wconf 83' lang='grc' dir='ltr'>εῐρηται</span> <span class='ocrx_word' id='word_1_90' title='bbox 250 601 304 628; x_wconf 85' lang='grc' dir='ltr'><strong>τῶν</strong></span> <span class='ocrx_word' id='word_1_91' title='bbox 314 602 448 636; x_wconf 81' lang='grc' dir='ltr'>ἀρχαίων,</span> <span class='ocrx_word' id='word_1_92' title='bbox 463 603 573 634; x_wconf 75' lang='grc' dir='ltr'>πολλοῖς</span> <span class='ocrx_word' id='word_1_93' title='bbox 583 603 612 630; x_wconf 75' lang='grc' dir='ltr'>δὲ</span> <span class='ocrx_word' id='word_1_94' title='bbox 623 604 678 630; x_wconf 84' lang='grc' dir='ltr'><strong>τῶν</strong></span> <span class='ocrx_word' id='word_1_95' title='bbox 689 603 795 636; x_wconf 71' lang='grc' dir='ltr'>ἔπειτα,</span> <span class='ocrx_word' id='word_1_96' title='bbox 809 604 856 630; x_wconf 81' lang='grc' dir='ltr'>καὶ</span> <span class='ocrx_word' id='word_1_97' title='bbox 870 604 919 630; x_wconf 83' lang='grc' dir='ltr'>οὐκ</span> 
     </span>
    </p>
   </div>
   <div class='ocr_carea' id='block_1_15' title="bbox 126 647 919 684">
    <p class='ocr_par' dir='ltr' id='par_1_15' title="bbox 126 647 919 684">
     <span class='ocr_line' id='line_1_15' title="bbox 126 647 919 684; baseline 0.001 -10"><span class='ocrx_word' id='word_1_98' title='bbox 126 647 203 674; x_wconf 73' lang='grc' dir='ltr'>ἐστιν</span> <span class='ocrx_word' id='word_1_99' title='bbox 221 647 236 674; x_wconf 83' lang='grc' dir='ltr'><strong>ὃ</strong></span> <span class='ocrx_word' id='word_1_100' title='bbox 255 649 386 684; x_wconf 83' lang='grc' dir='ltr'>παρεῖται</span> <span class='ocrx_word' id='word_1_101' title='bbox 409 648 469 675; x_wconf 76' lang='grc' dir='ltr'>δέον</span> <span class='ocrx_word' id='word_1_102' title='bbox 491 648 631 684; x_wconf 76' lang='grc' dir='ltr'>εἰρῆσθαι,</span> <span class='ocrx_word' id='word_1_103' title='bbox 650 650 697 676; x_wconf 68' lang='grc' dir='ltr'>καὶ</span> <span class='ocrx_word' id='word_1_104' title='bbox 716 648 869 676; x_wconf 78' lang='grc' dir='ltr'><strong>κινδυνεύει</strong></span> <span class='ocrx_word' id='word_1_105' title='bbox 887 649 919 684; x_wconf 83' lang='grc' dir='ltr'>δὴ</span> 
     </span>
    </p>
   </div>
   <div class='ocr_carea' id='block_1_16' title="bbox 127 693 920 730">
    <p class='ocr_par' dir='ltr' id='par_1_16' title="bbox 127 693 920 730">
     <span class='ocr_line' id='line_1_16' title="bbox 127 693 920 730; baseline 0.003 -11"><span class='ocrx_word' id='word_1_106' title='bbox 127 693 276 728; x_wconf 78' lang='grc' dir='ltr'>περίεργον</span> <span class='ocrx_word' id='word_1_107' title='bbox 287 693 321 721; x_wconf 82' lang='grc' dir='ltr'>ἃν</span> <span class='ocrx_word' id='word_1_108' title='bbox 334 695 403 729; x_wconf 77' lang='grc' dir='ltr'>ἡμῖν</span> <span class='ocrx_word' id='word_1_109' title='bbox 414 694 461 721; x_wconf 78' lang='grc' dir='ltr'>τὸν</span> <span class='ocrx_word' id='word_1_110' title='bbox 477 694 572 729; x_wconf 85' lang='grc' dir='ltr'>ἀγῶνα</span> <span class='ocrx_word' id='word_1_111' title='bbox 585 694 679 721; x_wconf 82' lang='grc' dir='ltr'>τοῦτον</span> <span class='ocrx_word' id='word_1_112' title='bbox 693 694 820 730; x_wconf 76' lang='grc' dir='ltr'>ὴνύσθαι.</span> <span class='ocrx_word' id='word_1_113' title='bbox 840 694 920 722; x_wconf 82' lang='grc' dir='ltr'>Ἐπεὶ</span> 
     </span>
    </p>
   </div>
   <div class='ocr_carea' id='block_1_17' title="bbox 125 736 918 776">
    <p class='ocr_par' dir='ltr' id='par_1_17' title="bbox 125 736 918 776">
     <span class='ocr_line' id='line_1_17' title="bbox 125 736 918 776; baseline 0.001 -10"><span class='ocrx_word' id='word_1_114' title='bbox 125 739 149 766; x_wconf 85' lang='grc' dir='ltr'>δ’</span> <span class='ocrx_word' id='word_1_115' title='bbox 166 736 204 766; x_wconf 82' lang='grc' dir='ltr'>ὧν</span> <span class='ocrx_word' id='word_1_116' title='bbox 228 740 258 773; x_wconf 68' lang='grc' dir='ltr'>ἑξ</span> <span class='ocrx_word' id='word_1_117' title='bbox 275 740 362 775; x_wconf 85' lang='grc' dir='ltr'>ἀρχῆς</span> <span class='ocrx_word' id='word_1_118' title='bbox 380 740 591 776; x_wconf 66' lang='grc' dir='ltr'>ἐνεστησάμεθα</span> <span class='ocrx_word' id='word_1_119' title='bbox 609 741 656 768; x_wconf 76' lang='grc' dir='ltr'>καὶ</span> <span class='ocrx_word' id='word_1_120' title='bbox 681 741 711 767; x_wconf 83' lang='grc' dir='ltr'><strong>τὺ</strong></span> <span class='ocrx_word' id='word_1_121' title='bbox 729 741 795 775; x_wconf 73' lang='grc' dir='ltr'>περὶ</span> <span class='ocrx_word' id='word_1_122' title='bbox 813 741 918 767; x_wconf 83' lang='grc' dir='ltr'>τούτων</span> 
     </span>
    </p>
   </div>
   <div class='ocr_carea' id='block_1_18' title="bbox 126 785 920 822">
    <p class='ocr_par' dir='ltr' id='par_1_18' title="bbox 126 785 920 822">
     <span class='ocr_line' id='line_1_18' title="bbox 126 785 920 822; baseline 0.004 -11"><span class='ocrx_word' id='word_1_123' title='bbox 126 785 217 812; x_wconf 83' lang='grc' dir='ltr'>εἰπεῖν</span> <span class='ocrx_word' id='word_1_124' title='bbox 236 785 440 820; x_wconf 75' lang='grc' dir='ltr'>ἀπαιτούντων,</span> <span class='ocrx_word' id='word_1_125' title='bbox 464 787 489 813; x_wconf 83' lang='grc' dir='ltr'>εἰ</span> <span class='ocrx_word' id='word_1_126' title='bbox 511 787 566 822; x_wconf 80' lang='grc' dir='ltr'>μὴν</span> <span class='ocrx_word' id='word_1_127' title='bbox 590 787 770 822; x_wconf 68' lang='grc' dir='ltr'>προσθεῖμεν,</span> <span class='ocrx_word' id='word_1_128' title='bbox 793 787 845 814; x_wconf 73' lang='grc' dir='ltr'><strong>οὐκ</strong></span> <span class='ocrx_word' id='word_1_129' title='bbox 862 787 920 814; x_wconf 84' lang='grc' dir='ltr'>ἔστι</span> 
     </span>
    </p>
   </div>
   <div class='ocr_carea' id='block_1_19' title="bbox 127 829 917 868">
    <p class='ocr_par' dir='ltr' id='par_1_19' title="bbox 127 829 917 868">
     <span class='ocr_line' id='line_1_19' title="bbox 127 829 917 868; baseline 0.004 -11"><span class='ocrx_word' id='word_1_130' title='bbox 127 831 183 857; x_wconf 94' lang='grc' dir='ltr'><strong>σῶν</strong></span> <span class='ocrx_word' id='word_1_131' title='bbox 200 829 271 857; x_wconf 73' lang='grc' dir='ltr'>εἶναι</span> <span class='ocrx_word' id='word_1_132' title='bbox 285 831 332 858; x_wconf 76' lang='grc' dir='ltr'>τὸν</span> <span class='ocrx_word' id='word_1_133' title='bbox 353 831 443 866; x_wconf 83' lang='grc' dir='ltr'>λόγον,</span> <span class='ocrx_word' id='word_1_134' title='bbox 462 832 560 868; x_wconf 77' lang='grc' dir='ltr'>ῥητέον</span> <span class='ocrx_word' id='word_1_135' title='bbox 574 831 613 864; x_wconf 83' lang='grc' dir='ltr'><strong>ὡς</strong></span> <span class='ocrx_word' id='word_1_136' title='bbox 629 830 685 859; x_wconf 74' lang='grc' dir='ltr'>οἷόν</span> <span class='ocrx_word' id='word_1_137' title='bbox 701 841 742 864; x_wconf 75' lang='grc' dir='ltr'><strong>τε,</strong></span> <span class='ocrx_word' id='word_1_138' title='bbox 762 833 780 860; x_wconf 77' lang='grc' dir='ltr'>ἃ</span> <span class='ocrx_word' id='word_1_139' title='bbox 800 833 850 868; x_wconf 77' lang='grc' dir='ltr'>μὲν</span> <span class='ocrx_word' id='word_1_140' title='bbox 864 833 917 860; x_wconf 83' lang='grc' dir='ltr'>ίδια</span> 
     </span>
    </p>
   </div>
   <div class='ocr_carea' id='block_1_20' title="bbox 125 878 918 915">
    <p class='ocr_par' dir='ltr' id='par_1_20' title="bbox 125 878 918 915">
     <span class='ocr_line' id='line_1_20' title="bbox 125 878 918 915; baseline 0.003 -10"><span class='ocrx_word' id='word_1_141' title='bbox 125 878 182 906; x_wconf 86' lang='grc' dir='ltr'><strong>τῶν</strong></span> <span class='ocrx_word' id='word_1_142' title='bbox 189 878 370 914; x_wconf 78' lang='grc' dir='ltr'>ἀνθρωπίνων</span> <span class='ocrx_word' id='word_1_143' title='bbox 382 879 449 914; x_wconf 88' lang='grc' dir='ltr'>βίων</span> <span class='ocrx_word' id='word_1_144' title='bbox 462 879 571 914; x_wconf 76' lang='grc' dir='ltr'>ἑκάστῳ</span> <span class='ocrx_word' id='word_1_145' title='bbox 581 880 706 915; x_wconf 84' lang='grc' dir='ltr'>προσῆκε</span> <span class='ocrx_word' id='word_1_146' title='bbox 716 880 823 907; x_wconf 79' lang='grc' dir='ltr'>πολλῶν</span> <span class='ocrx_word' id='word_1_147' title='bbox 833 880 918 907; x_wconf 73' lang='grc' dir='ltr'>ὄντων</span> 
     </span>
    </p>
   </div>
   <div class='ocr_carea' id='block_1_21' title="bbox 125 922 919 961">
    <p class='ocr_par' dir='ltr' id='par_1_21' title="bbox 125 922 919 961">
     <span class='ocr_line' id='line_1_21' title="bbox 125 922 919 961; baseline 0.001 -10"><span class='ocrx_word' id='word_1_148' title='bbox 125 924 345 960; x_wconf 76' lang='grc' dir='ltr'>παραλιπόντας,</span> <span class='ocrx_word' id='word_1_149' title='bbox 363 922 401 952; x_wconf 84' lang='grc' dir='ltr'><strong>ῶν</strong></span> <span class='ocrx_word' id='word_1_150' title='bbox 415 924 438 952; x_wconf 81' lang='grc' dir='ltr'>δ’</span> <span class='ocrx_word' id='word_1_151' title='bbox 453 925 582 961; x_wconf 84' lang='grc' dir='ltr'>ὑπόχρεῳ</span> <span class='ocrx_word' id='word_1_152' title='bbox 601 926 676 960; x_wconf 82' lang='grc' dir='ltr'>κοινῇ</span> <span class='ocrx_word' id='word_1_153' title='bbox 699 925 738 960; x_wconf 85' lang='grc' dir='ltr'>τῷ</span> <span class='ocrx_word' id='word_1_154' title='bbox 757 925 816 960; x_wconf 88' lang='grc' dir='ltr'><strong>Θεῷ</strong></span> <span class='ocrx_word' id='word_1_155' title='bbox 836 926 919 952; x_wconf 80' lang='grc' dir='ltr'>καθέ-</span> 
     </span>
    </p>
   </div>
   <div class='ocr_carea' id='block_1_22' title="bbox 126 970 917 1007">
    <p class='ocr_par' dir='ltr' id='par_1_22' title="bbox 126 970 917 1007">
     <span class='ocr_line' id='line_1_22' title="bbox 126 970 917 1007; baseline 0.001 -10"><span class='ocrx_word' id='word_1_156' title='bbox 126 978 233 1004; x_wconf 81' lang='grc' dir='ltr'>σταμεν</span> <span class='ocrx_word' id='word_1_157' title='bbox 249 971 362 1004; x_wconf 85' lang='grc' dir='ltr'>πάντες,</span> <span class='ocrx_word' id='word_1_158' title='bbox 379 970 468 998; x_wconf 83' lang='grc' dir='ltr'>ταῦτα</span> <span class='ocrx_word' id='word_1_159' title='bbox 488 971 670 1002; x_wconf 82' lang='grc' dir='ltr'>σκοποῦντας.</span> <span class='ocrx_word' id='word_1_160' title='bbox 692 970 762 998; x_wconf 77' lang='grc' dir='ltr'>οὐτε</span> <span class='ocrx_word' id='word_1_161' title='bbox 787 970 841 1006; x_wconf 85' lang='grc' dir='ltr'><strong>γὰρ</strong></span> <span class='ocrx_word' id='word_1_162' title='bbox 867 971 917 1007; x_wconf 83' lang='grc' dir='ltr'>τὴν</span> 
     </span>
    </p>
   </div>
   <div class='ocr_carea' id='block_1_23' title="bbox 125 1016 917 1053">
    <p class='ocr_par' dir='ltr' id='par_1_23' title="bbox 125 1016 917 1053">
     <span class='ocr_line' id='line_1_23' title="bbox 125 1016 917 1053; baseline 0.003 -10"><span class='ocrx_word' id='word_1_163' title='bbox 125 1017 213 1051; x_wconf 83' lang='grc' dir='ltr'>αὐτὴν</span> <span class='ocrx_word' id='word_1_164' title='bbox 227 1017 328 1053; x_wconf 84' lang='grc' dir='ltr'>ἀρετὴν</span> <span class='ocrx_word' id='word_1_165' title='bbox 341 1018 414 1044; x_wconf 73' lang='grc' dir='ltr'>εἴποι</span> <span class='ocrx_word' id='word_1_166' title='bbox 429 1026 472 1049; x_wconf 80' lang='grc' dir='ltr'><strong>τις</strong></span> <span class='ocrx_word' id='word_1_167' title='bbox 483 1017 516 1044; x_wconf 85' lang='grc' dir='ltr'>ἂν</span> <span class='ocrx_word' id='word_1_168' title='bbox 527 1016 598 1044; x_wconf 79' lang='grc' dir='ltr'>εἶναι</span> <span class='ocrx_word' id='word_1_169' title='bbox 611 1017 667 1044; x_wconf 84' lang='grc' dir='ltr'>δεῖν</span> <span class='ocrx_word' id='word_1_170' title='bbox 678 1017 732 1044; x_wconf 88' lang='grc' dir='ltr'><strong>τῶν</strong></span> <span class='ocrx_word' id='word_1_171' title='bbox 747 1026 776 1044; x_wconf 81' lang='grc' dir='ltr'><strong>τε</strong></span> <span class='ocrx_word' id='word_1_172' title='bbox 791 1017 824 1045; x_wconf 77' lang='grc' dir='ltr'><strong>τὰ</strong></span> <span class='ocrx_word' id='word_1_173' title='bbox 838 1018 917 1045; x_wconf 74' lang='grc' dir='ltr'>κοινὰ</span> 
     </span>
    </p>
   </div>
   <div class='ocr_carea' id='block_1_24' title="bbox 125 1061 918 1098">
    <p class='ocr_par' dir='ltr' id='par_1_24' title="bbox 125 1061 918 1098">
     <span class='ocr_line' id='line_1_24' title="bbox 125 1061 918 1098; baseline 0.003 -10"><span class='ocrx_word' id='word_1_174' title='bbox 125 1061 359 1098; x_wconf 77' lang='grc' dir='ltr'>πολιτευομένων,</span> <span class='ocrx_word' id='word_1_175' title='bbox 385 1064 433 1090; x_wconf 75' lang='grc' dir='ltr'><strong>καὶ</strong></span> <span class='ocrx_word' id='word_1_176' title='bbox 449 1063 474 1090; x_wconf 88' lang='grc' dir='ltr'>οἳ</span> <span class='ocrx_word' id='word_1_177' title='bbox 494 1063 529 1090; x_wconf 84' lang='grc' dir='ltr'>τὰ</span> <span class='ocrx_word' id='word_1_178' title='bbox 548 1062 638 1090; x_wconf 82' lang='grc' dir='ltr'>αὐτῶν</span> <span class='ocrx_word' id='word_1_179' title='bbox 659 1063 837 1098; x_wconf 84' lang='grc' dir='ltr'>πράττουσιν,</span> <span class='ocrx_word' id='word_1_180' title='bbox 855 1063 918 1090; x_wconf 77' lang='grc' dir='ltr'>οὗτε</span> 
     </span>
    </p>
   </div>
   <div class='ocr_carea' id='block_1_25' title="bbox 124 1109 917 1145">
    <p class='ocr_par' dir='ltr' id='par_1_25' title="bbox 124 1109 917 1145">
     <span class='ocr_line' id='line_1_25' title="bbox 124 1109 917 1145; baseline 0.001 -10"><span class='ocrx_word' id='word_1_181' title='bbox 124 1109 172 1135; x_wconf 79' lang='grc' dir='ltr'>τὸν</span> <span class='ocrx_word' id='word_1_182' title='bbox 191 1109 260 1144; x_wconf 67' lang='grc' dir='ltr'>μετὰ</span> <span class='ocrx_word' id='word_1_183' title='bbox 276 1109 308 1136; x_wconf 64' lang='grc' dir='ltr'>τὸ</span> <span class='ocrx_word' id='word_1_184' title='bbox 323 1109 438 1145; x_wconf 76' lang='grc' dir='ltr'>λουτρὸν</span> <span class='ocrx_word' id='word_1_185' title='bbox 459 1110 498 1144; x_wconf 85' lang='grc' dir='ltr'>τῷ</span> <span class='ocrx_word' id='word_1_186' title='bbox 522 1109 581 1144; x_wconf 88' lang='grc' dir='ltr'><strong>Θεῷ</strong></span> <span class='ocrx_word' id='word_1_187' title='bbox 596 1109 681 1144; x_wconf 75' lang='grc' dir='ltr'>μηδὲν</span> <span class='ocrx_word' id='word_1_188' title='bbox 697 1109 778 1136; x_wconf 86' lang='grc' dir='ltr'>πλέον</span> <span class='ocrx_word' id='word_1_189' title='bbox 795 1110 917 1145; x_wconf 83' lang='grc' dir='ltr'>ὑπεσχη-</span> 
     </span>
    </p>
   </div>
   <div class='ocr_carea' id='block_1_26' title="bbox 127 1153 920 1193">
    <p class='ocr_par' dir='ltr' id='par_1_26' title="bbox 127 1153 920 1193">
     <span class='ocr_line' id='line_1_26' title="bbox 127 1153 920 1193; baseline 0.003 -11"><span class='ocrx_word' id='word_1_190' title='bbox 127 1155 229 1191; x_wconf 79' lang='grc' dir='ltr'>μένων,</span> <span class='ocrx_word' id='word_1_191' title='bbox 244 1157 291 1182; x_wconf 74' lang='grc' dir='ltr'>καὶ</span> <span class='ocrx_word' id='word_1_192' title='bbox 306 1153 346 1188; x_wconf 78' lang='grc' dir='ltr'>οἷς</span> <span class='ocrx_word' id='word_1_193' title='bbox 364 1158 378 1184; x_wconf 78' lang='grc' dir='ltr'><strong>ό</strong></span> <span class='ocrx_word' id='word_1_194' title='bbox 394 1156 453 1192; x_wconf 81' lang='grc' dir='ltr'>βίος</span> <span class='ocrx_word' id='word_1_195' title='bbox 470 1157 606 1193; x_wconf 85' lang='grc' dir='ltr'>μονώτης,</span> <span class='ocrx_word' id='word_1_196' title='bbox 626 1157 651 1183; x_wconf 84' lang='grc' dir='ltr'>οἶ</span> <span class='ocrx_word' id='word_1_197' title='bbox 668 1157 818 1192; x_wconf 80' lang='grc' dir='ltr'>παρθενίαν</span> <span class='ocrx_word' id='word_1_198' title='bbox 835 1157 920 1192; x_wconf 83' lang='grc' dir='ltr'><strong>πρού-</strong></span> 
     </span>
    </p>
   </div>
   <div class='ocr_carea' id='block_1_27' title="bbox 125 1202 918 1238">
    <p class='ocr_par' dir='ltr' id='par_1_27' title="bbox 125 1202 918 1238">
     <span class='ocr_line' id='line_1_27' title="bbox 125 1202 918 1238; baseline 0.003 -11"><span class='ocrx_word' id='word_1_199' title='bbox 125 1202 263 1236; x_wconf 78' lang='grc' dir='ltr'><strong>στήσαντο</strong></span> <span class='ocrx_word' id='word_1_200' title='bbox 274 1203 321 1229; x_wconf 75' lang='grc' dir='ltr'><strong>καὶ</strong></span> <span class='ocrx_word' id='word_1_201' title='bbox 331 1203 363 1229; x_wconf 74' lang='grc' dir='ltr'>τὸ</span> <span class='ocrx_word' id='word_1_202' title='bbox 376 1203 460 1238; x_wconf 85' lang='grc' dir='ltr'>μηδὲν</span> <span class='ocrx_word' id='word_1_203' title='bbox 471 1203 554 1238; x_wconf 71' lang='grc' dir='ltr'>ἔχειν,</span> <span class='ocrx_word' id='word_1_204' title='bbox 567 1204 615 1230; x_wconf 74' lang='grc' dir='ltr'>καὶ</span> <span class='ocrx_word' id='word_1_205' title='bbox 628 1202 667 1238; x_wconf 84' lang='grc' dir='ltr'>μὴ</span> <span class='ocrx_word' id='word_1_206' title='bbox 681 1203 762 1237; x_wconf 78' lang='grc' dir='ltr'>μόνον</span> <span class='ocrx_word' id='word_1_207' title='bbox 779 1202 860 1230; x_wconf 79' lang='grc' dir='ltr'>ἄλλου</span> <span class='ocrx_word' id='word_1_208' title='bbox 870 1203 918 1230; x_wconf 84' lang='grc' dir='ltr'>τοῦ</span> 
     </span>
    </p>
   </div>
   <div class='ocr_carea' id='block_1_28' title="bbox 125 1246 918 1283">
    <p class='ocr_par' dir='ltr' id='par_1_28' title="bbox 125 1246 918 1283">
     <span class='ocr_line' id='line_1_28' title="bbox 125 1246 918 1283; baseline 0.001 -11"><span class='ocrx_word' id='word_1_209' title='bbox 125 1247 280 1282; x_wconf 80' lang='grc' dir='ltr'><strong>κτήματος,</strong></span> <span class='ocrx_word' id='word_1_210' title='bbox 296 1248 353 1274; x_wconf 81' lang='grc' dir='ltr'>ἀλλ’</span> <span class='ocrx_word' id='word_1_211' title='bbox 362 1248 418 1275; x_wconf 80' lang='grc' dir='ltr'>οὐδ’</span> <span class='ocrx_word' id='word_1_212' title='bbox 433 1249 512 1275; x_wconf 68' lang='grc' dir='ltr'><strong>αὐτοὶ⁹</strong></span> <span class='ocrx_word' id='word_1_213' title='bbox 529 1248 606 1283; x_wconf 87' lang='grc' dir='ltr'>σφῶν</span> <span class='ocrx_word' id='word_1_214' title='bbox 621 1247 711 1275; x_wconf 82' lang='grc' dir='ltr'>αὐτῶν</span> <span class='ocrx_word' id='word_1_215' title='bbox 728 1246 798 1275; x_wconf 69' lang='grc' dir='ltr'>εἶναι</span> <span class='ocrx_word' id='word_1_216' title='bbox 814 1248 918 1283; x_wconf 85' lang='grc' dir='ltr'>κύριοι.</span> 
     </span>
    </p>
   </div>
   <div class='ocr_carea' id='block_1_29' title="bbox 970 232 1758 268">
    <p class='ocr_par' dir='ltr' id='par_1_29' title="bbox 970 232 1758 268">
     <span class='ocr_line' id='line_1_29' title="bbox 970 232 1758 268; baseline 0.003 -9"><span class='ocrx_word' id='word_1_217' title='bbox 970 238 1074 267; x_wconf 86' lang='lat' dir='ltr'><strong>partem</strong></span> <span class='ocrx_word' id='word_1_218' title='bbox 1095 233 1222 260; x_wconf 79' lang='lat' dir='ltr'><strong>facimus.</strong></span> <span class='ocrx_word' id='word_1_219' title='bbox 1246 232 1323 260; x_wconf 87' lang='lat' dir='ltr'><strong>Sicut</strong></span> <span class='ocrx_word' id='word_1_220' title='bbox 1344 241 1463 268; x_wconf 80' lang='lat' dir='ltr'><strong>namque</strong></span> <span class='ocrx_word' id='word_1_221' title='bbox 1488 234 1516 261; x_wconf 92' lang='lat' dir='ltr'><strong>in</strong></span> <span class='ocrx_word' id='word_1_222' title='bbox 1530 234 1612 261; x_wconf 86' lang='lat' dir='ltr'><strong>rebus</strong></span> <span class='ocrx_word' id='word_1_223' title='bbox 1628 232 1758 261; x_wconf 60' lang='lat' dir='ltr'><strong>humanis</strong></span> 
     </span>
    </p>
   </div>
   <div class='ocr_carea' id='block_1_30' title="bbox 970 279 1755 312">
    <p class='ocr_par' dir='ltr' id='par_1_30' title="bbox 970 279 1755 312">
     <span class='ocr_line' id='line_1_30' title="bbox 970 279 1755 312; baseline 0.001 -6"><span class='ocrx_word' id='word_1_224' title='bbox 970 279 1070 306; x_wconf 75' lang='lat' dir='ltr'><strong>rationi</strong></span> <span class='ocrx_word' id='word_1_225' title='bbox 1087 279 1264 306; x_wconf 71' lang='lat' dir='ltr'><strong>consentiens</strong></span> <span class='ocrx_word' id='word_1_226' title='bbox 1278 284 1332 311; x_wconf 86' lang='lat' dir='ltr'><strong>est,</strong></span> <span class='ocrx_word' id='word_1_227' title='bbox 1343 283 1371 306; x_wconf 91' lang='lat' dir='ltr'><strong>et</strong></span> <span class='ocrx_word' id='word_1_228' title='bbox 1385 280 1442 306; x_wconf 88' lang='lat' dir='ltr'><strong>tieri</strong></span> <span class='ocrx_word' id='word_1_229' title='bbox 1455 281 1608 312; x_wconf 78' lang='lat' dir='ltr'><strong>consuevit,</strong></span> <span class='ocrx_word' id='word_1_230' title='bbox 1626 285 1657 307; x_wconf 91' lang='lat' dir='ltr'><strong>ut</strong></span> <span class='ocrx_word' id='word_1_231' title='bbox 1673 281 1755 308; x_wconf 89' lang='lat' dir='ltr'><strong>vitam</strong></span> 
     </span>
    </p>
   </div>
   <div class='ocr_carea' id='block_1_31' title="bbox 970 324 1758 361">
    <p class='ocr_par' dir='ltr' id='par_1_31' title="bbox 970 324 1758 361">
     <span class='ocr_line' id='line_1_31' title="bbox 970 324 1758 361; baseline 0.004 -10"><span class='ocrx_word' id='word_1_232' title='bbox 970 324 1109 359; x_wconf 76' lang='lat' dir='ltr'><strong>accepisse</strong></span> <span class='ocrx_word' id='word_1_233' title='bbox 1126 333 1181 351; x_wconf 92' lang='lat' dir='ltr'><strong>non</strong></span> <span class='ocrx_word' id='word_1_234' title='bbox 1199 325 1264 352; x_wconf 86' lang='lat' dir='ltr'><strong>satis</strong></span> <span class='ocrx_word' id='word_1_235' title='bbox 1291 325 1451 357; x_wconf 81' lang='lat' dir='ltr'><strong>habeamus,</strong></span> <span class='ocrx_word' id='word_1_236' title='bbox 1467 333 1554 361; x_wconf 88' lang='lat' dir='ltr'><strong>neque</strong></span> <span class='ocrx_word' id='word_1_237' title='bbox 1581 327 1642 354; x_wconf 90' lang='lat' dir='ltr'><strong>ideo</strong></span> <span class='ocrx_word' id='word_1_238' title='bbox 1655 327 1758 354; x_wconf 59' lang='lat' dir='ltr'><strong>inertiae</strong></span> 
     </span>
    </p>
   </div>
   <div class='ocr_carea' id='block_1_32' title="bbox 970 371 1759 407">
    <p class='ocr_par' dir='ltr' id='par_1_32' title="bbox 970 371 1759 407">
     <span class='ocr_line' id='line_1_32' title="bbox 970 371 1759 407; baseline 0.001 -9"><span class='ocrx_word' id='word_1_239' title='bbox 970 378 1001 398; x_wconf 86' lang='lat' dir='ltr'><strong>ac</strong></span> <span class='ocrx_word' id='word_1_240' title='bbox 1019 378 1116 398; x_wconf 86' lang='lat' dir='ltr'><strong>somno</strong></span> <span class='ocrx_word' id='word_1_241' title='bbox 1133 379 1182 397; x_wconf 82' lang='lat' dir='ltr'><strong>nos</strong></span> <span class='ocrx_word' id='word_1_242' title='bbox 1197 371 1338 404; x_wconf 88' lang='lat' dir='ltr'><strong>dedamus,</strong></span> <span class='ocrx_word' id='word_1_243' title='bbox 1354 371 1432 406; x_wconf 92' lang='lat' dir='ltr'><strong>quasi</strong></span> <span class='ocrx_word' id='word_1_244' title='bbox 1445 372 1501 406; x_wconf 88' lang='lat' dir='ltr'><strong>jam</strong></span> <span class='ocrx_word' id='word_1_245' title='bbox 1516 372 1608 399; x_wconf 85' lang='lat' dir='ltr'><strong>omnia</strong></span> <span class='ocrx_word' id='word_1_246' title='bbox 1632 374 1759 407; x_wconf 87' lang='lat' dir='ltr'><strong>suppedi-</strong></span> 
     </span>
    </p>
   </div>
   <div class='ocr_carea' id='block_1_33' title="bbox 970 416 1758 450">
    <p class='ocr_par' dir='ltr' id='par_1_33' title="bbox 970 416 1758 450">
     <span class='ocr_line' id='line_1_33' title="bbox 970 416 1758 450; baseline 0.003 -6"><span class='ocrx_word' id='word_1_247' title='bbox 970 421 1039 449; x_wconf 82' lang='lat' dir='ltr'><strong>tent,</strong></span> <span class='ocrx_word' id='word_1_248' title='bbox 1056 417 1102 443; x_wconf 85' lang='lat' dir='ltr'><strong>sed</strong></span> <span class='ocrx_word' id='word_1_249' title='bbox 1121 417 1232 450; x_wconf 78' lang='lat' dir='ltr'><strong>insuper</strong></span> <span class='ocrx_word' id='word_1_250' title='bbox 1248 416 1348 450; x_wconf 83' lang='lat' dir='ltr'><strong>quibus</strong></span> <span class='ocrx_word' id='word_1_251' title='bbox 1371 424 1430 444; x_wconf 89' lang='lat' dir='ltr'><strong>eam</strong></span> <span class='ocrx_word' id='word_1_252' title='bbox 1457 417 1544 445; x_wconf 88' lang='lat' dir='ltr'><strong>modis</strong></span> <span class='ocrx_word' id='word_1_253' title='bbox 1568 425 1600 445; x_wconf 88' lang='lat' dir='ltr'><strong>ac</strong></span> <span class='ocrx_word' id='word_1_254' title='bbox 1616 419 1668 446; x_wconf 85' lang='lat' dir='ltr'><strong>viis</strong></span> <span class='ocrx_word' id='word_1_255' title='bbox 1680 423 1758 446; x_wconf 89' lang='lat' dir='ltr'><strong>tuea-</strong></span> 
     </span>
    </p>
   </div>
   <div class='ocr_carea' id='block_1_34' title="bbox 970 462 1758 497">
    <p class='ocr_par' dir='ltr' id='par_1_34' title="bbox 970 462 1758 497">
     <span class='ocr_line' id='line_1_34' title="bbox 970 462 1758 497; baseline 0.005 -9"><span class='ocrx_word' id='word_1_256' title='bbox 970 462 1297 497; x_wconf 51' lang='lat' dir='ltr'><strong>murpircumspiciamus</strong></span> <span class='ocrx_word' id='word_1_257' title='bbox 1311 471 1317 495; x_wconf 91' lang='lat'><strong>;</strong></span> <span class='ocrx_word' id='word_1_258' title='bbox 1336 463 1372 489; x_wconf 91' lang='lat' dir='ltr'><strong>ita</strong></span> <span class='ocrx_word' id='word_1_259' title='bbox 1386 470 1415 489; x_wconf 89' lang='lat' dir='ltr'><strong>se</strong></span> <span class='ocrx_word' id='word_1_260' title='bbox 1428 463 1455 490; x_wconf 93' lang='lat' dir='ltr'><strong>in</strong></span> <span class='ocrx_word' id='word_1_261' title='bbox 1468 463 1519 491; x_wconf 89' lang='lat' dir='ltr'><strong>hac</strong></span> <span class='ocrx_word' id='word_1_262' title='bbox 1540 465 1701 492; x_wconf 86' lang='lat' dir='ltr'><strong>tractatione</strong></span> <span class='ocrx_word' id='word_1_263' title='bbox 1715 473 1758 493; x_wconf 86' lang='lat' dir='ltr'><strong>res</strong></span> 
     </span>
    </p>
   </div>
   <div class='ocr_carea' id='block_1_35' title="bbox 971 508 1757 542">
    <p class='ocr_par' dir='ltr' id='par_1_35' title="bbox 971 508 1757 542">
     <span class='ocr_line' id='line_1_35' title="bbox 971 508 1757 542; baseline 0.004 -8"><span class='ocrx_word' id='word_1_264' title='bbox 971 508 1103 541; x_wconf 84' lang='lat' dir='ltr'><strong>habet,et</strong></span> <span class='ocrx_word' id='word_1_265' title='bbox 1129 515 1190 542; x_wconf 72' lang='lat' dir='ltr'><strong>qua:</strong></span> <span class='ocrx_word' id='word_1_266' title='bbox 1218 508 1294 542; x_wconf 86' lang='lat' dir='ltr'><strong>prius</strong></span> <span class='ocrx_word' id='word_1_267' title='bbox 1320 515 1335 534; x_wconf 94' lang='lat' dir='ltr'><strong>a</strong></span> <span class='ocrx_word' id='word_1_268' title='bbox 1364 508 1442 535; x_wconf 90' lang='lat' dir='ltr'><strong>nobis</strong></span> <span class='ocrx_word' id='word_1_269' title='bbox 1471 509 1631 537; x_wconf 87' lang='lat' dir='ltr'><strong>disserendo</strong></span> <span class='ocrx_word' id='word_1_270' title='bbox 1660 511 1757 538; x_wconf 85' lang='lat' dir='ltr'><strong>tradita</strong></span> 
     </span>
    </p>
   </div>
   <div class='ocr_carea' id='block_1_36' title="bbox 970 554 1758 591">
    <p class='ocr_par' dir='ltr' id='par_1_36' title="bbox 970 554 1758 591">
     <span class='ocr_line' id='line_1_36' title="bbox 970 554 1758 591; baseline 0.005 -11"><span class='ocrx_word' id='word_1_271' title='bbox 970 559 1045 587; x_wconf 83' lang='lat' dir='ltr'><strong>sunt,</strong></span> <span class='ocrx_word' id='word_1_272' title='bbox 1065 555 1098 581; x_wconf 90' lang='lat' dir='ltr'><strong>iis</strong></span> <span class='ocrx_word' id='word_1_273' title='bbox 1111 554 1252 588; x_wconf 82' lang='lat' dir='ltr'><strong>sequentia</strong></span> <span class='ocrx_word' id='word_1_274' title='bbox 1271 554 1472 588; x_wconf 73' lang='lat' dir='ltr'><strong>conjungenda.</strong></span> <span class='ocrx_word' id='word_1_275' title='bbox 1489 555 1613 591; x_wconf 87' lang='lat' dir='ltr'><strong>Cumque</strong></span> <span class='ocrx_word' id='word_1_276' title='bbox 1631 556 1758 584; x_wconf 86' lang='lat' dir='ltr'><strong>docueri-</strong></span> 
     </span>
    </p>
   </div>
   <div class='ocr_carea' id='block_1_37' title="bbox 971 601 1758 636">
    <p class='ocr_par' dir='ltr' id='par_1_37' title="bbox 971 601 1758 636">
     <span class='ocr_line' id='line_1_37' title="bbox 971 601 1758 636; baseline 0.004 -9"><span class='ocrx_word' id='word_1_277' title='bbox 971 608 1032 627; x_wconf 73' lang='lat' dir='ltr'><strong>mus</strong></span> <span class='ocrx_word' id='word_1_278' title='bbox 1045 601 1126 633; x_wconf 70' lang='lat' dir='ltr'><strong>unde,</strong></span> <span class='ocrx_word' id='word_1_279' title='bbox 1141 605 1167 627; x_wconf 86' lang='lat' dir='ltr'><strong>et</strong></span> <span class='ocrx_word' id='word_1_280' title='bbox 1192 601 1339 634; x_wconf 87' lang='lat' dir='ltr'><strong>quomodo,</strong></span> <span class='ocrx_word' id='word_1_281' title='bbox 1363 607 1389 628; x_wconf 90' lang='lat' dir='ltr'><strong>ct</strong></span> <span class='ocrx_word' id='word_1_282' title='bbox 1399 602 1463 636; x_wconf 84' lang='lat' dir='ltr'><strong>quid</strong></span> <span class='ocrx_word' id='word_1_283' title='bbox 1487 602 1567 628; x_wconf 88' lang='lat' dir='ltr'><strong>nobis</strong></span> <span class='ocrx_word' id='word_1_284' title='bbox 1592 602 1649 629; x_wconf 85' lang='lat' dir='ltr'><strong>ﬁeri</strong></span> <span class='ocrx_word' id='word_1_285' title='bbox 1673 602 1758 630; x_wconf 85' lang='lat' dir='ltr'><strong>susti-</strong></span> 
     </span>
    </p>
   </div>
   <div class='ocr_carea' id='block_1_38' title="bbox 971 645 1756 682">
    <p class='ocr_par' dir='ltr' id='par_1_38' title="bbox 971 645 1756 682">
     <span class='ocr_line' id='line_1_38' title="bbox 971 645 1756 682; baseline 0.003 -10"><span class='ocrx_word' id='word_1_286' title='bbox 971 650 1077 678; x_wconf 75' lang='lat' dir='ltr'><strong>nentes,</strong></span> <span class='ocrx_word' id='word_1_287' title='bbox 1089 647 1172 673; x_wconf 82' lang='lat' dir='ltr'><strong>vitam</strong></span> <span class='ocrx_word' id='word_1_288' title='bbox 1187 645 1384 680; x_wconf 80' lang='lat' dir='ltr'><strong>adipiscamur,</strong></span> <span class='ocrx_word' id='word_1_289' title='bbox 1402 647 1526 681; x_wconf 76' lang='lat' dir='ltr'><strong>sequitur</strong></span> <span class='ocrx_word' id='word_1_290' title='bbox 1541 647 1608 681; x_wconf 78' lang='lat' dir='ltr'><strong>jam,</strong></span> <span class='ocrx_word' id='word_1_291' title='bbox 1637 652 1667 674; x_wconf 92' lang='lat' dir='ltr'><strong>ut</strong></span> <span class='ocrx_word' id='word_1_292' title='bbox 1693 648 1756 682; x_wconf 90' lang='lat' dir='ltr'><strong>quid</strong></span> 
     </span>
    </p>
   </div>
   <div class='ocr_carea' id='block_1_39' title="bbox 971 692 1757 727">
    <p class='ocr_par' dir='ltr' id='par_1_39' title="bbox 971 692 1757 727">
     <span class='ocr_line' id='line_1_39' title="bbox 971 692 1757 727; baseline 0.003 -9"><span class='ocrx_word' id='word_1_293' title='bbox 971 692 1108 727; x_wconf 76' lang='lat' dir='ltr'><strong>agendum</strong></span> <span class='ocrx_word' id='word_1_294' title='bbox 1139 692 1186 724; x_wconf 84' lang='lat' dir='ltr'><strong>sit,</strong></span> <span class='ocrx_word' id='word_1_295' title='bbox 1212 699 1246 718; x_wconf 84' lang='lat' dir='ltr'><strong>ne</strong></span> <span class='ocrx_word' id='word_1_296' title='bbox 1267 692 1391 726; x_wconf 80' lang='lat' dir='ltr'><strong>adeptam</strong></span> <span class='ocrx_word' id='word_1_297' title='bbox 1415 692 1572 720; x_wconf 78' lang='lat' dir='ltr'><strong>felicitatem</strong></span> <span class='ocrx_word' id='word_1_298' title='bbox 1597 693 1757 727; x_wconf 81' lang='lat' dir='ltr'><strong>prodamus,</strong></span> 
     </span>
    </p>
   </div>
   <div class='ocr_carea' id='block_1_40' title="bbox 971 738 1759 767">
    <p class='ocr_par' dir='ltr' id='par_1_40' title="bbox 971 738 1759 767">
     <span class='ocr_line' id='line_1_40' title="bbox 971 738 1759 767; baseline -0.001 -1"><span class='ocrx_word' id='word_1_299' title='bbox 971 738 1216 766; x_wconf 87' lang='lat' dir='ltr'><strong>demonstrandum</strong></span> <span class='ocrx_word' id='word_1_300' title='bbox 1235 738 1372 766; x_wconf 74' lang='lat' dir='ltr'><strong>videatur.</strong></span> <span class='ocrx_word' id='word_1_301' title='bbox 1390 738 1447 766; x_wconf 82' lang='lat' dir='ltr'><strong>Hoc</strong></span> <span class='ocrx_word' id='word_1_302' title='bbox 1467 747 1532 766; x_wconf 88' lang='lat' dir='ltr'><strong>vero</strong></span> <span class='ocrx_word' id='word_1_303' title='bbox 1547 739 1620 766; x_wconf 87' lang='lat' dir='ltr'><strong>aliud</strong></span> <span class='ocrx_word' id='word_1_304' title='bbox 1639 740 1705 767; x_wconf 86' lang='lat' dir='ltr'><strong>nihil</strong></span> <span class='ocrx_word' id='word_1_305' title='bbox 1717 743 1759 767; x_wconf 85' lang='lat' dir='ltr'><strong>est</strong></span> 
     </span>
    </p>
   </div>
   <div class='ocr_carea' id='block_1_41' title="bbox 971 785 1760 820">
    <p class='ocr_par' dir='ltr' id='par_1_41' title="bbox 971 785 1760 820">
     <span class='ocr_line' id='line_1_41' title="bbox 971 785 1760 820; baseline 0.001 -8"><span class='ocrx_word' id='word_1_306' title='bbox 971 786 1023 813; x_wconf 86' lang='lat' dir='ltr'><strong>nisi</strong></span> <span class='ocrx_word' id='word_1_307' title='bbox 1046 786 1172 813; x_wconf 76' lang='lat' dir='ltr'><strong>virtutem</strong></span> <span class='ocrx_word' id='word_1_308' title='bbox 1190 785 1290 816; x_wconf 81' lang='lat' dir='ltr'><strong>colere,</strong></span> <span class='ocrx_word' id='word_1_309' title='bbox 1305 790 1439 820; x_wconf 69' lang='lat' dir='ltr'><strong>rectaeque</strong></span> <span class='ocrx_word' id='word_1_310' title='bbox 1452 786 1550 813; x_wconf 84' lang='lat' dir='ltr'><strong>rationi</strong></span> <span class='ocrx_word' id='word_1_311' title='bbox 1564 786 1760 814; x_wconf 78' lang='lat' dir='ltr'><strong>convenienter</strong></span> 
     </span>
    </p>
   </div>
   <div class='ocr_carea' id='block_1_42' title="bbox 972 830 1759 867">
    <p class='ocr_par' dir='ltr' id='par_1_42' title="bbox 972 830 1759 867">
     <span class='ocr_line' id='line_1_42' title="bbox 972 830 1759 867; baseline 0.003 -10"><span class='ocrx_word' id='word_1_312' title='bbox 972 830 1073 857; x_wconf 80' lang='lat' dir='ltr'><strong>vivere.</strong></span> <span class='ocrx_word' id='word_1_313' title='bbox 1099 830 1164 864; x_wconf 66' lang='lat' dir='ltr'><strong>Quae</strong></span> <span class='ocrx_word' id='word_1_314' title='bbox 1179 835 1340 866; x_wconf 73' lang='lat' dir='ltr'><strong>argumenta</strong></span> <span class='ocrx_word' id='word_1_315' title='bbox 1358 836 1465 859; x_wconf 81' lang='lat' dir='ltr'><strong>veteres</strong></span> <span class='ocrx_word' id='word_1_316' title='bbox 1490 832 1578 865; x_wconf 88' lang='lat' dir='ltr'><strong>multi,</strong></span> <span class='ocrx_word' id='word_1_317' title='bbox 1606 840 1661 859; x_wconf 91' lang='lat' dir='ltr'><strong>non</strong></span> <span class='ocrx_word' id='word_1_318' title='bbox 1679 833 1759 867; x_wconf 87' lang='lat' dir='ltr'><strong>pauci</strong></span> 
     </span>
    </p>
   </div>
   <div class='ocr_carea' id='block_1_43' title="bbox 972 877 1759 911">
    <p class='ocr_par' dir='ltr' id='par_1_43' title="bbox 972 877 1759 911">
     <span class='ocr_line' id='line_1_43' title="bbox 972 877 1759 911; baseline 0.005 -9"><span class='ocrx_word' id='word_1_319' title='bbox 972 877 1036 903; x_wconf 91' lang='lat' dir='ltr'><strong>item</strong></span> <span class='ocrx_word' id='word_1_320' title='bbox 1055 878 1223 904; x_wconf 84' lang='lat' dir='ltr'><strong>recentiores</strong></span> <span class='ocrx_word' id='word_1_321' title='bbox 1249 877 1315 904; x_wconf 86' lang='lat' dir='ltr'><strong>totis</strong></span> <span class='ocrx_word' id='word_1_322' title='bbox 1340 877 1418 905; x_wconf 87' lang='lat' dir='ltr'><strong>libris</strong></span> <span class='ocrx_word' id='word_1_323' title='bbox 1443 879 1578 911; x_wconf 71' lang='lat' dir='ltr'><strong>persecuti</strong></span> <span class='ocrx_word' id='word_1_324' title='bbox 1606 883 1680 910; x_wconf 87' lang='lat' dir='ltr'><strong>sunt,</strong></span> <span class='ocrx_word' id='word_1_325' title='bbox 1707 886 1759 906; x_wconf 84' lang='lat' dir='ltr'><strong>nec</strong></span> 
     </span>
    </p>
   </div>
   <div class='ocr_carea' id='block_1_44' title="bbox 973 921 1757 957">
    <p class='ocr_par' dir='ltr' id='par_1_44' title="bbox 973 921 1757 957">
     <span class='ocr_line' id='line_1_44' title="bbox 973 921 1757 957; baseline 0.003 -9"><span class='ocrx_word' id='word_1_326' title='bbox 973 921 1120 956; x_wconf 85' lang='lat' dir='ltr'><strong>quidquam</strong></span> <span class='ocrx_word' id='word_1_327' title='bbox 1137 922 1208 956; x_wconf 85' lang='lat' dir='ltr'><strong>quod</strong></span> <span class='ocrx_word' id='word_1_328' title='bbox 1226 922 1297 950; x_wconf 87' lang='lat' dir='ltr'><strong>dicto</strong></span> <span class='ocrx_word' id='word_1_329' title='bbox 1315 929 1384 956; x_wconf 86' lang='lat' dir='ltr'><strong>opus</strong></span> <span class='ocrx_word' id='word_1_330' title='bbox 1399 921 1496 950; x_wconf 81' lang='lat' dir='ltr'><strong>fuisset</strong></span> <span class='ocrx_word' id='word_1_331' title='bbox 1513 923 1757 957; x_wconf 54' lang='lat' dir='ltr'><strong>praetermiserunt,</strong></span> 
     </span>
    </p>
   </div>
   <div class='ocr_carea' id='block_1_45' title="bbox 970 969 1757 1004">
    <p class='ocr_par' dir='ltr' id='par_1_45' title="bbox 970 969 1757 1004">
     <span class='ocr_line' id='line_1_45' title="bbox 970 969 1757 1004; baseline 0.003 -9"><span class='ocrx_word' id='word_1_332' title='bbox 970 973 996 995; x_wconf 92' lang='lat' dir='ltr'><strong>et</strong></span> <span class='ocrx_word' id='word_1_333' title='bbox 1005 969 1155 1003; x_wconf 86' lang='lat' dir='ltr'><strong>periculum</strong></span> <span class='ocrx_word' id='word_1_334' title='bbox 1170 974 1221 1000; x_wconf 88' lang='lat' dir='ltr'><strong>est,</strong></span> <span class='ocrx_word' id='word_1_335' title='bbox 1234 976 1268 995; x_wconf 92' lang='lat' dir='ltr'><strong>ne</strong></span> <span class='ocrx_word' id='word_1_336' title='bbox 1283 969 1417 996; x_wconf 77' lang='lat' dir='ltr'><strong>inutiliter</strong></span> <span class='ocrx_word' id='word_1_337' title='bbox 1427 976 1536 1004; x_wconf 79' lang='lat' dir='ltr'><strong>operam</strong></span> <span class='ocrx_word' id='word_1_338' title='bbox 1551 977 1757 997; x_wconf 86' lang='lat' dir='ltr'><strong>consumamus.</strong></span> 
     </span>
    </p>
   </div>
   <div class='ocr_carea' id='block_1_46' title="bbox 971 1013 1758 1049">
    <p class='ocr_par' dir='ltr' id='par_1_46' title="bbox 971 1013 1758 1049">
     <span class='ocr_line' id='line_1_46' title="bbox 971 1013 1758 1049; baseline 0.003 -8"><span class='ocrx_word' id='word_1_339' title='bbox 971 1013 1040 1047; x_wconf 85' lang='lat' dir='ltr'><strong>Quia</strong></span> <span class='ocrx_word' id='word_1_340' title='bbox 1056 1019 1146 1042; x_wconf 86' lang='lat' dir='ltr'><strong>tamen</strong></span> <span class='ocrx_word' id='word_1_341' title='bbox 1162 1022 1222 1049; x_wconf 73' lang='lat' dir='ltr'><strong>quae</strong></span> <span class='ocrx_word' id='word_1_342' title='bbox 1240 1014 1274 1042; x_wconf 85' lang='lat' dir='ltr'><strong>ab</strong></span> <span class='ocrx_word' id='word_1_343' title='bbox 1291 1014 1369 1042; x_wconf 91' lang='lat' dir='ltr'><strong>initio</strong></span> <span class='ocrx_word' id='word_1_344' title='bbox 1381 1022 1432 1042; x_wconf 85' lang='lat' dir='ltr'><strong>nos</strong></span> <span class='ocrx_word' id='word_1_345' title='bbox 1444 1015 1478 1042; x_wconf 90' lang='lat' dir='ltr'><strong>ad</strong></span> <span class='ocrx_word' id='word_1_346' title='bbox 1494 1015 1668 1042; x_wconf 86' lang='lat' dir='ltr'><strong>scribendum</strong></span> <span class='ocrx_word' id='word_1_347' title='bbox 1683 1015 1758 1043; x_wconf 83' lang='lat' dir='ltr'><strong>exci-</strong></span> 
     </span>
    </p>
   </div>
   <div class='ocr_carea' id='block_1_47' title="bbox 972 1060 1758 1094">
    <p class='ocr_par' dir='ltr' id='par_1_47' title="bbox 972 1060 1758 1094">
     <span class='ocr_line' id='line_1_47' title="bbox 972 1060 1758 1094; baseline 0.001 -7"><span class='ocrx_word' id='word_1_348' title='bbox 972 1064 1075 1091; x_wconf 88' lang='lat' dir='ltr'><strong>tarunt,</strong></span> <span class='ocrx_word' id='word_1_349' title='bbox 1090 1060 1185 1087; x_wconf 89' lang='lat' dir='ltr'><strong>eadem</strong></span> <span class='ocrx_word' id='word_1_350' title='bbox 1201 1061 1236 1087; x_wconf 90' lang='lat' dir='ltr'><strong>de</strong></span> <span class='ocrx_word' id='word_1_351' title='bbox 1257 1060 1299 1087; x_wconf 90' lang='lat' dir='ltr'><strong>his</strong></span> <span class='ocrx_word' id='word_1_352' title='bbox 1316 1060 1396 1087; x_wconf 83' lang='lat' dir='ltr'><strong>verba</strong></span> <span class='ocrx_word' id='word_1_353' title='bbox 1411 1060 1469 1088; x_wconf 82' lang='lat' dir='ltr'><strong>ﬁeri</strong></span> <span class='ocrx_word' id='word_1_354' title='bbox 1486 1061 1639 1094; x_wconf 86' lang='lat' dir='ltr'><strong>postulant,</strong></span> <span class='ocrx_word' id='word_1_355' title='bbox 1656 1066 1683 1088; x_wconf 86' lang='lat' dir='ltr'><strong>et</strong></span> <span class='ocrx_word' id='word_1_356' title='bbox 1705 1061 1758 1089; x_wconf 83' lang='lat' dir='ltr'><strong>nisi</strong></span> 
     </span>
    </p>
   </div>
   <div class='ocr_carea' id='block_1_48' title="bbox 971 1106 1759 1141">
    <p class='ocr_par' dir='ltr' id='par_1_48' title="bbox 971 1106 1759 1141">
     <span class='ocr_line' id='line_1_48' title="bbox 971 1106 1759 1141; baseline 0.001 -8"><span class='ocrx_word' id='word_1_357' title='bbox 971 1113 1003 1133; x_wconf 88' lang='lat' dir='ltr'><strong>ea</strong></span> <span class='ocrx_word' id='word_1_358' title='bbox 1022 1106 1168 1138; x_wconf 82' lang='lat' dir='ltr'><strong>addamus,</strong></span> <span class='ocrx_word' id='word_1_359' title='bbox 1204 1114 1258 1133; x_wconf 89' lang='lat' dir='ltr'><strong>nun</strong></span> <span class='ocrx_word' id='word_1_360' title='bbox 1284 1111 1326 1134; x_wconf 86' lang='lat' dir='ltr'><strong>est</strong></span> <span class='ocrx_word' id='word_1_361' title='bbox 1353 1107 1457 1141; x_wconf 76' lang='lat' dir='ltr'><strong>integra</strong></span> <span class='ocrx_word' id='word_1_362' title='bbox 1485 1106 1573 1134; x_wconf 78' lang='lat' dir='ltr'><strong>futura</strong></span> <span class='ocrx_word' id='word_1_363' title='bbox 1597 1107 1759 1141; x_wconf 84' lang='lat' dir='ltr'><strong>disputatio,</strong></span> 
     </span>
    </p>
   </div>
   <div class='ocr_carea' id='block_1_49' title="bbox 972 1153 1759 1188">
    <p class='ocr_par' dir='ltr' id='par_1_49' title="bbox 972 1153 1759 1188">
     <span class='ocr_line' id='line_1_49' title="bbox 972 1153 1759 1188; baseline 0.001 -9"><span class='ocrx_word' id='word_1_364' title='bbox 972 1153 1082 1180; x_wconf 88' lang='lat' dir='ltr'><strong>omissis</strong></span> <span class='ocrx_word' id='word_1_365' title='bbox 1093 1161 1152 1188; x_wconf 72' lang='lat' dir='ltr'><strong>qua:</strong></span> <span class='ocrx_word' id='word_1_366' title='bbox 1167 1153 1314 1188; x_wconf 83' lang='lat' dir='ltr'><strong>separatim</strong></span> <span class='ocrx_word' id='word_1_367' title='bbox 1328 1153 1428 1187; x_wconf 90' lang='lat' dir='ltr'><strong>cuique</strong></span> <span class='ocrx_word' id='word_1_368' title='bbox 1448 1153 1540 1188; x_wconf 76' lang='lat' dir='ltr'><strong>generi</strong></span> <span class='ocrx_word' id='word_1_369' title='bbox 1553 1153 1614 1180; x_wconf 78' lang='lat' dir='ltr'><strong>vita:</strong></span> <span class='ocrx_word' id='word_1_370' title='bbox 1631 1153 1759 1181; x_wconf 68' lang='lat' dir='ltr'><strong>humanas</strong></span> 
     </span>
    </p>
   </div>
   <div class='ocr_carea' id='block_1_50' title="bbox 973 1199 1762 1235">
    <p class='ocr_par' dir='ltr' id='par_1_50' title="bbox 973 1199 1762 1235">
     <span class='ocr_line' id='line_1_50' title="bbox 973 1199 1762 1235; baseline 0.001 -8"><span class='ocrx_word' id='word_1_371' title='bbox 973 1205 1125 1235; x_wconf 79' lang='lat' dir='ltr'><strong>congruunt</strong></span> <span class='ocrx_word' id='word_1_372' title='bbox 1144 1200 1241 1234; x_wconf 88' lang='lat' dir='ltr'><strong>(multa</strong></span> <span class='ocrx_word' id='word_1_373' title='bbox 1258 1205 1349 1226; x_wconf 80' lang='lat' dir='ltr'><strong>autem</strong></span> <span class='ocrx_word' id='word_1_374' title='bbox 1373 1203 1439 1226; x_wconf 79' lang='lat' dir='ltr'><strong>slllil</strong></span> <span class='ocrx_word' id='word_1_375' title='bbox 1453 1199 1579 1234; x_wconf 79' lang='lat' dir='ltr'><strong>genera),</strong></span> <span class='ocrx_word' id='word_1_376' title='bbox 1601 1200 1688 1234; x_wconf 77' lang='lat' dir='ltr'><strong>iisque</strong></span> <span class='ocrx_word' id='word_1_377' title='bbox 1703 1205 1762 1228; x_wconf 82' lang='lat' dir='ltr'><strong>tan-</strong></span> 
     </span>
    </p>
   </div>
   <div class='ocr_carea' id='block_1_51' title="bbox 974 1246 1762 1280">
    <p class='ocr_par' dir='ltr' id='par_1_51' title="bbox 974 1246 1762 1280">
     <span class='ocr_line' id='line_1_51' title="bbox 974 1246 1762 1280; baseline 0 -6"><span class='ocrx_word' id='word_1_378' title='bbox 974 1251 1031 1274; x_wconf 91' lang='lat' dir='ltr'><strong>tum</strong></span> <span class='ocrx_word' id='word_1_379' title='bbox 1049 1246 1239 1277; x_wconf 84' lang='lat' dir='ltr'><strong>consideratis,</strong></span> <span class='ocrx_word' id='word_1_380' title='bbox 1258 1254 1318 1280; x_wconf 84' lang='lat' dir='ltr'><strong>quae</strong></span> <span class='ocrx_word' id='word_1_381' title='bbox 1331 1247 1513 1273; x_wconf 88' lang='lat' dir='ltr'><strong>communiter</strong></span> <span class='ocrx_word' id='word_1_382' title='bbox 1532 1254 1626 1274; x_wconf 90' lang='lat' dir='ltr'><strong>omnes</strong></span> <span class='ocrx_word' id='word_1_383' title='bbox 1642 1246 1696 1273; x_wconf 81' lang='lat' dir='ltr'><strong>Deo</strong></span> <span class='ocrx_word' id='word_1_384' title='bbox 1712 1247 1762 1274; x_wconf 88' lang='lat' dir='ltr'><strong>de-</strong></span> 
     </span>
    </p>
   </div>
   <div class='ocr_carea' id='block_1_52' title="bbox 126 1292 1761 1331">
    <p class='ocr_par' dir='ltr' id='par_1_52' title="bbox 126 1292 1761 1331">
     <span class='ocr_line' id='line_1_52' title="bbox 126 1292 1761 1331; baseline -0.001 -9"><span class='ocrx_word' id='word_1_385' title='bbox 126 1295 235 1329; x_wconf 87' lang='lat' dir='ltr'><strong>bemus,</strong></span> <span class='ocrx_word' id='word_1_386' title='bbox 263 1303 312 1331; x_wconf 82' lang='lat' dir='ltr'><strong>pro</strong></span> <span class='ocrx_word' id='word_1_387' title='bbox 327 1295 455 1324; x_wconf 77' lang='lat' dir='ltr'><strong>facultate</strong></span> <span class='ocrx_word' id='word_1_388' title='bbox 478 1295 623 1323; x_wconf 85' lang='lat' dir='ltr'><strong>dicendum</strong></span> <span class='ocrx_word' id='word_1_389' title='bbox 645 1300 694 1324; x_wconf 80' lang='lat' dir='ltr'><strong>est.</strong></span> <span class='ocrx_word' id='word_1_390' title='bbox 738 1295 831 1329; x_wconf 87' lang='lat' dir='ltr'><strong>Neque</strong></span> <span class='ocrx_word' id='word_1_391' title='bbox 857 1295 930 1322; x_wconf 91' lang='lat' dir='ltr'><strong>cnim</strong></span> <span class='ocrx_word' id='word_1_392' title='bbox 951 1294 1076 1322; x_wconf 81' lang='lat' dir='ltr'><strong>eamdem</strong></span> <span class='ocrx_word' id='word_1_393' title='bbox 1095 1293 1224 1320; x_wconf 83' lang='lat' dir='ltr'><strong>virtutem</strong></span> <span class='ocrx_word' id='word_1_394' title='bbox 1244 1293 1380 1328; x_wconf 85' lang='lat' dir='ltr'><strong>quispiam</strong></span> <span class='ocrx_word' id='word_1_395' title='bbox 1415 1292 1514 1319; x_wconf 81' lang='lat' dir='ltr'><strong>dixerit</strong></span> <span class='ocrx_word' id='word_1_396' title='bbox 1540 1301 1602 1320; x_wconf 78' lang='lat' dir='ltr'><strong>esse</strong></span> <span class='ocrx_word' id='word_1_397' title='bbox 1635 1299 1761 1328; x_wconf 84' lang='lat' dir='ltr'><strong>oportere</strong></span> 
     </span>
    </p>
   </div>
   <div class='ocr_carea' id='block_1_53' title="bbox 125 1339 1760 1378">
    <p class='ocr_par' dir='ltr' id='par_1_53' title="bbox 125 1339 1760 1378">
     <span class='ocr_line' id='line_1_53' title="bbox 125 1339 1760 1378; baseline 0 -9"><span class='ocrx_word' id='word_1_398' title='bbox 125 1343 326 1378; x_wconf 76' lang='lat' dir='ltr'><strong>rempublicam</strong></span> <span class='ocrx_word' id='word_1_399' title='bbox 352 1342 615 1375; x_wconf 86' lang='lat' dir='ltr'><strong>administrantium,</strong></span> <span class='ocrx_word' id='word_1_400' title='bbox 630 1346 658 1370; x_wconf 82' lang='lat' dir='ltr'><strong>et</strong></span> <span class='ocrx_word' id='word_1_401' title='bbox 681 1343 849 1376; x_wconf 83' lang='lat' dir='ltr'><strong>privatorum</strong></span> <span class='ocrx_word' id='word_1_402' title='bbox 863 1350 874 1375; x_wconf 85' lang='lat'><em>;</em></span> <span class='ocrx_word' id='word_1_403' title='bbox 904 1349 992 1377; x_wconf 88' lang='lat' dir='ltr'><strong>neque</strong></span> <span class='ocrx_word' id='word_1_404' title='bbox 1008 1348 1103 1368; x_wconf 89' lang='lat' dir='ltr'><strong>eorum</strong></span> <span class='ocrx_word' id='word_1_405' title='bbox 1119 1341 1165 1376; x_wconf 88' lang='lat' dir='ltr'><strong>qtti</strong></span> <span class='ocrx_word' id='word_1_406' title='bbox 1181 1341 1260 1375; x_wconf 82' lang='lat' dir='ltr'><strong>aquis</strong></span> <span class='ocrx_word' id='word_1_407' title='bbox 1275 1340 1352 1367; x_wconf 88' lang='lat' dir='ltr'><strong>tincti</strong></span> <span class='ocrx_word' id='word_1_408' title='bbox 1367 1339 1534 1367; x_wconf 86' lang='lat' dir='ltr'><strong>salutaribus</strong></span> <span class='ocrx_word' id='word_1_409' title='bbox 1564 1340 1630 1367; x_wconf 85' lang='lat' dir='ltr'><strong>nihil</strong></span> <span class='ocrx_word' id='word_1_410' title='bbox 1661 1349 1760 1369; x_wconf 88' lang='lat' dir='ltr'><strong>novum</strong></span> 
     </span>
    </p>
   </div>
   <div class='ocr_carea' id='block_1_54' title="bbox 127 1387 1756 1425">
    <p class='ocr_par' dir='ltr' id='par_1_54' title="bbox 127 1387 1756 1425">
     <span class='ocr_line' id='line_1_54' title="bbox 127 1387 1756 1425; baseline 0.001 -10"><span class='ocrx_word' id='word_1_411' title='bbox 127 1388 186 1416; x_wconf 89' lang='lat' dir='ltr'><strong>Dco</strong></span> <span class='ocrx_word' id='word_1_412' title='bbox 208 1389 406 1425; x_wconf 81' lang='lat' dir='ltr'><strong>promiserunt,</strong></span> <span class='ocrx_word' id='word_1_413' title='bbox 422 1394 449 1417; x_wconf 86' lang='lat' dir='ltr'><strong>et</strong></span> <span class='ocrx_word' id='word_1_414' title='bbox 460 1389 506 1424; x_wconf 88' lang='lat' dir='ltr'><strong>qui</strong></span> <span class='ocrx_word' id='word_1_415' title='bbox 522 1390 604 1417; x_wconf 83' lang='lat' dir='ltr'><strong>vitam</strong></span> <span class='ocrx_word' id='word_1_416' title='bbox 623 1388 650 1416; x_wconf 89' lang='lat' dir='ltr'><strong>in</strong></span> <span class='ocrx_word' id='word_1_417' title='bbox 671 1388 818 1416; x_wconf 82' lang='lat' dir='ltr'><strong>solitudine</strong></span> <span class='ocrx_word' id='word_1_418' title='bbox 832 1388 978 1424; x_wconf 79' lang='lat' dir='ltr'><strong>agitantes,</strong></span> <span class='ocrx_word' id='word_1_419' title='bbox 989 1387 1142 1415; x_wconf 83' lang='lat' dir='ltr'><strong>castitatem</strong></span> <span class='ocrx_word' id='word_1_420' title='bbox 1153 1391 1180 1414; x_wconf 86' lang='lat' dir='ltr'><strong>et</strong></span> <span class='ocrx_word' id='word_1_421' title='bbox 1195 1391 1383 1422; x_wconf 83' lang='lat' dir='ltr'><strong>paupertatem</strong></span> <span class='ocrx_word' id='word_1_422' title='bbox 1401 1387 1452 1413; x_wconf 87' lang='lat' dir='ltr'><strong>sibi</strong></span> <span class='ocrx_word' id='word_1_423' title='bbox 1467 1387 1632 1421; x_wconf 81' lang='lat' dir='ltr'><strong>prolitcndas</strong></span> <span class='ocrx_word' id='word_1_424' title='bbox 1645 1388 1756 1424; x_wconf 74' lang='lat' dir='ltr'><strong>delege-</strong></span> 
     </span>
    </p>
   </div>
   <div class='ocr_carea' id='block_1_55' title="bbox 126 1433 1337 1471">
    <p class='ocr_par' dir='ltr' id='par_1_55' title="bbox 126 1433 1337 1471">
     <span class='ocr_line' id='line_1_55' title="bbox 126 1433 1337 1471; baseline -0.002 -9"><span class='ocrx_word' id='word_1_425' title='bbox 126 1438 205 1469; x_wconf 88' lang='lat' dir='ltr'><strong>runt,</strong></span> <span class='ocrx_word' id='word_1_426' title='bbox 234 1440 259 1463; x_wconf 89' lang='lat' dir='ltr'><strong>et</strong></span> <span class='ocrx_word' id='word_1_427' title='bbox 277 1436 305 1463; x_wconf 92' lang='lat' dir='ltr'><strong>in</strong></span> <span class='ocrx_word' id='word_1_428' title='bbox 326 1435 415 1463; x_wconf 85' lang='lat' dir='ltr'><strong>aliena</strong></span> <span class='ocrx_word' id='word_1_429' title='bbox 434 1443 521 1471; x_wconf 86' lang='lat' dir='ltr'><strong>usque</strong></span> <span class='ocrx_word' id='word_1_430' title='bbox 549 1435 617 1463; x_wconf 88' lang='lat' dir='ltr'><strong>adeo</strong></span> <span class='ocrx_word' id='word_1_431' title='bbox 643 1434 781 1462; x_wconf 83' lang='lat' dir='ltr'><strong>dominari</strong></span> <span class='ocrx_word' id='word_1_432' title='bbox 809 1435 915 1466; x_wconf 85' lang='lat' dir='ltr'><strong>nolunt,</strong></span> <span class='ocrx_word' id='word_1_433' title='bbox 937 1438 967 1461; x_wconf 93' lang='lat' dir='ltr'><strong>ut</strong></span> <span class='ocrx_word' id='word_1_434' title='bbox 981 1441 1031 1461; x_wconf 86' lang='lat' dir='ltr'><strong>sua</strong></span> <span class='ocrx_word' id='word_1_435' title='bbox 1050 1433 1174 1468; x_wconf 87' lang='lat' dir='ltr'><strong>ipsorum</strong></span> <span class='ocrx_word' id='word_1_436' title='bbox 1191 1433 1337 1467; x_wconf 84' lang='lat' dir='ltr'><strong>abjiciant.</strong></span> 
     </span>
    </p>
   </div>
   <div class='ocr_carea' id='block_1_56' title="bbox 165 1521 918 1561">
    <p class='ocr_par' dir='ltr' id='par_1_56' title="bbox 165 1522 916 1561">
     <span class='ocr_line' id='line_1_56' title="bbox 165 1522 916 1561; baseline -0.005 -7"><span class='ocrx_word' id='word_1_437' title='bbox 165 1529 199 1554; x_wconf 87' lang='grc' dir='ltr'><strong>Ὃ</strong></span> <span class='ocrx_word' id='word_1_438' title='bbox 211 1527 239 1554; x_wconf 74' lang='grc' dir='ltr'>δὲ</span> <span class='ocrx_word' id='word_1_439' title='bbox 255 1527 345 1554; x_wconf 81' lang='grc' dir='ltr'>κοινόν</span> <span class='ocrx_word' id='word_1_440' title='bbox 361 1527 436 1553; x_wconf 73' lang='grc' dir='ltr'>ἔστιν</span> <span class='ocrx_word' id='word_1_441' title='bbox 450 1526 539 1553; x_wconf 59' lang='lat' dir='ltr'><strong>ﬁndat.</strong></span> <span class='ocrx_word' id='word_1_442' title='bbox 552 1525 634 1561; x_wconf 78' lang='grc' dir='ltr'>χρέος</span> <span class='ocrx_word' id='word_1_443' title='bbox 646 1525 703 1556; x_wconf 86' lang='grc' dir='ltr'>τοῖς</span> <span class='ocrx_word' id='word_1_444' title='bbox 719 1524 773 1551; x_wconf 74' lang='grc' dir='ltr'>ἀπὸ</span> <span class='ocrx_word' id='word_1_445' title='bbox 793 1522 916 1559; x_wconf 77' lang='grc' dir='ltr'>Χριστοῦ</span> 
     </span>
    </p>
   </div>
   <div class='ocr_carea' id='block_1_57' title="bbox 970 1521 1752 1561">
    <p class='ocr_par' dir='ltr' id='par_1_57' title="bbox 1005 1521 1752 1556">
     <span class='ocr_line' id='line_1_57' title="bbox 1005 1521 1752 1556; baseline 0.004 -6"><span class='ocrx_word' id='word_1_446' title='bbox 1005 1522 1082 1556; x_wconf 85' lang='lat' dir='ltr'><strong>Quod</strong></span> <span class='ocrx_word' id='word_1_447' title='bbox 1099 1527 1191 1550; x_wconf 90' lang='lat' dir='ltr'><strong>autem</strong></span> <span class='ocrx_word' id='word_1_448' title='bbox 1210 1521 1334 1549; x_wconf 90' lang='lat' dir='ltr'><strong>omnium</strong></span> <span class='ocrx_word' id='word_1_449' title='bbox 1350 1530 1365 1549; x_wconf 90' lang='lat' dir='ltr'><strong>a</strong></span> <span class='ocrx_word' id='word_1_450' title='bbox 1381 1522 1490 1550; x_wconf 82' lang='lat' dir='ltr'><strong>Christo</strong></span> <span class='ocrx_word' id='word_1_451' title='bbox 1511 1531 1610 1551; x_wconf 91' lang='lat' dir='ltr'><strong>nomen</strong></span> <span class='ocrx_word' id='word_1_452' title='bbox 1639 1524 1752 1553; x_wconf 88' lang='lat' dir='ltr'><strong>trahen-</strong></span> 
     </span>
    </p>
   </div>
   <div class='ocr_carea' id='block_1_58' title="bbox 127 1567 918 1608">
    <p class='ocr_par' dir='ltr' id='par_1_58' title="bbox 127 1569 918 1608">
     <span class='ocr_line' id='line_1_58' title="bbox 127 1569 918 1608; baseline -0.005 -8"><span class='ocrx_word' id='word_1_453' title='bbox 127 1573 320 1608; x_wconf 76' lang='grc' dir='ltr'>καλουμένοις,</span> <span class='ocrx_word' id='word_1_454' title='bbox 337 1572 433 1607; x_wconf 84' lang='grc' dir='ltr'>ὥσπερ</span> <span class='ocrx_word' id='word_1_455' title='bbox 447 1572 517 1599; x_wconf 79' lang='grc' dir='ltr'>αὐτὸ</span> <span class='ocrx_word' id='word_1_456' title='bbox 532 1571 565 1606; x_wconf 82' lang='grc' dir='ltr'>δὴ</span> <span class='ocrx_word' id='word_1_457' title='bbox 581 1571 613 1597; x_wconf 77' lang='grc' dir='ltr'>τὸ</span> <span class='ocrx_word' id='word_1_458' title='bbox 630 1570 792 1607; x_wconf 82' lang='grc' dir='ltr'>πρόσρημα,</span> <span class='ocrx_word' id='word_1_459' title='bbox 810 1570 858 1596; x_wconf 73' lang='grc' dir='ltr'>καὶ</span> <span class='ocrx_word' id='word_1_460' title='bbox 875 1569 918 1596; x_wconf 87' lang='grc' dir='ltr'><strong>δεῖ</strong></span> 
     </span>
    </p>
   </div>
   <div class='ocr_carea' id='block_1_59' title="bbox 970 1567 1756 1608">
    <p class='ocr_par' dir='ltr' id='par_1_59' title="bbox 970 1567 1756 1604">
     <span class='ocr_line' id='line_1_59' title="bbox 970 1567 1756 1604; baseline 0.004 -9"><span class='ocrx_word' id='word_1_461' title='bbox 970 1567 1036 1595; x_wconf 89' lang='lat' dir='ltr'><strong>tium</strong></span> <span class='ocrx_word' id='word_1_462' title='bbox 1052 1575 1198 1595; x_wconf 85' lang='lat' dir='ltr'><strong>commune</strong></span> <span class='ocrx_word' id='word_1_463' title='bbox 1215 1567 1338 1594; x_wconf 89' lang='lat' dir='ltr'><strong>debitum</strong></span> <span class='ocrx_word' id='word_1_464' title='bbox 1355 1571 1407 1599; x_wconf 90' lang='lat' dir='ltr'><strong>est,</strong></span> <span class='ocrx_word' id='word_1_465' title='bbox 1425 1567 1497 1596; x_wconf 82' lang='lat' dir='ltr'><strong>sicut</strong></span> <span class='ocrx_word' id='word_1_466' title='bbox 1515 1569 1573 1604; x_wconf 86' lang='lat' dir='ltr'><strong>ipsa</strong></span> <span class='ocrx_word' id='word_1_467' title='bbox 1596 1570 1756 1604; x_wconf 82' lang='lat' dir='ltr'><strong>appellatio,</strong></span> 
     </span>
    </p>
   </div>
   <div class='ocr_carea' id='block_1_60' title="bbox 127 1613 918 1652">
    <p class='ocr_par' dir='ltr' id='par_1_60' title="bbox 127 1613 916 1652">
     <span class='ocr_line' id='line_1_60' title="bbox 127 1613 916 1652; baseline -0.005 -6"><span class='ocrx_word' id='word_1_468' title='bbox 127 1619 234 1650; x_wconf 79' lang='grc' dir='ltr'>πάντας</span> <span class='ocrx_word' id='word_1_469' title='bbox 261 1619 363 1652; x_wconf 81' lang='grc' dir='ltr'>ὁμοίως</span> <span class='ocrx_word' id='word_1_470' title='bbox 389 1617 567 1651; x_wconf 79' lang='grc' dir='ltr'>εἰσενεγκεῖν,</span> <span class='ocrx_word' id='word_1_471' title='bbox 595 1617 665 1651; x_wconf 75' lang='grc' dir='ltr'>ὑπὲρ</span> <span class='ocrx_word' id='word_1_472' title='bbox 691 1613 723 1643; x_wconf 73' lang='grc' dir='ltr'>οὗ</span> <span class='ocrx_word' id='word_1_473' title='bbox 747 1617 803 1643; x_wconf 83' lang='grc' dir='ltr'><strong>πᾶν</strong></span> <span class='ocrx_word' id='word_1_474' title='bbox 826 1614 916 1643; x_wconf 83' lang='grc' dir='ltr'>ὁτιοῦν</span> 
     </span>
    </p>
   </div>
   <div class='ocr_carea' id='block_1_61' title="bbox 970 1613 1756 1652">
    <p class='ocr_par' dir='ltr' id='par_1_61' title="bbox 970 1614 1756 1649">
     <span class='ocr_line' id='line_1_61' title="bbox 970 1614 1756 1649; baseline 0.005 -9"><span class='ocrx_word' id='word_1_475' title='bbox 970 1614 1096 1648; x_wconf 86' lang='lat' dir='ltr'><strong>quodque</strong></span> <span class='ocrx_word' id='word_1_476' title='bbox 1115 1621 1212 1641; x_wconf 86' lang='lat' dir='ltr'><strong>omnes</strong></span> <span class='ocrx_word' id='word_1_477' title='bbox 1227 1620 1305 1648; x_wconf 84' lang='lat' dir='ltr'><strong>aeque</strong></span> <span class='ocrx_word' id='word_1_478' title='bbox 1320 1619 1449 1648; x_wconf 80' lang='lat' dir='ltr'><strong>praestare</strong></span> <span class='ocrx_word' id='word_1_479' title='bbox 1463 1619 1583 1648; x_wconf 85' lang='lat' dir='ltr'><strong>oportet,</strong></span> <span class='ocrx_word' id='word_1_480' title='bbox 1602 1615 1684 1649; x_wconf 86' lang='lat' dir='ltr'><strong>cujus</strong></span> <span class='ocrx_word' id='word_1_481' title='bbox 1705 1624 1756 1644; x_wconf 50' lang='lat' dir='ltr'><strong>ne-</strong></span> 
     </span>
    </p>
   </div>
   <div class='ocr_carea' id='block_1_62' title="bbox 127 1661 918 1706">
    <p class='ocr_par' dir='ltr' id='par_1_62' title="bbox 127 1661 917 1700">
     <span class='ocr_line' id='line_1_62' title="bbox 127 1661 917 1700; baseline -0.004 -9"><span class='ocrx_word' id='word_1_482' title='bbox 127 1665 344 1700; x_wconf 80' lang='grc' dir='ltr'>προῖσχομένους</span> <span class='ocrx_word' id='word_1_483' title='bbox 359 1664 409 1690; x_wconf 85' lang='grc' dir='ltr'>οὐκ</span> <span class='ocrx_word' id='word_1_484' title='bbox 425 1663 483 1690; x_wconf 75' lang='grc' dir='ltr'>ἐστι</span> <span class='ocrx_word' id='word_1_485' title='bbox 501 1661 726 1698; x_wconf 80' lang='grc' dir='ltr'>παραιτήσασθαι</span> <span class='ocrx_word' id='word_1_486' title='bbox 741 1663 806 1694; x_wconf 78' lang='grc' dir='ltr'>τοὺς</span> <span class='ocrx_word' id='word_1_487' title='bbox 822 1662 917 1689; x_wconf 84' lang='grc' dir='ltr'>ἀπολι-</span> 
     </span>
    </p>
   </div>
   <div class='ocr_carea' id='block_1_63' title="bbox 970 1661 1759 1706">
    <p class='ocr_par' dir='ltr' id='par_1_63' title="bbox 970 1661 1759 1699">
     <span class='ocr_line' id='line_1_63' title="bbox 970 1661 1759 1699; baseline 0.001 -10"><span class='ocrx_word' id='word_1_488' title='bbox 970 1663 1110 1697; x_wconf 74' lang='lat' dir='ltr'><strong>gligentes,</strong></span> <span class='ocrx_word' id='word_1_489' title='bbox 1125 1661 1257 1697; x_wconf 87' lang='lat' dir='ltr'><strong>quidquid</strong></span> <span class='ocrx_word' id='word_1_490' title='bbox 1272 1662 1452 1697; x_wconf 68' lang='lat' dir='ltr'><strong>praetendant,</strong></span> <span class='ocrx_word' id='word_1_491' title='bbox 1483 1669 1537 1689; x_wconf 90' lang='lat' dir='ltr'><strong>non</strong></span> <span class='ocrx_word' id='word_1_492' title='bbox 1571 1667 1684 1697; x_wconf 85' lang='lat' dir='ltr'><strong>possunt</strong></span> <span class='ocrx_word' id='word_1_493' title='bbox 1695 1671 1759 1699; x_wconf 84' lang='lat' dir='ltr'><strong>sup-</strong></span> 
     </span>
    </p>
   </div>
   <div class='ocr_carea' id='block_1_64' title="bbox 128 1707 916 1744">
    <p class='ocr_par' dir='ltr' id='par_1_64' title="bbox 128 1707 916 1744">
     <span class='ocr_line' id='line_1_64' title="bbox 128 1707 916 1744; baseline -0.003 -8"><span class='ocrx_word' id='word_1_494' title='bbox 128 1710 266 1744; x_wconf 75' lang='grc' dir='ltr'>πομένους</span> <span class='ocrx_word' id='word_1_495' title='bbox 282 1710 312 1736; x_wconf 74' lang='grc' dir='ltr'>οὗ</span> <span class='ocrx_word' id='word_1_496' title='bbox 328 1709 378 1744; x_wconf 85' lang='grc' dir='ltr'>τὴν</span> <span class='ocrx_word' id='word_1_497' title='bbox 403 1709 523 1744; x_wconf 85' lang='grc' dir='ltr'>ἠλικίαν,</span> <span class='ocrx_word' id='word_1_498' title='bbox 544 1709 574 1736; x_wconf 86' lang='grc' dir='ltr'><strong>ού</strong></span> <span class='ocrx_word' id='word_1_499' title='bbox 590 1708 701 1743; x_wconf 81' lang='grc' dir='ltr'>τέχνην,</span> <span class='ocrx_word' id='word_1_500' title='bbox 715 1709 745 1735; x_wconf 81' lang='grc' dir='ltr'>οὒ</span> <span class='ocrx_word' id='word_1_501' title='bbox 760 1708 846 1743; x_wconf 89' lang='grc' dir='ltr'>τύχην</span> <span class='ocrx_word' id='word_1_502' title='bbox 861 1707 916 1734; x_wconf 82' lang='grc' dir='ltr'>οὐδ’</span> 
     </span>
    </p>
   </div>
   <div class='ocr_carea' id='block_1_65' title="bbox 127 1754 917 1792">
    <p class='ocr_par' dir='ltr' id='par_1_65' title="bbox 127 1754 917 1792">
     <span class='ocr_line' id='line_1_65' title="bbox 127 1754 917 1792; baseline -0.004 -9"><span class='ocrx_word' id='word_1_503' title='bbox 127 1756 264 1792; x_wconf 79' lang='grc' dir='ltr'>ἡντινοῦν,</span> <span class='ocrx_word' id='word_1_504' title='bbox 281 1755 312 1783; x_wconf 79' lang='grc' dir='ltr'>οὐ</span> <span class='ocrx_word' id='word_1_505' title='bbox 335 1756 384 1790; x_wconf 83' lang='grc' dir='ltr'>τὴν</span> <span class='ocrx_word' id='word_1_506' title='bbox 405 1756 548 1790; x_wconf 75' lang='grc' dir='ltr'>ἐσχατιὰν,</span> <span class='ocrx_word' id='word_1_507' title='bbox 568 1755 600 1781; x_wconf 83' lang='grc' dir='ltr'>οὐ</span> <span class='ocrx_word' id='word_1_508' title='bbox 616 1756 666 1790; x_wconf 84' lang='grc' dir='ltr'>τὴν</span> <span class='ocrx_word' id='word_1_509' title='bbox 680 1756 810 1790; x_wconf 76' lang='grc' dir='ltr'>ἐρημίαν,</span> <span class='ocrx_word' id='word_1_510' title='bbox 823 1754 853 1781; x_wconf 79' lang='grc' dir='ltr'>οὐ</span> <span class='ocrx_word' id='word_1_511' title='bbox 867 1754 917 1785; x_wconf 79' lang='grc' dir='ltr'><strong>τὰς</strong></span> 
     </span>
    </p>
   </div>
   <div class='ocr_carea' id='block_1_66' title="bbox 128 1800 916 1836">
    <p class='ocr_par' dir='ltr' id='par_1_66' title="bbox 128 1800 916 1836">
     <span class='ocr_line' id='line_1_66' title="bbox 128 1800 916 1836; baseline -0.001 -8"><span class='ocrx_word' id='word_1_512' title='bbox 128 1802 234 1835; x_wconf 83' lang='grc' dir='ltr'>πόλεις,</span> <span class='ocrx_word' id='word_1_513' title='bbox 249 1802 279 1829; x_wconf 74' lang='grc' dir='ltr'>οὐ</span> <span class='ocrx_word' id='word_1_514' title='bbox 295 1802 359 1832; x_wconf 80' lang='grc' dir='ltr'>τοὺς</span> <span class='ocrx_word' id='word_1_515' title='bbox 374 1801 519 1836; x_wconf 76' lang='grc' dir='ltr'>θορύϐους,</span> <span class='ocrx_word' id='word_1_516' title='bbox 537 1802 587 1827; x_wconf 84' lang='grc' dir='ltr'>οὐκ</span> <span class='ocrx_word' id='word_1_517' title='bbox 601 1801 665 1828; x_wconf 79' lang='grc' dir='ltr'>ἄλλο</span> <span class='ocrx_word' id='word_1_518' title='bbox 674 1801 730 1827; x_wconf 71' lang='grc' dir='ltr'><strong>τῶν</strong></span> <span class='ocrx_word' id='word_1_519' title='bbox 738 1801 846 1828; x_wconf 87' lang='grc' dir='ltr'>πάντων</span> <span class='ocrx_word' id='word_1_520' title='bbox 855 1800 916 1827; x_wconf 75' lang='grc' dir='ltr'>οὐδὲ</span> 
     </span>
    </p>
   </div>
   <div class='ocr_carea' id='block_1_67' title="bbox 128 1846 916 1882">
    <p class='ocr_par' dir='ltr' id='par_1_67' title="bbox 128 1846 916 1882">
     <span class='ocr_line' id='line_1_67' title="bbox 128 1846 916 1882; baseline -0.003 -8"><span class='ocrx_word' id='word_1_521' title='bbox 128 1847 170 1880; x_wconf 75' lang='grc' dir='ltr'>ἓν,</span> <span class='ocrx_word' id='word_1_522' title='bbox 184 1847 227 1881; x_wconf 76' lang='grc' dir='ltr'><strong>ἐφ’</strong></span> <span class='ocrx_word' id='word_1_523' title='bbox 242 1847 260 1874; x_wconf 75' lang='grc' dir='ltr'>ἃ</span> <span class='ocrx_word' id='word_1_524' title='bbox 276 1847 453 1882; x_wconf 75' lang='grc' dir='ltr'>συμὸἐῦηκεν</span> <span class='ocrx_word' id='word_1_525' title='bbox 468 1846 688 1880; x_wconf 71' lang='grc' dir='ltr'>ἐγκαλουμένους</span> <span class='ocrx_word' id='word_1_526' title='bbox 704 1847 867 1882; x_wconf 85' lang='grc' dir='ltr'>ἀναχωρεῖν,</span> <span class='ocrx_word' id='word_1_527' title='bbox 879 1846 916 1878; x_wconf 85' lang='grc' dir='ltr'>ὡς</span> 
     </span>
    </p>
   </div>
   <div class='ocr_carea' id='block_1_68' title="bbox 128 1892 916 1927">
    <p class='ocr_par' dir='ltr' id='par_1_68' title="bbox 128 1892 916 1927">
     <span class='ocr_line' id='line_1_68' title="bbox 128 1892 916 1927; baseline -0.003 -7"><span class='ocrx_word' id='word_1_528' title='bbox 128 1894 234 1924; x_wconf 77' lang='grc' dir='ltr'>οὐδενὸς</span> <span class='ocrx_word' id='word_1_529' title='bbox 265 1892 340 1927; x_wconf 81' lang='grc' dir='ltr'><strong>αὐτῷ</strong></span> <span class='ocrx_word' id='word_1_530' title='bbox 369 1892 553 1927; x_wconf 77' lang='grc' dir='ltr'>προΐστασθαι</span> <span class='ocrx_word' id='word_1_531' title='bbox 584 1892 734 1927; x_wconf 77' lang='grc' dir='ltr'>δυναμένου</span> <span class='ocrx_word' id='word_1_532' title='bbox 759 1892 808 1918; x_wconf 78' lang='grc' dir='ltr'>καὶ</span> <span class='ocrx_word' id='word_1_533' title='bbox 834 1893 916 1918; x_wconf 81' lang='grc' dir='ltr'>πᾶσιν</span> 
     </span>
    </p>
   </div>
   <div class='ocr_carea' id='block_1_69' title="bbox 129 1937 915 1975">
    <p class='ocr_par' dir='ltr' id='par_1_69' title="bbox 129 1937 915 1975">
     <span class='ocr_line' id='line_1_69' title="bbox 129 1937 915 1975; baseline -0.004 -9"><span class='ocrx_word' id='word_1_534' title='bbox 129 1940 202 1973; x_wconf 69' lang='grc' dir='ltr'>ἐξὸν,</span> <span class='ocrx_word' id='word_1_535' title='bbox 226 1940 260 1975; x_wconf 74' lang='grc' dir='ltr'><strong>τῇ</strong></span> <span class='ocrx_word' id='word_1_536' title='bbox 284 1938 330 1965; x_wconf 81' lang='grc' dir='ltr'><strong>τοῦ</strong></span> <span class='ocrx_word' id='word_1_537' title='bbox 351 1938 472 1974; x_wconf 84' lang='grc' dir='ltr'>Χριστοῦ</span> <span class='ocrx_word' id='word_1_538' title='bbox 495 1938 604 1972; x_wconf 81' lang='grc' dir='ltr'>θελήσει</span> <span class='ocrx_word' id='word_1_539' title='bbox 623 1938 660 1973; x_wconf 84' lang='grc' dir='ltr'>μὴ</span> <span class='ocrx_word' id='word_1_540' title='bbox 686 1938 827 1973; x_wconf 83' lang='grc' dir='ltr'>πολεμεῖν,</span> <span class='ocrx_word' id='word_1_541' title='bbox 848 1937 915 1964; x_wconf 74' lang='grc' dir='ltr'>ἀλλὰ</span> 
     </span>
    </p>
   </div>
   <div class='ocr_carea' id='block_1_70' title="bbox 128 1983 917 2019">
    <p class='ocr_par' dir='ltr' id='par_1_70' title="bbox 128 1983 917 2019">
     <span class='ocr_line' id='line_1_70' title="bbox 128 1983 917 2019; baseline -0.004 -7"><span class='ocrx_word' id='word_1_542' title='bbox 128 1986 192 2017; x_wconf 78' lang='grc' dir='ltr'>τοὺς</span> <span class='ocrx_word' id='word_1_543' title='bbox 211 1985 316 2012; x_wconf 75' lang='grc' dir='ltr'>ἐκεῖθεν</span> <span class='ocrx_word' id='word_1_544' title='bbox 333 1985 365 2011; x_wconf 82' lang='grc' dir='ltr'>ὲκ</span> <span class='ocrx_word' id='word_1_545' title='bbox 394 1984 496 2016; x_wconf 68' lang='grc' dir='ltr'>παντὸς</span> <span class='ocrx_word' id='word_1_546' title='bbox 521 1984 624 2019; x_wconf 81' lang='grc' dir='ltr'>τρόπου</span> <span class='ocrx_word' id='word_1_547' title='bbox 651 1983 789 2015; x_wconf 70' lang='grc' dir='ltr'>σώζοντας</span> <span class='ocrx_word' id='word_1_548' title='bbox 817 1983 917 2017; x_wconf 66' lang='grc' dir='ltr'>νόμους</span> 
     </span>
    </p>
   </div>
   <div class='ocr_carea' id='block_1_71' title="bbox 129 2029 917 2066">
    <p class='ocr_par' dir='ltr' id='par_1_71' title="bbox 129 2029 917 2066">
     <span class='ocr_line' id='line_1_71' title="bbox 129 2029 917 2066; baseline -0.001 -9"><span class='ocrx_word' id='word_1_549' title='bbox 129 2031 202 2066; x_wconf 80' lang='grc' dir='ltr'>πρὸς</span> <span class='ocrx_word' id='word_1_550' title='bbox 216 2031 337 2065; x_wconf 81' lang='grc' dir='ltr'>τάκείνῳ</span> <span class='ocrx_word' id='word_1_551' title='bbox 348 2029 481 2057; x_wconf 80' lang='grc' dir='ltr'>δοκοῦντα</span> <span class='ocrx_word' id='word_1_552' title='bbox 505 2029 654 2056; x_wconf 79' lang='grc' dir='ltr'>διατιθέναι</span> <span class='ocrx_word' id='word_1_553' title='bbox 676 2030 722 2056; x_wconf 77' lang='grc' dir='ltr'><strong>τον</strong></span> <span class='ocrx_word' id='word_1_554' title='bbox 738 2029 808 2064; x_wconf 85' lang='grc' dir='ltr'>βίον.</span> <span class='ocrx_word' id='word_1_555' title='bbox 824 2029 917 2056; x_wconf 86' lang='grc' dir='ltr'>Ταῦτα</span> 
     </span>
    </p>
   </div>
   <div class='ocr_carea' id='block_1_72' title="bbox 128 2075 916 2111">
    <p class='ocr_par' dir='ltr' id='par_1_72' title="bbox 128 2075 916 2111">
     <span class='ocr_line' id='line_1_72' title="bbox 128 2075 916 2111; baseline -0.003 -8"><span class='ocrx_word' id='word_1_556' title='bbox 128 2078 184 2111; x_wconf 83' lang='grc' dir='ltr'><strong>γὰρ</strong></span> <span class='ocrx_word' id='word_1_557' title='bbox 193 2075 255 2103; x_wconf 82' lang='grc' dir='ltr'>οὗτε</span> <span class='ocrx_word' id='word_1_558' title='bbox 267 2077 385 2111; x_wconf 82' lang='grc' dir='ltr'>κρείττω</span> <span class='ocrx_word' id='word_1_559' title='bbox 395 2075 536 2110; x_wconf 81' lang='grc' dir='ltr'>δυνάμεως</span> <span class='ocrx_word' id='word_1_560' title='bbox 548 2075 723 2110; x_wconf 80' lang='grc' dir='ltr'>ἀνθρωπείας</span> <span class='ocrx_word' id='word_1_561' title='bbox 736 2075 810 2102; x_wconf 76' lang='grc' dir='ltr'>ἐστιν</span> <span class='ocrx_word' id='word_1_562' title='bbox 819 2076 916 2108; x_wconf 67' lang='grc' dir='ltr'>εἰπεῖν,</span> 
     </span>
    </p>
   </div>
   <div class='ocr_carea' id='block_1_73' title="bbox 126 2119 917 2156">
    <p class='ocr_par' dir='ltr' id='par_1_73' title="bbox 126 2119 917 2156">
     <span class='ocr_line' id='line_1_73' title="bbox 126 2119 917 2156; baseline -0.004 -8"><span class='ocrx_word' id='word_1_563' title='bbox 126 2122 160 2148; x_wconf 75' lang='grc' dir='ltr'>οὗ</span> <span class='ocrx_word' id='word_1_564' title='bbox 185 2123 240 2156; x_wconf 81' lang='grc' dir='ltr'><strong>γὰρ</strong></span> <span class='ocrx_word' id='word_1_565' title='bbox 262 2120 295 2148; x_wconf 78' lang='grc' dir='ltr'>ἂν</span> <span class='ocrx_word' id='word_1_566' title='bbox 316 2122 373 2152; x_wconf 80' lang='grc' dir='ltr'>τοῖς</span> <span class='ocrx_word' id='word_1_567' title='bbox 389 2119 599 2155; x_wconf 81' lang='grc' dir='ltr'>παρανομοῦσιν</span> <span class='ocrx_word' id='word_1_568' title='bbox 618 2119 711 2146; x_wconf 75' lang='grc' dir='ltr'>ἔκειτο</span> <span class='ocrx_word' id='word_1_569' title='bbox 729 2120 802 2154; x_wconf 83' lang='grc' dir='ltr'>δίκη.</span> <span class='ocrx_word' id='word_1_570' title='bbox 819 2120 873 2146; x_wconf 88' lang='grc' dir='ltr'><strong>τῶν</strong></span> <span class='ocrx_word' id='word_1_571' title='bbox 887 2128 917 2146; x_wconf 88' lang='grc' dir='ltr'><strong>τε</strong></span> 
     </span>
    </p>
   </div>
   <div class='ocr_carea' id='block_1_74' title="bbox 128 2164 918 2203">
    <p class='ocr_par' dir='ltr' id='par_1_74' title="bbox 128 2164 918 2203">
     <span class='ocr_line' id='line_1_74' title="bbox 128 2164 918 2203; baseline -0.005 -8"><span class='ocrx_word' id='word_1_572' title='bbox 128 2167 302 2203; x_wconf 83' lang='grc' dir='ltr'>Χριστιανῶν</span> <span class='ocrx_word' id='word_1_573' title='bbox 311 2167 361 2194; x_wconf 79' lang='grc' dir='ltr'>οὐκ</span> <span class='ocrx_word' id='word_1_574' title='bbox 369 2166 443 2193; x_wconf 80' lang='grc' dir='ltr'>ἔστιν</span> <span class='ocrx_word' id='word_1_575' title='bbox 455 2165 554 2197; x_wconf 77' lang='grc' dir='ltr'>οὐδεὶς,</span> <span class='ocrx_word' id='word_1_576' title='bbox 566 2165 594 2197; x_wconf 77' lang='grc' dir='ltr'>ὃς</span> <span class='ocrx_word' id='word_1_577' title='bbox 606 2165 657 2191; x_wconf 77' lang='grc' dir='ltr'>οὐκ</span> <span class='ocrx_word' id='word_1_578' title='bbox 667 2166 707 2196; x_wconf 77' lang='grc' dir='ltr'>εἰς</span> <span class='ocrx_word' id='word_1_579' title='bbox 719 2164 798 2199; x_wconf 77' lang='grc' dir='ltr'>ἔργον</span> <span class='ocrx_word' id='word_1_580' title='bbox 811 2166 918 2192; x_wconf 70' lang='grc' dir='ltr'>ἅπαντα</span> 
     </span>
    </p>
   </div>
   <div class='ocr_carea' id='block_1_75' title="bbox 129 2210 918 2248">
    <p class='ocr_par' dir='ltr' id='par_1_75' title="bbox 129 2210 918 2248">
     <span class='ocr_line' id='line_1_75' title="bbox 129 2210 918 2248; baseline -0.004 -8"><span class='ocrx_word' id='word_1_581' title='bbox 129 2214 246 2248; x_wconf 81' lang='grc' dir='ltr'>ἀγαγεῖν</span> <span class='ocrx_word' id='word_1_582' title='bbox 267 2212 356 2248; x_wconf 72' lang='grc' dir='ltr'>ἑαυτῷ</span> <span class='ocrx_word' id='word_1_583' title='bbox 378 2211 499 2239; x_wconf 86' lang='grc' dir='ltr'>σύνοιδεν</span> <span class='ocrx_word' id='word_1_584' title='bbox 515 2211 660 2246; x_wconf 79' lang='grc' dir='ltr'>ὑπόχρεως</span> <span class='ocrx_word' id='word_1_585' title='bbox 684 2210 734 2238; x_wconf 87' lang='grc' dir='ltr'>ῶν.</span> <span class='ocrx_word' id='word_1_586' title='bbox 758 2211 792 2237; x_wconf 85' lang='grc' dir='ltr'>Οἴ</span> <span class='ocrx_word' id='word_1_587' title='bbox 814 2219 845 2244; x_wconf 86' lang='grc' dir='ltr'><strong>γε</strong></span> <span class='ocrx_word' id='word_1_588' title='bbox 868 2211 918 2246; x_wconf 86' lang='grc' dir='ltr'>τὴν</span> 
     </span>
    </p>
   </div>
   <div class='ocr_carea' id='block_1_76' title="bbox 129 2256 919 2296">
    <p class='ocr_par' dir='ltr' id='par_1_76' title="bbox 129 2256 919 2296">
     <span class='ocr_line' id='line_1_76' title="bbox 129 2256 919 2296; baseline -0.004 -9"><span class='ocrx_word' id='word_1_589' title='bbox 129 2260 220 2296; x_wconf 81' lang='grc' dir='ltr'>ἀρχὴν</span> <span class='ocrx_word' id='word_1_590' title='bbox 235 2259 310 2294; x_wconf 79' lang='grc' dir='ltr'>αὐτῷ</span> <span class='ocrx_word' id='word_1_591' title='bbox 332 2259 493 2294; x_wconf 82' lang='grc' dir='ltr'>προσιόντες</span> <span class='ocrx_word' id='word_1_592' title='bbox 507 2256 524 2293; x_wconf 84' lang='grc' dir='ltr'>ἦ</span> <span class='ocrx_word' id='word_1_593' title='bbox 541 2258 594 2293; x_wconf 86' lang='grc' dir='ltr'><strong>μὴν</strong></span> <span class='ocrx_word' id='word_1_594' title='bbox 618 2258 663 2284; x_wconf 82' lang='grc' dir='ltr'><strong>διὰ</strong></span> <span class='ocrx_word' id='word_1_595' title='bbox 678 2257 788 2284; x_wconf 82' lang='grc' dir='ltr'>πάντων</span> <span class='ocrx_word' id='word_1_596' title='bbox 804 2257 919 2284; x_wconf 79' lang='grc' dir='ltr'>ἀκολου-</span> 
     </span>
    </p>
   </div>
   <div class='ocr_carea' id='block_1_77' title="bbox 130 2303 917 2341">
    <p class='ocr_par' dir='ltr' id='par_1_77' title="bbox 130 2303 917 2341">
     <span class='ocr_line' id='line_1_77' title="bbox 130 2303 917 2341; baseline -0.004 -9"><span class='ocrx_word' id='word_1_597' title='bbox 130 2305 225 2341; x_wconf 81' lang='grc' dir='ltr'>θήσειν</span> <span class='ocrx_word' id='word_1_598' title='bbox 246 2304 364 2340; x_wconf 78' lang='grc' dir='ltr'>ηῦξαντο</span> <span class='ocrx_word' id='word_1_599' title='bbox 386 2304 490 2336; x_wconf 76' lang='grc' dir='ltr'>πάντες</span> <span class='ocrx_word' id='word_1_600' title='bbox 516 2304 619 2338; x_wconf 77' lang='grc' dir='ltr'>ὁμοίως</span> <span class='ocrx_word' id='word_1_601' title='bbox 642 2303 691 2330; x_wconf 73' lang='grc' dir='ltr'>καὶ</span> <span class='ocrx_word' id='word_1_602' title='bbox 720 2303 833 2334; x_wconf 84' lang='grc' dir='ltr'>ταύταις</span> <span class='ocrx_word' id='word_1_603' title='bbox 858 2304 917 2334; x_wconf 84' lang='grc' dir='ltr'>ταῖς</span> 
     </span>
    </p>
   </div>
   <div class='ocr_carea' id='block_1_78' title="bbox 130 2347 918 2386">
    <p class='ocr_par' dir='ltr' id='par_1_78' title="bbox 130 2347 918 2386">
     <span class='ocr_line' id='line_1_78' title="bbox 130 2347 918 2386; baseline -0.001 -9"><span class='ocrx_word' id='word_1_604' title='bbox 130 2350 283 2386; x_wconf 73' lang='grc' dir='ltr'>συνθήκαις</span> <span class='ocrx_word' id='word_1_605' title='bbox 306 2350 436 2385; x_wconf 83' lang='grc' dir='ltr'>δήσαντες</span> <span class='ocrx_word' id='word_1_606' title='bbox 461 2349 576 2380; x_wconf 76' lang='grc' dir='ltr'>ἑαυτοὺς</span> <span class='ocrx_word' id='word_1_607' title='bbox 603 2347 675 2374; x_wconf 77' lang='grc' dir='ltr'>οὕτω</span> <span class='ocrx_word' id='word_1_608' title='bbox 706 2349 836 2383; x_wconf 81' lang='grc' dir='ltr'>μετέσχον</span> <span class='ocrx_word' id='word_1_609' title='bbox 864 2348 918 2376; x_wconf 90' lang='grc' dir='ltr'><strong>τῶν</strong></span> 
     </span>
    </p>
   </div>
   <div class='ocr_carea' id='block_1_79' title="bbox 131 2394 916 2432">
    <p class='ocr_par' dir='ltr' id='par_1_79' title="bbox 131 2394 916 2432">
     <span class='ocr_line' id='line_1_79' title="bbox 131 2394 916 2432; baseline -0.003 -9"><span class='ocrx_word' id='word_1_610' title='bbox 131 2397 226 2432; x_wconf 79' lang='grc' dir='ltr'>ἱερῶν.</span> <span class='ocrx_word' id='word_1_611' title='bbox 243 2395 320 2423; x_wconf 73' lang='grc' dir='ltr'>Οὕτω</span> <span class='ocrx_word' id='word_1_612' title='bbox 335 2395 357 2422; x_wconf 87' lang='grc' dir='ltr'>δ’</span> <span class='ocrx_word' id='word_1_613' title='bbox 372 2395 436 2422; x_wconf 72' lang='grc' dir='ltr'>ὅντα</span> <span class='ocrx_word' id='word_1_614' title='bbox 452 2395 532 2422; x_wconf 75' lang='grc' dir='ltr'>κοινὰ</span> <span class='ocrx_word' id='word_1_615' title='bbox 546 2395 632 2421; x_wconf 75' lang='grc' dir='ltr'>πᾶσιν</span> <span class='ocrx_word' id='word_1_616' title='bbox 648 2394 796 2429; x_wconf 81' lang='grc' dir='ltr'>ὀφλήματα</span> <span class='ocrx_word' id='word_1_617' title='bbox 815 2394 850 2421; x_wconf 82' lang='grc' dir='ltr'>τὰ</span> <span class='ocrx_word' id='word_1_618' title='bbox 868 2394 916 2421; x_wconf 82' lang='grc' dir='ltr'>τοῦ</span> 
     </span>
    </p>
   </div>
   <div class='ocr_carea' id='block_1_80' title="bbox 131 2438 918 2476">
    <p class='ocr_par' dir='ltr' id='par_1_80' title="bbox 131 2438 918 2476">
     <span class='ocr_line' id='line_1_80' title="bbox 131 2438 918 2476; baseline -0.008 -7"><span class='ocrx_word' id='word_1_619' title='bbox 131 2442 260 2476; x_wconf 79' lang='grc' dir='ltr'>Σωτῆρος</span> <span class='ocrx_word' id='word_1_620' title='bbox 276 2441 452 2474; x_wconf 72' lang='grc' dir='ltr'>ἐπιτάγματα</span> <span class='ocrx_word' id='word_1_621' title='bbox 475 2440 531 2470; x_wconf 85' lang='grc' dir='ltr'>τοῖς</span> <span class='ocrx_word' id='word_1_622' title='bbox 550 2439 656 2469; x_wconf 74' lang='grc' dir='ltr'>πιστοῖς</span> <span class='ocrx_word' id='word_1_623' title='bbox 681 2438 729 2464; x_wconf 77' lang='grc' dir='ltr'>καὶ</span> <span class='ocrx_word' id='word_1_624' title='bbox 745 2438 847 2464; x_wconf 75' lang='grc' dir='ltr'>δυνατὰ</span> <span class='ocrx_word' id='word_1_625' title='bbox 861 2439 918 2470; x_wconf 84' lang='grc' dir='ltr'>τοῖς</span> 
     </span>
    </p>
   </div>
   <div class='ocr_carea' id='block_1_81' title="bbox 132 2483 918 2520">
    <p class='ocr_par' dir='ltr' id='par_1_81' title="bbox 132 2483 918 2520">
     <span class='ocr_line' id='line_1_81' title="bbox 132 2483 918 2520; baseline -0.004 -8"><span class='ocrx_word' id='word_1_626' title='bbox 132 2485 307 2520; x_wconf 75' lang='grc' dir='ltr'>βουλομένοις</span> <span class='ocrx_word' id='word_1_627' title='bbox 324 2485 424 2512; x_wconf 78' lang='grc' dir='ltr'>ἀνῦσαι</span> <span class='ocrx_word' id='word_1_628' title='bbox 438 2485 484 2510; x_wconf 76' lang='grc' dir='ltr'>καὶ</span> <span class='ocrx_word' id='word_1_629' title='bbox 499 2484 602 2518; x_wconf 79' lang='grc' dir='ltr'>σφόδρα</span> <span class='ocrx_word' id='word_1_630' title='bbox 615 2484 667 2509; x_wconf 89' lang='grc' dir='ltr'><strong>τῶν</strong></span> <span class='ocrx_word' id='word_1_631' title='bbox 683 2483 852 2517; x_wconf 77' lang='grc' dir='ltr'>ἀναγκαίων,</span> <span class='ocrx_word' id='word_1_632' title='bbox 871 2483 918 2510; x_wconf 86' lang='grc' dir='ltr'>καὶ</span> 
     </span>
    </p>
   </div>
   <div class='ocr_carea' id='block_1_82' title="bbox 131 2529 918 2567">
    <p class='ocr_par' dir='ltr' id='par_1_82' title="bbox 131 2529 918 2567">
     <span class='ocr_line' id='line_1_82' title="bbox 131 2529 918 2567; baseline -0.001 -9"><span class='ocrx_word' id='word_1_633' title='bbox 131 2529 169 2559; x_wconf 76' lang='grc' dir='ltr'>ὧν</span> <span class='ocrx_word' id='word_1_634' title='bbox 179 2533 263 2567; x_wconf 76' lang='grc' dir='ltr'>χωρὶς</span> <span class='ocrx_word' id='word_1_635' title='bbox 276 2531 326 2558; x_wconf 85' lang='grc' dir='ltr'>οὐκ</span> <span class='ocrx_word' id='word_1_636' title='bbox 340 2531 373 2558; x_wconf 80' lang='grc' dir='ltr'>ἂν</span> <span class='ocrx_word' id='word_1_637' title='bbox 385 2531 493 2564; x_wconf 79' lang='grc' dir='ltr'>γένοιτο</span> <span class='ocrx_word' id='word_1_638' title='bbox 507 2530 620 2565; x_wconf 87' lang='grc' dir='ltr'>Χριστῷ</span> <span class='ocrx_word' id='word_1_639' title='bbox 634 2529 773 2556; x_wconf 76' lang='grc' dir='ltr'>συνελθεῖν</span> <span class='ocrx_word' id='word_1_640' title='bbox 785 2530 824 2564; x_wconf 85' lang='grc' dir='ltr'>τῷ</span> <span class='ocrx_word' id='word_1_641' title='bbox 839 2530 918 2557; x_wconf 83' lang='grc' dir='ltr'>πλεί-</span> 
     </span>
    </p>
   </div>
   <div class='ocr_carea' id='block_1_83' title="bbox 132 2575 919 2612">
    <p class='ocr_par' dir='ltr' id='par_1_83' title="bbox 132 2575 919 2612">
     <span class='ocr_line' id='line_1_83' title="bbox 132 2575 919 2612; baseline -0.003 -7"><span class='ocrx_word' id='word_1_642' title='bbox 132 2586 190 2612; x_wconf 86' lang='grc' dir='ltr'>στῳ</span> <span class='ocrx_word' id='word_1_643' title='bbox 200 2577 247 2604; x_wconf 78' lang='grc' dir='ltr'>καὶ</span> <span class='ocrx_word' id='word_1_644' title='bbox 259 2577 394 2611; x_wconf 79' lang='grc' dir='ltr'>καλλίστῳ</span> <span class='ocrx_word' id='word_1_645' title='bbox 412 2575 687 2611; x_wconf 80' lang='grc' dir='ltr'>μέρειδιεστηκότας,</span> <span class='ocrx_word' id='word_1_646' title='bbox 696 2578 729 2611; x_wconf 85' lang='grc' dir='ltr'>τῇ</span> <span class='ocrx_word' id='word_1_647' title='bbox 750 2575 858 2611; x_wconf 80' lang='grc' dir='ltr'>θελήσει</span> <span class='ocrx_word' id='word_1_648' title='bbox 871 2577 919 2604; x_wconf 80' lang='grc' dir='ltr'>καὶ</span> 
     </span>
    </p>
   </div>
   <div class='ocr_carea' id='block_1_84' title="bbox 130 2621 918 2658">
    <p class='ocr_par' dir='ltr' id='par_1_84' title="bbox 130 2621 918 2658">
     <span class='ocr_line' id='line_1_84' title="bbox 130 2621 918 2658; baseline -0.004 -8"><span class='ocrx_word' id='word_1_649' title='bbox 130 2625 188 2655; x_wconf 83' lang='grc' dir='ltr'>τοῖς</span> <span class='ocrx_word' id='word_1_650' title='bbox 205 2623 385 2658; x_wconf 83' lang='grc' dir='ltr'>βουλήμασιν.</span> <span class='ocrx_word' id='word_1_651' title='bbox 404 2622 524 2657; x_wconf 78' lang='grc' dir='ltr'>Ἀνάγκη</span> <span class='ocrx_word' id='word_1_652' title='bbox 539 2622 594 2657; x_wconf 86' lang='grc' dir='ltr'><strong>γὰρ</strong></span> <span class='ocrx_word' id='word_1_653' title='bbox 613 2622 777 2656; x_wconf 82' lang='grc' dir='ltr'>κοινωνῆσαι</span> <span class='ocrx_word' id='word_1_654' title='bbox 794 2621 918 2657; x_wconf 77' lang='grc' dir='ltr'>γνώμης,</span> 
     </span>
    </p>
   </div>
   <div class='ocr_carea' id='block_1_85' title="bbox 131 2666 919 2704">
    <p class='ocr_par' dir='ltr' id='par_1_85' title="bbox 131 2666 919 2704">
     <span class='ocr_line' id='line_1_85' title="bbox 131 2666 919 2704; baseline -0.003 -8"><span class='ocrx_word' id='word_1_655' title='bbox 131 2667 153 2704; x_wconf 80' lang='grc' dir='ltr'><strong>ᾧ</strong></span> <span class='ocrx_word' id='word_1_656' title='bbox 175 2669 357 2703; x_wconf 80' lang='grc' dir='ltr'>κοινωνοῦμεν</span> <span class='ocrx_word' id='word_1_657' title='bbox 379 2668 568 2702; x_wconf 80' lang='grc' dir='ltr'>αἱμάτων,καὶ</span> <span class='ocrx_word' id='word_1_658' title='bbox 587 2666 621 2693; x_wconf 84' lang='grc' dir='ltr'><strong>τὰ</strong></span> <span class='ocrx_word' id='word_1_659' title='bbox 643 2668 692 2702; x_wconf 82' lang='grc' dir='ltr'>μὲν</span> <span class='ocrx_word' id='word_1_660' title='bbox 713 2667 919 2702; x_wconf 80' lang='grc' dir='ltr'>συνημμένους,</span> 
     </span>
    </p>
   </div>
   <div class='ocr_carea' id='block_1_86' title="bbox 131 2713 922 2751">
    <p class='ocr_par' dir='ltr' id='par_1_86' title="bbox 131 2713 922 2751">
     <span class='ocr_line' id='line_1_86' title="bbox 131 2713 922 2751; baseline -0.003 -8"><span class='ocrx_word' id='word_1_661' title='bbox 131 2716 205 2743; x_wconf 74' lang='grc' dir='ltr'>τὰδὲ</span> <span class='ocrx_word' id='word_1_662' title='bbox 215 2716 396 2751; x_wconf 66' lang='grc' dir='ltr'>διῃρημένους</span> <span class='ocrx_word' id='word_1_663' title='bbox 410 2715 480 2742; x_wconf 74' lang='grc' dir='ltr'>οὕτω</span> <span class='ocrx_word' id='word_1_664' title='bbox 498 2713 547 2749; x_wconf 70' lang='grc' dir='ltr'>μὲν</span> <span class='ocrx_word' id='word_1_665' title='bbox 561 2713 660 2747; x_wconf 77' lang='grc' dir='ltr'>φιλεῖν,</span> <span class='ocrx_word' id='word_1_666' title='bbox 675 2713 788 2745; x_wconf 80' lang='grc' dir='ltr'>ἐκείνως</span> <span class='ocrx_word' id='word_1_667' title='bbox 803 2714 831 2740; x_wconf 84' lang='grc' dir='ltr'>δὲ</span> <span class='ocrx_word' id='word_1_668' title='bbox 844 2714 922 2741; x_wconf 85' lang='grc' dir='ltr'>πολε-</span> 
     </span>
    </p>
   </div>
   <div class='ocr_carea' id='block_1_87' title="bbox 133 2758 920 2798">
    <p class='ocr_par' dir='ltr' id='par_1_87' title="bbox 133 2758 920 2798">
     <span class='ocr_line' id='line_1_87' title="bbox 133 2758 920 2798; baseline -0.003 -10"><span class='ocrx_word' id='word_1_669' title='bbox 133 2764 207 2798; x_wconf 83' lang='grc' dir='ltr'>μεῖν,</span> <span class='ocrx_word' id='word_1_670' title='bbox 219 2762 265 2788; x_wconf 77' lang='grc' dir='ltr'>καὶ</span> <span class='ocrx_word' id='word_1_671' title='bbox 277 2761 357 2788; x_wconf 76' lang='grc' dir='ltr'>τέκνα</span> <span class='ocrx_word' id='word_1_672' title='bbox 367 2761 417 2795; x_wconf 84' lang='grc' dir='ltr'>μὲν</span> <span class='ocrx_word' id='word_1_673' title='bbox 429 2758 510 2793; x_wconf 82' lang='grc' dir='ltr'>εἶναι,</span> <span class='ocrx_word' id='word_1_674' title='bbox 527 2760 646 2795; x_wconf 82' lang='grc' dir='ltr'>μωμητὰ</span> <span class='ocrx_word' id='word_1_675' title='bbox 659 2759 698 2792; x_wconf 82' lang='grc' dir='ltr'>δὲ,</span> <span class='ocrx_word' id='word_1_676' title='bbox 714 2760 760 2786; x_wconf 70' lang='grc' dir='ltr'><strong>καὶΙ</strong></span> <span class='ocrx_word' id='word_1_677' title='bbox 775 2760 844 2795; x_wconf 83' lang='grc' dir='ltr'>μέλη</span> <span class='ocrx_word' id='word_1_678' title='bbox 860 2760 920 2795; x_wconf 81' lang='grc' dir='ltr'>μὲν,</span> 
     </span>
    </p>
   </div>
   <div class='ocr_carea' id='block_1_88' title="bbox 135 2804 917 2842">
    <p class='ocr_par' dir='ltr' id='par_1_88' title="bbox 135 2804 917 2842">
     <span class='ocr_line' id='line_1_88' title="bbox 135 2804 917 2842; baseline -0.004 -7"><span class='ocrx_word' id='word_1_679' title='bbox 135 2808 206 2836; x_wconf 81' lang='grc' dir='ltr'>ἀλλὰ</span> <span class='ocrx_word' id='word_1_680' title='bbox 221 2807 317 2842; x_wconf 74' lang='grc' dir='ltr'>νεκρὰ,</span> <span class='ocrx_word' id='word_1_681' title='bbox 333 2804 373 2838; x_wconf 71' lang='grc' dir='ltr'><strong>οἷς</strong></span> <span class='ocrx_word' id='word_1_682' title='bbox 391 2806 486 2842; x_wconf 75' lang='grc' dir='ltr'>ὄφελος</span> <span class='ocrx_word' id='word_1_683' title='bbox 501 2805 577 2832; x_wconf 75' lang='grc' dir='ltr'>οὐδὲν</span> <span class='ocrx_word' id='word_1_684' title='bbox 588 2805 619 2832; x_wconf 84' lang='grc' dir='ltr'><strong>τὺ</strong></span> <span class='ocrx_word' id='word_1_685' title='bbox 634 2805 775 2840; x_wconf 75' lang='grc' dir='ltr'>συμφῦναι</span> <span class='ocrx_word' id='word_1_686' title='bbox 794 2807 841 2837; x_wconf 67' lang='grc' dir='ltr'>καὶ</span> <span class='ocrx_word' id='word_1_687' title='bbox 856 2814 917 2840; x_wconf 91' lang='grc' dir='ltr'>γεν-</span> 
     </span>
    </p>
   </div>
   <div class='ocr_carea' id='block_1_89' title="bbox 134 2851 917 2891">
    <p class='ocr_par' dir='ltr' id='par_1_89' title="bbox 134 2851 917 2891">
     <span class='ocr_line' id='line_1_89' title="bbox 134 2851 917 2891; baseline -0.001 -10"><span class='ocrx_word' id='word_1_688' title='bbox 134 2854 262 2890; x_wconf 83' lang='grc' dir='ltr'>νηθῆναι,</span> <span class='ocrx_word' id='word_1_689' title='bbox 280 2853 407 2891; x_wconf 78' lang='grc' dir='ltr'>καθᾲπερ</span> <span class='ocrx_word' id='word_1_690' title='bbox 424 2852 455 2880; x_wconf 83' lang='grc' dir='ltr'><strong>τὺ</strong></span> <span class='ocrx_word' id='word_1_691' title='bbox 473 2852 565 2888; x_wconf 83' lang='grc' dir='ltr'>κλῆμα</span> <span class='ocrx_word' id='word_1_692' title='bbox 579 2851 628 2887; x_wconf 79' lang='grc' dir='ltr'>τῆς</span> <span class='ocrx_word' id='word_1_693' title='bbox 646 2851 777 2888; x_wconf 77' lang='grc' dir='ltr'>ἀληθινῆς</span> <span class='ocrx_word' id='word_1_694' title='bbox 793 2852 917 2888; x_wconf 79' lang='grc' dir='ltr'>ἀμπέλου</span> 
     </span>
    </p>
   </div>
   <div class='ocr_carea' id='block_1_90' title="bbox 968 1708 1758 1744">
    <p class='ocr_par' dir='ltr' id='par_1_90' title="bbox 968 1708 1758 1744">
     <span class='ocr_line' id='line_1_90' title="bbox 968 1708 1758 1744; baseline 0.003 -9"><span class='ocrx_word' id='word_1_695' title='bbox 968 1709 1077 1744; x_wconf 89' lang='lat' dir='ltr'><strong>plicium</strong></span> <span class='ocrx_word' id='word_1_696' title='bbox 1102 1708 1254 1744; x_wconf 87' lang='lat' dir='ltr'><strong>deprecari,</strong></span> <span class='ocrx_word' id='word_1_697' title='bbox 1281 1708 1338 1736; x_wconf 87' lang='lat' dir='ltr'><strong>sive</strong></span> <span class='ocrx_word' id='word_1_698' title='bbox 1375 1713 1482 1736; x_wconf 63' lang='lat' dir='ltr'><strong>aetatem</strong></span> <span class='ocrx_word' id='word_1_699' title='bbox 1510 1715 1662 1744; x_wconf 81' lang='lat' dir='ltr'><strong>opponant,</strong></span> <span class='ocrx_word' id='word_1_700' title='bbox 1700 1710 1758 1738; x_wconf 86' lang='lat' dir='ltr'><strong>sive</strong></span> 
     </span>
    </p>
   </div>
   <div class='ocr_carea' id='block_1_91' title="bbox 967 1754 1759 1790">
    <p class='ocr_par' dir='ltr' id='par_1_91' title="bbox 967 1754 1759 1790">
     <span class='ocr_line' id='line_1_91' title="bbox 967 1754 1759 1790; baseline 0.001 -8"><span class='ocrx_word' id='word_1_701' title='bbox 967 1760 1065 1787; x_wconf 85' lang='lat' dir='ltr'><strong>artem,</strong></span> <span class='ocrx_word' id='word_1_702' title='bbox 1082 1755 1139 1782; x_wconf 84' lang='lat' dir='ltr'><strong>sive</strong></span> <span class='ocrx_word' id='word_1_703' title='bbox 1165 1754 1302 1782; x_wconf 80' lang='lat' dir='ltr'><strong>fortunam</strong></span> <span class='ocrx_word' id='word_1_704' title='bbox 1315 1758 1341 1781; x_wconf 88' lang='lat' dir='ltr'><strong>et</strong></span> <span class='ocrx_word' id='word_1_705' title='bbox 1353 1754 1538 1782; x_wconf 81' lang='lat' dir='ltr'><strong>coaditionem</strong></span> <span class='ocrx_word' id='word_1_706' title='bbox 1555 1762 1759 1790; x_wconf 85' lang='lat' dir='ltr'><strong>quamcunque,</strong></span> 
     </span>
    </p>
   </div>
   <div class='ocr_carea' id='block_1_92' title="bbox 967 1800 1761 1834">
    <p class='ocr_par' dir='ltr' id='par_1_92' title="bbox 967 1800 1761 1834">
     <span class='ocr_line' id='line_1_92' title="bbox 967 1800 1761 1834; baseline 0.004 -8"><span class='ocrx_word' id='word_1_707' title='bbox 967 1801 1024 1827; x_wconf 87' lang='lat' dir='ltr'><strong>sive</strong></span> <span class='ocrx_word' id='word_1_708' title='bbox 1031 1801 1167 1833; x_wconf 86' lang='lat' dir='ltr'><strong>morbum,</strong></span> <span class='ocrx_word' id='word_1_709' title='bbox 1176 1801 1233 1827; x_wconf 81' lang='lat' dir='ltr'><strong>sive</strong></span> <span class='ocrx_word' id='word_1_710' title='bbox 1240 1800 1364 1833; x_wconf 82' lang='lat' dir='ltr'><strong>corporis</strong></span> <span class='ocrx_word' id='word_1_711' title='bbox 1377 1800 1577 1834; x_wconf 87' lang='lat' dir='ltr'><strong>habitudinem,</strong></span> <span class='ocrx_word' id='word_1_712' title='bbox 1587 1802 1644 1829; x_wconf 85' lang='lat' dir='ltr'><strong>sive</strong></span> <span class='ocrx_word' id='word_1_713' title='bbox 1652 1802 1761 1829; x_wconf 87' lang='lat' dir='ltr'><strong>ultimos</strong></span> 
     </span>
    </p>
   </div>
   <div class='ocr_carea' id='block_1_93' title="bbox 968 1844 1760 1877">
    <p class='ocr_par' dir='ltr' id='par_1_93' title="bbox 968 1844 1760 1877">
     <span class='ocr_line' id='line_1_93' title="bbox 968 1844 1760 1877; baseline 0.005 -7"><span class='ocrx_word' id='word_1_714' title='bbox 968 1844 1090 1871; x_wconf 88' lang='lat' dir='ltr'><strong>locorum</strong></span> <span class='ocrx_word' id='word_1_715' title='bbox 1105 1851 1241 1877; x_wconf 81' lang='lat' dir='ltr'><strong>recessus,</strong></span> <span class='ocrx_word' id='word_1_716' title='bbox 1254 1844 1311 1871; x_wconf 86' lang='lat' dir='ltr'><strong>sive</strong></span> <span class='ocrx_word' id='word_1_717' title='bbox 1327 1845 1514 1876; x_wconf 86' lang='lat' dir='ltr'><strong>solitudinem,</strong></span> <span class='ocrx_word' id='word_1_718' title='bbox 1525 1846 1582 1872; x_wconf 84' lang='lat' dir='ltr'><strong>sive</strong></span> <span class='ocrx_word' id='word_1_719' title='bbox 1593 1846 1686 1877; x_wconf 84' lang='lat' dir='ltr'><strong>urbes,</strong></span> <span class='ocrx_word' id='word_1_720' title='bbox 1702 1848 1760 1874; x_wconf 83' lang='lat' dir='ltr'><strong>sive</strong></span> 
     </span>
    </p>
   </div>
   <div class='ocr_carea' id='block_1_94' title="bbox 967 1889 1761 1926">
    <p class='ocr_par' dir='ltr' id='par_1_94' title="bbox 967 1889 1761 1926">
     <span class='ocr_line' id='line_1_94' title="bbox 967 1889 1761 1926; baseline 0.004 -10"><span class='ocrx_word' id='word_1_721' title='bbox 967 1890 1039 1917; x_wconf 87' lang='lat' dir='ltr'><strong>aliud</strong></span> <span class='ocrx_word' id='word_1_722' title='bbox 1050 1889 1164 1924; x_wconf 87' lang='lat' dir='ltr'><strong>quodvis</strong></span> <span class='ocrx_word' id='word_1_723' title='bbox 1178 1897 1268 1917; x_wconf 87' lang='lat' dir='ltr'><strong>rerum</strong></span> <span class='ocrx_word' id='word_1_724' title='bbox 1282 1891 1415 1924; x_wconf 86' lang='lat' dir='ltr'><strong>omnium,</strong></span> <span class='ocrx_word' id='word_1_725' title='bbox 1427 1891 1460 1917; x_wconf 83' lang='lat' dir='ltr'><strong>ad</strong></span> <span class='ocrx_word' id='word_1_726' title='bbox 1472 1899 1532 1925; x_wconf 80' lang='lat' dir='ltr'><strong>qua:</strong></span> <span class='ocrx_word' id='word_1_727' title='bbox 1540 1892 1658 1918; x_wconf 76' lang='lat' dir='ltr'><strong>accusati</strong></span> <span class='ocrx_word' id='word_1_728' title='bbox 1670 1892 1761 1926; x_wconf 79' lang='lat' dir='ltr'><strong>perfu-</strong></span> 
     </span>
    </p>
   </div>
   <div class='ocr_carea' id='block_1_95' title="bbox 967 1936 1760 1972">
    <p class='ocr_par' dir='ltr' id='par_1_95' title="bbox 967 1936 1760 1972">
     <span class='ocr_line' id='line_1_95' title="bbox 967 1936 1760 1972; baseline 0.004 -10"><span class='ocrx_word' id='word_1_729' title='bbox 967 1943 1030 1969; x_wconf 67' lang='lat' dir='ltr'><strong>gere</strong></span> <span class='ocrx_word' id='word_1_730' title='bbox 1044 1936 1144 1969; x_wconf 83' lang='lat' dir='ltr'><strong>solent,</strong></span> <span class='ocrx_word' id='word_1_731' title='bbox 1172 1940 1266 1970; x_wconf 90' lang='lat' dir='ltr'><strong>utpote</strong></span> <span class='ocrx_word' id='word_1_732' title='bbox 1280 1936 1323 1963; x_wconf 83' lang='lat' dir='ltr'><strong>cui</strong></span> <span class='ocrx_word' id='word_1_733' title='bbox 1338 1936 1472 1963; x_wconf 79' lang='lat' dir='ltr'><strong>obsiSIere</strong></span> <span class='ocrx_word' id='word_1_734' title='bbox 1498 1937 1566 1963; x_wconf 89' lang='lat' dir='ltr'><strong>nihil</strong></span> <span class='ocrx_word' id='word_1_735' title='bbox 1582 1942 1673 1971; x_wconf 84' lang='lat' dir='ltr'><strong>queat,</strong></span> <span class='ocrx_word' id='word_1_736' title='bbox 1687 1938 1760 1972; x_wconf 87' lang='lat' dir='ltr'><strong>quod</strong></span> 
     </span>
    </p>
   </div>
   <div class='ocr_carea' id='block_1_96' title="bbox 967 1982 1760 2014">
    <p class='ocr_par' dir='ltr' id='par_1_96' title="bbox 967 1982 1760 2014">
     <span class='ocr_line' id='line_1_96' title="bbox 967 1982 1760 2014; baseline 0.004 -6"><span class='ocrx_word' id='word_1_737' title='bbox 967 1983 1078 2008; x_wconf 87' lang='lat' dir='ltr'><strong>demqu</strong></span> <span class='ocrx_word' id='word_1_738' title='bbox 1107 1982 1242 2009; x_wconf 82' lang='lat' dir='ltr'><strong>universis</strong></span> <span class='ocrx_word' id='word_1_739' title='bbox 1268 1982 1342 2014; x_wconf 89' lang='lat' dir='ltr'><strong>licet,</strong></span> <span class='ocrx_word' id='word_1_740' title='bbox 1359 1987 1402 2009; x_wconf 90' lang='lat' dir='ltr'><strong>est</strong></span> <span class='ocrx_word' id='word_1_741' title='bbox 1415 1982 1516 2009; x_wconf 85' lang='lat' dir='ltr'><strong>Christi</strong></span> <span class='ocrx_word' id='word_1_742' title='bbox 1543 1984 1675 2010; x_wconf 75' lang='lat' dir='ltr'><strong>voluntati</strong></span> <span class='ocrx_word' id='word_1_743' title='bbox 1705 1991 1760 2012; x_wconf 88' lang='lat' dir='ltr'><strong>non</strong></span> 
     </span>
    </p>
   </div>
   <div class='ocr_carea' id='block_1_97' title="bbox 969 2027 1761 2062">
    <p class='ocr_par' dir='ltr' id='par_1_97' title="bbox 969 2027 1761 2062">
     <span class='ocr_line' id='line_1_97' title="bbox 969 2027 1761 2062; baseline 0.004 -9"><span class='ocrx_word' id='word_1_744' title='bbox 969 2034 1135 2062; x_wconf 79' lang='lat' dir='ltr'><strong>repugnare,</strong></span> <span class='ocrx_word' id='word_1_745' title='bbox 1151 2027 1198 2054; x_wconf 90' lang='lat' dir='ltr'><strong>sed</strong></span> <span class='ocrx_word' id='word_1_746' title='bbox 1215 2027 1283 2054; x_wconf 84' lang='lat' dir='ltr'><strong>latas</strong></span> <span class='ocrx_word' id='word_1_747' title='bbox 1296 2027 1357 2054; x_wconf 89' lang='lat' dir='ltr'><strong>inde</strong></span> <span class='ocrx_word' id='word_1_748' title='bbox 1369 2027 1443 2062; x_wconf 77' lang='lat' dir='ltr'><strong>leges</strong></span> <span class='ocrx_word' id='word_1_749' title='bbox 1454 2035 1536 2062; x_wconf 89' lang='lat' dir='ltr'><strong>quam</strong></span> <span class='ocrx_word' id='word_1_750' title='bbox 1549 2028 1761 2062; x_wconf 81' lang='lat' dir='ltr'><strong>diligentissime</strong></span> 
     </span>
    </p>
   </div>
   <div class='ocr_carea' id='block_1_98' title="bbox 968 2072 1762 2108">
    <p class='ocr_par' dir='ltr' id='par_1_98' title="bbox 968 2072 1762 2108">
     <span class='ocr_line' id='line_1_98' title="bbox 968 2072 1762 2108; baseline 0.004 -10"><span class='ocrx_word' id='word_1_751' title='bbox 968 2077 1120 2104; x_wconf 77' lang='lat' dir='ltr'><strong>servantes,</strong></span> <span class='ocrx_word' id='word_1_752' title='bbox 1136 2072 1169 2099; x_wconf 90' lang='lat' dir='ltr'><strong>ad</strong></span> <span class='ocrx_word' id='word_1_753' title='bbox 1189 2072 1330 2099; x_wconf 86' lang='lat' dir='ltr'><strong>arbitrium</strong></span> <span class='ocrx_word' id='word_1_754' title='bbox 1348 2073 1424 2099; x_wconf 87' lang='lat' dir='ltr'><strong>illius</strong></span> <span class='ocrx_word' id='word_1_755' title='bbox 1440 2073 1523 2099; x_wconf 91' lang='lat' dir='ltr'><strong>vitam</strong></span> <span class='ocrx_word' id='word_1_756' title='bbox 1540 2080 1687 2108; x_wconf 83' lang='lat' dir='ltr'><strong>moresque</strong></span> <span class='ocrx_word' id='word_1_757' title='bbox 1721 2075 1762 2101; x_wconf 85' lang='lat' dir='ltr'><strong>iu-</strong></span> 
     </span>
    </p>
   </div>
   <div class='ocr_carea' id='block_1_99' title="bbox 969 2117 1763 2153">
    <p class='ocr_par' dir='ltr' id='par_1_99' title="bbox 969 2117 1763 2153">
     <span class='ocr_line' id='line_1_99' title="bbox 969 2117 1763 2153; baseline 0.003 -8"><span class='ocrx_word' id='word_1_758' title='bbox 969 2118 1094 2148; x_wconf 83' lang='lat' dir='ltr'><strong>stituere.</strong></span> <span class='ocrx_word' id='word_1_759' title='bbox 1108 2117 1202 2153; x_wconf 88' lang='lat' dir='ltr'><strong>Neque</strong></span> <span class='ocrx_word' id='word_1_760' title='bbox 1215 2119 1285 2146; x_wconf 89' lang='lat' dir='ltr'><strong>istuc</strong></span> <span class='ocrx_word' id='word_1_761' title='bbox 1299 2119 1388 2153; x_wconf 85' lang='lat' dir='ltr'><strong>majus</strong></span> <span class='ocrx_word' id='word_1_762' title='bbox 1400 2118 1504 2146; x_wconf 88' lang='lat' dir='ltr'><strong>viribus</strong></span> <span class='ocrx_word' id='word_1_763' title='bbox 1519 2119 1646 2147; x_wconf 85' lang='lat' dir='ltr'><strong>humanis</strong></span> <span class='ocrx_word' id='word_1_764' title='bbox 1669 2120 1763 2147; x_wconf 86' lang='lat' dir='ltr'><strong>dicen-</strong></span> 
     </span>
    </p>
   </div>
   <div class='ocr_carea' id='block_1_100' title="bbox 971 2163 1760 2200">
    <p class='ocr_par' dir='ltr' id='par_1_100' title="bbox 971 2163 1760 2200">
     <span class='ocr_line' id='line_1_100' title="bbox 971 2163 1760 2200; baseline 0.003 -10"><span class='ocrx_word' id='word_1_765' title='bbox 971 2164 1059 2196; x_wconf 92' lang='lat' dir='ltr'><strong>dum;</strong></span> <span class='ocrx_word' id='word_1_766' title='bbox 1083 2172 1136 2191; x_wconf 91' lang='lat' dir='ltr'><strong>non</strong></span> <span class='ocrx_word' id='word_1_767' title='bbox 1156 2164 1229 2191; x_wconf 88' lang='lat' dir='ltr'><strong>enim</strong></span> <span class='ocrx_word' id='word_1_768' title='bbox 1248 2163 1382 2198; x_wconf 75' lang='lat' dir='ltr'><strong>legirupis</strong></span> <span class='ocrx_word' id='word_1_769' title='bbox 1405 2171 1486 2198; x_wconf 62' lang='lat' dir='ltr'><strong>paena</strong></span> <span class='ocrx_word' id='word_1_770' title='bbox 1509 2169 1583 2192; x_wconf 80' lang='lat' dir='ltr'><strong>esset</strong></span> <span class='ocrx_word' id='word_1_771' title='bbox 1609 2166 1760 2200; x_wconf 83' lang='lat' dir='ltr'><strong>proposita.</strong></span> 
     </span>
    </p>
   </div>
   <div class='ocr_carea' id='block_1_101' title="bbox 968 2210 1760 2245">
    <p class='ocr_par' dir='ltr' id='par_1_101' title="bbox 968 2210 1760 2245">
     <span class='ocr_line' id='line_1_101' title="bbox 968 2210 1760 2245; baseline 0.003 -9"><span class='ocrx_word' id='word_1_772' title='bbox 968 2214 996 2237; x_wconf 90' lang='lat' dir='ltr'><strong>et</strong></span> <span class='ocrx_word' id='word_1_773' title='bbox 1009 2210 1231 2237; x_wconf 86' lang='lat' dir='ltr'><strong>Christianorum</strong></span> <span class='ocrx_word' id='word_1_774' title='bbox 1247 2217 1327 2237; x_wconf 93' lang='lat' dir='ltr'><strong>nemo</strong></span> <span class='ocrx_word' id='word_1_775' title='bbox 1343 2214 1383 2237; x_wconf 87' lang='lat' dir='ltr'><strong>est</strong></span> <span class='ocrx_word' id='word_1_776' title='bbox 1396 2217 1522 2244; x_wconf 87' lang='lat' dir='ltr'><strong>prorsus,</strong></span> <span class='ocrx_word' id='word_1_777' title='bbox 1541 2211 1588 2245; x_wconf 90' lang='lat' dir='ltr'><strong>qui</strong></span> <span class='ocrx_word' id='word_1_778' title='bbox 1609 2211 1642 2238; x_wconf 93' lang='lat' dir='ltr'><strong>ad</strong></span> <span class='ocrx_word' id='word_1_779' title='bbox 1666 2211 1760 2238; x_wconf 91' lang='lat' dir='ltr'><strong>omnia</strong></span> 
     </span>
    </p>
   </div>
   <div class='ocr_carea' id='block_1_102' title="bbox 969 2255 1762 2291">
    <p class='ocr_par' dir='ltr' id='par_1_102' title="bbox 969 2255 1762 2291">
     <span class='ocr_line' id='line_1_102' title="bbox 969 2255 1762 2291; baseline 0.003 -9"><span class='ocrx_word' id='word_1_780' title='bbox 969 2255 1029 2290; x_wconf 86' lang='lat' dir='ltr'><strong>ipso</strong></span> <span class='ocrx_word' id='word_1_781' title='bbox 1048 2263 1130 2289; x_wconf 84' lang='lat' dir='ltr'><strong>opere</strong></span> <span class='ocrx_word' id='word_1_782' title='bbox 1144 2256 1316 2290; x_wconf 68' lang='lat' dir='ltr'><strong>exsequenda</strong></span> <span class='ocrx_word' id='word_1_783' title='bbox 1332 2255 1479 2290; x_wconf 79' lang='lat' dir='ltr'><strong>obligatum</strong></span> <span class='ocrx_word' id='word_1_784' title='bbox 1495 2264 1554 2284; x_wconf 86' lang='lat' dir='ltr'><strong>sese</strong></span> <span class='ocrx_word' id='word_1_785' title='bbox 1566 2264 1598 2283; x_wconf 80' lang='lat' dir='ltr'><strong>ex</strong></span> <span class='ocrx_word' id='word_1_786' title='bbox 1611 2257 1668 2291; x_wconf 85' lang='lat' dir='ltr'><strong>ipsa</strong></span> <span class='ocrx_word' id='word_1_787' title='bbox 1695 2264 1762 2284; x_wconf 86' lang='lat' dir='ltr'><strong>con-</strong></span> 
     </span>
    </p>
   </div>
   <div class='ocr_carea' id='block_1_103' title="bbox 971 2301 1760 2337">
    <p class='ocr_par' dir='ltr' id='par_1_103' title="bbox 971 2301 1760 2337">
     <span class='ocr_line' id='line_1_103' title="bbox 971 2301 1760 2337; baseline 0.003 -10"><span class='ocrx_word' id='word_1_788' title='bbox 971 2301 1086 2327; x_wconf 88' lang='lat' dir='ltr'><strong>scientia</strong></span> <span class='ocrx_word' id='word_1_789' title='bbox 1100 2308 1150 2327; x_wconf 88' lang='lat' dir='ltr'><strong>sua</strong></span> <span class='ocrx_word' id='word_1_790' title='bbox 1170 2308 1223 2328; x_wconf 89' lang='lat' dir='ltr'><strong>non</strong></span> <span class='ocrx_word' id='word_1_791' title='bbox 1244 2301 1376 2336; x_wconf 79' lang='lat' dir='ltr'><strong>intelligat</strong></span> <span class='ocrx_word' id='word_1_792' title='bbox 1393 2302 1477 2336; x_wconf 85' lang='lat' dir='ltr'><strong>:quia</strong></span> <span class='ocrx_word' id='word_1_793' title='bbox 1494 2309 1509 2328; x_wconf 85' lang='lat' dir='ltr'><strong>a</strong></span> <span class='ocrx_word' id='word_1_794' title='bbox 1540 2302 1675 2337; x_wconf 87' lang='lat' dir='ltr'><strong>principio</strong></span> <span class='ocrx_word' id='word_1_795' title='bbox 1697 2311 1760 2330; x_wconf 87' lang='lat' dir='ltr'><strong>cum</strong></span> 
     </span>
    </p>
   </div>
   <div class='ocr_carea' id='block_1_104' title="bbox 935 2343 1762 2383">
    <p class='ocr_par' dir='ltr' id='par_1_104' title="bbox 935 2343 1762 2383">
     <span class='ocr_line' id='line_1_104' title="bbox 935 2343 1762 2383; baseline 0.004 -11"><span class='ocrx_word' id='word_1_796' title='bbox 935 2343 958 2372; x_wconf 78' lang='grc' dir='ltr'>ι)</span> <span class='ocrx_word' id='word_1_797' title='bbox 974 2346 1008 2374; x_wconf 83' lang='lat' dir='ltr'><strong>ad</strong></span> <span class='ocrx_word' id='word_1_798' title='bbox 1022 2354 1085 2373; x_wconf 91' lang='lat' dir='ltr'><strong>cum</strong></span> <span class='ocrx_word' id='word_1_799' title='bbox 1102 2354 1132 2374; x_wconf 88' lang='lat' dir='ltr'><strong>se</strong></span> <span class='ocrx_word' id='word_1_800' title='bbox 1146 2347 1339 2382; x_wconf 77' lang='lat' dir='ltr'><strong>adjungcrent,</strong></span> <span class='ocrx_word' id='word_1_801' title='bbox 1355 2347 1469 2381; x_wconf 85' lang='lat' dir='ltr'><strong>polliciti</strong></span> <span class='ocrx_word' id='word_1_802' title='bbox 1481 2352 1546 2374; x_wconf 88' lang='lat' dir='ltr'><strong>sunt</strong></span> <span class='ocrx_word' id='word_1_803' title='bbox 1569 2356 1664 2375; x_wconf 77' lang='lat' dir='ltr'><strong>omnes</strong></span> <span class='ocrx_word' id='word_1_804' title='bbox 1683 2356 1762 2383; x_wconf 70' lang='lat' dir='ltr'><strong>aeque</strong></span> 
     </span>
    </p>
   </div>
   <div class='ocr_carea' id='block_1_105' title="bbox 972 2392 1759 2429">
    <p class='ocr_par' dir='ltr' id='par_1_105' title="bbox 972 2392 1759 2429">
     <span class='ocr_line' id='line_1_105' title="bbox 972 2392 1759 2429; baseline 0.001 -9"><span class='ocrx_word' id='word_1_805' title='bbox 972 2400 1002 2420; x_wconf 86' lang='lat' dir='ltr'><strong>se</strong></span> <span class='ocrx_word' id='word_1_806' title='bbox 1013 2392 1092 2426; x_wconf 88' lang='lat' dir='ltr'><strong>plane</strong></span> <span class='ocrx_word' id='word_1_807' title='bbox 1104 2400 1153 2426; x_wconf 86' lang='lat' dir='ltr'><strong>per</strong></span> <span class='ocrx_word' id='word_1_808' title='bbox 1169 2393 1260 2419; x_wconf 90' lang='lat' dir='ltr'><strong>omnia</strong></span> <span class='ocrx_word' id='word_1_809' title='bbox 1278 2393 1366 2426; x_wconf 87' lang='lat' dir='ltr'><strong>ipsum</strong></span> <span class='ocrx_word' id='word_1_810' title='bbox 1383 2393 1554 2426; x_wconf 84' lang='lat' dir='ltr'><strong>imitaturos;</strong></span> <span class='ocrx_word' id='word_1_811' title='bbox 1570 2399 1597 2421; x_wconf 92' lang='lat' dir='ltr'><strong>et</strong></span> <span class='ocrx_word' id='word_1_812' title='bbox 1615 2399 1759 2429; x_wconf 86' lang='lat' dir='ltr'><strong>postquam</strong></span> 
     </span>
    </p>
   </div>
   <div class='ocr_carea' id='block_1_106' title="bbox 972 2437 1761 2475">
    <p class='ocr_par' dir='ltr' id='par_1_106' title="bbox 972 2437 1761 2475">
     <span class='ocr_line' id='line_1_106' title="bbox 972 2437 1761 2475; baseline 0.003 -11"><span class='ocrx_word' id='word_1_813' title='bbox 972 2442 1058 2464; x_wconf 86' lang='lat' dir='ltr'><strong>semet</strong></span> <span class='ocrx_word' id='word_1_814' title='bbox 1081 2437 1133 2464; x_wconf 88' lang='lat' dir='ltr'><strong>hoc</strong></span> <span class='ocrx_word' id='word_1_815' title='bbox 1158 2437 1262 2465; x_wconf 68' lang='lat' dir='ltr'><strong>[cedere</strong></span> <span class='ocrx_word' id='word_1_816' title='bbox 1282 2438 1502 2471; x_wconf 85' lang='lat' dir='ltr'><strong>obstrinxertmt,</strong></span> <span class='ocrx_word' id='word_1_817' title='bbox 1524 2440 1559 2466; x_wconf 90' lang='lat' dir='ltr'><strong>ita</strong></span> <span class='ocrx_word' id='word_1_818' title='bbox 1576 2440 1684 2467; x_wconf 89' lang='lat' dir='ltr'><strong>demum</strong></span> <span class='ocrx_word' id='word_1_819' title='bbox 1704 2448 1761 2475; x_wconf 85' lang='lat' dir='ltr'><strong>my-</strong></span> 
     </span>
    </p>
   </div>
   <div class='ocr_carea' id='block_1_107' title="bbox 971 2483 1760 2512">
    <p class='ocr_par' dir='ltr' id='par_1_107' title="bbox 971 2483 1760 2512">
     <span class='ocr_line' id='line_1_107' title="bbox 971 2483 1760 2512; baseline 0.004 -3"><span class='ocrx_word' id='word_1_820' title='bbox 971 2483 1061 2510; x_wconf 85' lang='lat' dir='ltr'><strong>steriis</strong></span> <span class='ocrx_word' id='word_1_821' title='bbox 1074 2488 1138 2510; x_wconf 89' lang='lat' dir='ltr'><strong>sunt</strong></span> <span class='ocrx_word' id='word_1_822' title='bbox 1153 2484 1257 2511; x_wconf 85' lang='lat' dir='ltr'><strong>donati.</strong></span> <span class='ocrx_word' id='word_1_823' title='bbox 1267 2483 1313 2511; x_wconf 92' lang='lat' dir='ltr'><strong>Sic</strong></span> <span class='ocrx_word' id='word_1_824' title='bbox 1324 2489 1414 2511; x_wconf 86' lang='lat' dir='ltr'><strong>autem</strong></span> <span class='ocrx_word' id='word_1_825' title='bbox 1428 2485 1554 2512; x_wconf 88' lang='lat' dir='ltr'><strong>mandata</strong></span> <span class='ocrx_word' id='word_1_826' title='bbox 1571 2486 1671 2512; x_wconf 83' lang='lat' dir='ltr'><strong>Christi</strong></span> <span class='ocrx_word' id='word_1_827' title='bbox 1684 2493 1760 2512; x_wconf 80' lang='lat' dir='ltr'><strong>com—</strong></span> 
     </span>
    </p>
   </div>
   <div class='ocr_carea' id='block_1_108' title="bbox 973 2529 1760 2566">
    <p class='ocr_par' dir='ltr' id='par_1_108' title="bbox 973 2529 1760 2566">
     <span class='ocr_line' id='line_1_108' title="bbox 973 2529 1760 2566; baseline 0.001 -10"><span class='ocrx_word' id='word_1_828' title='bbox 973 2529 1067 2556; x_wconf 91' lang='lat' dir='ltr'><strong>munia</strong></span> <span class='ocrx_word' id='word_1_829' title='bbox 1087 2529 1179 2557; x_wconf 87' lang='lat' dir='ltr'><strong>debita</strong></span> <span class='ocrx_word' id='word_1_830' title='bbox 1197 2529 1323 2558; x_wconf 81' lang='lat' dir='ltr'><strong>ﬁdelibus</strong></span> <span class='ocrx_word' id='word_1_831' title='bbox 1349 2531 1478 2559; x_wconf 87' lang='lat' dir='ltr'><strong>omnibus</strong></span> <span class='ocrx_word' id='word_1_832' title='bbox 1503 2539 1565 2558; x_wconf 88' lang='lat' dir='ltr'><strong>cum</strong></span> <span class='ocrx_word' id='word_1_833' title='bbox 1581 2532 1647 2564; x_wconf 86' lang='lat' dir='ltr'><strong>sint,</strong></span> <span class='ocrx_word' id='word_1_834' title='bbox 1664 2536 1690 2558; x_wconf 91' lang='lat' dir='ltr'><strong>et</strong></span> <span class='ocrx_word' id='word_1_835' title='bbox 1704 2532 1760 2566; x_wconf 86' lang='lat' dir='ltr'><strong>jam</strong></span> 
     </span>
    </p>
   </div>
   <div class='ocr_carea' id='block_1_109' title="bbox 974 2575 1761 2611">
    <p class='ocr_par' dir='ltr' id='par_1_109' title="bbox 974 2575 1761 2611">
     <span class='ocr_line' id='line_1_109' title="bbox 974 2575 1761 2611; baseline 0.003 -10"><span class='ocrx_word' id='word_1_836' title='bbox 974 2575 1131 2603; x_wconf 84' lang='lat' dir='ltr'><strong>volentibus</strong></span> <span class='ocrx_word' id='word_1_837' title='bbox 1151 2580 1259 2603; x_wconf 82' lang='lat' dir='ltr'><strong>servatu</strong></span> <span class='ocrx_word' id='word_1_838' title='bbox 1276 2577 1429 2611; x_wconf 86' lang='lat' dir='ltr'><strong>possibilia,</strong></span> <span class='ocrx_word' id='word_1_839' title='bbox 1443 2582 1652 2611; x_wconf 85' lang='lat' dir='ltr'><strong>etsummoperc</strong></span> <span class='ocrx_word' id='word_1_840' title='bbox 1666 2584 1761 2603; x_wconf 74' lang='lat' dir='ltr'><strong>neres-</strong></span> 
     </span>
    </p>
   </div>
   <div class='ocr_carea' id='block_1_110' title="bbox 976 2622 1758 2657">
    <p class='ocr_par' dir='ltr' id='par_1_110' title="bbox 976 2622 1758 2657">
     <span class='ocr_line' id='line_1_110' title="bbox 976 2622 1758 2657; baseline 0 -8"><span class='ocrx_word' id='word_1_841' title='bbox 976 2622 1047 2649; x_wconf 86' lang='lat' dir='ltr'><strong>saria</strong></span> <span class='ocrx_word' id='word_1_842' title='bbox 1061 2626 1134 2655; x_wconf 86' lang='lat' dir='ltr'><strong>sunt,</strong></span> <span class='ocrx_word' id='word_1_843' title='bbox 1150 2627 1176 2649; x_wconf 89' lang='lat' dir='ltr'><strong>et</strong></span> <span class='ocrx_word' id='word_1_844' title='bbox 1190 2623 1250 2650; x_wconf 91' lang='lat' dir='ltr'><strong>sine</strong></span> <span class='ocrx_word' id='word_1_845' title='bbox 1266 2622 1299 2650; x_wconf 93' lang='lat' dir='ltr'><strong>iis</strong></span> <span class='ocrx_word' id='word_1_846' title='bbox 1316 2623 1499 2651; x_wconf 83' lang='lat' dir='ltr'><strong>adChristum</strong></span> <span class='ocrx_word' id='word_1_847' title='bbox 1517 2631 1568 2650; x_wconf 87' lang='lat' dir='ltr'><strong>non</strong></span> <span class='ocrx_word' id='word_1_848' title='bbox 1586 2623 1758 2657; x_wconf 47' lang='lat' dir='ltr'><strong>peiveniuat,</strong></span> 
     </span>
    </p>
   </div>
   <div class='ocr_carea' id='block_1_111' title="bbox 977 2668 1760 2704">
    <p class='ocr_par' dir='ltr' id='par_1_111' title="bbox 977 2668 1760 2704">
     <span class='ocr_line' id='line_1_111' title="bbox 977 2668 1760 2704; baseline 0 -9"><span class='ocrx_word' id='word_1_849' title='bbox 977 2669 1042 2703; x_wconf 88' lang='lat' dir='ltr'><strong>quia</strong></span> <span class='ocrx_word' id='word_1_850' title='bbox 1060 2669 1093 2695; x_wconf 92' lang='lat' dir='ltr'><strong>ab</strong></span> <span class='ocrx_word' id='word_1_851' title='bbox 1107 2676 1139 2696; x_wconf 89' lang='lat' dir='ltr'><strong>eo</strong></span> <span class='ocrx_word' id='word_1_852' title='bbox 1158 2669 1278 2696; x_wconf 79' lang='lat' dir='ltr'><strong>maxima</strong></span> <span class='ocrx_word' id='word_1_853' title='bbox 1312 2674 1339 2697; x_wconf 90' lang='lat' dir='ltr'><strong>et</strong></span> <span class='ocrx_word' id='word_1_854' title='bbox 1355 2670 1538 2704; x_wconf 80' lang='lat' dir='ltr'><strong>pulcherrima</strong></span> <span class='ocrx_word' id='word_1_855' title='bbox 1558 2674 1644 2704; x_wconf 80' lang='lat' dir='ltr'><strong>parte,</strong></span> <span class='ocrx_word' id='word_1_856' title='bbox 1663 2668 1760 2696; x_wconf 87' lang='lat' dir='ltr'><strong>volun-</strong></span> 
     </span>
    </p>
   </div>
   <div class='ocr_carea' id='block_1_112' title="bbox 978 2717 1761 2754">
    <p class='ocr_par' dir='ltr' id='par_1_112' title="bbox 978 2717 1761 2754">
     <span class='ocr_line' id='line_1_112' title="bbox 978 2717 1761 2754; baseline 0.001 -10"><span class='ocrx_word' id='word_1_857' title='bbox 978 2721 1032 2744; x_wconf 89' lang='lat' dir='ltr'><strong>tate</strong></span> <span class='ocrx_word' id='word_1_858' title='bbox 1053 2718 1182 2745; x_wconf 90' lang='lat' dir='ltr'><strong>nimirum</strong></span> <span class='ocrx_word' id='word_1_859' title='bbox 1202 2719 1376 2754; x_wconf 86' lang='lat' dir='ltr'><strong>consilioque</strong></span> <span class='ocrx_word' id='word_1_860' title='bbox 1399 2719 1566 2753; x_wconf 86' lang='lat' dir='ltr'><strong>discrepant.</strong></span> <span class='ocrx_word' id='word_1_861' title='bbox 1585 2717 1704 2746; x_wconf 84' lang='lat' dir='ltr'><strong>Necesse</strong></span> <span class='ocrx_word' id='word_1_862' title='bbox 1718 2722 1761 2745; x_wconf 81' lang='lat' dir='ltr'><strong>est</strong></span> 
     </span>
    </p>
   </div>
   <div class='ocr_carea' id='block_1_113' title="bbox 975 2763 1760 2800">
    <p class='ocr_par' dir='ltr' id='par_1_113' title="bbox 975 2763 1760 2800">
     <span class='ocr_line' id='line_1_113' title="bbox 975 2763 1760 2800; baseline 0 -10"><span class='ocrx_word' id='word_1_863' title='bbox 975 2763 1048 2790; x_wconf 88' lang='lat' dir='ltr'><strong>enim</strong></span> <span class='ocrx_word' id='word_1_864' title='bbox 1062 2764 1203 2791; x_wconf 88' lang='lat' dir='ltr'><strong>voluntate</strong></span> <span class='ocrx_word' id='word_1_865' title='bbox 1217 2772 1278 2792; x_wconf 90' lang='lat' dir='ltr'><strong>cum</strong></span> <span class='ocrx_word' id='word_1_866' title='bbox 1291 2772 1324 2792; x_wconf 90' lang='lat' dir='ltr'><strong>eo</strong></span> <span class='ocrx_word' id='word_1_867' title='bbox 1338 2766 1508 2800; x_wconf 87' lang='lat' dir='ltr'><strong>conspirare,</strong></span> <span class='ocrx_word' id='word_1_868' title='bbox 1527 2772 1588 2792; x_wconf 88' lang='lat' dir='ltr'><strong>cum</strong></span> <span class='ocrx_word' id='word_1_869' title='bbox 1604 2771 1659 2799; x_wconf 92' lang='lat' dir='ltr'><strong>quo</strong></span> <span class='ocrx_word' id='word_1_870' title='bbox 1681 2770 1760 2790; x_wconf 85' lang='lat' dir='ltr'><strong>cout-</strong></span> 
     </span>
    </p>
   </div>
   <div class='ocr_carea' id='block_1_114' title="bbox 973 2809 1762 2846">
    <p class='ocr_par' dir='ltr' id='par_1_114' title="bbox 973 2809 1762 2846">
     <span class='ocr_line' id='line_1_114' title="bbox 973 2809 1762 2846; baseline 0 -11"><span class='ocrx_word' id='word_1_871' title='bbox 973 2816 1081 2836; x_wconf 87' lang='lat' dir='ltr'><strong>munem</strong></span> <span class='ocrx_word' id='word_1_872' title='bbox 1106 2810 1240 2838; x_wconf 72' lang='lat' dir='ltr'><strong>trahemus</strong></span> <span class='ocrx_word' id='word_1_873' title='bbox 1275 2811 1461 2846; x_wconf 80' lang='lat' dir='ltr'><strong>sanguinem;</strong></span> <span class='ocrx_word' id='word_1_874' title='bbox 1489 2818 1543 2837; x_wconf 93' lang='lat' dir='ltr'><strong>non</strong></span> <span class='ocrx_word' id='word_1_875' title='bbox 1569 2809 1668 2844; x_wconf 81' lang='lat' dir='ltr'><strong>partim</strong></span> <span class='ocrx_word' id='word_1_876' title='bbox 1697 2815 1762 2836; x_wconf 87' lang='lat' dir='ltr'><strong>con—</strong></span> 
     </span>
    </p>
   </div>
   <div class='ocr_carea' id='block_1_115' title="bbox 971 2854 1760 2893">
    <p class='ocr_par' dir='ltr' id='par_1_115' title="bbox 971 2854 1760 2893">
     <span class='ocr_line' id='line_1_115' title="bbox 971 2854 1760 2893; baseline -0.003 -9"><span class='ocrx_word' id='word_1_877' title='bbox 971 2855 1080 2891; x_wconf 82' lang='lat' dir='ltr'><strong>cordes,</strong></span> <span class='ocrx_word' id='word_1_878' title='bbox 1102 2857 1200 2893; x_wconf 86' lang='lat' dir='ltr'><strong>partim</strong></span> <span class='ocrx_word' id='word_1_879' title='bbox 1222 2857 1362 2886; x_wconf 85' lang='lat' dir='ltr'><strong>discordes</strong></span> <span class='ocrx_word' id='word_1_880' title='bbox 1393 2856 1448 2886; x_wconf 84' lang='lat' dir='ltr'><strong>illic</strong></span> <span class='ocrx_word' id='word_1_881' title='bbox 1483 2863 1586 2891; x_wconf 83' lang='lat' dir='ltr'><strong>amare,</strong></span> <span class='ocrx_word' id='word_1_882' title='bbox 1601 2855 1645 2885; x_wconf 88' lang='lat' dir='ltr'><strong>hic</strong></span> <span class='ocrx_word' id='word_1_883' title='bbox 1660 2854 1760 2884; x_wconf 83' lang='lat' dir='ltr'><strong>bellum</strong></span> 
     </span>
    </p>
   </div>
  </div>
