1967 3071
251 127 304 160 643

876 116 1035 148 NICOLAI
1056 115 1250 146 CABASILE

1823 118 1871 149 ιιι

244 191 340 215 contra
351 191 446 221 gerere
458 193 466 216 ι
481 187 508 211 et
522 182 592 210 ﬁlios
605 181 714 216 quidem
736 187 809 212 esse,
825 178 872 206 sed
885 177 1034 212 reprehen-

1090 176 1274 211 διαιρεθείσιν,
1291 174 1322 204 οὗ
1335 177 1413 210 τέλος
1430 177 1483 210 ἔξω
1499 177 1631 214 βληθῆναι
1647 179 1695 206 καὶ
1710 178 1873 215 ξηρανθῖμαι

245 233 323 260 lione
342 231 449 266 dignos,
461 233 488 256 et
500 229 620 256 membra
641 227 762 261 quidem,
788 225 834 252 sed
857 228 974 255 mortua.
1011 224 1038 250 in

1094 223 1140 248 καὶ
1153 223 1340 258 προσριφῆναι
1354 226 1433 260 πυρί.

245 279 347 314 quibus
355 276 420 304 nihil
433 275 562 303 conducit
577 279 706 308 tanquam
721 272 860 307 palmitem
876 271 998 305 genitum
1009 276 1082 301 esse,
1094 273 1121 296 et
1133 270 1281 304 coaluisse,
1290 279 1353 299 cum
1374 273 1402 299 in
1418 280 1482 300 vera
1490 273 1543 301 vite
1555 281 1611 302 non
1623 274 1767 303 manseris.
1784 274 1875 308 Qualis

245 326 350 362 palmes
366 324 473 352 tandem
494 323 522 350 in
542 322 631 356 ignem
651 321 814 348 exteriorem
835 319 964 346 mittitur.

302 373 473 407 Quapropter
483 371 530 404 qui
544 370 626 396 vitam
640 370 666 396 in
680 369 790 396 Christo
804 368 946 396 traducere
962 365 1034 402 apud

247 419 369 447 animum
382 418 489 449 statuit,
505 417 641 452 sequitur.
675 420 731 443 uta
747 415 831 443 corde
844 421 869 441 et
885 416 973 450 capite
988 414 1034 442 illo

247 469 326 500 aptus
342 465 379 491 sit
398 468 480 498 atque
492 463 662 498 dependeat:
680 469 734 489 non
748 462 821 488 enim
838 461 949 488 aliunde
963 461 1034 487 vivi—

247 520 318 539 mus.
339 510 416 544 Quod
431 510 495 544 quia
514 517 568 536 tton
584 513 711 544 possunt,
735 508 781 544 qui
797 516 851 535 non
872 508 968 535 eadem
985 515 1034 534 vo-

244 557 316 586 lunt.
333 556 494 592 [eademque
506 555 603 582 nolunt
620 554 682 590 (a)].
700 555 732 581 ad
747 553 851 581 Christi
867 554 1033 580 voluntatem

249 607 361 631 noostra
383 602 519 633 voluntas,
530 604 648 633 quantus
661 600 781 626 hominis
790 605 885 633 captus
895 603 946 630 est,
957 607 1036 626 assue

248 650 376 676 facienda
393 652 419 675 et
431 648 583 675 exercenda
599 652 684 679 est,et
701 647 738 674 ita
755 647 971 680 ittstiluenda,[ut
988 654 1036 673 ea-

244 695 307 722 dem
319 698 438 728 appetat,
453 694 605 727 iisdemque
619 694 746 728 gaudeat.
766 693 920 727 Pugnantia
947 693 1036 727 siqui-

245 742 307 767 dem
324 741 396 767 inter
412 748 441 767 se
459 740 592 766 desideria
620 747 652 766 ex
683 747 738 766 uno
765 740 847 766 corde
870 739 971 766 exoriri
988 746 1035 765 ne—

1123 364 1173 392 Διὰ
1185 364 1271 391 ταῦτα
1288 364 1335 390 τὸν
1350 364 1379 390 ἐν
1395 363 1508 399 Χριστῷ
1523 365 1573 399 ζῇν
1594 365 1792 401 προῃρημένον
1814 367 1876 392 a16-

1088 412 1183 439 λουθον
1211 412 1261 445 μὲν
1286 411 1336 445 τῆς
1355 411 1477 446 καρδίας,
1492 412 1539 438 καὶ
1554 412 1605 446 τῆς
1633 413 1757 447 κεφαλῆς
1771 414 1877 448 ἐκείνης

1088 456 1206 492 ὲεῆφθαι
1234 456 1275 492 (οὺ
1300 456 1355 490 γὰρ
1374 457 1509 492 ἑτέρωθεν
1532 457 1600 491 ἡμῖν
1620 457 1733 493 ὴζωὴ),
1756 458 1876 485 τοῦτοδὲ

1088 504 1138 530 οὐκ
1169 503 1230 535 ἐξὸν
1261 503 1411 538 δυνηθῆναι
1445 503 1482 538 μὴ
1514 503 1549 530 τὰ
1579 504 1650 531 αὐτὰ
1679 504 1875 540 βουλομένους*

1089 550 1198 584 ἀνάγκη
1213 550 1279 585 πρὸς
1293 549 1343 585 τὴν
1358 550 1405 576 τοῦ
1420 551 1540 585 Χριστοῦ
1554 550 1665 586 θέλησιν
1681 550 1732 585 τὴν
1750 550 1876 585 γνώμην,

1089 597 1206 624 καθόσον
1221 595 1277 624 οἷόν
1290 605 1319 623 τε
1334 596 1500 631 ἀνθρώποις,
1517 598 1638 631 ἀσκῆσαι
1656 599 1770 624 καὶτῶν
1789 598 1877 625 αὐτῶν

1088 643 1236 677 ἐπιθυμεῖν
1262 645 1309 670 καὶ
1337 645 1392 674 τοῖς
1419 644 1514 674 αὺτοῖς
1537 643 1635 678 ἐκείνῳ
1657 644 1763 678 χαίρειν
1788 653 1877 680 παρα-

1090 691 1233 718 σκευάσαι.
1245 690 1301 721 Τὰς
1312 690 1368 725 γὰρ
1380 690 1506 721 ἐναντίας
1520 690 1669 724 ἐπιθυμίας
1682 692 1747 724 μιᾶς
1757 691 1877 726 ἀνίσχειν

1089 738 1204 772 καρδίας
1218 738 1272 764 τῶν
1299 738 1460 772 ἀμηχάνων.
1483 738 1512 764 '0
1528 738 1582 772 γὰρ
1599 739 1717 773 πονηρὸς
1734 738 1878 773 ἄνθρωπος

245 791 361 820 queunt.
379 785 463 813 Maius
480 787 552 813 enim
572 786 666 818 homo,
682 786 782 820 inquit,
805 785 839 812 de
853 792 936 820 pravo
952 786 1035 812 corde

1090 786 1121 811 ἐκ
1143 785 1190 811 τοῦ
1207 785 1326 819 πονηροῦ
1351 784 1490 820 θησανροῦ
1511 785 1561 819 τῆς
1582 785 1696 819 καρδίας
1710 785 1788 812 οὐδὲν
1801 785 1875 815 ἄλλο,

245 840 296 859 suo
306 839 359 858 non
369 832 442 858 aliud
456 839 536 865 qutun
549 839 660 866 pravum
671 831 794 866 proferre
806 831 891 862 novit,
903 836 930 857 et
946 831 1034 857 bonus

245 877 383 904 bonum“.
399 878 432 904 Et
444 877 676 912 quemadmodum
694 877 818 904 ﬁdelibus
837 878 862 903 in
875 876 1033 907 Pahrstina,

245 928 357 958 propter
375 924 585 951 consensionem
604 925 774 950 voluntatum
796 928 866 955 erat,
889 931 937 950 cor
951 930 1034 949 ttnum

245 975 273 997 et
288 971 379 997 anima
398 970 476 996 una"
492 979 499 998 :
513 971 609 997 eodem
625 971 717 1002 modo,
732 970 754 997 si
773 971 834 1005 quis
861 977 915 996 una
946 974 1036 996 mente

245 1021 274 1043 et
287 1016 424 1043 sententia
440 1023 469 1042 se
491 1024 552 1043 eutn
572 1016 684 1044 Christo
702 1024 757 1042 tton
774 1016 961 1050 conjunxerit,
988 1015 1034 1042 sed

245 1063 288 1089 via
308 1062 455 1097 praeceptis
468 1063 529 1098 ejus
551 1063 688 1089 contraria
712 1062 867 1091 incesserit.
892 1069 939 1089 cor
953 1069 1034 1088 suutn

245 1117 308 1136 cum
325 1117 358 1136 eo
376 1117 429 1136 nou
449 1111 546 1136 eodem
567 1110 671 1141 dirigit,
685 1110 731 1137 sed
748 1110 781 1136 ab
797 1109 851 1136 alio
871 1109 955 1136 corde
974 1117 1037 1136 sus-

246 1163 362 1190 pensum
381 1163 443 1182 esse
465 1156 560 1190 liquet.
592 1155 696 1182 Etenim
713 1163 727 1182 e
751 1155 860 1182 diverso
885 1157 1036 1183 secundum

246 1211 296 1230 cor
312 1210 392 1230 suum
407 1203 511 1229 invenit
524 1202 619 1233 David.
633 1202 708 1236 quia,
722 1201 820 1235 Legem
833 1206 918 1233 tuam,
935 1201 1036 1235 inquit,

247 1256 302 1275 non
320 1256 380 1276 sum
394 1248 531 1275 oblitus".
551 1248 627 1280 Quod
644 1249 665 1274 si
693 1248 748 1274 vita
776 1248 971 1279 destituuntur,
987 1247 1035 1282 qui

247 1301 263 1321 α
283 1296 366 1321 corde
381 1294 428 1320 illo
440 1302 495 1321 non
511 1293 642 1328 pendent.
661 1297 687 1320 ct
703 1294 823 1328 pendere
839 1302 894 1320 non
908 1298 1035 1328 possunt,

247 1341 295 1375 qui
309 1348 364 1367 non
386 1340 482 1368 eadem
510 1341 616 1373 volunt,
641 1345 670 1368 ut
695 1341 786 1368 vivere
809 1348 952 1374 queamus,
981 1347 1036 1374 quo

249 1391 330 1420 pacto
342 1387 436 1413 eadem
453 1394 514 1422 qua:
525 1386 654 1414 Christus
665 1394 769 1418 amare,
795 1386 947 1421 iisdemque
971 1394 1035 1413 cum

249 1432 309 1467 ipso
329 1433 449 1467 gaudere
460 1434 608 1468 possimus.
626 1441 675 1468 age
693 1433 847 1460 videamus.

283 1479 331 1506 Est
344 1479 426 1513 igitur
437 1479 526 1506 omttis
541 1480 655 1506 actionis
673 1479 779 1505 initiuut
795 1479 959 1506 desiderium
979 1479 1036 1506 sive

247 1526 354 1560 petitio,
368 1524 544 1559 appetitionis
559 1529 650 1552 autem
665 1525 807 1559 cogitatio.
821 1525 912 1557 Quare
926 1525 1033 1551 eniten-

248 1573 312 1600 dum
341 1571 368 1598 itt
389 1571 486 1606 primis
501 1576 530 1597 ttt
556 1571 665 1598 oculum
689 1571 786 1597 anima:
811 1579 826 1597 a
851 1571 929 1597 \‘anis
954 1571 1036 1597 rebus

248 1617 431 1647 abducamus.
456 1620 483 1643 et
512 1616 591 1643 bonis
616 1617 830 1651 cogitationibus
855 1623 902 1642 cor
928 1623 1037 1650 semper

250 1662 360 1696 plenum
379 1661 540 1694 habeamus,
558 1667 585 1687 111
606 1669 640 1688 ne
673 1662 820 1696 aliquando
838 1670 971 1693 ‘racuutn,
987 1662 1038 1688 itu-

249 1707 397 1741 probarum
418 1707 612 1742 cogitationum
637 1707 715 1734 sedes
732 1715 763 1734 ac
793 1707 961 1734 domicilium
980 1707 1036 1734 ﬁat.

247 1751 315 1779 Cum
331 1752 386 1779 sint
404 1761 486 1787 porro
503 1754 597 1785 multa,
619 1754 720 1788 quibus
736 1754 898 1781 meditandis
917 1755 1036 1782 animam

249 1797 391 1832 occupari,
409 1803 437 1824 et
455 1803 572 1825 mentem
590 1806 652 1826 eum
682 1799 821 1833 voluptate
843 1799 965 1826 studium
982 1800 1035 1826 im-

249 1846 368 1878 pendere
384 1848 599 1871 consentaneum
612 1849 664 1876 ρει,
686 1847 810 1871 omnium
826 1850 853 1872 et
867 1845 900 1871 ad
923 1846 1036 1879 loquen-

248 1890 326 1922 dum,
341 1895 368 1916 et
385 1890 419 1917 ad
435 1889 608 1925 cogitandum
632 1891 702 1918 ratio
727 1892 918 1926 mysteriorum
935 1892 1037 1926 jucun-

247 1935 362 1963 dissima
380 1939 407 1962 et
425 1935 647 1963 truetuosissima
664 1937 780 1968 videtur,
802 1937 921 1972 indeque
934 1938 1036 1965 divitiae

249 1986 350 2008 nostra:
382 1985 541 2008 manarunt.
569 1980 728 2016 Cogitemus
761 1989 826 2016 ergo
853 1982 918 2009 licet
942 1984 1036 2016 quales

246 2034 358 2054 eramus
374 2032 521 2061 antequam
535 2027 716 2059 initiarentur,
738 2029 833 2062 quales
857 2033 918 2062 post
941 2030 1036 2056 initia-

249 2073 352 2100 tionem
370 2073 434 2100 tacti
453 2074 552 2105 situus,
568 2079 595 2101 et
608 2075 700 2109 qualis
716 2074 798 2101 fuerit
813 2075 887 2109 prius
905 2076 1035 2109 servitus,

247 2121 337 2153 qualis
356 2128 409 2155 qua
424 2128 497 2147 nune
512 2122 631 2154 potituur
648 2122 759 2148 libertas
776 2127 803 2148 et
818 2130 1038 2157 regnum.quan-

247 2170 330 2200 taque
340 2167 419 2194 nobis
430 2167 499 2193 bona
512 2167 569 2202 jam
581 2169 712 2201 pratstita,
728 2173 830 2203 quanta
841 2170 895 2196 sint
907 2170 1035 2204 reposita.

1090 831 1173 864 φησὶ.
1194 831 1344 865 προφέρειν
1373 829 1443 857 οἶδεν
1468 831 1484 866 ἢ
1510 831 1639 864 πονηρδν,
1665 831 1712 857 καὶ
1735 832 1749 857 ό
1776 831 1877 864 nam;

1088 877 1207 911 ἀγαθόν·
1226 877 1274 903 καὶ
1297 876 1426 910 καθάπερ
1453 878 1510 907 τοῖς
1527 878 1554 903 ὲν
1573 877 1740 914 Παλαιστίνῃ
1759 879 1877 910 πιστοῖς,

1088 923 1200 950 ὅτιτῶν
1215 923 1305 949 αὐτῶν
1329 922 1500 956 ἐπεθύμουν,
1522 932 1532 948 (
1556 920 1590 958 ἦν
1614 924 1630 956 ἡ
1665 924 1774 957 καρδία,
1799 924 1878 959 φησὶ,

1087 969 1160 1004 καὶῆ
1174 968 1247 1002 ψυχὴ
1264 969 1324 1003 μία,
1340 978 1349 994 ι
1364 969 1409 994 τὸν
1425 968 1482 995 ῐσον
1493 969 1607 1004 τρόπον,
1623 969 1699 1002 εἴτις
1713 970 1752 1005 τῷ
1766 971 1876 1006 Χριστῷ

1089 1013 1126 1047 μὴ
1145 1013 1274 1044 κοινωνὸς
1289 1013 1333 1047 εἴη
1353 1015 1403 1046 τῆς
1423 1013 1547 1048 γνώμης,
1564 1015 1622 1041 ἀλλ’
1638 1012 1680 1045 οἷς
1696 1017 1802 1048 ἐκεῖνος
1821 1017 1879 1043 ἑπι-

1086 1060 1182 1086 τάττει
1195 1059 1263 1094 πρὸς
1275 1059 1442 1094 παλινῳδίαν
1457 1060 1563 1094 ἐξάγοι,
1579 1061 1629 1096 τὴν
1644 1063 1744 1089 ἑαυτοῦ
1760 1062 1836 1097 ζωὴν
1849 1064 1877 1090 οὺ

1089 1105 1157 1140 πρὸς
1171 1105 1218 1140 τὴν
1235 1105 1320 1140 αὐτὴν
1339 1107 1437 1141 ἐκείνῳ
1451 1107 1544 1134 τάττει
1566 1108 1693 1142 καρδίαν,
1708 1108 1778 1135 ἀλλὰ
1801 1109 1879 1143 δῆλός

1087 1152 1144 1178 ἐστι
1156 1152 1270 1186 καρδίας
1279 1152 1465 1187 ἐξηρτημένος
1475 1153 1583 1188 ἐτέρας,
1593 1155 1654 1181 ἐπεὶ
1665 1156 1712 1183 καὶ
1722 1157 1878 1184 τούναντίον

1088 1199 1159 1226 κατὰ
1170 1199 1218 1234 τὴν
1234 1199 1333 1226 ἑαυτοῦ
1350 1200 1465 1234 καρδίαν
1479 1197 1543 1235 εὗρε
1559 1202 1605 1227 τὸν
1619 1201 1712 1232 Δαὸὶδ,
1729 1203 1770 1229 ὃτι
1793 1212 1804 1228 ε
1825 1204 1880 1235 Τὰς

1088 1246 1197 1277 ἐντολάς
1215 1255 1272 1276 σου.
1287 1247 1380 1281 φησὶν.
1394 1247 1445 1274 οὐκ
1460 1247 1660 1282 ἐπελαθόμην.»
1673 1249 1704 1274 Et
1721 1249 1750 1275 δὲ
1764 1249 1817 1284 ζῇν
1831 1250 1878 1284 μὲν

1087 1293 1137 1319 οὐκ
1151 1293 1209 1320 ἔστι
1227 1293 1264 1328 μὴ
1275 1295 1324 1328 τῆς
1341 1293 1456 1327 καρδίας
1471 1293 1674 1328 ἐξηρτημένους
1687 1295 1878 1330 ἑκείνης,ὲξη-

1089 1340 1205 1374 ρτῆτθαι
1221 1339 1249 1365 ὀὶ
1266 1339 1316 1366 οὐκ
1333 1339 1365 1366 ἂν
1385 1340 1427 1374 εἰη
1446 1340 1483 1374 μὴ
1497 1339 1532 1366 τὰ
1547 1340 1617 1366 αὐτὰ
1630 1340 1878 1375 βυυλομένους.ῖνα

1088 1387 1138 1420 ζῇν
1150 1385 1322 1420 δυνηθῶμεν,
1334 1386 1482 1420 σκοπῶμεν
1493 1387 1568 1417 ὅπως
1581 1387 1635 1412 τῶν
1645 1387 1737 1414 αὐτῶν
1752 1389 1821 1423 ἑρᾷν
1841 1387 1879 1422 τῷ

1087 1433 1198 1468 Χριστῷ
1215 1433 1260 1460 καὶ
1278 1433 1336 1464 τοῖς
1350 1433 1441 1465 αὐτοῖς
1457 1433 1554 1469 ἐκείνῳ
1569 1434 1743 1470 δυνησόμεθα
1759 1436 1880 1471 χαίρειν.

1125 1480 1203 1506 Ἔστι
1216 1479 1307 1505 τοίνυν
1324 1480 1452 1514 πράξεως
1469 1480 1518 1514 μὲν
1535 1480 1669 1515 ἐπιθυμία
1683 1482 1774 1517 πάσης
1795 1483 1878 1517 ἁρχὴ,

1087 1525 1237 1559 ἐπιθυμίας
1261 1525 1290 1551 δὲ
1313 1525 1464 1559 λογισμός
1480 1526 1579 1552 οὐκοῦν
1595 1528 1743 1561 πειρατέον
1765 1529 1823 1563 πρό
1849 1536 1880 1561 γε

1089 1572 1208 1604 πάντων,
1236 1572 1291 1597 τῶν
1325 1572 1448 1606 ματαίων
1479 1572 1598 1606 ἀπάγειν
1631 1573 1677 1599 τὸν
1707 1573 1758 1608 τῆς
1790 1574 1880 1609 ψυχῆς

1088 1617 1238 1652 ὀφθαλμὸν,
1253 1617 1362 1645 ἐννοιῶν
1373 1617 1485 1651 ἀγαθῶν
1501 1619 1604 1653 μεστὴν
1620 1619 1731 1654 ἔχοντας
1747 1620 1880 1647 ἑκάστοτε

1087 1665 1137 1698 τὴν
1163 1665 1288 1700 καρδίαν,
1317 1664 1388 1690 ὥστε
1415 1665 1541 1699 μηδαμοῦ
1565 1667 1649 1701 κενὴν
1674 1665 1759 1693 οὖσαν
1787 1667 1879 1702 χώραν

1088 1708 1158 1736 εἶναι
1183 1711 1242 1740 ταῖς
1268 1711 1412 1744 πονηραῖς.
1429 1710 1540 1736 Πολλῶν
1558 1710 1587 1737 δὲ
1609 1711 1705 1743 ὅντων,
1721 1711 1739 1738 ἃ
1763 1712 1879 1747 μελέτης

1088 1756 1154 1790 ὕλην
1171 1757 1218 1782 καὶ
1228 1756 1317 1791 ψυχῆς
1332 1755 1413 1791 ἔργον
1426 1756 1476 1783 καὶ
1492 1757 1539 1783 νοῦ
1553 1758 1657 1792 τρυφὴν
1671 1759 1718 1785 καὶ
1734 1758 1879 1794 διατριϐὴν

1088 1803 1225 1829 ποιεῖσθαι
1240 1803 1374 1837 προσῆκε,
1397 1803 1428 1829 τὸ
1449 1803 1557 1830 πάντων
1579 1804 1688 1839 ἥδιστον
1709 1805 1755 1831 καὶ
1773 1806 1880 1832 λυσιτε-

1087 1848 1217 1875 λέστατον
1249 1849 1296 1874 καὶ
1327 1849 1498 1882 (pensa-,0“
1533 1851 1581 1876 καὶ
1612 1850 1787 1884 λογίσασθαι,
1826 1852 1879 1878 τῶν

1091 1895 1249 1930 μυστηρίων
1262 1897 1275 1921 ὸ
1286 1895 1365 1928 λόγος
1375 1896 1423 1922 καὶ
1437 1896 1466 1922 ὃν
1480 1896 1603 1922 ἐνθένδεν
1617 1897 1734 1932 ἔσχομεν
1751 1898 1877 1925 πλοῦτον.

1088 1940 1144 1966 Καὶ
1160 1941 1232 1970 τίνες
1252 1940 1300 1974 μὲν
1315 1938 1386 1975 ἦμεν
1400 1941 1466 1974 πρὶν
1484 1941 1651 1975 μεμυῆσθαι,
1667 1942 1740 1974 τίνες
1757 1943 1786 1968 δὲ
1801 1942 1880 1969 καθέ-

1088 1994 1192 2020 σταμεν
1208 1986 1370 2021 μυηθέντες,
1395 1987 1443 2013 καὶ
1465 1986 1508 2017 τίς
1523 1987 1573 2021 μὲν
1589 1988 1604 2022 ή
1620 1988 1742 2023 προτέρα
1759 1989 1878 2021 δουλεία,

1087 2032 1128 2062 τίς
1149 2031 1208 2066 atq
1231 2032 1278 2058 νῦν
1292 2032 1436 2067 ἐλευθερία
1452 2033 1500 2058 καὶ
1523 2033 1658 2067 βασιλεία,
1674 2034 1722 2060 καὶ
1745 2034 1808 2061 τίνα
1831 2035 1878 2069 μὲν

1088 2080 1154 2113 ἡμῖν
1167 2078 1216 2114 ἤδη
1228 2078 1282 2105 τῶν
1294 2078 1405 2111 ἀγαθῶν
1420 2079 1588 2114 παρεσχέθη,
1602 2080 1664 2106 τινα
1676 2080 1703 2106 δὲ
1720 2081 1878 2112 ἀπόκειται,

1088 2127 1136 2152 καὶ
1159 2125 1211 2160 πρό
1235 2133 1267 2159 γε
1290 2125 1404 2157 τούτων,
1433 2125 1474 2156 τίς
1498 2126 1564 2159 ἡμῖν
1584 2126 1714 2152 ἁπάντων
1734 2127 1841 2153 τούτων
1865 2127 1878 2152 ό

1090 2171 1208 2206 χορηγὸς
1222 2172 1270 2198 καὶ
1284 2168 1340 2197 οἷον
1354 2171 1403 2206 μὶν
1418 2171 1493 2204 αὑτῷ
1508 2171 1539 2197 τὸ
1555 2171 1663 2202 κάλλος,
1676 2173 1772 2204 ὁποίας
1787 2172 1817 2198 δὲ
1830 2171 1878 2206 τὴν

248 2212 282 2240 Et
295 2217 359 2239 ante
373 2213 430 2240 hare
449 2213 553 2245 omnia,
572 2214 635 2248 quis
650 2215 729 2241 nobis
745 2220 844 2243 cuneta
870 2217 966 2244 isthrec
980 2217 1035 2244 lar-

1090 2218 1262 2252 χρηστότητα
1284 2217 1334 2243 καὶ
1353 2217 1428 2248 ὅπως
1445 2217 1559 2251 ἐφίλησε
1576 2218 1606 2244 τὺ
1624 2218 1702 2251 γένος
1718 2219 1766 2244 καὶ
1785 2219 1878 2254 ἡλίκος

249 2262 348 2296 gialur,
362 2267 463 2295 quanta
476 2263 536 2296 ejus
553 2263 736 2297 pulchritudo,
753 2271 833 2298 quam
848 2265 947 2297 boutts,
964 2273 1035 2301 quo-

253 2310 334 2334 modo
366 2315 452 2342 genus
483 2309 632 2336 humanum
667 2309 805 2342 dilexerit,
830 2319 912 2345 quam
940 2313 1035 2346 iugetis

249 2355 397 2380 etiamntttn
413 2354 486 2382 illitis
499 2363 561 2390 erga
573 2363 621 2383 nos
634 2363 720 2383 amor.
734 2356 801 2383 Nam
814 2359 836 2384 si
850 2357 906 2384 Itmc
918 2365 1035 2386 tuentem

249 2401 508 2434 prmoccupaverint,
518 2402 691 2437 auimatuque
701 2403 879 2436 obtinuerint,
893 2413 945 2431 ttott
958 2405 1036 2433 facile

249 2445 380 2480 cogitatio
393 2446 522 2473 aliorsutn
539 2448 676 2481 respiciet.
695 2457 745 2476 nec
763 2450 932 2478 desiderium
947 2459 962 2478 a
977 2456 1033 2478 tam

250 2491 330 2518 bouis
353 2496 463 2527 tamque
477 2493 682 2521 delectabililms
701 2496 782 2523 rebus
799 2496 852 2524 alio
875 2497 1032 2527 transferet.

249 2537 385 2564 Beneﬁcia
407 2539 480 2565 enim
516 2539 562 2566 Dei
588 2540 764 2568 multitudine
795 2546 822 2568 et
845 2543 1034 2577 magnitudine

1089 2265 1102 2290 ὁ
1117 2263 1202 2298 {pingi
1219 2264 1328 2289 Τούτων
1344 2263 1398 2298 γὰρ
1415 2263 1465 2297 τὴν
1482 2263 1601 2290 διάνοιαν
1616 2265 1879 2299 προκατειληφότων

1088 2311 1135 2336 καὶ
1157 2311 1207 2344 τὴν
1229 2309 1320 2345 ψυχὴν
1345 2309 1551 2344 κατασχόντων,
1575 2311 1606 2336 οὐ
1634 2311 1725 2346 ῥᾴδιον
1748 2311 1794 2338 ἐπ’
1815 2311 1878 2338 ἄλλο

1089 2356 1184 2391 βλέψαι
1202 2356 1247 2382 τὸν
1266 2355 1395 2390 λογισμὸν
1406 2357 1454 2383 καὶ
1466 2355 1517 2390 τὴν
1532 2356 1682 2389 ἐπιθυμίαν
1703 2358 1878 2391 μετενεγκεῖν

1088 2402 1217 2436 ἑτέρωσε,
1225 2402 1296 2428 οὓτω
1311 2401 1359 2437 μὲν
1369 2401 1462 2428 καλῶν
1472 2401 1571 2434 ὅντων,
1583 2401 1656 2429 οὕτω
1665 2403 1693 2428 δὲ
1703 2403 1860 2437 ἐπαγωγῶν
1869 2411 1877 2419 '

1088 2448 1117 2474 αῖ
1130 2456 1161 2474 τε
1176 2447 1230 2482 γὰρ
1244 2446 1401 2482 εὐεργεσίαι
1419 2446 1518 2481 πλήθει
1530 2448 1578 2473 καὶ
1597 2447 1707 2482 μεγέθει
1723 2448 1832 2479 νικῶσι,
1848 2448 1879 2474 τό

1087 2503 1118 2521 τε
1147 2494 1268 2529 φίλτρον,
1294 2493 1356 2520 ὅθεν
1380 2493 1428 2519 ἰπὶ
1454 2493 1557 2525 ταύτας
1586 2493 1724 2529 προήχθη,
1749 2494 1877 2530 μεῖζονῆ

1088 2542 1228 2577 λογισμοῖς
1242 2539 1289 2567 ἀνθ
1294 2540 1393 2574 ρώπων
1403 2539 1560 2566 ὑποπεσεῖν.

247 2586 404 2619 execllunt;
421 2592 448 2615 et
464 2595 541 2615 amor
574 2595 629 2623 quo
648 2589 682 2616 ad
717 2590 774 2618 haec
799 2591 943 2619 tribuenda
972 2597 1014 2620 est
1045 2593 1193 2628 impulsus.
1222 2590 1372 2618 humanum
1397 2593 1506 2624 captum
1531 2589 1689 2624 praestantia
1712 2597 1760 2617 sua
1798 2590 1879 2624 longe

248 2633 342 2661 vincit.

286 2680 364 2707 Sicut
378 2681 450 2708 enim
467 2688 546 2708 amor
563 2681 712 2715 humanus,
728 2683 751 2710 si
773 2685 884 2712 ntodum
907 2686 1033 2718 excedat.

247 2730 275 2754 et
293 2726 378 2762 major
391 2727 426 2753 sit
440 2734 522 2761 quam
537 2731 566 2754 ttt
588 2727 722 2762 capiatur,
747 2735 871 2758 amantes
900 2730 934 2758 de
961 2735 1032 2758 statu

1124 2683 1258 2718 Καθάπερ
1267 2683 1321 2718 γὰρ
1330 2680 1549 2716 τῶνάνθρώπων
1557 2680 1620 2712 τοὺς
1628 2680 1749 2715 ἐρῶντας
1757 2680 1878 2716 ἐξίστησι

1088 2731 1118 2757 τὸ
1143 2730 1267 2765 φίλτρον,
1290 2729 1355 2756 ὅταν
1372 2727 1533 2764 ὑπερϐάλλῃ
1549 2727 1598 2754 καὶ
1612 2727 1741 2763 κρεῖσσον
1764 2727 1876 2762 γένηται

286 2806 308 2822 ³⁸
328 2806 433 2842 Lue.vr,
451 2808 496 2836 45.
535 2808 558 2825 ³⁹
575 2809 636 2836 Act.
649 2818 686 2843 tv,
698 2810 742 2839 '52.
782 2811 804 2828 "
817 2811 888 2840 Psal.
905 2819 999 2847 cxvul,
1014 2812 1045 2840 16
1059 2817 1086 2841 et
1107 2812 1182 2841 alibi.

280 2864 316 2894 (tt)
332 2865 426 2891 Inclusa
437 2867 528 2893 desunt
539 2867 564 2891 in
577 2866 672 2893 Graeco.
