1967 3071
251 149 301 182 (351

861 146 1015 177 NlCOLM
1036 147 1230 178 CABASILE

1814 145 1866 178 652

250 210 351 244 gladio,
378 209 442 244 igni,
475 209 626 235 mortiscse
650 208 828 241 traditleiunt,
856 208 1029 236 cicatricibus

1083 207 1192 238 αὐτοὺς,
1207 207 1256 238 τὰς
1272 206 1351 238 οὐλὰς
1363 207 1403 233 ἔτι
1417 207 1571 240 δεικνύντες
1584 208 1632 235 ἐπὶ
1643 208 1873 244 τῶνςλαμπόντων

250 255 278 281 ίιι
297 255 456 289 corporibus
472 253 581 287 fulgidis
605 253 756 288 conspicui,
779 258 805 280 et
830 253 951 288 vestigiis
972 253 1031 280 vul—

249 308 357 330 nerum.
392 304 422 327 ut
447 304 607 333 tropaeorum
630 299 745 333 quadem
776 299 952 334 inscriptione
986 299 1032 325 tri-

250 345 422 383 umphantes,
454 351 554 371 corona
594 343 826 375 fortissimorum.
872 344 1031 371 vulneribus

248 392 395 418 illustrium
410 410 417 421 ,
442 389 518 424 juxta
543 397 644 424 regem,
665 389 723 424 qui,
748 390 819 424 quod
849 390 958 417 occisus
979 396 1030 421 est,

248 437 325 467 vicit,
351 441 378 463 et
407 435 478 470 quod
508 435 608 462 Paulus
635 435 684 467 ait,
719 440 844 470 «propter
875 435 1029 469 passionem

247 485 342 512 mortis
352 484 401 516 ⁸⁸.»
419 483 505 518 gloria
522 487 549 510 et
566 483 669 510 honore
683 487 851 510 coronatum.

283 529 347 556 Ha‘c
360 528 564 556 commentandi
576 532 735 563 argumenta
756 527 836 555 nobis
849 528 1031 559 sumenlihus.

246 581 272 602 et
283 575 356 602 Omni
374 581 494 608 tempore
503 573 695 608 cogitantibus,
707 578 763 601 tum
771 578 874 600 naturae
886 579 984 601 nostrae
992 574 1032 601 di-

246 623 348 656 gnitas,
361 626 417 647 tum
436 621 481 646 Dei
491 620 643 654 benignitas
662 625 724 646 nota
735 620 788 646 liet.
800 619 857 646 Hoc
877 619 996 645 maxime
1017 626 1031 645 a

245 667 376 704 pravitate
385 674 435 693 nos
444 666 555 698 arcebit,
564 670 590 691 et
598 666 619 692 si
628 665 832 696 fortelabcmur,
842 664 919 691 facile
929 672 1035 699 repara-

246 714 296 740 bit.
314 711 467 740 Cumcnim
498 711 582 738 multa
607 711 661 738 sint
682 718 741 745 quae
768 710 881 738 salutem
911 715 1031 737 nostram

246 758 378 791 impedire
406 761 520 792 queant,
546 757 714 791 prmeipuum
738 760 790 788 est,
820 756 893 790 quod
918 760 1032 790 peccato

245 809 411 838 quocunque
438 801 571 832 admisso,
596 808 648 827 non
665 801 737 827 illico
759 801 790 827 ad
808 801 890 827 Deum
907 800 1031 827 conversi

245 849 353 876 veniam
371 847 541 882 rogitamus;
560 846 606 874 sed
620 847 1031 877 erubescentes,etmctuentes,

1085 252 1218 286 σωμάτων
1246 253 1293 279 καὶ
1316 252 1528 286 θριαμϐεύοντες
1552 255 1609 285 τοῖς
1623 253 1678 281 τῶν
1692 254 1806 289 πληγῶν
1822 255 1873 281 τύ-

1082 306 1142 329 ποις
1158 298 1195 330 ὡς
1211 298 1352 334 ἐπιγραφῇ
1367 298 1520 330 τροπαίων,
1538 299 1639 330 κύκλος
1662 300 1797 334 ἀριστέων
1814 300 1872 327 ἀπὸ

1082 345 1247 378 τραυμάτων
1269 344 1422 379 εὐδοκιμῶν
1447 344 1524 377 παρὰ
1553 345 1660 380 βασιλιί
1674 345 1713 380 τῷ
1731 347 1871 379 σφαγῆναι

1082 390 1247 425 νενικηκότι,
1264 391 1310 416 καὶ
1325 391 1339 416 ὃ
1355 399 1422 425 φησι
1434 390 1538 422 Παῦλος
1554 400 1563 416 ι
1577 392 1622 417 διὰ
1634 391 1664 418 τὸ
1690 391 1806 426 πάθημα
1823 392 1871 418 τοῦ

1083 434 1198 462 θανάτου
1213 435 1277 471 δόξῃ
1292 436 1339 461 καὶ
1351 436 1420 470 τιμῇ
1439 436 1672 471 ἐστεφανωμένῳ.
1692 446 1701 462 ι

1117 527 1209 554 Ταῦτα
1221 527 1396 562 ποιουμένοις
1413 526 1531 562 μελέτην
1541 527 1588 553 καὶ
1600 526 1705 553 τούτων
1717 525 1793 553 οὖσιν
1808 526 1874 552 ὅσαι

1082 570 1153 608 ὧραι
1164 573 1217 606 τῶν
1231 572 1422 606 λογισμῶν.τὸ
1436 581 1465 598 τε
1479 572 1529 606 τῆς
1543 572 1649 607 φύσεως
1665 572 1742 606 ἡμῶν
1762 571 1874 605 ἀξίωμα

1083 619 1220 653 γνώριμον
1231 619 1247 654 ἥ
1267 627 1296 644 τε
1307 618 1498 653 φιλανθρωπία
1510 618 1576 652 δήλη
1588 617 1687 652 γένοιτ’
1699 617 1732 644 ἂν
1744 618 1812 652 ἡμῖν
1824 617 1874 644 τοῦ

1083 665 1163 691 Θεοῦ.
1191 664 1276 691 Τοῦτο
1301 665 1330 690 δὲ
1349 665 1467 699 μάλιστα
1484 664 1535 699 μὲν
1553 664 1599 690 ἐπί
1627 673 1653 690 τι
1670 664 1789 698 πονηρὸν
1808 664 1875 690 ίδεῖν
1916 659 1921 663 ’

1082 712 1133 738 οὐκ
1143 713 1228 745 ἐάσει,
1245 713 1378 742 πεσόντας
1401 712 1439 743 δὲ,
1456 713 1480 738 εί
1495 711 1628 746 συμϐαίη,
1647 711 1811 746 ἀναλήψαιτ¹
1839 711 1874 738 ἂν

1084 758 1192 793 ῥᾳδίως.
1212 757 1322 784 Πολλῶν
1333 758 1387 792 γὰρ
1402 758 1499 789 ὅντων,
1514 757 1586 792 ἃπερ
1600 757 1633 784 ἂν
1650 758 1718 792 ἡμῖν
1733 758 1873 792 προσταίη

1083 806 1115 839 τῇ
1137 805 1269 840 σωτηρίᾳ,
1295 805 1422 838 μέγιστον
1451 803 1580 831 ἁπάντων
1597 804 1626 830 τδ
1641 803 1875 838 πλημμελοῦντας

1083 849 1174 876 ὁτιοῦν
1191 851 1228 885 μὴ
1246 851 1314 885 πρὸς
1329 851 1373 876 τὸν
1387 850 1453 876 Θεὸν
1466 850 1548 880 εὐθὺς
1569 850 1757 885 ἐπεστράφθαι
1771 858 1874 884 παραι-

246 895 317 922 viam
330 895 363 920 ad
378 894 454 920 illum
471 884 613 919 molestam
629 899 660 918 ac
675 891 821 924 difficilem,
834 891 964 925 illumque
979 890 1017 917 ira

1085 884 1243 926 τουμένουξ,
1267 884 1326 922 ἀλλ’
1355 896 1568 931 αίσχυνημένους
1586 899 1632 922 καὶ
1655 884 1811 928 δεδοικότας
1827 898 1875 930 ἐρ-

246 946 304 969 tum
321 940 400 967 nobis
411 944 438 967 et
448 938 601 970 inimicum,
615 943 641 965 et
658 945 720 964 cum
734 937 863 964 accedere
879 937 1031 964 volentibus

247 985 378 1021 singulari
397 984 594 1020 przeparatione
608 990 677 1018 opus
688 990 749 1010 esse
762 982 917 1015 opinamur.
933 981 1032 1008 lluma-

247 1034 320 1061 nitas
333 1039 416 1067 porro
429 1031 476 1059 Dei
497 1029 654 1065 hujusmodi
678 1031 795 1064 cogitata
810 1037 842 1056 ex
859 1029 950 1056 anima
968 1028 1031 1055 fun-

247 1081 322 1108 ditus
334 1078 453 1114 expellit.
469 1077 537 1104 Nam
554 1076 600 1112 qui
618 1077 702 1111 probe
721 1076 848 1111 cognovit
860 1083 941 1109 quam
954 1083 1032 1101 Inan-

247 1129 343 1154 suctus
361 1126 409 1158 sit,
426 1128 451 1150 et
468 1123 533 1150 illud
558 1123 675 1157 ignorat,
697 1131 706 1147 ι
724 1121 820 1148 Adhuc
839 1126 865 1148 te
889 1121 1029 1155 loquente,

247 1173 329 1204 dicet,
345 1177 409 1198 ecce
431 1169 527 1196 adsum
541 1167 578 1199 δ’,
595 1176 604 1193 ›
620 1167 685 1202 quid
713 1174 774 1193 eum
790 1171 943 1193 remoretur
964 1166 1030 1200 quin

247 1216 338 1243 statim
363 1220 393 1242 ut
407 1214 538 1249 peccavit,
555 1220 616 1240 eum
634 1212 733 1239 adeat?
745 1211 808 1238 Haec
824 1211 897 1238 enim
909 1218 1030 1238 eontmu-

247 1262 290 1289 nis
306 1261 392 1288 hostis
407 1260 553 1287 adversum
579 1266 629 1286 nos
643 1257 819 1289 machinatio,
840 1262 867 1283 et
882 1257 962 1284 dolus
978 1260 1030 1290 est,

247 1307 312 1338 dum
326 1306 358 1333 ad
371 1309 512 1340 peccatum
529 1304 669 1335 sollicitat,
686 1302 879 1330 confidentiam
894 1306 922 1330 et
945 1303 1033 1329 auda-

246 1352 317 1379 ciam
331 1350 453 1378 excitare
471 1358 479 1376 :
497 1349 635 1377 teterrima
649 1348 704 1383 jam
728 1349 816 1380 ausis,
830 1347 1030 1382 prolapsisque,

245 1396 376 1432 pudorem
406 1403 438 1422 ac
452 1396 577 1422 timorem
606 1393 754 1421 absurdum
771 1393 894 1429 injicere,
923 1397 952 1420 ut
969 1401 1030 1420 eum

246 1443 292 1470 illo
303 1442 385 1470 modo
408 1441 506 1469 cadere
522 1440 626 1473 fecerit,
644 1440 857 1474 boc,resurgere
872 1447 925 1466 non
941 1441 1030 1472 sinat;

246 1496 294 1516 seu
309 1488 409 1523 potius,
426 1487 471 1514 illo
485 1495 500 1514 a
519 1486 574 1514 Deo
591 1486 727 1518 adducat;
744 1486 795 1512 hoc
806 1485 838 1512 ad
855 1493 916 1511 eum
932 1485 1030 1512 reverti

246 1542 300 1562 non
326 1534 474 1569 permittat.
490 1539 574 1568 atque
596 1534 631 1560 ita
649 1532 700 1560 viis
729 1532 876 1559 contrariis
901 1531 929 1558 in
945 1539 1029 1559 unum

246 1581 404 1607 barathrum
421 1579 570 1614 pertraltat.

281 1669 334 1697 Sed
349 1670 406 1697 haec
422 1668 496 1695 omni
520 1668 661 1703 diligentia
686 1667 806 1695 cavenda
833 1673 907 1701 sunt,
933 1675 1030 1703 nempe

246 1719 309 1741 ante
321 1720 462 1748 peccatum
477 1713 600 1745 audacia,
617 1717 644 1739 et
658 1717 721 1748 post
734 1717 874 1746 peccatum
899 1713 985 1745 pudor
998 1720 1030 1739 ae

245 1761 338 1790 timor,
358 1759 426 1786 nihil
437 1759 509 1786 enim
527 1758 731 1786 commoditatis
747 1758 856 1785 habent.
875 1758 932 1785 Non
957 1759 1028 1785 enim

248 1807 330 1833 timor
341 1806 390 1834 iste
405 1805 505 1837 calcar,
522 1806 569 1832 sed
584 1809 679 1839 stupor
691 1805 801 1839 quidam
815 1811 847 1831 ac
859 1809 951 1839 torpor
972 1805 1030 1831 ani-

247 1854 342 1881 mabus
355 1857 396 1880 est
411 1860 418 1878 :
434 1859 483 1879 nec
497 1851 686 1879 erubescimus
709 1850 879 1882 vulneribus,
895 1856 924 1877 ut
950 1852 1027 1877 auxi-

245 1900 279 1927 lia
292 1898 516 1932 curationemque
536 1897 717 1929 inveniamus.
744 1896 792 1924 sed
811 1902 839 1923 ut
857 1897 951 1924 oculos
966 1896 1028 1923 Sal-

245 1944 345 1972 vatoris
363 1943 542 1977 elfugiamus;
556 1941 628 1969 sicut
640 1941 726 1968 Adam
754 1947 784 1968 se
798 1940 951 1973 abscondit,
965 1947 1027 1974 pro-

246 1997 305 2028 pter
316 1991 415 2018 vulnus
430 1997 540 2017 manum
571 1988 668 2015 medici
697 1987 802 2022 fugiens
812 1988 933 2022 (propter
956 1987 1026 2021 quod

245 2039 315 2066 enim
329 2045 449 2072 quaerere
461 2036 588 2068 debebat,
603 2042 638 2062 ne
654 2039 794 2069 peccatum
813 2033 846 2060 de
859 2033 918 2068 ipso
932 2032 1027 2060 trium-

246 2084 361 2117 pharet),
379 2088 491 2107 uxorem
510 2084 601 2106 autent
626 2078 768 2112 objicieus,
793 2082 824 2105 ut
849 2082 980 2112 quantum
999 2077 1026 2104 in

244 2135 303 2163 ipso
320 2132 388 2159 erat,
404 2126 546 2153 mollitiem
563 2125 646 2152 animi
663 2125 703 2152 sui
730 2129 832 2159 tegeret
857 2131 889 2151 ac
913 2124 1025 2151 velaret.

243 2173 275 2201 Et
289 2174 361 2201 sicut
379 2177 439 2206 post
451 2172 526 2199 illum
540 2171 607 2198 Cain
635 2178 760 2205 quaarens
784 2171 867 2197 latere
889 2170 1027 2204 quomodo

242 2227 272 2247 se
287 2227 367 2253 posse
380 2219 463 2246 latere
476 2218 590 2253 putabat
600 2225 661 2245 eum
676 2218 755 2251 cujus
764 2217 850 2244 oculis
863 2220 954 2251 patent
967 2223 1027 2243 om-

1084 943 1158 977 γώδη
1176 943 1237 969 τινὰ
1267 943 1391 978 νομίζειν
1423 944 1473 977 τὴν
1497 943 1537 969 είς
1557 943 1659 969 ἐκεῖνον
1676 943 1744 975 ὁδὸν,
1770 944 1817 969 καὶ
1835 943 1875 973 ὠς

1082 990 1199 1024 ὀργίλως
1223 990 1291 1022 πρὸς
1309 990 1384 1024 ἡμᾶς
1404 991 1451 1016 καὶ
1461 990 1600 1024 δυσχερῶς
1614 989 1670 1024 ἔχει
1685 991 1731 1015 καὶ
1748 990 1874 1024 μεγάλης

1083 1034 1123 1061 δεῖ
1141 1035 1198 1065 τοῖς
1210 1035 1373 1068 προσελθεῖν
1390 1035 1565 1069 βουλομένοις
1579 1035 1758 1070 Παραηευῆς
1769 1044 1777 1050 ·
1799 1036 1816 1069 ἠ
1844 1036 1873 1062 δὲ

1082 1080 1129 1106 τοῦ
1145 1080 1212 1106 Θεοῦ
1228 1080 1420 1115 φιλανθρωπία
1432 1081 1481 1114 τῆς
1492 1080 1580 1115 ψυχῆς
1597 1081 1756 1107 παντάπασι
1774 1081 1872 1107 τοῦτον

1082 1126 1208 1153 ἐκϐάλλει
1226 1126 1272 1152 τὸν
1291 1126 1432 1161 λογισμόν.
1447 1126 1492 1160 Τῷ
1509 1127 1565 1161 γὰρ
1581 1127 1663 1153 εἰδότι
1678 1127 1781 1160 σαφῶς,
1795 1127 1873 1158 ὃτως

1083 1173 1253 1207 ἡμερότητος
1269 1173 1335 1208 ἔχει,
1351 1173 1399 1199 καὶ
1412 1173 1449 1204 ὤς
1463 1173 1504 1199 ἔτι
1534 1183 1543 1198 ι
1563 1172 1708 1204 λαλοῦντος
1720 1174 1789 1207 ἐρεῖ,
1801 1174 1872 1201 Ἰδοῦ

1082 1218 1210 1253 πάρειμι,
1225 1228 1234 1244 ι
1249 1219 1277 1245 τί
1291 1219 1389 1251 γένοιτ’
1409 1220 1442 1245 ἂν
1458 1219 1574 1253 κώλυμα
1594 1220 1659 1254 περὶ
1672 1220 1726 1246 τῶν
1742 1221 1872 1254 ἡμαρτη-

1084 1265 1173 1298 μένων
1187 1265 1268 1296 εὐθῦς
1279 1265 1354 1300 αὐτῷ
1367 1265 1544 1300 προσελθεῖνς
1559 1266 1645 1293 Τοῦτο
1653 1266 1707 1301 γὰρ
1719 1266 1872 1301 μηχάνημα

1083 1309 1143 1335 καθ’
1159 1310 1237 1344 ἡμῶν
1253 1311 1300 1336 καὶ
1316 1310 1398 1345 τέχνη
1412 1311 1459 1337 τοῦ
1472 1311 1564 1338 κοινοῦ
1579 1311 1720 1346 πολεμίου,
1735 1314 1804 1348 πρὸς
1819 1314 1871 1348 μὲν

1081 1353 1130 1389 τὴν
1151 1355 1290 1389 ἁμαρτίαν
1307 1356 1408 1389 ἄγοντα
1423 1356 1576 1390 θρασύτητι
1591 1358 1640 1383 καὶ
1661 1358 1748 1394 τόλμῃ
1772 1360 1870 1391 κινεῖν,

1081 1400 1232 1434 τολμήσασι
1248 1401 1276 1428 δὲ
1292 1402 1325 1427 τὰ
1350 1402 1493 1428 δεινότατα
1519 1403 1566 1429 καὶ
1593 1403 1723 1429 πεσοῦσιν
1736 1404 1871 1438 αίῖχύνην

1082 1446 1128 1472 καὶ
1144 1446 1202 1477 δέος
1213 1446 1313 1473 ἄτοπον
1328 1447 1470 1477 ἐντιθέναι,
1481 1447 1518 1479 ὡς
1529 1447 1562 1474 ἂν
1575 1447 1614 1482 τῷ
1630 1448 1680 1483 μὲν
1689 1451 1869 1483 παρασκευά-

1083 1499 1116 1526 σῃ
1130 1493 1233 1524 πεσεῖν,
1250 1491 1288 1526 τῷ
1312 1492 1334 1518 δ’
1349 1493 1498 1527 ἀναστῆναι
1519 1492 1555 1527 μὴ
1578 1494 1752 1528 συγχωρήσῃ,
1769 1494 1871 1528 μᾶλλον

1081 1537 1109 1563 δὲ
1124 1537 1161 1572 τῷ
1179 1538 1229 1572 μὲν
1242 1538 1374 1574 ἀπαγάγῃ
1391 1538 1471 1571 Θεοῦ,
1485 1538 1524 1572 τῷ
1537 1539 1564 1565 δὲ
1577 1539 1645 1573 πρὸς
1661 1539 1741 1566 αὑτὸν
1753 1540 1872 1566 ἐπανελ-

1043 1578 1065 1606 c
1083 1583 1138 1610 θεῖν
1157 1585 1207 1610 οὐκ
1228 1585 1306 1621 ἐάσῃ,
1331 1585 1378 1611 καὶ
1405 1584 1477 1612 οὓτω
1491 1586 1535 1612 διὰ
1556 1586 1610 1612 τῶν
1626 1586 1755 1613 ἐναντίων
1771 1586 1814 1618 ἐφ’
1839 1586 1870 1612 ἓν

1082 1630 1184 1666 ἐλκύσῃ
1200 1631 1348 1666 βάραθρον.

1119 1676 1213 1703 Ταῦτα
1243 1677 1271 1703 δὲ
1300 1676 1374 1712 πάσῃ
1406 1677 1507 1712 σπουδῇ
1533 1676 1716 1710 φυλάττεσθαι
1743 1677 1793 1710 δεῖ,
1819 1678 1870 1704 καὶ

1081 1723 1194 1756 φεύγειν
1221 1722 1325 1756 ὁμοίως
1356 1723 1406 1757 τήν
1430 1732 1460 1750 τε
1489 1723 1542 1758 πρὸ
1571 1725 1620 1758 τῆς
1642 1723 1780 1756 ἁμαρτίας
1805 1724 1870 1750 τόλ-

1082 1777 1136 1802 μαν
1163 1768 1211 1794 καὶ
1238 1768 1288 1803 τὴν
1315 1770 1385 1802 μετὰ
1413 1769 1515 1804 ταύτην
1544 1770 1676 1805 αἰσχύνην
1701 1770 1748 1796 καὶ
1773 1771 1868 1803 φόϐον.

1080 1810 1118 1841 ὧν
1150 1813 1226 1840 οὐδὲν
1257 1813 1364 1848 ὄφελος.
1396 1815 1432 1841 Οὐ
1463 1816 1516 1849 γὰρ
1543 1814 1576 1850 δὴ
1607 1815 1719 1850 κέντρον
1752 1812 1828 1846 οὗτος
1853 1816 1870 1841 ό

1082 1859 1175 1894 φόϐος,
1190 1859 1259 1886 ἀλλὰ
1274 1859 1362 1895 νάρκη
1378 1860 1420 1892 τίς
1433 1862 1490 1887 ἐστι
1504 1861 1564 1890 ταῖς
1576 1860 1686 1895 ψυχαῖς,
1702 1861 1756 1887 οὐδ’
1771 1862 1867 1895 αἰσχυ-

1080 1904 1184 1939 νόμεθα
1200 1905 1256 1935 τοῖς
1268 1905 1436 1939 τραύμασιν,
1448 1905 1481 1931 ῐν*
1492 1904 1648 1940 ἐξεύρωμεν
1659 1902 1680 1939 ᾧ
1697 1906 1868 1940 θεραπεύσε-

1080 1959 1140 1984 μεν,
1158 1951 1216 1979 ἀλλ’
1247 1951 1291 1977 ἶνα
1304 1951 1368 1982 τοὺς
1383 1951 1430 1978 τοῦ
1447 1951 1574 1987 Σωτῆρος
1602 1951 1734 1986 φύγωμεν
1760 1952 1866 1985 ὀφθαλ-

1080 1997 1158 2031 μοὺς,
1175 1996 1302 2032 καθάπερ
1316 1996 1403 2032 ’Λδὰμ
1413 1996 1530 2032 ἐκρύϐη,
1541 1997 1585 2024 διὰ
1594 1998 1623 2023 τὸ
1635 1998 1746 2032 τραῦμα
1756 1998 1805 2033 τὴν
1815 1999 1865 2024 τοῦ

1081 2042 1173 2077 ίατροῦ
1196 2044 1275 2078 χεῖρα
1302 2043 1423 2076 φεύγων,
1447 2043 1517 2077 ὑπὲρ
1530 2041 1560 2070 οὗ
1577 2043 1669 2079 ζητεῖν
1690 2043 1756 2076 ἔδει,
1770 2043 1810 2078 τῷ
1825 2043 1864 2078 μὴ

1079 2087 1140 2114 κατ’
1156 2087 1237 2118 αὐτὸς
1250 2087 1332 2114 αὐτοῦ
1350 2088 1534 2122 θριαμϐεῦσαι
1548 2088 1598 2124 τὴν
1622 2089 1772 2124 ἁμαρτίαν,
1795 2089 1864 2115 ἀλλὰ

1077 2133 1128 2168 τὴν
1137 2134 1255 2167 γυναῖκα
1267 2133 1464 2168 προϊσχόμενος
1477 2133 1526 2168 τὴν
1538 2135 1586 2169 τῆς
1599 2134 1711 2168 γνώμης
1719 2135 1863 2162 ἀσθένειαν

1080 2178 1251 2213 συγκαλύψαι
1266 2179 1295 2205 τό
1311 2179 1336 2213 γ’
1354 2179 1398 2205 ἐπ’
1414 2179 1505 2214 αὐτῷ·
1523 2180 1570 2206 καὶ
1598 2180 1667 2207 Κάῖν
1683 2179 1743 2214 μετ’
1757 2181 1863 2206 ἐκεῖνον

1078 2224 1218 2251 λανθάνειν
1226 2224 1326 2259 ζητῶν,
1336 2221 1375 2256 οἷς
1385 2224 1460 2260 ᾠηθῇ
1474 2225 1622 2260 δυνηθῆναι
1630 2225 1732 2257 λαθεῖν,
1740 2222 1762 2259 ᾧ
1775 2227 1863 2252 πάντα

243 2265 298 2291 uia.
315 2264 451 2290 Conducit
479 2263 551 2289 enim
577 2266 602 2290 et
630 2261 735 2294 timere,
753 2265 779 2288 et
802 2261 972 2290 erubescere,
1000 2264 1027 2287 et

1083 2270 1136 2305 πρὸ
1150 2270 1205 2297 τῶν
1217 2258 1376 2305 ὀφθαλμῶν.
1392 2258 1472 2296 ιΙὲξστι
1485 2258 1541 2305 γὰρ
1555 2258 1702 2301 λυσιτελῶς
1713 2279 1757 2297 καί
1772 2271 1862 2297 δεῖσαι

243 2309 378 2337 macerari
410 2308 510 2340 animo,
538 2313 566 2335 et
598 2313 698 2342 corpus
713 2307 882 2338 submittere,
895 2314 956 2334 cum
967 2306 1025 2334 haec

242 2355 275 2383 ad
291 2354 375 2383 Deum
392 2361 441 2382 nos
456 2353 583 2389 expedire
598 2353 744 2388 potuerint.
763 2362 772 2378 ι
788 2353 810 2379 Α
823 2352 956 2379 fructibus
979 2359 1026 2379 eo-

243 2408 315 2432 rum.
325 2400 424 2434 inquit,
430 2398 603 2434 cognoscetis
609 2406 657 2426 eos
665 2399 689 2414 ⁸⁰
707 2407 719 2424 ›
728 2398 894 2433 thuottiam
905 2405 959 2424 non
967 2405 1024 2424 mo-

241 2447 276 2474 do
288 2439 375 2481 pudor
395 2453 426 2472 ac.
440 2446 532 2478 timor,
548 2445 593 2472 sed
607 2446 697 2479 gravis
714 2445 778 2471 item
802 2443 912 2471 tristitia
928 2450 1025 2477 pecca-

242 2499 300 2520 tum
314 2491 425 2526 excipit,
441 2491 523 2518 etiam
548 2490 606 2517 haec
627 2489 672 2517 Dei
699 2490 895 2517 humanitatem
923 2489 1024 2523 optime

239 2536 468 2572 cognoscentibus
481 2535 548 2571 nihil
563 2535 695 2563 nocuerit.
712 2535 778 2562 Nam
794 2534 845 2562 etsi
856 2534 1022 2562 scelestissi-

239 2590 347 2615 morum
373 2582 526 2611 facinorum
547 2580 599 2608 sibi
628 2580 681 2608 sint
706 2581 820 2611 conscii.
839 2588 892 2607 non
920 2581 1022 2608 idcirco

238 2637 313 2662 spem
340 2628 426 2655 venize
451 2626 608 2662 proﬁcient,
626 2626 744 2653 scientes
761 2625 826 2652 nihil
856 2625 925 2653 adeo
953 2626 1022 2653 iudi-

195 2666 198 2669 ⁴
237 2681 320 2709 gnum
335 2680 396 2701 esse
411 2672 498 2703 venia,
518 2677 547 2698 ut
559 2671 605 2698 Dei
621 2671 791 2698 clementiam
811 2671 910 2698 vincat.
926 2671 1023 2698 Tristi-

238 2720 274 2746 tia
287 2723 376 2746 autem
394 2717 545 2745 alliciantur
561 2716 685 2748 salutari,
699 2723 725 2744 et
750 2717 894 2748 eurahunt,
919 2720 948 2743 ut
961 2724 1018 2744 cum

236 2765 419 2800 ampliﬁcent;
443 2763 515 2790 illaut
542 2763 655 2790 alteram
672 2764 757 2794 bonas
778 2770 839 2797 spes
854 2762 1021 2789 labefactan-

235 2815 287 2837 tem
302 2810 446 2846 fugahunt.

1076 2314 1124 2341 καὶ
1137 2315 1316 2350 αἰσχυνθῆναι
1329 2315 1376 2342 καὶ
1388 2314 1478 2350 ψυχὴν
1491 2315 1571 2350 τῆξαι
1583 2316 1631 2342 καὶ
1642 2316 1722 2351 σῶμα
1734 2325 1863 2350 κατενεγ-

1076 2358 1145 2389 κεῖν,
1158 2357 1222 2384 δταν
1230 2358 1299 2393 πρὸς
1309 2358 1355 2385 τὸν
1363 2358 1431 2385 Θεὸν
1438 2359 1523 2386 ταῦτα
1533 2360 1644 2394 δύνηται
1656 2360 1760 2395 φέρειν.
1774 2371 1783 2386 ι
1795 2361 1863 2387 Ἀπὸ

1075 2401 1130 2436 γὰρ
1145 2401 1198 2428 τῶν
1214 2402 1327 2436 καρπῶν
1353 2402 1453 2434 αὐτῶν,
1484 2403 1578 2437 φησὶνς
1605 2404 1791 2438 ἐπιγνώσεσθε
1810 2406 1863 2431 αὖ.

1075 2447 1155 2478 τούς·
1177 2456 1187 2473 ι
1203 2447 1266 2474 ἐπεὶ
1286 2447 1309 2474 δ’
1332 2448 1381 2483 οὺχ
1400 2448 1465 2475 ὅσον
1491 2449 1607 2485 αἰσχύνη
1625 2449 1673 2476 καὶ
1696 2449 1766 2482 δέος,
1793 2450 1861 2476 ἀλλὰ

1077 2492 1175 2527 βαρεῖά
1188 2500 1229 2524 τις
1240 2493 1302 2520 ἁνία
1315 2493 1365 2528 τὴν
1380 2494 1518 2529 ἁμαρτίαν
1532 2495 1686 2530 ἐκδέχεται,
1700 2496 1746 2522 καὶ
1759 2496 1861 2530 ταύτης

1075 2537 1187 2572 οὐδεμία
1199 2538 1295 2571 γένοιτ’
1310 2538 1344 2565 ἂν
1359 2539 1446 2574 βλάϐη
1457 2541 1514 2571 τοῖς
1525 2541 1652 2575 ἀκριϐῶς
1667 2541 1716 2576 τὴν
1731 2541 1778 2567 τοῦ
1791 2541 1860 2567 Θεοῦ

1076 2583 1284 2618 φιλανθρωπίαν
1295 2585 1500 2620 ἐπισταμένοις.
1511 2587 1571 2613 Κᾶν
1584 2587 1638 2622 γὰρ
1650 2587 1683 2614 τὰ
1694 2589 1796 2622 ἔσχατα
1807 2589 1860 2615 τῶν

1075 2629 1168 2655 κακῶν
1177 2631 1270 2662 αὐτοῖς
1283 2631 1453 2665 συνειδῶσιν,
1469 2633 1520 2660 οὑκ
1532 2633 1565 2660 ἂν
1578 2634 1706 2668 πρόοιντο
1723 2635 1772 2666 τὰς
1783 2635 1857 2660 ἐλπί-

1075 2674 1122 2705 δας
1133 2683 1140 2691 ⁸
1153 2675 1272 2703 εἴσονται
1289 2676 1318 2703 δὲ
1336 2677 1422 2712 μηδὲν
1437 2678 1509 2705 οὕτω
1534 2680 1628 2713 μεῖζον
1640 2677 1710 2705 εἶναι
1736 2679 1860 2712 συγγνώ-

1077 2729 1140 2754 μης.
1171 2721 1241 2749 ὥστε
1268 2724 1318 2757 τῆς
1345 2723 1392 2751 τοῦ
1407 2724 1475 2751 Θεοῦ
1498 2724 1636 2760 κρατῆσαι
1661 2726 1857 2761 χρηστότητυς,

1075 2766 1163 2801 λύπην
1177 2768 1205 2794 δὲ
1231 2771 1280 2802 τὴν
1297 2770 1346 2804 μὲν
1364 2770 1469 2797 οἷσουσι
1497 2772 1546 2805 τὴν
1564 2773 1697 2806 σωτήριον
1714 2773 1760 2798 καὶ
1777 2772 1860 2806 ζητή-

1076 2819 1177 2844 σουσιν,
1195 2810 1236 2844 οἷς
1253 2815 1338 2848 μείζω
1365 2817 1523 2851 ποιήσουσι,
1547 2817 1596 2852 τὴν
1622 2817 1716 2851 ἑτέραν
1729 2817 1758 2843 δὲ
1773 2818 1858 2844 ἐκϐα-

1074 2857 1147 2884 λοῦσι
1161 2860 1222 2890 ταῖς
1238 2859 1351 2893 ἀγαθαῖς
1365 2862 1456 2888 ἐλπίσι
1474 2863 1686 2898 λυμαινομένην.

269 2912 293 2929 δ’
309 2912 390 2944 Hebr.
411 2922 441 2947 tt,
461 2914 491 2943 9.
528 2915 550 2930 δ’
574 2914 626 2942 Isa.
649 2920 723 2946 LVIII,
739 2913 766 2941 9.
804 2913 826 2930 "
847 2911 945 2940 Matth;
962 2920 1009 2945 vn,
1028 2913 1071 2942 lli.
