1967 3071
108 141 162 173 653

632 144 680 176 DE
702 143 787 176 VlTA
808 143 846 177 IN
868 145 1035 178 (IlIRISTO
1055 146 1126 178 LIB.
1156 145 1204 179 VI-

1658 139 1659 142 “
1674 147 1727 182 ιιι

141 198 196 225 Tui
222 199 270 233 μὲν
296 197 343 227 οὖν
360 200 451 235 διττὴν
469 198 539 228 εἶναι
555 202 604 236 τὴν
624 203 670 229 ἐπὶ
691 203 748 234 τοῖς
766 204 888 238 ἁμαρτὴ-

978 204 1119 231 Geminam
1133 206 1223 239 itaque
1241 212 1323 238 super
1336 209 1448 239 peccato
1467 209 1624 240 perpetrato
1641 208 1729 234 tristi-

108 254 176 281 μασι
192 246 293 280 λύπην,
320 247 366 272 καὶ
381 246 430 280 τὴν
459 248 508 281 μὲν
535 249 713 284 ἐπανορθοῦν,
732 249 780 283 τὴν
795 249 821 275 δὲ
837 250 893 280 τοῖς

105 291 281 326 ἀνεχομένοις
295 291 406 327 ὗλεθρον
421 292 506 327 ἔχειν,
530 293 669 329 μάρτυρες
687 296 783 329 σαφεῖς
797 295 894 321 ἐκειτέ-

107 345 173 372 ριυν,
184 336 231 363 τοῦ
248 336 298 371 μὲν
313 338 416 372 Πέτρος
430 339 444 364 6
461 339 736 375 μακάριος,ιθατέρου
752 340 781 366 δὲ
792 339 892 371 Ἰούδας

105 385 117 408 ὁ
135 383 250 416 μιαρός·
266 379 303 410 ὦν
317 384 357 416 τῷ
373 384 422 417 μὲν
443 384 559 410 διέσωσε
585 385 634 420 τὴν
648 385 763 420 γνώμην
787 387 804 420 ἡ
819 386 892 420 λύπη

105 429 154 454 καὶ
187 428 226 463 τῷ
249 429 361 464 Χριστῷ
381 431 508 464 συνέστη.
538 430 661 462 κλαύσας
688 431 796 466 πικρῶς
816 432 892 458 οὐδὲν

103 472 186 510 ἦττον
197 475 212 508 ἢ
227 474 292 509 πρὶν
300 475 340 505 είς
353 475 435 502 αὑτὸν
446 475 622 511 ἐξαμαρτεῖν.
633 477 679 503 τὸν
688 477 715 504 δὲ
730 477 777 504 ἐπὶ
793 477 892 512 βρόχον

104 521 193 556 ἤγαγε
207 522 251 546 τὸν
273 520 387 548 Ἰούδαν.
404 520 459 547 Kal.
470 521 575 554 ἀπῆλθε
596 521 685 557 δεσμὰ
702 522 792 557 φέρων
805 523 834 549 ὲν
854 522 892 557 τῷ

103 566 195 601 καιρῷ
208 568 258 602 τῆς
269 566 362 600 κοινῆς
374 566 543 601 ἐλευθερίας,
559 567 604 593 ὅτε
619 567 650 594 τὸ
665 567 816 602 καθάρσιον
841 569 890 594 τοῦ

105 613 210 646 κόσμου
239 611 340 643 παντὸς
371 612 471 647 ἐχεῖτο,
493 612 542 647 τὴν
569 611 668 639 ἑαυτοῦ
681 613 817 648 κάθαρσιν
831 613 891 645 ἐνὸς

102 658 201 693 ἀνδρὸς
226 657 372 691 ἀπογνούς.
395 657 442 689 Ὠς
458 658 491 684 ἂν
516 658 544 685 δὲ
569 657 714 694 πόρρωθεν
728 658 828 690 εἰδότες
841 659 890 694 τὴν

104 704 154 738 μὲν
169 703 363 738 εἰσδεχώμεθα,
375 704 424 739 τὴν
439 703 467 730 δὲ
480 704 637 738 φεύγωμεν,
651 705 706 731 τῶν
718 705 814 731 παθῶν
826 705 891 732 ἔκαε

102 751 184 784 τέρου
203 750 362 784 προσθεῖναι
373 750 414 776 δεῖ
427 751 475 785 τὴν
490 750 636 785 διαφορὰν,
647 751 694 777 καὶ
705 747 727 784 ᾧ
741 752 772 777 τὺ
789 751 840 786 μὲν
858 750 889 777 εὖ

103 797 190 822 ποιεῖν
205 797 278 831 ἡμᾶς
291 796 357 830 ἔχει,
374 796 404 822 τὺ
426 796 455 822 δὲ
471 796 574 825 κακῶς.
608 796 684 823 Ἐπεὶ
699 797 753 832 γὰρ
763 797 889 832 ἁμαρτά-

102 850 194 872 νοντες
207 841 246 876 τῷ
259 849 288 867 τε
297 840 356 876 Θεῷ
368 842 415 867 καὶ
431 842 496 876 ἡμῖν
509 841 602 873 αὐτοῖς
610 842 743 877 γινόμεθα
760 843 887 877 πονηροὶ,

946 250 1010 277 tiam
1026 254 1052 277 et
1063 250 1185 278 dolerem
1198 257 1269 283 esse,
1293 255 1320 278 et
1334 251 1448 278 alteram
1462 251 1495 278 ad
1510 252 1728 279 emendationem

944 296 1092 331 pertinere,
1110 296 1224 323 alteram
1238 304 1269 323 ea
1283 296 1388 324 affectis
1403 297 1518 324 exitium
1535 305 1630 332 parere
1647 303 1730 326 testes

943 342 1075 370 luculenti
1089 347 1172 374 sunt;
1190 342 1290 376 prioris
1308 342 1438 370 nimirum
1457 343 1487 370 Β.
1512 343 1621 375 Petrus.
1638 349 1728 377 poste-

944 388 1026 415 rioris
1040 388 1175 416 nefandus
1185 387 1280 420 Iudas,
1295 396 1413 423 quorum
1428 389 1466 416 illi
1488 389 1586 417 bonam
1601 391 1729 417 volunta-

944 439 996 462 tem
1020 435 1178 462 moestitudo
1190 435 1319 468 servavit,
1334 435 1499 470 Christoque
1519 443 1620 463 amarae
1644 437 1730 472 lacry-

943 488 994 508 nne
1016 488 1093 516 :cque
1117 481 1336 508 commendatum
1353 485 1379 508 et
1398 482 1511 508 charum
1539 482 1727 514 reddiderunt,

942 532 1023 561 atque
1037 531 1099 554 ante
1123 527 1296 561 negationem
1316 527 1424 560 fuerat;
1448 527 1522 555 hunc
1547 528 1579 555 ad
1600 528 1728 563 laqueum

941 573 1042 606 adegit,
1064 578 1091 600 et
1117 573 1183 601 abiit
1199 573 1306 600 vincula
1322 577 1444 608 portans,
1464 575 1575 608 quando
1600 574 1729 601 omnibus

942 617 1052 646 libertas
1063 620 1270 649 conciliabatur.
1283 627 1332 646 sua
1346 621 1428 647 unius
1439 620 1558 648 hominis
1573 620 1729 655 expiatione

942 666 1095 699 desperata,
1109 666 1218 701 quando
1235 667 1306 700 quod
1319 666 1452 693 mundum
1466 666 1625 693 universum
1637 666 1728 701 expia-

941 715 993 743 ret,
1009 711 1207 738 eﬂ'nudebatur.
1235 711 1369 738 Caeterum
1390 715 1419 738 ut
1446 711 1534 738 multo
1565 716 1627 738 ante
1651 712 1727 746 gnari

942 757 1015 784 illam
1032 756 1220 787 admittamus,
1239 757 1309 784 hanc
1322 756 1471 792 fugiamus,
1486 757 1631 791 utriusque
1665 765 1728 790 pcr-

942 803 1106 836 turbatitwis
1137 802 1285 829 discrimen
1301 802 1506 830 consideremus
1521 810 1529 829 :
1557 802 1640 829 altera
1653 803 1726 829 enim

942 848 994 875 hoc
1010 847 1101 880 habet,
1117 853 1146 875 ut
1173 847 1252 875 nobis
1276 848 1356 878 bene.
1379 847 1476 880 altera,
1500 852 1530 874 ut
1544 848 1614 874 male
1634 847 1728 876 faciat.

102 889 132 914 τὸ
148 888 198 921 μὲν
225 886 295 922 ὑπὲρ
327 887 376 921 τῆς
391 887 431 918 εἰς
456 887 503 913 τὸν
522 887 662 921 Δεσπότην
690 888 887 923 ἀγνωμοσύνης

941 893 1074 926 Quoniam
1089 893 1162 921 enim
1177 894 1285 928 quoties
1304 900 1461 927 peccamus.
1479 898 1505 920 ct
1520 893 1585 925 Deo,
1605 898 1631 920 et
1646 894 1726 921 nobis

101 932 196 966 ἀλγεῖν
210 931 271 959 οὔτε
291 931 388 967 βλάεος
401 932 478 959 οὐδὲν
492 932 573 962 οἴσει.
593 932 641 959 καὶ
656 932 775 967 μάλιστα
787 931 887 966 γένοιτ’

100 979 135 1007 ἂν
149 980 215 1015 ἡμῖν
227 981 256 1006 ὲν
273 978 374 1014 καιρῷ,
392 979 421 1005 τό
433 987 465 1012 γε
480 980 536 1014 μὴν
545 980 611 1014 περὶ
621 980 703 1014 ἡμῶν
720 980 811 1007 αὐτῶν
821 979 887 1006 θαυ-

102 1027 209 1061 μαστάς
223 1034 300 1056 τινας
309 1021 416 1060 ψήφους
432 1024 628 1060 ὑποθεμένους,
644 1025 731 1053 ἔπειτ’
745 1026 887 1061 ἐξεληλεγ-

101 1074 186 1108 μένας
203 1073 332 1108 δρῶντες,
352 1071 386 1098 δι’
411 1068 448 1099 ὦν
465 1071 521 1098 τῶν
545 1071 660 1098 δεόντων
676 1073 888 1108 ἡμαρτήκαμεν,

99 1119 228 1146 ἀνιᾶσθαι
246 1119 292 1145 καὶ
308 1117 460 1146 κόπτεσθαι
488 1118 536 1151 καὶ
552 1119 646 1154 πικρῷ
669 1127 724 1145 τινι
742 1119 889 1154 μεταμέλῳ

99 1165 149 1199 τὴν
166 1163 282 1199 καρδίαν
298 1163 414 1196 πιέζειν,
434 1164 472 1195 ὡς
485 1165 536 1191 οὐκ
551 1163 582 1190 ὂν
607 1164 704 1199 βιωτὸν
718 1164 888 1198 τηλικούτοις

100 1211 195 1244 κακοῖς
211 1210 325 1237 τοιοῖσδε
349 1210 545 1245 περιπεσοῦσι.
572 1210 683 1245 Ταύτην
696 1210 725 1236 δὲ
738 1210 787 1246 τὴν
798 1210 888 1243 λύπην

98 1256 305 1290 ἀποτρέπεσθαι
318 1256 358 1282 δεῖ
374 1256 491 1283 θανάτου
521 1256 630 1290 μητέρα
649 1256 778 1291 φανερῶς
803 1254 888 1283 οὖσαν

99 1303 190 1330 καὶτὸ
205 1303 305 1330 πολλοῦ
320 1310 392 1334 τινος
408 1302 481 1336 ἡμᾶς
497 1301 596 1333 αὐτοὺς
611 1301 776 1336 ἀξιοῦν,τὴν
788 1301 888 1336 ἑτέραν

97 1350 126 1376 δὲ
138 1350 169 1376 τὸ
186 1349 252 1384 περὶ
264 1348 310 1375 τὸν
330 1349 469 1381 Δεσπότην
485 1347 589 1382 ἐγείρει
606 1347 718 1382 φίλτρον
732 1347 780 1374 καὶ
794 1347 825 1373 τὸ
839 1355 888 1373 σα-

98 1395 159 1429 φῶς
177 1395 276 1421 εἰδέναι
288 1394 333 1420 τὸν
348 1393 508 1428 εὐεργέτην,
530 1393 577 1419 καὶ
601 1389 639 1420 ὦν
655 1392 804 1426 ὀφείλεται,
821 1392 889 1418 πάν-

98 1450 147 1472 τες
176 1441 251 1475 αὐτῷ
286 1439 474 1471 καταστάντες
497 1438 554 1466 οὔτ’
575 1438 739 1473 εἰσφέρομεν
751 1437 827 1465 οὐδὲν
841 1439 888 1465 καὶ

98 1486 170 1521 πρός
186 1493 217 1519 γε
234 1485 329 1514 κακοῖς
347 1483 533 1519 ἀμειϐόμεθα.
563 1483 697 1518 Καθάπερ
712 1483 803 1510 τοίνυν
818 1483 886 1510 ἀλα.

97 1532 191 1564 (ovet:
207 1531 338 1566 πονηρὸν,
352 1529 425 1557 οὕτω
440 1530 488 1556 καὶ
498 1529 528 1558 τὸ
541 1530 585 1557 διὰ
598 1529 702 1564 ταύτην
715 1531 774 1558 ταῖς
786 1529 886 1565 ψυχαῖς

96 1578 243 1612 γινόμενον
273 1578 355 1611 ἄλγος
380 1577 427 1604 καὶ
445 1575 551 1612 αὖθιςῆ
570 1585 600 1603 τε
617 1576 682 1611 περὶ
703 1575 749 1602 τὸν
771 1576 888 1611 Χριστὸν

96 1624 194 1658 ἀγάπη
210 1623 265 1649 τῶν
280 1623 402 1658 ἐσχάτως
416 1623 630 1657 ἐπαινουμένων,
643 1621 691 1649 τοῦ
705 1630 734 1648 τε
749 1622 805 1653 τοῖς
815 1622 888 1648 ἐκεῖ·

96 1670 147 1696 θεν
165 1670 254 1704 βέλεσι
268 1669 464 1703 κεντουμένους
472 1669 617 1696 ὀδυνᾶσθαι
632 1669 679 1695 καὶ
695 1668 826 1703 τήκεσθαι
839 1668 888 1703 τὴν

95 1715 197 1750 ψυχὴν,
219 1714 428 1750 μακαριώτερον
439 1715 496 1745 τοῖς
513 1713 544 1740 εὖ
560 1713 706 1748 φρονοῢσιν
718 1713 804 1740 οὐδέν,

940 939 1007 974 ipsis
1021 947 1139 974 nequam
1152 947 1260 972 sumus,
1277 939 1312 967 de
1329 939 1434 967 oti‘ensa
1447 940 1474 966 in
1489 939 1633 966 Dominum
1649 939 1726 967 dolo-

941 992 997 1012 rem
1014 992 1121 1020 capcrc,
1139 992 1190 1012 nec
1205 985 1291 1012 ullum
1305 985 1497 1012 detrimentum
1512 985 1621 1018 afferet,
1637 990 1664 1013 et
1679 993 1727 1020 per

940 1038 1021 1065 quam
1035 1035 1218 1065 opportunum
1237 1029 1330 1057 fuerit.
1354 1029 1390 1057 De
1403 1030 1482 1058 nobis
1495 1037 1558 1057 vero
1573 1030 1641 1065 ipsis
1661 1037 1724 1058 cum

935 1076 1022 1103 'nitnis
1041 1076 1160 1111 gloriosa
1177 1074 1307 1111 sutl‘ragia
1323 1075 1480 1103 tulerimus.
1492 1075 1589 1103 deinde
1602 1083 1634 1104 ea
1650 1075 1726 1103 refu~

939 1125 995 1148 tata
1012 1120 1171 1152 viderimus,
1185 1121 1249 1155 quia
1264 1127 1324 1154 qua:
1333 1118 1375 1147 fas
1391 1128 1443 1147 non
1460 1124 1519 1148 crat
1532 1121 1675 1155 consequi,
1692 1119 1726 1147 iis

939 1165 1135 1198 exciderimus,
1153 1165 1215 1193 ideo
1225 1165 1394 1198 contristari,
1410 1170 1436 1194 et
1450 1166 1589 1201 plangi-re,
1603 1170 1630 1193 et
1648 1174 1726 1194 acer-

940 1210 973 1237 ba
993 1210 1163 1245 paenitudine
1179 1210 1206 1237 in
1223 1210 1350 1238 medullis
1362 1211 1491 1242 cruciari,
1507 1211 1586 1245 quasi
1601 1211 1657 1246 jam
1670 1211 1724 1238 vita

940 1257 1029 1284 vitalis
1045 1264 1101 1283 non
1118 1257 1165 1289 sit,
1185 1256 1315 1291 quoniam
1332 1257 1359 1284 in
1377 1257 1440 1284 talia
1451 1257 1522 1284 mala
1538 1257 1726 1288 inciderimus.

940 1304 1010 1330 hane
1025 1303 1175 1334 tristitiam,
1192 1307 1222 1330 ιιι
1238 1303 1334 1331 mortis
1347 1308 1462 1331 matrem
1477 1302 1550 1330 haud
1564 1303 1687 1336 dubiam,
1699 1309 1727 1330 et

939 1351 973 1377 ad
990 1349 1094 1378 inferos
1108 1350 1253 1377 ducentem
1278 1350 1398 1377 aversari
1411 1357 1443 1377 ac
1460 1350 1592 1385 repellere
1606 1355 1725 1384 oportet.

940 1395 1023 1423 Istam
1047 1395 1147 1430 quippe
1169 1394 1337 1429 arrogantia,
1351 1399 1377 1422 et
1394 1395 1466 1429 quod
1482 1400 1592 1423 nosmet
1619 1396 1726 1431 magnis

940 1441 1104 1476 quibusdam
1126 1441 1208 1468 rebus
1222 1441 1319 1476 dignos
1330 1441 1530 1474 existimamus,
1555 1442 1723 1476 superiorem

939 1495 1018 1514 amor
1036 1486 1184 1522 singularis
1199 1494 1264 1521 erga
1290 1485 1435 1513 Dominum
1450 1486 1562 1519 excitat,
1575 1491 1600 1514 et
1613 1486 1725 1514 evidens

939 1532 1070 1567 cognitio,
1093 1537 1194 1566 quanta
1220 1532 1301 1559 abeo
1319 1532 1450 1559 beneﬁcia
1476 1532 1674 1566 acceperimus,
1698 1538 1726 1560 et

942 1584 1024 1611 quam
1039 1576 1131 1604 multis
1149 1576 1305 1603 nominibus
1321 1583 1383 1603 cum
1413 1576 1451 1603 illi
1476 1577 1601 1604 obstricti
1626 1578 1724 1610 simus,

944 1629 996 1649 nec
1026 1629 1110 1648 unum
1129 1627 1218 1648 tamen
1245 1621 1443 1655 persolvamus,
1459 1622 1507 1649 sed
1521 1622 1634 1657 insuper
1647 1623 1726 1651 malis

940 1668 1011 1694 bona
1042 1675 1266 1702 compcnsemns.
1297 1667 1533 1699 Quemadmodum
1551 1668 1634 1703 igitur
1648 1675 1723 1696 οτι-ο-

939 1713 1031 1747 gantia
1050 1713 1152 1740 crimen
1168 1717 1220 1744 est,
1238 1713 1274 1739 ita
1288 1717 1315 1740 ct
1329 1713 1407 1740 dolor
1417 1713 1477 1747 ejus
1488 1721 1571 1740 causa
1586 1713 1620 1741 ab
1634 1713 1726 1741 anima

99 1769 261 1798 Susceptus,
276 1763 384 1790 crimini
399 1762 487 1790 allinis
504 1767 556 1790 est.
576 1761 609 1788 Et
627 1769 723 1789 rursus
753 1765 810 1788 tum
842 1762 964 1789 charitas
991 1769 1055 1796 erga
1089 1761 1228 1788 Christum
1255 1768 1361 1788 summe
1383 1762 1553 1795 prirdicanda
1585 1767 1642 1795 est;
1669 1767 1725 1791 tum

95 1811 269 1846 ejusjaculis
282 1810 495 1837 convulneratos
525 1809 627 1841 dolere,
659 1809 804 1841 macerari,
838 1814 865 1835 et
900 1808 1106 1843 colliquesccre,
1137 1808 1284 1842 prudentes
1314 1815 1428 1835 summae
1460 1808 1635 1837 beatitudinis
1665 1810 1726 1837 loco

95 1860 215 1888 ducunt.

134 1904 215 1930 Ἐπεὶ
231 1903 255 1930 δ’
268 1903 401 1938 ἐξῄρηται
418 1901 469 1936 μὲν
483 1900 533 1936 τῆς
547 1901 611 1937 περὶ
624 1901 672 1928 τὸν
685 1901 803 1936 Χριστὸν
816 1902 884 1935 ἀγά-

96 1958 156 1984 πης
171 1949 189 1984 ἡ
212 1947 332 1983 χαρίτων
361 1947 486 1981 γέμουσα
514 1946 598 1980 λύπη,
619 1946 713 1980 ἀγάπη
736 1946 764 1972 δὲ
779 1946 833 1973 τῶν
843 1947 885 1972 ὲν-

95 1996 191 2025 νοιῶν.
206 1995 234 2022 αἶ
246 1995 292 2020 τὸν
308 1993 424 2028 Χριστὸν
437 1993 531 2027 ἔχουσι
547 1994 594 2019 καὶ
608 1993 657 2023 τὴν
670 1993 774 2018 ἐκείνου
788 1992 884 2026 φιλαν-

97 2041 238 2078 θρωπίαν,
254 2039 358 2070 ταύτας
376 2038 410 2065 ἂν
426 2039 470 2072 εἴη
490 2037 629 2072 προῦργου
644 2039 676 2073 τῇ
693 2037 787 2073 μνήμῃ
818 2047 885 2064 κατ-

95 2090 173 2124 έχειν
200 2088 247 2113 καὶ
275 2086 403 2120 στρέφειν
416 2085 445 2111 ὲν
472 2086 504 2119 τῇ
524 2085 597 2120 ψυχῇ
613 2085 659 2110 καὶ
674 2085 724 2119 τῆς
742 2084 886 2119 διατριϐῆς

96 2135 219 2169 ταυτησὶ
235 2132 371 2168 μηδέποτε
386 2131 483 2166 σχολὴν
497 2131 588 2165 ἄγειν,
598 2131 655 2157 ἀλλ’
670 2131 797 2165 ἐπίτηδες
806 2130 885 2157 τοῦτο

96 2181 149 2215 μὲν
173 2180 216 2213 ἐφ’
236 2178 342 2205 ἑαυτῶν
365 2177 465 2209 αὐτοὺς
494 2177 574 2204 ταυτὶ
591 2177 706 2212 μελετᾷν
719 2177 766 2203 καὶ
780 2176 888 2210 λογίζε-

96 2227 174 2255 σθαι,
190 2224 270 2251 τοῦτο
291 2224 314 2250 δ’
329 2225 358 2250 ὲν
371 2225 432 2255 ταῖς
455 2223 611 2254 συνουσίαις
635 2222 762 2258 γλώσσης
778 2223 884 2258 τρυφὴν

974 1898 1108 1932 Quoniam
1138 1905 1202 1926 vero
1223 1897 1333 1925 tristitia
1360 1897 1459 1926 divina:
1486 1900 1581 1934 gratiae
1605 1901 1684 1935 plena
1708 1911 1723 1930 a

941 1945 1076 1972 charitate
1088 1944 1221 1979 procedit,
1249 1943 1370 1971 charitas
1387 1947 1478 1971 autem
1498 1944 1524 1972 in
1552 1946 1726 1980 cogitationi-

940 1991 991 2018 bus
1004 1990 1156 2023 Christum,
1170 1990 1298 2024 illiusque
1313 1989 1507 2025 benignitatem
1521 1991 1726 2026 complectenti-

939 2037 990 2064 bus
1013 2037 1102 2072 posita
1126 2041 1179 2069 est,
1193 2043 1283 2070 operte
1299 2036 1415 2071 pretium
1431 2035 1513 2064 fuerit
1527 2044 1575 2065 eas
1592 2040 1723 2067 memoria

938 2089 964 2111 et
977 2084 1070 2111 animo
1086 2090 1206 2116 Ver-sarc,
1220 2087 1246 2109 et
1263 2082 1297 2108 ab
1312 2081 1468 2117 huiusmodi
1487 2090 1570 2118 opera
1581 2091 1721 2120 nunquam

938 2129 1053 2162 t‘eriari;
1083 2129 1129 2156 sed
1151 2129 1185 2155 de
1216 2127 1349 2154 industria
1374 2132 1401 2154 et
1415 2135 1463 2163 per
1474 2128 1634 2163 semetipsos
1664 2130 1725 2158 haec

939 2175 1074 2207 mcditari,
1104 2181 1253 2208 secumque
1278 2178 1414 2207 reputare,
1437 2177 1465 2201 et
1491 2174 1518 2201 in
1544 2175 1724 2203 conventibus

939 2222 1075 2248 sermonis
1089 2219 1212 2252 delicias,
1243 2219 1499 2254 colloquiorumque
1523 2222 1664 2248 materiam
1684 2221 1725 2249 fa-

96 2273 148 2299 καὶ
161 2271 299 2304 συλλόγων
311 2269 379 2304 ὓλην
392 2269 529 2296 ποιεῖσθαι
544 2268 593 2295 καὶ
606 2268 678 2303 πρὸς
690 2276 722 2302 γε
737 2268 886 2303 πειρᾶσθαι

941 2274 1012 2297 cere,
1030 2273 1057 2293 et
1076 2266 1170 2293 conari
1194 2266 1306 2300 insuper
1321 2269 1350 2292 ut
1375 2265 1449 2292 nullo
1477 2267 1586 2301 negotio
1599 2267 1723 2296 distracti

99 2317 201 2353 μηδενὶ
211 2316 444 2350 διικοπτομένους
455 2315 557 2350 συνεχῆ
571 2314 673 2348 ταύτην
684 2313 886 2340 ἐπιδείκνυσθαι

96 2363 150 2398 τὴν
163 2362 292 2396 σπουδὴν,
301 2362 325 2388 εί
342 2362 393 2396 μὲν
405 2358 462 2387 οἶόν
472 2369 502 2386 τε
513 2360 558 2387 διὰ
570 2360 638 2396 βίου,
649 2361 674 2386 εἰ
686 2359 708 2385 δ’
721 2357 769 2386 οὖν
778 2359 885 2394 συχνὸν,

95 2408 137 2439 ὡς
155 2408 189 2434 av
214 2406 362 2441 ὲντακῆναι
388 2405 489 2441 δυνηθῇ
505 2405 551 2432 καὶ
577 2404 702 2441 κατάσχῃ
729 2405 887 2432 παντάπασι

95 2454 147 2489 τὴν
161 2453 286 2489 καρδίαν.
299 2452 367 2479 Οὔτε
380 2452 434 2486 γὰρ
451 2451 505 2486 πῦρ
518 2451 645 2486 δράσειεν
657 2451 690 2478 ἂν
699 2451 787 2481 οὐδὲν.
801 2448 840 2481 οἷς
854 2450 888 2477 ἂν

96 2499 222 2532 ἐπέλθοι,
239 2499 276 2534 μὴ
296 2498 417 2532 συνεχῶς
437 2497 583 2532 ἐμιλῆσαν,
608 2496 670 2523 οὔτε
687 2496 815 2531 λογισμὸς
829 2495 887 2522 δια-

95 2545 203 2571 λείπων
221 2544 288 2578 πρὸς
303 2543 392 2570 ὁτιοῦν
409 2542 495 2573 πάθος
511 2542 544 2568 ἂν
558 2541 678 2568 amomo
692 2542 742 2575 τὴν
758 2541 885 2575 καρδίαν,

98 2591 170 2617 ἀλλὰ
183 2590 224 2617 δεῖ
236 2590 331 2624 χρόνου
344 2588 441 2623 συχνοῦ
456 2596 528 2618 τινος
547 2587 655 2621 ἑφεξῆς.

137 2682 168 2706 οι
183 2680 232 2715 μὲν
247 2678 293 2705 οὖν
311 2679 363 2705 dno
378 2679 433 2704 τῶν
449 2679 478 2704 ἐν
495 2678 621 2712 αἰσθήσει
637 2677 728 2704 καλῶν
742 2677 789 2703 καὶ
800 2676 887 2712 ἡδέων

97 2729 151 2760 τὴν
168 2726 319 2757 ἐπιθυμίαν
335 2725 459 2756 καίοντες
472 2724 610 2760 λογισμοὶ,
631 2724 698 2750 διότι
713 2725 761 2755 τὰς
779 2724 828 2756 μὲν
844 2726 886 2749 αι.

98 2775 215 2807 οθήσεις
247 2773 375 2807 ἐνεργοὺς
399 2773 466 2807 ἡμῖν
482 2772 510 2804 ἐξ
538 2772 625 2805 ἀρχῆς
640 2768 711 2796 εἶναι
727 2769 888 2803 συμϐαίνει,

97 2819 164 2850 τοὺς
189 2818 218 2844 δὲ
232 2817 338 2843 ἐκεῖθεν
362 2817 512 2852 ὁρμᾶσθαι,
530 2817 675 2855 σύντροφοι
687 2817 732 2842 καὶ
746 2815 889 2850 ἡλικιῶται

99 2865 151 2892 καὶ
167 2864 308 2895 πείθοντες
328 2864 369 2891 ἆτ’
386 2865 418 2891 ἂν
434 2863 571 2892 Boii/mne
592 2862 702 2897 ῥᾳδίως,
721 2862 759 2896 τῷ
774 2870 803 2887 τε
817 2861 888 2895 ἡδεῖς

939 2319 971 2339 ac
983 2311 1100 2339 districti
1119 2310 1240 2338 studium
1254 2312 1324 2338 istuc
1339 2309 1460 2342 assiduo,
1474 2311 1563 2346 quoad
1584 2312 1637 2339 vita
1657 2321 1723 2348 sup-

938 2356 1110 2390 peditaverit,
1138 2355 1161 2382 si
1176 2355 1234 2382 ﬁeri
1259 2355 1357 2390 possit,
1377 2359 1541 2389 tracteums;
1557 2357 1599 2384 sin
1621 2358 1724 2391 minus,

939 2406 966 2428 at
979 2401 1060 2436 longo
1075 2405 1207 2435 tempore,
1220 2404 1249 2426 ut
1262 2401 1360 2427 animae
1375 2400 1507 2427 altissime
1521 2401 1724 2435 imprimantur,

937 2452 965 2475 et
996 2454 1043 2474 cor
1060 2446 1169 2481 penitus
1198 2445 1366 2480 possideant.
1396 2444 1487 2480 Neque
1504 2448 1577 2474 enim
1596 2448 1667 2481 ignis
1695 2449 1721 2476 in

937 2499 998 2527 qua;
1014 2491 1137 2518 inciderit
1154 2491 1181 2517 in
1195 2497 1227 2517 ea
1243 2490 1393 2524 quidquam
1410 2496 1479 2525 aget.
1493 2491 1517 2518 si
1538 2500 1569 2519 ea
1582 2493 1725 2520 coatincn—

938 2543 979 2565 ter
991 2544 1045 2564 non
1072 2537 1226 2577 contingat1
1251 2543 1339 2570 neque
1364 2536 1494 2569 cogitatio
1524 2538 1721 2570 intermittens,

938 2583 1057 2610 attimam
1099 2583 1131 2608 ad
1159 2588 1351 2616 quamcunque
1374 2581 1545 2609 atiectioncm
1579 2584 1722 2617 aptaverit,

939 2629 986 2655 sed
1004 2633 1108 2662 tempus
1122 2627 1235 2654 multttm
1251 2627 1495 2661 continuatumque
1507 2627 1666 2662 requiritur.

976 2672 1161 2707 Cogitationes
1178 2672 1259 2706 igitur
1273 2679 1287 2698 a
1305 2672 1384 2698 bonis
1395 2677 1422 2698 ct
1436 2672 1566 2706 jucundis
1584 2673 1724 2700 sensibili-

940 2727 993 2749 ους
1018 2719 1193 2754 Cupiditatvm
1211 2719 1381 2748 accedentes.
1395 2718 1458 2752 quia
1474 2725 1572 2746 sensus
1587 2726 1601 2745 a
1623 2719 1724 2752 princi-

941 2767 986 2801 pio
1004 2767 1030 2793 itt
1047 2765 1124 2792 nobis
1137 2770 1298 2800 operantur,
1313 2769 1340 2791 et
1358 2765 1418 2791 illas
1433 2764 1496 2791 inde
1518 2764 1584 2791 oriri
1599 2763 1723 2800 contigit,

939 2812 1149 2840 contubernales
1173 2816 1284 2842 nostrae.
1304 2817 1329 2837 et
1350 2817 1447 2837 comae
1469 2814 1546 2841 sunt.
1566 2815 1593 2837 et
1609 2817 1725 2844 persua-

941 2858 1005 2884 dent
1024 2856 1102 2883 l'acile
1117 2863 1177 2890 qum
1195 2855 1349 2887 voluerint;
1366 2859 1423 2881 tutu
1433 2856 1496 2890 quia
1509 2846 1636 2890 jucunde!
1647 2861 1723 2890 sunt,
