1967 3071
253 96 308 128 659

873 95 1031 126 NlCOLAI
1051 97 1246 128 CABASILJE

1829 97 1877 129 66)

251 153 402 188 rumpenda
427 152 562 184 valetudo,
584 159 633 179 nec
649 151 722 178 aliud
739 151 893 178 audendum
909 151 1036 186 facinus;

1095 153 1208 188 ὶμεῑψαι
1223 153 1375 188 θοῖμάτιον,
1394 154 1449 181 οὐδ’
1464 153 1558 187 ὑγείαν
1568 153 1738 189 διαφθεῖραι,
1751 153 1805 180 οὐδ’
1819 153 1879 180 ἄλλο

251 199 298 226 sed
319 199 383 225 licet
409 197 482 225 domi
506 205 562 225 suae
580 202 746 230 manentem,
778 197 902 232 nihilque
926 206 1038 225 suarum

250 245 410 272 facultatum
440 245 620 276 amittentem,
638 252 700 271 cum
733 244 809 271 hisce
825 245 1040 280 cogitationibus

251 291 441 326 quotidianum
459 290 566 317 liabere.
573 291 784 318 commercium.
812 289 882 323 Quid
896 298 962 325 ergo
976 291 1039 318 talia

251 337 321 364 bona
341 335 397 362 fieri
413 336 550 370 prohibet,
566 343 616 370 pro
631 336 732 371 quibus
747 335 829 362 etiam
842 335 950 371 labores
976 344 1039 371 per-

249 381 321 409 ferre
336 389 444 415 aequum
463 385 531 413 erat,
548 381 571 409 si
589 382 624 409 ita
645 389 689 409 res
704 381 834 410 tulisset?
850 381 879 409 Si
899 382 971 409 enim
989 383 1040 409 ho-

251 427 339 454 mines
363 432 454 459 natos,
477 431 504 454 et
522 427 550 454 vi
577 427 712 462 cogitandi
739 427 877 462 praeditos.
907 427 1040 462 quidquid

251 474 370 506 tandem,
384 478 411 500 et
423 473 614 508 qualecunque
627 473 750 508 cogitare
772 478 890 508 oportet,
904 474 1040 508 quomodo

251 528 306 547 non
330 521 433 554 optima
451 527 566 555 quaeque
587 520 729 555 cogitanda
747 520 827 547 sunt?
843 519 886 552 Et,
903 519 925 547 si
948 519 1041 546 inania

249 566 424 601 abiectaque,
442 570 469 593 ct
481 573 514 593 ex
532 566 634 601 quibus
644 567 796 600 cogitantes
814 565 960 592 utilitatem
979 565 1041 591 uul-

251 613 304 640 lam
317 617 534 647 consequuntur,
546 619 686 647 nunquam
705 611 858 639 existimata
879 615 943 638 sunt
955 611 1042 638 l'ortu-

251 666 326 690 nam,
354 662 401 685 aut
416 662 514 690 artem,
541 662 589 684 aut
617 657 721 692 copias,
739 662 786 684 aut
804 656 987 692 quodcunque
1008 655 1041 684 ad

251 705 335 732 vitam
358 704 502 733 conferens
525 704 573 732 ulli
595 705 732 732 deteriora
760 704 901 736 ell'ectura,
928 704 1041 731 minime

251 752 376 779 omnium
392 752 478 780 bonas
504 752 686 788 cogitationes
699 751 727 779 in
744 751 796 779 hoc
813 751 917 778 crimen
932 757 1040 781 vocare,

251 799 370 833 etquod
386 799 487 825 bonum
502 803 554 831 est,
582 806 632 833 pro
655 799 727 825 malo
755 805 886 825 accusare
909 805 959 832 par
988 801 1040 824 est.

252 845 336 880 Atqui
359 846 414 873 isto
435 845 515 872 tnodo
542 845 644 872 bellare
675 845 778 872 nemini
805 843 924 879 expedit.
955 842 1041 870 Porro

253 890 323 919 nihil
337 898 450 925 prorSus
463 890 648 922 insuavitatis,
668 897 699 916 ac
714 888 844 916 molestia:
857 887 968 918 habent,
987 893 1041 913 non

254 937 343 971 magis
355 944 437 971 quam
464 937 553 971 ipsum
576 935 720 971 gaudium,
745 934 817 969 quod
831 941 894 961 vere
911 932 1043 968 appellari

255 987 382 1016 posuint.
399 981 463 1009 Sive
488 982 561 1008 enim
579 981 691 1016 optimis
711 981 846 1014 hetamur,
880 980 918 1006 nil
946 977 1043 1005 melius

256 1028 314 1055 ﬁeri
331 1027 430 1062 poterit
450 1017 675 1063 cogitationibus,
693 1035 754 1062 quae
765 1026 916 1057 Christum,
932 1029 959 1051 et
972 1024 1044 1051 illius

256 1073 454 1108 benignitatem
471 1074 702 1108 complectuntur,
716 1073 849 1107 quoniam
866 1079 954 1104 neque
973 1071 1044 1105 ipsa-

253 1127 315 1148 .‘um
327 1128 429 1152 rerum,
443 1120 470 1147 in
479 1120 579 1154 quibus
587 1124 629 1147 est
638 1119 750 1146 ultimus
762 1119 896 1146 bonorum
908 1117 981 1148 linis,
997 1124 1044 1143 ne-

254 1173 308 1202 que
320 1165 460 1200 proprium
477 1163 627 1199 quidquam
641 1170 725 1191 suave
741 1167 767 1190 et
778 1163 908 1194 amicum,
920 1160 1045 1196 quamvis

256 1212 343 1240 multo
355 1211 449 1238 labore
464 1210 610 1246 quaesitum
623 1210 759 1241 invenias,
783 1207 858 1243 quod
885 1206 964 1234 nobis
989 1213 1046 1240 pra:

254 1258 315 1285 istis
344 1257 499 1284 conveniat.
515 1255 572 1283 Non
594 1255 666 1283 enim
697 1254 849 1282 secundum
881 1251 1043 1287 sanguinem

254 1303 445 1331 tantummodo
466 1302 575 1337 genitis,
587 1309 637 1329 nec
648 1301 716 1336 ipsis
726 1300 898 1335 genitoribus
911 1298 1044 1334 simplici-

254 1356 306 1382 ter,
327 1351 372 1378 sed
386 1350 441 1384 jam
460 1349 543 1377 etiam
570 1348 649 1375 nobis
664 1348 732 1382 ipsis
747 1347 890 1381 coguatior
918 1345 1045 1373 Christus

253 1402 307 1428 est,
321 1401 348 1423 ut
360 1401 441 1424 antea
457 1395 613 1423 docuimus.
624 1394 694 1421 Hinc
706 1393 804 1421 anima:
814 1391 964 1428 cogitatrici
979 1391 1046 1418 nihil

254 1443 422 1478 pt-culiarius
435 1450 516 1477 quant
532 1441 558 1468 in
571 1442 629 1476 ipso
640 1446 799 1475 occupatam
822 1447 894 1467 esse.
910 1438 1005 1473 Itaque
1019 1442 1047 1464 et

255 1496 303 1524 per
320 1496 379 1522 (tua:
401 1487 544 1515 fmniliaris
560 1492 586 1515 et
613 1492 748 1521 cognatus
773 1486 851 1514 nobis
866 1490 919 1517 est,
945 1490 1046 1519 ctqua:

255 1535 359 1569 optima
378 1538 406 1561 et
435 1535 558 1561 outnium
573 1534 721 1569 jucundior
743 1537 785 1559 est
810 1531 979 1559 consuetudo
998 1530 1046 1557 ba-

255 1580 366 1615 ptizatis
380 1579 534 1612 animabus,
553 1586 634 1612 quam
653 1579 705 1605 alia
721 1585 893 1613 quaecunque
913 1578 1022 1603 tandem
1037 1584 1044 1608 ;

257 1625 382 1660 intelligo
397 1629 488 1652 autent
518 1629 579 1660 post
593 1624 734 1651 lavacrum
751 1631 803 1650 non
822 1623 898 1650 valde
913 1622 1045 1657 squalen-

257 1672 343 1703 tibus,
357 1671 429 1699 sicut
443 1671 561 1704 Hebraai,
587 1678 658 1706 quos
681 1671 852 1698 admirabilis
871 1670 915 1696 ille
932 1669 1046 1702 Stepha-

257 1726 310 1745 nus
326 1717 536 1745 incircumcisos
549 1717 631 1744 corde
648 1721 675 1744 et
697 1716 810 1744 auribus
831 1716 994 1743 nominabat
1010 1715 1043 1742 ".

255 1765 311 1792 Nec
336 1763 466 1791 damnum
499 1763 583 1797 igitur
616 1763 700 1790 ullum
732 1763 857 1789 huntauze
887 1761 950 1788 vita:
985 1767 1046 1795 pro-

256 1816 316 1846 pter
344 1811 412 1838 istas
435 1809 617 1845 acgitationes
641 1809 794 1844 importari,
819 1813 846 1835 et
869 1808 895 1835 in
928 1807 961 1835 iis
977 1814 1045 1841 gau-

255 1858 330 1885 dium
352 1865 385 1885 ae
399 1856 566 1891 voluptatem
591 1856 691 1888 inesse,
722 1863 753 1881 ex
787 1854 867 1882 dictis
893 1858 979 1889 patet.
1004 1852 1045 1879 An

255 1911 322 1932 vero
336 1902 442 1930 utilitas
453 1910 562 1938 quoque
575 1901 652 1934 insit,
668 1906 695 1928 et
706 1901 811 1935 iuvent,
832 1901 1046 1933 coutineautque

255 1949 441 1985 pulcherrima
454 1953 482 1976 et
497 1948 729 1984 opportunissima
744 1947 878 1978 omnium,
891 1946 918 1973 id
935 1952 1045 1981 quoque

253 1995 310 2030 jam
325 1994 424 2030 patuit,
437 1999 464 2021 et
486 1992 767 2029 apparebitdeinceps
788 1991 955 2023 evidentius,
981 1998 1043 2018 cum

255 2041 412 2069 accuratius
423 2041 456 2068 de
470 2034 537 2075 ipsis
548 2039 727 2068 disseremus.

290 2088 412 2115 Primum
428 2087 499 2114 enim
517 2086 595 2114 bonis
611 2085 823 2120 Cogitationibus
854 2085 973 2112 animam
1000 2083 1044 2111 (li-

254 2135 362 2165 stineri,
379 2134 431 2161 hoc
450 2134 537 2168 ipsum
553 2132 685 2160 malarum
700 2131 894 2165 cogitationum
911 2131 1043 2157 cessatio-

256 2188 316 2207 nem
329 2185 356 2208 et
372 2179 458 2207 otiutn
479 2179 592 2206 inducit.
614 2177 683 2205 Huic
695 2185 865 2211 consequens
874 2183 915 2204 est
927 2176 1043 2209 radium,

256 2234 303 2252 seu
325 2227 412 2253 lucem
432 2225 621 2262 mysteriorum
638 2232 652 2250 a
669 2223 734 2251 vitio
751 2231 849 2258 purum
871 2223 954 2256 ferre,
971 2223 1045 2258 quod

256 2272 334 2299 nobis
349 2270 416 2298 citra
449 2270 569 2298 laborem
588 2270 721 2297 bonorum
749 2270 872 2296 ontnium
904 2270 1044 2296 cumulum

257 2317 351 2344 atl'ert.
381 2316 482 2344 Deinde
503 2324 616 2343 necesse
642 2322 682 2342 est
709 2320 735 2343 et
761 2317 832 2350 ipsas
864 2315 1044 2350 cogitationes

256 2363 400 2390 medicinis
414 2370 428 2389 a
446 2367 531 2389 semet
549 2363 717 2397 depromptis
734 2361 851 2390 ofﬁciunt
881 2370 960 2390 suum
976 2370 1045 2396 prae-

255 2414 339 2441 SIare,
354 2412 380 2434 ct
397 2415 444 2435 cor
459 2415 540 2443 quam
555 2407 656 2441 optime
673 2409 794 2439 allicere,
825 2407 895 2435 sicut
923 2415 937 2433 a
953 2407 1044 2442 pravis

255 2454 469 2490 cogitationibus
497 2454 575 2482 malze
601 2455 763 2482 allectioues
790 2459 962 2486 nascuntur;
980 2462 1042 2480 nam

257 2501 383 2528 virtutem
401 2500 496 2528 eodem
526 2501 606 2527 modo
623 2509 654 2528 ex
674 2501 752 2527 bouis
780 2500 879 2528 exoriri
909 2500 1041 2527 rationem

256 2546 348 2573 habet.
367 2546 450 2574 Plane
466 2547 539 2574 enim
558 2546 584 2573 in
599 2546 673 2573 omni
702 2546 812 2581 negotio
845 2552 873 2574 ut
904 2547 974 2574 hanc
998 2547 1040 2572 vel

255 2592 330 2620 illam
361 2592 528 2620 voluntatem
560 2593 756 2627 suscipiamus,
785 2593 838 2620 hoc
864 2593 964 2620 illudve
998 2593 1041 2619 di-

256 2645 361 2670 camus,
374 2642 421 2666 aut
440 2638 583 2671 iaciamus,
610 2642 655 2665 aut
679 2637 824 2672 patiamur,
842 2642 889 2665 aut
913 2638 1045 2672 quidquid

256 2684 365 2713 tandem
408 2684 472 2711 illud
500 2689 553 2718 est,
580 2684 724 2719 eligamus,
760 2685 889 2718 cogitatio
911 2690 938 2711 ct
977 2685 1046 2711 ratio

256 2731 335 2760 nobis
362 2738 488 2759 auctores
503 2735 578 2762 sunt.
603 2730 635 2758 Et
652 2731 702 2761 hoc
735 2730 815 2761 modo
841 2730 963 2767 magistri
994 2731 1047 2758 vir-

294 2819 317 2838 "
329 2819 391 2849 Act.
410 2828 458 2853 \‘ll,
476 2820 520 2850 Si.

1091 208 1117 226 τι
1132 200 1268 235 τολμῆσαι
1279 200 1424 235 τόλμημα,
1439 200 1497 227 ἀλλ’
1513 201 1589 227 ἐστιν
1605 200 1674 226 οἴκοι
1697 200 1812 234 μένοντα
1835 202 1879 226 καὶ

1093 244 1177 279 μηδὲν
1191 244 1345 272 ἀπολλύντα
1361 245 1417 272 τῶν
1434 245 1611 281 ὑπαρχόντων
1637 245 1742 276 τούτοις
1757 245 1801 271 ἀεὶ
1818 253 1876 271 συν-

1091 291 1162 316 εἷναι
1186 292 1244 322 τοῖς
1267 291 1418 326 λογισμοῖς.
1449 291 1481 318 Τί
1510 290 1557 318 οὖν
1578 290 1679 318 κωλύει
1704 291 1828 326 γενέσθαι
1848 292 1881 317 τὰ

1091 337 1205 364 τοιαῦτα
1223 338 1353 373 χρηστὸν,
1373 338 1443 372 ὑπὲρ
1459 334 1496 365 ὧν
1509 338 1557 364 καὶ
1571 337 1670 369 πόνους
1687 337 1760 370 sine;
1777 335 1811 373 ἦν
1827 337 1882 363 ἐνέ-

1091 390 1159 416 γκαι
1173 382 1291 417 Salicum;
1309 383 1339 410 Εί
1352 384 1406 419 γὰρ
1418 383 1578 420 ἀνθρώπους
1595 384 1675 415 liv-:1:
1696 384 1744 411 κιὶ
1770 383 1878 417 λογίζε-

1092 429 1154 455 σθαι
1168 429 1334 464 δυναμένους
1350 429 1440 456 ὁτιοῦν
1465 430 1573 465 ἀνάγκη
1590 430 1760 465 λογίζεσθαι,
1778 430 1834 462 πῶς
1853 430 1882 456 οὗ

1091 475 1126 501 τὰ
1147 475 1272 510 βέλτιστα
1300 476 1353 511 χρὴ
1376 475 1553 510 λογίζεσθαι;
1580 477 1627 503 καὶ
1654 476 1678 502 εί
1703 475 1807 511 μάταια
1835 476 1880 502 καὶ

1092 520 1181 556 φαῦλα
1195 521 1242 549 καὶ
1257 518 1297 548 ὦν
1320 521 1417 556 ὄφελος
1438 522 1514 548 οὐδὲν
1531 522 1588 553 τοῖς
1617 521 1804 557 λογιζομένοις
1826 521 1883 547 οὐδὲ

1092 566 1203 593 πώποτε
1219 566 1361 602 ἐνομίσθη,
1380 566 1464 602 τύχην
1482 566 1499 602 ἦ
1519 567 1621 602 τέχνην
1646 567 1662 602 ἢ
1678 567 1727 602 τὴν
1753 566 1848 593 οὐσίαν
1869 566 1884 600 ἢ

1091 612 1181 639 ὁτιοῦν
1201 613 1256 639 τῶν
1270 613 1342 639 κατᾶ
1366 613 1411 639 τὸν
1442 613 1500 648 βίον
1526 613 1613 639 οὐδενὶ
1640 613 1736 648 χείρω,
1760 612 1884 646 ποιήσειν

1091 657 1194 693 ἥκιστα
1219 658 1251 694 δὴ
1282 659 1395 685 πάντων
1419 660 1480 690 ταῖς
1506 659 1626 693 ἀγαθαῖς
1653 658 1772 689 ἐννοίαις
1801 657 1885 684 ταῦτα

1094 703 1260 739 μεμψόμεθα
1285 704 1334 731 καὶ
1359 704 1480 739 τάγαθδν
1504 705 1637 740 διώξομεν
1663 705 1811 740 πονηρίας.
1833 704 1886 731 Καὶ

1094 751 1147 786 μὴν
1161 750 1233 778 οὕτω
1249 750 1298 786 μὲν
1311 751 1402 778 οὐδενὶ
1420 751 1557 778 λυσιτελεῖ
1582 750 1744 786 πολεμοῦσι,
1775 751 1885 778 σῦνΞστι

1092 797 1121 824 δέ
1133 806 1176 829 τις
1191 798 1287 830 αὑταῖς
1310 797 1391 833 ἀηδία
1416 797 1497 833 σχολῇ
1529 806 1572 832 γε,
1591 797 1620 824 οὗ
1654 797 1755 832 μᾶλλον
1771 797 1786 831 ἢ
1803 797 1887 832 αὐτὴν

1093 842 1180 869 ταῦτα
1202 843 1235 869 ἂν
1259 842 1332 869 εἴποι
1349 851 1390 874 τις
1405 843 1455 878 τὴν
1468 843 1556 878 χαράν
1568 850 1575 857 ·
1593 842 1650 869 εἴτε
1669 844 1724 877 γὰρ
1738 843 1796 874 τοῖς
1824 843 1887 878 ἀρί-

1095 897 1170 920 στοις
1199 889 1343 924 χαίρομεν,
1370 890 1477 924 βέλτιον
1497 888 1598 924 γένοιτ’
1626 889 1660 916 ἂν
1684 889 1761 916 οὐδὲν
1776 889 1831 915 τῶν
1845 890 1888 914 ἐν-

1093 934 1184 965 νοιῶν,
1203 935 1230 961 αἶ
1246 936 1292 962 τὸν
1308 934 1427 970 Χριστὸν
1439 935 1533 970 ἔχουσι
1547 936 1592 962 καὶ
1607 935 1656 970 τὴν
1672 935 1778 961 ἐκείνου
1793 935 1888 970 φιλαν-

1094 981 1232 1017 θρωπίαν,
1248 982 1289 1008 ὅτι
1306 981 1374 1016 μηδὲ
1390 981 1482 1009 αὐτῶν
1499 982 1554 1009 τῶν
1583 982 1768 1016 πραγμάτων,
1797 983 1826 1008 ὲν
1849 980 1888 1012 οἷς

1095 1028 1177 1058 αὑτός
1189 1029 1261 1055 ἐστιν
1275 1029 1289 1054 ὁ
1303 1028 1461 1060 τελευταῖος
1475 1029 1523 1063 τῆς
1539 1028 1724 1063 χρηστότητος
1738 1029 1812 1063 ὄρος,
1828 1029 1882 1055 εἴτε

1094 1074 1125 1101 τὸ
1140 1075 1240 1101 οἰκεῖον
1256 1074 1308 1110 ἡδὺ
1327 1074 1376 1102 καὶ
1388 1076 1476 1109 φίλον,
1501 1074 1606 1101 τούτων
1630 1076 1697 1110 ἡμῖν
1714 1075 1727 1101 ὃ
1752 1077 1888 1109 προσήκει

1097 1121 1207 1156 μᾶλλον,
1224 1121 1278 1147 οὐδ’
1302 1121 1335 1147 ἂν
1358 1118 1397 1153 εἷς
1424 1121 1499 1156 εὕροι
1531 1121 1618 1147 πολλὰ
1647 1121 1755 1156 καμὼν.
1776 1122 1814 1148 Οὐ
1834 1123 1888 1156 γὰρ

1096 1168 1151 1195 τῶν
1177 1168 1349 1202 γιγνομὲνων
1381 1167 1442 1194 καθ’
1467 1165 1537 1202 αἷμα
1563 1167 1643 1202 μόνον
1664 1168 1812 1199 ἅπλῶς,οὖ
1834 1168 1889 1194 τῶν

1095 1214 1303 1248 γεγεννηκότων
1331 1214 1433 1245 αὐτῶν,
1460 1213 1585 1249 ἀλλ’ἦδη
1613 1214 1660 1241 καὶ
1687 1214 1767 1249 ἡμῶν
1796 1215 1889 1241 αὐτῶν

1097 1261 1313 1295 συγγενέστερος
1328 1260 1341 1285 ὁ
1357 1259 1474 1294 Χριστὸς
1491 1260 1544 1287 ἀπὸ
1560 1260 1615 1286 τῶν
1627 1261 1769 1295 προτέρων
1781 1260 1888 1286 δέδεικ-

1096 1318 1142 1336 ται
1163 1302 1262 1341 λόγων.
1285 1307 1366 1334 Ὅθεν
1401 1307 1558 1341 συμϐαίνει,
1580 1308 1628 1334 καὶ
1652 1307 1691 1342 τῷ
1719 1306 1889 1342 λογιζομένῳ

1097 1356 1146 1389 τῆς
1160 1355 1250 1390 ψυχῆς
1263 1354 1317 1381 τῶν
1334 1354 1398 1388 περὶ
1415 1353 1498 1380 αὑτοῦ
1513 1354 1599 1388 λόγων
1616 1354 1698 1388 μηδὲν
1716 1353 1888 1388 οἰκειότερον

1098 1400 1181 1435 εἶναι,
1199 1401 1270 1428 ὥστε
1288 1401 1335 1428 καὶ
1360 1400 1395 1427 δι’
1421 1397 1459 1427 ὧν
1480 1401 1590 1432 οἰκείως
1605 1401 1670 1435 ήμῖν
1683 1400 1730 1425 καὶ
1746 1399 1889 1433 συγγενῶς

1098 1449 1167 1483 ἔχει,
1186 1448 1234 1474 καὶ
1258 1444 1299 1478 οἷς
1322 1447 1420 1481 ἀρίστη
1435 1446 1530 1472 πασῶν
1550 1446 1636 1478 ἐστιν,
1658 1445 1725 1480 ἡδίω
1740 1445 1888 1480 χαρίεντος

1099 1495 1162 1521 ὅτου
1176 1502 1217 1524 τις
1234 1493 1266 1519 ἂν
1282 1492 1367 1524 εἴποι,
1392 1492 1441 1527 τὴν
1468 1491 1612 1526 διατριϐὴν
1636 1491 1740 1525 ταύτην
1752 1487 1823 1516 εἶναι
1846 1490 1890 1525 βε-

1098 1536 1298 1571 σιπτισμέναις
1317 1536 1428 1571 ψυχαῖς.
1446 1536 1525 1569 Λέγω
1541 1535 1594 1570 γὰρ
1606 1536 1663 1566 τοῖς
1685 1535 1754 1569 μετὰ
1774 1534 1806 1560 τὸ
1829 1534 1891 1560 λου-

1098 1584 1161 1617 τριν
1180 1583 1216 1618 μὴ
1227 1582 1288 1609 λίαν
1305 1582 1458 1617 αὑχμῶσιν,
1477 1581 1573 1616 ὥσπερ
1592 1580 1638 1613 οὓς
1667 1581 1721 1607 τῶν
1750 1581 1889 1616 Ἐὗραὶων

1098 1628 1234 1661 Στέφανος
1259 1626 1272 1653 ὁ
1297 1626 1449 1661 θαυμάσιος
1466 1626 1601 1653 ἀπεκάλει
1628 1627 1836 1661 ἀπεριτμὴτους
1856 1628 1889 1661 τῇ

1097 1673 1198 1708 καρδίᾳ.
1216 1672 1330 1704 καὶτοῖς
1345 1672 1423 1699 ὠσίν.
1445 1671 1488 1704 Ὠς
1512 1672 1562 1706 μὲν
1585 1671 1631 1698 οὖν
1655 1671 1718 1698 οὔτε
1744 1672 1831 1708 βλάϐη
1850 1672 1890 1706 τῷ

1097 1717 1264 1754 ἀνθρωπίνῳ
1293 1718 1343 1753 βίῳ
1371 1716 1473 1750 γένοιτ’
1502 1717 1536 1745 ἃν
1551 1717 1664 1752 οὐδεμία
1684 1718 1761 1752 παρᾶ
1772 1719 1890 1751 τούτους

1097 1763 1161 1796 τοὺς
1177 1764 1334 1801 λογισμοὺς,
1351 1764 1399 1791 καὶ
1428 1763 1539 1799 ἥδεσθαι
1555 1764 1601 1790 καὶ
1625 1765 1732 1799 χαίρειν
1750 1765 1892 1800 περιγίνε-

1096 1818 1142 1836 ται
1153 1811 1210 1841 τοῖς
1220 1809 1416 1844 λογιζομένοις,
1435 1810 1552 1845 φανερὸν
1580 1811 1613 1837 ἐκ
1642 1811 1697 1837 τῶν
1711 1811 1870 1846 εἰρημένων
1882 1820 1890 1827 -

1097 1857 1122 1882 εἰ
1141 1855 1168 1882 δὲ
1183 1856 1231 1882 καὶ
1244 1855 1340 1890 ὄφελός
1356 1856 1415 1881 ἔστι
1443 1856 1490 1882 καὶ
1518 1856 1614 1890 βοηθεί
1630 1855 1669 1891 τῷ
1685 1856 1822 1883 λυσιτελεῖ
1841 1858 1891 1884 καὶ

1097 1901 1162 1935 περὶ
1188 1900 1259 1927 αὐτὰ
1277 1900 1311 1927 τὰ
1337 1899 1470 1927 κάλλιστα
1490 1901 1538 1927 καὶ
1560 1900 1731 1936 καιριώτατα
1762 1903 1888 1935 πάντων,

1097 1946 1205 1981 ἐδείχθη
1222 1946 1271 1981 μιν
1287 1945 1348 1982 ἥδη,
1364 1948 1489 1981 φανεῖται
1506 1946 1528 1972 δ’
1547 1947 1575 1972 ἐν
1597 1948 1652 1977 τοῖς
1682 1946 1745 1982 ἑξῆς
1774 1948 1890 1982 ἐναργέ-

1098 2001 1193 2029 στερον
1211 1993 1412 2028 ἁκριὸἑστερον
1427 1994 1490 2028 περὶ
1505 1993 1596 2021 αὐτῶν
1616 1993 1814 2029 σκεψαμένους.

1137 2084 1249 2120 Πρῶτον
1265 2084 1382 2119 μὲνγὰρ
1401 2083 1440 2119 τῷ
1465 2084 1524 2115 ταῖς
1549 2083 1666 2118 ἀγαθαῖς
1690 2084 1810 2116 ἐννοίαις
1835 2085 1887 2120 τὴν

1096 2132 1185 2166 ψυχὴν
1211 2130 1412 2166 κατασχεθῆναι
1438 2130 1582 2165 συμϐαίνει
1605 2131 1653 2165 μὲν
1673 2130 1729 2157 τῶν
1756 2132 1890 2166 πονηρῶν

1061 2178 1083 2207 D
1098 2177 1196 2214 σχολὴν
1211 2178 1288 2210 ἄγειν
1299 2186 1305 2192 ·
1323 2177 1409 2212 τιύτῳ
1423 2177 1451 2204 δὲ
1468 2177 1626 2208 ἀκόλουθον.
1649 2177 1776 2213 καθαρὰν
1794 2180 1891 2214 appu-

1096 2224 1173 2255 στία;
1189 2225 1239 2258 τὴν
1255 2224 1308 2250 ἀπο
1323 2223 1377 2250 τῶν
1393 2223 1554 2258 μυστηρίων
1570 2223 1663 2259 φέρειν
1679 2225 1789 2251 ἀκτῖνα.
1807 2225 1845 2251 τὸ
1860 2225 1891 2251 δὲ

1094 2270 1160 2305 ἡμῖν
1175 2269 1220 2296 τὸν
1243 2269 1297 2295 τῶν
1319 2269 1430 2303 ἀγαθῶν
1447 2269 1576 2296 ἁπάντων
1605 2269 1662 2304 ἔχει
1690 2269 1779 2305 σωρὸν
1798 2271 1889 2305 μηδὲν

1095 2315 1402 2351 πραγματευσαμένοις,
1415 2314 1512 2342 ἔπειτα
1528 2316 1574 2342 καὶ
1589 2315 1688 2346 αὐτοὺς
1703 2316 1813 2350 ἀνάγκη
1824 2316 1890 2347 τοὺς

1094 2362 1245 2396 λογισμοὺς
1267 2363 1322 2393 τοῖς
1341 2363 1408 2396 παρ’
1422 2362 1530 2388 ἑαυτῶν
1555 2362 1714 2396 φαρμάκοις
1730 2361 1764 2388 τὰ
1780 2362 1893 2388 ἑαυτῶν

1098 2406 1186 2432 ποιεῖν
1216 2405 1263 2432 καὶ
1292 2401 1332 2432 τᾶί
1354 2405 1484 2432 κάλλιστα
1503 2407 1612 2433 πάντων
1639 2406 1811 2441 ἐργάζεσθαι
1839 2408 1892 2442 τὴν

1097 2451 1221 2486 καρδίαν,
1243 2451 1372 2486 καθάπερ
1398 2451 1451 2478 ἀπὸ
1478 2451 1532 2478 τῶν
1559 2453 1687 2488 πονηρῶν
1713 2453 1828 2479 ἐννοιῶν
1856 2455 1893 2481 τὰ

1097 2498 1203 2534 πονηρὰ
1222 2497 1295 2532 πάθη
1313 2498 1420 2532 φύεται.
1438 2498 1490 2524 Τὸν
1510 2498 1564 2533 γὰρ
1579 2499 1638 2525 ῐσον
1657 2498 1757 2533 τρόπον
1773 2500 1822 2525 καὶ
1838 2501 1892 2534 τὴν

1096 2545 1199 2580 ἀρετὴν
1224 2545 1279 2571 τῶν
1306 2545 1418 2573 ἀγαθῶν
1446 2545 1568 2579 ἀνίσχειν
1594 2545 1667 2576 εἰκός
1688 2546 1775 2572 ἔστιν.
1794 2545 1891 2577 Ὀλως

1096 2590 1151 2625 γὰρ
1174 2590 1277 2622 ταύτην
1293 2591 1307 2625 ἢ
1325 2592 1434 2626 ἐκείνην
1457 2591 1506 2625 τήν
1524 2591 1637 2625 γνώμην
1658 2590 1704 2617 καί
1721 2600 1747 2617 τι
1760 2591 1856 2625 λέγειν
1873 2593 1889 2626 ἦ

1095 2638 1226 2672 πράττειν
1244 2638 1257 2672 ἢ
1274 2638 1414 2672 πάσχοντα
1431 2638 1537 2672 φέρειν,
1560 2637 1575 2672 ἣ
1596 2637 1686 2664 ὁτιοῦν
1702 2638 1757 2664 τῶν
1774 2639 1890 2665 πάντων

1095 2684 1243 2718 αἱρεῖσθαι,
1259 2684 1387 2718 λογισμοὶ
1404 2686 1449 2710 καὶ
1463 2683 1536 2717 λόγοι
1552 2684 1583 2711 τὸ
1597 2684 1689 2711 πεῖθόν
1705 2686 1760 2711 εἰσι
1778 2694 1889 2712 παντα-

1097 2730 1156 2766 χοῦ,
1175 2731 1220 2756 καὶ
1237 2730 1330 2757 τοῦτον
1346 2731 1390 2757 τὸν
1414 2731 1516 2766 τρόπον
1530 2731 1553 2758 οῑ
1576 2731 1732 2759 διδάσκαλοι
1753 2732 1803 2768 τῆς
1823 2734 1888 2768 ἀρε·
