  <div class='ocr_page' id='page_1' title='image "/cluster/home/n/w/nwhite01/storage/ocr_20150623/150/njp.32101077773180/344.png"; bbox 0 0 1967 3071; ppageno 0'>
   <div class='ocr_carea' id='block_1_1' title="bbox 126 134 174 166">
    <p class='ocr_par' dir='ltr' id='par_1_1' title="bbox 126 134 174 166">
     <span class='ocr_line' id='line_1_1' title="bbox 126 134 174 166; baseline 0 -1"><span class='ocrx_word' id='word_1_1' title='bbox 126 134 174 166; x_wconf 67' lang='lat'><strong>661</strong></span> 
     </span>
    </p>
   </div>
   <div class='ocr_carea' id='block_1_2' title="bbox 645 140 1216 174">
    <p class='ocr_par' dir='ltr' id='par_1_2' title="bbox 645 140 1216 174">
     <span class='ocr_line' id='line_1_2' title="bbox 645 140 1216 174; baseline 0.005 -4"><span class='ocrx_word' id='word_1_2' title='bbox 645 141 693 170; x_wconf 87' lang='lat' dir='ltr'><strong>DE</strong></span> <span class='ocrx_word' id='word_1_3' title='bbox 712 141 800 172; x_wconf 73' lang='lat' dir='ltr'><strong>VITA</strong></span> <span class='ocrx_word' id='word_1_4' title='bbox 823 141 861 171; x_wconf 84' lang='lat' dir='ltr'><strong>IN</strong></span> <span class='ocrx_word' id='word_1_5' title='bbox 883 140 1047 170; x_wconf 75' lang='lat' dir='ltr'><strong>CHRIS’I‘O</strong></span> <span class='ocrx_word' id='word_1_6' title='bbox 1069 142 1140 174; x_wconf 54' lang='lat' dir='ltr'><strong>LIB.</strong></span> <span class='ocrx_word' id='word_1_7' title='bbox 1166 143 1216 173; x_wconf 79' lang='lat' dir='ltr'><strong>Vl.</strong></span> 
     </span>
    </p>
   </div>
   <div class='ocr_carea' id='block_1_3' title="bbox 1687 145 1740 176">
    <p class='ocr_par' dir='ltr' id='par_1_3' title="bbox 1687 145 1740 176">
     <span class='ocr_line' id='line_1_3' title="bbox 1687 145 1740 176; baseline -0.019 0"><span class='ocrx_word' id='word_1_8' title='bbox 1687 145 1740 176; x_wconf 74' lang='lat'><strong>(363</strong></span> 
     </span>
    </p>
   </div>
   <div class='ocr_carea' id='block_1_4' title="bbox 127 188 904 235">
    <p class='ocr_par' dir='ltr' id='par_1_4' title="bbox 127 188 904 230">
     <span class='ocr_line' id='line_1_4' title="bbox 127 188 904 230; baseline 0.01 -16"><span class='ocrx_word' id='word_1_9' title='bbox 127 189 176 222; x_wconf 81' lang='grc' dir='ltr'>τῆς</span> <span class='ocrx_word' id='word_1_10' title='bbox 192 189 221 216; x_wconf 73' lang='grc' dir='ltr'>ὲν</span> <span class='ocrx_word' id='word_1_11' title='bbox 238 189 328 225; x_wconf 82' lang='grc' dir='ltr'>καιρῷ</span> <span class='ocrx_word' id='word_1_12' title='bbox 342 191 397 222; x_wconf 78' lang='grc' dir='ltr'>τοῖς</span> <span class='ocrx_word' id='word_1_13' title='bbox 415 188 551 226; x_wconf 76' lang='grc' dir='ltr'>συνοῦσιν,</span> <span class='ocrx_word' id='word_1_14' title='bbox 568 193 609 220; x_wconf 80' lang='grc' dir='ltr'>ὅτι</span> <span class='ocrx_word' id='word_1_15' title='bbox 632 195 694 225; x_wconf 79' lang='grc' dir='ltr'>τοὺς</span> <span class='ocrx_word' id='word_1_16' title='bbox 714 196 842 230; x_wconf 78' lang='grc' dir='ltr'><strong>ἀρίστους</strong></span> <span class='ocrx_word' id='word_1_17' title='bbox 865 196 904 222; x_wconf 52' lang='lat' dir='ltr'><strong>sv.</strong></span> 
     </span>
    </p>
   </div>
   <div class='ocr_carea' id='block_1_5' title="bbox 957 188 1740 235">
    <p class='ocr_par' dir='ltr' id='par_1_5' title="bbox 959 197 1740 235">
     <span class='ocr_line' id='line_1_5' title="bbox 959 197 1740 235; baseline 0.008 -13"><span class='ocrx_word' id='word_1_18' title='bbox 959 197 1035 230; x_wconf 86' lang='lat' dir='ltr'><strong>tutis,</strong></span> <span class='ocrx_word' id='word_1_19' title='bbox 1051 197 1194 232; x_wconf 80' lang='lat' dir='ltr'><strong>discipulis</strong></span> <span class='ocrx_word' id='word_1_20' title='bbox 1217 199 1275 226; x_wconf 88' lang='lat' dir='ltr'><strong>suis</strong></span> <span class='ocrx_word' id='word_1_21' title='bbox 1303 204 1453 233; x_wconf 72' lang='lat' dir='ltr'><strong>opportune</strong></span> <span class='ocrx_word' id='word_1_22' title='bbox 1468 200 1643 235; x_wconf 54' lang='lat' dir='ltr'><strong>cogitatione</strong></span> <span class='ocrx_word' id='word_1_23' title='bbox 1669 203 1740 235; x_wconf 84' lang='lat' dir='ltr'><strong>opti-</strong></span> 
     </span>
    </p>
   </div>
   <div class='ocr_carea' id='block_1_6' title="bbox 94 234 906 276">
    <p class='ocr_par' dir='ltr' id='par_1_6' title="bbox 94 234 906 276">
     <span class='ocr_line' id='line_1_6' title="bbox 94 234 906 276; baseline 0.01 -16"><span class='ocrx_word' id='word_1_24' title='bbox 94 255 97 261; x_wconf 48' lang='grc' dir='ltr'>κ</span> <span class='ocrx_word' id='word_1_25' title='bbox 126 234 245 262; x_wconf 75' lang='grc' dir='ltr'><strong>τίθενται</strong></span> <span class='ocrx_word' id='word_1_26' title='bbox 264 235 423 271; x_wconf 78' lang='grc' dir='ltr'>λογισμοὺς,</span> <span class='ocrx_word' id='word_1_27' title='bbox 440 240 488 266; x_wconf 78' lang='grc' dir='ltr'><strong>καὶ</strong></span> <span class='ocrx_word' id='word_1_28' title='bbox 504 239 540 266; x_wconf 85' lang='grc' dir='ltr'>αὖ</span> <span class='ocrx_word' id='word_1_29' title='bbox 563 239 718 267; x_wconf 72' lang='grc' dir='ltr'>τούναντίον</span> <span class='ocrx_word' id='word_1_30' title='bbox 744 242 768 268; x_wconf 75' lang='grc' dir='ltr'>οἱ</span> <span class='ocrx_word' id='word_1_31' title='bbox 792 241 906 276; x_wconf 80' lang='grc' dir='ltr'>πονηροὶ</span> 
     </span>
    </p>
   </div>
   <div class='ocr_carea' id='block_1_7' title="bbox 126 279 906 322">
    <p class='ocr_par' dir='ltr' id='par_1_7' title="bbox 126 279 906 322">
     <span class='ocr_line' id='line_1_7' title="bbox 126 279 906 322; baseline 0.012 -17"><span class='ocrx_word' id='word_1_32' title='bbox 126 279 253 314; x_wconf 81' lang='grc' dir='ltr'>δαίμονες</span> <span class='ocrx_word' id='word_1_33' title='bbox 271 282 408 317; x_wconf 78' lang='grc' dir='ltr'>πονηροὺς</span> <span class='ocrx_word' id='word_1_34' title='bbox 436 284 593 318; x_wconf 71' lang='grc' dir='ltr'>εἰσάγοντες</span> <span class='ocrx_word' id='word_1_35' title='bbox 618 286 728 318; x_wconf 81' lang='grc' dir='ltr'>τύπους,</span> <span class='ocrx_word' id='word_1_36' title='bbox 750 287 787 318; x_wconf 82' lang='grc' dir='ltr'>ὼς</span> <span class='ocrx_word' id='word_1_37' title='bbox 807 288 832 314; x_wconf 86' lang='lat' dir='ltr'><strong>ol</strong></span> <span class='ocrx_word' id='word_1_38' title='bbox 856 288 906 322; x_wconf 82' lang='grc' dir='ltr'>μὲν</span> 
     </span>
    </p>
   </div>
   <div class='ocr_carea' id='block_1_8' title="bbox 125 325 906 366">
    <p class='ocr_par' dir='ltr' id='par_1_8' title="bbox 125 325 906 366">
     <span class='ocr_line' id='line_1_8' title="bbox 125 325 906 366; baseline 0.013 -15"><span class='ocrx_word' id='word_1_39' title='bbox 125 325 211 362; x_wconf 85' lang='grc' dir='ltr'>ταύτῃ</span> <span class='ocrx_word' id='word_1_40' title='bbox 229 326 283 353; x_wconf 85' lang='grc' dir='ltr'><strong>τῶν</strong></span> <span class='ocrx_word' id='word_1_41' title='bbox 305 327 490 356; x_wconf 68' lang='grc' dir='ltr'><strong>ἀτοπωτάτων</strong></span> <span class='ocrx_word' id='word_1_42' title='bbox 506 332 640 366; x_wconf 79' lang='grc' dir='ltr'>τεχνίτας,</span> <span class='ocrx_word' id='word_1_43' title='bbox 667 333 692 360; x_wconf 74' lang='grc' dir='ltr'>οἱ</span> <span class='ocrx_word' id='word_1_44' title='bbox 708 333 737 359; x_wconf 81' lang='grc' dir='ltr'>δὲ</span> <span class='ocrx_word' id='word_1_45' title='bbox 754 333 806 360; x_wconf 83' lang='grc' dir='ltr'><strong>τῶν</strong></span> <span class='ocrx_word' id='word_1_46' title='bbox 829 334 906 361; x_wconf 76' lang='grc' dir='ltr'>δεόν-</span> 
     </span>
    </p>
   </div>
   <div class='ocr_carea' id='block_1_9' title="bbox 125 372 613 410">
    <p class='ocr_par' dir='ltr' id='par_1_9' title="bbox 125 372 613 410">
     <span class='ocr_line' id='line_1_9' title="bbox 125 372 613 410; baseline 0.014 -14"><span class='ocrx_word' id='word_1_47' title='bbox 125 378 178 396; x_wconf 86' lang='grc' dir='ltr'><strong>των</strong></span> <span class='ocrx_word' id='word_1_48' title='bbox 196 372 417 407; x_wconf 78' lang='grc' dir='ltr'>ἀπεργασόμενοι</span> <span class='ocrx_word' id='word_1_49' title='bbox 434 376 613 410; x_wconf 81' lang='grc' dir='ltr'>πρακτικούς.</span> 
     </span>
    </p>
   </div>
   <div class='ocr_carea' id='block_1_10' title="bbox 162 417 904 459">
    <p class='ocr_par' dir='ltr' id='par_1_10' title="bbox 162 417 904 459">
     <span class='ocr_line' id='line_1_10' title="bbox 162 417 904 459; baseline 0.012 -16"><span class='ocrx_word' id='word_1_50' title='bbox 162 417 240 444; x_wconf 80' lang='grc' dir='ltr'>Ἐστι</span> <span class='ocrx_word' id='word_1_51' title='bbox 267 418 317 453; x_wconf 73' lang='grc' dir='ltr'>μὲν</span> <span class='ocrx_word' id='word_1_52' title='bbox 343 417 390 446; x_wconf 85' lang='grc' dir='ltr'><strong>οὖν</strong></span> <span class='ocrx_word' id='word_1_53' title='bbox 415 420 525 456; x_wconf 80' lang='grc' dir='ltr'>ἁπάσης</span> <span class='ocrx_word' id='word_1_54' title='bbox 551 422 754 459; x_wconf 77' lang='grc' dir='ltr'><strong>ἐπαινουμένης</strong></span> <span class='ocrx_word' id='word_1_55' title='bbox 780 425 904 458; x_wconf 84' lang='grc' dir='ltr'>μελέτης,</span> 
     </span>
    </p>
   </div>
   <div class='ocr_carea' id='block_1_11' title="bbox 125 463 906 505">
    <p class='ocr_par' dir='ltr' id='par_1_11' title="bbox 125 463 906 505">
     <span class='ocr_line' id='line_1_11' title="bbox 125 463 906 505; baseline 0.013 -17"><span class='ocrx_word' id='word_1_56' title='bbox 125 463 194 498; x_wconf 71' lang='grc' dir='ltr'>πρὸς</span> <span class='ocrx_word' id='word_1_57' title='bbox 212 464 316 498; x_wconf 78' lang='grc' dir='ltr'>ἀρετὴν</span> <span class='ocrx_word' id='word_1_58' title='bbox 336 465 488 494; x_wconf 79' lang='grc' dir='ltr'><strong>ἀπόνασθαι</strong></span> <span class='ocrx_word' id='word_1_59' title='bbox 506 468 540 494; x_wconf 76' lang='grc' dir='ltr'>τὰ</span> <span class='ocrx_word' id='word_1_60' title='bbox 563 469 721 504; x_wconf 85' lang='grc' dir='ltr'>γιγνόμενα,</span> <span class='ocrx_word' id='word_1_61' title='bbox 738 471 857 505; x_wconf 82' lang='grc' dir='ltr'><strong>Χριστοῦ</strong></span> <span class='ocrx_word' id='word_1_62' title='bbox 876 471 906 498; x_wconf 72' lang='grc' dir='ltr'>δὲ</span> 
     </span>
    </p>
   </div>
   <div class='ocr_carea' id='block_1_12' title="bbox 127 507 906 552">
    <p class='ocr_par' dir='ltr' id='par_1_12' title="bbox 127 507 906 552">
     <span class='ocr_line' id='line_1_12' title="bbox 127 507 906 552; baseline 0.013 -18"><span class='ocrx_word' id='word_1_63' title='bbox 127 509 192 544; x_wconf 78' lang='grc' dir='ltr'>πέρι</span> <span class='ocrx_word' id='word_1_64' title='bbox 217 510 264 536; x_wconf 76' lang='grc' dir='ltr'>καὶ</span> <span class='ocrx_word' id='word_1_65' title='bbox 278 507 318 537; x_wconf 84' lang='grc' dir='ltr'>ὧν</span> <span class='ocrx_word' id='word_1_66' title='bbox 341 511 423 544; x_wconf 74' lang='grc' dir='ltr'>αὐτὸς</span> <span class='ocrx_word' id='word_1_67' title='bbox 448 512 648 548; x_wconf 80' lang='grc' dir='ltr'><strong>φιλανθρώπως</strong></span> <span class='ocrx_word' id='word_1_68' title='bbox 674 516 738 551; x_wconf 82' lang='grc' dir='ltr'>περὶ</span> <span class='ocrx_word' id='word_1_69' title='bbox 761 516 811 550; x_wconf 87' lang='grc' dir='ltr'>τῆς</span> <span class='ocrx_word' id='word_1_70' title='bbox 836 517 906 552; x_wconf 73' lang='grc' dir='ltr'>ἐμῆς</span> 
     </span>
    </p>
   </div>
   <div class='ocr_carea' id='block_1_13' title="bbox 125 554 909 598">
    <p class='ocr_par' dir='ltr' id='par_1_13' title="bbox 125 554 909 598">
     <span class='ocr_line' id='line_1_13' title="bbox 125 554 909 598; baseline 0.014 -19"><span class='ocrx_word' id='word_1_71' title='bbox 125 554 319 590; x_wconf 79' lang='grc' dir='ltr'>ἐμηχανήσατο</span> <span class='ocrx_word' id='word_1_72' title='bbox 345 558 492 593; x_wconf 84' lang='grc' dir='ltr'><strong>σωτηρίας,</strong></span> <span class='ocrx_word' id='word_1_73' title='bbox 523 559 650 592; x_wconf 80' lang='grc' dir='ltr'><strong>διεξιέναι</strong></span> <span class='ocrx_word' id='word_1_74' title='bbox 675 563 731 593; x_wconf 86' lang='grc' dir='ltr'>τοίς</span> <span class='ocrx_word' id='word_1_75' title='bbox 755 562 909 598; x_wconf 70' lang='grc' dir='ltr'><strong>λογισμοῖς,</strong></span> 
     </span>
    </p>
   </div>
   <div class='ocr_carea' id='block_1_14' title="bbox 124 600 906 643">
    <p class='ocr_par' dir='ltr' id='par_1_14' title="bbox 124 600 906 643">
     <span class='ocr_line' id='line_1_14' title="bbox 124 600 906 643; baseline 0.013 -17"><span class='ocrx_word' id='word_1_76' title='bbox 124 600 210 636; x_wconf 81' lang='grc' dir='ltr'>αὐτὴν</span> <span class='ocrx_word' id='word_1_77' title='bbox 226 601 291 636; x_wconf 81' lang='grc' dir='ltr'>ἡμῖν</span> <span class='ocrx_word' id='word_1_78' title='bbox 305 602 433 637; x_wconf 80' lang='grc' dir='ltr'>ἄντικρυς</span> <span class='ocrx_word' id='word_1_79' title='bbox 441 603 496 638; x_wconf 78' lang='grc' dir='ltr'>ἔχει</span> <span class='ocrx_word' id='word_1_80' title='bbox 511 605 561 640; x_wconf 79' lang='grc' dir='ltr'>τὴν</span> <span class='ocrx_word' id='word_1_81' title='bbox 576 605 746 642; x_wconf 74' lang='grc' dir='ltr'>ζητουμένην</span> <span class='ocrx_word' id='word_1_82' title='bbox 759 608 843 643; x_wconf 82' lang='grc' dir='ltr'>ζωὴν,</span> <span class='ocrx_word' id='word_1_83' title='bbox 859 611 906 636; x_wconf 80' lang='grc' dir='ltr'>καὶ</span> 
     </span>
    </p>
   </div>
   <div class='ocr_carea' id='block_1_15' title="bbox 123 645 907 686">
    <p class='ocr_par' dir='ltr' id='par_1_15' title="bbox 123 645 907 686">
     <span class='ocr_line' id='line_1_15' title="bbox 123 645 907 686; baseline 0.013 -15"><span class='ocrx_word' id='word_1_84' title='bbox 123 645 169 672; x_wconf 79' lang='grc' dir='ltr'>διὰ</span> <span class='ocrx_word' id='word_1_85' title='bbox 184 647 293 673; x_wconf 82' lang='grc' dir='ltr'>πάντων</span> <span class='ocrx_word' id='word_1_86' title='bbox 307 647 481 676; x_wconf 84' lang='grc' dir='ltr'>ἀποδείκνυσι</span> <span class='ocrx_word' id='word_1_87' title='bbox 496 651 658 686; x_wconf 86' lang='grc' dir='ltr'>μακαρίους.</span> <span class='ocrx_word' id='word_1_88' title='bbox 674 653 728 679; x_wconf 77' lang='grc' dir='ltr'><strong>Καὶ</strong></span> <span class='ocrx_word' id='word_1_89' title='bbox 742 653 779 684; x_wconf 79' lang='grc' dir='ltr'><strong>ὡς</strong></span> <span class='ocrx_word' id='word_1_90' title='bbox 806 654 840 680; x_wconf 77' lang='grc' dir='ltr'>ἂν</span> <span class='ocrx_word' id='word_1_91' title='bbox 865 656 907 681; x_wconf 79' lang='grc' dir='ltr'><strong>ὲν-</strong></span> 
     </span>
    </p>
   </div>
   <div class='ocr_carea' id='block_1_16' title="bbox 123 691 905 734">
    <p class='ocr_par' dir='ltr' id='par_1_16' title="bbox 123 691 905 734">
     <span class='ocr_line' id='line_1_16' title="bbox 123 691 905 734; baseline 0.013 -18"><span class='ocrx_word' id='word_1_92' title='bbox 123 691 217 724; x_wconf 82' lang='grc' dir='ltr'>αργῶς</span> <span class='ocrx_word' id='word_1_93' title='bbox 233 691 357 726; x_wconf 78' lang='grc' dir='ltr'>εἰδῶμεν,</span> <span class='ocrx_word' id='word_1_94' title='bbox 375 693 571 730; x_wconf 79' lang='grc' dir='ltr'><strong>θεωρήσωμεν,</strong></span> <span class='ocrx_word' id='word_1_95' title='bbox 586 695 605 723; x_wconf 81' lang='grc' dir='ltr'><strong>ἃ.</strong></span> <span class='ocrx_word' id='word_1_96' title='bbox 620 697 683 729; x_wconf 84' lang='grc' dir='ltr'>τοὺς</span> <span class='ocrx_word' id='word_1_97' title='bbox 705 698 905 734; x_wconf 80' lang='grc' dir='ltr'>κατορθοῦντας</span> 
     </span>
    </p>
   </div>
   <div class='ocr_carea' id='block_1_17' title="bbox 123 737 906 780">
    <p class='ocr_par' dir='ltr' id='par_1_17' title="bbox 123 737 906 780">
     <span class='ocr_line' id='line_1_17' title="bbox 123 737 906 780; baseline 0.014 -18"><span class='ocrx_word' id='word_1_98' title='bbox 123 737 138 763; x_wconf 76' lang='grc' dir='ltr'><strong>ὁ</strong></span> <span class='ocrx_word' id='word_1_99' title='bbox 158 737 276 772; x_wconf 83' lang='grc' dir='ltr'>Χριστὸς</span> <span class='ocrx_word' id='word_1_100' title='bbox 291 738 371 770; x_wconf 68' lang='grc' dir='ltr'>αὐτὸς</span> <span class='ocrx_word' id='word_1_101' title='bbox 399 740 511 767; x_wconf 71' lang='grc' dir='ltr'>ἐκάλεσε</span> <span class='ocrx_word' id='word_1_102' title='bbox 531 742 692 776; x_wconf 82' lang='grc' dir='ltr'>μακαρίους,</span> <span class='ocrx_word' id='word_1_103' title='bbox 714 744 739 770; x_wconf 84' lang='grc' dir='ltr'><strong>εί</strong></span> <span class='ocrx_word' id='word_1_104' title='bbox 765 745 801 780; x_wconf 78' lang='grc' dir='ltr'>μὴ</span> <span class='ocrx_word' id='word_1_105' title='bbox 817 746 906 773; x_wconf 82' lang='grc' dir='ltr'>πάντα.</span> 
     </span>
    </p>
   </div>
   <div class='ocr_carea' id='block_1_18' title="bbox 122 782 906 823">
    <p class='ocr_par' dir='ltr' id='par_1_18' title="bbox 122 782 906 823">
     <span class='ocr_line' id='line_1_18' title="bbox 122 782 906 823; baseline 0.013 -15"><span class='ocrx_word' id='word_1_106' title='bbox 122 782 178 808; x_wconf 85' lang='grc' dir='ltr'><strong>τῶν</strong></span> <span class='ocrx_word' id='word_1_107' title='bbox 194 782 331 818; x_wconf 76' lang='grc' dir='ltr'>λογισμῶν</span> <span class='ocrx_word' id='word_1_108' title='bbox 349 785 495 820; x_wconf 80' lang='grc' dir='ltr'>ἐξήρτηται</span> <span class='ocrx_word' id='word_1_109' title='bbox 511 787 624 814; x_wconf 87' lang='grc' dir='ltr'>τούτων.</span> <span class='ocrx_word' id='word_1_110' title='bbox 642 788 723 821; x_wconf 84' lang='grc' dir='ltr'>Τίνας</span> <span class='ocrx_word' id='word_1_111' title='bbox 734 790 781 816; x_wconf 79' lang='grc' dir='ltr'><strong>οὖν</strong></span> <span class='ocrx_word' id='word_1_112' title='bbox 795 791 906 823; x_wconf 76' lang='grc' dir='ltr'>τούτους</span> 
     </span>
    </p>
   </div>
   <div class='ocr_carea' id='block_1_19' title="bbox 121 829 905 870">
    <p class='ocr_par' dir='ltr' id='par_1_19' title="bbox 121 829 905 870">
     <span class='ocr_line' id='line_1_19' title="bbox 121 829 905 870; baseline 0.013 -16"><span class='ocrx_word' id='word_1_113' title='bbox 121 829 137 854; x_wconf 77' lang='grc' dir='ltr'><strong>ό</strong></span> <span class='ocrx_word' id='word_1_114' title='bbox 153 829 234 863; x_wconf 83' lang='grc' dir='ltr'>μόνος</span> <span class='ocrx_word' id='word_1_115' title='bbox 256 829 294 861; x_wconf 81' lang='grc' dir='ltr'><strong>ὡς</strong></span> <span class='ocrx_word' id='word_1_116' title='bbox 316 830 423 865; x_wconf 82' lang='grc' dir='ltr'>ἀληθῶς</span> <span class='ocrx_word' id='word_1_117' title='bbox 453 833 586 867; x_wconf 73' lang='grc' dir='ltr'>μακάριος</span> <span class='ocrx_word' id='word_1_118' title='bbox 611 834 813 870; x_wconf 74' lang='grc' dir='ltr'>εὐδαιμονίζεις</span> <span class='ocrx_word' id='word_1_119' title='bbox 841 837 905 869; x_wconf 80' lang='grc' dir='ltr'>τοὺς</span> 
     </span>
    </p>
   </div>
   <div class='ocr_carea' id='block_1_20' title="bbox 123 874 905 914">
    <p class='ocr_par' dir='ltr' id='par_1_20' title="bbox 123 874 905 914">
     <span class='ocr_line' id='line_1_20' title="bbox 123 874 905 914; baseline 0.013 -16"><span class='ocrx_word' id='word_1_120' title='bbox 123 874 250 908; x_wconf 81' lang='grc' dir='ltr'>πτωχοὺς</span> <span class='ocrx_word' id='word_1_121' title='bbox 274 874 314 910; x_wconf 82' lang='grc' dir='ltr'>τῷ</span> <span class='ocrx_word' id='word_1_122' title='bbox 349 876 505 911; x_wconf 86' lang='grc' dir='ltr'>πνεύματι,</span> <span class='ocrx_word' id='word_1_123' title='bbox 535 878 598 909; x_wconf 81' lang='grc' dir='ltr'>τοὺς</span> <span class='ocrx_word' id='word_1_124' title='bbox 625 879 812 913; x_wconf 80' lang='grc' dir='ltr'>πενθοῦντας,</span> <span class='ocrx_word' id='word_1_125' title='bbox 841 882 905 914; x_wconf 81' lang='grc' dir='ltr'>τοὺς</span> 
     </span>
    </p>
   </div>
   <div class='ocr_carea' id='block_1_21' title="bbox 123 919 905 961">
    <p class='ocr_par' dir='ltr' id='par_1_21' title="bbox 123 919 905 961">
     <span class='ocr_line' id='line_1_21' title="bbox 123 919 905 961; baseline 0.013 -17"><span class='ocrx_word' id='word_1_126' title='bbox 123 919 242 954; x_wconf 80' lang='grc' dir='ltr'>πράους,</span> <span class='ocrx_word' id='word_1_127' title='bbox 262 920 325 952; x_wconf 81' lang='grc' dir='ltr'>τοὺς</span> <span class='ocrx_word' id='word_1_128' title='bbox 341 922 491 953; x_wconf 83' lang='grc' dir='ltr'>πεινῶντας</span> <span class='ocrx_word' id='word_1_129' title='bbox 511 924 558 950; x_wconf 77' lang='grc' dir='ltr'>καὶ</span> <span class='ocrx_word' id='word_1_130' title='bbox 575 924 709 959; x_wconf 80' lang='grc' dir='ltr'>διψῶντας</span> <span class='ocrx_word' id='word_1_131' title='bbox 736 926 786 961; x_wconf 87' lang='grc' dir='ltr'>τὴν</span> <span class='ocrx_word' id='word_1_132' title='bbox 802 927 905 954; x_wconf 85' lang='grc' dir='ltr'>δικαιο-</span> 
     </span>
    </p>
   </div>
   <div class='ocr_carea' id='block_1_22' title="bbox 122 965 904 1011">
    <p class='ocr_par' dir='ltr' id='par_1_22' title="bbox 122 965 904 1011">
     <span class='ocr_line' id='line_1_22' title="bbox 122 965 904 1011; baseline 0.013 -20"><span class='ocrx_word' id='word_1_133' title='bbox 122 965 218 1001; x_wconf 76' lang='grc' dir='ltr'>σύνην,</span> <span class='ocrx_word' id='word_1_134' title='bbox 244 967 308 998; x_wconf 84' lang='grc' dir='ltr'>τοὺς</span> <span class='ocrx_word' id='word_1_135' title='bbox 325 967 485 1003; x_wconf 77' lang='grc' dir='ltr'>ἐλεήμονας,</span> <span class='ocrx_word' id='word_1_136' title='bbox 506 970 570 1001; x_wconf 88' lang='grc' dir='ltr'>τοὺς</span> <span class='ocrx_word' id='word_1_137' title='bbox 587 972 726 1007; x_wconf 85' lang='grc' dir='ltr'>καθαροὺς</span> <span class='ocrx_word' id='word_1_138' title='bbox 740 974 774 1009; x_wconf 80' lang='grc' dir='ltr'>τῇ</span> <span class='ocrx_word' id='word_1_139' title='bbox 794 974 904 1011; x_wconf 79' lang='grc' dir='ltr'>καρδίᾳ,</span> 
     </span>
    </p>
   </div>
   <div class='ocr_carea' id='block_1_23' title="bbox 121 1011 906 1054">
    <p class='ocr_par' dir='ltr' id='par_1_23' title="bbox 121 1011 906 1054">
     <span class='ocr_line' id='line_1_23' title="bbox 121 1011 906 1054; baseline 0.014 -17"><span class='ocrx_word' id='word_1_140' title='bbox 121 1011 186 1043; x_wconf 83' lang='grc' dir='ltr'>τοὺς</span> <span class='ocrx_word' id='word_1_141' title='bbox 200 1012 395 1047; x_wconf 79' lang='grc' dir='ltr'>εἰρηνοποιοὺς.</span> <span class='ocrx_word' id='word_1_142' title='bbox 407 1015 470 1046; x_wconf 85' lang='grc' dir='ltr'>τοὺς</span> <span class='ocrx_word' id='word_1_143' title='bbox 481 1015 608 1051; x_wconf 83' lang='grc' dir='ltr'>διωγμῶν</span> <span class='ocrx_word' id='word_1_144' title='bbox 618 1018 664 1045; x_wconf 71' lang='grc' dir='ltr'><strong>καὶ</strong></span> <span class='ocrx_word' id='word_1_145' title='bbox 675 1020 773 1052; x_wconf 79' lang='grc' dir='ltr'>παντὸς</span> <span class='ocrx_word' id='word_1_146' title='bbox 788 1020 906 1054; x_wconf 82' lang='grc' dir='ltr'>ὀνείδους</span> 
     </span>
    </p>
   </div>
   <div class='ocr_carea' id='block_1_24' title="bbox 124 1058 905 1103">
    <p class='ocr_par' dir='ltr' id='par_1_24' title="bbox 124 1058 905 1103">
     <span class='ocr_line' id='line_1_24' title="bbox 124 1058 905 1103; baseline 0.017 -21"><span class='ocrx_word' id='word_1_147' title='bbox 124 1058 190 1103; x_wconf 60' lang='grc' dir='ltr'>περὶ</span> <span class='ocrx_word' id='word_1_148' title='bbox 206 1058 380 1103; x_wconf 67' lang='grc' dir='ltr'>δικαιοσύνης</span> <span class='ocrx_word' id='word_1_149' title='bbox 396 1061 442 1087; x_wconf 81' lang='grc' dir='ltr'><strong>καὶ</strong></span> <span class='ocrx_word' id='word_1_150' title='bbox 455 1062 507 1096; x_wconf 85' lang='grc' dir='ltr'>τῆς</span> <span class='ocrx_word' id='word_1_151' title='bbox 531 1064 596 1097; x_wconf 73' lang='grc' dir='ltr'>περὶ</span> <span class='ocrx_word' id='word_1_152' title='bbox 612 1064 729 1097; x_wconf 78' lang='grc' dir='ltr'>Χριστὸν</span> <span class='ocrx_word' id='word_1_153' title='bbox 750 1067 905 1103; x_wconf 78' lang='grc' dir='ltr'>προθυμίας</span> 
     </span>
    </p>
   </div>
   <div class='ocr_carea' id='block_1_25' title="bbox 122 1102 906 1146">
    <p class='ocr_par' dir='ltr' id='par_1_25' title="bbox 122 1102 906 1146">
     <span class='ocr_line' id='line_1_25' title="bbox 122 1102 906 1146; baseline 0.017 -19"><span class='ocrx_word' id='word_1_154' title='bbox 122 1102 313 1136; x_wconf 80' lang='grc' dir='ltr'>ἀνεχομένους.</span> <span class='ocrx_word' id='word_1_155' title='bbox 327 1102 406 1132; x_wconf 72' lang='grc' dir='ltr'>Οὗτοι</span> <span class='ocrx_word' id='word_1_156' title='bbox 422 1106 471 1141; x_wconf 85' lang='grc' dir='ltr'><strong>μὲν</strong></span> <span class='ocrx_word' id='word_1_157' title='bbox 492 1105 538 1134; x_wconf 82' lang='grc' dir='ltr'><strong>οὖν</strong></span> <span class='ocrx_word' id='word_1_158' title='bbox 553 1108 577 1134; x_wconf 83' lang='lat' dir='ltr'><strong>ol</strong></span> <span class='ocrx_word' id='word_1_159' title='bbox 593 1109 643 1143; x_wconf 84' lang='grc' dir='ltr'>τῆς</span> <span class='ocrx_word' id='word_1_160' title='bbox 669 1112 806 1146; x_wconf 86' lang='grc' dir='ltr'>μακαρίας</span> <span class='ocrx_word' id='word_1_161' title='bbox 830 1102 906 1140; x_wconf 76' lang='grc' dir='ltr'>ἐπει-</span> 
     </span>
    </p>
   </div>
   <div class='ocr_carea' id='block_1_26' title="bbox 122 1147 905 1190">
    <p class='ocr_par' dir='ltr' id='par_1_26' title="bbox 122 1147 905 1190">
     <span class='ocr_line' id='line_1_26' title="bbox 122 1147 905 1190; baseline 0.017 -17"><span class='ocrx_word' id='word_1_162' title='bbox 122 1147 259 1182; x_wconf 74' lang='grc' dir='ltr'>λημμένοι</span> <span class='ocrx_word' id='word_1_163' title='bbox 278 1148 361 1184; x_wconf 80' lang='grc' dir='ltr'>ζωῆς.</span> <span class='ocrx_word' id='word_1_164' title='bbox 378 1150 409 1177; x_wconf 78' lang='lat' dir='ltr'><strong>El</strong></span> <span class='ocrx_word' id='word_1_165' title='bbox 421 1152 510 1178; x_wconf 84' lang='grc' dir='ltr'>τοίνυν</span> <span class='ocrx_word' id='word_1_166' title='bbox 528 1153 581 1180; x_wconf 77' lang='grc' dir='ltr'>άπὸ</span> <span class='ocrx_word' id='word_1_167' title='bbox 591 1154 789 1190; x_wconf 56' lang='grc' dir='ltr'>τῶνλλογισμῶν</span> <span class='ocrx_word' id='word_1_168' title='bbox 803 1159 905 1186; x_wconf 80' lang='grc' dir='ltr'>τούτων</span> 
     </span>
    </p>
   </div>
   <div class='ocr_carea' id='block_1_27' title="bbox 121 1195 903 1238">
    <p class='ocr_par' dir='ltr' id='par_1_27' title="bbox 121 1195 903 1238">
     <span class='ocr_line' id='line_1_27' title="bbox 121 1195 903 1238; baseline 0.017 -18"><span class='ocrx_word' id='word_1_169' title='bbox 121 1196 173 1228; x_wconf 77' lang='grc' dir='ltr'>τὴν</span> <span class='ocrx_word' id='word_1_170' title='bbox 189 1195 275 1230; x_wconf 81' lang='grc' dir='ltr'>καλὴν</span> <span class='ocrx_word' id='word_1_171' title='bbox 295 1195 481 1233; x_wconf 82' lang='grc' dir='ltr'>πλαττόμενον</span> <span class='ocrx_word' id='word_1_172' title='bbox 509 1199 606 1227; x_wconf 87' lang='grc' dir='ltr'>πλάσιν</span> <span class='ocrx_word' id='word_1_173' title='bbox 627 1201 722 1230; x_wconf 78' lang='grc' dir='ltr'>τοῦτον</span> <span class='ocrx_word' id='word_1_174' title='bbox 739 1205 903 1238; x_wconf 76' lang='grc' dir='ltr'>σκοποῦντες</span> 
     </span>
    </p>
   </div>
   <div class='ocr_carea' id='block_1_28' title="bbox 122 1240 904 1283">
    <p class='ocr_par' dir='ltr' id='par_1_28' title="bbox 122 1240 904 1283">
     <span class='ocr_line' id='line_1_28' title="bbox 122 1240 904 1283; baseline 0.018 -17"><span class='ocrx_word' id='word_1_175' title='bbox 122 1240 278 1276; x_wconf 79' lang='grc' dir='ltr'>εὑρήσομεν</span> <span class='ocrx_word' id='word_1_176' title='bbox 300 1243 346 1270; x_wconf 78' lang='grc' dir='ltr'>τὸν</span> <span class='ocrx_word' id='word_1_177' title='bbox 364 1244 445 1278; x_wconf 76' lang='grc' dir='ltr'>χορὸν</span> <span class='ocrx_word' id='word_1_178' title='bbox 466 1247 511 1273; x_wconf 77' lang='grc' dir='ltr'>καὶ</span> <span class='ocrx_word' id='word_1_179' title='bbox 535 1248 598 1279; x_wconf 81' lang='grc' dir='ltr'>τοὺς</span> <span class='ocrx_word' id='word_1_180' title='bbox 626 1250 773 1283; x_wconf 69' lang='grc' dir='ltr'>στεφάνους</span> <span class='ocrx_word' id='word_1_181' title='bbox 799 1252 904 1280; x_wconf 83' lang='grc' dir='ltr'>ἐκεῖθεν</span> 
     </span>
    </p>
   </div>
   <div class='ocr_carea' id='block_1_29' title="bbox 123 1286 903 1334">
    <p class='ocr_par' dir='ltr' id='par_1_29' title="bbox 123 1286 903 1334">
     <span class='ocr_line' id='line_1_29' title="bbox 123 1286 903 1334; baseline 0.018 -23"><span class='ocrx_word' id='word_1_182' title='bbox 123 1286 321 1334; x_wconf 79' lang='grc' dir='ltr'>πλεκομένους,</span> <span class='ocrx_word' id='word_1_183' title='bbox 339 1290 426 1316; x_wconf 81' lang='grc' dir='ltr'>ἆπασι</span> <span class='ocrx_word' id='word_1_184' title='bbox 449 1291 528 1326; x_wconf 81' lang='grc' dir='ltr'>δῆλον</span> <span class='ocrx_word' id='word_1_185' title='bbox 545 1293 577 1319; x_wconf 81' lang='grc' dir='ltr'>ἂν</span> <span class='ocrx_word' id='word_1_186' title='bbox 595 1294 700 1327; x_wconf 77' lang='grc' dir='ltr'>γένοιτο</span> <span class='ocrx_word' id='word_1_187' title='bbox 716 1297 835 1330; x_wconf 86' lang='grc' dir='ltr'>πάντως,</span> <span class='ocrx_word' id='word_1_188' title='bbox 853 1299 903 1334; x_wconf 83' lang='grc' dir='ltr'>τὴν</span> 
     </span>
    </p>
   </div>
   <div class='ocr_carea' id='block_1_30' title="bbox 123 1331 905 1379">
    <p class='ocr_par' dir='ltr' id='par_1_30' title="bbox 123 1331 905 1379">
     <span class='ocr_line' id='line_1_30' title="bbox 123 1331 905 1379; baseline 0.018 -23"><span class='ocrx_word' id='word_1_189' title='bbox 123 1331 188 1366; x_wconf 76' lang='grc' dir='ltr'>περὶ</span> <span class='ocrx_word' id='word_1_190' title='bbox 208 1334 332 1360; x_wconf 72' lang='grc' dir='ltr'>τουτουσὶ</span> <span class='ocrx_word' id='word_1_191' title='bbox 347 1335 411 1366; x_wconf 77' lang='grc' dir='ltr'>τοὺς</span> <span class='ocrx_word' id='word_1_192' title='bbox 431 1335 527 1368; x_wconf 78' lang='grc' dir='ltr'>λόγους</span> <span class='ocrx_word' id='word_1_193' title='bbox 551 1337 692 1374; x_wconf 74' lang='grc' dir='ltr'>διατριϐὴν</span> <span class='ocrx_word' id='word_1_194' title='bbox 715 1341 764 1367; x_wconf 79' lang='grc' dir='ltr'>καὶ</span> <span class='ocrx_word' id='word_1_195' title='bbox 789 1331 905 1379; x_wconf 74' lang='grc' dir='ltr'>μελέτην</span> 
     </span>
    </p>
   </div>
   <div class='ocr_carea' id='block_1_31' title="bbox 122 1377 904 1421">
    <p class='ocr_par' dir='ltr' id='par_1_31' title="bbox 122 1377 904 1421">
     <span class='ocr_line' id='line_1_31' title="bbox 122 1377 904 1421; baseline 0.017 -18"><span class='ocrx_word' id='word_1_196' title='bbox 122 1377 183 1404; x_wconf 75' lang='grc' dir='ltr'>ὁδὸν</span> <span class='ocrx_word' id='word_1_197' title='bbox 198 1378 306 1414; x_wconf 81' lang='grc' dir='ltr'>ἀσφαλῆ</span> <span class='ocrx_word' id='word_1_198' title='bbox 321 1381 369 1407; x_wconf 85' lang='grc' dir='ltr'><strong>καὶ</strong></span> <span class='ocrx_word' id='word_1_199' title='bbox 383 1381 507 1408; x_wconf 78' lang='grc' dir='ltr'>διάϐασιν</span> <span class='ocrx_word' id='word_1_200' title='bbox 521 1383 566 1409; x_wconf 72' lang='grc' dir='ltr'><strong>καὶ</strong></span> <span class='ocrx_word' id='word_1_201' title='bbox 587 1384 708 1419; x_wconf 83' lang='grc' dir='ltr'>κλίμακα</span> <span class='ocrx_word' id='word_1_202' title='bbox 723 1387 769 1413; x_wconf 78' lang='grc' dir='ltr'><strong>καὶ</strong></span> <span class='ocrx_word' id='word_1_203' title='bbox 784 1388 796 1414; x_wconf 82' lang='grc' dir='ltr'><strong>ὃ</strong></span> <span class='ocrx_word' id='word_1_204' title='bbox 821 1389 847 1415; x_wconf 91' lang='grc' dir='ltr'><strong>τί</strong></span> <span class='ocrx_word' id='word_1_205' title='bbox 863 1377 904 1421; x_wconf 76' lang='grc' dir='ltr'><strong>τις</strong></span> 
     </span>
    </p>
   </div>
   <div class='ocr_carea' id='block_1_32' title="bbox 121 1423 747 1467">
    <p class='ocr_par' dir='ltr' id='par_1_32' title="bbox 121 1423 747 1467">
     <span class='ocr_line' id='line_1_32' title="bbox 121 1423 747 1467; baseline 0.018 -19"><span class='ocrx_word' id='word_1_206' title='bbox 121 1423 154 1449; x_wconf 79' lang='grc' dir='ltr'>ἂν</span> <span class='ocrx_word' id='word_1_207' title='bbox 171 1423 254 1457; x_wconf 85' lang='grc' dir='ltr'>εῐποι,</span> <span class='ocrx_word' id='word_1_208' title='bbox 273 1425 341 1459; x_wconf 76' lang='grc' dir='ltr'>πρὸς</span> <span class='ocrx_word' id='word_1_209' title='bbox 360 1426 408 1461; x_wconf 82' lang='grc' dir='ltr'>τὴν</span> <span class='ocrx_word' id='word_1_210' title='bbox 423 1429 562 1463; x_wconf 85' lang='grc' dir='ltr'>μακαρίαν</span> <span class='ocrx_word' id='word_1_211' title='bbox 577 1428 648 1457; x_wconf 69' lang='grc' dir='ltr'>εἶναι</span> <span class='ocrx_word' id='word_1_212' title='bbox 664 1431 747 1467; x_wconf 79' lang='grc' dir='ltr'>ζωήν.</span> 
     </span>
    </p>
   </div>
   <div class='ocr_carea' id='block_1_33' title="bbox 157 1469 906 1515">
    <p class='ocr_par' dir='ltr' id='par_1_33' title="bbox 157 1469 906 1515">
     <span class='ocr_line' id='line_1_33' title="bbox 157 1469 906 1515; baseline 0.017 -20"><span class='ocrx_word' id='word_1_213' title='bbox 157 1469 263 1515; x_wconf 56' lang='grc' dir='ltr'>Αὐτίκα</span> <span class='ocrx_word' id='word_1_214' title='bbox 273 1471 348 1507; x_wconf 79' lang='grc' dir='ltr'><strong>γὰρὴ</strong></span> <span class='ocrx_word' id='word_1_215' title='bbox 361 1472 390 1499; x_wconf 82' lang='grc' dir='ltr'>ἐν</span> <span class='ocrx_word' id='word_1_216' title='bbox 400 1473 534 1508; x_wconf 83' lang='grc' dir='ltr'>πνεύματι</span> <span class='ocrx_word' id='word_1_217' title='bbox 544 1477 662 1511; x_wconf 74' lang='grc' dir='ltr'>πτωχεία</span> <span class='ocrx_word' id='word_1_218' title='bbox 672 1477 717 1504; x_wconf 77' lang='grc' dir='ltr'><strong>καὶ</strong></span> <span class='ocrx_word' id='word_1_219' title='bbox 731 1487 741 1505; x_wconf 78' lang='grc' dir='ltr'><strong>ι</strong></span> <span class='ocrx_word' id='word_1_220' title='bbox 753 1479 782 1505; x_wconf 83' lang='grc' dir='ltr'>τὸ</span> <span class='ocrx_word' id='word_1_221' title='bbox 792 1480 829 1514; x_wconf 82' lang='grc' dir='ltr'>μὴ</span> <span class='ocrx_word' id='word_1_222' title='bbox 838 1490 906 1515; x_wconf 84' lang='grc' dir='ltr'>φρο-</span> 
     </span>
    </p>
   </div>
   <div class='ocr_carea' id='block_1_34' title="bbox 958 240 1739 276">
    <p class='ocr_par' dir='ltr' id='par_1_34' title="bbox 958 240 1739 276">
     <span class='ocr_line' id='line_1_34' title="bbox 958 240 1739 276; baseline 0.006 -9"><span class='ocrx_word' id='word_1_223' title='bbox 958 247 1017 268; x_wconf 84' lang='lat' dir='ltr'><strong>mas</strong></span> <span class='ocrx_word' id='word_1_224' title='bbox 1033 240 1212 276; x_wconf 76' lang='lat' dir='ltr'><strong>ingenerant;</strong></span> <span class='ocrx_word' id='word_1_225' title='bbox 1238 248 1265 270; x_wconf 88' lang='lat' dir='ltr'><strong>et</strong></span> <span class='ocrx_word' id='word_1_226' title='bbox 1282 248 1388 274; x_wconf 89' lang='lat' dir='ltr'><strong>contra.</strong></span> <span class='ocrx_word' id='word_1_227' title='bbox 1414 245 1479 271; x_wconf 90' lang='lat' dir='ltr'><strong>mali</strong></span> <span class='ocrx_word' id='word_1_228' title='bbox 1504 245 1642 272; x_wconf 68' lang='lat' dir='ltr'><strong>daemones</strong></span> <span class='ocrx_word' id='word_1_229' title='bbox 1670 246 1739 273; x_wconf 69' lang='lat' dir='ltr'><strong>[teda</strong></span> 
     </span>
    </p>
   </div>
   <div class='ocr_carea' id='block_1_35' title="bbox 956 286 1741 326">
    <p class='ocr_par' dir='ltr' id='par_1_35' title="bbox 956 286 1741 326">
     <span class='ocr_line' id='line_1_35' title="bbox 956 286 1741 326; baseline 0.008 -14"><span class='ocrx_word' id='word_1_230' title='bbox 956 286 1103 314; x_wconf 87' lang='lat' dir='ltr'><strong>simulacra</strong></span> <span class='ocrx_word' id='word_1_231' title='bbox 1121 288 1194 315; x_wconf 88' lang='lat' dir='ltr'><strong>intus</strong></span> <span class='ocrx_word' id='word_1_232' title='bbox 1208 288 1337 321; x_wconf 81' lang='lat' dir='ltr'><strong>excitant,</strong></span> <span class='ocrx_word' id='word_1_233' title='bbox 1355 294 1385 316; x_wconf 90' lang='lat' dir='ltr'><strong>ut</strong></span> <span class='ocrx_word' id='word_1_234' title='bbox 1400 290 1450 316; x_wconf 86' lang='lat' dir='ltr'><strong>ista</strong></span> <span class='ocrx_word' id='word_1_235' title='bbox 1469 290 1521 322; x_wconf 90' lang='lat' dir='ltr'><strong>via,</strong></span> <span class='ocrx_word' id='word_1_236' title='bbox 1541 291 1566 317; x_wconf 91' lang='lat' dir='ltr'><strong>hi</strong></span> <span class='ocrx_word' id='word_1_237' title='bbox 1593 292 1625 318; x_wconf 82' lang='lat' dir='ltr'><strong>ad</strong></span> <span class='ocrx_word' id='word_1_238' title='bbox 1643 292 1741 326; x_wconf 54' lang='lat' dir='ltr'><strong>turpis.</strong></span> 
     </span>
    </p>
   </div>
   <div class='ocr_carea' id='block_1_36' title="bbox 956 330 1643 370">
    <p class='ocr_par' dir='ltr' id='par_1_36' title="bbox 956 330 1643 370">
     <span class='ocr_line' id='line_1_36' title="bbox 956 330 1643 370; baseline 0.009 -13"><span class='ocrx_word' id='word_1_239' title='bbox 956 330 1036 364; x_wconf 87' lang='lat' dir='ltr'><strong>sima,</strong></span> <span class='ocrx_word' id='word_1_240' title='bbox 1053 332 1090 359; x_wconf 82' lang='lat' dir='ltr'><strong>illi</strong></span> <span class='ocrx_word' id='word_1_241' title='bbox 1106 332 1138 359; x_wconf 94' lang='lat' dir='ltr'><strong>ad</strong></span> <span class='ocrx_word' id='word_1_242' title='bbox 1152 333 1344 362; x_wconf 84' lang='lat' dir='ltr'><strong>honestissima</strong></span> <span class='ocrx_word' id='word_1_243' title='bbox 1359 336 1462 370; x_wconf 77' lang='lat' dir='ltr'><strong>agenda</strong></span> <span class='ocrx_word' id='word_1_244' title='bbox 1487 341 1643 370; x_wconf 75' lang='lat' dir='ltr'><strong>provoct-nt.</strong></span> 
     </span>
    </p>
   </div>
   <div class='ocr_carea' id='block_1_37' title="bbox 991 415 1739 458">
    <p class='ocr_par' dir='ltr' id='par_1_37' title="bbox 991 415 1739 458">
     <span class='ocr_line' id='line_1_37' title="bbox 991 415 1739 458; baseline 0.004 -11"><span class='ocrx_word' id='word_1_245' title='bbox 991 419 1037 447; x_wconf 81' lang='lat' dir='ltr'><strong>Est</strong></span> <span class='ocrx_word' id='word_1_246' title='bbox 1053 420 1135 454; x_wconf 75' lang='lat' dir='ltr'><strong>igitur</strong></span> <span class='ocrx_word' id='word_1_247' title='bbox 1149 421 1282 456; x_wconf 84' lang='lat' dir='ltr'><strong>cujusque</strong></span> <span class='ocrx_word' id='word_1_248' title='bbox 1298 422 1411 450; x_wconf 78' lang='lat' dir='ltr'><strong>laudatae</strong></span> <span class='ocrx_word' id='word_1_249' title='bbox 1431 415 1614 451; x_wconf 71' lang='lat' dir='ltr'><strong>meditationis</strong></span> <span class='ocrx_word' id='word_1_250' title='bbox 1638 426 1739 458; x_wconf 77' lang='lat' dir='ltr'><strong>videro,</strong></span> 
     </span>
    </p>
   </div>
   <div class='ocr_carea' id='block_1_38' title="bbox 957 465 1739 504">
    <p class='ocr_par' dir='ltr' id='par_1_38' title="bbox 957 465 1739 504">
     <span class='ocr_line' id='line_1_38' title="bbox 957 465 1739 504; baseline 0.006 -12"><span class='ocrx_word' id='word_1_251' title='bbox 957 465 1095 500; x_wconf 87' lang='lat' dir='ltr'><strong>quomodo</strong></span> <span class='ocrx_word' id='word_1_252' title='bbox 1106 466 1228 494; x_wconf 76' lang='lat' dir='ltr'><strong>actiones</strong></span> <span class='ocrx_word' id='word_1_253' title='bbox 1244 475 1277 494; x_wconf 82' lang='lat' dir='ltr'><strong>ex</strong></span> <span class='ocrx_word' id='word_1_254' title='bbox 1295 468 1394 495; x_wconf 89' lang='lat' dir='ltr'><strong>virtute</strong></span> <span class='ocrx_word' id='word_1_255' title='bbox 1409 469 1551 504; x_wconf 82' lang='lat' dir='ltr'><strong>proﬁciant</strong></span> <span class='ocrx_word' id='word_1_256' title='bbox 1567 478 1575 500; x_wconf 85' lang='lat'>;</span> <span class='ocrx_word' id='word_1_257' title='bbox 1601 469 1739 497; x_wconf 85' lang='lat' dir='ltr'><strong>Christum</strong></span> 
     </span>
    </p>
   </div>
   <div class='ocr_carea' id='block_1_39' title="bbox 956 509 1739 547">
    <p class='ocr_par' dir='ltr' id='par_1_39' title="bbox 956 509 1739 547">
     <span class='ocr_line' id='line_1_39' title="bbox 956 509 1739 547; baseline 0.009 -12"><span class='ocrx_word' id='word_1_258' title='bbox 956 513 1047 537; x_wconf 89' lang='lat' dir='ltr'><strong>autem</strong></span> <span class='ocrx_word' id='word_1_259' title='bbox 1063 509 1200 543; x_wconf 85' lang='lat' dir='ltr'><strong>meditari,</strong></span> <span class='ocrx_word' id='word_1_260' title='bbox 1212 515 1239 537; x_wconf 87' lang='lat' dir='ltr'><strong>et</strong></span> <span class='ocrx_word' id='word_1_261' title='bbox 1252 519 1312 546; x_wconf 71' lang='lat' dir='ltr'><strong>quae</strong></span> <span class='ocrx_word' id='word_1_262' title='bbox 1327 511 1350 539; x_wconf 93' lang='lat' dir='ltr'><strong>is</strong></span> <span class='ocrx_word' id='word_1_263' title='bbox 1360 519 1410 547; x_wconf 89' lang='lat' dir='ltr'><strong>pro</strong></span> <span class='ocrx_word' id='word_1_264' title='bbox 1432 520 1489 540; x_wconf 87' lang='lat' dir='ltr'><strong>mea</strong></span> <span class='ocrx_word' id='word_1_265' title='bbox 1502 514 1589 540; x_wconf 88' lang='lat' dir='ltr'><strong>salute</strong></span> <span class='ocrx_word' id='word_1_266' title='bbox 1615 522 1739 542; x_wconf 83' lang='lat' dir='ltr'><strong>amanter</strong></span> 
     </span>
    </p>
   </div>
   <div class='ocr_carea' id='block_1_40' title="bbox 956 555 1732 594">
    <p class='ocr_par' dir='ltr' id='par_1_40' title="bbox 956 555 1732 594">
     <span class='ocr_line' id='line_1_40' title="bbox 956 555 1732 594; baseline 0.006 -13"><span class='ocrx_word' id='word_1_267' title='bbox 956 555 1098 587; x_wconf 84' lang='lat' dir='ltr'><strong>laboravit,</strong></span> <span class='ocrx_word' id='word_1_268' title='bbox 1114 557 1325 590; x_wconf 65' lang='lat' dir='ltr'><strong>cogitationibus</strong></span> <span class='ocrx_word' id='word_1_269' title='bbox 1352 565 1526 592; x_wconf 81' lang='lat' dir='ltr'><strong>percurrere,</strong></span> <span class='ocrx_word' id='word_1_270' title='bbox 1541 566 1633 594; x_wconf 86' lang='lat' dir='ltr'><strong>aperte</strong></span> <span class='ocrx_word' id='word_1_271' title='bbox 1650 561 1732 587; x_wconf 88' lang='lat' dir='ltr'><strong>vitam</strong></span> 
     </span>
    </p>
   </div>
   <div class='ocr_carea' id='block_1_41' title="bbox 956 601 1738 638">
    <p class='ocr_par' dir='ltr' id='par_1_41' title="bbox 956 601 1738 638">
     <span class='ocr_line' id='line_1_41' title="bbox 956 601 1738 638; baseline 0.006 -11"><span class='ocrx_word' id='word_1_272' title='bbox 956 601 1035 629; x_wconf 83' lang='lat' dir='ltr'><strong>nobis</strong></span> <span class='ocrx_word' id='word_1_273' title='bbox 1058 601 1198 636; x_wconf 78' lang='lat' dir='ltr'><strong>quaesitam</strong></span> <span class='ocrx_word' id='word_1_274' title='bbox 1229 603 1360 633; x_wconf 80' lang='lat' dir='ltr'><strong>continet,</strong></span> <span class='ocrx_word' id='word_1_275' title='bbox 1395 610 1496 638; x_wconf 85' lang='lat' dir='ltr'><strong>perque</strong></span> <span class='ocrx_word' id='word_1_276' title='bbox 1523 605 1613 631; x_wconf 86' lang='lat' dir='ltr'><strong>omnia</strong></span> <span class='ocrx_word' id='word_1_277' title='bbox 1646 605 1738 632; x_wconf 87' lang='lat' dir='ltr'><strong>beatos</strong></span> 
     </span>
    </p>
   </div>
   <div class='ocr_carea' id='block_1_42' title="bbox 955 645 1739 682">
    <p class='ocr_par' dir='ltr' id='par_1_42' title="bbox 955 645 1739 682">
     <span class='ocr_line' id='line_1_42' title="bbox 955 645 1739 682; baseline 0.005 -10"><span class='ocrx_word' id='word_1_278' title='bbox 955 645 1054 674; x_wconf 82' lang='lat' dir='ltr'><strong>reddit.</strong></span> <span class='ocrx_word' id='word_1_279' title='bbox 1070 647 1141 674; x_wconf 87' lang='lat' dir='ltr'><strong>Etut</strong></span> <span class='ocrx_word' id='word_1_280' title='bbox 1158 648 1228 674; x_wconf 86' lang='lat' dir='ltr'><strong>istuc</strong></span> <span class='ocrx_word' id='word_1_281' title='bbox 1254 647 1398 675; x_wconf 80' lang='lat' dir='ltr'><strong>mauifcsbe</strong></span> <span class='ocrx_word' id='word_1_282' title='bbox 1419 656 1625 682; x_wconf 79' lang='lat' dir='ltr'><strong>cognoscamus,</strong></span> <span class='ocrx_word' id='word_1_283' title='bbox 1650 650 1739 676; x_wconf 86' lang='lat' dir='ltr'><strong>consi-</strong></span> 
     </span>
    </p>
   </div>
   <div class='ocr_carea' id='block_1_43' title="bbox 955 692 1737 729">
    <p class='ocr_par' dir='ltr' id='par_1_43' title="bbox 955 692 1737 729">
     <span class='ocr_line' id='line_1_43' title="bbox 955 692 1737 729; baseline 0.005 -11"><span class='ocrx_word' id='word_1_284' title='bbox 955 692 1158 725; x_wconf 67' lang='lat' dir='ltr'><strong>deremus,illa3</strong></span> <span class='ocrx_word' id='word_1_285' title='bbox 1186 693 1383 726; x_wconf 69' lang='lat' dir='ltr'><strong>sanctimoniae,</strong></span> <span class='ocrx_word' id='word_1_286' title='bbox 1415 698 1526 729; x_wconf 88' lang='lat' dir='ltr'><strong>propter</strong></span> <span class='ocrx_word' id='word_1_287' title='bbox 1551 703 1620 729; x_wconf 81' lang='lat' dir='ltr'><strong>quas</strong></span> <span class='ocrx_word' id='word_1_288' title='bbox 1643 703 1737 722; x_wconf 80' lang='lat' dir='ltr'><strong>e:ll&#39;lllll</strong></span> 
     </span>
    </p>
   </div>
   <div class='ocr_carea' id='block_1_44' title="bbox 955 738 1738 775">
    <p class='ocr_par' dir='ltr' id='par_1_44' title="bbox 955 738 1738 775">
     <span class='ocr_line' id='line_1_44' title="bbox 955 738 1738 775; baseline 0.005 -11"><span class='ocrx_word' id='word_1_289' title='bbox 955 738 1075 765; x_wconf 87' lang='lat' dir='ltr'><strong>cultores</strong></span> <span class='ocrx_word' id='word_1_290' title='bbox 1090 739 1215 766; x_wconf 82' lang='lat' dir='ltr'><strong>Christus</strong></span> <span class='ocrx_word' id='word_1_291' title='bbox 1232 739 1290 773; x_wconf 88' lang='lat' dir='ltr'><strong>ipse</strong></span> <span class='ocrx_word' id='word_1_292' title='bbox 1311 739 1406 767; x_wconf 82' lang='lat' dir='ltr'><strong>beatos</strong></span> <span class='ocrx_word' id='word_1_293' title='bbox 1438 741 1594 775; x_wconf 70' lang='lat' dir='ltr'><strong>praedicavit</strong></span> <span class='ocrx_word' id='word_1_294' title='bbox 1608 761 1615 772; x_wconf 87' lang='lat'>.</span> <span class='ocrx_word' id='word_1_295' title='bbox 1650 750 1738 768; x_wconf 79' lang='lat' dir='ltr'><strong>annon</strong></span> 
     </span>
    </p>
   </div>
   <div class='ocr_carea' id='block_1_45' title="bbox 955 783 1740 820">
    <p class='ocr_par' dir='ltr' id='par_1_45' title="bbox 955 783 1740 820">
     <span class='ocr_line' id='line_1_45' title="bbox 955 783 1740 820; baseline 0.006 -11"><span class='ocrx_word' id='word_1_296' title='bbox 955 790 1050 810; x_wconf 90' lang='lat' dir='ltr'><strong>omnes</strong></span> <span class='ocrx_word' id='word_1_297' title='bbox 1065 783 1098 810; x_wconf 92' lang='lat' dir='ltr'><strong>ab</strong></span> <span class='ocrx_word' id='word_1_298' title='bbox 1114 783 1188 812; x_wconf 83' lang='lat' dir='ltr'><strong>hisce</strong></span> <span class='ocrx_word' id='word_1_299' title='bbox 1208 785 1418 820; x_wconf 81' lang='lat' dir='ltr'><strong>cogitationibus</strong></span> <span class='ocrx_word' id='word_1_300' title='bbox 1438 786 1656 820; x_wconf 75' lang='lat' dir='ltr'><strong>proficiscantur.</strong></span> <span class='ocrx_word' id='word_1_301' title='bbox 1667 787 1740 819; x_wconf 79' lang='lat' dir='ltr'><strong>Quos</strong></span> 
     </span>
    </p>
   </div>
   <div class='ocr_carea' id='block_1_46' title="bbox 955 829 1740 865">
    <p class='ocr_par' dir='ltr' id='par_1_46' title="bbox 955 829 1740 865">
     <span class='ocr_line' id='line_1_46' title="bbox 955 829 1740 865; baseline 0.005 -10"><span class='ocrx_word' id='word_1_302' title='bbox 955 836 1020 864; x_wconf 77' lang='lat' dir='ltr'><strong>ergo</strong></span> <span class='ocrx_word' id='word_1_303' title='bbox 1043 829 1162 862; x_wconf 90' lang='lat' dir='ltr'><strong>tandem,</strong></span> <span class='ocrx_word' id='word_1_304' title='bbox 1178 831 1223 865; x_wconf 92' lang='lat' dir='ltr'><strong>qui</strong></span> <span class='ocrx_word' id='word_1_305' title='bbox 1248 831 1323 858; x_wconf 88' lang='lat' dir='ltr'><strong>solus</strong></span> <span class='ocrx_word' id='word_1_306' title='bbox 1339 837 1366 858; x_wconf 85' lang='lat' dir='ltr'><strong>et</strong></span> <span class='ocrx_word' id='word_1_307' title='bbox 1386 839 1449 859; x_wconf 85' lang='lat' dir='ltr'><strong>vere</strong></span> <span class='ocrx_word' id='word_1_308' title='bbox 1463 831 1558 859; x_wconf 81' lang='lat' dir='ltr'><strong>beatus</strong></span> <span class='ocrx_word' id='word_1_309' title='bbox 1581 837 1633 864; x_wconf 83' lang='lat' dir='ltr'><strong>est,</strong></span> <span class='ocrx_word' id='word_1_310' title='bbox 1647 832 1740 859; x_wconf 78' lang='lat' dir='ltr'><strong>beatus</strong></span> 
     </span>
    </p>
   </div>
   <div class='ocr_carea' id='block_1_47' title="bbox 952 872 1740 912">
    <p class='ocr_par' dir='ltr' id='par_1_47' title="bbox 952 872 1740 912">
     <span class='ocr_line' id='line_1_47' title="bbox 952 872 1740 912; baseline 0.006 -12"><span class='ocrx_word' id='word_1_311' title='bbox 952 872 1081 907; x_wconf 83' lang='lat' dir='ltr'><strong>judicat?</strong></span> <span class='ocrx_word' id='word_1_312' title='bbox 1099 875 1236 910; x_wconf 88' lang='lat' dir='ltr'><strong>Pauperes</strong></span> <span class='ocrx_word' id='word_1_313' title='bbox 1249 876 1357 911; x_wconf 85' lang='lat' dir='ltr'><strong>spiritu,</strong></span> <span class='ocrx_word' id='word_1_314' title='bbox 1375 877 1506 912; x_wconf 80' lang='lat' dir='ltr'><strong>lugentes,</strong></span> <span class='ocrx_word' id='word_1_315' title='bbox 1518 879 1740 910; x_wconf 83' lang='lat' dir='ltr'><strong>miles,esuricn-</strong></span> 
     </span>
    </p>
   </div>
   <div class='ocr_carea' id='block_1_48' title="bbox 955 921 1739 957">
    <p class='ocr_par' dir='ltr' id='par_1_48' title="bbox 955 921 1739 957">
     <span class='ocr_line' id='line_1_48' title="bbox 955 921 1739 957; baseline 0.004 -10"><span class='ocrx_word' id='word_1_316' title='bbox 955 924 995 947; x_wconf 93' lang='lat' dir='ltr'><strong>tes</strong></span> <span class='ocrx_word' id='word_1_317' title='bbox 1029 925 1056 948; x_wconf 87' lang='lat' dir='ltr'><strong>et</strong></span> <span class='ocrx_word' id='word_1_318' title='bbox 1084 921 1206 950; x_wconf 80' lang='lat' dir='ltr'><strong>sitientes</strong></span> <span class='ocrx_word' id='word_1_319' title='bbox 1228 922 1360 955; x_wconf 85' lang='lat' dir='ltr'><strong>justitiam</strong></span> <span class='ocrx_word' id='word_1_320' title='bbox 1376 943 1384 956; x_wconf 86' lang='lat'><strong>,</strong></span> <span class='ocrx_word' id='word_1_321' title='bbox 1406 923 1608 957; x_wconf 81' lang='lat' dir='ltr'><strong>misericordes,</strong></span> <span class='ocrx_word' id='word_1_322' title='bbox 1638 926 1739 951; x_wconf 83' lang='lat' dir='ltr'><strong>mundo</strong></span> 
     </span>
    </p>
   </div>
   <div class='ocr_carea' id='block_1_49' title="bbox 954 967 1739 1004">
    <p class='ocr_par' dir='ltr' id='par_1_49' title="bbox 954 967 1739 1004">
     <span class='ocr_line' id='line_1_49' title="bbox 954 967 1739 1004; baseline 0.004 -11"><span class='ocrx_word' id='word_1_323' title='bbox 954 967 1045 999; x_wconf 82' lang='lat' dir='ltr'><strong>corde,</strong></span> <span class='ocrx_word' id='word_1_324' title='bbox 1071 967 1208 1001; x_wconf 77' lang='lat' dir='ltr'><strong>paciﬁcos.</strong></span> <span class='ocrx_word' id='word_1_325' title='bbox 1224 969 1427 1002; x_wconf 82' lang='lat' dir='ltr'><strong>persecutiones</strong></span> <span class='ocrx_word' id='word_1_326' title='bbox 1458 973 1484 995; x_wconf 90' lang='lat' dir='ltr'><strong>et</strong></span> <span class='ocrx_word' id='word_1_327' title='bbox 1515 976 1594 995; x_wconf 86' lang='lat' dir='ltr'><strong>omne</strong></span> <span class='ocrx_word' id='word_1_328' title='bbox 1610 971 1739 1004; x_wconf 88' lang='lat' dir='ltr'><strong>probrum</strong></span> 
     </span>
    </p>
   </div>
   <div class='ocr_carea' id='block_1_50' title="bbox 956 1013 1736 1048">
    <p class='ocr_par' dir='ltr' id='par_1_50' title="bbox 956 1013 1736 1048">
     <span class='ocr_line' id='line_1_50' title="bbox 956 1013 1736 1048; baseline 0.005 -10"><span class='ocrx_word' id='word_1_329' title='bbox 956 1016 1066 1046; x_wconf 83' lang='lat' dir='ltr'><strong>propter</strong></span> <span class='ocrx_word' id='word_1_330' title='bbox 1094 1013 1241 1047; x_wconf 85' lang='lat' dir='ltr'><strong>justitiam,</strong></span> <span class='ocrx_word' id='word_1_331' title='bbox 1256 1017 1284 1040; x_wconf 88' lang='lat' dir='ltr'><strong>et</strong></span> <span class='ocrx_word' id='word_1_332' title='bbox 1306 1018 1461 1048; x_wconf 86' lang='lat' dir='ltr'><strong>promptum</strong></span> <span class='ocrx_word' id='word_1_333' title='bbox 1488 1013 1590 1042; x_wconf 88' lang='lat' dir='ltr'><strong>Christi</strong></span> <span class='ocrx_word' id='word_1_334' title='bbox 1617 1015 1736 1042; x_wconf 87' lang='lat' dir='ltr'><strong>studium</strong></span> 
     </span>
    </p>
   </div>
   <div class='ocr_carea' id='block_1_51' title="bbox 955 1058 1740 1096">
    <p class='ocr_par' dir='ltr' id='par_1_51' title="bbox 955 1058 1740 1096">
     <span class='ocr_line' id='line_1_51' title="bbox 955 1058 1740 1096; baseline 0.005 -12"><span class='ocrx_word' id='word_1_335' title='bbox 955 1058 1122 1086; x_wconf 79' lang='lat' dir='ltr'><strong>sustinentes</strong></span> <span class='ocrx_word' id='word_1_336' title='bbox 1143 1059 1178 1086; x_wconf 85' lang='lat'><strong>&quot;.</strong></span> <span class='ocrx_word' id='word_1_337' title='bbox 1194 1058 1227 1087; x_wconf 81' lang='lat' dir='ltr'><strong>lli</strong></span> <span class='ocrx_word' id='word_1_338' title='bbox 1251 1064 1315 1087; x_wconf 89' lang='lat' dir='ltr'><strong>sunt</strong></span> <span class='ocrx_word' id='word_1_339' title='bbox 1343 1060 1390 1095; x_wconf 90' lang='lat' dir='ltr'><strong>qui</strong></span> <span class='ocrx_word' id='word_1_340' title='bbox 1407 1060 1513 1087; x_wconf 83' lang='lat' dir='ltr'><strong>beatam</strong></span> <span class='ocrx_word' id='word_1_341' title='bbox 1531 1061 1612 1088; x_wconf 82' lang='lat' dir='ltr'><strong>vitam</strong></span> <span class='ocrx_word' id='word_1_342' title='bbox 1642 1069 1740 1096; x_wconf 85' lang='lat' dir='ltr'><strong>appre-</strong></span> 
     </span>
    </p>
   </div>
   <div class='ocr_carea' id='block_1_52' title="bbox 955 1104 1739 1141">
    <p class='ocr_par' dir='ltr' id='par_1_52' title="bbox 955 1104 1739 1141">
     <span class='ocr_line' id='line_1_52' title="bbox 955 1104 1739 1141; baseline 0.005 -11"><span class='ocrx_word' id='word_1_343' title='bbox 955 1104 1118 1133; x_wconf 88' lang='lat' dir='ltr'><strong>henderunt.</strong></span> <span class='ocrx_word' id='word_1_344' title='bbox 1134 1105 1162 1132; x_wconf 89' lang='lat' dir='ltr'><strong>Si</strong></span> <span class='ocrx_word' id='word_1_345' title='bbox 1187 1105 1271 1139; x_wconf 79' lang='lat' dir='ltr'><strong>igitur</strong></span> <span class='ocrx_word' id='word_1_346' title='bbox 1294 1105 1329 1133; x_wconf 86' lang='lat' dir='ltr'><strong>ab</strong></span> <span class='ocrx_word' id='word_1_347' title='bbox 1354 1106 1397 1134; x_wconf 84' lang='lat' dir='ltr'><strong>bis</strong></span> <span class='ocrx_word' id='word_1_348' title='bbox 1426 1106 1636 1141; x_wconf 72' lang='lat' dir='ltr'><strong>cogitationibus</strong></span> <span class='ocrx_word' id='word_1_349' title='bbox 1667 1108 1739 1134; x_wconf 87' lang='lat' dir='ltr'><strong>hunc</strong></span> 
     </span>
    </p>
   </div>
   <div class='ocr_carea' id='block_1_53' title="bbox 954 1151 1740 1185">
    <p class='ocr_par' dir='ltr' id='par_1_53' title="bbox 954 1151 1740 1185">
     <span class='ocr_line' id='line_1_53' title="bbox 954 1151 1740 1185; baseline 0.004 -8"><span class='ocrx_word' id='word_1_350' title='bbox 954 1151 1069 1178; x_wconf 87' lang='lat' dir='ltr'><strong>chorum</strong></span> <span class='ocrx_word' id='word_1_351' title='bbox 1087 1151 1200 1185; x_wconf 86' lang='lat' dir='ltr'><strong>pulchre</strong></span> <span class='ocrx_word' id='word_1_352' title='bbox 1217 1151 1376 1183; x_wconf 83' lang='lat' dir='ltr'><strong>formatum,</strong></span> <span class='ocrx_word' id='word_1_353' title='bbox 1405 1155 1432 1179; x_wconf 88' lang='lat' dir='ltr'><strong>et</strong></span> <span class='ocrx_word' id='word_1_354' title='bbox 1456 1159 1574 1180; x_wconf 83' lang='lat' dir='ltr'><strong>coronas</strong></span> <span class='ocrx_word' id='word_1_355' title='bbox 1588 1153 1651 1180; x_wconf 86' lang='lat' dir='ltr'><strong>inde</strong></span> <span class='ocrx_word' id='word_1_356' title='bbox 1673 1160 1740 1180; x_wconf 88' lang='lat' dir='ltr'><strong>c0n-</strong></span> 
     </span>
    </p>
   </div>
   <div class='ocr_carea' id='block_1_54' title="bbox 955 1197 1739 1233">
    <p class='ocr_par' dir='ltr' id='par_1_54' title="bbox 955 1197 1739 1233">
     <span class='ocr_line' id='line_1_54' title="bbox 955 1197 1739 1233; baseline 0.004 -11"><span class='ocrx_word' id='word_1_357' title='bbox 955 1200 1043 1224; x_wconf 85' lang='lat' dir='ltr'><strong>textas</strong></span> <span class='ocrx_word' id='word_1_358' title='bbox 1085 1197 1265 1229; x_wconf 77' lang='lat' dir='ltr'><strong>inveniemus,</strong></span> <span class='ocrx_word' id='word_1_359' title='bbox 1306 1197 1435 1225; x_wconf 87' lang='lat' dir='ltr'><strong>omnibus</strong></span> <span class='ocrx_word' id='word_1_360' title='bbox 1476 1197 1554 1232; x_wconf 87' lang='lat' dir='ltr'><strong>plane</strong></span> <span class='ocrx_word' id='word_1_361' title='bbox 1591 1199 1739 1233; x_wconf 77' lang='lat' dir='ltr'><strong>constabit,</strong></span> 
     </span>
    </p>
   </div>
   <div class='ocr_carea' id='block_1_55' title="bbox 954 1243 1742 1276">
    <p class='ocr_par' dir='ltr' id='par_1_55' title="bbox 954 1243 1742 1276">
     <span class='ocr_line' id='line_1_55' title="bbox 954 1243 1742 1276; baseline 0.006 -9"><span class='ocrx_word' id='word_1_362' title='bbox 954 1249 1063 1276; x_wconf 87' lang='lat' dir='ltr'><strong>operam</strong></span> <span class='ocrx_word' id='word_1_363' title='bbox 1081 1248 1107 1270; x_wconf 91' lang='lat' dir='ltr'><strong>et</strong></span> <span class='ocrx_word' id='word_1_364' title='bbox 1124 1243 1326 1269; x_wconf 81' lang='lat' dir='ltr'><strong>meditationem</strong></span> <span class='ocrx_word' id='word_1_365' title='bbox 1341 1243 1368 1270; x_wconf 93' lang='lat' dir='ltr'><strong>in</strong></span> <span class='ocrx_word' id='word_1_366' title='bbox 1383 1243 1457 1271; x_wconf 87' lang='lat' dir='ltr'><strong>hisce</strong></span> <span class='ocrx_word' id='word_1_367' title='bbox 1480 1244 1633 1272; x_wconf 78' lang='lat' dir='ltr'><strong>rationibus</strong></span> <span class='ocrx_word' id='word_1_368' title='bbox 1660 1247 1742 1272; x_wconf 85' lang='lat' dir='ltr'><strong>collo-</strong></span> 
     </span>
    </p>
   </div>
   <div class='ocr_carea' id='block_1_56' title="bbox 954 1289 1741 1323">
    <p class='ocr_par' dir='ltr' id='par_1_56' title="bbox 954 1289 1741 1323">
     <span class='ocr_line' id='line_1_56' title="bbox 954 1289 1741 1323; baseline 0.005 -10"><span class='ocrx_word' id='word_1_369' title='bbox 954 1293 1054 1320; x_wconf 81' lang='lat' dir='ltr'><strong>calam,</strong></span> <span class='ocrx_word' id='word_1_370' title='bbox 1069 1289 1139 1315; x_wconf 89' lang='lat' dir='ltr'><strong>viam</strong></span> <span class='ocrx_word' id='word_1_371' title='bbox 1157 1296 1291 1320; x_wconf 84' lang='lat' dir='ltr'><strong>securam,</strong></span> <span class='ocrx_word' id='word_1_372' title='bbox 1304 1293 1330 1316; x_wconf 89' lang='lat' dir='ltr'><strong>ct</strong></span> <span class='ocrx_word' id='word_1_373' title='bbox 1345 1289 1490 1317; x_wconf 84' lang='lat' dir='ltr'><strong>transitum</strong></span> <span class='ocrx_word' id='word_1_374' title='bbox 1514 1295 1542 1316; x_wconf 90' lang='lat' dir='ltr'><strong>et</strong></span> <span class='ocrx_word' id='word_1_375' title='bbox 1559 1290 1682 1323; x_wconf 76' lang='lat' dir='ltr'><strong>gradum,</strong></span> <span class='ocrx_word' id='word_1_376' title='bbox 1714 1295 1741 1318; x_wconf 88' lang='lat' dir='ltr'><strong>et</strong></span> 
     </span>
    </p>
   </div>
   <div class='ocr_carea' id='block_1_57' title="bbox 955 1334 1738 1368">
    <p class='ocr_par' dir='ltr' id='par_1_57' title="bbox 955 1334 1738 1368">
     <span class='ocr_line' id='line_1_57' title="bbox 955 1334 1738 1368; baseline 0.004 -9"><span class='ocrx_word' id='word_1_377' title='bbox 955 1341 1009 1367; x_wconf 80' lang='lat' dir='ltr'><strong>quo</strong></span> <span class='ocrx_word' id='word_1_378' title='bbox 1022 1334 1082 1367; x_wconf 87' lang='lat' dir='ltr'><strong>quis</strong></span> <span class='ocrx_word' id='word_1_379' title='bbox 1104 1335 1214 1360; x_wconf 83' lang='lat' dir='ltr'><strong>nomine</strong></span> <span class='ocrx_word' id='word_1_380' title='bbox 1230 1334 1355 1368; x_wconf 81' lang='lat' dir='ltr'><strong>appellet,</strong></span> <span class='ocrx_word' id='word_1_381' title='bbox 1373 1335 1406 1362; x_wconf 87' lang='lat' dir='ltr'><strong>ad</strong></span> <span class='ocrx_word' id='word_1_382' title='bbox 1424 1334 1528 1363; x_wconf 77' lang='lat' dir='ltr'><strong>beatam</strong></span> <span class='ocrx_word' id='word_1_383' title='bbox 1554 1337 1637 1363; x_wconf 89' lang='lat' dir='ltr'><strong>vitam</strong></span> <span class='ocrx_word' id='word_1_384' title='bbox 1668 1344 1738 1364; x_wconf 87' lang='lat' dir='ltr'><strong>esse.</strong></span> 
     </span>
    </p>
   </div>
   <div class='ocr_carea' id='block_1_58' title="bbox 991 1465 1739 1501">
    <p class='ocr_par' dir='ltr' id='par_1_58' title="bbox 991 1465 1739 1501">
     <span class='ocr_line' id='line_1_58' title="bbox 991 1465 1739 1501; baseline 0.004 -9"><span class='ocrx_word' id='word_1_385' title='bbox 991 1465 1138 1500; x_wconf 83' lang='lat' dir='ltr'><strong>Paupertas</strong></span> <span class='ocrx_word' id='word_1_386' title='bbox 1154 1466 1181 1492; x_wconf 90' lang='lat' dir='ltr'><strong>in</strong></span> <span class='ocrx_word' id='word_1_387' title='bbox 1196 1465 1304 1500; x_wconf 88' lang='lat' dir='ltr'><strong>spiritu,</strong></span> <span class='ocrx_word' id='word_1_388' title='bbox 1321 1470 1348 1493; x_wconf 87' lang='lat' dir='ltr'><strong>ct</strong></span> <span class='ocrx_word' id='word_1_389' title='bbox 1362 1475 1371 1492; x_wconf 87' lang='grc' dir='ltr'><strong>ι</strong></span> <span class='ocrx_word' id='word_1_390' title='bbox 1390 1473 1444 1493; x_wconf 90' lang='lat' dir='ltr'><strong>non</strong></span> <span class='ocrx_word' id='word_1_391' title='bbox 1461 1473 1566 1501; x_wconf 81' lang='lat' dir='ltr'><strong>sapere,</strong></span> <span class='ocrx_word' id='word_1_392' title='bbox 1584 1470 1614 1493; x_wconf 90' lang='lat' dir='ltr'><strong>ut</strong></span> <span class='ocrx_word' id='word_1_393' title='bbox 1640 1466 1739 1496; x_wconf 80' lang='lat' dir='ltr'><strong>Paulus</strong></span> 
     </span>
    </p>
   </div>
   <div class='ocr_carea' id='block_1_59' title="bbox 120 1511 904 1560">
    <p class='ocr_par' dir='ltr' id='par_1_59' title="bbox 120 1511 902 1560">
     <span class='ocr_line' id='line_1_59' title="bbox 120 1511 902 1560; baseline 0.017 -20"><span class='ocrx_word' id='word_1_394' title='bbox 120 1517 188 1547; x_wconf 87' lang='grc' dir='ltr'>νεῖν,</span> <span class='ocrx_word' id='word_1_395' title='bbox 228 1524 293 1551; x_wconf 83' lang='grc' dir='ltr'>φησι</span> <span class='ocrx_word' id='word_1_396' title='bbox 303 1517 499 1554; x_wconf 55' lang='grc' dir='ltr'>Παῦλοςῆὑπὲρ</span> <span class='ocrx_word' id='word_1_397' title='bbox 510 1519 524 1546; x_wconf 76' lang='grc' dir='ltr'><strong>ὃ</strong></span> <span class='ocrx_word' id='word_1_398' title='bbox 534 1520 574 1546; x_wconf 80' lang='grc' dir='ltr'>δεῖ</span> <span class='ocrx_word' id='word_1_399' title='bbox 582 1523 699 1557; x_wconf 82' lang='grc' dir='ltr'>φρονεῖν,</span> <span class='ocrx_word' id='word_1_400' title='bbox 709 1523 777 1551; x_wconf 74' lang='grc' dir='ltr'>ἀλλὰ</span> <span class='ocrx_word' id='word_1_401' title='bbox 792 1511 902 1560; x_wconf 45' lang='lat' dir='ltr'><strong>ippon-53v</strong></span> 
     </span>
    </p>
   </div>
   <div class='ocr_carea' id='block_1_60' title="bbox 957 1511 1736 1560">
    <p class='ocr_par' dir='ltr' id='par_1_60' title="bbox 957 1511 1736 1546">
     <span class='ocr_line' id='line_1_60' title="bbox 957 1511 1736 1546; baseline 0.003 -9"><span class='ocrx_word' id='word_1_402' title='bbox 957 1511 1003 1543; x_wconf 81' lang='lat' dir='ltr'><strong>ait,</strong></span> <span class='ocrx_word' id='word_1_403' title='bbox 1011 1511 1070 1546; x_wconf 82' lang='lat' dir='ltr'><strong>plus</strong></span> <span class='ocrx_word' id='word_1_404' title='bbox 1078 1518 1158 1546; x_wconf 86' lang='lat' dir='ltr'><strong>quam</strong></span> <span class='ocrx_word' id='word_1_405' title='bbox 1168 1515 1289 1545; x_wconf 86' lang='lat' dir='ltr'><strong>oportet:</strong></span> <span class='ocrx_word' id='word_1_406' title='bbox 1303 1511 1348 1538; x_wconf 88' lang='lat' dir='ltr'><strong>sed</strong></span> <span class='ocrx_word' id='word_1_407' title='bbox 1359 1518 1454 1546; x_wconf 85' lang='lat' dir='ltr'><strong>sapere</strong></span> <span class='ocrx_word' id='word_1_408' title='bbox 1460 1513 1492 1538; x_wconf 86' lang='lat' dir='ltr'><strong>ad</strong></span> <span class='ocrx_word' id='word_1_409' title='bbox 1505 1512 1677 1539; x_wconf 79' lang='lat' dir='ltr'><strong>sobrietatem</strong></span> <span class='ocrx_word' id='word_1_410' title='bbox 1687 1513 1736 1541; x_wconf 77' lang='grc'><strong>⁸⁸.»</strong></span> 
     </span>
    </p>
   </div>
   <div class='ocr_carea' id='block_1_61' title="bbox 120 1561 903 1606">
    <p class='ocr_par' dir='ltr' id='par_1_61' title="bbox 120 1561 903 1606">
     <span class='ocr_line' id='line_1_61' title="bbox 120 1561 903 1606; baseline 0.015 -20"><span class='ocrx_word' id='word_1_411' title='bbox 120 1562 160 1592; x_wconf 75' lang='grc' dir='ltr'>εἰς</span> <span class='ocrx_word' id='word_1_412' title='bbox 172 1561 203 1588; x_wconf 81' lang='grc' dir='ltr'><strong>τὸ</strong></span> <span class='ocrx_word' id='word_1_413' title='bbox 218 1565 378 1598; x_wconf 79' lang='grc' dir='ltr'>σωφρονεῖν,</span> <span class='ocrx_word' id='word_1_414' title='bbox 393 1573 402 1590; x_wconf 69' lang='grc' dir='ltr'><strong>ν</strong></span> <span class='ocrx_word' id='word_1_415' title='bbox 413 1565 492 1592; x_wconf 76' lang='grc' dir='ltr'>τίνων</span> <span class='ocrx_word' id='word_1_416' title='bbox 503 1567 599 1600; x_wconf 73' lang='grc' dir='ltr'>γένοιτ’</span> <span class='ocrx_word' id='word_1_417' title='bbox 611 1567 644 1594; x_wconf 83' lang='grc' dir='ltr'>ἂν</span> <span class='ocrx_word' id='word_1_418' title='bbox 657 1568 673 1603; x_wconf 80' lang='grc' dir='ltr'>ἢ</span> <span class='ocrx_word' id='word_1_419' title='bbox 690 1569 744 1596; x_wconf 85' lang='grc' dir='ltr'><strong>τῶν</strong></span> <span class='ocrx_word' id='word_1_420' title='bbox 759 1571 903 1606; x_wconf 82' lang='grc' dir='ltr'>τὴνἸησοῦ</span> 
     </span>
    </p>
   </div>
   <div class='ocr_carea' id='block_1_62' title="bbox 121 1608 905 1654">
    <p class='ocr_par' dir='ltr' id='par_1_62' title="bbox 121 1608 905 1654">
     <span class='ocr_line' id='line_1_62' title="bbox 121 1608 905 1654; baseline 0.015 -21"><span class='ocrx_word' id='word_1_421' title='bbox 121 1608 262 1643; x_wconf 83' lang='grc' dir='ltr'>πτωχείαν</span> <span class='ocrx_word' id='word_1_422' title='bbox 276 1610 482 1646; x_wconf 74' lang='grc' dir='ltr'>ὲπισταμένων;</span> <span class='ocrx_word' id='word_1_423' title='bbox 500 1612 528 1643; x_wconf 88' lang='grc' dir='ltr'>ὃς</span> <span class='ocrx_word' id='word_1_424' title='bbox 544 1614 591 1639; x_wconf 75' lang='grc' dir='ltr'><strong>καὶ</strong></span> <span class='ocrx_word' id='word_1_425' title='bbox 615 1614 721 1648; x_wconf 85' lang='grc' dir='ltr'>φύσεως</span> <span class='ocrx_word' id='word_1_426' title='bbox 737 1617 784 1643; x_wconf 79' lang='grc' dir='ltr'>καὶ</span> <span class='ocrx_word' id='word_1_427' title='bbox 802 1617 905 1654; x_wconf 87' lang='grc' dir='ltr'>διατρι-</span> 
     </span>
    </p>
   </div>
   <div class='ocr_carea' id='block_1_63' title="bbox 120 1654 906 1699">
    <p class='ocr_par' dir='ltr' id='par_1_63' title="bbox 120 1654 906 1699">
     <span class='ocr_line' id='line_1_63' title="bbox 120 1654 906 1699; baseline 0.013 -19"><span class='ocrx_word' id='word_1_428' title='bbox 120 1654 178 1680; x_wconf 81' lang='grc' dir='ltr'>6ὦν</span> <span class='ocrx_word' id='word_1_429' title='bbox 202 1655 316 1690; x_wconf 76' lang='grc' dir='ltr'>μετέσχε</span> <span class='ocrx_word' id='word_1_430' title='bbox 333 1657 390 1687; x_wconf 82' lang='grc' dir='ltr'>τοῖς</span> <span class='ocrx_word' id='word_1_431' title='bbox 415 1656 519 1689; x_wconf 82' lang='grc' dir='ltr'>δούλοις</span> <span class='ocrx_word' id='word_1_432' title='bbox 547 1660 684 1695; x_wconf 85' lang='grc' dir='ltr'>Δεσπότης</span> <span class='ocrx_word' id='word_1_433' title='bbox 699 1660 747 1695; x_wconf 79' lang='grc' dir='ltr'><strong>ὢν,</strong></span> <span class='ocrx_word' id='word_1_434' title='bbox 764 1662 811 1688; x_wconf 60' lang='grc' dir='ltr'><strong>καὶ⁸</strong></span> <span class='ocrx_word' id='word_1_435' title='bbox 838 1663 906 1699; x_wconf 80' lang='grc' dir='ltr'>σὰρξ</span> 
     </span>
    </p>
   </div>
   <div class='ocr_carea' id='block_1_64' title="bbox 120 1699 906 1739">
    <p class='ocr_par' dir='ltr' id='par_1_64' title="bbox 120 1699 906 1739">
     <span class='ocr_line' id='line_1_64' title="bbox 120 1699 906 1739; baseline 0.015 -14"><span class='ocrx_word' id='word_1_436' title='bbox 120 1699 230 1733; x_wconf 72' lang='grc' dir='ltr'>ἐγένετο</span> <span class='ocrx_word' id='word_1_437' title='bbox 256 1701 321 1732; x_wconf 83' lang='grc' dir='ltr'>Θεὸς</span> <span class='ocrx_word' id='word_1_438' title='bbox 337 1701 385 1733; x_wconf 83' lang='grc' dir='ltr'>ὣν,</span> <span class='ocrx_word' id='word_1_439' title='bbox 408 1703 459 1730; x_wconf 78' lang='grc' dir='ltr'><strong>καὶ</strong></span> <span class='ocrx_word' id='word_1_440' title='bbox 483 1703 579 1731; x_wconf 87' lang='grc' dir='ltr'>πενίαν</span> <span class='ocrx_word' id='word_1_441' title='bbox 604 1706 618 1732; x_wconf 85' lang='grc'>6</span> <span class='ocrx_word' id='word_1_442' title='bbox 641 1706 793 1739; x_wconf 81' lang='grc' dir='ltr'>πλουτίζων</span> <span class='ocrx_word' id='word_1_443' title='bbox 818 1709 906 1738; x_wconf 82' lang='grc' dir='ltr'>εῑλετο</span> 
     </span>
    </p>
   </div>
   <div class='ocr_carea' id='block_1_65' title="bbox 121 1746 905 1786">
    <p class='ocr_par' dir='ltr' id='par_1_65' title="bbox 121 1746 905 1786">
     <span class='ocr_line' id='line_1_65' title="bbox 121 1746 905 1786; baseline 0.015 -15"><span class='ocrx_word' id='word_1_444' title='bbox 121 1746 168 1772; x_wconf 78' lang='grc' dir='ltr'>καὶ</span> <span class='ocrx_word' id='word_1_445' title='bbox 183 1746 299 1780; x_wconf 77' lang='grc' dir='ltr'>ἤνεγκεν</span> <span class='ocrx_word' id='word_1_446' title='bbox 313 1747 426 1781; x_wconf 80' lang='grc' dir='ltr'>ἀτιμίαν</span> <span class='ocrx_word' id='word_1_447' title='bbox 440 1749 455 1774; x_wconf 87' lang='grc' dir='ltr'><strong>ό</strong></span> <span class='ocrx_word' id='word_1_448' title='bbox 475 1750 525 1785; x_wconf 82' lang='grc' dir='ltr'>τῆς</span> <span class='ocrx_word' id='word_1_449' title='bbox 543 1750 622 1785; x_wconf 77' lang='grc' dir='ltr'>δόξης</span> <span class='ocrx_word' id='word_1_450' title='bbox 642 1747 779 1786; x_wconf 75' lang='grc' dir='ltr'>βασιλεὺς,</span> <span class='ocrx_word' id='word_1_451' title='bbox 795 1756 841 1782; x_wconf 80' lang='grc' dir='ltr'><strong>καὶ</strong></span> <span class='ocrx_word' id='word_1_452' title='bbox 857 1765 905 1783; x_wconf 87' lang='grc' dir='ltr'>πε-</span> 
     </span>
    </p>
   </div>
   <div class='ocr_carea' id='block_1_66' title="bbox 121 1792 905 1836">
    <p class='ocr_par' dir='ltr' id='par_1_66' title="bbox 121 1792 905 1836">
     <span class='ocr_line' id='line_1_66' title="bbox 121 1792 905 1836; baseline 0.015 -20"><span class='ocrx_word' id='word_1_453' title='bbox 121 1792 236 1827; x_wconf 84' lang='grc' dir='ltr'>ριήγετο</span> <span class='ocrx_word' id='word_1_454' title='bbox 254 1792 303 1826; x_wconf 79' lang='grc' dir='ltr'>μὲν</span> <span class='ocrx_word' id='word_1_455' title='bbox 330 1793 474 1827; x_wconf 82' lang='grc' dir='ltr'>δεδεμένος</span> <span class='ocrx_word' id='word_1_456' title='bbox 494 1796 507 1822; x_wconf 82' lang='grc' dir='ltr'>ὁ</span> <span class='ocrx_word' id='word_1_457' title='bbox 524 1795 608 1828; x_wconf 75' lang='grc' dir='ltr'>λύσας</span> <span class='ocrx_word' id='word_1_458' title='bbox 632 1797 662 1824; x_wconf 80' lang='grc' dir='ltr'>τὸ</span> <span class='ocrx_word' id='word_1_459' title='bbox 680 1799 768 1832; x_wconf 80' lang='grc' dir='ltr'>γένος,</span> <span class='ocrx_word' id='word_1_460' title='bbox 793 1803 905 1836; x_wconf 77' lang='grc' dir='ltr'>γραφὴν</span> 
     </span>
    </p>
   </div>
   <div class='ocr_carea' id='block_1_67' title="bbox 119 1836 904 1879">
    <p class='ocr_par' dir='ltr' id='par_1_67' title="bbox 119 1836 904 1879">
     <span class='ocr_line' id='line_1_67' title="bbox 119 1836 904 1879; baseline 0.013 -16"><span class='ocrx_word' id='word_1_461' title='bbox 119 1836 147 1863; x_wconf 85' lang='grc' dir='ltr'><strong>δὲ</strong></span> <span class='ocrx_word' id='word_1_462' title='bbox 163 1837 274 1869; x_wconf 71' lang='grc' dir='ltr'>ἐδέξατο</span> <span class='ocrx_word' id='word_1_463' title='bbox 294 1839 472 1873; x_wconf 81' lang='grc' dir='ltr'>παρανόμων,</span> <span class='ocrx_word' id='word_1_464' title='bbox 498 1840 527 1872; x_wconf 82' lang='grc' dir='ltr'>ὃς</span> <span class='ocrx_word' id='word_1_465' title='bbox 543 1839 626 1876; x_wconf 85' lang='grc' dir='ltr'>ἦλθεν</span> <span class='ocrx_word' id='word_1_466' title='bbox 643 1842 690 1869; x_wconf 78' lang='grc' dir='ltr'><strong>ἐπὶ</strong></span> <span class='ocrx_word' id='word_1_467' title='bbox 705 1843 736 1870; x_wconf 79' lang='grc' dir='ltr'>τὸ</span> <span class='ocrx_word' id='word_1_468' title='bbox 757 1844 904 1879; x_wconf 86' lang='grc' dir='ltr'>πληρῶσαι</span> 
     </span>
    </p>
   </div>
   <div class='ocr_carea' id='block_1_68' title="bbox 119 1881 905 1926">
    <p class='ocr_par' dir='ltr' id='par_1_68' title="bbox 119 1881 905 1926">
     <span class='ocr_line' id='line_1_68' title="bbox 119 1881 905 1926; baseline 0.014 -19"><span class='ocrx_word' id='word_1_469' title='bbox 119 1881 164 1908; x_wconf 70' lang='grc' dir='ltr'>τὸν</span> <span class='ocrx_word' id='word_1_470' title='bbox 180 1881 272 1917; x_wconf 79' lang='grc' dir='ltr'>νόμον,</span> <span class='ocrx_word' id='word_1_471' title='bbox 298 1884 346 1910; x_wconf 81' lang='grc' dir='ltr'><strong>καὶ</strong></span> <span class='ocrx_word' id='word_1_472' title='bbox 368 1885 468 1919; x_wconf 85' lang='grc' dir='ltr'>κριτῶν</span> <span class='ocrx_word' id='word_1_473' title='bbox 491 1886 621 1921; x_wconf 77' lang='grc' dir='ltr'>ἠνέσχετο</span> <span class='ocrx_word' id='word_1_474' title='bbox 641 1887 721 1924; x_wconf 84' lang='grc' dir='ltr'>δήμῳ</span> <span class='ocrx_word' id='word_1_475' title='bbox 745 1891 905 1926; x_wconf 74' lang='grc' dir='ltr'>μαινομένῳ</span> 
     </span>
    </p>
   </div>
   <div class='ocr_carea' id='block_1_69' title="bbox 119 1927 904 1968">
    <p class='ocr_par' dir='ltr' id='par_1_69' title="bbox 119 1927 904 1968">
     <span class='ocr_line' id='line_1_69' title="bbox 119 1927 904 1968; baseline 0.013 -16"><span class='ocrx_word' id='word_1_476' title='bbox 119 1927 166 1953; x_wconf 78' lang='grc' dir='ltr'><strong>καὶ</strong></span> <span class='ocrx_word' id='word_1_477' title='bbox 184 1928 298 1961; x_wconf 83' lang='grc' dir='ltr'>φονῶντι</span> <span class='ocrx_word' id='word_1_478' title='bbox 312 1929 509 1964; x_wconf 71' lang='grc' dir='ltr'>χαριζομένων.</span> <span class='ocrx_word' id='word_1_479' title='bbox 522 1939 532 1956; x_wconf 73' lang='grc' dir='ltr'><strong>ι</strong></span> <span class='ocrx_word' id='word_1_480' title='bbox 547 1927 624 1967; x_wconf 83' lang='grc' dir='ltr'>ᾦτὴν</span> <span class='ocrx_word' id='word_1_481' title='bbox 637 1933 727 1968; x_wconf 86' lang='grc' dir='ltr'>κρίσιν</span> <span class='ocrx_word' id='word_1_482' title='bbox 735 1935 824 1962; x_wconf 81' lang='grc' dir='ltr'>πᾶσαν</span> <span class='ocrx_word' id='word_1_483' title='bbox 837 1936 904 1962; x_wconf 75' lang='grc' dir='ltr'>ἐδω-</span> 
     </span>
    </p>
   </div>
   <div class='ocr_carea' id='block_1_70' title="bbox 120 1973 904 2013">
    <p class='ocr_par' dir='ltr' id='par_1_70' title="bbox 120 1973 904 2013">
     <span class='ocr_line' id='line_1_70' title="bbox 120 1973 904 2013; baseline 0.013 -15"><span class='ocrx_word' id='word_1_484' title='bbox 120 1981 167 1999; x_wconf 84' lang='grc' dir='ltr'><strong>κεν</strong></span> <span class='ocrx_word' id='word_1_485' title='bbox 182 1973 197 1999; x_wconf 85' lang='grc' dir='ltr'><strong>ό</strong></span> <span class='ocrx_word' id='word_1_486' title='bbox 212 1974 306 2009; x_wconf 82' lang='grc' dir='ltr'>Πατήρ</span> <span class='ocrx_word' id='word_1_487' title='bbox 322 1981 330 1990; x_wconf 89' lang='grc'><strong>·</strong></span> <span class='ocrx_word' id='word_1_488' title='bbox 345 1984 354 2000; x_wconf 78' lang='grc' dir='ltr'><strong>ι</strong></span> <span class='ocrx_word' id='word_1_489' title='bbox 375 1975 467 2002; x_wconf 78' lang='grc' dir='ltr'>Ταῦτα</span> <span class='ocrx_word' id='word_1_490' title='bbox 487 1976 547 2002; x_wconf 82' lang='grc' dir='ltr'>τίνα</span> <span class='ocrx_word' id='word_1_491' title='bbox 570 1978 620 2004; x_wconf 82' lang='grc' dir='ltr'>οὐκ</span> <span class='ocrx_word' id='word_1_492' title='bbox 635 1978 667 2005; x_wconf 79' lang='grc' dir='ltr'>ἂν</span> <span class='ocrx_word' id='word_1_493' title='bbox 679 1980 838 2013; x_wconf 86' lang='grc' dir='ltr'>κατενέγκοι</span> <span class='ocrx_word' id='word_1_494' title='bbox 857 1982 904 2008; x_wconf 83' lang='grc' dir='ltr'><strong>τῦ-</strong></span> 
     </span>
    </p>
   </div>
   <div class='ocr_carea' id='block_1_71' title="bbox 121 2020 904 2063">
    <p class='ocr_par' dir='ltr' id='par_1_71' title="bbox 121 2020 904 2063">
     <span class='ocr_line' id='line_1_71' title="bbox 121 2020 904 2063; baseline 0.01 -17"><span class='ocrx_word' id='word_1_495' title='bbox 121 2020 189 2054; x_wconf 79' lang='grc' dir='ltr'>φονι</span> <span class='ocrx_word' id='word_1_496' title='bbox 212 2020 316 2053; x_wconf 74' lang='grc' dir='ltr'>Ἄλλως</span> <span class='ocrx_word' id='word_1_497' title='bbox 332 2030 363 2048; x_wconf 87' lang='grc' dir='ltr'><strong>τε</strong></span> <span class='ocrx_word' id='word_1_498' title='bbox 380 2021 431 2057; x_wconf 87' lang='grc' dir='ltr'>τῆς</span> <span class='ocrx_word' id='word_1_499' title='bbox 447 2023 636 2059; x_wconf 80' lang='grc' dir='ltr'>ὑπερηφανίας</span> <span class='ocrx_word' id='word_1_500' title='bbox 657 2025 709 2051; x_wconf 77' lang='grc' dir='ltr'><strong>ἀπὸ</strong></span> <span class='ocrx_word' id='word_1_501' title='bbox 729 2025 782 2052; x_wconf 86' lang='grc' dir='ltr'><strong>τῶν</strong></span> <span class='ocrx_word' id='word_1_502' title='bbox 804 2036 904 2063; x_wconf 84' lang='grc' dir='ltr'>κατορ-</span> 
     </span>
    </p>
   </div>
   <div class='ocr_carea' id='block_1_72' title="bbox 121 2066 902 2109">
    <p class='ocr_par' dir='ltr' id='par_1_72' title="bbox 121 2066 902 2109">
     <span class='ocr_line' id='line_1_72' title="bbox 121 2066 902 2109; baseline 0.012 -17"><span class='ocrx_word' id='word_1_503' title='bbox 121 2066 269 2100; x_wconf 73' lang='grc' dir='ltr'>θωμάτων,</span> <span class='ocrx_word' id='word_1_504' title='bbox 287 2067 352 2094; x_wconf 82' lang='grc' dir='ltr'>ὅταν</span> <span class='ocrx_word' id='word_1_505' title='bbox 370 2068 552 2102; x_wconf 80' lang='grc' dir='ltr'>ὑπερϐάλλειν</span> <span class='ocrx_word' id='word_1_506' title='bbox 566 2070 692 2103; x_wconf 83' lang='grc' dir='ltr'>δοκῶσιν,</span> <span class='ocrx_word' id='word_1_507' title='bbox 712 2072 902 2109; x_wconf 81' lang='grc' dir='ltr'>ὲγειρομένης,</span> 
     </span>
    </p>
   </div>
   <div class='ocr_carea' id='block_1_73' title="bbox 119 2112 903 2154">
    <p class='ocr_par' dir='ltr' id='par_1_73' title="bbox 119 2112 903 2154">
     <span class='ocr_line' id='line_1_73' title="bbox 119 2112 903 2154; baseline 0.011 -16"><span class='ocrx_word' id='word_1_508' title='bbox 119 2113 133 2138; x_wconf 85' lang='grc' dir='ltr'><strong>ό</strong></span> <span class='ocrx_word' id='word_1_509' title='bbox 151 2113 186 2139; x_wconf 78' lang='grc' dir='ltr'><strong>τὰ</strong></span> <span class='ocrx_word' id='word_1_510' title='bbox 199 2112 320 2148; x_wconf 78' lang='grc' dir='ltr'>Χριστοῦ</span> <span class='ocrx_word' id='word_1_511' title='bbox 337 2114 488 2149; x_wconf 78' lang='grc' dir='ltr'>μελετήσας</span> <span class='ocrx_word' id='word_1_512' title='bbox 503 2116 606 2142; x_wconf 75' lang='grc' dir='ltr'>εἴσεται</span> <span class='ocrx_word' id='word_1_513' title='bbox 624 2117 660 2152; x_wconf 85' lang='grc' dir='ltr'>μὴ</span> <span class='ocrx_word' id='word_1_514' title='bbox 677 2118 718 2144; x_wconf 85' lang='grc' dir='ltr'>ὅτι</span> <span class='ocrx_word' id='word_1_515' title='bbox 735 2119 817 2154; x_wconf 77' lang='grc' dir='ltr'>μηδὲν</span> <span class='ocrx_word' id='word_1_516' title='bbox 833 2121 903 2154; x_wconf 86' lang='grc' dir='ltr'>μέγα</span> 
     </span>
    </p>
   </div>
   <div class='ocr_carea' id='block_1_74' title="bbox 119 2157 903 2199">
    <p class='ocr_par' dir='ltr' id='par_1_74' title="bbox 119 2157 903 2199">
     <span class='ocr_line' id='line_1_74' title="bbox 119 2157 903 2199; baseline 0.011 -17"><span class='ocrx_word' id='word_1_517' title='bbox 119 2157 322 2191; x_wconf 76' lang='grc' dir='ltr'>κατωρθωκὼς,</span> <span class='ocrx_word' id='word_1_518' title='bbox 336 2157 394 2184; x_wconf 80' lang='grc' dir='ltr'>ἀλλ’</span> <span class='ocrx_word' id='word_1_519' title='bbox 404 2159 460 2185; x_wconf 84' lang='grc' dir='ltr'>οὐδ’</span> <span class='ocrx_word' id='word_1_520' title='bbox 473 2159 543 2194; x_wconf 81' lang='grc' dir='ltr'>ὑπὲρ</span> <span class='ocrx_word' id='word_1_521' title='bbox 556 2160 602 2187; x_wconf 84' lang='grc' dir='ltr'><strong>τοῦ</strong></span> <span class='ocrx_word' id='word_1_522' title='bbox 614 2160 727 2196; x_wconf 78' lang='grc' dir='ltr'>λυθῆναι</span> <span class='ocrx_word' id='word_1_523' title='bbox 740 2163 788 2197; x_wconf 85' lang='grc' dir='ltr'>τῆς</span> <span class='ocrx_word' id='word_1_524' title='bbox 803 2164 903 2199; x_wconf 75' lang='grc' dir='ltr'>αἰχμα-</span> 
     </span>
    </p>
   </div>
   <div class='ocr_carea' id='block_1_75' title="bbox 119 2202 902 2242">
    <p class='ocr_par' dir='ltr' id='par_1_75' title="bbox 119 2202 902 2242">
     <span class='ocr_line' id='line_1_75' title="bbox 119 2202 902 2242; baseline 0.009 -14"><span class='ocrx_word' id='word_1_525' title='bbox 119 2202 223 2234; x_wconf 86' lang='grc' dir='ltr'>λωσίας</span> <span class='ocrx_word' id='word_1_526' title='bbox 236 2203 317 2234; x_wconf 79' lang='grc' dir='ltr'>αὐτὸς</span> <span class='ocrx_word' id='word_1_527' title='bbox 332 2204 498 2238; x_wconf 75' lang='grc' dir='ltr'>εἰσενεγκεῖν</span> <span class='ocrx_word' id='word_1_528' title='bbox 515 2205 592 2231; x_wconf 76' lang='grc' dir='ltr'>οὐδὲν</span> <span class='ocrx_word' id='word_1_529' title='bbox 606 2205 739 2241; x_wconf 77' lang='grc' dir='ltr'>δυνηθεὶς,</span> <span class='ocrx_word' id='word_1_530' title='bbox 751 2208 781 2238; x_wconf 77' lang='grc' dir='ltr'>ὅς</span> <span class='ocrx_word' id='word_1_531' title='bbox 793 2216 824 2242; x_wconf 87' lang='grc' dir='ltr'><strong>γε</strong></span> <span class='ocrx_word' id='word_1_532' title='bbox 842 2209 902 2236; x_wconf 80' lang='grc' dir='ltr'>οὐδὲ</span> 
     </span>
    </p>
   </div>
   <div class='ocr_carea' id='block_1_76' title="bbox 121 2247 896 2288">
    <p class='ocr_par' dir='ltr' id='par_1_76' title="bbox 121 2247 896 2288">
     <span class='ocr_line' id='line_1_76' title="bbox 121 2247 896 2288; baseline 0.01 -16"><span class='ocrx_word' id='word_1_533' title='bbox 121 2247 191 2281; x_wconf 79' lang='grc' dir='ltr'>μετὰ</span> <span class='ocrx_word' id='word_1_534' title='bbox 209 2247 241 2274; x_wconf 80' lang='grc' dir='ltr'>τὸ</span> <span class='ocrx_word' id='word_1_535' title='bbox 255 2247 369 2282; x_wconf 81' lang='grc' dir='ltr'>λυθῆναι</span> <span class='ocrx_word' id='word_1_536' title='bbox 393 2248 481 2276; x_wconf 84' lang='grc' dir='ltr'>σῶσαι</span> <span class='ocrx_word' id='word_1_537' title='bbox 505 2250 630 2285; x_wconf 81' lang='grc' dir='ltr'>καθαρὰν</span> <span class='ocrx_word' id='word_1_538' title='bbox 654 2252 703 2286; x_wconf 88' lang='grc' dir='ltr'>τὴν</span> <span class='ocrx_word' id='word_1_539' title='bbox 728 2252 896 2288; x_wconf 79' lang='grc' dir='ltr'>ἐλευθερίαν.</span> 
     </span>
    </p>
   </div>
   <div class='ocr_carea' id='block_1_77' title="bbox 125 2292 904 2334">
    <p class='ocr_par' dir='ltr' id='par_1_77' title="bbox 125 2292 904 2334">
     <span class='ocr_line' id='line_1_77' title="bbox 125 2292 904 2334; baseline 0.01 -17"><span class='ocrx_word' id='word_1_540' title='bbox 125 2292 155 2318; x_wconf 92' lang='lat'><strong>&#39;0</strong></span> <span class='ocrx_word' id='word_1_541' title='bbox 177 2292 228 2327; x_wconf 74' lang='grc' dir='ltr'>μὲν</span> <span class='ocrx_word' id='word_1_542' title='bbox 248 2293 304 2327; x_wconf 79' lang='grc' dir='ltr'><strong>γὰρ</strong></span> <span class='ocrx_word' id='word_1_543' title='bbox 330 2293 376 2319; x_wconf 85' lang='grc' dir='ltr'>τοῦ</span> <span class='ocrx_word' id='word_1_544' title='bbox 401 2293 517 2329; x_wconf 83' lang='grc' dir='ltr'>αἵματος</span> <span class='ocrx_word' id='word_1_545' title='bbox 536 2296 609 2329; x_wconf 81' lang='grc' dir='ltr'>ἡμᾶς</span> <span class='ocrx_word' id='word_1_546' title='bbox 624 2297 738 2331; x_wconf 76' lang='grc' dir='ltr'>ἐπρίατο</span> <span class='ocrx_word' id='word_1_547' title='bbox 755 2299 800 2324; x_wconf 82' lang='grc' dir='ltr'>καὶ</span> <span class='ocrx_word' id='word_1_548' title='bbox 833 2308 904 2334; x_wconf 80' lang='grc' dir='ltr'>παρ-</span> 
     </span>
    </p>
   </div>
   <div class='ocr_carea' id='block_1_78' title="bbox 119 2337 903 2378">
    <p class='ocr_par' dir='ltr' id='par_1_78' title="bbox 119 2337 903 2378">
     <span class='ocr_line' id='line_1_78' title="bbox 119 2337 903 2378; baseline 0.009 -14"><span class='ocrx_word' id='word_1_549' title='bbox 119 2337 201 2373; x_wconf 65' lang='grc' dir='ltr'>ἔσχεν</span> <span class='ocrx_word' id='word_1_550' title='bbox 212 2338 279 2373; x_wconf 73' lang='grc' dir='ltr'>ἡμῖν</span> <span class='ocrx_word' id='word_1_551' title='bbox 296 2338 367 2365; x_wconf 82' lang='grc' dir='ltr'>οὕτω</span> <span class='ocrx_word' id='word_1_552' title='bbox 390 2339 510 2373; x_wconf 81' lang='grc' dir='ltr'>μεγάλου</span> <span class='ocrx_word' id='word_1_553' title='bbox 534 2342 708 2376; x_wconf 79' lang='grc' dir='ltr'>κτησάμενος</span> <span class='ocrx_word' id='word_1_554' title='bbox 723 2343 772 2378; x_wconf 83' lang='grc' dir='ltr'>τὴν</span> <span class='ocrx_word' id='word_1_555' title='bbox 796 2344 903 2371; x_wconf 75' lang='grc' dir='ltr'>ἐλευθε-</span> 
     </span>
    </p>
   </div>
   <div class='ocr_carea' id='block_1_79' title="bbox 123 2381 902 2422">
    <p class='ocr_par' dir='ltr' id='par_1_79' title="bbox 123 2381 902 2422">
     <span class='ocr_line' id='line_1_79' title="bbox 123 2381 902 2422; baseline 0.01 -14"><span class='ocrx_word' id='word_1_556' title='bbox 123 2381 183 2415; x_wconf 84' lang='grc' dir='ltr'>ρίαν</span> <span class='ocrx_word' id='word_1_557' title='bbox 193 2389 201 2398; x_wconf 91' lang='grc'><strong>·</strong></span> <span class='ocrx_word' id='word_1_558' title='bbox 211 2382 254 2414; x_wconf 86' lang='grc' dir='ltr'>τις</span> <span class='ocrx_word' id='word_1_559' title='bbox 264 2382 293 2409; x_wconf 70' lang='grc' dir='ltr'>δὲ</span> <span class='ocrx_word' id='word_1_560' title='bbox 303 2383 358 2409; x_wconf 83' lang='grc' dir='ltr'><strong>τῶν</strong></span> <span class='ocrx_word' id='word_1_561' title='bbox 371 2383 506 2410; x_wconf 81' lang='grc' dir='ltr'>λυθέντων</span> <span class='ocrx_word' id='word_1_562' title='bbox 517 2384 558 2418; x_wconf 78' lang='grc' dir='ltr'><strong>ἐφ’</strong></span> <span class='ocrx_word' id='word_1_563' title='bbox 568 2383 607 2416; x_wconf 76' lang='grc' dir='ltr'>οἷς</span> <span class='ocrx_word' id='word_1_564' title='bbox 624 2386 733 2421; x_wconf 73' lang='grc' dir='ltr'>εἴληφεν</span> <span class='ocrx_word' id='word_1_565' title='bbox 748 2387 838 2422; x_wconf 75' lang='grc' dir='ltr'>ἔμεινε</span> <span class='ocrx_word' id='word_1_566' title='bbox 854 2390 902 2416; x_wconf 78' lang='grc' dir='ltr'><strong>καὶ</strong></span> 
     </span>
    </p>
   </div>
   <div class='ocr_carea' id='block_1_80' title="bbox 120 2428 899 2469">
    <p class='ocr_par' dir='ltr' id='par_1_80' title="bbox 120 2428 899 2469">
     <span class='ocr_line' id='line_1_80' title="bbox 120 2428 899 2469; baseline 0.01 -16"><span class='ocrx_word' id='word_1_567' title='bbox 120 2428 165 2454; x_wconf 77' lang='grc' dir='ltr'>τὸν</span> <span class='ocrx_word' id='word_1_568' title='bbox 177 2428 363 2463; x_wconf 68' lang='grc' dir='ltr'>πνευματικὸν</span> <span class='ocrx_word' id='word_1_569' title='bbox 378 2429 490 2457; x_wconf 74' lang='grc' dir='ltr'>πλοῦτον</span> <span class='ocrx_word' id='word_1_570' title='bbox 511 2431 556 2457; x_wconf 73' lang='grc' dir='ltr'>διὰ</span> <span class='ocrx_word' id='word_1_571' title='bbox 580 2432 672 2463; x_wconf 83' lang='grc' dir='ltr'>τέλους</span> <span class='ocrx_word' id='word_1_572' title='bbox 698 2433 796 2460; x_wconf 80' lang='grc' dir='ltr'>ἄσυλον</span> <span class='ocrx_word' id='word_1_573' title='bbox 811 2434 899 2469; x_wconf 77' lang='grc' dir='ltr'>ἔσχεν,</span> 
     </span>
    </p>
   </div>
   <div class='ocr_carea' id='block_1_81' title="bbox 121 2473 903 2516">
    <p class='ocr_par' dir='ltr' id='par_1_81' title="bbox 121 2473 903 2516">
     <span class='ocr_line' id='line_1_81' title="bbox 121 2473 903 2516; baseline 0.012 -18"><span class='ocrx_word' id='word_1_574' title='bbox 121 2473 189 2500; x_wconf 75' lang='grc' dir='ltr'>ἀλλὰ</span> <span class='ocrx_word' id='word_1_575' title='bbox 202 2474 240 2509; x_wconf 85' lang='grc' dir='ltr'>μὴ</span> <span class='ocrx_word' id='word_1_576' title='bbox 251 2474 331 2501; x_wconf 85' lang='grc' dir='ltr'>τοῦτο</span> <span class='ocrx_word' id='word_1_577' title='bbox 348 2474 418 2510; x_wconf 77' lang='grc' dir='ltr'>μέγα</span> <span class='ocrx_word' id='word_1_578' title='bbox 430 2476 620 2512; x_wconf 80' lang='grc' dir='ltr'>κατωρθωκὼς</span> <span class='ocrx_word' id='word_1_579' title='bbox 631 2478 758 2514; x_wconf 73' lang='grc' dir='ltr'>ἐνομίσθη</span> <span class='ocrx_word' id='word_1_580' title='bbox 771 2480 804 2506; x_wconf 73' lang='grc' dir='ltr'>τὰ</span> <span class='ocrx_word' id='word_1_581' title='bbox 816 2483 903 2516; x_wconf 75' lang='grc' dir='ltr'>μικρὰ</span> 
     </span>
    </p>
   </div>
   <div class='ocr_carea' id='block_1_82' title="bbox 121 2519 903 2559">
    <p class='ocr_par' dir='ltr' id='par_1_82' title="bbox 121 2519 903 2559">
     <span class='ocr_line' id='line_1_82' title="bbox 121 2519 903 2559; baseline 0.009 -14"><span class='ocrx_word' id='word_1_582' title='bbox 121 2519 191 2553; x_wconf 81' lang='grc' dir='ltr'>πρὸς</span> <span class='ocrx_word' id='word_1_583' title='bbox 205 2521 255 2554; x_wconf 81' lang='grc' dir='ltr'>τὴν</span> <span class='ocrx_word' id='word_1_584' title='bbox 270 2521 352 2554; x_wconf 85' lang='grc' dir='ltr'>χάριν</span> <span class='ocrx_word' id='word_1_585' title='bbox 367 2520 550 2556; x_wconf 80' lang='grc' dir='ltr'>ὲξαμαρτείν;</span> <span class='ocrx_word' id='word_1_586' title='bbox 568 2523 600 2549; x_wconf 80' lang='grc' dir='ltr'>Τί</span> <span class='ocrx_word' id='word_1_587' title='bbox 619 2524 709 2550; x_wconf 84' lang='grc' dir='ltr'>τοίνυν</span> <span class='ocrx_word' id='word_1_588' title='bbox 727 2525 794 2559; x_wconf 77' lang='grc' dir='ltr'>ἡμῖν</span> <span class='ocrx_word' id='word_1_589' title='bbox 812 2526 903 2558; x_wconf 84' lang='grc' dir='ltr'>αὐτοῖς</span> 
     </span>
    </p>
   </div>
   <div class='ocr_carea' id='block_1_83' title="bbox 123 2566 904 2605">
    <p class='ocr_par' dir='ltr' id='par_1_83' title="bbox 123 2566 904 2605">
     <span class='ocr_line' id='line_1_83' title="bbox 123 2566 904 2605; baseline 0.009 -15"><span class='ocrx_word' id='word_1_590' title='bbox 123 2566 269 2592; x_wconf 79' lang='grc' dir='ltr'>συνειδόσιν</span> <span class='ocrx_word' id='word_1_591' title='bbox 283 2566 399 2601; x_wconf 82' lang='grc' dir='ltr'>ὑπάρξει</span> <span class='ocrx_word' id='word_1_592' title='bbox 416 2567 489 2601; x_wconf 83' lang='grc' dir='ltr'>μέγα</span> <span class='ocrx_word' id='word_1_593' title='bbox 505 2569 624 2603; x_wconf 80' lang='grc' dir='ltr'>φρονεῖν,</span> <span class='ocrx_word' id='word_1_594' title='bbox 642 2567 682 2601; x_wconf 79' lang='grc' dir='ltr'>οἷς</span> <span class='ocrx_word' id='word_1_595' title='bbox 697 2571 713 2605; x_wconf 82' lang='grc' dir='ltr'><strong>ἡ</strong></span> <span class='ocrx_word' id='word_1_596' title='bbox 734 2571 783 2604; x_wconf 79' lang='grc' dir='ltr'>μὲν</span> <span class='ocrx_word' id='word_1_597' title='bbox 798 2571 904 2599; x_wconf 72' lang='grc' dir='ltr'>οίκοθεν</span> 
     </span>
    </p>
   </div>
   <div class='ocr_carea' id='block_1_84' title="bbox 91 2602 902 2650">
    <p class='ocr_par' dir='ltr' id='par_1_84' title="bbox 91 2602 902 2650">
     <span class='ocr_line' id='line_1_84' title="bbox 91 2602 902 2650; baseline 0.009 -14"><span class='ocrx_word' id='word_1_598' title='bbox 91 2602 98 2611; x_wconf 73' lang='grc'><strong>’</strong></span> <span class='ocrx_word' id='word_1_599' title='bbox 123 2609 206 2646; x_wconf 75' lang='grc' dir='ltr'>ἀρετὴ</span> <span class='ocrx_word' id='word_1_600' title='bbox 219 2610 252 2637; x_wconf 78' lang='grc' dir='ltr'>δι’</span> <span class='ocrx_word' id='word_1_601' title='bbox 270 2611 369 2647; x_wconf 82' lang='grc' dir='ltr'>ἑαυτὴν</span> <span class='ocrx_word' id='word_1_602' title='bbox 385 2613 456 2647; x_wconf 85' lang='grc' dir='ltr'>αὐτὴ</span> <span class='ocrx_word' id='word_1_603' title='bbox 473 2602 540 2649; x_wconf 65' lang='grc' dir='ltr'>πρὸς</span> <span class='ocrx_word' id='word_1_604' title='bbox 555 2614 632 2641; x_wconf 74' lang='grc' dir='ltr'>οὐδὲν</span> <span class='ocrx_word' id='word_1_605' title='bbox 652 2602 902 2650; x_wconf 34' lang='grc' dir='ltr'>φέρει-λυσιτελές</span> 
     </span>
    </p>
   </div>
   <div class='ocr_carea' id='block_1_85' title="bbox 122 2655 905 2696">
    <p class='ocr_par' dir='ltr' id='par_1_85' title="bbox 122 2655 905 2696">
     <span class='ocr_line' id='line_1_85' title="bbox 122 2655 905 2696; baseline 0.008 -14"><span class='ocrx_word' id='word_1_606' title='bbox 122 2655 149 2681; x_wconf 87' lang='grc' dir='ltr'><strong>ιῐ</strong></span> <span class='ocrx_word' id='word_1_607' title='bbox 163 2664 190 2683; x_wconf 89' lang='grc' dir='ltr'><strong>τι</strong></span> <span class='ocrx_word' id='word_1_608' title='bbox 215 2656 239 2683; x_wconf 73' lang='grc' dir='ltr'><strong>δ’</strong></span> <span class='ocrx_word' id='word_1_609' title='bbox 263 2657 367 2684; x_wconf 81' lang='grc' dir='ltr'>ινεστιν</span> <span class='ocrx_word' id='word_1_610' title='bbox 382 2657 509 2693; x_wconf 76' lang='grc' dir='ltr'>ἀληθινὸν</span> <span class='ocrx_word' id='word_1_611' title='bbox 533 2659 646 2693; x_wconf 76' lang='grc' dir='ltr'>ἀγαθὸν,</span> <span class='ocrx_word' id='word_1_612' title='bbox 668 2661 682 2686; x_wconf 86' lang='grc' dir='ltr'><strong>ό</strong></span> <span class='ocrx_word' id='word_1_613' title='bbox 705 2660 771 2692; x_wconf 84' lang='grc' dir='ltr'>Θεὸς</span> <span class='ocrx_word' id='word_1_614' title='bbox 792 2661 905 2696; x_wconf 66' lang='grc' dir='ltr'>ἐνέθηκε</span> 
     </span>
    </p>
   </div>
   <div class='ocr_carea' id='block_1_86' title="bbox 125 2700 905 2740">
    <p class='ocr_par' dir='ltr' id='par_1_86' title="bbox 125 2700 905 2740">
     <span class='ocr_line' id='line_1_86' title="bbox 125 2700 905 2740; baseline 0.008 -13"><span class='ocrx_word' id='word_1_615' title='bbox 125 2700 209 2734; x_wconf 67' lang='grc' dir='ltr'>μηδὲν</span> <span class='ocrx_word' id='word_1_616' title='bbox 225 2703 532 2738; x_wconf 77' lang='grc' dir='ltr'>πραγματευσαμένοις,</span> <span class='ocrx_word' id='word_1_617' title='bbox 548 2706 596 2730; x_wconf 80' lang='grc' dir='ltr'><strong>καὶ</strong></span> <span class='ocrx_word' id='word_1_618' title='bbox 610 2704 670 2731; x_wconf 76' lang='grc' dir='ltr'>οὐδὲ</span> <span class='ocrx_word' id='word_1_619' title='bbox 683 2705 765 2732; x_wconf 74' lang='grc' dir='ltr'>αὑτὸν</span> <span class='ocrx_word' id='word_1_620' title='bbox 780 2705 846 2740; x_wconf 81' lang='grc' dir='ltr'>γοῦν</span> <span class='ocrx_word' id='word_1_621' title='bbox 859 2707 905 2733; x_wconf 80' lang='grc' dir='ltr'>τὸν</span> 
     </span>
    </p>
   </div>
   <div class='ocr_carea' id='block_1_87' title="bbox 124 2743 905 2787">
    <p class='ocr_par' dir='ltr' id='par_1_87' title="bbox 124 2743 905 2787">
     <span class='ocr_line' id='line_1_87' title="bbox 124 2743 905 2787; baseline 0.009 -16"><span class='ocrx_word' id='word_1_622' title='bbox 124 2743 222 2777; x_wconf 63' lang='grc' dir='ltr'>ἔξωθεν</span> <span class='ocrx_word' id='word_1_623' title='bbox 239 2748 380 2775; x_wconf 77' lang='grc' dir='ltr'>ιντεθέντα</span> <span class='ocrx_word' id='word_1_624' title='bbox 409 2748 524 2776; x_wconf 80' lang='grc' dir='ltr'>πλοῦτον</span> <span class='ocrx_word' id='word_1_625' title='bbox 542 2749 648 2785; x_wconf 83' lang='grc' dir='ltr'>ἀψύχου</span> <span class='ocrx_word' id='word_1_626' title='bbox 672 2750 811 2786; x_wconf 85' lang='grc' dir='ltr'>θησαυροῦ</span> <span class='ocrx_word' id='word_1_627' title='bbox 826 2752 905 2787; x_wconf 83' lang='grc' dir='ltr'>δίκην</span> 
     </span>
    </p>
   </div>
   <div class='ocr_carea' id='block_1_88' title="bbox 159 2835 702 2870">
    <p class='ocr_par' dir='ltr' id='par_1_88' title="bbox 159 2835 702 2870">
     <span class='ocr_line' id='line_1_88' title="bbox 159 2835 702 2870; baseline 0.006 -8"><span class='ocrx_word' id='word_1_628' title='bbox 159 2835 182 2850; x_wconf 87' lang='lat'><strong>&quot;</strong></span> <span class='ocrx_word' id='word_1_629' title='bbox 195 2835 292 2863; x_wconf 77' lang='lat' dir='ltr'><strong>Matth.</strong></span> <span class='ocrx_word' id='word_1_630' title='bbox 310 2844 337 2868; x_wconf 77' lang='grc' dir='ltr'><strong>ν,</strong></span> <span class='ocrx_word' id='word_1_631' title='bbox 353 2836 428 2864; x_wconf 71' lang='grc' dir='ltr'><strong>5ου.</strong></span> <span class='ocrx_word' id='word_1_632' title='bbox 468 2837 491 2852; x_wconf 92' lang='lat'><strong>&quot;</strong></span> <span class='ocrx_word' id='word_1_633' title='bbox 512 2835 591 2864; x_wconf 81' lang='lat' dir='ltr'><strong>Rom.</strong></span> <span class='ocrx_word' id='word_1_634' title='bbox 609 2845 659 2870; x_wconf 76' lang='lat' dir='ltr'><strong>xu,</strong></span> <span class='ocrx_word' id='word_1_635' title='bbox 675 2838 702 2865; x_wconf 79' lang='lat'><strong>3.</strong></span> 
     </span>
    </p>
   </div>
   <div class='ocr_carea' id='block_1_89' title="bbox 957 1556 1738 1592">
    <p class='ocr_par' dir='ltr' id='par_1_89' title="bbox 957 1556 1738 1592">
     <span class='ocr_line' id='line_1_89' title="bbox 957 1556 1738 1592; baseline 0.001 -8"><span class='ocrx_word' id='word_1_636' title='bbox 957 1564 1138 1592; x_wconf 89' lang='lat' dir='ltr'><strong>quorumnam</strong></span> <span class='ocrx_word' id='word_1_637' title='bbox 1153 1557 1198 1588; x_wconf 82' lang='lat' dir='ltr'><strong>sit,</strong></span> <span class='ocrx_word' id='word_1_638' title='bbox 1216 1556 1268 1584; x_wconf 88' lang='lat' dir='ltr'><strong>nisi</strong></span> <span class='ocrx_word' id='word_1_639' title='bbox 1282 1556 1345 1584; x_wconf 86' lang='lat' dir='ltr'><strong>Jesu</strong></span> <span class='ocrx_word' id='word_1_640' title='bbox 1378 1561 1563 1591; x_wconf 74' lang='lat' dir='ltr'><strong>paupertatem</strong></span> <span class='ocrx_word' id='word_1_641' title='bbox 1582 1559 1738 1592; x_wconf 87' lang='lat' dir='ltr'><strong>scientium,</strong></span> 
     </span>
    </p>
   </div>
   <div class='ocr_carea' id='block_1_90' title="bbox 957 1603 1737 1638">
    <p class='ocr_par' dir='ltr' id='par_1_90' title="bbox 957 1603 1737 1638">
     <span class='ocr_line' id='line_1_90' title="bbox 957 1603 1737 1638; baseline 0.001 -8"><span class='ocrx_word' id='word_1_642' title='bbox 957 1603 1002 1638; x_wconf 89' lang='lat' dir='ltr'><strong>qui</strong></span> <span class='ocrx_word' id='word_1_643' title='bbox 1015 1609 1042 1630; x_wconf 89' lang='lat' dir='ltr'><strong>et</strong></span> <span class='ocrx_word' id='word_1_644' title='bbox 1057 1608 1164 1635; x_wconf 85' lang='lat' dir='ltr'><strong>natura,</strong></span> <span class='ocrx_word' id='word_1_645' title='bbox 1186 1607 1212 1629; x_wconf 87' lang='lat' dir='ltr'><strong>et</strong></span> <span class='ocrx_word' id='word_1_646' title='bbox 1225 1603 1350 1630; x_wconf 86' lang='lat' dir='ltr'><strong>convictu</strong></span> <span class='ocrx_word' id='word_1_647' title='bbox 1377 1610 1438 1630; x_wconf 89' lang='lat' dir='ltr'><strong>cum</strong></span> <span class='ocrx_word' id='word_1_648' title='bbox 1469 1603 1554 1630; x_wconf 85' lang='lat' dir='ltr'><strong>servis</strong></span> <span class='ocrx_word' id='word_1_649' title='bbox 1585 1605 1737 1632; x_wconf 87' lang='lat' dir='ltr'><strong>communi-</strong></span> 
     </span>
    </p>
   </div>
   <div class='ocr_carea' id='block_1_91' title="bbox 956 1648 1739 1683">
    <p class='ocr_par' dir='ltr' id='par_1_91' title="bbox 956 1648 1739 1683">
     <span class='ocr_line' id='line_1_91' title="bbox 956 1648 1739 1683; baseline 0.001 -6"><span class='ocrx_word' id='word_1_650' title='bbox 956 1649 1036 1682; x_wconf 83' lang='lat' dir='ltr'><strong>cavit,</strong></span> <span class='ocrx_word' id='word_1_651' title='bbox 1053 1656 1114 1676; x_wconf 87' lang='lat' dir='ltr'><strong>cum</strong></span> <span class='ocrx_word' id='word_1_652' title='bbox 1128 1654 1199 1676; x_wconf 86' lang='lat' dir='ltr'><strong>esset</strong></span> <span class='ocrx_word' id='word_1_653' title='bbox 1214 1648 1355 1680; x_wconf 86' lang='lat' dir='ltr'><strong>Dominus,</strong></span> <span class='ocrx_word' id='word_1_654' title='bbox 1371 1653 1397 1675; x_wconf 88' lang='lat' dir='ltr'><strong>et</strong></span> <span class='ocrx_word' id='word_1_655' title='bbox 1421 1650 1510 1676; x_wconf 78' lang='lat' dir='ltr'><strong>factus</strong></span> <span class='ocrx_word' id='word_1_656' title='bbox 1535 1655 1575 1676; x_wconf 79' lang='lat' dir='ltr'><strong>cst</strong></span> <span class='ocrx_word' id='word_1_657' title='bbox 1590 1657 1665 1683; x_wconf 82' lang='lat' dir='ltr'><strong>caro,</strong></span> <span class='ocrx_word' id='word_1_658' title='bbox 1677 1659 1739 1678; x_wconf 87' lang='lat' dir='ltr'><strong>cum</strong></span> 
     </span>
    </p>
   </div>
   <div class='ocr_carea' id='block_1_92' title="bbox 955 1694 1738 1732">
    <p class='ocr_par' dir='ltr' id='par_1_92' title="bbox 955 1694 1738 1732">
     <span class='ocr_line' id='line_1_92' title="bbox 955 1694 1738 1732; baseline 0.003 -10"><span class='ocrx_word' id='word_1_659' title='bbox 955 1699 1029 1723; x_wconf 84' lang='lat' dir='ltr'><strong>esset</strong></span> <span class='ocrx_word' id='word_1_660' title='bbox 1053 1694 1181 1729; x_wconf 87' lang='lat' dir='ltr'><strong>Deus;et</strong></span> <span class='ocrx_word' id='word_1_661' title='bbox 1194 1695 1269 1722; x_wconf 88' lang='lat' dir='ltr'><strong>dives</strong></span> <span class='ocrx_word' id='word_1_662' title='bbox 1292 1694 1372 1730; x_wconf 74' lang='lat' dir='ltr'><strong>elegit</strong></span> <span class='ocrx_word' id='word_1_663' title='bbox 1397 1699 1556 1728; x_wconf 70' lang='lat' dir='ltr'><strong>egestatem,</strong></span> <span class='ocrx_word' id='word_1_664' title='bbox 1574 1697 1738 1732; x_wconf 63' lang='lat' dir='ltr'><strong>pertulitque</strong></span> 
     </span>
    </p>
   </div>
   <div class='ocr_carea' id='block_1_93' title="bbox 956 1738 1741 1773">
    <p class='ocr_par' dir='ltr' id='par_1_93' title="bbox 956 1738 1741 1773">
     <span class='ocr_line' id='line_1_93' title="bbox 956 1738 1741 1773; baseline 0.008 -9"><span class='ocrx_word' id='word_1_665' title='bbox 956 1738 1133 1772; x_wconf 77' lang='lat' dir='ltr'><strong>ignominiam</strong></span> <span class='ocrx_word' id='word_1_666' title='bbox 1166 1746 1214 1766; x_wconf 71' lang='lat' dir='ltr'><strong>rex</strong></span> <span class='ocrx_word' id='word_1_667' title='bbox 1247 1738 1363 1773; x_wconf 76' lang='lat' dir='ltr'><strong>gloriae;</strong></span> <span class='ocrx_word' id='word_1_668' title='bbox 1400 1744 1426 1766; x_wconf 86' lang='lat' dir='ltr'><strong>et</strong></span> <span class='ocrx_word' id='word_1_669' title='bbox 1460 1739 1665 1773; x_wconf 77' lang='lat' dir='ltr'><strong>circumductus</strong></span> <span class='ocrx_word' id='word_1_670' title='bbox 1698 1747 1741 1770; x_wconf 85' lang='lat' dir='ltr'><strong>est</strong></span> 
     </span>
    </p>
   </div>
   <div class='ocr_carea' id='block_1_94' title="bbox 955 1785 1740 1821">
    <p class='ocr_par' dir='ltr' id='par_1_94' title="bbox 955 1785 1740 1821">
     <span class='ocr_line' id='line_1_94' title="bbox 955 1785 1740 1821; baseline 0.004 -8"><span class='ocrx_word' id='word_1_671' title='bbox 955 1787 1074 1818; x_wconf 87' lang='lat' dir='ltr'><strong>vinctus,</strong></span> <span class='ocrx_word' id='word_1_672' title='bbox 1090 1785 1135 1820; x_wconf 92' lang='lat' dir='ltr'><strong>qui</strong></span> <span class='ocrx_word' id='word_1_673' title='bbox 1151 1793 1237 1821; x_wconf 75' lang='lat' dir='ltr'><strong>genus</strong></span> <span class='ocrx_word' id='word_1_674' title='bbox 1264 1790 1388 1813; x_wconf 88' lang='lat' dir='ltr'><strong>nostrum</strong></span> <span class='ocrx_word' id='word_1_675' title='bbox 1423 1785 1539 1813; x_wconf 85' lang='lat' dir='ltr'><strong>vinculis</strong></span> <span class='ocrx_word' id='word_1_676' title='bbox 1577 1787 1658 1815; x_wconf 88' lang='lat' dir='ltr'><strong>solvit</strong></span> <span class='ocrx_word' id='word_1_677' title='bbox 1673 1797 1680 1821; x_wconf 84' lang='lat'><strong>;</strong></span> <span class='ocrx_word' id='word_1_678' title='bbox 1694 1797 1740 1816; x_wconf 84' lang='lat' dir='ltr'><strong>ae-</strong></span> 
     </span>
    </p>
   </div>
   <div class='ocr_carea' id='block_1_95' title="bbox 955 1832 1740 1869">
    <p class='ocr_par' dir='ltr' id='par_1_95' title="bbox 955 1832 1740 1869">
     <span class='ocr_line' id='line_1_95' title="bbox 955 1832 1740 1869; baseline -0.003 -10"><span class='ocrx_word' id='word_1_679' title='bbox 955 1833 1123 1859; x_wconf 83' lang='lat' dir='ltr'><strong>cusationem</strong></span> <span class='ocrx_word' id='word_1_680' title='bbox 1151 1832 1311 1859; x_wconf 89' lang='lat' dir='ltr'><strong>violatorum</strong></span> <span class='ocrx_word' id='word_1_681' title='bbox 1336 1832 1403 1864; x_wconf 78' lang='lat' dir='ltr'><strong>legis</strong></span> <span class='ocrx_word' id='word_1_682' title='bbox 1429 1833 1455 1859; x_wconf 89' lang='lat' dir='ltr'><strong>in</strong></span> <span class='ocrx_word' id='word_1_683' title='bbox 1481 1840 1511 1861; x_wconf 84' lang='lat' dir='ltr'><strong>se</strong></span> <span class='ocrx_word' id='word_1_684' title='bbox 1537 1835 1667 1868; x_wconf 71' lang='lat' dir='ltr'><strong>suscepit,</strong></span> <span class='ocrx_word' id='word_1_685' title='bbox 1693 1836 1740 1869; x_wconf 80' lang='lat' dir='ltr'><strong>qui</strong></span> 
     </span>
    </p>
   </div>
   <div class='ocr_carea' id='block_1_96' title="bbox 955 1877 1738 1915">
    <p class='ocr_par' dir='ltr' id='par_1_96' title="bbox 955 1877 1738 1915">
     <span class='ocr_line' id='line_1_96' title="bbox 955 1877 1738 1915; baseline 0.003 -10"><span class='ocrx_word' id='word_1_686' title='bbox 955 1879 1039 1912; x_wconf 78' lang='lat' dir='ltr'><strong>legem</strong></span> <span class='ocrx_word' id='word_1_687' title='bbox 1066 1877 1225 1912; x_wconf 87' lang='lat' dir='ltr'><strong>impleturus</strong></span> <span class='ocrx_word' id='word_1_688' title='bbox 1254 1883 1362 1905; x_wconf 85' lang='lat' dir='ltr'><strong>venerat</strong></span> <span class='ocrx_word' id='word_1_689' title='bbox 1376 1883 1433 1913; x_wconf 89' lang='lat' dir='ltr'><strong>;et,</strong></span> <span class='ocrx_word' id='word_1_690' title='bbox 1449 1880 1553 1915; x_wconf 86' lang='lat' dir='ltr'><strong>judices</strong></span> <span class='ocrx_word' id='word_1_691' title='bbox 1575 1888 1670 1914; x_wconf 84' lang='lat' dir='ltr'><strong>passus</strong></span> <span class='ocrx_word' id='word_1_692' title='bbox 1686 1887 1738 1912; x_wconf 77' lang='lat' dir='ltr'><strong>est,</strong></span> 
     </span>
    </p>
   </div>
   <div class='ocr_carea' id='block_1_97' title="bbox 956 1924 1737 1959">
    <p class='ocr_par' dir='ltr' id='par_1_97' title="bbox 956 1924 1737 1959">
     <span class='ocr_line' id='line_1_97' title="bbox 956 1924 1737 1959; baseline 0.001 -7"><span class='ocrx_word' id='word_1_693' title='bbox 956 1925 1101 1952; x_wconf 88' lang='lat' dir='ltr'><strong>insanienti</strong></span> <span class='ocrx_word' id='word_1_694' title='bbox 1132 1924 1230 1958; x_wconf 92' lang='lat' dir='ltr'><strong>populo</strong></span> <span class='ocrx_word' id='word_1_695' title='bbox 1274 1931 1306 1951; x_wconf 88' lang='lat' dir='ltr'><strong>ac</strong></span> <span class='ocrx_word' id='word_1_696' title='bbox 1327 1925 1407 1952; x_wconf 66' lang='lat' dir='ltr'><strong>caedis</strong></span> <span class='ocrx_word' id='word_1_697' title='bbox 1434 1925 1513 1952; x_wconf 88' lang='lat' dir='ltr'><strong>avido</strong></span> <span class='ocrx_word' id='word_1_698' title='bbox 1545 1927 1737 1959; x_wconf 75' lang='lat' dir='ltr'><strong>gratiﬁcantes.</strong></span> 
     </span>
    </p>
   </div>
   <div class='ocr_carea' id='block_1_98' title="bbox 958 1969 1737 2006">
    <p class='ocr_par' dir='ltr' id='par_1_98' title="bbox 958 1969 1737 2006">
     <span class='ocr_line' id='line_1_98' title="bbox 958 1969 1737 2006; baseline 0.001 -9"><span class='ocrx_word' id='word_1_699' title='bbox 958 1980 967 1997; x_wconf 86' lang='grc' dir='ltr'><strong>ι</strong></span> <span class='ocrx_word' id='word_1_700' title='bbox 986 1971 1030 1997; x_wconf 89' lang='lat' dir='ltr'><strong>cui</strong></span> <span class='ocrx_word' id='word_1_701' title='bbox 1057 1977 1137 1998; x_wconf 88' lang='lat' dir='ltr'><strong>omne</strong></span> <span class='ocrx_word' id='word_1_702' title='bbox 1160 1969 1291 2004; x_wconf 89' lang='lat' dir='ltr'><strong>judicium</strong></span> <span class='ocrx_word' id='word_1_703' title='bbox 1310 1970 1383 1997; x_wconf 86' lang='lat' dir='ltr'><strong>dedit</strong></span> <span class='ocrx_word' id='word_1_704' title='bbox 1402 1971 1480 1998; x_wconf 87' lang='lat' dir='ltr'><strong>Pater</strong></span> <span class='ocrx_word' id='word_1_705' title='bbox 1497 1971 1531 1998; x_wconf 81' lang='lat'><strong>“.</strong></span> <span class='ocrx_word' id='word_1_706' title='bbox 1553 1981 1562 1997; x_wconf 71' lang='grc' dir='ltr'><strong><em>ι</em></strong></span> <span class='ocrx_word' id='word_1_707' title='bbox 1580 1971 1641 1999; x_wconf 73' lang='lat' dir='ltr'><strong>llme</strong></span> <span class='ocrx_word' id='word_1_708' title='bbox 1658 1980 1737 2006; x_wconf 84' lang='lat' dir='ltr'><strong>quem</strong></span> 
     </span>
    </p>
   </div>
   <div class='ocr_carea' id='block_1_99' title="bbox 955 2017 1738 2051">
    <p class='ocr_par' dir='ltr' id='par_1_99' title="bbox 955 2017 1738 2051">
     <span class='ocr_line' id='line_1_99' title="bbox 955 2017 1738 2051; baseline -0.001 -6"><span class='ocrx_word' id='word_1_709' title='bbox 955 2017 1054 2045; x_wconf 76' lang='lat' dir='ltr'><strong>fastum</strong></span> <span class='ocrx_word' id='word_1_710' title='bbox 1071 2025 1123 2044; x_wconf 89' lang='lat' dir='ltr'><strong>non</strong></span> <span class='ocrx_word' id='word_1_711' title='bbox 1139 2017 1290 2051; x_wconf 86' lang='lat' dir='ltr'><strong>deprimant</strong></span> <span class='ocrx_word' id='word_1_712' title='bbox 1304 2017 1365 2043; x_wconf 82' lang='lat' dir='ltr'><strong>?Ad</strong></span> <span class='ocrx_word' id='word_1_713' title='bbox 1380 2017 1446 2048; x_wconf 62' lang='lat' dir='ltr'><strong>haec,</strong></span> <span class='ocrx_word' id='word_1_714' title='bbox 1475 2017 1603 2050; x_wconf 74' lang='lat' dir='ltr'><strong>superbia</strong></span> <span class='ocrx_word' id='word_1_715' title='bbox 1630 2025 1644 2044; x_wconf 85' lang='lat' dir='ltr'><strong>a</strong></span> <span class='ocrx_word' id='word_1_716' title='bbox 1659 2018 1738 2044; x_wconf 85' lang='lat' dir='ltr'><strong>bouis</strong></span> 
     </span>
    </p>
   </div>
   <div class='ocr_carea' id='block_1_100' title="bbox 955 2062 1736 2099">
    <p class='ocr_par' dir='ltr' id='par_1_100' title="bbox 955 2062 1736 2099">
     <span class='ocr_line' id='line_1_100' title="bbox 955 2062 1736 2099; baseline -0.001 -7"><span class='ocrx_word' id='word_1_717' title='bbox 955 2065 1082 2099; x_wconf 86' lang='lat' dir='ltr'><strong>operibus</strong></span> <span class='ocrx_word' id='word_1_718' title='bbox 1111 2063 1238 2098; x_wconf 78' lang='lat' dir='ltr'><strong>(quando</strong></span> <span class='ocrx_word' id='word_1_719' title='bbox 1249 2063 1306 2090; x_wconf 79' lang='lat' dir='ltr'><strong>visa</strong></span> <span class='ocrx_word' id='word_1_720' title='bbox 1319 2062 1421 2090; x_wconf 76' lang='lat' dir='ltr'><strong>iuerint</strong></span> <span class='ocrx_word' id='word_1_721' title='bbox 1436 2065 1568 2091; x_wconf 84' lang='lat' dir='ltr'><strong>excellere</strong></span> <span class='ocrx_word' id='word_1_722' title='bbox 1585 2065 1592 2098; x_wconf 86' lang='lat'><strong>)</strong></span> <span class='ocrx_word' id='word_1_723' title='bbox 1609 2065 1736 2097; x_wconf 74' lang='lat' dir='ltr'><strong>excitata,</strong></span> 
     </span>
    </p>
   </div>
   <div class='ocr_carea' id='block_1_101' title="bbox 955 2109 1737 2142">
    <p class='ocr_par' dir='ltr' id='par_1_101' title="bbox 955 2109 1737 2142">
     <span class='ocr_line' id='line_1_101' title="bbox 955 2109 1737 2142; baseline 0 -4"><span class='ocrx_word' id='word_1_724' title='bbox 955 2112 1078 2139; x_wconf 86' lang='lat' dir='ltr'><strong>actiones</strong></span> <span class='ocrx_word' id='word_1_725' title='bbox 1091 2110 1193 2138; x_wconf 80' lang='lat' dir='ltr'><strong>Christi</strong></span> <span class='ocrx_word' id='word_1_726' title='bbox 1213 2109 1369 2142; x_wconf 88' lang='lat' dir='ltr'><strong>meditatus,</strong></span> <span class='ocrx_word' id='word_1_727' title='bbox 1385 2110 1462 2140; x_wconf 79' lang='lat' dir='ltr'><strong>sciet,</strong></span> <span class='ocrx_word' id='word_1_728' title='bbox 1483 2117 1536 2137; x_wconf 91' lang='lat' dir='ltr'><strong>non</strong></span> <span class='ocrx_word' id='word_1_729' title='bbox 1565 2110 1652 2137; x_wconf 85' lang='lat' dir='ltr'><strong>solum</strong></span> <span class='ocrx_word' id='word_1_730' title='bbox 1671 2111 1737 2138; x_wconf 88' lang='lat' dir='ltr'><strong>nihil</strong></span> 
     </span>
    </p>
   </div>
   <div class='ocr_carea' id='block_1_102' title="bbox 956 2155 1737 2191">
    <p class='ocr_par' dir='ltr' id='par_1_102' title="bbox 956 2155 1737 2191">
     <span class='ocr_line' id='line_1_102' title="bbox 956 2155 1737 2191; baseline -0.001 -8"><span class='ocrx_word' id='word_1_731' title='bbox 956 2164 985 2184; x_wconf 87' lang='lat' dir='ltr'><strong>se</strong></span> <span class='ocrx_word' id='word_1_732' title='bbox 1011 2163 1138 2191; x_wconf 77' lang='lat' dir='ltr'><strong>magnum</strong></span> <span class='ocrx_word' id='word_1_733' title='bbox 1155 2164 1216 2183; x_wconf 92' lang='lat' dir='ltr'><strong>cum</strong></span> <span class='ocrx_word' id='word_1_734' title='bbox 1232 2156 1331 2182; x_wconf 87' lang='lat' dir='ltr'><strong>virtute</strong></span> <span class='ocrx_word' id='word_1_735' title='bbox 1347 2155 1504 2190; x_wconf 60' lang='lat' dir='ltr'><strong>praestitisse</strong></span> <span class='ocrx_word' id='word_1_736' title='bbox 1519 2163 1526 2187; x_wconf 92' lang='lat'><strong>;</strong></span> <span class='ocrx_word' id='word_1_737' title='bbox 1539 2155 1586 2182; x_wconf 87' lang='lat' dir='ltr'><strong>sed</strong></span> <span class='ocrx_word' id='word_1_738' title='bbox 1604 2164 1692 2190; x_wconf 67' lang='lat' dir='ltr'><strong>neque</strong></span> <span class='ocrx_word' id='word_1_739' title='bbox 1703 2156 1737 2182; x_wconf 86' lang='lat' dir='ltr'><strong>ad</strong></span> 
     </span>
    </p>
   </div>
   <div class='ocr_carea' id='block_1_103' title="bbox 956 2201 1735 2236">
    <p class='ocr_par' dir='ltr' id='par_1_103' title="bbox 956 2201 1735 2236">
     <span class='ocr_line' id='line_1_103' title="bbox 956 2201 1735 2236; baseline -0.005 -5"><span class='ocrx_word' id='word_1_740' title='bbox 956 2203 1096 2231; x_wconf 83' lang='lat' dir='ltr'><strong>servitutis</strong></span> <span class='ocrx_word' id='word_1_741' title='bbox 1127 2209 1184 2229; x_wconf 68' lang='lat' dir='ltr'><strong>sua:</strong></span> <span class='ocrx_word' id='word_1_742' title='bbox 1213 2201 1307 2236; x_wconf 75' lang='lat' dir='ltr'><strong>iugum</strong></span> <span class='ocrx_word' id='word_1_743' title='bbox 1338 2207 1352 2226; x_wconf 91' lang='lat' dir='ltr'><strong>a</strong></span> <span class='ocrx_word' id='word_1_744' title='bbox 1377 2201 1531 2227; x_wconf 87' lang='lat' dir='ltr'><strong>cervicibus</strong></span> <span class='ocrx_word' id='word_1_745' title='bbox 1553 2201 1735 2235; x_wconf 72' lang='lat' dir='ltr'><strong>dejicicntlum</strong></span> 
     </span>
    </p>
   </div>
   <div class='ocr_carea' id='block_1_104' title="bbox 954 2246 1735 2284">
    <p class='ocr_par' dir='ltr' id='par_1_104' title="bbox 954 2246 1735 2284">
     <span class='ocr_line' id='line_1_104' title="bbox 954 2246 1735 2284; baseline -0.004 -8"><span class='ocrx_word' id='word_1_746' title='bbox 954 2249 1100 2284; x_wconf 87' lang='lat' dir='ltr'><strong>quidquam</strong></span> <span class='ocrx_word' id='word_1_747' title='bbox 1130 2252 1259 2283; x_wconf 63' lang='lat' dir='ltr'><strong>praestare</strong></span> <span class='ocrx_word' id='word_1_748' title='bbox 1289 2247 1420 2282; x_wconf 71' lang='lat' dir='ltr'><strong>potuisse,</strong></span> <span class='ocrx_word' id='word_1_749' title='bbox 1457 2246 1503 2282; x_wconf 88' lang='lat' dir='ltr'><strong>qui</strong></span> <span class='ocrx_word' id='word_1_750' title='bbox 1532 2255 1582 2275; x_wconf 89' lang='lat' dir='ltr'><strong>nec</strong></span> <span class='ocrx_word' id='word_1_751' title='bbox 1613 2248 1735 2282; x_wconf 84' lang='lat' dir='ltr'><strong>adeptam</strong></span> 
     </span>
    </p>
   </div>
   <div class='ocr_carea' id='block_1_105' title="bbox 955 2291 1735 2325">
    <p class='ocr_par' dir='ltr' id='par_1_105' title="bbox 955 2291 1735 2325">
     <span class='ocr_line' id='line_1_105' title="bbox 955 2291 1735 2325; baseline -0.004 -4"><span class='ocrx_word' id='word_1_752' title='bbox 955 2295 1105 2321; x_wconf 76' lang='lat' dir='ltr'><strong>libertath</strong></span> <span class='ocrx_word' id='word_1_753' title='bbox 1141 2299 1306 2320; x_wconf 86' lang='lat' dir='ltr'><strong>conservare</strong></span> <span class='ocrx_word' id='word_1_754' title='bbox 1339 2295 1440 2318; x_wconf 87' lang='lat' dir='ltr'><strong>sartam</strong></span> <span class='ocrx_word' id='word_1_755' title='bbox 1478 2294 1576 2317; x_wconf 74' lang='lat' dir='ltr'><strong>tectam</strong></span> <span class='ocrx_word' id='word_1_756' title='bbox 1608 2291 1735 2325; x_wconf 81' lang='lat' dir='ltr'><strong>potuerit.</strong></span> 
     </span>
    </p>
   </div>
   <div class='ocr_carea' id='block_1_106' title="bbox 955 2335 1735 2372">
    <p class='ocr_par' dir='ltr' id='par_1_106' title="bbox 955 2335 1735 2372">
     <span class='ocr_line' id='line_1_106' title="bbox 955 2335 1735 2372; baseline -0.006 -6"><span class='ocrx_word' id='word_1_757' title='bbox 955 2339 1003 2366; x_wconf 85' lang='lat' dir='ltr'><strong>Ille</strong></span> <span class='ocrx_word' id='word_1_758' title='bbox 1017 2339 1088 2366; x_wconf 89' lang='lat' dir='ltr'><strong>enim</strong></span> <span class='ocrx_word' id='word_1_759' title='bbox 1106 2338 1237 2372; x_wconf 79' lang='lat' dir='ltr'><strong>sanguine</strong></span> <span class='ocrx_word' id='word_1_760' title='bbox 1253 2344 1303 2364; x_wconf 90' lang='lat' dir='ltr'><strong>suo</strong></span> <span class='ocrx_word' id='word_1_761' title='bbox 1320 2343 1369 2363; x_wconf 82' lang='lat' dir='ltr'><strong>nos</strong></span> <span class='ocrx_word' id='word_1_762' title='bbox 1385 2335 1462 2368; x_wconf 88' lang='lat' dir='ltr'><strong>emit,</strong></span> <span class='ocrx_word' id='word_1_763' title='bbox 1475 2339 1502 2362; x_wconf 84' lang='lat' dir='ltr'><strong>et</strong></span> <span class='ocrx_word' id='word_1_764' title='bbox 1516 2336 1553 2362; x_wconf 83' lang='lat' dir='ltr'><strong>ita</strong></span> <span class='ocrx_word' id='word_1_765' title='bbox 1570 2343 1668 2370; x_wconf 80' lang='lat' dir='ltr'><strong>magno</strong></span> <span class='ocrx_word' id='word_1_766' title='bbox 1691 2343 1735 2362; x_wconf 87' lang='lat' dir='ltr'><strong>ac-</strong></span> 
     </span>
    </p>
   </div>
   <div class='ocr_carea' id='block_1_107' title="bbox 955 2381 1737 2420">
    <p class='ocr_par' dir='ltr' id='par_1_107' title="bbox 955 2381 1737 2420">
     <span class='ocr_line' id='line_1_107' title="bbox 955 2381 1737 2420; baseline -0.004 -9"><span class='ocrx_word' id='word_1_767' title='bbox 955 2384 1083 2420; x_wconf 86' lang='lat' dir='ltr'><strong>quisitam</strong></span> <span class='ocrx_word' id='word_1_768' title='bbox 1100 2383 1253 2411; x_wconf 87' lang='lat' dir='ltr'><strong>libertatem</strong></span> <span class='ocrx_word' id='word_1_769' title='bbox 1280 2382 1358 2409; x_wconf 88' lang='lat' dir='ltr'><strong>nobis</strong></span> <span class='ocrx_word' id='word_1_770' title='bbox 1370 2382 1490 2409; x_wconf 86' lang='lat' dir='ltr'><strong>donavit.</strong></span> <span class='ocrx_word' id='word_1_771' title='bbox 1516 2381 1584 2414; x_wconf 83' lang='lat' dir='ltr'><strong>Quis</strong></span> <span class='ocrx_word' id='word_1_772' title='bbox 1603 2388 1686 2415; x_wconf 86' lang='lat' dir='ltr'><strong>porro</strong></span> <span class='ocrx_word' id='word_1_773' title='bbox 1703 2381 1737 2408; x_wconf 88' lang='lat' dir='ltr'><strong>li-</strong></span> 
     </span>
    </p>
   </div>
   <div class='ocr_carea' id='block_1_108' title="bbox 958 2427 1737 2462">
    <p class='ocr_par' dir='ltr' id='par_1_108' title="bbox 958 2427 1737 2462">
     <span class='ocr_line' id='line_1_108' title="bbox 958 2427 1737 2462; baseline -0.005 -4"><span class='ocrx_word' id='word_1_774' title='bbox 958 2431 1113 2458; x_wconf 89' lang='lat' dir='ltr'><strong>beratorum</strong></span> <span class='ocrx_word' id='word_1_775' title='bbox 1131 2429 1157 2456; x_wconf 92' lang='lat' dir='ltr'><strong>in</strong></span> <span class='ocrx_word' id='word_1_776' title='bbox 1175 2429 1218 2456; x_wconf 85' lang='lat' dir='ltr'><strong>his</strong></span> <span class='ocrx_word' id='word_1_777' title='bbox 1229 2435 1290 2462; x_wconf 80' lang='lat' dir='ltr'><strong>quze</strong></span> <span class='ocrx_word' id='word_1_778' title='bbox 1303 2427 1408 2461; x_wconf 86' lang='lat' dir='ltr'><strong>accepit</strong></span> <span class='ocrx_word' id='word_1_779' title='bbox 1419 2427 1579 2462; x_wconf 85' lang='lat' dir='ltr'><strong>permansit,</strong></span> <span class='ocrx_word' id='word_1_780' title='bbox 1607 2427 1737 2461; x_wconf 83' lang='lat' dir='ltr'><strong>spiritua-</strong></span> 
     </span>
    </p>
   </div>
   <div class='ocr_carea' id='block_1_109' title="bbox 957 2473 1735 2512">
    <p class='ocr_par' dir='ltr' id='par_1_109' title="bbox 957 2473 1735 2512">
     <span class='ocr_line' id='line_1_109' title="bbox 957 2473 1735 2512; baseline -0.008 -7"><span class='ocrx_word' id='word_1_781' title='bbox 957 2479 1048 2512; x_wconf 88' lang='lat' dir='ltr'><strong>lesque</strong></span> <span class='ocrx_word' id='word_1_782' title='bbox 1060 2476 1170 2507; x_wconf 88' lang='lat' dir='ltr'><strong>divitias</strong></span> <span class='ocrx_word' id='word_1_783' title='bbox 1185 2482 1272 2510; x_wconf 85' lang='lat' dir='ltr'><strong>usque</strong></span> <span class='ocrx_word' id='word_1_784' title='bbox 1297 2475 1330 2502; x_wconf 88' lang='lat' dir='ltr'><strong>ad</strong></span> <span class='ocrx_word' id='word_1_785' title='bbox 1349 2475 1429 2501; x_wconf 86' lang='lat' dir='ltr'><strong>tinem</strong></span> <span class='ocrx_word' id='word_1_786' title='bbox 1445 2482 1458 2501; x_wconf 87' lang='lat' dir='ltr'><strong>a</strong></span> <span class='ocrx_word' id='word_1_787' title='bbox 1471 2473 1646 2508; x_wconf 61' lang='lat' dir='ltr'><strong>praedonibus</strong></span> <span class='ocrx_word' id='word_1_788' title='bbox 1662 2478 1735 2500; x_wconf 80' lang='lat' dir='ltr'><strong>tutas</strong></span> 
     </span>
    </p>
   </div>
   <div class='ocr_carea' id='block_1_110' title="bbox 957 2520 1735 2556">
    <p class='ocr_par' dir='ltr' id='par_1_110' title="bbox 957 2520 1735 2556">
     <span class='ocr_line' id='line_1_110' title="bbox 957 2520 1735 2556; baseline -0.009 -5"><span class='ocrx_word' id='word_1_789' title='bbox 957 2523 1079 2554; x_wconf 82' lang='lat' dir='ltr'><strong>retinuit,</strong></span> <span class='ocrx_word' id='word_1_790' title='bbox 1093 2530 1125 2550; x_wconf 89' lang='lat' dir='ltr'><strong>ac</strong></span> <span class='ocrx_word' id='word_1_791' title='bbox 1140 2530 1193 2549; x_wconf 95' lang='lat' dir='ltr'><strong>non</strong></span> <span class='ocrx_word' id='word_1_792' title='bbox 1211 2522 1281 2549; x_wconf 88' lang='lat' dir='ltr'><strong>hanc</strong></span> <span class='ocrx_word' id='word_1_793' title='bbox 1294 2528 1418 2556; x_wconf 69' lang='lat' dir='ltr'><strong>magnam</strong></span> <span class='ocrx_word' id='word_1_794' title='bbox 1435 2520 1644 2547; x_wconf 87' lang='lat' dir='ltr'><strong>sanctimoniam</strong></span> <span class='ocrx_word' id='word_1_795' title='bbox 1658 2526 1735 2545; x_wconf 88' lang='lat' dir='ltr'><strong>suam</strong></span> 
     </span>
    </p>
   </div>
   <div class='ocr_carea' id='block_1_111' title="bbox 958 2562 1738 2603">
    <p class='ocr_par' dir='ltr' id='par_1_111' title="bbox 958 2562 1738 2603">
     <span class='ocr_line' id='line_1_111' title="bbox 958 2562 1738 2603; baseline -0.008 -8"><span class='ocrx_word' id='word_1_796' title='bbox 958 2562 1102 2603; x_wconf 82' lang='lat' dir='ltr'><strong>reputavit,</strong></span> <span class='ocrx_word' id='word_1_797' title='bbox 1121 2567 1188 2595; x_wconf 87' lang='lat' dir='ltr'><strong>levia</strong></span> <span class='ocrx_word' id='word_1_798' title='bbox 1201 2567 1332 2595; x_wconf 87' lang='lat' dir='ltr'><strong>adversus</strong></span> <span class='ocrx_word' id='word_1_799' title='bbox 1351 2566 1466 2600; x_wconf 76' lang='lat' dir='ltr'><strong>gratiam</strong></span> <span class='ocrx_word' id='word_1_800' title='bbox 1495 2564 1618 2600; x_wconf 80' lang='lat' dir='ltr'><strong>peccare?</strong></span> <span class='ocrx_word' id='word_1_801' title='bbox 1637 2564 1664 2590; x_wconf 88' lang='lat' dir='ltr'><strong>In</strong></span> <span class='ocrx_word' id='word_1_802' title='bbox 1683 2571 1738 2598; x_wconf 88' lang='lat' dir='ltr'><strong>quo</strong></span> 
     </span>
    </p>
   </div>
   <div class='ocr_carea' id='block_1_112' title="bbox 955 2608 1736 2649">
    <p class='ocr_par' dir='ltr' id='par_1_112' title="bbox 955 2608 1736 2649">
     <span class='ocr_line' id='line_1_112' title="bbox 955 2608 1736 2649; baseline -0.008 -9"><span class='ocrx_word' id='word_1_803' title='bbox 955 2613 1037 2649; x_wconf 75' lang='lat' dir='ltr'><strong>igitur</strong></span> <span class='ocrx_word' id='word_1_804' title='bbox 1052 2612 1132 2640; x_wconf 89' lang='lat' dir='ltr'><strong>nobis</strong></span> <span class='ocrx_word' id='word_1_805' title='bbox 1150 2612 1220 2639; x_wconf 86' lang='lat' dir='ltr'><strong>male</strong></span> <span class='ocrx_word' id='word_1_806' title='bbox 1236 2611 1357 2639; x_wconf 84' lang='lat' dir='ltr'><strong>consciis</strong></span> <span class='ocrx_word' id='word_1_807' title='bbox 1372 2610 1465 2638; x_wconf 84' lang='lat' dir='ltr'><strong>licebit</strong></span> <span class='ocrx_word' id='word_1_808' title='bbox 1494 2609 1618 2644; x_wconf 80' lang='lat' dir='ltr'><strong>gloriari,</strong></span> <span class='ocrx_word' id='word_1_809' title='bbox 1636 2608 1736 2642; x_wconf 85' lang='lat' dir='ltr'><strong>quibus</strong></span> 
     </span>
    </p>
   </div>
   <div class='ocr_carea' id='block_1_113' title="bbox 956 2653 1738 2693">
    <p class='ocr_par' dir='ltr' id='par_1_113' title="bbox 956 2653 1738 2693">
     <span class='ocr_line' id='line_1_113' title="bbox 956 2653 1738 2693; baseline -0.009 -8"><span class='ocrx_word' id='word_1_810' title='bbox 956 2658 1068 2693; x_wconf 79' lang='lat' dir='ltr'><strong>propria</strong></span> <span class='ocrx_word' id='word_1_811' title='bbox 1089 2657 1178 2685; x_wconf 86' lang='lat' dir='ltr'><strong>virtus</strong></span> <span class='ocrx_word' id='word_1_812' title='bbox 1210 2657 1269 2692; x_wconf 88' lang='lat' dir='ltr'><strong>ipsa</strong></span> <span class='ocrx_word' id='word_1_813' title='bbox 1291 2661 1401 2691; x_wconf 91' lang='lat' dir='ltr'><strong>propter</strong></span> <span class='ocrx_word' id='word_1_814' title='bbox 1428 2655 1546 2690; x_wconf 87' lang='lat' dir='ltr'><strong>seipsam</strong></span> <span class='ocrx_word' id='word_1_815' title='bbox 1563 2654 1595 2680; x_wconf 89' lang='lat' dir='ltr'><strong>ad</strong></span> <span class='ocrx_word' id='word_1_816' title='bbox 1613 2653 1680 2680; x_wconf 90' lang='lat' dir='ltr'><strong>nihil</strong></span> <span class='ocrx_word' id='word_1_817' title='bbox 1696 2657 1738 2679; x_wconf 88' lang='lat' dir='ltr'><strong>cst</strong></span> 
     </span>
    </p>
   </div>
   <div class='ocr_carea' id='block_1_114' title="bbox 958 2699 1739 2739">
    <p class='ocr_par' dir='ltr' id='par_1_114' title="bbox 958 2699 1739 2739">
     <span class='ocr_line' id='line_1_114' title="bbox 958 2699 1739 2739; baseline -0.009 -8"><span class='ocrx_word' id='word_1_818' title='bbox 958 2705 1043 2732; x_wconf 78' lang='lat' dir='ltr'><strong>utilis?</strong></span> <span class='ocrx_word' id='word_1_819' title='bbox 1060 2703 1088 2731; x_wconf 88' lang='lat' dir='ltr'><strong>lu</strong></span> <span class='ocrx_word' id='word_1_820' title='bbox 1106 2712 1159 2739; x_wconf 86' lang='lat' dir='ltr'><strong>qua</strong></span> <span class='ocrx_word' id='word_1_821' title='bbox 1176 2704 1200 2732; x_wconf 85' lang='lat' dir='ltr'><strong>si</strong></span> <span class='ocrx_word' id='word_1_822' title='bbox 1216 2703 1281 2739; x_wconf 87' lang='lat' dir='ltr'><strong>quid</strong></span> <span class='ocrx_word' id='word_1_823' title='bbox 1313 2703 1382 2730; x_wconf 88' lang='lat' dir='ltr'><strong>inest</strong></span> <span class='ocrx_word' id='word_1_824' title='bbox 1401 2702 1477 2733; x_wconf 88' lang='lat' dir='ltr'><strong>boni,</strong></span> <span class='ocrx_word' id='word_1_825' title='bbox 1496 2700 1566 2728; x_wconf 85' lang='lat' dir='ltr'><strong>Dens</strong></span> <span class='ocrx_word' id='word_1_826' title='bbox 1583 2699 1608 2726; x_wconf 91' lang='lat' dir='ltr'><strong>id</strong></span> <span class='ocrx_word' id='word_1_827' title='bbox 1635 2699 1739 2732; x_wconf 70' lang='lat' dir='ltr'><strong>alisque</strong></span> 
     </span>
    </p>
   </div>
   <div class='ocr_carea' id='block_1_115' title="bbox 958 2745 1738 2784">
    <p class='ocr_par' dir='ltr' id='par_1_115' title="bbox 958 2745 1738 2784">
     <span class='ocr_line' id='line_1_115' title="bbox 958 2745 1738 2784; baseline -0.009 -7"><span class='ocrx_word' id='word_1_828' title='bbox 958 2750 1051 2777; x_wconf 78' lang='lat' dir='ltr'><strong>labore</strong></span> <span class='ocrx_word' id='word_1_829' title='bbox 1061 2756 1155 2778; x_wconf 89' lang='lat' dir='ltr'><strong>nostro</strong></span> <span class='ocrx_word' id='word_1_830' title='bbox 1164 2751 1272 2778; x_wconf 87' lang='lat' dir='ltr'><strong>indidit.</strong></span> <span class='ocrx_word' id='word_1_831' title='bbox 1280 2750 1316 2778; x_wconf 78' lang='lat' dir='ltr'><strong>Ac</strong></span> <span class='ocrx_word' id='word_1_832' title='bbox 1327 2757 1415 2784; x_wconf 83' lang='lat' dir='ltr'><strong>neque</strong></span> <span class='ocrx_word' id='word_1_833' title='bbox 1426 2749 1497 2784; x_wconf 80' lang='lat' dir='ltr'><strong>ipsas</strong></span> <span class='ocrx_word' id='word_1_834' title='bbox 1506 2748 1676 2775; x_wconf 67' lang='lat' dir='ltr'><strong>extrinsecus</strong></span> <span class='ocrx_word' id='word_1_835' title='bbox 1685 2745 1738 2771; x_wconf 84' lang='lat' dir='ltr'><strong>sal-</strong></span> 
     </span>
    </p>
   </div>
   <div class='ocr_carea' id='block_1_116' title="bbox 740 2839 962 2871">
    <p class='ocr_par' dir='ltr' id='par_1_116' title="bbox 740 2839 962 2871">
     <span class='ocr_line' id='line_1_116' title="bbox 740 2839 962 2871; baseline 0.009 -5"><span class='ocrx_word' id='word_1_836' title='bbox 740 2841 762 2856; x_wconf 77' lang='lat'>“</span> <span class='ocrx_word' id='word_1_837' title='bbox 782 2839 858 2869; x_wconf 82' lang='lat' dir='ltr'><strong>Joan.</strong></span> <span class='ocrx_word' id='word_1_838' title='bbox 877 2849 903 2871; x_wconf 77' lang='grc' dir='ltr'>ι’,</span> <span class='ocrx_word' id='word_1_839' title='bbox 918 2841 962 2868; x_wconf 65' lang='grc'><strong>22.</strong></span> 
     </span>
    </p>
   </div>
  </div>
