1967 3071
221 131 273 161 ϐίὶἷ

848 133 1001 165 NICOLAI
1019 132 1212 163 CABASIL'E

1785 129 1841 160 668

217 187 330 222 dit-ilhc.
346 185 376 212 Et
391 193 536 222 paupertas
549 190 659 224 quidem
671 191 827 218 necessario
853 197 914 216 cum
942 196 1009 222 pra“

1063 187 1193 220 παρόντος
1211 185 1316 219 ἀνάγκη
1332 185 1499 217 πεπαῦσθαι,
1515 184 1588 211 τουτὶ
1601 184 1629 211 δὲ
1644 183 1675 211 τὸ
1698 183 1785 210 δεινὸν
1809 185 1840 210 οὗ

219 231 287 258 ειιιιιί
306 232 357 257 vita
374 232 472 258 tlrsinil
491 242 497 265 ς
518 235 586 262 hanc
606 243 697 262 autent
721 235 902 263 calamitatem
933 242 1007 261 mors

220 277 316 304 tollere
330 285 382 304 non
397 284 480 312 potest
497 288 504 311 ;
517 281 581 313 quin
599 282 698 315 potius,
712 286 741 309 ut
757 282 922 317 nobislonge
935 282 1009 316 igno-

221 322 364 349 miniosiur
390 323 425 349 sit
442 323 467 350 in
491 324 592 357 futuro,
612 334 724 354 necesse
750 333 802 354 est.
825 328 876 354 Sed
901 327 1007 354 insania

218 374 258 394 est
274 368 446 396 mist-rabilis.
478 370 548 402 Quid
565 372 575 398 ἲ
606 380 697 399 annon
716 374 802 400 malus
815 373 921 400 daemon
946 374 1007 400 aui-

221 422 294 440 mum
311 418 434 441 nostrum
453 415 573 444 furenter
597 419 726 453 exagitat,
754 419 781 446 in
807 427 888 454 quem
906 424 1006 446 tantam

220 459 345 487 amentiae
362 461 413 487 vim
429 461 542 490 eﬂ'undit
556 463 566 489 ?
583 462 610 490 Si
626 465 697 491 enim
713 473 794 500 super
808 473 888 493 enses
913 465 1008 492 ambu-

219 505 285 536 lare,
299 513 359 532 sese
376 507 540 541 praecipitem
557 509 631 540 dare,
661 511 764 537 anticus
794 512 941 546 praeterire,
982 516 1010 539 et

222 550 485 580 malevolentissimis
499 555 648 588 supplicent)
665 555 733 588 fieri,
751 557 773 584 si
789 557 855 589 haec,
886 558 1007 592 inquam,

220 595 417 624 insanientium
433 603 605 629 sunt,nonne
623 605 757 628 amantem
772 602 902 636 fugimus?
919 611 1009 632 nonne

220 640 324 668 hostem
341 644 502 670 asciscimus
518 645 529 671 ?
543 653 636 673 nonne
650 647 683 673 ad
696 649 845 682 gehennam
860 650 1008 683 currimus,

220 686 285 714 dum
303 689 406 720 omnia,
419 697 479 724 quae
494 698 526 717 eo
537 691 689 726 imprlluut,
703 695 877 728 designantus
893 697 904 723 ?
919 696 1010 729 Quare

220 732 341 758 omnium
359 734 492 760 scelerum
509 737 675 764 cunscientia
692 738 837 773 impeditos
853 745 879 766 et
895 748 1008 774 oppres-

218 783 275 809 sos,
293 778 356 806 ﬂere
378 785 404 806 et
418 779 510 814 lugere
541 790 590 808 nos
608 790 822 813 consentaneum
839 792 890 814 est.
921 788 1009 821 Atque

220 822 322 849 utinam
345 823 439 851 horum
457 828 622 854 conscientia
640 830 719 857 nobis
735 831 883 866 contingat,
910 838 935 859 et
948 841 1008 867 qnze

220 872 294 898 sunt,
312 875 372 895 esse
383 870 508 898 arbitrari
527 881 534 899 :
550 878 576 899 et
590 881 642 900 non
657 876 738 901 etiam
755 876 782 902 in
811 876 861 903 hoc
886 877 1009 906 infelices

220 914 318 945 simus,
339 915 383 942 ulti
403 917 535 944 malorum
565 927 703 946 versemur
726 921 880 956 ignorantes
902 924 924 950 si
959 924 1009 951 bo-

221 963 282 982 nam
299 957 395 984 animm
411 958 610 993 habitudinem,
630 963 786 995 etdivltins,
805 968 832 990 et
866 965 1008 992 sanitatem

219 1000 386 1034 nesciamus,
403 1009 462 1035 quae
479 1005 558 1030 nobis
577 1013 590 1030 a
622 1006 730 1033 Christo
757 1013 915 1042 praeparata,
941 1009 1008 1036 citra

219 1039 351 1078 laborem,
368 1047 434 1074 nihil
451 1049 501 1075 nisi
520 1049 688 1078 voluntatem
718 1051 892 1078 efferentibus
913 1062 1008 1081 conse-

219 1091 264 1124 qui
290 1090 363 1118 licet.
385 1091 468 1120 Valde
499 1095 572 1122 enim
589 1096 666 1122 triste
682 1096 727 1129 sit,
741 1105 802 1124 cum
813 1097 940 1126 felicitate
949 1107 1010 1133 per-

220 1136 272 1162 frui
295 1136 385 1169 liceat,
412 1139 512 1171 eligere
539 1140 687 1173 miseriam,
703 1147 806 1169 etcum
824 1144 960 1177 possimus
983 1145 1009 1172 in

220 1181 279 1208 luce
297 1182 394 1214 vivere,
416 1191 469 1210 non
488 1192 615 1212 recusare
630 1186 655 1212 in
673 1187 791 1213 tenebris
817 1189 923 1215 sedere.
948 1188 1010 1216 Haec

221 1233 285 1253 vero
298 1235 350 1254 non
366 1228 454 1256 solum
475 1231 609 1258 inertibus
625 1232 759 1266 lacrymas
776 1225 889 1267 possunt
900 1235 1009 1268 elicere,

221 1272 267 1298 sed
294 1274 466 1307 probissimis
482 1276 574 1307 etiam,
600 1282 626 1303 et
644 1278 685 1304 his
707 1280 833 1312 maxime,
862 1286 965 1314 quanto
985 1285 1012 1308 et

222 1317 310 1351 majus
324 1320 444 1346 sentiunt
461 1320 666 1349 detrimentum.
686 1322 792 1350 Etenim
806 1329 832 1351 et
849 1326 889 1352 his
903 1331 929 1352 et
949 1334 1012 1361 gra-

224 1363 345 1391 vioribus
356 1370 443 1392 sentt-t
455 1367 649 1398 condemnant,
658 1374 683 1395 ut
695 1370 823 1396 extremis
833 1378 861 1397 se
871 1372 1011 1406 suppliciis

225 1409 380 1438 multandos
398 1419 519 1446 censent,
536 1413 598 1441 cum
628 1416 758 1450 cogitant,
792 1416 874 1444 Deum
895 1418 1009 1453 nudum,

222 1462 303 1483 cruce
320 1456 526 1493 interemptum,
548 1460 592 1487 cui
612 1461 703 1488 omnia
722 1462 856 1496 serviunt,
873 1468 900 1492 et
915 1471 976 1492 eum
994 1472 1010 1492 a

222 1501 301 1528 nobis
318 1505 570 1538 compensationem
588 1506 708 1535 vicissim
728 1509 852 1544 exigere;
868 1512 931 1545 quia
947 1519 1008 1539 cum

178 1552 183 1557 ‘
222 1552 294 1574 esset
313 1548 394 1580 Deus.
418 1555 542 1578 naturam
561 1553 680 1580 hominis
697 1555 829 1590 suscepit,
855 1561 884 1584 ut
908 1565 958 1586 nos
975 1566 1007 1585 ex

224 1591 381 1621 hominibus
410 1595 444 1621 dii
477 1597 602 1624 Iieremus
623 1602 684 1631 :_et
720 1607 781 1626 cum
797 1605 868 1627 terra
898 1602 1008 1636 quidem

224 1637 336 1670 coelum,
351 1647 412 1665 cum
431 1643 562 1668 servitute
577 1650 702 1678 regnum,
719 1653 781 1672 cum
805 1647 964 1682 ignominia,
982 1649 1009 1676 in

223 1689 278 1716 qua
297 1689 417 1717 eramus,
438 1692 528 1712 veram
545 1687 660 1722 gloriam
678 1695 858 1725 permutasse,
879 1701 928 1728 pro
947 1696 1010 1729 qui—

225 1726 277 1754 bus
303 1728 434 1756 ctelorum
463 1731 589 1760 conditor
608 1738 707 1762 terram
739 1736 837 1770 induit,
861 1726 888 1766 et
915 1726 1010 1769 natura

226 1771 371 1807 Dominus,
397 1775 423 1802 in
443 1776 530 1805 forma
557 1780 627 1806 servi
643 1783 780 1816 apparuit,
804 1788 830 1810 et
846 1784 938 1818 gloria:
964 1794 1010 1814 rex

228 1827 238 1844 ι
257 1820 386 1848 sustinuit
403 1829 522 1856 crucem,
541 1825 702 1854 confusione
718 1833 871 1864 contempla
888 1831 928 1858 ".
944 1841 953 1857 ι

260 1865 326 1893 Cum
342 1868 425 1895 multa
434 1869 555 1904 sint,per
567 1879 627 1905 qua:
643 1881 799 1906 germanum
809 1876 1010 1912 philosophiam

226 1909 352 1939 Salvator
383 1913 410 1940 in
426 1916 556 1943 mundum
590 1918 703 1951 iuverit,
726 1924 954 1955 manSuetutlinis,
983 1929 1011 1951 et

226 1959 419 1987 moderationis
435 1961 461 1988 in
478 1962 527 1993 ira,
546 1963 718 2000 Ienitatisque
739 1967 870 1995 adversus
886 1969 1010 1998 laedentes

226 2003 342 2037 plurima
372 2006 492 2033 omnium
524 2013 550 2035 et
584 2010 702 2037 maxima
731 2013 854 2048 exempla
885 2015 1010 2049 dicendo,

225 2050 361 2084 faciendo,
375 2053 513 2086 patiendo,
534 2056 685 2090 proposuit.
703 2057 771 2085 Nam
785 2068 819 2087 ne
833 2060 913 2096 longe
929 2063 1011 2090 abea-

225 2104 297 2127 mus.
310 2105 359 2132 pro
374 2098 406 2126 iis
421 2107 436 2126 a
452 2101 551 2134 quibus
568 2108 626 2130 erat
642 2103 734 2137 hnsus,
758 2114 868 2134 carnem
895 2113 922 2135 et
947 2117 1011 2136 san-

223 2142 333 2174 guinem
357 2143 471 2172 induere
496 2148 636 2180 sustinuit,
652 2155 680 2176 et
694 2157 741 2177 eos
771 2152 890 2180 solutum
922 2155 1008 2188 venit,

1059 231 1168 257 δύναται
1179 231 1251 257 λύειν
1261 231 1276 266 ἡ
1286 232 1406 267 τελευτὴ,
1417 232 1474 259 ἀλλ’
1482 232 1588 267 ἀνάγκη
1597 232 1644 258 καὶ
1655 231 1743 266 πολλῷ
1756 231 1843 265 μείζω

1059 279 1146 303 ποιεῖν
1161 278 1225 312 ἡμῖν
1240 278 1285 304 ἐπὶ
1301 277 1347 304 τοῦ
1362 278 1504 312 μέλλοντος
1525 278 1575 313 τὴν
1603 278 1736 313 αἰσχύνην
1750 285 1756 292 ο
1774 277 1843 304 ἀλλά

1060 323 1142 358 μανία
1156 324 1281 353 ἐλεεινόν,
1301 325 1333 351 Tt
1349 322 1414 356 05v;
1441 326 1472 351 οὐ
1491 325 1608 359 πονηρζς
1637 323 1715 358 ἡμῶν
1732 323 1842 348 ἐλαύνει

1058 370 1163 404 δαίμων
1180 369 1229 405 τὴν
1244 371 1365 406 γνώμην,
1387 369 1420 406 ἧς
1432 370 1568 405 τοσαύτην
1584 369 1714 404 κατέχεεν
1729 369 1842 400 ἀνοιαν;

1060 417 1090 443 Εἰ
1107 417 1160 452 γὰρ
1171 417 1217 443 ἐπὶ
1235 417 1306 452 ξίφει
1330 418 1429 452 χωρεῖν
1449 418 1496 444 καὶ
1511 415 1583 443 κατὰ
1603 415 1735 451 κρημνῶν
1751 414 1843 441 ἵεσθαι

1060 462 1108 488 καὶ
1130 463 1194 494 τοὺς
1220 463 1315 496 φίλους
1335 463 1443 497 ἀγνοεῖν
1459 463 1505 489 καὶ
1532 463 1588 493 τοῖς
1614 461 1844 496 δυσμενεστάτοις
1872 463 1875 466 “

1060 508 1255 541 προσπίπτειν.
1283 508 1371 536 ταῦτα
1399 508 1582 543 μαινομένων,
1596 507 1626 534 οὗ
1646 507 1692 534 τὸν
1712 507 1844 541 φιλοῦντα

1059 552 1208 587 φεύγομεν,
1229 554 1259 580 οὺ
1280 554 1326 580 τὸν
1351 553 1447 589 ἐχθρὸν
1476 551 1517 584 οἷς
1542 553 1674 587 ποιοῦμεν
1687 552 1842 586 (nmium;

1059 599 1109 625 οὐκ
1126 600 1172 626 ἐπὶ
1197 600 1247 635 τὴν
1270 600 1384 634 γέενναν
1404 600 1555 634 σπεύδομεν
1584 600 1672 626 πάντα
1689 598 1860 630 ποιοῦντες,Δ

1060 644 1077 671 ἃ
1091 645 1160 679 πρὸς
1174 645 1282 679 ἐκείνην
1299 645 1383 679 ὠθεῖς
1402 643 1441 672 Οὔ
1448 654 1482 671 τω
1499 644 1549 680 μὲν
1564 644 1654 671 τοίνυν
1667 645 1736 679 ἡμῖν
1751 645 1843 676 αὐτοῖς

1059 690 1093 716 τὰ
1109 689 1237 716 πάνδεινα
1250 690 1383 716 συνειδόσι
1399 690 1527 725 δακρύειν
1554 690 1702 716 ἀκόλουθον
1714 689 1762 716 καὶ
1778 698 1845 714 πεν-

1061 735 1116 762 ῡείν
1129 744 1136 751 ·
1153 736 1239 763 ταῦτα
1255 736 1283 762 δὲ
1294 737 1393 770 γένοιτ’
1407 736 1439 763 ἂν
1458 737 1523 771 ἡμῖν
1535 736 1627 767 αὐτοῖς
1641 734 1844 768 συνεγνωκέναι

1061 782 1107 807 καὶ
1122 781 1155 808 τὰ
1168 781 1232 808 ὂντα
1249 782 1369 815 δοξάζειν
1385 781 1433 808 καὶ
1451 781 1489 816 μὴ
1499 782 1547 808 καὶ
1568 781 1648 807 τοῦτο
1661 777 1845 817 δυστυχεῖν,ᾖ

1061 827 1153 852 κακῶν
1165 827 1246 861 ἐσμὲν
1256 827 1409 860 ἀγνοοῦσιν,
1417 827 1465 853 ἐὰν
1477 828 1526 861 τὴν
1537 827 1645 859 εὐεξίαν
1656 826 1756 853 καὶτὸν
1765 826 1847 852 πλοῦ-

1059 871 1230 906 τονεὶδῶμεν
1242 873 1290 899 καὶ
1300 873 1329 899 τὺ
1345 873 1506 908 σωφρονεῖν,
1520 869 1557 898 ὧν
1569 873 1634 908 ήμῖν
1647 872 1698 898 ὑπὸ
1712 872 1758 898 τοῦ
1774 872 1845 906 Χριο

1060 918 1123 944 στοῡ
1140 918 1221 953 μηδὲν
1236 920 1370 952 πονήσασι
1400 919 1666 954 κατεσκευασμένων
1696 919 1845 953 τυγχάνειν

1059 964 1163 996 ἔξεστιν
1195 966 1353 999 είσάγοντας
1381 966 1456 992 οὐδὲν
1479 966 1560 991 πλέον
1608 964 1624 1000 ἢ
1653 964 1842 999 βουλομένους.

1060 1010 1145 1036 Τοῦτο
1157 1011 1210 1045 γὰρ
1229 1011 1262 1037 ἂν
1276 1011 1352 1038 δάκοι
1373 1011 1475 1046 μᾶλλον
1492 1010 1618 1046 καρδίαν,
1641 1010 1701 1042 ἐξὸν
1714 1010 1845 1043 εὐδαιμο-

1060 1057 1128 1088 νεῖν,
1141 1057 1277 1092 αἱρεῖσθαι
1291 1057 1442 1092 δυστυχεῖν,
1450 1058 1495 1083 καὶ
1505 1057 1554 1091 ζῇν
1565 1057 1594 1082 ὲν
1603 1057 1671 1091 φωτὶ
1680 1056 1847 1090 δυναμένους

1061 1103 1089 1128 ὲν
1102 1102 1192 1129 σκότει
1203 1103 1373 1137 καθημένους
1383 1102 1540 1137 ἀνέχεσθαι.
1551 1102 1644 1128 Ταῦτα
1653 1101 1682 1128 δὲ
1692 1102 1720 1128 οὑ
1731 1102 1787 1132 τοῖς
1797 1101 1846 1136 ῥᾳ-

1061 1147 1154 1182 θύμως
1168 1148 1258 1183 ἔχουσι
1273 1148 1352 1182 μόνον
1366 1148 1494 1183 ἐμϐάλλει
1507 1148 1633 1182 δάκρυον,
1646 1147 1712 1173 ἀλλὰ
1726 1147 1773 1174 καὶ
1788 1148 1846 1178 τοῖς

1063 1192 1281 1224 σπουδαιοτάτοις
1297 1193 1344 1219 καὶ
1358 1193 1476 1228 μάλιστα
1488 1192 1604 1225 τούτοις,
1619 1192 1674 1227 ὅσῳ
1687 1192 1734 1218 καὶ
1752 1192 1847 1226 μείζο-

1062 1247 1106 1270 νος
1117 1239 1290 1266 αἰσθάνονται
1303 1239 1354 1274 τῆς
1369 1239 1481 1274 ζημίας.
1496 1239 1550 1265 Καὶ
1564 1238 1619 1273 γὰρ
1634 1239 1681 1265 καὶ
1696 1238 1782 1265 ταῦτα
1799 1240 1847 1265 καὶ

1062 1285 1096 1311 τὰ
1105 1285 1206 1311 τούτων
1216 1285 1256 1311 ἔτι
1265 1285 1348 1320 χείρω
1357 1285 1593 1321 καταψηφίξονται
1609 1285 1683 1320 σφῶν
1692 1285 1780 1312 αὐτῶν
1789 1285 1847 1319 (καὶ

1062 1332 1180 1366 τιμῶσιν
1193 1332 1286 1363 αὐτοῖς
1303 1332 1357 1358 τῶν
1374 1333 1520 1367 ἐσχάτων),
1537 1332 1647 1358 ἐπειδὰν
1671 1331 1847 1365 ἑνθυμηθῶσι

1063 1377 1129 1404 Θεὸν
1151 1377 1196 1403 ἐπὶ
1221 1376 1357 1412 σταυροῦ,
1369 1377 1471 1412 γυμνὸν
1502 1378 1700 1412 σφαττόμενον,
1720 1373 1742 1410 ᾧ
1758 1377 1847 1403 πάντα

1063 1424 1194 1456 δουλεύει,
1212 1425 1259 1451 καὶ
1272 1424 1322 1459 τὴν
1339 1423 1517 1458 ἀντίστροφον
1531 1423 1598 1458 παρ’
1611 1424 1690 1458 ἡμῶν
1713 1424 1849 1457 εἰσπρατ-

1062 1470 1175 1504 τόμενον
1189 1469 1318 1504 ἀμοιϐὴν,
1335 1469 1394 1495 ἀνθ’
1408 1467 1446 1496 ὧν
1457 1469 1604 1504 ἀνθρώπου
1616 1469 1682 1500 Θεὸς
1705 1469 1744 1495 ὢν
1765 1469 1846 1500 αὑτδς

1024 1525 1045 1552 c
1061 1515 1170 1548 ἐδέξατο
1184 1515 1274 1549 φύσιν,
1291 1515 1417 1548 γενέσθαι
1433 1515 1516 1545 Θεοὺς
1533 1516 1607 1550 ἡμᾶς
1626 1516 1658 1547 ἑξ
1678 1514 1845 1550 ἀνθρώπιον.

1060 1562 1107 1589 καὶ
1121 1562 1171 1596 τῆς
1186 1561 1235 1596 μὲν
1248 1562 1298 1596 γῆς
1318 1562 1364 1588 τὸν
1392 1562 1518 1597 οὐρανὸν,
1539 1563 1587 1595 τῆς
1600 1562 1627 1588 δὲ
1642 1562 1767 1593 δουλείας
1795 1562 1845 1596 τὴν

1061 1608 1211 1643 βασιλείαν,
1231 1608 1281 1642 τῆς
1309 1608 1337 1634 δὲ
1371 1608 1504 1643 συνούσης
1525 1608 1632 1641 ἀδοξίας
1651 1608 1700 1644 τὴν
1711 1607 1845 1642 ἀληθινὴν

1059 1653 1224 1687 ἀλλάξασθαι
1238 1654 1328 1687 δόξαν,
1344 1654 1416 1689 ὑπὲρ
1432 1650 1469 1680 ὦν
1483 1655 1497 1680 ὁ
1516 1653 1570 1680 τῶν
1581 1653 1704 1688 οὐρανῶν
1720 1653 1847 1689 τεχνίτης

1060 1700 1205 1727 ἐνεδύσατο
1221 1701 1285 1735 γῆν,
1303 1701 1350 1727 καὶ
1365 1701 1378 1726 ὁ
1397 1701 1446 1735 μὲν
1460 1701 1540 1735 φύσει
1555 1700 1693 1734 Δεσπότης
1707 1701 1736 1726 ὲν
1751 1700 1847 1726 δούλου

1062 1748 1165 1782 μορφῇ,
1177 1746 1192 1772 δ
1203 1746 1231 1772 δὲ
1246 1746 1294 1781 τῆς
1312 1746 1389 1781 δόξης
1403 1745 1531 1780 βασιλεὺς
1544 1755 1553 1772 ι
1570 1745 1701 1780 ὑπέμεινε
1716 1746 1847 1781 σταυρὸν,

1061 1791 1192 1827 αἰσχύνης
1205 1792 1428 1827 καταφρονήσας.
1452 1801 1462 1818 ι

1096 1881 1253 1918 Πραότητος
1267 1881 1296 1908 δὲ
1310 1882 1358 1908 καὶ
1369 1881 1416 1908 τοῦ
1436 1880 1523 1916 θυμοῦ
1539 1882 1712 1917 κρατεῖν’καὶ
1725 1881 1762 1917 μὴ
1779 1882 1849 1916 πρὶς

1061 1927 1125 1957 τοὺς
1144 1927 1334 1962 λελυπηκὸτας
1365 1927 1493 1963 χαλεπῶς
1507 1927 1590 1962 ἔχειν,
1613 1927 1720 1955 πολλῶν
1749 1928 1848 1961 ὄντων,

1061 1974 1094 2000 δι’
1108 1971 1146 2000 ὦν
1159 1973 1208 2008 τὴν
1225 1973 1312 2009 ἀληθῆ
1342 1974 1502 2008 φιλοσοφίαν
1518 1975 1532 2001 ὁ
1555 1974 1650 2009 Σωτὴρ
1684 1975 1848 2010 είσήνεγκεν

1062 2020 1101 2051 εἰς
1118 2019 1163 2046 τὸν
1177 2019 1290 2054 κόσμον,
1316 2019 1351 2046 τὰ
1370 2019 1484 2046 πλεῖστα
1511 2020 1622 2046 πάντων
1655 2020 1701 2046 καὶ
1728 2021 1846 2054 μέγιστα

1062 2064 1240 2100 προστέθεικε
1266 2065 1475 2100 παραδείγματα
1492 2065 1539 2090 καὶ
1554 2062 1594 2096 οἷς
1609 2065 1720 2100 ἐποίησε
1739 2065 1787 2092 καὶ
1811 2063 1848 2091 ὧν

1061 2111 1189 2146 ἠνέσχετο
1204 2112 1328 2147 πάσχων.
1345 2111 1448 2138 Αὐτίκα
1465 2111 1519 2146 γὰρ
1534 2111 1604 2146 ὑπὲρ
1624 2111 1678 2138 τῶν
1695 2112 1850 2147 λελυπηκό-

1062 2166 1116 2184 των
1140 2158 1257 2193 αἵματος
1283 2158 1415 2194 ἠνέσχετο
1439 2158 1487 2183 καὶ
1503 2162 1617 2192 σαρκος,
1652 2157 1700 2184 καὶ
1736 2158 1850 2188 τούτους

223 2196 295 2221 quos
310 2190 546 2220 atrocissimorum
559 2194 692 2222 scelerum
707 2204 838 2225 accusare
854 2204 968 2233 poterat,
982 2205 1009 2228 et

1061 2201 1126 2238 ἦλθε
1155 2190 1234 2230 λδσαι
1263 2190 1367 2239 ζητῶν,
1380 2202 1421 2235 οἷς
1434 2203 1468 2229 τὰ
1483 2190 1624 2230 δεινδτατα
1648 2204 1759 2230 πάντων
1776 2202 1851 2239 εἶχεν

225 2239 240 2260 a
263 2234 362 2268 quibus
384 2235 514 2270 injuriose
532 2243 665 2267 tractatus
686 2235 783 2271 fuerat.
814 2244 909 2273 Postea
928 2247 1010 2274 mira-

223 2280 306 2311 culis.
319 2281 420 2314 qnibus
437 2283 559 2312 homines
578 2291 682 2315 natura
705 2288 857 2323 integritati
882 2293 1010 2320 restitue-

223 2324 280 2355 hat,
298 2334 452 2361 quanquam
463 2329 560 2359 invidis
573 2332 781 2369 oblatrantibus,
797 2344 849 2363 non
866 2338 946 2365 desiit
961 2339 1009 2367 he-

224 2370 350 2399 nefacere
366 2381 373 2399 :
388 2373 435 2400 sed
451 2382 523 2407 cum,
534 2379 606 2411 quod
619 2379 758 2408 daemonas
780 2382 907 2417 ejiciebat
923 2392 938 2411 e
950 2393 1010 2412 cor-

224 2417 346 2450 poribus,
368 2418 529 2455 Beelzebub,
563 2429 589 2451 et
604 2425 729 2460 princeps
764 2428 961 2457 dwmoniorum
983 2435 1010 2458 et

225 2463 481 2494 maledicentissima
497 2470 620 2497 omnimn
633 2473 749 2506 audiret,
766 2476 867 2510 ejicere
878 2485 1007 2511 persteveo

225 2511 313 2542 t-alial,
329 2515 356 2538 et
371 2520 454 2539 unum
470 2513 504 2541 de
515 2515 655 2551 discipulis
668 2526 682 2545 ιι
695 2527 724 2546 se
736 2520 882 2548 alienatum
905 2526 1008 2550 tantum

225 2554 321 2587 abfuit.
347 2559 469 2586 utcltoro
482 2561 636 2595 expelleret,
651 2568 680 2590 ut
694 2565 774 2592 etiam
787 2574 840 2594 non
857 2575 938 2595 secus
947 2577 1008 2597 cum

226 2609 260 2630 eo
275 2609 439 2637 versaretur,
449 2613 530 2640 quant
548 2609 649 2636 versari
662 2610 778 2638 amicum
790 2620 851 2639 cum
865 2614 953 2642 amico
965 2623 1011 2649 par

225 2654 278 2677 cst.
294 2650 396 2685 Captus
425 2660 532 2687 quoque
551 2662 613 2682 cum
631 2656 764 2685 honticida
789 2658 1012 2695 cominunicavit,

224 2699 252 2723 ct
261 2697 444 2725 secretissima
456 2699 596 2734 proditori.
608 2709 709 2737 corpus
717 2709 744 2730 et
753 2707 912 2740 sanguinem
923 2707 1012 2742 ipsum

225 2741 364 2775 pnebuit:
382 2747 408 2772 et
430 2743 540 2773 tandem
567 2753 597 2774 se
611 2748 857 2784 complcctcndum,
884 2741 1013 2783 osculan-

267 2831 289 2846 ”
305 2830 384 2858 Hebr.
406 2842 453 2865 xu,
471 2834 498 2862 ἓ.

1060 2250 1197 2283 ἐγκαλεῖν,
1216 2250 1263 2276 καὶ
1279 2250 1346 2284 παρ’
1358 2246 1396 2276 ὧν
1411 2249 1507 2275 ἔπειτα
1524 2250 1585 2280 ταῖς
1602 2250 1786 2284 εὐεργεσίαις,
1806 2247 1850 2282 αἷς

1060 2297 1110 2330 τὴν
1131 2295 1212 2329 φύσιν
1238 2295 1411 2330 ἐπηνώρϐου,
1431 2295 1485 2321 τῶν
1502 2294 1648 2329 βασκάνων
1676 2295 1850 2330 ἐπιθεμένων

1060 2342 1110 2368 οὐκ
1128 2341 1228 2375 ἀνῆκεν
1241 2341 1397 2377 εὐεργετῶν
1413 2350 1419 2356 ·
1436 2341 1494 2367 ἀλλ’
1511 2341 1552 2367 ὅτι
1567 2341 1631 2372 τοὺς
1647 2341 1776 2375 δαίμονας
1790 2342 1849 2374 ἑξέ-

1061 2387 1142 2413 6αλλε
1170 2387 1225 2413 τῶν
1248 2386 1403 2422 ἀνθρώπων
1433 2386 1598 2418 Βεελζεϐοὺλ
1630 2388 1677 2414 καὶ
1700 2387 1850 2422 δαιμονίων

1062 2434 1165 2468 ἄρχων,
1179 2433 1228 2459 καὶ
1242 2433 1276 2459 τὰ
1289 2433 1430 2468 δεινότατα
1447 2434 1556 2460 πάντων
1573 2433 1682 2460 ἀκούων
1695 2434 1773 2460 οὐδὲν
1798 2432 1847 2469 ἦτ-

1063 2488 1108 2505 τον
1133 2479 1244 2514 ἧλαυνε,
1272 2478 1395 2505 καὶτῶν
1427 2478 1558 2514 μαθητῶν
1591 2479 1639 2505 ἕνα
1669 2479 1737 2513 πρὺς
1767 2481 1850 2506 αὑτὸν

1063 2525 1247 2560 διαφθαρέντα
1264 2524 1389 2551 τοσοῦτον
1405 2525 1526 2559 ἀπέσχεν
1543 2525 1671 2552 ἐκϐαλεῖν
1686 2525 1733 2552 τοῦ
1756 2527 1849 2560 χοροῦ,

1064 2571 1136 2598 ὥστε
1149 2570 1196 2598 καὶ
1218 2571 1310 2605 συνῆν,
1324 2570 1342 2597 ἃ
1358 2571 1478 2597 συνεῖναι
1496 2571 1584 2605 φίλοις
1606 2571 1689 2604 εἰκὸς,
1709 2572 1755 2598 καὶ
1776 2573 1850 2599 ἁλῶν

1064 2617 1200 2644 ἐκοινώνει
1214 2615 1252 2650 τῷ
1264 2617 1392 2650 φιινευτῇ,
1405 2616 1515 2642 καὶτῶν
1531 2617 1698 2652 ἁποῤῥήτων
1714 2617 1754 2652 τῷ
1779 2627 1849 2652 προ-

1062 2663 1137 2698 δότῃ,
1155 2662 1203 2689 καὶ
1216 2661 1271 2687 τῶν
1286 2661 1410 2696 αἱμάτων
1421 2661 1522 2692 αὐτῶν,
1550 2663 1598 2688 καὶ
1613 2662 1769 2689 τελευταῖον
1781 2671 1852 2698 παρ·

1062 2708 1125 2743 ἐσχε
1150 2707 1307 2742 περισαλεῖν
1336 2707 1383 2733 καὶ
1399 2706 1524 2741 φιλῆσαι,
1547 2707 1594 2734 καὶ
1616 2706 1652 2734 τὰ
1672 2707 1722 2742 μὲν
1740 2709 1849 2736 πάντων

1061 2753 1211 2782 καινότατα
1224 2753 1369 2788 ἐτολμᾶτο.
1391 2751 1478 2787 ’Υπὲρ
1493 2748 1530 2779 ὧν
1545 2751 1577 2781 εὖ
1593 2753 1756 2788 πεποίηκεν,
1779 2755 1848 2781 ἁπέ-
