1967 3071
113 148 166 181 677

664 150 711 179 DE
731 150 818 181 VlTA
839 150 876 180 IN
897 150 1064 181 CHRISTO
1081 150 1156 182 LIB.
1180 151 1230 182 Vi.

1685 152 1741 183 678

114 215 162 241 νης
175 206 328 241 ἀνθρώποις
349 206 424 239 ὄντες
451 208 588 242 τεχνῖταιι
607 207 636 233 Εί
657 208 685 234 δὲ
708 209 757 242 τὴν
782 208 897 234 καθόλου

951 212 978 235 et
1010 209 1084 243 pacis
1111 198 1411 234 hominibus-auctores
1438 207 1503 235 sint.
1524 206 1602 241 Quod
1631 209 1653 235 si
1679 211 1739 236 uni-

113 252 300 287 δικαιοσύνην,
319 252 391 287 λέγω
405 253 453 287 τὴν
470 254 584 288 ἀρετὴν,
596 254 691 289 ἡλίκον
703 254 777 280 ἐστὶν
798 254 900 288 ἀγαθὸν

113 299 161 325 καὶ
172 294 228 324 οἷον
243 298 310 332 αὐτῇ
329 298 440 325 σύνεστι
455 299 565 331 κάλλος,
582 300 630 325 ἐπὶ
654 300 702 326 τοῦ
720 301 801 336 ἤθους
819 301 900 333 μόνου

114 344 248 378 πάρεστιν
266 345 330 371 ίδεῖν
352 345 398 372 τοῦ
418 346 554 380 Σωτῆρος,
587 346 634 373 ἆτε
651 347 731 380 μόνου
744 346 800 373 τῶν
822 347 900 372 ὲναν-

113 390 179 416 τίων
194 390 259 416 αὐτὸ
287 391 408 426 καθαρὸν
434 392 576 423 παντελῶς
602 392 819 427 ἐπιδειξαμένου,
840 393 900 426 (καὶ

113 437 167 471 γὰρ
184 437 326 471 ἁμαρτίαν
343 437 391 464 οὐκ
406 439 546 472 ἐποίησεν,
562 438 623 465 οὐδὲ
639 439 652 463 ὁ
668 438 715 464 τοῦ
733 439 836 472 κόσμου
848 439 897 473 ἄρ-

113 493 167 518 χων
181 483 268 510 ἐλθὼν
292 481 382 519 εὗρεν,
410 481 444 511 οὗ
470 485 564 517 διῶξαι
590 485 735 519 δυνήσεται
753 485 803 519 τὴν
825 484 901 510 θείαν

112 529 221 562 ἐκείνην
236 528 337 563 ψυχὴν,
354 529 408 556 οὐδ’
422 530 450 555 ἐν
464 525 486 562 ᾧ
503 529 640 564 μέμψαιτο
663 529 712 564 τὴν
731 529 822 564 ὦραν,
852 529 899 563 βα-

114 575 224 605 σκάνοις
239 575 417 609 περισκοπῶν
429 575 592 609 ὀφθαλμοῖς)
608 575 654 601 τὸν
667 575 715 609 μὲν
725 576 765 603 είς
778 575 823 601 τὸν
835 575 900 610 Χρι-

112 621 174 646 στὸν
191 621 237 646 καὶ
262 620 362 655 ἀρετὴν
377 621 466 655 ἔρωτα
493 621 574 659 δῆλον
592 620 630 652 ὡς
657 621 733 646 οὐδὲν
758 620 824 648 ἄλλο
840 628 901 648 ποι-

110 666 208 698 οῦντας
237 667 484 701 ἥμηχανωμένους
505 666 520 700 ἢ
544 667 577 692 τὰ
596 666 644 693 τοῦ
670 667 789 701 Χριστοῦ
819 667 899 702 μελε-

78 745 83 749 .
110 712 216 742 τῶντας
231 712 289 738 ἔστι
304 712 409 739 λαὸεἰν.
430 713 508 738 Οῦτω
521 713 575 747 γὰρ
588 713 731 747 περιέσται
747 713 793 739 καὶ
810 713 898 747 τὸτῆς

110 759 209 792 ἀρετῆς
222 759 268 784 καὶ
281 759 311 783 τὺ
323 759 370 784 τοῦ
384 758 511 792 Σωτῆρος
527 758 626 790 κάλλος
643 758 823 793 καταμαθεῖν,
850 768 900 785 κα-

109 804 262 837 ταμαθοῦσι
299 804 327 830 δὲ
347 805 394 830 καὶ
420 805 519 838 φιλεῖν,
535 804 572 836 ὡς
600 804 687 831 αἴτιον
712 803 741 830 ὃν
759 803 898 838 πανταχοῦ

111 849 158 874 τοῦ
178 849 267 882 φιλεῖν
287 850 318 875 τὺ
333 850 516 885 καταμαθεῖν,
533 851 594 876 ἐπεὶ
611 851 658 876 καὶ
670 849 719 885 τὴν
733 849 803 876 Εὔαν
822 850 836 876 ὁ
851 849 897 876 τοῦ

111 894 191 925 ξύλου
216 895 321 929 καρπὸς
342 896 389 922 καὶ
414 895 502 922 ταῦτα
519 896 706 931 ἀπειρημένου
732 896 827 922 τοῦτον
843 893 896 922 εἷλε

110 940 157 966 τὸν
176 941 286 975 τρόπον·
321 949 330 966 ι
353 942 515 975 Κατενόησε
530 943 597 976 γὰρ,
626 943 720 977 φησὶν,
748 942 785 974 ὼς
799 942 898 977 ὡραῖος

109 982 144 1021 ἦν
155 987 196 1017 ιίς
207 986 312 1021 ὅρασιν,
329 987 375 1013 καὶ
400 987 482 1018 καλὸς
493 988 532 1019 εἰς
548 987 661 1022 βρῶσιν.
683 997 692 1013 ι

147 1118 255 1152 Ἔρωτα
270 1118 298 1144 δὲ
310 1118 428 1151 Χριστοῦ
444 1119 491 1145 καὶ
503 1119 553 1154 τῆς
566 1119 667 1155 ἀρετῆς
684 1120 754 1147 οὕτω
765 1121 898 1153 λαῆόντας

111 1164 158 1191 καὶ
172 1164 300 1198 διωγμῶν
320 1164 390 1198 ὑπὲρ
406 1164 496 1191 αὐτῶν
511 1165 585 1196 εἰκὸς
602 1166 769 1200 ἀνασχέσθαι
787 1167 833 1192 καὶ
849 1176 900 1202 φυ-

111 1211 169 1244 γεῖν
186 1210 292 1237 ἑλέσθαι
310 1210 408 1244 δεῆσαν
424 1211 470 1237 καὶ
486 1210 520 1237 τὰ
532 1211 676 1238 δεινότατα
692 1212 801 1238 πάντων
816 1213 899 1239 ἀκοῦ-

112 1264 167 1289 σαι,
185 1256 324 1283 καὶτοῦτο
341 1257 496 1292 χαίροντας,
514 1257 550 1289 ὼς
565 1258 596 1293 δὴ
613 1250 752 1292 μεγίστων
770 1259 816 1286 καὶ
832 1259 899 1285 κα).-

110 1301 209 1327 λίστων
228 1302 320 1333 αὐτοις
340 1302 429 1337 γερῶν
450 1304 641 1336 ἀποκειμένων
661 1304 691 1330 ἒν
710 1304 844 1339 οὐρανοῖς.
869 1305 898 1331 ’0

112 1347 166 1382 γὰρ
180 1349 243 1382 περὶ
257 1349 303 1375 τὸν
317 1349 464 1383 ἀθλοθέτην
478 1349 532 1377 τῶν
543 1349 753 1385 ἀγωνιζομένων
767 1350 837 1386 ἔρως
851 1351 899 1377 καὶ

110 1393 190 1420 τοῦτο
213 1394 336 1427 δύναται,
366 1395 413 1422 καὶ
443 1396 507 1430 περὶ
532 1396 586 1422 τῶν
618 1396 702 1431 μήπω
727 1397 898 1431 φαινομένων

109 1439 199 1466 ἄθλων
214 1441 287 1467 ποιεῖ
299 1442 438 1468 πιστεύειν
452 1442 526 1477 αὐτῷ
542 1443 588 1468 καὶ
605 1442 716 1478 βεϐαίας
733 1445 773 1474 είς
790 1444 820 1469 τὸ
835 1444 899 1478 μέλ-

110 1486 155 1511 λον
170 1486 215 1511 ἐπὶ
233 1486 280 1513 τοῦ
305 1487 438 1522 παρόντος
463 1487 537 1523 ἔχειν
552 1488 672 1520 ἐλπίδας,
691 1488 770 1515 Οὕτω
784 1489 818 1515 τὰ
833 1489 900 1524 Χρι-

110 1531 174 1557 στοῦ
187 1533 248 1564 τοὺς
263 1533 392 1559 ἑκάστοτε
402 1534 594 1569 λογιζομένους
606 1536 653 1561 καὶ
668 1535 837 1570 μελετῶντας
852 1535 899 1561 καὶ

79 1587 84 1591 ”
111 1579 239 1612 μετρίους
254 1576 323 1605 εἶναι
340 1581 413 1606 ποιεῖ
429 1580 538 1615 καὶτῆς
552 1580 726 1616 ἀνθρωπείας
744 1581 899 1614 ἐπιγνώμο-

109 1631 157 1654 νας
169 1624 324 1657 ἀσθενείας,
336 1624 406 1651 ὥστε
418 1625 536 1658 πενθεῖν,
551 1627 597 1652 καὶ
609 1627 713 1664 πράους
725 1627 899 1654 ἀποδείκνυσι

109 1667 156 1692 καὶ
181 1667 302 1699 δικαίους
318 1670 365 1695 καὶ
390 1669 597 1706 φιλανθρώπους
620 1671 668 1697 καὶ
683 1672 826 1707 σώςρονας
852 1672 900 1698 καὶ

108 1713 222 1748 εἰρήνης
252 1715 298 1740 καὶ
326 1715 478 1749 διαλλαγῶν
509 1717 666 1751 ἀνθρώποις
693 1718 824 1752 ἐργάτας,
852 1719 899 1745 καὶ

107 1757 181 1784 οὕτω
197 1759 315 1793 Χριστοῦ
334 1761 381 1787 καὶ
396 1761 445 1796 τῆς
460 1762 561 1798 ἀρετῆς
578 1764 810 1798 περιεχομένους,
827 1764 898 1790 ὥστε

107 1803 180 1839 ὑπὲρ
195 1805 284 1831 αὐτῶν
300 1807 350 1833 οὐκ
367 1808 514 1842 ἀνέχεσθαι
531 1809 624 1844 μόνον,
642 1809 710 1836 ἀλλὰ
731 1811 777 1837 καὶ
793 1811 898 1846 χαίρειν

107 1850 305 1886 ὑϐριζομένους
318 1854 365 1879 καὶ
379 1854 492 1888 ἥδεσθαι
502 1855 697 1890 διωκομένους.
716 1857 770 1883 Καὶ
787 1857 854 1888 ὅλως
864 1858 898 1884 τὰ

108 1897 228 1930 μέγιστα
249 1898 303 1925 τῶν
324 1899 434 1933 ἀγαθῶν
454 1902 501 1928 καὶ
520 1902 582 1928 ὅθεν
600 1903 659 1929 ἐστὶ
677 1911 832 1938 μακαριονς
850 1912 898 1938 γεο

106 1942 203 1969 νὲσοαι
215 1964 222 1974 ,
239 1944 292 1970 τῶν
311 1946 422 1972 ὲννοιῶν
439 1947 589 1974 ἀπολαύειν
606 1948 694 1980 ἔξεστι
709 1951 818 1976 τούτων
851 1951 898 1977 καὶ

106 1986 182 2013 οὕτω
196 1989 315 2024 τηρῆσαι
331 1989 381 2025 μὲν
396 1992 424 2018 ὲν
439 1991 477 2027 τῷ
490 1993 586 2028 ἀγαθῷ
599 1995 649 2029 τὴν
663 1995 789 2031 γνώμην,
803 1997 853 2031 τὴν
868 1996 897 2023 δὲ

106 2036 274 2070 γιγνομένην
291 2036 366 2071 ὥραν
381 2038 465 2073 καλὴν
483 2039 653 2074 ἐργάσασθαι
670 2042 719 2077 τὴν
732 2043 833 2078 ψυχὴν,
850 2044 897 2070 καὶ

104 2081 153 2106 τὸν
173 2081 227 2106 ἀπο
244 2081 297 2108 τῶν
324 2083 484 2118 μυστηρίων
509 2085 626 2118 φυλάξαι
647 2087 774 2119 πλοῦτον,
793 2089 841 2114 καὶ
851 2089 897 2115 τὸν

106 2126 248 2161 βασιλικὸν
262 2128 299 2163 μὴ
315 2129 394 2164 ῥῆξαι
411 2130 479 2165 μηδὲ
494 2132 612 2165 ρυπᾶναι
630 2133 742 2167 χιτῶνα.
756 2135 806 2160 Διὰ
818 2135 897 2162 τοῦτο

106 2173 235 2208 καθάπερ
248 2175 278 2200 τὸ
298 2175 360 2207 νοῦν
379 2176 451 2211 ἔχειν
470 2177 518 2204 καὶ
534 2177 607 2212 λόγῳ
622 2179 759 2215 χρῆσθαι.
777 2181 826 2215 τῆς
843 2181 897 2208 τῶν

911 1552 934 1583 C

953 261 1058 280 versam
1091 253 1246 285 justitiam,
1272 254 1399 279 virtutetn
1416 272 1424 285 ,
1452 253 1562 288 inquam
1577 274 1583 285 ,
1604 259 1736 289 quantum

952 299 987 326 sit
1015 300 1135 330 bonum,
1164 303 1190 325 et
1210 298 1299 332 qualis
1329 299 1389 332 ejus
1420 299 1604 333 pulchritudo,
1633 301 1659 327 in
1680 309 1738 327 mo—

951 345 1028 372 ribus
1047 349 1074 371 et
1089 345 1143 370 vita
1171 344 1253 371 unius
1283 343 1433 371 Salvatoris
1460 350 1501 371 est
1529 345 1628 376 videre,
1647 350 1739 378 utpote

952 391 999 426 qui
1015 391 1091 417 solus
1115 390 1200 424 ipsam
1222 391 1424 417 contrariorum
1449 390 1596 424 puritatem
1618 390 1738 424 perfecte

952 440 1073 465 ostendit
1087 443 1198 466 (etenim
1216 441 1356 470 peccatum
1371 444 1426 463 non
1440 433 1524 468 fecit;
1544 444 1593 463 nec.
1611 437 1737 471 princeps

953 483 1035 518 hujus
1052 483 1145 510 mundi
1170 483 1294 515 veniens,
1316 487 1343 509 et
1365 482 1489 509 invidens
1509 482 1602 509 oculos
1622 483 1739 509 circnm-

953 528 1045 556 fercns
1062 529 1178 560 invenit.
1195 529 1220 555 in
1240 536 1294 563 quo
1310 528 1428 554 animam
1442 528 1514 554 illam
1534 535 1662 555 accusare
1676 535 1739 562 pos-

952 581 1003 606 set,
1023 582 1072 601 ttec
1097 576 1123 601 in
1147 582 1201 609 qtto
1218 574 1279 608 ejus
1304 573 1535 608 pulchritudinem
1554 574 1737 607 reprehende-

952 621 1018 654 ret),
1039 625 1143 647 eertum
1171 624 1222 652 est,
1235 627 1354 646 amorem
1370 627 1434 653 erga
1457 619 1606 651 Christum,
1624 623 1650 645 et
1675 626 1739 652 erga

952 666 1091 698 virtutem,
1108 666 1166 700 ejus
1184 665 1267 691 vitam
1291 664 1453 691 nti-ditantes
1469 664 1626 698 adepturos,
1642 672 1739 698 quam-

951 709 993 736 vis
1016 710 1089 736 aliud
1120 710 1187 736 nihil
1215 710 1325 740 faciant,
1344 714 1392 736 aut
1420 709 1560 743 incipiant.
1591 710 1637 736 Sic
1664 710 1737 736 enim

951 755 1060 782 aliunde
1084 755 1177 782 licebit
1192 761 1218 782 et
1235 755 1353 785 virtutis,
1372 759 1399 781 et
1416 754 1567 782 Salvatoris
1589 755 1741 784 pulchritu-

952 800 1043 827 dittetn
1063 801 1224 836 intelligere.
1240 806 1267 828 et
1286 800 1449 828 intellectam
1466 808 1569 832 amare,
1586 800 1695 834 quando
1711 800 1740 827 in

952 848 1026 874 otnni
1045 855 1074 874 re
1101 848 1281 881 intelligentia
1308 849 1366 874 sive
1392 847 1514 881 cognitio
1539 854 1659 874 amorem
1678 855 1740 881 pro-

952 902 1048 921 creare
1065 894 1207 921 consuevit
1220 902 1227 919 :
1242 893 1376 928 siquidem
1397 898 1423 919 ct
1443 893 1525 919 Evam
1544 892 1648 919 fruetus
1662 893 1740 927 ligni,

952 940 1034 975 idque
1048 936 1136 972 vetiti,
1151 939 1203 966 hoc
1221 939 1303 966 modo
1322 946 1429 972 pessum
1449 938 1532 966 dedit.
1549 947 1558 962 ι
1573 937 1603 964 Et
1615 938 1741 964 animad-

953 986 1034 1013 vertit
1051 986 1163 1019 mulier,
1175 986 1275 1020 inquit,
1290 985 1362 1020 quod
1380 985 1481 1012 bonum
1497 989 1571 1012 esset
1587 985 1688 1019 lignum
1703 985 1738 1012 ad

953 1033 1131 1064 vescendum,
1147 1038 1174 1060 et
1200 1033 1342 1068 pttlehrum
1370 1031 1468 1062 oculis.
1483 1035 1648 1066 aspectuque
1667 1031 1741 1058 delc-

951 1079 1050 1105 ctahile
1064 1079 1096 1105 “.
1115 1088 1122 1104 ι
1187 1076 1191 1082 ’

987 1124 1115 1151 Amorem
1142 1123 1243 1150 Citriin
1270 1129 1298 1152 et
1322 1125 1430 1151 virtutis
1455 1126 1496 1151 sic
1512 1124 1636 1158 adeptos,
1656 1122 1738 1149 etiam

951 1176 1156 1204 persecutiones
1176 1175 1289 1205 propter
1315 1171 1374 1198 haec
1402 1171 1537 1198 sustinuere
1560 1171 1696 1201 ςοιιναιιιὶι,
1713 1174 1741 1197 et

952 1223 1013 1242 cum
1045 1223 1089 1243 res
1116 1217 1273 1251 postularit,
1292 1216 1383 1250 fugam
1401 1225 1455 1244 non
1477 1224 1617 1248 recusare,
1634 1221 1661 1243 et
1677 1223 1742 1250 pro-

953 1263 1114 1290 brosissitna
1130 1271 1245 1297 quaeque
1261 1264 1367 1296 audire,
1393 1264 1474 1297 idque
1495 1271 1556 1290 eum
1574 1263 1741 1294 lauitiarut-

951 1313 1014 1343 pote
1044 1309 1172 1335 maximis
1200 1309 1449 1343 pulcherrimisque
1469 1308 1587 1343 prremiis
1616 1308 1643 1334 iu
1669 1308 1740 1334 caelo

953 1354 1090 1388 repositis.
1117 1354 1201 1380 Antor
1215 1354 1288 1381 enim
1314 1355 1478 1391 certantium
1502 1361 1564 1388 erga
1583 1353 1738 1388 prmsidem.

952 1405 1244 1435 remnneratoremque
1260 1400 1423 1427 certaminis
1436 1400 1517 1427 etiam
1537 1401 1589 1426 hoe
1602 1404 1702 1434 potest,
1713 1403 1741 1426 et

951 1446 985 1473 de
1001 1446 1120 1480 praemiis
1136 1445 1255 1472 nondum
1272 1445 1349 1477 visis,
1371 1445 1435 1472 facit
1448 1445 1473 1472 ei
1492 1445 1570 1471 [idem
1588 1445 1700 1473 habere.
1712 1449 1740 1470 ιιι

952 1493 1006 1528 jam
1033 1499 1106 1518 nuttc
1131 1492 1287 1518 futurorum
1319 1499 1393 1526 spem
1424 1490 1540 1518 solidam
1565 1498 1669 1524 gerere.
1694 1489 1742 1516 Sic

951 1537 1091 1565 Christum
1107 1544 1215 1571 semper
1226 1537 1388 1571 cogitantes,
1404 1535 1620 1568 meditantesque
1636 1538 1663 1560 et
1676 1539 1740 1559 mo-

950 1583 1060 1610 deratos
1077 1582 1176 1614 reddit,
1191 1585 1218 1608 et
1242 1581 1369 1608 humanae
1389 1579 1556 1606 inﬁrmitatis
1578 1585 1689 1612 gnams,
1710 1581 1739 1604 ut

951 1629 1071 1662 lugeant,
1085 1628 1250 1662 eosdemque
1268 1633 1295 1654 et
1320 1627 1448 1657 mites,et
1468 1626 1570 1660 justos,
1595 1630 1621 1651 et
1641 1624 1740 1651 huma-

951 1682 1012 1705 nos,
1029 1678 1056 1701 et
1072 1674 1211 1701 modestos
1230 1673 1305 1703 facit.
1320 1677 1346 1699 et
1366 1673 1443 1707 pacis
1464 1671 1676 1705 concordiaque
1699 1671 1741 1697 in-

952 1725 1093 1754 terpretes,
1106 1720 1229 1754 adeoque
1240 1719 1362 1751 Christo,
1372 1724 1400 1746 et
1413 1719 1514 1745 virtute
1527 1718 1738 1750 circumseptus.

950 1771 980 1793 ut.
993 1774 1042 1800 pro
1055 1766 1088 1793 iis
1104 1773 1157 1793 non
1170 1766 1257 1793 solum
1271 1765 1409 1800 patiantur
1422 1784 1430 1795 ,
1447 1764 1494 1791 sed
1506 1764 1642 1799 gaudeant
1656 1763 1738 1789 etiam

950 1812 1057 1846 injuriis
1081 1811 1202 1840 multari.
1231 1816 1258 1838 et
1288 1811 1313 1837 in
1337 1810 1575 1846 pcrseeutionibus
1589 1809 1737 1836 exSuItent.

949 1858 993 1889 Et.
1013 1864 1042 1885 ut
1060 1859 1217 1885 summatim
1234 1858 1335 1889 dicam,
1352 1857 1422 1883 bona
1444 1856 1623 1890 aniptiSsima,
1637 1860 1663 1882 et
1679 1857 1739 1890 qni--

950 1904 1000 1932 bus
1016 1904 1132 1931 beatitas
1155 1907 1274 1933 constat,
1289 1911 1321 1930 ex
1338 1902 1556 1937 cogitationibus
1569 1901 1627 1928 istis
1649 1900 1737 1935 perci~

949 1958 1011 1985 pere
1027 1957 1190 1984 possumus;
1208 1954 1235 1976 et
1251 1949 1285 1976 ita
1307 1949 1380 1975 in~eo
1393 1947 1439 1982 qui
1458 1954 1565 1974 summe
1581 1947 1670 1973 bonus
1685 1951 1736 1977 est,

949 2001 1066 2023 ruentem
1080 1995 1230 2027 custodire,
1244 1995 1352 2028 solitam
1368 1993 1600 2028 pulchritudinem
1616 1999 1737 2024 scrvare,

948 2043 1067 2069 anituam
1084 2041 1224 2068 meliorem
1240 2041 1362 2071 reddere.
1376 2044 1560 2074 acceptaeque
1573 2046 1588 2065 a
1601 2038 1738 2073 mysteriis

949 2096 1015 2123 opes
1030 2088 1112 2120 tueri,
1127 2094 1153 2115 et
1179 2088 1296 2122 regalem
1321 2087 1440 2114 tunicam
1463 2093 1516 2112 non
1532 2093 1670 2119 rumpere,
1686 2091 1737 2111 nec

948 2135 1100 2163 sordidare.
1118 2134 1150 2161 Et
1166 2133 1271 2161 idcirco
1290 2132 1520 2167 quemadmodum
1538 2131 1638 2158 mentis
1661 2138 1738 2156 cmu-

947 2185 1037 2217 potem
1065 2188 1136 2213 esse,
1162 2185 1189 2207 et
1214 2181 1319 2206 ratione
1337 2179 1386 2212 uti,
1404 2179 1652 2212 ltuman'emalua:
1674 2185 1739 2212 pro-

104 2217 261 2263 ἀνθρώπων
278 2219 385 2253 φύσεως
403 2221 470 2247 ίδιον
481 2241 490 2253 ,
504 2221 576 2248 οῦτω
593 2223 627 2250 τὰ
644 2224 765 2258 Χριστοῦ
782 2225 897 2261 θεωρεῖν

951 2228 1038 2263 prium
1055 2232 1113 2260 est;
1132 2227 1172 2254 sic
1193 2233 1237 2253 res
1253 2225 1354 2253 Christi
1377 2224 1570 2258 contemplari,
1585 2231 1654 2259 opus
1675 2232 1738 2251 esse

105 2263 188 2297 ἔργον
202 2261 272 2289 εἶναι
288 2265 340 2300 χρὴ
354 2266 477 2300 νομίζειν
490 2266 537 2293 τοῦ
551 2267 697 2303 λογισμοῦ,
714 2270 832 2304 μάλιστα
847 2272 896 2306 μὲν

104 2309 147 2336 ὅτι
163 2310 193 2336 τὸ
211 2310 399 2346 παράδειγμα,
419 2313 488 2347 πρὸς
501 2313 515 2339 ὃ
535 2313 576 2340 δεῖ
593 2314 704 2348 βλέπειν
723 2317 893 2351 ἀνθρώπους,

104 2355 137 2382 ἄν
152 2356 183 2383 τέ
199 2365 224 2383 τι
238 2357 286 2393 δέῃ
297 2358 427 2392 πράττειν
443 2359 486 2394 ἐφ’
498 2360 604 2387 ἑαυτῶν
619 2361 730 2395 αὐτοὺς,
749 2363 782 2390 ἄν
795 2371 825 2389 τε
839 2365 895 2396 τοῖς

103 2402 198 2434 ἄλλοις
214 2403 269 2430 τῶν
291 2404 406 2431 δεόντων
424 2406 562 2440 ἡγεῖσθαι,
583 2407 664 2442 μόνος
683 2409 758 2434 ἐστὶν
781 2408 894 2444 Ἰησοῦς,

103 2448 133 2481 ὃς
156 2448 204 2475 καὶ
221 2449 275 2476 τῶν
293 2450 366 2477 ίδίων
389 2451 471 2478 ἕνεκα
490 2453 538 2479 καὶ
557 2453 607 2488 τῆς
633 2453 772 2486 πολιτείας
788 2455 896 2489 πρῶτος

103 2493 153 2520 καὶ
168 2493 252 2528 μέσος
264 2495 311 2521 καὶ
323 2495 479 2528 τελευταῖος
488 2498 538 2532 τὴν
553 2497 684 2534 ἀληθινὴν
695 2499 836 2533 ὑπέδειξεν
848 2502 896 2527 ἀν-

103 2539 227 2574 θρώποις
252 2541 438 2578 δικαιοσύνην.
464 2543 581 2570 Ἔπειτα
607 2546 655 2572 καὶ
680 2545 765 2581 γέρας
787 2547 861 2572 ἐστὶν
884 2547 898 2573 ὁ

102 2582 188 2618 αὗτὸς
207 2586 256 2612 καὶ
278 2588 422 2622 στέφανος,
437 2589 466 2616 ὃν
492 2590 533 2616 δεῖ
551 2590 643 2617 λαϐεῖν
664 2591 897 2627 ἀγωνισαμένους,

102 2631 213 2659 οὐκοῦν
235 2633 275 2665 είς
299 2635 402 2662 ἐκεῖνον
426 2637 494 2672 ὁρᾷν
516 2637 556 2663 δεῖ
571 2638 618 2664 καὶ
638 2638 764 2665 τάκείνου
783 2641 894 2666 σκοπεῖν

101 2679 243 2714 άχριὸὦς,
256 2681 302 2706 καὶ
311 2680 348 2714 ὡς
358 2681 445 2709 ἐνεστι
457 2684 604 2719 πειρᾶσθαι
615 2686 847 2720 καταμανθάνειν,
861 2687 895 2712 ἶν’

102 2725 223 2759 είδώμεν
238 2726 275 2757 ὡς
296 2727 337 2754 δεῖ
352 2728 451 2756 πονεῖν.
474 2730 514 2756 Τὰ
530 2731 584 2766 γὰρ
604 2728 672 2758 ἆθλα
687 2733 743 2762 τοῖς
765 2732 896 2766 ἀθληταῖς

105 2773 206 2807 μετρεί
219 2774 281 2805 τοὺς
297 2774 419 2809 ἀγῶνας,
436 2776 581 2804 καὶταῦτα
596 2777 818 2810 ἀποσκοποῦντες
833 2780 897 2811 τοὺς

141 2864 165 2879 ⁸⁵
180 2863 250 2892 Gen.
274 2872 316 2897 ιιι,
333 2864 362 2892 6.

950 2273 1125 2309 cogitationis
1141 2272 1353 2300 existimandum
1366 2275 1417 2299 est.
1432 2271 1558 2303 Maxiu-e,
1569 2272 1631 2306 quia
1645 2278 1723 2298 exem
1736 2285 1738 2287 ›

950 2321 1020 2356 plar,
1046 2319 1080 2346 ad
1103 2318 1176 2354 quod
1196 2317 1354 2345 hominibus
1372 2317 1573 2351 respicicndmu
1601 2321 1652 2348 cst,
1679 2318 1740 2345 sive

950 2374 1019 2401 opus
1036 2370 1077 2393 est
1093 2372 1172 2400 agere
1185 2364 1287 2398 aliquid
1300 2364 1376 2399 ipsos
1392 2364 1419 2389 iu
1434 2363 1544 2397 seipsis,
1556 2363 1612 2390 sive
1629 2364 1691 2391 aliis
1710 2366 1738 2391 in

949 2412 1038 2440 olﬁcio
1066 2411 1255 2446 prmﬂuntlum,
1282 2410 1357 2437 solus
1384 2415 1426 2437 est
1450 2408 1543 2441 Jesus,
1559 2410 1606 2444 qui
1632 2414 1659 2437 et
1684 2418 1740 2445 qua

949 2460 1058 2494 propria
1084 2464 1189 2490 nostra,
1210 2463 1237 2485 et
1254 2464 1307 2491 qua
1326 2457 1353 2483 in
1381 2456 1581 2484 consuetudine
1596 2457 1736 2484 convictu~

949 2513 1003 2541 que
1019 2505 1119 2541 posita.
1132 2504 1250 2538 primus,
1265 2503 1384 2533 medius.
1400 2503 1524 2534 ultimus.
1539 2510 1630 2530 veram
1648 2503 1738 2530 homi-

949 2551 1031 2578 nibus
1048 2551 1182 2585 justitiam
1200 2549 1329 2576 ostendit.
1356 2548 1457 2576 Deinde
1471 2554 1498 2576 et
1521 2549 1662 2584 praetuium
1678 2551 1739 2583 ipse

948 2603 1001 2629 est,
1019 2604 1046 2624 et
1065 2604 1167 2623 corona
1180 2601 1222 2623 est
1237 2596 1405 2622 certantibus
1417 2595 1565 2622 oili-renda.
1581 2595 1675 2629 Itaque
1692 2596 1739 2623 ille

950 2649 1013 2671 ante
1027 2643 1122 2670 oculos
1140 2642 1293 2676 ponendus,
1308 2647 1334 2668 et
1350 2650 1410 2676 quze
1431 2642 1502 2668 illius
1519 2646 1597 2673 sunt,
1609 2648 1739 2669 accurate

950 2688 1151 2723 perpendenda,
1168 2692 1195 2714 et
1218 2692 1354 2722 quatenus
1371 2687 1444 2718 licet,
1465 2687 1496 2714 ad
1521 2695 1614 2713 corum
1635 2687 1738 2714 intelli-

951 2736 1069 2770 gentiam
1086 2733 1255 2766 enitendum,
1269 2739 1297 2760 ut
1315 2733 1444 2766 sciamus,
1459 2734 1598 2767 quomodo
1612 2734 1739 2761 laboran-

951 2783 1026 2810 dum.
1043 2780 1155 2808 Prtemia
1168 2779 1240 2807 enim
1255 2779 1367 2815 athlctjs
1382 2788 1483 2814 agones
1500 2781 1659 2812 metiuntur,
1671 2787 1697 2807 ct
1709 2781 1741 2808 in
