1967 3071
92 108 137 144 681

619 109 667 139 DE
685 107 774 138 VlTA
794 106 833 137 IN
853 106 1019 138 CHRISTO
1038 108 1112 138 LIB.
1133 106 1186 138 VI.

1671 107 1724 139 6‘2

91 170 119 195 τὺ
133 167 209 202 γένος
226 167 299 194 ἅπαν
311 166 350 198 είς
363 165 459 193 ἑαυτὸν
473 165 590 201 ἥρμοσε.
605 165 664 197 πῶς
676 164 706 192 οὖ
719 164 753 192 τὰ
767 165 880 199 δεύτερα

941 165 1072 200 ιιιοιιιοιίο
1089 164 1242 201 posteriora
1255 163 1379 199 priorum
1394 171 1447 191 non
1462 165 1595 201 exempla,
1607 171 1634 193 et
1650 166 1722 194 hunc

90 215 140 242 τῶν
153 214 295 249 προτέρων
307 212 529 247 παραδείγματα,
546 212 594 239 καὶ
605 212 651 239 τὸν
665 211 715 246 μὲν
727 211 882 246 ἀρχέτυπον

91 260 157 288 εἶναι
176 261 230 296 χρὴ
253 259 388 294 νομίζειν,
409 259 455 285 τὸν
478 258 507 285 δὲ
528 258 635 285 ἐκεῖθεν
653 257 802 293 εἰλῆφθαι;
821 256 883 284 Τῶν

92 307 142 343 γὰρ
155 305 350 337 ἀτοπωτάτων,
364 305 433 340 πρὸς
449 305 483 332 τὰ
499 305 583 340 ἀτελῆ
598 304 633 332 τὰ
648 303 802 331 τελεώτατα
816 303 883 329 πάνη

92 363 142 381 των
163 352 324 387 ἐπείγεσθαι
345 351 477 385 νομίζειν,
506 352 555 379 καὶ
573 352 630 383 τοῖς
655 351 772 386 βελτίοσι
795 358 884 384 παρα-

91 402 223 435 δείγματα
249 399 411 434 προκεῖσθαι
436 398 469 425 τὰ
492 399 595 433 χείρω,
614 398 660 424 καὶ
679 397 742 428 τοὺς
765 396 883 431 τυφλοὺς

92 447 215 481 ἡγεῖσθαι
245 446 302 476 τοῖς
327 444 483 479 βλέπουσιν.
499 442 537 471 Οὐ
563 445 618 478 γὰρ
649 443 691 470 ὅτι
716 442 762 469 τὸν
789 442 883 476 χρόνον

93 493 213 528 πρότερα
231 492 333 522 ἐκεῖνα,
363 491 468 517 δίκαιον
502 490 535 516 ἂν
565 490 610 524 είη
640 488 808 523 θαυμάζειν,
827 486 884 514 ἀλλ’

92 539 131 566 ὅτι
146 538 237 565 τέλεια
260 537 346 564 ταῦτα
363 537 417 564 τῶν
436 536 539 563 ἀτελῶν
559 536 646 571 ἀρχάς
670 533 740 562 εἶναι
761 534 884 569 προσῆκε

95 585 248 612 πισττεύειν
259 585 349 610 ἐκεῖνο
363 583 581 618 ἐνθυμουμένους
592 602 599 615 ,
620 582 662 609 ὅτι
677 581 725 608 καὶ
749 580 818 616 πρὸς
836 580 885 616 τὴν

92 631 236 666 ἀνθρώπου
252 629 348 665 χρείαν
362 629 448 656 πολλὰ
462 628 682 656 κατεσκεύασται
698 627 747 662 μὲν
765 628 884 662 πρότερα

92 678 130 710 δὲ,
148 678 195 704 καὶ
208 678 222 704 ὁ
242 677 353 703 πάντων
370 675 473 702 τούτων
495 674 588 701 κανὼν
606 673 749 710 ἄνθρωπος
770 673 885 704 ὕστατος

92 722 219 750 ἁπάντων
240 721 292 756 τῆς
311 721 363 756 γῆς
387 720 559 756 ἐξελήλυθεν.
584 718 656 747 Εἶεν.
679 720 766 754 ’Υπὲρ
782 719 885 746 τούτων

92 769 180 796 τοίνυν
191 769 323 797 ἁπάντων
340 767 386 794 καὶ
402 766 482 802 φύσει
498 766 546 794 καὶ
560 766 659 803 γνώμῃ
679 767 726 792 καὶ
744 766 885 800 λογισμοῖς

92 815 233 850 ἄνθρωπος
242 815 310 849 πρὸς
322 813 368 841 τὸν
380 813 498 847 Χριστὸν
513 812 595 844 (erat,
607 812 636 839 οὐ
650 813 694 839 διὰ
708 811 756 847 τὴν
771 811 886 847 θεότητα

95 861 183 896 μόνον,
199 860 217 896 ἢ
233 860 343 887 πάντων
358 858 426 886 οὖσα
442 858 572 894 τυγχάνει
585 858 671 890 τέλος,
689 857 758 885 ἀλλὰ
773 859 821 884 καὶ
837 857 885 892 τῆς

94 907 198 942 φύσεως
213 907 297 934 ἕνεκα
307 906 356 940 τῆς
366 905 409 932 ἑτέ
415 913 474 940 ρας.
489 905 537 932 καὶ
547 902 625 936 οὗτος
639 904 688 940 μὲν
698 904 727 930 τὺ
740 904 887 938 κατάλυμα

93 953 147 980 τῶν
162 952 344 988 ἀνθρωπίνων
358 951 480 987 ἐρώτων,
494 948 571 982 οὗτος
585 950 614 977 δὲ
630 950 720 986 τρυφὴ
733 950 885 985 λογισμῶν,

94 999 180 1026 καὶτὸ
195 998 271 1033 παρὰ
283 997 378 1024 τοῦτον
392 996 483 1024 ὁτιοῦν
497 997 513 1032 ἢ
529 996 617 1030 φιλεῖν
633 996 650 1032 ἢ
668 995 825 1031 λογίζεσθαι
839 1004 888 1022 πε-

95 1044 210 1081 ριφανὴς
220 1043 268 1071 τοῦ
282 1044 388 1075 δέοντος
403 1042 527 1078 ἁμαρτία
543 1042 591 1069 καὶ
605 1042 659 1068 τῶν
674 1042 703 1074 ἐξ
719 1042 806 1077 ἀρχῆς
823 1041 888 1067 ὐπο-

93 1091 224 1119 τεθέντων
239 1092 272 1125 τῇ
289 1090 369 1125 φύσει
384 1089 549 1125 παρατροπή
559 1097 567 1105 ⁸
583 1089 621 1121 ὡς
634 1088 668 1116 ἂν
683 1088 712 1115 δὲ
725 1089 793 1124 πρὸς
806 1087 888 1115 αὑτὸν

94 1138 167 1173 ἔχειν
184 1137 227 1164 ἀεὶ
255 1135 399 1171 δυνώμεθα
417 1135 466 1172 τὴν
491 1135 606 1170 μελέτην
624 1135 672 1161 καὶ
690 1135 793 1170 ταύτης
812 1131 888 1169 ὦμεν

94 1183 224 1210 ἑκάστοτε
247 1183 298 1218 τῆς
323 1183 453 1217 σπουδῆς,
472 1182 555 1208 αὑτδν
584 1181 713 1217 καλῶμεν
735 1182 796 1208 ὅσαι
816 1177 888 1217 ὧραι

93 1229 147 1256 τῶν
168 1229 310 1264 λογισμῶν
332 1229 381 1264 τὴν
395 1228 536 1255 ὑπόθεσιν.
557 1228 671 1260 Πάντως
695 1227 724 1254 δὲ
748 1228 778 1254 οὐ
799 1236 889 1262 παρα-

95 1275 196 1310 σκευῆς
216 1275 285 1310 πρδς
306 1274 356 1306 τὰς
381 1274 465 1310 εὐχὰς
482 1274 522 1300 δεῖ
549 1274 597 1301 καὶ
626 1274 716 1300 τόπων
735 1273 797 1300 οὐδὲ
825 1273 889 1308 βοῆς

94 1323 200 1348 ἐκεῖνον
213 1321 359 1348 καλοῦσιν’
374 1321 405 1347 οὗ
421 1321 475 1355 γὰρ
489 1320 564 1346 ἐστιν
574 1317 604 1347 οὗ
621 1320 659 1355 μὴ
676 1320 821 1355 πάρεστιν,
833 1318 888 1346 οὐδ’

94 1367 170 1394 ἐστιν
181 1368 256 1399 ὅπως
270 1367 308 1403 μὴ
324 1366 448 1393 σύνεστιν
459 1367 536 1401 ἡμῖν,
554 1367 583 1397 ὅς
600 1375 631 1400 γε
648 1367 704 1397 τοῖς
715 1364 828 1400 ζητοῦσι
841 1365 890 1391 καὶ

94 1414 180 1449 αὐτῆς
199 1413 292 1448 ἐγγιόν
309 1414 369 1441 ἐστι
390 1413 440 1448 τῆς
463 1413 590 1449 καρδίας.
615 1412 777 1439 Ἀκόλουθον
797 1411 826 1438 δὲ
843 1411 891 1437 καὶ

93 1461 128 1487 τὰ
153 1460 229 1495 παρὰ
248 1460 304 1487 τῶν
326 1459 416 1495 εὐχῶν
435 1460 500 1494 ἡμῖν
517 1458 553 1489 ὡς
575 1458 730 1493 ἀπαντήσει
748 1457 821 1492 μάλα
843 1465 889 1484 m-

96 1507 215 1540 στεύειν,
234 1506 281 1533 καὶ
303 1505 342 1541 μὴ
358 1506 518 1538 ἐνδοιάζειν,
535 1505 577 1531 ὅτι
595 1504 709 1540 πονηροὶ
725 1504 771 1548 τὸν
789 1503 890 1538 τρόπον
904 1519 926 1548 G

96 1553 190 1588 ἡμεῖς,
206 1551 275 1579 ἀλλὰ
295 1551 421 1587 θαρρεῖν,
438 1551 479 1577 ὃτι
496 1549 616 1586 χρηστὸς
629 1550 643 1575 ό
659 1547 827 1583 καλούμενος
844 1547 891 1574 ἐπὶ

94 1600 159 1629 τοὺς
167 1597 334 1634 ἀχαρίστους
348 1597 396 1623 καὶ
407 1596 554 1631 πονηροὺς,
563 1595 591 1627 ὅς
601 1603 634 1629 γε
643 1594 770 1621 τοσοῦτον
780 1594 890 1629 ἀπέχει,

95 1645 160 1676 τοὺς
175 1642 435 1678 προσκεκρουκότας
452 1642 506 1668 τῶν
520 1641 622 1668 δούλων
636 1641 780 1676 δεομένους
795 1649 891 1676 περιο-

98 1690 167 1725 ρᾷν,
188 1687 260 1714 ὣστε
287 1688 371 1723 μήπω
393 1686 562 1718 καλέσαντας
584 1686 653 1721 μηδὲ
672 1686 750 1721 λόγον
769 1686 891 1713 ὁντινοῦν

96 1735 204 1762 ἐκείνου
220 1734 424 1769 ποιησαμένους
436 1732 517 1764 αὐτὸς
532 1733 582 1768 τὴν
596 1733 648 1769 γῆν
658 1732 819 1759 καταλαϐὼν
828 1733 893 1760 ἐκά-

96 1782 160 1809 λεσε
176 1782 299 1816 πρῶτος.
318 1790 327 1806 ι
345 1778 447 1807 Ἦλθον
474 1779 541 1815 γὰρ,
566 1780 644 1814 φησὶ,
668 1779 783 1806 καλέσαι
803 1779 893 1813 αμαρ-

95 1827 219 1859 τωλούς·
256 1836 267 1853 ι
294 1829 308 1854 ὁ
333 1826 362 1853 δὲ
395 1826 463 1862 μηδὲ
496 1825 675 1861 βουλομένους
706 1824 778 1852 οὕτω
808 1824 892 1860 ζητή-

95 1882 159 1906 σας,
188 1873 230 1905 τίς
260 1872 294 1900 ἂν
317 1873 362 1907 είη
388 1871 571 1908 καλούμενοςς
592 1871 638 1899 καὶ
666 1872 692 1898 εί
727 1871 893 1907 μισούμενος

95 1919 224 1954 ἐφίλησε,
250 1918 309 1951 πῶς
323 1917 466 1946 ἀπώσεται
483 1917 665 1952 φιλούμενοςς
684 1918 716 1944 '0
732 1918 779 1945 καὶ
805 1918 893 1953 δηλῶν

94 1967 109 1992 ὁ
142 1965 261 1996 Παῦλος,
293 1974 302 1990 ι
335 1965 367 1991 El
393 1964 486 1999 ἐχθροὶ
511 1963 587 1995 ὄντες
612 1963 827 1998 κατηλλάγημεν
855 1964 894 1998 τῷ

94 2011 157 2047 Θεῷ
177 2011 221 2038 διὰ
236 2011 283 2038 τοῦ
302 2010 420 2037 θανάτου
437 2009 485 2037 τοῦ
502 2009 568 2036 Υίοῦ
585 2009 669 2036 αὐτοῦ
680 2030 687 2042 ,
704 2011 782 2045 φησὶ,
803 2009 894 2045 πολλῷ

96 2058 201 2092 μᾶλλον
211 2056 429 2090 καταλλαγέντες
438 2055 618 2091 σωθησόμεθα
627 2057 655 2082 ὲν
663 2057 695 2090 τῇ
705 2054 762 2090 ζωῇ
772 2055 866 2082 αὑτοῦ.
882 2064 891 2081 ι

96 2104 154 2131 Καὶ
167 2103 221 2139 μὴν
236 2104 283 2130 καὶ
296 2103 327 2130 τὸ
339 2103 433 2138 σχῆμα
446 2103 496 2137 τῆς
508 2102 614 2134 ἱκεσίας
631 2101 832 2136 ἐνθυμηθῶμεν
841 2105 850 2117 ⁴
862 2103 893 2128 οὺ

94 2152 152 2186 γὰρ
167 2150 185 2177 ἃ
202 2150 296 2184 φίλους
313 2149 387 2180 είκὺς
402 2148 536 2176 αἰτεῖσθαι
551 2149 599 2175 καὶ
610 2147 773 2183 λαμϐάνειν,
790 2147 894 2174 τούτων

935 211 1126 246 archetypum,
1145 211 1221 238 illum
1235 218 1301 238 vero
1331 210 1394 238 inde
1414 215 1555 246 sumptum
1568 217 1594 240 et
1609 219 1722 247 expres-

934 264 993 284 sum
1012 265 1065 284 non
1078 257 1561 285 existimabimus?Absurdissiiuum
1575 259 1726 293 quippeest

935 308 1031 337 putare
1056 303 1178 330 omnium
1204 302 1406 337 perfectissima
1433 303 1466 330 ad
1490 303 1650 338 imperfecta
1668 305 1725 331 cxi-

935 347 1034 383 genda,
1053 352 1079 375 et
1096 349 1256 376 melioribus
1270 349 1395 383 exempla
1409 348 1544 376 deteriora
1561 357 1723 385 praeponen-

935 395 981 426 da,
994 400 1022 422 et
1039 403 1053 422 ιι
1074 395 1154 422 emt-is
1179 396 1356 430 praeeuudum
1382 395 1548 423 videntibus.
1575 395 1632 424 Non
1650 397 1723 423 enim

935 441 1000 476 quia
1017 441 1062 467 illa
1075 446 1197 475 tempore
1215 441 1317 475 priora,
1332 441 1471 476 adcojure
1485 441 1656 474 admiranda,
1677 443 1724 470 sed

936 487 1000 522 quia
1025 487 1082 515 lucc
1105 487 1225 522 perfecta
1250 493 1324 521 sunt,
1349 487 1571 523 imperfectorum
1593 489 1725 524 principia

937 540 997 561 esse
1010 533 1111 561 debere
1135 533 1298 561 credendum
1321 539 1372 565 cst,
1396 539 1423 561 et
1445 534 1512 561 illud
1538 535 1725 570 cogitandum,

937 579 1019 606 etiam
1035 579 1069 606 ad
1086 579 1206 607 hominis
1223 588 1303 607 usum
1325 580 1410 607 multa
1426 581 1502 614 prius
1518 585 1612 616 parata
1629 581 1726 609 fuisse.

937 622 1053 659 Propter
1073 624 1132 652 haec
1157 625 1248 652 omnia
1269 626 1352 660 igitur
1366 630 1392 652 et
1407 630 1515 659 natura,
1531 631 1558 654 et
1574 626 1726 659 voluntate,

936 675 964 698 et
981 671 1196 706 cogitationibus
1223 672 1363 700 Christum
1391 673 1473 700 homo
1499 673 1647 706 desiderat,
1673 681 1726 700 non

938 724 1048 752 propter
1061 718 1190 746 deitatem
1216 723 1332 751 tantum,
1358 727 1418 754 qmc
1442 723 1483 747 est
1507 720 1630 746 omnium
1655 719 1727 753 ﬂuis,

938 765 985 792 sed
1010 769 1037 792 et
1067 769 1178 800 propter
1205 765 1317 792 alteram
1335 771 1475 792 naturam.
1504 765 1537 792 Et
1556 766 1601 793 hic
1618 766 1727 801 quidem

939 811 1087 846 (Christus)
1102 811 1285 838 diversorium
1302 816 1344 839 est
1370 819 1510 839 armorum
1529 812 1724 845 humanorum,

939 857 983 885 hic
996 857 1102 885 deliciae
1119 858 1327 893 cogitationum,
1340 862 1367 885 et
1381 862 1480 893 praeter
1497 858 1569 886 hunc
1584 859 1729 894 quodcun-

938 911 991 938 que
1006 908 1054 931 aut
1069 911 1172 937 amare,
1188 908 1235 931 aut
1250 904 1382 938 cogitare,
1401 903 1546 932 manifesta
1562 909 1604 932 est
1621 905 1656 933 ab
1669 906 1729 932 olli-

938 950 982 977 cio
1001 949 1150 982 aberratio,
1179 953 1205 977 et
1229 957 1244 977 a
1264 949 1361 984 primis
1388 955 1494 978 natura:
1521 951 1665 985 principiis
1684 952 1730 978 dc-

939 995 1029 1023 ﬂexio.
1051 995 1086 1023 Ut
1102 999 1194 1023 autent
1211 996 1300 1031 ipsum
1319 1003 1428 1031 semper
1443 997 1569 1024 meditari
1583 1005 1728 1032 queamus,

939 1045 966 1069 et
983 1041 1011 1068 in
1026 1041 1077 1070 hoc
1088 1042 1180 1070 studio
1199 1049 1418 1077 perseveremus,
1431 1043 1520 1078 ipsum
1531 1044 1729 1080 cogitationum

939 1092 1130 1123 argumentum
1157 1088 1232 1115 horis
1257 1089 1388 1117 omnibus
1417 1090 1587 1118 invocemus.
1611 1090 1730 1119 Omnino

940 1138 1030 1161 autem
1048 1141 1102 1161 nou
1122 1135 1324 1170 praeparatione
1349 1136 1382 1163 ad
1405 1143 1500 1171 preces
1523 1145 1593 1173 opus
1608 1143 1660 1170 est,
1682 1147 1732 1166 nt-e

940 1179 1019 1212 locis,
1042 1187 1093 1207 nec
1117 1180 1284 1209 clamoribus
1300 1185 1342 1209 est
1364 1181 1537 1210 invocandns
1556 1192 1563 1210 :
1583 1191 1636 1211 nou
1658 1185 1730 1212 enim

940 1231 983 1254 est
999 1226 1075 1254 locus
1093 1226 1139 1254 ubi
1165 1235 1288 1262 praesens
1314 1235 1368 1255 non
1393 1229 1439 1261 sit,
1456 1237 1505 1257 nec
1520 1235 1562 1257 est
1585 1230 1629 1258 ubi
1651 1232 1732 1259 nobis

941 1278 997 1298 non
1021 1271 1103 1305 adsit,
1121 1272 1167 1306 qui
1180 1273 1369 1307 quaerentibus
1385 1281 1414 1301 se
1433 1274 1493 1309 ipso
1517 1275 1599 1302 cerde
1621 1277 1732 1311 propior

941 1321 992 1344 est.
1007 1317 1188 1353 Consequens
1207 1324 1299 1346 autem
1318 1324 1369 1351 est,
1390 1319 1471 1346 etiam
1490 1326 1648 1348 constanter
1672 1329 1733 1348 cre—

941 1361 1017 1395 dere,
1030 1370 1091 1397 qua:
1105 1370 1261 1397 precamur,
1285 1363 1363 1391 nobis
1378 1368 1522 1396 eventura,
1538 1372 1589 1392 nec
1603 1365 1665 1392 ideo
1679 1366 1732 1392 du-

943 1408 1038 1441 bitare,
1055 1408 1120 1443 quia
1139 1416 1236 1436 sumus
1253 1410 1383 1444 improbi.
1399 1410 1447 1437 sed
1463 1410 1559 1443 ﬁdere,
1573 1411 1638 1446 quia
1656 1411 1734 1439 Chri-

942 1460 1001 1482 stus
1025 1459 1067 1482 est
1090 1455 1136 1490 qui
1163 1463 1247 1490 super
1273 1455 1397 1490 ingratos
1422 1460 1447 1483 et
1471 1456 1558 1484 malos
1574 1457 1730 1485 invocatur.

943 1499 1012 1533 Quia
1036 1504 1141 1527 tantum
1161 1500 1238 1528 abest
1258 1506 1314 1528 uta
1333 1501 1434 1536 quibus
1447 1501 1568 1531 oﬂ‘ensus
1582 1507 1623 1530 est
1637 1510 1732 1530 servos

942 1552 1086 1582 precantes
1100 1548 1165 1575 velit
1184 1548 1334 1583 negligere,
1352 1553 1380 1576 ut
1393 1549 1513 1577 nondum
1529 1557 1558 1577 se
1574 1550 1732 1577 inv0cautcs

943 1600 1032 1629 neque
1048 1593 1131 1621 ullam
1160 1594 1247 1629 ipsius
1263 1594 1400 1622 rationem
1416 1596 1560 1628 ducentes,
1580 1595 1608 1623 in
1631 1601 1732 1624 terram

943 1640 1082 1676 delapsus,
1094 1641 1169 1676 prior
1183 1641 1299 1668 vocarit.
1317 1650 1326 1667 ι
1341 1640 1408 1669 Veni
1421 1642 1506 1676 enim,
1520 1642 1619 1677 inquit,
1636 1651 1735 1671 vocare

921 1681 928 1686 ’
943 1687 1150 1723 peccatores“.
1170 1696 1178 1713 ι
1198 1686 1257 1714 Jam
1275 1687 1323 1722 qui
1340 1695 1390 1715 nec
1405 1688 1527 1715 volentes
1546 1689 1582 1715 ita
1597 1689 1734 1723 quiaasivit,

943 1733 1052 1769 qualem
1072 1741 1102 1761 se
1119 1733 1264 1761 invocatus
1286 1733 1442 1762 exhibebit?
1466 1739 1493 1761 ct
1510 1735 1533 1762 si
1556 1735 1652 1763 dilexit
1671 1742 1733 1762 euut

943 1780 1008 1808 odio
1034 1780 1193 1812 haberetur.
1220 1780 1362 1815 quomodo
1392 1788 1443 1808 nos
1468 1782 1583 1816 repellet
1598 1781 1736 1809 dilectus?

943 1825 1023 1859 Quod
1037 1830 1065 1853 et
1088 1825 1189 1853 Paulus
1210 1826 1380 1860 signiﬁcans.
1406 1835 1416 1851 ι
1433 1825 1461 1853 Si
1490 1833 1551 1854 cum
1572 1827 1674 1854 inimici
1690 1836 1736 1855 es-

944 1879 1047 1904 semus.
1066 1872 1165 1907 inquit,
1181 1872 1352 1900 reconciliati
1371 1880 1468 1900 sumus
1482 1873 1536 1900 Deo
1555 1881 1602 1908 per
1618 1879 1733 1902 mortem

946 1917 1006 1945 Filii
1025 1919 1096 1953 ejus,
1113 1918 1200 1946 multo
1216 1919 1303 1953 magis
1322 1918 1489 1946 reconciliati
1505 1919 1572 1946 salvi
1588 1920 1691 1947 erimus
1707 1921 1734 1947 iu

945 1965 1000 1993 vita
1025 1965 1111 2001 ipsius
1127 1965 1162 1991 ⁸⁷.
1181 1974 1191 1991 ›
1210 1965 1283 1998 Quin
1299 1964 1415 1992 formam
1432 1973 1543 2000 quoque
1558 1966 1735 2001 supplicatio-

946 2011 988 2038 nis
1003 2011 1164 2046 cogitemus.
1182 2010 1241 2038 Non
1262 2012 1336 2038 enim
1352 2018 1412 2046 quae
1431 2011 1535 2039 atnicos
1559 2020 1666 2046 aequum
1693 2017 1735 2039 est

946 2063 1039 2092 petere
1065 2062 1092 2085 et
1117 2057 1253 2092 acripere,
1268 2065 1299 2084 ea
1322 2058 1438 2093 petimus
1453 2058 1596 2093 consequi,
1612 2060 1658 2086 sel
1675 2068 1736 2093 quae

945 2104 1018 2131 servi
1033 2103 1159 2136 obnoxii,
1180 2109 1207 2131 et
1221 2104 1341 2131 maxime
1358 2103 1396 2131 rei
1417 2111 1512 2138 rogare
1529 2102 1734 2138 permittuntur.
1754 2106 1761 2114 '

947 2148 1005 2176 Non
1034 2149 1108 2179 enim
1123 2153 1153 2177 ut
1176 2157 1226 2176 nos
1243 2154 1367 2182 coronet,
1393 2148 1539 2176 Dominum
1565 2152 1735 2183 invocamus,

94 2197 229 2233 αξιοῦμεν
244 2197 401 2232 τυγχάνειν,
416 2195 473 2223 ἀλλ’
487 2193 525 2223 ῶν
540 2197 587 2223 καὶ
601 2197 658 2228 τοῖς
672 2195 835 2228 ὑπευθύνοις
848 2196 889 2222 καί

947 2203 998 2224 nec
1015 2195 1110 2224 utalia
1131 2196 1287 2231 huiusmodi
1312 2204 1361 2223 nos
1379 2197 1466 2232 gratia
1483 2196 1621 2232 dignetur,
1639 2199 1686 2225 sed
1709 2203 1737 2226 ut

95 2243 354 2279 προσκεκρουκόσιν
363 2244 469 2278 ἐφεῖται
479 2242 583 2274 δούλοις
590 2243 636 2269 καὶ
649 2242 766 2279 μάλιστα
776 2242 891 2274 τούτοις.

93 2292 133 2317 Οὐ
149 2291 206 2325 γὰρ
220 2290 264 2316 ίνα
279 2289 450 2325 στεφανώσῃ,
465 2289 511 2316 τὸν
526 2289 666 2324 Δεσπότην
680 2289 828 2324 καλοῦμεν,
840 2286 895 2316 οὐδ’

93 2339 140 2365 ἵνα
166 2337 252 2372 ἀλλην
274 2337 405 2372 τοιαύτην
422 2336 485 2364 τινὰ
506 2337 659 2370 κατάθηται
675 2337 768 2372 χάριν,
789 2336 847 2362 ἀλλ’
862 2337 895 2363 ἶν’

93 2384 213 2420 ἐλεήσῃ·
226 2383 302 2409 ἔλεον
311 2383 339 2409 δὲ
355 2384 400 2410 καὶ
416 2383 583 2419 συγγνώμην
598 2384 646 2410 καὶ
658 2383 755 2419 χρέους
771 2383 894 2410 διάλυσιν

93 2432 144 2458 καὶ
160 2430 195 2457 τὰ
210 2428 324 2456 τοιαῦτα
341 2429 388 2455 τοῦ
404 2429 600 2464 φιλανθρώπου
617 2430 748 2464 δεηθῆναι
766 2429 812 2457 καὶ
832 2430 893 2466 δεη-

93 2478 194 2507 θέντας
209 2476 247 2511 μὴ
264 2476 355 2506 κεναῖς
370 2477 465 2511 χερσὶν
481 2476 621 2508 ἀπελθεῖν,
639 2476 663 2502 εί
682 2475 719 2511 μὴ
733 2477 795 2508 τοὺς
811 2476 895 2503 ὑπευ-

92 2522 205 2554 θύνους,
229 2521 306 2552 τίνας
322 2521 445 2554 datm-,5?
468 2530 500 2556 γε
517 2531 526 2548 ι
544 2523 581 2557 μὴ
606 2522 702 2558 χρείαν
729 2521 839 2557 ἔχουσιν
868 2523 895 2550 οί

94 2569 238 2603 ίσχύοντες
247 2567 356 2603 ίατροῦ;
368 2577 377 2593 ι
390 2568 420 2594 Et
430 2568 485 2603 γάρ
492 2568 560 2600 ὅλως
568 2568 728 2604 ἀνθρώπους
735 2569 894 2603 νενόμισται

93 2615 168 2649 πρὸς
191 2614 238 2640 τὸν
255 2613 321 2640 Θεὸν
338 2613 412 2640 ἔλεον
427 2614 634 2650 ἐκκαλουμένην
651 2615 761 2649 ἀφεῖναι
788 2615 892 2650 φωνὴν,

93 2663 152 2688 τῶν
162 2660 246 2694 ἀξίως
257 2661 332 2686 ἐλέου
344 2661 529 2696 πραττόντων.
539 2662 593 2688 τῶν
605 2661 806 2697 ἡμαρτηκότων
820 2661 895 2700 ἐστὶν

93 2711 110 2745 ἡ
129 2708 221 2744 φωνὴ.
238 2705 372 2742 Καλῶμεν
386 2706 414 2733 δὲ
431 2707 476 2734 τὸν
489 2707 555 2733 Θεὸν
570 2709 626 2734 καὶ·
642 2707 751 2743 γλώττῃ
766 2707 812 2734 καὶ
829 2707 898 2742 γνώ-

131 2807 157 2823 ⁶⁶
170 2805 267 2834 Matth.
284 2812 323 2835 lx.
340 2804 384 2831 15.
422 2803 444 2819 "
461 2802 540 2829 llom.
556 2809 582 2835 ν,
602 2800 643 2828 10.
659 2801 681 2816 ⁸⁸
696 2799 793 2829 Matth.
810 2809 847 2834 tt,
867 2801 909 2828 1'2.

249 2897 384 2928 Pt'ruot.
399 2897 455 2927 Gn.
482 2895 527 2925 Cl.
538 2915 548 2924 .

947 2243 1123 2271 misereatur.
1149 2243 1366 2271 Misericordiam
1394 2250 1497 2276 autem,
1524 2250 1551 2271 et
1575 2244 1694 2276 veniam.
1711 2250 1738 2273 tt

947 2289 1030 2316 debiti
1047 2288 1248 2322 dimissionem,
1271 2294 1299 2316 et
1319 2289 1479 2324 hujusmodi
1503 2291 1537 2317 ab
1554 2291 1674 2318 liuuano
1685 2299 1738 2325 pe-

948 2342 1016 2369 tere,
1033 2342 1061 2364 et
1076 2342 1199 2372 petentes
1211 2345 1266 2364 non
1283 2337 1378 2365 vacuis
1393 2337 1520 2365 manibus
1536 2337 1621 2370 abire,
1639 2338 1661 2376 si
1683 2346 1736 2365 non

948 2383 989 2411 l‘as
1005 2388 1047 2411 est
1061 2391 1132 2415 reos,
1148 2391 1218 2419 quos
1233 2383 1340 2411 tandem
1367 2382 1408 2410 l'as
1430 2388 1482 2416 est,
1503 2384 1636 2419 siquidem
1655 2393 1664 2410 ‹
1684 2393 1736 2411 non

947 2435 989 2457 est
1003 2437 1071 2463 opus
1091 2430 1245 2458 valentibus
1268 2430 1384 2458 medicis
1397 2429 1441 2456 ⁸⁵2
1461 2439 1470 2456 ι
1489 2430 1518 2457 Si
1533 2431 1606 2458 enim
1625 2431 1737 2457 omnino

949 2476 1071 2504 moribus
1099 2482 1239 2512 receptum
1268 2482 1321 2510 est,
1351 2477 1476 2505 homines
1494 2477 1527 2504 ad
1545 2477 1628 2504 Deum
1657 2485 1737 2505 voces

949 2523 1168 2550 misericordiam
1187 2523 1329 2551 elicientes
1355 2525 1475 2557 mittere,
1493 2524 1587 2559 utique
1613 2529 1739 2559 peccato-

948 2577 1008 2596 rum
1031 2577 1083 2598 vox
1101 2571 1276 2602 miscrorum,
1288 2575 1315 2598 et
1332 2571 1520 2598 misericordia
1536 2571 1736 2605 diguandorum

949 2623 1001 2642 vox
1018 2620 1070 2643 est.
1099 2616 1282 2651 lmploramus
1307 2621 1396 2644 autem
1424 2617 1509 2644 Deum
1532 2622 1559 2644 et
1586 2617 1690 2651 lingua,
1711 2621 1737 2643 et

951 2667 1051 2695 mente,
1077 2667 1104 2690 et
1133 2663 1361 2698 cogitationibus,
1386 2669 1415 2690 ut
1444 2664 1571 2691 omnibus
1601 2671 1647 2698 per
1676 2672 1738 2698 qua:

954 2707 1138 2743 peccavimus,
1162 2709 1340 2746 pharmacutn
1362 2710 1451 2738 solum
1469 2710 1590 2737 salutare
1609 2709 1738 2736 adhibui-

1539 2894 1578 2926 22
