1967 3071
202 158 251 191 691

832 153 988 184 NICOLAI
1005 153 1201 185 CABASILE

1767 155 1822 187 692

201 216 290 242 odisse
309 218 442 249 oporteat,
456 219 485 240 et
496 213 529 240 de
542 212 642 247 quibus
658 210 748 245 lugere
771 210 858 242 decet,
885 209 987 237 contri-

1049 211 1179 246 ζητῶμεν,
1197 211 1224 238 τί
1237 211 1266 238 τὸ
1279 211 1317 243 ὡς
1329 211 1436 246 ἀληθῶς
1451 209 1588 247 ἀνθρώπῳ
1601 211 1698 240 κακόν.
1716 212 1827 239 Πολλῶν

202 266 300 288 statur.
316 259 417 286 Idcirco
431 265 595 293 quazraurus,
611 256 676 291 quid
696 255 869 285 hominivere
887 255 988 282 malum

201 306 247 333 sit.
265 305 348 332 Multa
376 312 455 339 porro
468 311 530 330 cum
552 303 606 329 sint
620 310 653 330 ac
666 302 784 332 diversa,
803 308 862 335 qua:
875 300 929 328 isto
944 307 991 326 vo-

201 355 298 378 cantur
324 349 522 382 nomine;alia
538 347 648 382 quidem
673 346 781 374 cunctis
808 343 991 374 communiter

201 396 369 426 hominibus.
381 396 432 422 alia
449 402 513 421 vero
525 393 689 429 quibusdam
704 391 888 422 incommoda,
901 390 991 425 gravis

201 449 242 471 est
255 443 350 470 animm
367 441 468 469 malitia
482 445 509 468 et
526 439 624 476 mentis
639 439 760 466 morbus.
781 437 884 464 Etenim
904 441 991 463 astro-

203 496 261 516 tum
295 487 436 518 deiectus,
462 490 614 521 temporum
655 483 847 514 confusioncs,
871 481 990 508 locorum

202 534 371 564 sterilitates.
394 539 474 560 terra:
484 531 643 562 divisiones,
655 534 734 556 terra:
750 533 839 555 motus
853 534 884 554 ac
896 525 990 561 pestis,

186 585 310 616 [egestas
329 584 356 607 et
370 579 491 610 morbus,
506 577 617 612 injuria,
641 583 734 603 carcer
766 579 793 602 et
825 573 949 605 verbera,
962 577 989 600 et

205 627 301 654 horum
320 623 532 658 unumquodque
557 626 644 657 potest
662 622 688 648 in
704 621 793 654 seipse
802 619 911 654 quidem
928 624 989 646 esse

202 671 318 704 malum,
349 669 450 697 homini
480 675 543 695 vero
574 667 685 694 minime
715 665 816 692 malum
847 667 900 691 est.
928 663 992 692 Haec

204 723 321 750 namque
339 714 448 751 quidem
467 713 586 740 exterius
608 715 716 742 vexant,
731 717 782 738 nec
808 710 878 737 ultra
894 716 994 744 corpus

203 767 230 789 ct
245 761 433 798 possessiones
457 759 643 787 extenduntur
662 766 670 785 ι
697 757 777 783 Ιιοιιιο
800 762 864 782 vero
881 762 934 782 non
952 758 995 781 est

205 817 316 843 corpus,
333 813 373 839 ut,
391 807 443 834 hoc
467 806 621 837 Laborante,
647 805 704 839 ipse
722 807 845 839 aegrotet,
871 804 995 835 neque‘a

206 854 309 882 fortiori
335 854 406 886 illis,
421 860 481 890 quae
500 851 607 888 corpori
631 849 784 877 necessaria
802 846 975 882 suppeditant
988 871 996 885 ‘

204 901 311 933 ablatis,
321 902 347 927 in
365 898 532 927 humanitate
544 905 592 924 sua
606 896 663 923 lmdi
681 894 789 930 poterit.
801 893 870 928 Quin
882 893 936 920 into
948 899 997 920 nec

205 945 386 975 multitudinis
398 944 501 980 judicia
516 942 651 970 hominem
667 941 808 976 effingunt,
827 944 857 966 ut
877 940 912 965 sit
923 938 997 965 dete-

205 994 270 1026 rior,
283 993 306 1020 si
318 992 378 1027 quis
393 991 427 1018 de
451 991 509 1025 ipso
528 989 617 1016 minus
633 989 700 1016 bene
726 987 837 1022 iudicat.
849 984 953 1012 Etenim
973 983 994 1010 si

206 1046 369 1074 poneremus
393 1036 477 1068 istud,
497 1039 632 1070 Oper-teret
655 1039 682 1061 et
705 1033 774 1060 male
799 1039 878 1067 agere
901 1038 996 1067 quem-

205 1086 266 1114 dam
288 1089 314 1113 et
328 1091 375 1119 per
394 1090 424 1111 se
436 1083 574 1110 meliorem
588 1087 648 1108 esse
664 1099 671 1113 ,
687 1086 798 1115 pravum
812 1077 920 1114 quidem
934 1083 996 1104 esse

206 1132 288 1160 simul
309 1138 341 1158 ac
363 1130 478 1160 bonum,
497 1128 629 1155 miserum
655 1134 687 1153 ac
712 1125 842 1156 beatum,
860 1122 994 1158 siquidem

207 1179 264 1206 haec
280 1177 336 1210 alii,
357 1176 402 1204 alii
419 1182 485 1204 vero
512 1173 558 1201 illa
575 1173 731 1207 opinantur.
750 1170 778 1197 Si
796 1174 887 1196 autem
908 1169 991 1195 homo

208 1232 271 1253 vere
296 1224 332 1253 sit
356 1223 481 1251 voluntas
509 1224 536 1248 et
556 1220 638 1251 ratio,
663 1217 735 1252 quod
753 1216 821 1244 nihil
838 1215 913 1242 aliud
931 1222 994 1241 cum

207 1279 241 1300 eo
258 1269 451 1301 communicatI
469 1267 522 1295 hoc
542 1266 651 1302 quidem
666 1265 803 1297 virtutem,
832 1261 898 1289 illud
929 1267 995 1288 vero

209 1317 340 1346 malitiam
364 1314 485 1342 hominis
512 1312 649 1347 respicere
670 1314 777 1345 potest;
794 1313 820 1336 et
844 1308 870 1334 in
891 1307 934 1334 his
952 1306 994 1333 in-

209 1361 358 1390 fortunium
377 1364 404 1388 et
414 1359 476 1387 boni
496 1365 585 1386 tnores
596 1356 690 1385 eodem
712 1354 854 1388 redibunt;
867 1356 997 1388 aegrotare

209 1414 236 1438 et
258 1408 325 1436 bene
352 1406 454 1439 valere,
483 1405 509 1432 in
526 1403 674 1439 gemitibus
688 1401 780 1430 vivere
794 1405 821 1427 et
845 1400 871 1427 in
890 1398 997 1426 deliciis

209 1462 281 1486 esse,
295 1453 369 1489 quod
391 1452 419 1479 in
434 1456 580 1487 utramque
605 1453 708 1484 partem
720 1447 844 1474 inclinat.
861 1445 996 1479 Quoniam

210 1505 300 1529 autem
316 1506 393 1527 error
409 1497 521 1526 rationis
546 1500 588 1524 est
610 1494 780 1523 mendacium
796 1491 998 1526 voluntatisque

211 1546 385 1582 perversitas,
408 1543 585 1579 qttmrendum
611 1545 736 1577 superest
757 1546 874 1574 quonam
897 1537 998 1565 indicio

215 1592 361 1621 manifesto
395 1590 538 1624 utriusque
573 1593 771 1623 cognoscamus
798 1591 930 1611 errorem.
959 1582 997 1610 Ex

213 1638 305 1666 inultis
329 1641 418 1664 autem
451 1635 554 1670 ubique
587 1632 707 1660 euntium
743 1630 924 1658 rectissimum
959 1632 1001 1656 est

214 1684 262 1713 Dei
281 1682 433 1718 iudicium;
452 1681 555 1709 bonum
571 1682 661 1706 autem
692 1681 718 1704 et
742 1683 837 1704 verum
857 1679 908 1706 est,
927 1673 999 1708 quod

214 1729 252 1759 illi
280 1726 462 1763 placet,istud
488 1729 579 1752 autem
606 1730 720 1758 pravum
742 1729 774 1748 ac
799 1720 907 1753 falsum,
928 1719 1000 1753 quod

214 1774 338 1811 eiusdem
364 1780 417 1801 non
446 1770 550 1799 obtinet
575 1768 754 1802 suﬂraaium;
778 1771 804 1794 et
823 1766 867 1793 illa
891 1765 1000 1800 quidem

215 1830 276 1857 qua:
298 1820 364 1848 utile
391 1822 486 1848 censet
503 1816 605 1845 homini
626 1815 731 1844 ducere
760 1821 822 1840 vera
845 1817 925 1844 sunt;
941 1818 1001 1847 quae

215 1876 280 1898 vero
306 1867 375 1896 velle
396 1865 485 1899 jubet.
507 1867 580 1892 bona
595 1865 677 1894 sunt;
697 1868 759 1896 quae
775 1864 865 1886 autem
888 1858 930 1885 his
952 1858 1001 1884 ad-

216 1917 374 1944 versantur,
393 1916 486 1939 errore
511 1911 538 1936 et
568 1906 689 1942 nequitia
719 1904 797 1940 plena
820 1908 896 1932 sunt.
929 1903 1002 1930 inter

215 1959 309 1987 divina
333 1963 414 1991 perro
444 1953 565 1986 oracula,
589 1950 713 1986 quadam
745 1957 791 1985 per
823 1948 947 1976 homines
974 1946 1000 1973 in

217 2011 319 2034 terram
354 2003 437 2031 allata
474 2005 559 2031 suntI
585 1999 700 2027 aliorum
730 2001 819 2024 autem
845 1995 903 2030 ipse
929 1993 1000 2020 Deus

217 2052 268 2080 [uit
306 2050 445 2081 nuntius.
475 2047 621 2076 humanam
659 2044 769 2072 indutus
801 2046 943 2074 naturam,
975 2044 1003 2066 et

218 2100 299 2127 homo
321 2094 441 2124 hominis
468 2093 561 2130 lingua
586 2090 697 2127 prepria
722 2087 913 2118 convenientia
928 2094 1003 2113 reve-

217 2145 287 2173 lans.
311 2142 382 2177 Quid
411 2145 502 2168 autem
531 2138 625 2167 utilius
648 2136 801 2171 praeceptis,
825 2139 872 2161 aut
896 2133 1003 2168 dogma-

217 2191 291 2218 tibus
316 2188 406 2215 verius
432 2189 486 2218 est,
510 2185 544 2212 de
567 2183 667 2218 quibus
687 2181 760 2208 Deus
787 2181 844 2215 ipse
863 2179 1003 2213 legislator

1041 257 1131 284 τοίνυν
1148 257 1196 284 καὶ
1222 256 1403 284 παντοδαπῶν
1421 257 1518 288 ὄντων,
1540 257 1559 285 ἃ.
1577 257 1698 293 τοῦνομα
1718 257 1826 294 δέχεται

1041 303 1131 336 τοῦτο,
1148 303 1196 330 καὶ
1211 303 1267 330 τῶν
1289 303 1339 338 μὲν
1354 302 1509 339 ἀνθρώποις
1534 304 1564 331 ὲν
1577 303 1661 338 κοινῷ
1677 304 1757 336 πᾶσι,
1771 304 1826 331 τῶν

1041 350 1063 376 δ’
1079 350 1162 382 ἐνίοις
1179 350 1262 377 ὅντων
1291 350 1441 386 δυσχερῶν,
1460 350 1536 378 οὐδὲν
1551 349 1608 378 οἷον
1631 351 1649 384 ἡ
1663 350 1712 385 τῆς
1737 350 1827 386 ψυχῆς

1042 397 1160 432 πονηρία
1177 398 1224 424 καὶ
1248 396 1278 424 τὺ
1300 396 1350 432 τὴν
1378 396 1491 431 γνώμην
1510 396 1610 423 νοσεῖν.
1629 396 1686 423 Καὶ
1706 397 1760 431 γὰρ
1780 396 1827 423 καὶ

1042 443 1150 478 ἄστρων
1169 443 1270 478 φθοραὶ
1284 442 1333 469 καὶ
1346 442 1425 477 ὡρῶν
1442 441 1552 474 ὀνταξίαι
1572 441 1622 468 καὶ
1641 441 1738 477 χωρῶν
1759 443 1827 476 ἀφο-

1044 489 1101 524 ρίαι
1115 489 1163 515 καὶ
1176 489 1228 523 γῆς
1239 488 1396 520 διαστάσεις
1414 489 1464 517 καὶ
1477 489 1588 522 σεισμοὶ
1604 487 1651 514 καὶ
1664 487 1767 522 λοιμοὶ,
1780 488 1828 513 καὶ

1044 533 1121 565 αὖθις
1132 534 1214 562 πενία
1230 535 1277 562 καὶ
1293 537 1382 566 νόσος,
1402 533 1450 561 καὶ
1466 533 1545 568 ὔῆρις
1571 533 1620 560 καὶ
1637 533 1827 569 δεσμωτήριον

1043 580 1091 606 καὶ
1107 580 1221 614 πληγαὶ,
1235 580 1282 608 καὶ
1293 580 1347 615 τῷν
1367 579 1496 607 τοιούτων
1508 578 1623 607 ἕκαστον
1637 578 1706 605 αὐτὸ.
1725 578 1774 612 μὲν
1795 578 1827 603 ἂν

1044 625 1088 660 εἴη
1101 627 1197 657 κακὸν,
1211 625 1348 661 ἀνθρώπῳ
1369 625 1396 652 δὲ
1412 625 1497 652 κακὸν
1514 624 1651 659 οὐδαμῶς.
1666 623 1760 651 Ταῦτα
1777 623 1828 657 μὲν

1045 672 1098 707 γὰρ
1112 673 1167 702 τοῖς
1187 671 1238 705 ἔξω
1252 671 1426 707 λυμαίνεται,
1449 671 1497 698 καίι
1514 670 1639 706 σώματος
1655 670 1702 696 καὶ
1713 663 1828 704 κτημά-

1044 726 1098 744 των
1113 717 1188 745 οὐδὲν
1205 718 1362 752 περαιτέρω
1376 718 1462 752 χωρεί
1473 724 1480 732 '
1495 718 1508 744 ὁ
1524 717 1552 743 δὲ
1565 717 1709 751 ἄνθρωπος
1723 715 1784 742 οὔτε
1797 715 1830 742 τὸ

1047 763 1128 796 σῶμά.
1141 764 1227 794 ἐστιν,
1245 762 1290 789 ἴνα
1305 762 1446 793 νοσοῦντος
1460 761 1538 791 αὐτὸς
1560 763 1638 796 νοσῇ,
1655 760 1716 787 οὒτε
1736 760 1829 795 πολλῷ

1048 809 1147 842 μᾶλλον
1161 807 1215 834 τῶν
1229 806 1247 834 ὃ.
1261 807 1302 834 δεῖ
1318 807 1356 842 τῷ
1376 807 1481 841 σώματι
1495 806 1697 841 χορηγούντων,
1709 802 1746 832 ὧν
1758 806 1830 840 ἀφῃ-

1051 855 1177 891 ρημένων
1201 855 1241 885 εἰς
1269 853 1352 887 αὐτὴν
1377 852 1528 887 βεϐλάφθαι
1555 852 1605 886 τὴν
1630 851 1829 886 ἁνθρωπότητα

1047 900 1147 935 δεήσει.
1165 898 1216 926 Καὶ
1233 898 1288 933 μὴν
1301 897 1357 924 οὐδ’
1371 898 1398 924 αι
1421 897 1475 924 τῶν
1491 897 1596 923 πολλῶν
1617 897 1703 931 ψῆφοι
1720 896 1765 921 τὸν
1781 895 1829 921 ἇν-

1048 946 1155 981 θρωπον
1188 945 1361 978 πλάττουσιν,
1391 941 1498 979 ὄπωςῇ
1522 943 1630 979 χείρων,
1651 942 1677 969 εἰ
1692 951 1733 973 τις
1763 942 1829 976 περὶ

1046 991 1129 1018 αὑτοῦ
1145 991 1178 1018 τὰ
1202 991 1286 1026 χείρω
1301 989 1442 1024 γινώσκει.
1461 990 1516 1017 Καὶ
1533 989 1588 1024 γὰρ
1613 989 1637 1015 εί
1653 987 1732 1015 τοῦτο
1746 987 1828 1022 Gripo-

1048 1036 1202 1072 μεν,δεήοει
1219 1035 1266 1062 καὶ
1289 1035 1382 1066 κακῶς
1401 1035 1544 1070 πράττειν,
1559 1034 1606 1061 καὶ
1632 1033 1734 1068 βέλτιον
1756 1033 1830 1067 ἔχειν

1046 1082 1106 1108 κατ’
1118 1081 1208 1113 αὑτὸν,
1220 1081 1266 1107 καὶ
1276 1080 1394 1115 πονηρὸν
1406 1080 1454 1115 μὲν
1462 1077 1532 1106 εἷναι
1542 1079 1589 1106 καὶ
1597 1078 1727 1114 χρηστὸν,
1737 1078 1830 1105 ἄθλιον

1046 1127 1074 1154 δὲ
1093 1127 1140 1153 καὶ
1161 1128 1298 1162 μακάριον
1320 1125 1367 1152 τὸν
1388 1125 1480 1157 αὑτὸν,
1502 1124 1576 1151 ἔστιν
1599 1124 1641 1158 ἐφ’
1656 1121 1693 1149 ὧν
1712 1123 1766 1149 τῶν
1781 1123 1830 1157 μὲν

1045 1173 1142 1206 ταῦτα,
1155 1173 1208 1199 ’τῶν
1227 1173 1250 1199 δ’
1267 1173 1359 1198 ὲκεῖνα
1382 1171 1588 1207 ψηφιζομένων.
1609 1169 1640 1196 ΕΙ
1662 1169 1684 1195 δ’
1702 1168 1775 1195 ἐστιν
1792 1168 1831 1200 ὡς

1046 1219 1157 1253 ἀληθῶς
1175 1218 1318 1252 ἅνθρωπος
1340 1218 1357 1252 ὴ
1382 1217 1479 1252 γνώμη
1495 1217 1542 1243 καὶ
1560 1215 1590 1242 τὸ
1609 1214 1776 1249 λογίζεσθαι,
1792 1211 1830 1241 ὦν

1045 1266 1100 1293 τῶν
1117 1266 1203 1292 ἄλλων
1223 1265 1298 1291 οὐδὲν
1314 1264 1389 1299 αὑτῷ
1406 1263 1542 1296 κοινωνεῖ,
1561 1262 1640 1289 τοῦτο
1662 1261 1711 1296 μὲν
1728 1260 1831 1295 ἀρετὴν

1046 1311 1204 1347 ἀνθρώπου,
1225 1311 1305 1338 τοῦτο
1317 1310 1345 1336 δὲ
1363 1310 1462 1336 κακίαν
1478 1308 1591 1335 δύναται
1602 1307 1701 1347 ’φέρειν
1714 1314 1722 1322 ·
1739 1306 1787 1333 καὶ
1800 1305 1832 1331 τὸ

1046 1344 1188 1393 δυστυχεῖν
1205 1357 1238 1384 ἂν
1258 1357 1302 1392 εἴη
1321 1356 1392 1383 κατὰ
1412 1355 1499 1381 ταῦτα
1519 1354 1566 1380 καὶ
1583 1344 1614 1379 τὸ
1633 1352 1765 1387 πράττειν
1780 1360 1831 1377 κι-

1047 1404 1112 1436 λῶς,
1140 1404 1187 1430 καὶ
1202 1403 1232 1430 τὺ
1252 1403 1341 1429 νοσεῖν
1363 1401 1412 1429 καὶ
1432 1403 1462 1428 τὺ
1483 1400 1627 1434 ὑγιαίνειν,
1645 1399 1691 1425 καὶ
1713 1398 1743 1425 τὺ
1770 1398 1833 1424 στέ-

1048 1459 1127 1477 νοντα
1142 1449 1191 1485 ζῇν
1215 1450 1263 1475 καὶ
1279 1448 1309 1474 τὸ
1329 1448 1446 1482 τρυφᾷν,
1468 1437 1503 1473 τᾶ
1521 1447 1571 1481 μὲν
1594 1443 1832 1480 παρατραπὲντων

1049 1497 1172 1528 ἐκείνων,
1195 1495 1230 1522 τὰ
1246 1494 1269 1521 δ’
1287 1495 1317 1521 ἐν
1341 1491 1382 1525 οἷς
1400 1493 1453 1519 ἔδει
1475 1492 1621 1527 μενόντων.
1641 1490 1718 1517 Ἐπεὶ
1734 1489 1763 1516 δὲ
1779 1498 1834 1515 πα-

1010 1558 1033 1590 C
1051 1541 1176 1579 ρατροπὴ
1194 1540 1244 1576 μὲν
1256 1538 1388 1574 λογισμοῦ
1403 1538 1433 1565 τδ
1448 1537 1556 1573 ψεῦδος.
1571 1537 1621 1571 τῆς
1632 1536 1660 1562 δὲ
1675 1535 1788 1571 γνώμης
1802 1536 1833 1562 τὸ

1050 1588 1181 1623 πονηρὸν,
1195 1586 1287 1619 ζητεῖν
1302 1585 1459 1616 ὑπόλοιπον,
1470 1585 1524 1611 τίνι
1538 1583 1625 1618 τούτῳ
1638 1584 1719 1615 σαφεῖ
1730 1590 1833 1616 τεκμη-

1050 1634 1101 1670 ρίῳ
1113 1632 1247 1668 ἑκατέρας
1262 1630 1390 1666 εἰσόμεθα
1405 1630 1453 1664 τὴν
1465 1629 1645 1664 παρατροπήν
1658 1636 1666 1661 ;
1683 1627 1793 1654 Πολλῶν
1804 1628 1833 1654 δὲ

1050 1678 1206 1714 γενομένων
1224 1679 1258 1705 τὸ
1281 1677 1391 1704 πάντων
1410 1676 1576 1702 ἱκανώτατον
1593 1675 1609 1709 ἡ
1633 1673 1723 1710 κρίσις
1747 1673 1831 1700 αὑτοῦ

1051 1726 1098 1753 τοῦ
1117 1725 1197 1758 Θεοῦ,
1222 1724 1269 1751 καὶ
1288 1723 1391 1757 ἀγαθον
1409 1721 1458 1757 μὲν
1468 1722 1514 1747 καὶ
1529 1721 1639 1756 ἀληθὲς,
1657 1721 1725 1755 ὅπερ
1735 1719 1834 1754 ἐκείνῳ

1051 1772 1137 1803 δοκεῖ,
1156 1770 1260 1806 φαῦλον
1272 1769 1301 1796 δὲ
1315 1769 1362 1795 καὶ
1376 1767 1474 1803 ψεῦδος
1488 1767 1502 1794 ὃ
1518 1767 1554 1802 μὴ
1568 1767 1623 1794 τῶν
1636 1766 1741 1793 ἐκεῖθεν
1753 1765 1834 1800 ἔτυχε

1050 1818 1148 1853 ψήφων
1158 1825 1165 1833 ·
1185 1816 1231 1843 καὶ
1246 1815 1264 1842 ἃ.
1280 1815 1328 1850 μὲν
1347 1815 1451 1845 ἐκεῖνος
1472 1813 1618 1847 μανθάνειν
1634 1813 1705 1845 ἀξιοῖ
1727 1812 1772 1838 τὸν
1788 1812 1834 1838 ἄψ

1052 1861 1265 1899 θρωπονλταῖιτ⁹
1277 1860 1378 1895 ἀληθῆ,
1392 1859 1410 1887 ἃ.
1421 1859 1449 1886 δὲ
1461 1859 1604 1894 βούλεσθαι
1618 1858 1737 1890 κελεύει,
1747 1857 1834 1884 ταῦτα

1051 1909 1158 1945 χρηστά
1172 1916 1180 1940 ;
1196 1908 1229 1934 τὰ
1244 1907 1273 1934 δὲ
1292 1905 1400 1937 τούτοις
1412 1905 1583 1939 πολεμοῦντα
1597 1904 1678 1939 γέμει
1695 1904 1745 1938 μὲν
1760 1903 1834 1930 ἀπά-

1051 1965 1112 1991 της,
1127 1955 1208 1990 γέμει
1225 1955 1253 1980 δὲ
1269 1953 1412 1988 πονηρίας.
1430 1952 1491 1978 Τῶν
1512 1951 1542 1978 δὲ
1558 1950 1640 1977 θείων
1655 1946 1797 1986 χρησμῶν
1809 1950 1834 1976 οι

1053 2003 1102 2037 μὲν
1118 2000 1269 2035 ἀνθρώπων
1282 1998 1452 2033 κομιζόντων
1476 1998 1517 2028 εἰς
1530 1996 1578 2032 τὴν
1602 1996 1654 2030 γῆν
1670 1994 1764 2031 ἦλθον,
1779 1995 1835 2022 τῶν

1051 2047 1079 2073 δὲ
1094 2047 1174 2078 αὐτὸς
1188 2044 1222 2080 ἦν
1244 2045 1258 2071 ὁ
1271 2043 1335 2075 Θεὸς
1358 2043 1476 2078 ἄγγελος
1491 2041 1637 2078 ἀνθρώπου
1651 2042 1733 2075 φύσιν
1758 2041 1835 2072 ἐνδὺς

1053 2094 1099 2122 καὶ
1113 2093 1255 2127 ἄνθρωπος
1273 2090 1419 2126 ἀνθρώπου
1446 2090 1522 2124 φωνῇ
1547 2088 1675 2122 συγγενεί
1689 2087 1722 2114 τὰ
1740 2087 1836 2113 δέοντα

1054 2139 1188 2175 μηνύσας.
1207 2138 1240 2164 Τί
1254 2135 1290 2173 ἦν
1311 2137 1328 2173 ἢ
1350 2135 1534 2171 χρηστότερον
1554 2134 1609 2161 τῶν
1633 2133 1836 2169 παραγγελμά-

1052 2194 1106 2212 των
1121 2185 1138 2220 ἢ
1161 2185 1344 2219 ἀληθέστερον
1358 2182 1411 2209 τῶν
1433 2181 1589 2216 δογμάτων,
1608 2178 1651 2214 ἐφ’
1679 2177 1716 2206 ὧν
1730 2180 1744 2205 ὁ
1770 2178 1836 2209 Θεδς

218 2237 270 2265 [ιιι
282 2241 310 2263 et
323 2234 502 2264 introductor,
512 2231 646 2266 siquidem
662 2229 738 2257 solus
750 2233 792 2256 est
807 2226 998 2258 veritas,unus

1055 2230 1136 2260 αὐτὸς
1151 2230 1200 2264 μὲν
1213 2228 1373 2263 νομοθέτης,
1387 2226 1466 2257 αὐτὸς
1485 2225 1512 2252 δὲ
1529 2223 1693 2260 δημαγωγὸς
1706 2221 1752 2256 ἦν,
1769 2223 1796 2249 εῐ
1805 2231 1836 2256 γε

218 2287 310 2310 autem
330 2281 416 2308 bonus
429 2277 442 2304 ?
459 2278 487 2304 Si
510 2277 592 2312 igitur
613 2278 720 2309 oportet
744 2273 849 2302 discere
865 2279 926 2307 qua:
944 2275 1003 2298 tan-

218 2335 300 2362 quam
316 2325 419 2352 erratio
433 2327 538 2351 natura!
553 2329 646 2359 verum
661 2319 800 2347 hominem
819 2318 984 2345 contristant
994 2337 1001 2349 ,

220 2374 262 2401 his
275 2371 414 2399 contraria
427 2376 535 2397 sumere
553 2366 690 2395 convenit.
701 2365 770 2392 illud
782 2365 854 2392 enim
868 2371 931 2391 vere
947 2371 1004 2392 Ina-

219 2420 288 2449 lum.
308 2416 381 2453 quod
399 2419 495 2443 contra
512 2413 677 2442 sententiam
697 2412 776 2439 istam
799 2409 929 2444 insurgit,
943 2416 1005 2443 pra-

219 2473 282 2492 vum
297 2468 388 2491 autem
412 2469 477 2490 cum
491 2461 539 2493 sil,
551 2459 673 2488 naturale
688 2462 730 2486 est
744 2458 808 2486 odio
825 2464 885 2485 esse
905 2457 1005 2491 quibus

220 2512 308 2538 virtus
328 2508 404 2537 cordi
433 2512 485 2540 est,
499 2507 546 2534 illo
563 2506 674 2534 absente
691 2505 852 2536 abhorrere,
873 2507 1005 2537 praesente

220 2565 284 2584 vero
316 2556 417 2591 lugere.
448 2552 626 2581 Contristabit
662 2555 753 2578 autent
791 2549 851 2576 illos
885 2555 1005 2583 praesens

221 2603 400 2636 malum,sive
426 2599 481 2629 cos'
502 2605 592 2627 mente
612 2606 666 2626 non
683 2597 840 2628 destitutos,
857 2596 914 2624 sive
937 2595 1005 2622 alios

221 2649 442 2686 spectet,quibus
455 2648 508 2683 ipsi
522 2647 623 2682 optima
635 2648 848 2679 comprecantur
862 2652 869 2669 :
884 2649 1006 2676 compre-

221 2701 318 2724 cantur
329 2700 421 2723 autem
438 2693 565 2721 omnibus
583 2690 750 2721 hominibus,
769 2694 826 2717 tum
846 2693 874 2715 ut
890 2689 923 2716 ad
938 2688 1006 2715 divi—

221 2751 284 2770 nam
302 2741 432 2770 accedant
455 2737 671 2767 misericordiam
686 2757 695 2768 ,
713 2740 768 2764 tum
792 2735 858 2771 quia
887 2734 1005 2762 divinam

222 2788 335 2822 gloriam
353 2787 451 2820 ubique
476 2785 664 2820 splendentem
686 2783 779 2810 videre
800 2782 929 2816 cupiunt.
943 2780 1007 2808 Ideo

222 2831 308 2858 solum
318 2831 460 2859 molestum
473 2834 514 2858 est
529 2830 556 2857 in
569 2828 678 2856 Christo
689 2828 841 2856 viventibus
852 2831 1006 2862 peccatum,

223 2878 310 2912 primo
325 2878 432 2912 quidem
451 2878 514 2913 quia
532 2883 689 2912 perversum
705 2875 817 2910 esl,ipsi
835 2882 898 2901 vero
924 2873 1008 2900 mori-

1055 2276 1136 2311 μόνος
1153 2275 1202 2310 μὲν
1218 2273 1344 2308 ἀλήθεια,
1358 2273 1437 2307 μόνος
1454 2271 1482 2297 δε
1498 2272 1572 2297 ἐστιν
1587 2270 1710 2304 ἀγαθό;;
1728 2270 1758 2296 El
1780 2269 1837 2294 τοί-

1054 2329 1100 2348 νυν
1127 2320 1180 2355 χρὴ
1203 2319 1310 2354 μαθεῖν.
1330 2317 1348 2344 ἃ.
1373 2316 1538 2352 παρατροπὴ
1566 2316 1617 2350 τῆς
1639 2314 1747 2349 φύσεως
1774 2314 1839 2340 ὂντα

1053 2367 1134 2393 λυπεῖ
1163 2366 1210 2392 τδν
1241 2364 1368 2398 ἀληθινὸν
1392 2362 1546 2397 ἄνθρωπον,
1578 2359 1708 2387 τάναντία
1734 2359 1839 2385 τούτων

1055 2413 1188 2446 προσῆκει
1201 2409 1306 2436 λαϐεῖν.
1328 2409 1433 2435 Ἐκεῖνο
1448 2407 1503 2442 γὰρ
1513 2406 1620 2440 ἀληθῶς
1633 2405 1730 2437 κακὸν,
1743 2405 1756 2431 ὃ
1771 2405 1840 2440 προς

1055 2456 1103 2492 τὴν
1123 2455 1236 2490 γνώμην
1251 2454 1362 2486 ἐκείνην
1375 2454 1498 2483 ἵσταται,
1514 2451 1633 2490 πονηρὸν
1647 2451 1674 2476 δὲ
1687 2449 1716 2476 ὃν
1732 2451 1780 2476 καὶ
1797 2459 1842 2483 μι-

1056 2503 1113 2529 σεῖν
1127 2502 1201 2531 εἰκὸς
1216 2500 1334 2536 ἐμέλησε
1350 2498 1397 2526 τοῦ
1415 2497 1530 2532 ἀγαθοῦ,
1552 2497 1698 2532 μισοῦντας
1711 2496 1740 2522 δὲ
1756 2495 1842 2522 ἀπεύ-

1055 2549 1151 2584 χεσθαι
1167 2548 1216 2583 μὲν
1229 2548 1355 2577 ἀπόντος,
1371 2545 1503 2578 παρόντος
1516 2544 1544 2570 δὲ
1559 2543 1700 2569 ἀνιᾶσθαι.
1714 2542 1841 2576 Λυπήσει

1056 2595 1083 2620 δὲ
1099 2593 1197 2624 αὐτοὺς
1222 2591 1310 2628 παρὸν
1327 2591 1359 2617 τὸ
1385 2589 1514 2624 κακὸν,ἢ
1536 2589 1627 2628 σερίσιν
1652 2589 1727 2614 ἐστὶν
1742 2588 1773 2613 οὐ
1793 2587 1841 2613 νοῦ

1055 2641 1136 2675 λόγου
1162 2625 1393 2675 παρατμαπεῖσιν,
1410 2638 1426 2672 ἢ
1452 2638 1509 2668 τοῖς
1527 2625 1629 2666 ἄλλοις,
1645 2633 1686 2665 οἷς
1711 2635 1789 2660 αὐτοὶ
1807 2634 1841 2659 τὰ

1057 2688 1155 2723 βελτίω
1179 2685 1355 2720 συνεύχονται
1367 2693 1373 2698 ·
1398 2683 1574 2716 συνεύχονται
1592 2681 1620 2708 δὲ
1636 2682 1719 2707 πᾶσιν
1735 2680 1841 2712 ἀνθρώ-

1057 2744 1119 2766 ποις
1135 2733 1173 2768 τῷ
1190 2741 1220 2759 τε
1237 2732 1305 2767 πρδς
1325 2732 1374 2766 τὴν
1400 2729 1477 2756 θείαν
1501 2727 1669 2763 ἀμιλλᾶκῢαι
1687 2727 1841 2761 φιλανθρω-

1058 2782 1134 2813 πίαν,
1156 2779 1194 2814 τῷ
1220 2787 1251 2806 τε
1275 2777 1324 2812 τὴν
1345 2776 1392 2804 τοῦ
1414 2775 1481 2802 Θεοῦ
1505 2774 1583 2807 δόξαν
1609 2773 1755 2807 ἐπιθυμεῖν
1775 2773 1840 2807 ὁρᾷν

1058 2825 1212 2860 ἑκασταχοῦ
1224 2824 1398 2859 λάμπουσαν.
1415 2821 1471 2848 Καὶ
1481 2821 1552 2847 οὓτω
1566 2819 1646 2854 μόνον
1659 2819 1770 2853 ἀνιαρὸν
1786 2819 1841 2849 vi;

1059 2875 1087 2900 ὲν
1104 2872 1213 2901 Χριστῷ
1239 2871 1321 2903 ζῶσιν
1337 2870 1353 2904 ὴ
1371 2868 1506 2905 ἁμαρτία,
1530 2867 1639 2900 πρῶτον
1661 2865 1710 2901 μὲν
1728 2865 1769 2890 ὅτι
1796 2872 1842 2890 πο-
