  <div class='ocr_page' id='page_1' title='image "/cluster/home/n/w/nwhite01/storage/ocr_20150623/150/njp.32101077773180/361.png"; bbox 0 0 1967 3071; ppageno 0'>
   <div class='ocr_carea' id='block_1_1' title="bbox 251 155 304 186">
    <p class='ocr_par' dir='ltr' id='par_1_1' title="bbox 251 155 304 186">
     <span class='ocr_line' id='line_1_1' title="bbox 251 155 304 186; baseline -0.038 -1"><span class='ocrx_word' id='word_1_1' title='bbox 251 155 304 186; x_wconf 67' lang='grc'><strong>695</strong></span> 
     </span>
    </p>
   </div>
   <div class='ocr_carea' id='block_1_2' title="bbox 875 154 1246 185">
    <p class='ocr_par' dir='ltr' id='par_1_2' title="bbox 875 154 1246 185">
     <span class='ocr_line' id='line_1_2' title="bbox 875 154 1246 185; baseline -0.003 0"><span class='ocrx_word' id='word_1_2' title='bbox 875 155 1029 185; x_wconf 84' lang='lat' dir='ltr'><strong>NlCOLAl</strong></span> <span class='ocrx_word' id='word_1_3' title='bbox 1052 154 1246 184; x_wconf 62' lang='lat' dir='ltr'><strong>CABASILIE</strong></span> 
     </span>
    </p>
   </div>
   <div class='ocr_carea' id='block_1_3' title="bbox 1823 153 1870 185">
    <p class='ocr_par' dir='ltr' id='par_1_3' title="bbox 1823 153 1870 185">
     <span class='ocr_line' id='line_1_3' title="bbox 1823 153 1870 185; baseline -0.043 0"><span class='ocrx_word' id='word_1_4' title='bbox 1823 153 1870 185; x_wconf 70' lang='lat'><strong>696</strong></span> 
     </span>
    </p>
   </div>
   <div class='ocr_carea' id='block_1_4' title="bbox 251 208 1037 245">
    <p class='ocr_par' dir='ltr' id='par_1_4' title="bbox 251 209 1037 245">
     <span class='ocr_line' id='line_1_4' title="bbox 251 209 1037 245; baseline 0 -9"><span class='ocrx_word' id='word_1_5' title='bbox 251 211 351 237; x_wconf 73' lang='lat' dir='ltr'><strong>habent</strong></span> <span class='ocrx_word' id='word_1_6' title='bbox 373 216 582 241; x_wconf 80' lang='lat' dir='ltr'><strong>commune;eo</strong></span> <span class='ocrx_word' id='word_1_7' title='bbox 608 209 666 244; x_wconf 75' lang='lat' dir='ltr'><strong>ipso</strong></span> <span class='ocrx_word' id='word_1_8' title='bbox 693 215 783 238; x_wconf 84' lang='lat' dir='ltr'><strong>autem</strong></span> <span class='ocrx_word' id='word_1_9' title='bbox 809 209 883 245; x_wconf 91' lang='lat' dir='ltr'><strong>quod</strong></span> <span class='ocrx_word' id='word_1_10' title='bbox 909 217 924 236; x_wconf 90' lang='lat' dir='ltr'><strong>e</strong></span> <span class='ocrx_word' id='word_1_11' title='bbox 949 209 1037 237; x_wconf 86' lang='lat' dir='ltr'><strong>medio</strong></span> 
     </span>
    </p>
   </div>
   <div class='ocr_carea' id='block_1_5' title="bbox 1090 208 1870 245">
    <p class='ocr_par' dir='ltr' id='par_1_5' title="bbox 1092 208 1870 245">
     <span class='ocr_line' id='line_1_5' title="bbox 1092 208 1870 245; baseline 0 -9"><span class='ocrx_word' id='word_1_12' title='bbox 1092 218 1167 237; x_wconf 83' lang='grc' dir='ltr'>τεται</span> <span class='ocrx_word' id='word_1_13' title='bbox 1184 210 1284 245; x_wconf 83' lang='grc' dir='ltr'>νόμοις,</span> <span class='ocrx_word' id='word_1_14' title='bbox 1300 210 1316 245; x_wconf 81' lang='grc' dir='ltr'>ὴ</span> <span class='ocrx_word' id='word_1_15' title='bbox 1339 209 1404 245; x_wconf 80' lang='grc' dir='ltr'>περὶ</span> <span class='ocrx_word' id='word_1_16' title='bbox 1423 209 1504 236; x_wconf 74' lang='grc' dir='ltr'>αὐτὸν</span> <span class='ocrx_word' id='word_1_17' title='bbox 1517 208 1600 242; x_wconf 74' lang='grc' dir='ltr'>αἰδὼς</span> <span class='ocrx_word' id='word_1_18' title='bbox 1612 208 1736 242; x_wconf 73' lang='grc' dir='ltr'>αὔξεται,</span> <span class='ocrx_word' id='word_1_19' title='bbox 1763 209 1807 236; x_wconf 75' lang='grc' dir='ltr'><strong>τδν</strong></span> <span class='ocrx_word' id='word_1_20' title='bbox 1819 211 1870 236; x_wconf 76' lang='grc' dir='ltr'>ἴσον</span> 
     </span>
    </p>
   </div>
   <div class='ocr_carea' id='block_1_6' title="bbox 251 255 1043 290">
    <p class='ocr_par' dir='ltr' id='par_1_6' title="bbox 251 255 1043 290">
     <span class='ocr_line' id='line_1_6' title="bbox 251 255 1043 290; baseline 0 -8"><span class='ocrx_word' id='word_1_21' title='bbox 251 256 367 287; x_wconf 85' lang='lat' dir='ltr'><strong>tollitur,</strong></span> <span class='ocrx_word' id='word_1_22' title='bbox 384 256 490 283; x_wconf 79' lang='lat' dir='ltr'><strong>cunctis</strong></span> <span class='ocrx_word' id='word_1_23' title='bbox 504 263 563 290; x_wconf 70' lang='lat' dir='ltr'><strong>quae</strong></span> <span class='ocrx_word' id='word_1_24' title='bbox 581 255 726 289; x_wconf 77' lang='lat' dir='ltr'><strong>prohibere</strong></span> <span class='ocrx_word' id='word_1_25' title='bbox 755 261 868 290; x_wconf 87' lang='lat' dir='ltr'><strong>possent</strong></span> <span class='ocrx_word' id='word_1_26' title='bbox 893 256 1043 290; x_wconf 78' lang='lat' dir='ltr'><strong>nequitiam</strong></span> 
     </span>
    </p>
   </div>
   <div class='ocr_carea' id='block_1_7' title="bbox 1091 255 1872 292">
    <p class='ocr_par' dir='ltr' id='par_1_7' title="bbox 1091 255 1872 292">
     <span class='ocr_line' id='line_1_7' title="bbox 1091 255 1872 292; baseline 0 -9"><span class='ocrx_word' id='word_1_27' title='bbox 1091 258 1193 292; x_wconf 84' lang='grc' dir='ltr'>τρόπον</span> <span class='ocrx_word' id='word_1_28' title='bbox 1219 256 1281 288; x_wconf 81' lang='grc' dir='ltr'>τοὺς</span> <span class='ocrx_word' id='word_1_29' title='bbox 1296 256 1351 283; x_wconf 84' lang='grc' dir='ltr'><strong>τῶν</strong></span> <span class='ocrx_word' id='word_1_30' title='bbox 1379 256 1478 291; x_wconf 73' lang='grc' dir='ltr'>λογίων</span> <span class='ocrx_word' id='word_1_31' title='bbox 1503 256 1659 291; x_wconf 76' lang='grc' dir='ltr'>ὑπερόπτας</span> <span class='ocrx_word' id='word_1_32' title='bbox 1683 255 1755 283; x_wconf 81' lang='grc' dir='ltr'>κατὰ</span> <span class='ocrx_word' id='word_1_33' title='bbox 1783 257 1872 291; x_wconf 71' lang='grc' dir='ltr'>μικρὸν</span> 
     </span>
    </p>
   </div>
   <div class='ocr_carea' id='block_1_8' title="bbox 252 301 1037 338">
    <p class='ocr_par' dir='ltr' id='par_1_8' title="bbox 252 301 1037 336">
     <span class='ocr_line' id='line_1_8' title="bbox 252 301 1037 336; baseline -0.003 -7"><span class='ocrx_word' id='word_1_34' title='bbox 252 302 362 334; x_wconf 82' lang='lat' dir='ltr'><strong>ablatis,</strong></span> <span class='ocrx_word' id='word_1_35' title='bbox 375 306 403 329; x_wconf 85' lang='lat' dir='ltr'><strong>et</strong></span> <span class='ocrx_word' id='word_1_36' title='bbox 418 301 522 328; x_wconf 83' lang='lat' dir='ltr'><strong>ratione</strong></span> <span class='ocrx_word' id='word_1_37' title='bbox 543 309 604 336; x_wconf 72' lang='lat' dir='ltr'><strong>qua:</strong></span> <span class='ocrx_word' id='word_1_38' title='bbox 625 302 727 329; x_wconf 86' lang='lat' dir='ltr'><strong>bonum</strong></span> <span class='ocrx_word' id='word_1_39' title='bbox 751 302 855 329; x_wconf 90' lang='lat' dir='ltr'><strong>inducit</strong></span> <span class='ocrx_word' id='word_1_40' title='bbox 869 306 929 336; x_wconf 90' lang='lat' dir='ltr'><strong>post</strong></span> <span class='ocrx_word' id='word_1_41' title='bbox 945 301 1037 328; x_wconf 69' lang='lat' dir='ltr'><strong>multa:</strong></span> 
     </span>
    </p>
   </div>
   <div class='ocr_carea' id='block_1_9' title="bbox 1090 301 1871 338">
    <p class='ocr_par' dir='ltr' id='par_1_9' title="bbox 1095 302 1871 338">
     <span class='ocr_line' id='line_1_9' title="bbox 1095 302 1871 338; baseline 0.001 -10"><span class='ocrx_word' id='word_1_42' title='bbox 1095 303 1244 334; x_wconf 67' lang='grc' dir='ltr'>ἐπιλείπει,</span> <span class='ocrx_word' id='word_1_43' title='bbox 1261 303 1309 330; x_wconf 77' lang='grc' dir='ltr'>καὶ</span> <span class='ocrx_word' id='word_1_44' title='bbox 1327 302 1454 338; x_wconf 78' lang='grc' dir='ltr'><strong>προϊοῦσι</strong></span> <span class='ocrx_word' id='word_1_45' title='bbox 1475 303 1543 338; x_wconf 75' lang='grc' dir='ltr'>πρὸς</span> <span class='ocrx_word' id='word_1_46' title='bbox 1559 303 1589 329; x_wconf 74' lang='grc' dir='ltr'><strong>τὺ</strong></span> <span class='ocrx_word' id='word_1_47' title='bbox 1604 302 1685 329; x_wconf 74' lang='grc' dir='ltr'>καλὸν</span> <span class='ocrx_word' id='word_1_48' title='bbox 1700 302 1780 329; x_wconf 88' lang='grc' dir='ltr'>τοῦτο</span> <span class='ocrx_word' id='word_1_49' title='bbox 1793 302 1871 334; x_wconf 79' lang='grc' dir='ltr'>πάθος</span> 
     </span>
    </p>
   </div>
   <div class='ocr_carea' id='block_1_10' title="bbox 251 346 1045 380">
    <p class='ocr_par' dir='ltr' id='par_1_10' title="bbox 251 346 1045 380">
     <span class='ocr_line' id='line_1_10' title="bbox 251 346 1045 380; baseline -0.001 -6"><span class='ocrx_word' id='word_1_50' title='bbox 251 346 448 374; x_wconf 70' lang='lat' dir='ltr'><strong>refrenationes</strong></span> <span class='ocrx_word' id='word_1_51' title='bbox 473 351 589 378; x_wconf 69' lang='lat' dir='ltr'><strong>tacente,</strong></span> <span class='ocrx_word' id='word_1_52' title='bbox 613 347 684 380; x_wconf 88' lang='lat' dir='ltr'><strong>quod</strong></span> <span class='ocrx_word' id='word_1_53' title='bbox 706 347 731 373; x_wconf 89' lang='lat' dir='ltr'><strong>in</strong></span> <span class='ocrx_word' id='word_1_54' title='bbox 755 346 825 374; x_wconf 85' lang='lat' dir='ltr'><strong>mala</strong></span> <span class='ocrx_word' id='word_1_55' title='bbox 858 351 979 374; x_wconf 77' lang='lat' dir='ltr'><strong>extrema</strong></span> <span class='ocrx_word' id='word_1_56' title='bbox 1006 346 1045 373; x_wconf 83' lang='lat' dir='ltr'><strong>la-</strong></span> 
     </span>
    </p>
   </div>
   <div class='ocr_carea' id='block_1_11' title="bbox 251 392 639 427">
    <p class='ocr_par' dir='ltr' id='par_1_11' title="bbox 251 392 639 427">
     <span class='ocr_line' id='line_1_11' title="bbox 251 392 639 427; baseline 0 -7"><span class='ocrx_word' id='word_1_57' title='bbox 251 394 355 421; x_wconf 88' lang='lat' dir='ltr'><strong>buntur</strong></span> <span class='ocrx_word' id='word_1_58' title='bbox 374 392 453 420; x_wconf 81' lang='lat' dir='ltr'><strong>facile</strong></span> <span class='ocrx_word' id='word_1_59' title='bbox 469 393 639 427; x_wconf 74' lang='lat' dir='ltr'><strong>intelligitur.</strong></span> 
     </span>
    </p>
   </div>
   <div class='ocr_carea' id='block_1_12' title="bbox 1098 346 1872 382">
    <p class='ocr_par' dir='ltr' id='par_1_12' title="bbox 1098 346 1872 382">
     <span class='ocr_line' id='line_1_12' title="bbox 1098 346 1872 382; baseline 0.001 -9"><span class='ocrx_word' id='word_1_60' title='bbox 1098 347 1176 373; x_wconf 78' lang='grc' dir='ltr'>οὐδὲν</span> <span class='ocrx_word' id='word_1_61' title='bbox 1195 347 1294 380; x_wconf 78' lang='grc' dir='ltr'>κοινὸν,</span> <span class='ocrx_word' id='word_1_62' title='bbox 1310 347 1350 382; x_wconf 82' lang='grc' dir='ltr'>τῷ</span> <span class='ocrx_word' id='word_1_63' title='bbox 1376 346 1405 374; x_wconf 79' lang='grc' dir='ltr'>δὲ</span> <span class='ocrx_word' id='word_1_64' title='bbox 1432 347 1536 382; x_wconf 85' lang='grc' dir='ltr'>ταύτην</span> <span class='ocrx_word' id='word_1_65' title='bbox 1569 347 1602 374; x_wconf 73' lang='lat' dir='ltr'><strong>bc</strong></span> <span class='ocrx_word' id='word_1_66' title='bbox 1632 347 1716 382; x_wconf 77' lang='grc' dir='ltr'>μέσου</span> <span class='ocrx_word' id='word_1_67' title='bbox 1740 346 1872 381; x_wconf 70' lang='grc' dir='ltr'>γενέσθαι,</span> 
     </span>
    </p>
   </div>
   <div class='ocr_carea' id='block_1_13' title="bbox 1093 393 1872 430">
    <p class='ocr_par' dir='ltr' id='par_1_13' title="bbox 1093 393 1872 430">
     <span class='ocr_line' id='line_1_13' title="bbox 1093 393 1872 430; baseline -0.001 -10"><span class='ocrx_word' id='word_1_68' title='bbox 1093 393 1204 421; x_wconf 76' lang='grc' dir='ltr'>πάντων</span> <span class='ocrx_word' id='word_1_69' title='bbox 1218 395 1273 421; x_wconf 78' lang='grc' dir='ltr'><strong>τῶν</strong></span> <span class='ocrx_word' id='word_1_70' title='bbox 1289 395 1412 430; x_wconf 68' lang='grc' dir='ltr'>ἐπισχεῖν</span> <span class='ocrx_word' id='word_1_71' title='bbox 1426 394 1459 422; x_wconf 82' lang='grc' dir='ltr'>ἂν</span> <span class='ocrx_word' id='word_1_72' title='bbox 1472 394 1641 429; x_wconf 78' lang='grc' dir='ltr'><strong>δυνηθέντων</strong></span> <span class='ocrx_word' id='word_1_73' title='bbox 1671 393 1721 428; x_wconf 82' lang='grc' dir='ltr'>τὴν</span> <span class='ocrx_word' id='word_1_74' title='bbox 1748 394 1872 428; x_wconf 76' lang='grc' dir='ltr'><strong>πονηρίαν</strong></span> 
     </span>
    </p>
   </div>
   <div class='ocr_carea' id='block_1_14' title="bbox 249 438 1871 476">
    <p class='ocr_par' dir='ltr' id='par_1_14' title="bbox 249 438 1871 476">
     <span class='ocr_line' id='line_1_14' title="bbox 249 438 1871 476; baseline 0 -11"><span class='ocrx_word' id='word_1_75' title='bbox 249 439 442 475; x_wconf 79' lang='grc' dir='ltr'>ἀνῃρημένων,</span> <span class='ocrx_word' id='word_1_76' title='bbox 454 439 503 466; x_wconf 84' lang='grc' dir='ltr'>καὶ</span> <span class='ocrx_word' id='word_1_77' title='bbox 519 439 565 466; x_wconf 84' lang='grc' dir='ltr'><strong>τοῦ</strong></span> <span class='ocrx_word' id='word_1_78' title='bbox 577 439 696 473; x_wconf 63' lang='grc' dir='ltr'>τάγαθὸν</span> <span class='ocrx_word' id='word_1_79' title='bbox 709 440 880 474; x_wconf 63' lang='grc' dir='ltr'>εἳσφέροντος</span> <span class='ocrx_word' id='word_1_80' title='bbox 898 438 1029 474; x_wconf 72' lang='grc' dir='ltr'><strong>λογισμοῦ</strong></span> <span class='ocrx_word' id='word_1_81' title='bbox 1049 439 1087 474; x_wconf 83' lang='grc' dir='ltr'>τῷ</span> <span class='ocrx_word' id='word_1_82' title='bbox 1101 441 1232 472; x_wconf 81' lang='grc' dir='ltr'><strong>πολλάκις</strong></span> <span class='ocrx_word' id='word_1_83' title='bbox 1257 441 1486 476; x_wconf 74' lang='grc' dir='ltr'>ἐπιστομισθῆναι</span> <span class='ocrx_word' id='word_1_84' title='bbox 1505 440 1692 476; x_wconf 72' lang='grc' dir='ltr'>σεσιγηκότος,</span> <span class='ocrx_word' id='word_1_85' title='bbox 1721 440 1765 466; x_wconf 73' lang='grc' dir='ltr'><strong>ἐπ’</strong></span> <span class='ocrx_word' id='word_1_86' title='bbox 1775 439 1871 474; x_wconf 73' lang='grc' dir='ltr'>ἔσχατα</span> 
     </span>
    </p>
   </div>
   <div class='ocr_carea' id='block_1_15' title="bbox 249 486 875 522">
    <p class='ocr_par' dir='ltr' id='par_1_15' title="bbox 249 486 875 522">
     <span class='ocr_line' id='line_1_15' title="bbox 249 486 875 522; baseline 0 -10"><span class='ocrx_word' id='word_1_87' title='bbox 249 487 349 522; x_wconf 78' lang='grc' dir='ltr'><strong>χωρεῖν</strong></span> <span class='ocrx_word' id='word_1_88' title='bbox 365 487 463 519; x_wconf 75' lang='grc' dir='ltr'>αὐτοὺς</span> <span class='ocrx_word' id='word_1_89' title='bbox 473 487 528 514; x_wconf 76' lang='grc' dir='ltr'><strong>τῶν</strong></span> <span class='ocrx_word' id='word_1_90' title='bbox 543 487 646 519; x_wconf 83' lang='grc' dir='ltr'>κακῶν,</span> <span class='ocrx_word' id='word_1_91' title='bbox 660 486 735 513; x_wconf 74' lang='grc' dir='ltr'>οὐδὲν</span> <span class='ocrx_word' id='word_1_92' title='bbox 747 486 875 521; x_wconf 81' lang='grc' dir='ltr'>χαλεπόν.</span> 
     </span>
    </p>
   </div>
   <div class='ocr_carea' id='block_1_16' title="bbox 285 534 1038 569">
    <p class='ocr_par' dir='ltr' id='par_1_16' title="bbox 285 534 1038 569">
     <span class='ocr_line' id='line_1_16' title="bbox 285 534 1038 569; baseline -0.001 -8"><span class='ocrx_word' id='word_1_93' title='bbox 285 534 431 569; x_wconf 74' lang='lat' dir='ltr'><strong>Propterea</strong></span> <span class='ocrx_word' id='word_1_94' title='bbox 461 535 672 562; x_wconf 84' lang='lat' dir='ltr'><strong>sollicitudinem</strong></span> <span class='ocrx_word' id='word_1_95' title='bbox 703 534 755 561; x_wconf 75' lang='lat' dir='ltr'><strong>viri</strong></span> <span class='ocrx_word' id='word_1_96' title='bbox 790 534 866 569; x_wconf 80' lang='lat' dir='ltr'><strong>probi</strong></span> <span class='ocrx_word' id='word_1_97' title='bbox 900 534 1038 565; x_wconf 85' lang='lat' dir='ltr'><strong>retinent,</strong></span> 
     </span>
    </p>
   </div>
   <div class='ocr_carea' id='block_1_17' title="bbox 249 580 1038 612">
    <p class='ocr_par' dir='ltr' id='par_1_17' title="bbox 249 580 1038 612">
     <span class='ocr_line' id='line_1_17' title="bbox 249 580 1038 612; baseline -0.003 -4"><span class='ocrx_word' id='word_1_98' title='bbox 249 586 275 608; x_wconf 86' lang='lat' dir='ltr'><strong>et</strong></span> <span class='ocrx_word' id='word_1_99' title='bbox 290 581 421 608; x_wconf 82' lang='lat' dir='ltr'><strong>adversus</strong></span> <span class='ocrx_word' id='word_1_100' title='bbox 439 581 557 608; x_wconf 85' lang='lat' dir='ltr'><strong>radicem</strong></span> <span class='ocrx_word' id='word_1_101' title='bbox 583 581 717 608; x_wconf 87' lang='lat' dir='ltr'><strong>malorum</strong></span> <span class='ocrx_word' id='word_1_102' title='bbox 734 581 768 608; x_wconf 89' lang='lat' dir='ltr'><strong>ab</strong></span> <span class='ocrx_word' id='word_1_103' title='bbox 793 580 871 607; x_wconf 90' lang='lat' dir='ltr'><strong>initio</strong></span> <span class='ocrx_word' id='word_1_104' title='bbox 897 581 1038 612; x_wconf 85' lang='lat' dir='ltr'><strong>resistunt,</strong></span> 
     </span>
    </p>
   </div>
   <div class='ocr_carea' id='block_1_18' title="bbox 250 626 1036 662">
    <p class='ocr_par' dir='ltr' id='par_1_18' title="bbox 250 626 1036 662">
     <span class='ocr_line' id='line_1_18' title="bbox 250 626 1036 662; baseline -0.005 -6"><span class='ocrx_word' id='word_1_105' title='bbox 250 635 264 656; x_wconf 77' lang='grc' dir='ltr'>ι</span> <span class='ocrx_word' id='word_1_106' title='bbox 282 628 355 662; x_wconf 84' lang='lat' dir='ltr'><strong>lique</strong></span> <span class='ocrx_word' id='word_1_107' title='bbox 366 628 420 654; x_wconf 87' lang='lat' dir='ltr'><strong>Deo</strong></span> <span class='ocrx_word' id='word_1_108' title='bbox 431 635 478 655; x_wconf 88' lang='lat' dir='ltr'><strong>cor</strong></span> <span class='ocrx_word' id='word_1_109' title='bbox 489 628 656 659; x_wconf 90' lang='lat' dir='ltr'><strong>custodiunt,</strong></span> <span class='ocrx_word' id='word_1_110' title='bbox 669 632 798 662; x_wconf 82' lang='lat' dir='ltr'><strong>tanquam</strong></span> <span class='ocrx_word' id='word_1_111' title='bbox 813 627 886 654; x_wconf 80' lang='lat' dir='ltr'><strong>aliud</strong></span> <span class='ocrx_word' id='word_1_112' title='bbox 900 626 1036 661; x_wconf 77' lang='lat' dir='ltr'><strong>quoddam</strong></span> 
     </span>
    </p>
   </div>
   <div class='ocr_carea' id='block_1_19' title="bbox 250 673 1040 709">
    <p class='ocr_par' dir='ltr' id='par_1_19' title="bbox 250 673 1040 709">
     <span class='ocr_line' id='line_1_19' title="bbox 250 673 1040 709; baseline -0.001 -8"><span class='ocrx_word' id='word_1_113' title='bbox 250 675 362 709; x_wconf 73' lang='lat' dir='ltr'><strong>adytum</strong></span> <span class='ocrx_word' id='word_1_114' title='bbox 380 675 540 701; x_wconf 85' lang='lat' dir='ltr'><strong>memoriam</strong></span> <span class='ocrx_word' id='word_1_115' title='bbox 557 674 608 709; x_wconf 89' lang='lat' dir='ltr'><strong>ipsi</strong></span> <span class='ocrx_word' id='word_1_116' title='bbox 622 674 779 708; x_wconf 70' lang='lat' dir='ltr'><strong>seligentes.</strong></span> <span class='ocrx_word' id='word_1_117' title='bbox 796 673 892 700; x_wconf 85' lang='lat' dir='ltr'><strong>Sciunt</strong></span> <span class='ocrx_word' id='word_1_118' title='bbox 906 673 977 700; x_wconf 90' lang='lat' dir='ltr'><strong>enim</strong></span> <span class='ocrx_word' id='word_1_119' title='bbox 993 680 1040 700; x_wconf 86' lang='lat' dir='ltr'><strong>sa-</strong></span> 
     </span>
    </p>
   </div>
   <div class='ocr_carea' id='block_1_20' title="bbox 250 718 1040 753">
    <p class='ocr_par' dir='ltr' id='par_1_20' title="bbox 250 718 1040 753">
     <span class='ocr_line' id='line_1_20' title="bbox 250 718 1040 753; baseline -0.004 -6"><span class='ocrx_word' id='word_1_120' title='bbox 250 727 360 747; x_wconf 87' lang='lat' dir='ltr'><strong>crarum</strong></span> <span class='ocrx_word' id='word_1_121' title='bbox 380 719 478 747; x_wconf 61' lang='lat' dir='ltr'><strong>aedium</strong></span> <span class='ocrx_word' id='word_1_122' title='bbox 506 721 650 753; x_wconf 86' lang='lat' dir='ltr'><strong>plerasque</strong></span> <span class='ocrx_word' id='word_1_123' title='bbox 675 727 709 746; x_wconf 90' lang='lat' dir='ltr'><strong>ne</strong></span> <span class='ocrx_word' id='word_1_124' title='bbox 728 723 839 753; x_wconf 79' lang='lat' dir='ltr'><strong>tangere</strong></span> <span class='ocrx_word' id='word_1_125' title='bbox 854 718 963 753; x_wconf 85' lang='lat' dir='ltr'><strong>quidem</strong></span> <span class='ocrx_word' id='word_1_126' title='bbox 981 718 1040 744; x_wconf 87' lang='lat' dir='ltr'><strong>lici-</strong></span> 
     </span>
    </p>
   </div>
   <div class='ocr_carea' id='block_1_21' title="bbox 250 762 1039 800">
    <p class='ocr_par' dir='ltr' id='par_1_21' title="bbox 250 762 1039 800">
     <span class='ocr_line' id='line_1_21' title="bbox 250 762 1039 800; baseline -0.003 -8"><span class='ocrx_word' id='word_1_127' title='bbox 250 770 320 797; x_wconf 88' lang='lat' dir='ltr'><strong>tum,</strong></span> <span class='ocrx_word' id='word_1_128' title='bbox 334 773 366 793; x_wconf 88' lang='lat' dir='ltr'><strong>ac</strong></span> <span class='ocrx_word' id='word_1_129' title='bbox 376 765 535 800; x_wconf 85' lang='lat' dir='ltr'><strong>supellectili</strong></span> <span class='ocrx_word' id='word_1_130' title='bbox 560 765 682 799; x_wconf 85' lang='lat' dir='ltr'><strong>velisque</strong></span> <span class='ocrx_word' id='word_1_131' title='bbox 717 764 886 791; x_wconf 71' lang='lat' dir='ltr'><strong>consecratis</strong></span> <span class='ocrx_word' id='word_1_132' title='bbox 910 764 943 790; x_wconf 91' lang='lat' dir='ltr'><strong>ad</strong></span> <span class='ocrx_word' id='word_1_133' title='bbox 965 762 1039 790; x_wconf 88' lang='lat' dir='ltr'><strong>aliud</strong></span> 
     </span>
    </p>
   </div>
   <div class='ocr_carea' id='block_1_22' title="bbox 251 809 1041 845">
    <p class='ocr_par' dir='ltr' id='par_1_22' title="bbox 251 809 1041 845">
     <span class='ocr_line' id='line_1_22' title="bbox 251 809 1041 845; baseline -0.003 -7"><span class='ocrx_word' id='word_1_134' title='bbox 251 811 316 845; x_wconf 85' lang='lat' dir='ltr'><strong>quid</strong></span> <span class='ocrx_word' id='word_1_135' title='bbox 334 811 370 838; x_wconf 92' lang='lat' dir='ltr'><strong>uti</strong></span> <span class='ocrx_word' id='word_1_136' title='bbox 390 813 430 838; x_wconf 84' lang='lat' dir='ltr'><strong>l‘as</strong></span> <span class='ocrx_word' id='word_1_137' title='bbox 447 818 499 839; x_wconf 85' lang='lat' dir='ltr'><strong>non</strong></span> <span class='ocrx_word' id='word_1_138' title='bbox 511 814 582 842; x_wconf 60' lang='lat' dir='ltr'><strong>asc,</strong></span> <span class='ocrx_word' id='word_1_139' title='bbox 595 810 692 837; x_wconf 81' lang='lat' dir='ltr'><strong>anime</strong></span> <span class='ocrx_word' id='word_1_140' title='bbox 714 818 779 838; x_wconf 86' lang='lat' dir='ltr'><strong>vero</strong></span> <span class='ocrx_word' id='word_1_141' title='bbox 794 810 848 837; x_wconf 89' lang='lat' dir='ltr'><strong>Deo</strong></span> <span class='ocrx_word' id='word_1_142' title='bbox 863 809 1041 837; x_wconf 59' lang='lat' dir='ltr'><strong>sanctiﬁcata;</strong></span> 
     </span>
    </p>
   </div>
   <div class='ocr_carea' id='block_1_23' title="bbox 252 855 1041 891">
    <p class='ocr_par' dir='ltr' id='par_1_23' title="bbox 252 855 1041 891">
     <span class='ocr_line' id='line_1_23' title="bbox 252 855 1041 891; baseline -0.001 -8"><span class='ocrx_word' id='word_1_143' title='bbox 252 857 355 884; x_wconf 76' lang='lat' dir='ltr'><strong>nullout</strong></span> <span class='ocrx_word' id='word_1_144' title='bbox 375 864 424 891; x_wconf 90' lang='lat' dir='ltr'><strong>par</strong></span> <span class='ocrx_word' id='word_1_145' title='bbox 445 864 506 884; x_wconf 87' lang='lat' dir='ltr'><strong>esse</strong></span> <span class='ocrx_word' id='word_1_146' title='bbox 528 856 689 888; x_wconf 84' lang='lat' dir='ltr'><strong>sacrarium,</strong></span> <span class='ocrx_word' id='word_1_147' title='bbox 710 856 783 883; x_wconf 83' lang='lat' dir='ltr'><strong>unde</strong></span> <span class='ocrx_word' id='word_1_148' title='bbox 805 860 930 890; x_wconf 79' lang='lat' dir='ltr'><strong>oporteat</strong></span> <span class='ocrx_word' id='word_1_149' title='bbox 954 855 1041 882; x_wconf 87' lang='lat' dir='ltr'><strong>multo</strong></span> 
     </span>
    </p>
   </div>
   <div class='ocr_carea' id='block_1_24' title="bbox 251 888 1077 937">
    <p class='ocr_par' dir='ltr' id='par_1_24' title="bbox 251 888 1077 937">
     <span class='ocr_line' id='line_1_24' title="bbox 251 888 1077 937; baseline -0.002 -7"><span class='ocrx_word' id='word_1_150' title='bbox 251 903 339 937; x_wconf 77' lang='lat' dir='ltr'><strong>magis</strong></span> <span class='ocrx_word' id='word_1_151' title='bbox 357 888 468 937; x_wconf 79' lang='lat' dir='ltr'><strong>adytum</strong></span> <span class='ocrx_word' id='word_1_152' title='bbox 488 910 549 930; x_wconf 71' lang='lat' dir='ltr'><strong>esse</strong></span> <span class='ocrx_word' id='word_1_153' title='bbox 567 902 772 936; x_wconf 83' lang='lat' dir='ltr'><strong>impenetrabile</strong></span> <span class='ocrx_word' id='word_1_154' title='bbox 793 888 973 930; x_wconf 70' lang='lat' dir='ltr'><strong>vendentibus</strong></span> <span class='ocrx_word' id='word_1_155' title='bbox 998 906 1037 928; x_wconf 43' lang='lat' dir='ltr'><strong>at‘</strong></span> <span class='ocrx_word' id='word_1_156' title='bbox 1054 888 1077 918; x_wconf 68' lang='grc' dir='ltr'><strong>Β</strong></span> 
     </span>
    </p>
   </div>
   <div class='ocr_carea' id='block_1_25' title="bbox 250 948 1038 984">
    <p class='ocr_par' dir='ltr' id='par_1_25' title="bbox 250 948 1038 984">
     <span class='ocr_line' id='line_1_25' title="bbox 250 948 1038 984; baseline -0.001 -9"><span class='ocrx_word' id='word_1_157' title='bbox 250 958 305 984; x_wconf 82' lang='lat' dir='ltr'><strong>que</strong></span> <span class='ocrx_word' id='word_1_158' title='bbox 334 949 500 980; x_wconf 82' lang='lat' dir='ltr'><strong>ementibus.</strong></span> <span class='ocrx_word' id='word_1_159' title='bbox 531 956 635 976; x_wconf 86' lang='lat' dir='ltr'><strong>necnon</strong></span> <span class='ocrx_word' id='word_1_160' title='bbox 653 949 756 976; x_wconf 79' lang='lat' dir='ltr'><strong>mensis</strong></span> <span class='ocrx_word' id='word_1_161' title='bbox 775 953 801 976; x_wconf 82' lang='lat' dir='ltr'><strong>et</strong></span> <span class='ocrx_word' id='word_1_162' title='bbox 824 948 960 976; x_wconf 79' lang='lat' dir='ltr'><strong>cathedris</strong></span> <span class='ocrx_word' id='word_1_163' title='bbox 972 955 1038 974; x_wconf 89' lang='lat' dir='ltr'><strong>ven-</strong></span> 
     </span>
    </p>
   </div>
   <div class='ocr_carea' id='block_1_26' title="bbox 251 992 1035 1021">
    <p class='ocr_par' dir='ltr' id='par_1_26' title="bbox 251 992 1035 1021">
     <span class='ocr_line' id='line_1_26' title="bbox 251 992 1035 1021; baseline -0.006 0"><span class='ocrx_word' id='word_1_164' title='bbox 251 994 376 1021; x_wconf 80' lang='lat' dir='ltr'><strong>dentium</strong></span> <span class='ocrx_word' id='word_1_165' title='bbox 404 993 547 1021; x_wconf 83' lang='lat' dir='ltr'><strong>columbas</strong></span> <span class='ocrx_word' id='word_1_166' title='bbox 572 1001 604 1020; x_wconf 90' lang='lat' dir='ltr'><strong>ac</strong></span> <span class='ocrx_word' id='word_1_167' title='bbox 621 992 758 1020; x_wconf 77' lang='lat' dir='ltr'><strong>similibus</strong></span> <span class='ocrx_word' id='word_1_168' title='bbox 786 993 934 1020; x_wconf 89' lang='lat' dir='ltr'><strong>immunem</strong></span> <span class='ocrx_word' id='word_1_169' title='bbox 963 998 1035 1018; x_wconf 76' lang='lat' dir='ltr'><strong>esse.</strong></span> 
     </span>
    </p>
   </div>
   <div class='ocr_carea' id='block_1_27' title="bbox 253 1037 1038 1073">
    <p class='ocr_par' dir='ltr' id='par_1_27' title="bbox 253 1037 1038 1073">
     <span class='ocr_line' id='line_1_27' title="bbox 253 1037 1038 1073; baseline -0.004 -6"><span class='ocrx_word' id='word_1_170' title='bbox 253 1041 281 1068; x_wconf 89' lang='lat' dir='ltr'><strong>Si</strong></span> <span class='ocrx_word' id='word_1_171' title='bbox 308 1040 379 1067; x_wconf 87' lang='lat' dir='ltr'><strong>ettim</strong></span> <span class='ocrx_word' id='word_1_172' title='bbox 403 1039 536 1067; x_wconf 85' lang='lat' dir='ltr'><strong>orationis</strong></span> <span class='ocrx_word' id='word_1_173' title='bbox 557 1039 668 1067; x_wconf 88' lang='lat' dir='ltr'><strong>domum</strong></span> <span class='ocrx_word' id='word_1_174' title='bbox 687 1038 728 1066; x_wconf 78' lang='lat' dir='ltr'><strong>sic</strong></span> <span class='ocrx_word' id='word_1_175' title='bbox 746 1046 807 1066; x_wconf 87' lang='lat' dir='ltr'><strong>esse</strong></span> <span class='ocrx_word' id='word_1_176' title='bbox 829 1042 951 1073; x_wconf 84' lang='lat' dir='ltr'><strong>oportet,</strong></span> <span class='ocrx_word' id='word_1_177' title='bbox 973 1037 1038 1072; x_wconf 89' lang='lat' dir='ltr'><strong>qttid</strong></span> 
     </span>
    </p>
   </div>
   <div class='ocr_carea' id='block_1_28' title="bbox 254 1083 1039 1121">
    <p class='ocr_par' dir='ltr' id='par_1_28' title="bbox 254 1083 1039 1121">
     <span class='ocr_line' id='line_1_28' title="bbox 254 1083 1039 1121; baseline -0.004 -8"><span class='ocrx_word' id='word_1_178' title='bbox 254 1087 404 1121; x_wconf 88' lang='lat' dir='ltr'><strong>putandum</strong></span> <span class='ocrx_word' id='word_1_179' title='bbox 420 1091 461 1113; x_wconf 85' lang='lat' dir='ltr'><strong>est</strong></span> <span class='ocrx_word' id='word_1_180' title='bbox 474 1086 507 1113; x_wconf 83' lang='lat' dir='ltr'><strong>de</strong></span> <span class='ocrx_word' id='word_1_181' title='bbox 523 1086 582 1120; x_wconf 88' lang='lat' dir='ltr'><strong>ipso</strong></span> <span class='ocrx_word' id='word_1_182' title='bbox 599 1090 706 1118; x_wconf 86' lang='lat' dir='ltr'><strong>orante,</strong></span> <span class='ocrx_word' id='word_1_183' title='bbox 724 1089 835 1120; x_wconf 80' lang='lat' dir='ltr'><strong>propter</strong></span> <span class='ocrx_word' id='word_1_184' title='bbox 851 1092 930 1118; x_wconf 84' lang='lat' dir='ltr'><strong>quem</strong></span> <span class='ocrx_word' id='word_1_185' title='bbox 949 1083 1039 1110; x_wconf 88' lang='lat' dir='ltr'><strong>locutn</strong></span> 
     </span>
    </p>
   </div>
   <div class='ocr_carea' id='block_1_29' title="bbox 252 1129 1038 1160">
    <p class='ocr_par' dir='ltr' id='par_1_29' title="bbox 252 1129 1038 1160">
     <span class='ocr_line' id='line_1_29' title="bbox 252 1129 1038 1160; baseline -0.005 0"><span class='ocrx_word' id='word_1_186' title='bbox 252 1133 335 1160; x_wconf 82' lang='lat' dir='ltr'><strong>istum</strong></span> <span class='ocrx_word' id='word_1_187' title='bbox 360 1132 438 1159; x_wconf 88' lang='lat' dir='ltr'><strong>turba</strong></span> <span class='ocrx_word' id='word_1_188' title='bbox 460 1139 575 1159; x_wconf 88' lang='lat' dir='ltr'><strong>vacuum</strong></span> <span class='ocrx_word' id='word_1_189' title='bbox 594 1139 655 1158; x_wconf 63' lang='lat' dir='ltr'><strong>esste</strong></span> <span class='ocrx_word' id='word_1_190' title='bbox 678 1130 829 1159; x_wconf 84' lang='lat' dir='ltr'><strong>convenit?</strong></span> <span class='ocrx_word' id='word_1_191' title='bbox 853 1129 886 1157; x_wconf 85' lang='lat' dir='ltr'><strong>Et</strong></span> <span class='ocrx_word' id='word_1_192' title='bbox 903 1137 967 1156; x_wconf 90' lang='lat' dir='ltr'><strong>vero</strong></span> <span class='ocrx_word' id='word_1_193' title='bbox 985 1137 1038 1156; x_wconf 89' lang='lat' dir='ltr'><strong>non</strong></span> 
     </span>
    </p>
   </div>
   <div class='ocr_carea' id='block_1_30' title="bbox 252 1175 1038 1213">
    <p class='ocr_par' dir='ltr' id='par_1_30' title="bbox 252 1175 1038 1213">
     <span class='ocr_line' id='line_1_30' title="bbox 252 1175 1038 1213; baseline -0.005 -9"><span class='ocrx_word' id='word_1_194' title='bbox 252 1186 302 1213; x_wconf 90' lang='lat' dir='ltr'><strong>pro</strong></span> <span class='ocrx_word' id='word_1_195' title='bbox 316 1183 437 1212; x_wconf 87' lang='lat' dir='ltr'><strong>tempore</strong></span> <span class='ocrx_word' id='word_1_196' title='bbox 450 1178 581 1205; x_wconf 89' lang='lat' dir='ltr'><strong>continuo</strong></span> <span class='ocrx_word' id='word_1_197' title='bbox 598 1184 696 1204; x_wconf 87' lang='lat' dir='ltr'><strong>nomen</strong></span> <span class='ocrx_word' id='word_1_198' title='bbox 712 1181 771 1203; x_wconf 88' lang='lat' dir='ltr'><strong>erat</strong></span> <span class='ocrx_word' id='word_1_199' title='bbox 784 1175 890 1207; x_wconf 78' lang='lat' dir='ltr'><strong>cllicax,</strong></span> <span class='ocrx_word' id='word_1_200' title='bbox 907 1183 957 1202; x_wconf 77' lang='lat' dir='ltr'><strong>nec</strong></span> <span class='ocrx_word' id='word_1_201' title='bbox 966 1183 1038 1202; x_wconf 84' lang='lat' dir='ltr'><strong>selu-</strong></span> 
     </span>
    </p>
   </div>
   <div class='ocr_carea' id='block_1_31' title="bbox 255 1220 1039 1259">
    <p class='ocr_par' dir='ltr' id='par_1_31' title="bbox 255 1220 1039 1259">
     <span class='ocr_line' id='line_1_31' title="bbox 255 1220 1039 1259; baseline -0.004 -8"><span class='ocrx_word' id='word_1_202' title='bbox 255 1232 302 1259; x_wconf 90' lang='lat' dir='ltr'><strong>per</strong></span> <span class='ocrx_word' id='word_1_203' title='bbox 327 1229 386 1251; x_wconf 79' lang='lat' dir='ltr'><strong>crat</strong></span> <span class='ocrx_word' id='word_1_204' title='bbox 407 1223 541 1250; x_wconf 88' lang='lat' dir='ltr'><strong>orationis</strong></span> <span class='ocrx_word' id='word_1_205' title='bbox 563 1223 678 1255; x_wconf 84' lang='lat' dir='ltr'><strong>domus,</strong></span> <span class='ocrx_word' id='word_1_206' title='bbox 695 1221 842 1256; x_wconf 78' lang='lat' dir='ltr'><strong>aliquando</strong></span> <span class='ocrx_word' id='word_1_207' title='bbox 862 1220 1039 1255; x_wconf 84' lang='lat' dir='ltr'><strong>precantibus</strong></span> 
     </span>
    </p>
   </div>
   <div class='ocr_carea' id='block_1_32' title="bbox 253 1266 1038 1297">
    <p class='ocr_par' dir='ltr' id='par_1_32' title="bbox 253 1266 1038 1297">
     <span class='ocr_line' id='line_1_32' title="bbox 253 1266 1038 1297; baseline -0.004 -2"><span class='ocrx_word' id='word_1_208' title='bbox 253 1277 339 1296; x_wconf 83' lang='lat' dir='ltr'><strong>vacua</strong></span> <span class='ocrx_word' id='word_1_209' title='bbox 356 1278 363 1297; x_wconf 85' lang='lat'><strong>:</strong></span> <span class='ocrx_word' id='word_1_210' title='bbox 385 1274 413 1296; x_wconf 87' lang='lat' dir='ltr'><strong>ut</strong></span> <span class='ocrx_word' id='word_1_211' title='bbox 426 1268 573 1296; x_wconf 83' lang='lat' dir='ltr'><strong>Christiani</strong></span> <span class='ocrx_word' id='word_1_212' title='bbox 595 1272 686 1295; x_wconf 88' lang='lat' dir='ltr'><strong>autetn</strong></span> <span class='ocrx_word' id='word_1_213' title='bbox 712 1267 758 1294; x_wconf 90' lang='lat' dir='ltr'><strong>Dei</strong></span> <span class='ocrx_word' id='word_1_214' title='bbox 777 1266 975 1294; x_wconf 86' lang='lat' dir='ltr'><strong>consociatioui</strong></span> <span class='ocrx_word' id='word_1_215' title='bbox 996 1266 1038 1293; x_wconf 89' lang='lat' dir='ltr'><strong>in-</strong></span> 
     </span>
    </p>
   </div>
   <div class='ocr_carea' id='block_1_33' title="bbox 252 1312 1038 1348">
    <p class='ocr_par' dir='ltr' id='par_1_33' title="bbox 252 1312 1038 1348">
     <span class='ocr_line' id='line_1_33' title="bbox 252 1312 1038 1348; baseline -0.005 -6"><span class='ocrx_word' id='word_1_216' title='bbox 252 1315 370 1342; x_wconf 75' lang='lat' dir='ltr'><strong>ltsereztut</strong></span> <span class='ocrx_word' id='word_1_217' title='bbox 385 1321 432 1348; x_wconf 86' lang='lat' dir='ltr'><strong>per</strong></span> <span class='ocrx_word' id='word_1_218' title='bbox 447 1321 528 1340; x_wconf 89' lang='lat' dir='ltr'><strong>omne</strong></span> <span class='ocrx_word' id='word_1_219' title='bbox 542 1317 648 1348; x_wconf 79' lang='lat' dir='ltr'><strong>tempus</strong></span> <span class='ocrx_word' id='word_1_220' title='bbox 674 1312 860 1340; x_wconf 82' lang='lat' dir='ltr'><strong>indesinenter</strong></span> <span class='ocrx_word' id='word_1_221' title='bbox 885 1316 1038 1346; x_wconf 80' lang='lat' dir='ltr'><strong>precantes,</strong></span> 
     </span>
    </p>
   </div>
   <div class='ocr_carea' id='block_1_34' title="bbox 251 1357 1037 1394">
    <p class='ocr_par' dir='ltr' id='par_1_34' title="bbox 251 1357 1037 1394">
     <span class='ocr_line' id='line_1_34' title="bbox 251 1357 1037 1394; baseline -0.005 -7"><span class='ocrx_word' id='word_1_222' title='bbox 251 1360 328 1388; x_wconf 85' lang='lat' dir='ltr'><strong>Pauli</strong></span> <span class='ocrx_word' id='word_1_223' title='bbox 345 1361 386 1387; x_wconf 81' lang='lat' dir='ltr'><strong>lex</strong></span> <span class='ocrx_word' id='word_1_224' title='bbox 402 1359 489 1394; x_wconf 83' lang='lat' dir='ltr'><strong>jubet.</strong></span> <span class='ocrx_word' id='word_1_225' title='bbox 507 1357 564 1386; x_wconf 87' lang='lat' dir='ltr'><strong>lloc</strong></span> <span class='ocrx_word' id='word_1_226' title='bbox 582 1363 671 1385; x_wconf 88' lang='lat' dir='ltr'><strong>autem</strong></span> <span class='ocrx_word' id='word_1_227' title='bbox 688 1365 798 1392; x_wconf 89' lang='lat' dir='ltr'><strong>quoque</strong></span> <span class='ocrx_word' id='word_1_228' title='bbox 811 1358 1016 1385; x_wconf 80' lang='lat' dir='ltr'><strong>consideremus</strong></span> <span class='ocrx_word' id='word_1_229' title='bbox 1030 1365 1037 1384; x_wconf 90' lang='lat'><strong>:</strong></span> 
     </span>
    </p>
   </div>
   <div class='ocr_carea' id='block_1_35' title="bbox 252 1402 1038 1438">
    <p class='ocr_par' dir='ltr' id='par_1_35' title="bbox 252 1402 1038 1438">
     <span class='ocr_line' id='line_1_35' title="bbox 252 1402 1038 1438; baseline -0.005 -6"><span class='ocrx_word' id='word_1_230' title='bbox 252 1406 315 1433; x_wconf 82' lang='lat' dir='ltr'><strong>aliis</strong></span> <span class='ocrx_word' id='word_1_231' title='bbox 341 1404 413 1431; x_wconf 87' lang='lat' dir='ltr'><strong>enim</strong></span> <span class='ocrx_word' id='word_1_232' title='bbox 441 1404 563 1431; x_wconf 78' lang='lat' dir='ltr'><strong>Salvator</strong></span> <span class='ocrx_word' id='word_1_233' title='bbox 586 1411 633 1438; x_wconf 87' lang='lat' dir='ltr'><strong>per</strong></span> <span class='ocrx_word' id='word_1_234' title='bbox 659 1403 739 1430; x_wconf 87' lang='lat' dir='ltr'><strong>verba</strong></span> <span class='ocrx_word' id='word_1_235' title='bbox 766 1403 927 1430; x_wconf 83' lang='lat' dir='ltr'><strong>criminibus</strong></span> <span class='ocrx_word' id='word_1_236' title='bbox 951 1402 1038 1429; x_wconf 81' lang='lat' dir='ltr'><strong>abdu-</strong></span> 
     </span>
    </p>
   </div>
   <div class='ocr_carea' id='block_1_36' title="bbox 250 1446 1037 1484">
    <p class='ocr_par' dir='ltr' id='par_1_36' title="bbox 250 1446 1037 1484">
     <span class='ocr_line' id='line_1_36' title="bbox 250 1446 1037 1484; baseline -0.005 -6"><span class='ocrx_word' id='word_1_237' title='bbox 250 1459 327 1482; x_wconf 80' lang='lat' dir='ltr'><strong>cens.</strong></span> <span class='ocrx_word' id='word_1_238' title='bbox 347 1451 391 1477; x_wconf 86' lang='lat' dir='ltr'><strong>hic</strong></span> <span class='ocrx_word' id='word_1_239' title='bbox 417 1450 502 1477; x_wconf 89' lang='lat' dir='ltr'><strong>utitur</strong></span> <span class='ocrx_word' id='word_1_240' title='bbox 526 1453 553 1477; x_wconf 88' lang='lat' dir='ltr'><strong>et</strong></span> <span class='ocrx_word' id='word_1_241' title='bbox 569 1449 659 1484; x_wconf 79' lang='lat' dir='ltr'><strong>lingua</strong></span> <span class='ocrx_word' id='word_1_242' title='bbox 675 1453 702 1476; x_wconf 89' lang='lat' dir='ltr'><strong>et</strong></span> <span class='ocrx_word' id='word_1_243' title='bbox 717 1449 768 1481; x_wconf 80' lang='lat' dir='ltr'><strong>ira,</strong></span> <span class='ocrx_word' id='word_1_244' title='bbox 784 1454 811 1476; x_wconf 89' lang='lat' dir='ltr'><strong>et</strong></span> <span class='ocrx_word' id='word_1_245' title='bbox 833 1456 927 1479; x_wconf 87' lang='lat' dir='ltr'><strong>manu,</strong></span> <span class='ocrx_word' id='word_1_246' title='bbox 946 1453 972 1475; x_wconf 88' lang='lat' dir='ltr'><strong>et</strong></span> <span class='ocrx_word' id='word_1_247' title='bbox 989 1446 1037 1474; x_wconf 84' lang='lat' dir='ltr'><strong>lla-</strong></span> 
     </span>
    </p>
   </div>
   <div class='ocr_carea' id='block_1_37' title="bbox 251 1493 1038 1530">
    <p class='ocr_par' dir='ltr' id='par_1_37' title="bbox 251 1493 1038 1530">
     <span class='ocr_line' id='line_1_37' title="bbox 251 1493 1038 1530; baseline -0.003 -10"><span class='ocrx_word' id='word_1_248' title='bbox 251 1495 332 1530; x_wconf 68' lang='grc' dir='ltr'>κριιο,</span> <span class='ocrx_word' id='word_1_249' title='bbox 349 1499 378 1521; x_wconf 87' lang='grc' dir='ltr'><strong>ιιι</strong></span> <span class='ocrx_word' id='word_1_250' title='bbox 397 1493 602 1521; x_wconf 81' lang='lat' dir='ltr'><strong>meminerimus</strong></span> <span class='ocrx_word' id='word_1_251' title='bbox 620 1498 722 1528; x_wconf 86' lang='lat' dir='ltr'><strong>quanta</strong></span> <span class='ocrx_word' id='word_1_252' title='bbox 743 1501 787 1520; x_wconf 87' lang='lat' dir='ltr'><strong>res</strong></span> <span class='ocrx_word' id='word_1_253' title='bbox 802 1493 986 1521; x_wconf 87' lang='lat' dir='ltr'><strong>sollicitudine</strong></span> <span class='ocrx_word' id='word_1_254' title='bbox 1002 1493 1038 1519; x_wconf 90' lang='lat' dir='ltr'><strong>sit</strong></span> 
     </span>
    </p>
   </div>
   <div class='ocr_carea' id='block_1_38' title="bbox 250 1539 1035 1576">
    <p class='ocr_par' dir='ltr' id='par_1_38' title="bbox 250 1539 1035 1576">
     <span class='ocr_line' id='line_1_38' title="bbox 250 1539 1035 1576; baseline -0.003 -8"><span class='ocrx_word' id='word_1_255' title='bbox 250 1542 330 1576; x_wconf 72' lang='lat' dir='ltr'><strong>digna</strong></span> <span class='ocrx_word' id='word_1_256' title='bbox 344 1561 350 1568; x_wconf 99' lang='lat'><strong><em>.</em></strong></span> <span class='ocrx_word' id='word_1_257' title='bbox 368 1541 429 1567; x_wconf 75' lang='grc' dir='ltr'>ιίηιρ</span> <span class='ocrx_word' id='word_1_258' title='bbox 451 1540 523 1567; x_wconf 87' lang='lat' dir='ltr'><strong>enim</strong></span> <span class='ocrx_word' id='word_1_259' title='bbox 546 1548 600 1567; x_wconf 89' lang='lat' dir='ltr'><strong>non</strong></span> <span class='ocrx_word' id='word_1_260' title='bbox 622 1545 676 1567; x_wconf 87' lang='lat' dir='ltr'><strong>tam</strong></span> <span class='ocrx_word' id='word_1_261' title='bbox 699 1545 778 1567; x_wconf 87' lang='lat' dir='ltr'><strong>erant</strong></span> <span class='ocrx_word' id='word_1_262' title='bbox 797 1540 867 1567; x_wconf 87' lang='lat' dir='ltr'><strong>istud</strong></span> <span class='ocrx_word' id='word_1_263' title='bbox 886 1539 1035 1576; x_wconf 83' lang='lat' dir='ltr'><strong>templum.</strong></span> 
     </span>
    </p>
   </div>
   <div class='ocr_carea' id='block_1_39' title="bbox 250 1585 1036 1623">
    <p class='ocr_par' dir='ltr' id='par_1_39' title="bbox 250 1585 1036 1623">
     <span class='ocr_line' id='line_1_39' title="bbox 250 1585 1036 1623; baseline -0.004 -8"><span class='ocrx_word' id='word_1_264' title='bbox 250 1588 322 1623; x_wconf 84' lang='lat' dir='ltr'><strong>quod</strong></span> <span class='ocrx_word' id='word_1_265' title='bbox 341 1587 504 1621; x_wconf 61' lang='lat' dir='ltr'><strong>pra-videbat</strong></span> <span class='ocrx_word' id='word_1_266' title='bbox 519 1594 657 1618; x_wconf 86' lang='lat' dir='ltr'><strong>eversum.</strong></span> <span class='ocrx_word' id='word_1_267' title='bbox 668 1587 802 1613; x_wconf 88' lang='lat' dir='ltr'><strong>ltonorare</strong></span> <span class='ocrx_word' id='word_1_268' title='bbox 815 1585 939 1616; x_wconf 82' lang='lat' dir='ltr'><strong>volentis.</strong></span> <span class='ocrx_word' id='word_1_269' title='bbox 954 1592 1036 1618; x_wconf 82' lang='lat' dir='ltr'><strong>quam</strong></span> 
     </span>
    </p>
   </div>
   <div class='ocr_carea' id='block_1_40' title="bbox 253 1631 1037 1667">
    <p class='ocr_par' dir='ltr' id='par_1_40' title="bbox 253 1631 1037 1667">
     <span class='ocr_line' id='line_1_40' title="bbox 253 1631 1037 1667; baseline -0.004 -6"><span class='ocrx_word' id='word_1_270' title='bbox 253 1634 423 1662; x_wconf 80' lang='lat' dir='ltr'><strong>ostendentis</strong></span> <span class='ocrx_word' id='word_1_271' title='bbox 440 1633 466 1660; x_wconf 87' lang='lat' dir='ltr'><strong>in</strong></span> <span class='ocrx_word' id='word_1_272' title='bbox 488 1639 543 1667; x_wconf 89' lang='lat' dir='ltr'><strong>quo</strong></span> <span class='ocrx_word' id='word_1_273' title='bbox 559 1636 649 1659; x_wconf 80' lang='lat' dir='ltr'><strong>teneat</strong></span> <span class='ocrx_word' id='word_1_274' title='bbox 665 1632 752 1666; x_wconf 85' lang='lat' dir='ltr'><strong>pretio</strong></span> <span class='ocrx_word' id='word_1_275' title='bbox 768 1638 987 1665; x_wconf 76' lang='lat' dir='ltr'><strong>unumquemque</strong></span> <span class='ocrx_word' id='word_1_276' title='bbox 1005 1631 1037 1658; x_wconf 83' lang='lat' dir='ltr'><strong>li-</strong></span> 
     </span>
    </p>
   </div>
   <div class='ocr_carea' id='block_1_41' title="bbox 251 1676 1040 1714">
    <p class='ocr_par' dir='ltr' id='par_1_41' title="bbox 251 1676 1040 1714">
     <span class='ocr_line' id='line_1_41' title="bbox 251 1676 1040 1714; baseline -0.006 -7"><span class='ocrx_word' id='word_1_277' title='bbox 251 1680 364 1708; x_wconf 88' lang='lat' dir='ltr'><strong>delium.</strong></span> <span class='ocrx_word' id='word_1_278' title='bbox 378 1679 447 1714; x_wconf 81' lang='lat' dir='ltr'><strong>apud</strong></span> <span class='ocrx_word' id='word_1_279' title='bbox 462 1686 531 1713; x_wconf 86' lang='lat' dir='ltr'><strong>quos</strong></span> <span class='ocrx_word' id='word_1_280' title='bbox 548 1685 658 1705; x_wconf 88' lang='lat' dir='ltr'><strong>tnanere</strong></span> <span class='ocrx_word' id='word_1_281' title='bbox 673 1677 846 1712; x_wconf 71' lang='lat' dir='ltr'><strong>promiserat.</strong></span> <span class='ocrx_word' id='word_1_282' title='bbox 859 1676 933 1704; x_wconf 87' lang='lat' dir='ltr'><strong>cttris</strong></span> <span class='ocrx_word' id='word_1_283' title='bbox 948 1681 975 1703; x_wconf 83' lang='lat' dir='ltr'><strong>et</strong></span> <span class='ocrx_word' id='word_1_284' title='bbox 991 1684 1040 1703; x_wconf 85' lang='lat' dir='ltr'><strong>an-</strong></span> 
     </span>
    </p>
   </div>
   <div class='ocr_carea' id='block_1_42' title="bbox 252 1721 1039 1755">
    <p class='ocr_par' dir='ltr' id='par_1_42' title="bbox 252 1721 1039 1755">
     <span class='ocr_line' id='line_1_42' title="bbox 252 1721 1039 1755; baseline -0.006 -3"><span class='ocrx_word' id='word_1_285' title='bbox 252 1724 401 1752; x_wconf 63' lang='lat' dir='ltr'><strong>xietatibus</strong></span> <span class='ocrx_word' id='word_1_286' title='bbox 427 1731 487 1751; x_wconf 80' lang='lat' dir='ltr'><strong>esse</strong></span> <span class='ocrx_word' id='word_1_287' title='bbox 507 1723 622 1750; x_wconf 89' lang='lat' dir='ltr'><strong>liberum</strong></span> <span class='ocrx_word' id='word_1_288' title='bbox 639 1730 646 1754; x_wconf 86' lang='lat'><strong>;</strong></span> <span class='ocrx_word' id='word_1_289' title='bbox 661 1726 688 1749; x_wconf 88' lang='lat' dir='ltr'><strong>et</strong></span> <span class='ocrx_word' id='word_1_290' title='bbox 712 1723 792 1749; x_wconf 88' lang='lat' dir='ltr'><strong>simul</strong></span> <span class='ocrx_word' id='word_1_291' title='bbox 811 1729 892 1755; x_wconf 90' lang='lat' dir='ltr'><strong>quam</strong></span> <span class='ocrx_word' id='word_1_292' title='bbox 915 1722 987 1748; x_wconf 83' lang='lat' dir='ltr'><strong>acris</strong></span> <span class='ocrx_word' id='word_1_293' title='bbox 1003 1721 1039 1748; x_wconf 87' lang='lat' dir='ltr'><strong>sit</strong></span> 
     </span>
    </p>
   </div>
   <div class='ocr_carea' id='block_1_43' title="bbox 251 1766 1037 1803">
    <p class='ocr_par' dir='ltr' id='par_1_43' title="bbox 251 1766 1037 1803">
     <span class='ocr_line' id='line_1_43' title="bbox 251 1766 1037 1803; baseline -0.003 -9"><span class='ocrx_word' id='word_1_294' title='bbox 251 1767 551 1803; x_wconf 77' lang='lat' dir='ltr'><strong>passio,quantumque</strong></span> <span class='ocrx_word' id='word_1_295' title='bbox 565 1767 601 1793; x_wconf 87' lang='lat' dir='ltr'><strong>sit</strong></span> <span class='ocrx_word' id='word_1_296' title='bbox 615 1773 683 1800; x_wconf 85' lang='lat' dir='ltr'><strong>opus</strong></span> <span class='ocrx_word' id='word_1_297' title='bbox 699 1767 791 1793; x_wconf 87' lang='lat' dir='ltr'><strong>animo</strong></span> <span class='ocrx_word' id='word_1_298' title='bbox 805 1766 958 1800; x_wconf 84' lang='lat' dir='ltr'><strong>spirituque</strong></span> <span class='ocrx_word' id='word_1_299' title='bbox 971 1773 1037 1792; x_wconf 83' lang='lat' dir='ltr'><strong>cen-</strong></span> 
     </span>
    </p>
   </div>
   <div class='ocr_carea' id='block_1_44' title="bbox 251 1812 1035 1847">
    <p class='ocr_par' dir='ltr' id='par_1_44' title="bbox 251 1812 1035 1847">
     <span class='ocr_line' id='line_1_44' title="bbox 251 1812 1035 1847; baseline -0.001 -7"><span class='ocrx_word' id='word_1_300' title='bbox 251 1818 340 1841; x_wconf 80' lang='lat' dir='ltr'><strong>stante</strong></span> <span class='ocrx_word' id='word_1_301' title='bbox 356 1820 387 1843; x_wconf 73' lang='lat' dir='ltr'><strong>ac</strong></span> <span class='ocrx_word' id='word_1_302' title='bbox 405 1813 509 1840; x_wconf 87' lang='lat' dir='ltr'><strong>ratione</strong></span> <span class='ocrx_word' id='word_1_303' title='bbox 528 1812 665 1846; x_wconf 86' lang='lat' dir='ltr'><strong>prudenti,</strong></span> <span class='ocrx_word' id='word_1_304' title='bbox 679 1817 705 1839; x_wconf 89' lang='lat' dir='ltr'><strong>et</strong></span> <span class='ocrx_word' id='word_1_305' title='bbox 716 1813 866 1846; x_wconf 58' lang='lat' dir='ltr'><strong>presertim</strong></span> <span class='ocrx_word' id='word_1_306' title='bbox 882 1813 938 1847; x_wconf 85' lang='lat' dir='ltr'><strong>ipsa</strong></span> <span class='ocrx_word' id='word_1_307' title='bbox 954 1820 1035 1846; x_wconf 86' lang='lat' dir='ltr'><strong>manu</strong></span> 
     </span>
    </p>
   </div>
   <div class='ocr_carea' id='block_1_45' title="bbox 251 1858 1037 1893">
    <p class='ocr_par' dir='ltr' id='par_1_45' title="bbox 251 1858 1037 1893">
     <span class='ocr_line' id='line_1_45' title="bbox 251 1858 1037 1893; baseline -0.001 -7"><span class='ocrx_word' id='word_1_308' title='bbox 251 1859 423 1891; x_wconf 59' lang='lat' dir='ltr'><strong>Salt&#39;atot‘is,</strong></span> <span class='ocrx_word' id='word_1_309' title='bbox 439 1866 520 1892; x_wconf 85' lang='lat' dir='ltr'><strong>quem</strong></span> <span class='ocrx_word' id='word_1_310' title='bbox 537 1858 583 1893; x_wconf 90' lang='lat' dir='ltr'><strong>qui</strong></span> <span class='ocrx_word' id='word_1_311' title='bbox 601 1866 654 1885; x_wconf 87' lang='lat' dir='ltr'><strong>non</strong></span> <span class='ocrx_word' id='word_1_312' title='bbox 670 1858 743 1885; x_wconf 88' lang='lat' dir='ltr'><strong>intus</strong></span> <span class='ocrx_word' id='word_1_313' title='bbox 766 1862 937 1893; x_wconf 67' lang='lat' dir='ltr'><strong>receperunt,</strong></span> <span class='ocrx_word' id='word_1_314' title='bbox 953 1858 1037 1885; x_wconf 89' lang='lat' dir='ltr'><strong>auiuti</strong></span> 
     </span>
    </p>
   </div>
   <div class='ocr_carea' id='block_1_46' title="bbox 250 1903 1037 1940">
    <p class='ocr_par' dir='ltr' id='par_1_46' title="bbox 250 1903 1037 1940">
     <span class='ocr_line' id='line_1_46' title="bbox 250 1903 1037 1940; baseline -0.003 -8"><span class='ocrx_word' id='word_1_315' title='bbox 250 1904 425 1940; x_wconf 77' lang='lat' dir='ltr'><strong>agitationem</strong></span> <span class='ocrx_word' id='word_1_316' title='bbox 448 1904 549 1938; x_wconf 77' lang='lat' dir='ltr'><strong>cjitere</strong></span> <span class='ocrx_word' id='word_1_317' title='bbox 570 1908 717 1938; x_wconf 87' lang='lat' dir='ltr'><strong>nequeunt.</strong></span> <span class='ocrx_word' id='word_1_318' title='bbox 742 1903 848 1932; x_wconf 84' lang='lat' dir='ltr'><strong>Idcirco</strong></span> <span class='ocrx_word' id='word_1_319' title='bbox 865 1903 1037 1939; x_wconf 74' lang='lat' dir='ltr'><strong>sacrilegium</strong></span> 
     </span>
    </p>
   </div>
   <div class='ocr_carea' id='block_1_47' title="bbox 251 1949 1038 1985">
    <p class='ocr_par' dir='ltr' id='par_1_47' title="bbox 251 1949 1038 1985">
     <span class='ocr_line' id='line_1_47' title="bbox 251 1949 1038 1985; baseline -0.004 -7"><span class='ocrx_word' id='word_1_320' title='bbox 251 1955 338 1978; x_wconf 78' lang='lat' dir='ltr'><strong>marte</strong></span> <span class='ocrx_word' id='word_1_321' title='bbox 360 1951 526 1985; x_wconf 88' lang='lat' dir='ltr'><strong>puniendum</strong></span> <span class='ocrx_word' id='word_1_322' title='bbox 557 1949 598 1977; x_wconf 83' lang='lat' dir='ltr'><strong>lex</strong></span> <span class='ocrx_word' id='word_1_323' title='bbox 622 1954 770 1982; x_wconf 78' lang='lat' dir='ltr'><strong>statuerat,</strong></span> <span class='ocrx_word' id='word_1_324' title='bbox 792 1954 819 1976; x_wconf 89' lang='lat' dir='ltr'><strong>et</strong></span> <span class='ocrx_word' id='word_1_325' title='bbox 845 1949 953 1977; x_wconf 68' lang='lat' dir='ltr'><strong>Sanctis</strong></span> <span class='ocrx_word' id='word_1_326' title='bbox 975 1957 1038 1977; x_wconf 82' lang='lat' dir='ltr'><strong>san-</strong></span> 
     </span>
    </p>
   </div>
   <div class='ocr_carea' id='block_1_48' title="bbox 249 1994 1037 2029">
    <p class='ocr_par' dir='ltr' id='par_1_48' title="bbox 249 1994 1037 2029">
     <span class='ocr_line' id='line_1_48' title="bbox 249 1994 1037 2029; baseline -0.001 -6"><span class='ocrx_word' id='word_1_327' title='bbox 249 2001 356 2026; x_wconf 85' lang='lat' dir='ltr'><strong>ctorum</strong></span> <span class='ocrx_word' id='word_1_328' title='bbox 377 1997 465 2022; x_wconf 78' lang='lat' dir='ltr'><strong>volum</strong></span> <span class='ocrx_word' id='word_1_329' title='bbox 495 1995 679 2022; x_wconf 80' lang='lat' dir='ltr'><strong>necessarium</strong></span> <span class='ocrx_word' id='word_1_330' title='bbox 696 1994 758 2022; x_wconf 81' lang='lat' dir='ltr'><strong>fuit.</strong></span> <span class='ocrx_word' id='word_1_331' title='bbox 774 1994 828 2023; x_wconf 78' lang='lat' dir='ltr'><strong>01a</strong></span> <span class='ocrx_word' id='word_1_332' title='bbox 845 1999 968 2022; x_wconf 81' lang='lat' dir='ltr'><strong>mattuus</strong></span> <span class='ocrx_word' id='word_1_333' title='bbox 985 2000 1037 2029; x_wconf 88' lang='lat' dir='ltr'><strong>cst,</strong></span> 
     </span>
    </p>
   </div>
   <div class='ocr_carea' id='block_1_49' title="bbox 249 2041 1036 2077">
    <p class='ocr_par' dir='ltr' id='par_1_49' title="bbox 249 2041 1036 2077">
     <span class='ocr_line' id='line_1_49' title="bbox 249 2041 1036 2077; baseline -0.003 -7"><span class='ocrx_word' id='word_1_334' title='bbox 249 2043 323 2077; x_wconf 84' lang='lat' dir='ltr'><strong>quod</strong></span> <span class='ocrx_word' id='word_1_335' title='bbox 348 2050 419 2070; x_wconf 72' lang='lat' dir='ltr'><strong>arcae</strong></span> <span class='ocrx_word' id='word_1_336' title='bbox 444 2042 580 2069; x_wconf 88' lang='lat' dir='ltr'><strong>vacillanti</strong></span> <span class='ocrx_word' id='word_1_337' title='bbox 606 2041 750 2076; x_wconf 80' lang='lat' dir='ltr'><strong>profanam</strong></span> <span class='ocrx_word' id='word_1_338' title='bbox 767 2041 895 2068; x_wconf 86' lang='lat' dir='ltr'><strong>intulerat</strong></span> <span class='ocrx_word' id='word_1_339' title='bbox 912 2049 1036 2074; x_wconf 87' lang='lat' dir='ltr'><strong>manum,</strong></span> 
     </span>
    </p>
   </div>
   <div class='ocr_carea' id='block_1_50' title="bbox 248 2087 1038 2122">
    <p class='ocr_par' dir='ltr' id='par_1_50' title="bbox 248 2087 1038 2122">
     <span class='ocr_line' id='line_1_50' title="bbox 248 2087 1038 2122; baseline -0.003 -6"><span class='ocrx_word' id='word_1_340' title='bbox 248 2096 276 2116; x_wconf 89' lang='lat' dir='ltr'><strong>et</strong></span> <span class='ocrx_word' id='word_1_341' title='bbox 287 2088 368 2117; x_wconf 81' lang='lat' dir='ltr'><strong>Ozias</strong></span> <span class='ocrx_word' id='word_1_342' title='bbox 383 2089 486 2121; x_wconf 88' lang='lat' dir='ltr'><strong>lepram</strong></span> <span class='ocrx_word' id='word_1_343' title='bbox 501 2096 516 2114; x_wconf 87' lang='lat' dir='ltr'><strong>e</strong></span> <span class='ocrx_word' id='word_1_344' title='bbox 532 2088 618 2115; x_wconf 58' lang='lat' dir='ltr'><strong>sacris</strong></span> <span class='ocrx_word' id='word_1_345' title='bbox 632 2087 737 2115; x_wconf 87' lang='lat' dir='ltr'><strong>lucrum</strong></span> <span class='ocrx_word' id='word_1_346' title='bbox 756 2088 869 2122; x_wconf 84' lang='lat' dir='ltr'><strong>accepit,</strong></span> <span class='ocrx_word' id='word_1_347' title='bbox 881 2096 952 2122; x_wconf 65' lang='lat' dir='ltr'><strong>quae,</strong></span> <span class='ocrx_word' id='word_1_348' title='bbox 969 2089 1038 2115; x_wconf 79' lang='lat' dir='ltr'><strong>sicut</strong></span> 
     </span>
    </p>
   </div>
   <div class='ocr_carea' id='block_1_51' title="bbox 249 2134 1036 2170">
    <p class='ocr_par' dir='ltr' id='par_1_51' title="bbox 249 2134 1036 2170">
     <span class='ocr_line' id='line_1_51' title="bbox 249 2134 1036 2170; baseline -0.001 -7"><span class='ocrx_word' id='word_1_349' title='bbox 249 2136 302 2163; x_wconf 83' lang='lat' dir='ltr'><strong>alia</strong></span> <span class='ocrx_word' id='word_1_350' title='bbox 326 2135 422 2168; x_wconf 84' lang='lat' dir='ltr'><strong>multa,</strong></span> <span class='ocrx_word' id='word_1_351' title='bbox 450 2135 591 2170; x_wconf 78' lang='lat' dir='ltr'><strong>baptiz.-ta-</strong></span> <span class='ocrx_word' id='word_1_352' title='bbox 616 2134 726 2166; x_wconf 66' lang='lat' dir='ltr'><strong>animae,</strong></span> <span class='ocrx_word' id='word_1_353' title='bbox 752 2139 883 2169; x_wconf 77' lang='lat' dir='ltr'><strong>tauquam</strong></span> <span class='ocrx_word' id='word_1_354' title='bbox 904 2142 968 2162; x_wconf 91' lang='lat' dir='ltr'><strong>vero</strong></span> <span class='ocrx_word' id='word_1_355' title='bbox 991 2135 1036 2162; x_wconf 71' lang='grc' dir='ltr'><strong>1)νὶ</strong></span> 
     </span>
    </p>
   </div>
   <div class='ocr_carea' id='block_1_52' title="bbox 249 2179 1038 2216">
    <p class='ocr_par' dir='ltr' id='par_1_52' title="bbox 249 2179 1038 2216">
     <span class='ocr_line' id='line_1_52' title="bbox 249 2179 1038 2216; baseline -0.003 -7"><span class='ocrx_word' id='word_1_356' title='bbox 249 2182 382 2213; x_wconf 71' lang='lat' dir='ltr'><strong>sacrario.</strong></span> <span class='ocrx_word' id='word_1_357' title='bbox 397 2189 496 2216; x_wconf 88' lang='lat' dir='ltr'><strong>purutn</strong></span> <span class='ocrx_word' id='word_1_358' title='bbox 513 2181 618 2215; x_wconf 75' lang='lat' dir='ltr'><strong>asylum</strong></span> <span class='ocrx_word' id='word_1_359' title='bbox 644 2188 704 2207; x_wconf 63' lang='lat' dir='ltr'><strong>essc</strong></span> <span class='ocrx_word' id='word_1_360' title='bbox 726 2181 887 2208; x_wconf 85' lang='lat' dir='ltr'><strong>decernunt.</strong></span> <span class='ocrx_word' id='word_1_361' title='bbox 909 2179 970 2208; x_wconf 88' lang='lat' dir='ltr'><strong>Ideo</strong></span> <span class='ocrx_word' id='word_1_362' title='bbox 997 2181 1038 2207; x_wconf 94' lang='lat' dir='ltr'><strong>vi-</strong></span> 
     </span>
    </p>
   </div>
   <div class='ocr_carea' id='block_1_53' title="bbox 1129 532 1873 569">
    <p class='ocr_par' dir='ltr' id='par_1_53' title="bbox 1129 532 1873 569">
     <span class='ocr_line' id='line_1_53' title="bbox 1129 532 1873 569; baseline -0.003 -9"><span class='ocrx_word' id='word_1_363' title='bbox 1129 535 1179 561; x_wconf 77' lang='grc' dir='ltr'>Διὰ</span> <span class='ocrx_word' id='word_1_364' title='bbox 1194 533 1279 560; x_wconf 86' lang='grc' dir='ltr'>ταῦτα</span> <span class='ocrx_word' id='word_1_365' title='bbox 1301 533 1350 569; x_wconf 83' lang='grc' dir='ltr'><strong>τὴν</strong></span> <span class='ocrx_word' id='word_1_366' title='bbox 1372 533 1508 568; x_wconf 69' lang='grc' dir='ltr'>μέριμναν</span> <span class='ocrx_word' id='word_1_367' title='bbox 1525 534 1550 559; x_wconf 87' lang='grc' dir='ltr'>οι</span> <span class='ocrx_word' id='word_1_368' title='bbox 1568 533 1708 560; x_wconf 83' lang='grc' dir='ltr'>σπουδαῖοι</span> <span class='ocrx_word' id='word_1_369' title='bbox 1731 532 1873 567; x_wconf 78' lang='grc' dir='ltr'>φυλάττον-</span> 
     </span>
    </p>
   </div>
   <div class='ocr_carea' id='block_1_54' title="bbox 1092 570 1872 616">
    <p class='ocr_par' dir='ltr' id='par_1_54' title="bbox 1092 570 1872 616">
     <span class='ocr_line' id='line_1_54' title="bbox 1092 570 1872 616; baseline -0.004 -9"><span class='ocrx_word' id='word_1_370' title='bbox 1092 590 1148 614; x_wconf 82' lang='grc' dir='ltr'>ται,</span> <span class='ocrx_word' id='word_1_371' title='bbox 1164 582 1211 607; x_wconf 75' lang='grc' dir='ltr'>καὶ</span> <span class='ocrx_word' id='word_1_372' title='bbox 1228 580 1296 616; x_wconf 70' lang='grc' dir='ltr'>πρὸς</span> <span class='ocrx_word' id='word_1_373' title='bbox 1309 582 1359 615; x_wconf 78' lang='grc' dir='ltr'>τὴν</span> <span class='ocrx_word' id='word_1_374' title='bbox 1380 580 1458 615; x_wconf 77' lang='grc' dir='ltr'>ῥίζαν</span> <span class='ocrx_word' id='word_1_375' title='bbox 1474 579 1504 612; x_wconf 66' lang='grc' dir='ltr'><strong>ἐξ</strong></span> <span class='ocrx_word' id='word_1_376' title='bbox 1517 579 1603 614; x_wconf 78' lang='grc' dir='ltr'>ἀρχῆς</span> <span class='ocrx_word' id='word_1_377' title='bbox 1620 570 1745 606; x_wconf 83' lang='grc' dir='ltr'>ῑστανται</span> <span class='ocrx_word' id='word_1_378' title='bbox 1758 579 1811 605; x_wconf 87' lang='grc' dir='ltr'><strong>τῶν</strong></span> <span class='ocrx_word' id='word_1_379' title='bbox 1825 587 1872 604; x_wconf 85' lang='grc' dir='ltr'>κα-</span> 
     </span>
    </p>
   </div>
   <div class='ocr_carea' id='block_1_55' title="bbox 1092 624 1873 662">
    <p class='ocr_par' dir='ltr' id='par_1_55' title="bbox 1092 624 1873 662">
     <span class='ocr_line' id='line_1_55' title="bbox 1092 624 1873 662; baseline -0.005 -8"><span class='ocrx_word' id='word_1_380' title='bbox 1092 628 1147 655; x_wconf 91' lang='grc' dir='ltr'><strong>κῶν</strong></span> <span class='ocrx_word' id='word_1_381' title='bbox 1160 628 1206 654; x_wconf 73' lang='grc' dir='ltr'>καὶ</span> <span class='ocrx_word' id='word_1_382' title='bbox 1216 627 1264 662; x_wconf 79' lang='grc' dir='ltr'>τὴν</span> <span class='ocrx_word' id='word_1_383' title='bbox 1278 626 1392 662; x_wconf 83' lang='grc' dir='ltr'>καρδίαν</span> <span class='ocrx_word' id='word_1_384' title='bbox 1407 625 1446 661; x_wconf 86' lang='grc' dir='ltr'>τῷ</span> <span class='ocrx_word' id='word_1_385' title='bbox 1456 625 1516 660; x_wconf 87' lang='grc' dir='ltr'><strong>Θεῷ</strong></span> <span class='ocrx_word' id='word_1_386' title='bbox 1527 625 1601 660; x_wconf 83' lang='grc' dir='ltr'>μόνῳ</span> <span class='ocrx_word' id='word_1_387' title='bbox 1610 624 1738 660; x_wconf 80' lang='grc' dir='ltr'>τηροῦσι,</span> <span class='ocrx_word' id='word_1_388' title='bbox 1754 624 1873 658; x_wconf 76' lang='grc' dir='ltr'>καθάπερ</span> 
     </span>
    </p>
   </div>
   <div class='ocr_carea' id='block_1_56' title="bbox 1091 669 1873 707">
    <p class='ocr_par' dir='ltr' id='par_1_56' title="bbox 1091 669 1873 707">
     <span class='ocr_line' id='line_1_56' title="bbox 1091 669 1873 707; baseline -0.006 -7"><span class='ocrx_word' id='word_1_389' title='bbox 1091 673 1156 700; x_wconf 77' lang='grc' dir='ltr'>ἄλλο</span> <span class='ocrx_word' id='word_1_390' title='bbox 1173 681 1200 699; x_wconf 90' lang='grc' dir='ltr'><strong>τι</strong></span> <span class='ocrx_word' id='word_1_391' title='bbox 1220 672 1333 707; x_wconf 78' lang='grc' dir='ltr'>τέμενος</span> <span class='ocrx_word' id='word_1_392' title='bbox 1349 671 1398 706; x_wconf 84' lang='grc' dir='ltr'>τὴν</span> <span class='ocrx_word' id='word_1_393' title='bbox 1429 671 1540 706; x_wconf 82' lang='grc' dir='ltr'><strong>μνήμην</strong></span> <span class='ocrx_word' id='word_1_394' title='bbox 1563 670 1702 703; x_wconf 75' lang='grc' dir='ltr'><strong>ἐξελόντες</strong></span> <span class='ocrx_word' id='word_1_395' title='bbox 1722 669 1806 704; x_wconf 79' lang='grc' dir='ltr'>αὐτῷ.</span> <span class='ocrx_word' id='word_1_396' title='bbox 1824 670 1873 695; x_wconf 76' lang='grc' dir='ltr'><strong>Καὶ</strong></span> 
     </span>
    </p>
   </div>
   <div class='ocr_carea' id='block_1_57' title="bbox 1093 714 1873 754">
    <p class='ocr_par' dir='ltr' id='par_1_57' title="bbox 1093 714 1873 754">
     <span class='ocr_line' id='line_1_57' title="bbox 1093 714 1873 754; baseline -0.006 -9"><span class='ocrx_word' id='word_1_397' title='bbox 1093 719 1147 754; x_wconf 74' lang='grc' dir='ltr'><strong>γὰρ</strong></span> <span class='ocrx_word' id='word_1_398' title='bbox 1166 719 1249 750; x_wconf 72' lang='grc' dir='ltr'>ἴσασι,</span> <span class='ocrx_word' id='word_1_399' title='bbox 1266 718 1322 744; x_wconf 83' lang='grc' dir='ltr'><strong>τῶν</strong></span> <span class='ocrx_word' id='word_1_400' title='bbox 1343 717 1393 753; x_wconf 73' lang='grc' dir='ltr'>μὲν</span> <span class='ocrx_word' id='word_1_401' title='bbox 1417 716 1498 752; x_wconf 81' lang='grc' dir='ltr'>ἱερῶν</span> <span class='ocrx_word' id='word_1_402' title='bbox 1523 716 1608 743; x_wconf 60' lang='grc' dir='ltr'>οἴκων</span> <span class='ocrx_word' id='word_1_403' title='bbox 1622 717 1679 747; x_wconf 84' lang='grc' dir='ltr'>τοῖς</span> <span class='ocrx_word' id='word_1_404' title='bbox 1700 715 1808 746; x_wconf 82' lang='grc' dir='ltr'>πολλοῖς</span> <span class='ocrx_word' id='word_1_405' title='bbox 1819 714 1873 740; x_wconf 79' lang='grc' dir='ltr'>οὐδὲ</span> 
     </span>
    </p>
   </div>
   <div class='ocr_carea' id='block_1_58' title="bbox 1088 760 1873 799">
    <p class='ocr_par' dir='ltr' id='par_1_58' title="bbox 1088 760 1873 799">
     <span class='ocr_line' id='line_1_58' title="bbox 1088 760 1873 799; baseline -0.008 -7"><span class='ocrx_word' id='word_1_406' title='bbox 1088 765 1186 799; x_wconf 81' lang='grc' dir='ltr'>ψαύειν</span> <span class='ocrx_word' id='word_1_407' title='bbox 1202 765 1314 798; x_wconf 67' lang='grc' dir='ltr'>ἐξεῖναι,</span> <span class='ocrx_word' id='word_1_408' title='bbox 1330 763 1379 790; x_wconf 79' lang='grc' dir='ltr'>καὶ</span> <span class='ocrx_word' id='word_1_409' title='bbox 1403 763 1510 790; x_wconf 81' lang='grc' dir='ltr'><strong>σκευῶν</strong></span> <span class='ocrx_word' id='word_1_410' title='bbox 1532 763 1579 789; x_wconf 77' lang='grc' dir='ltr'>καὶ</span> <span class='ocrx_word' id='word_1_411' title='bbox 1595 761 1706 788; x_wconf 80' lang='grc' dir='ltr'>πέπλων</span> <span class='ocrx_word' id='word_1_412' title='bbox 1720 762 1777 792; x_wconf 83' lang='grc' dir='ltr'>τοῖς</span> <span class='ocrx_word' id='word_1_413' title='bbox 1793 760 1873 791; x_wconf 76' lang='grc' dir='ltr'>οὕτως</span> 
     </span>
    </p>
   </div>
   <div class='ocr_carea' id='block_1_59' title="bbox 1089 806 1874 845">
    <p class='ocr_par' dir='ltr' id='par_1_59' title="bbox 1089 806 1874 845">
     <span class='ocr_line' id='line_1_59' title="bbox 1089 806 1874 845; baseline -0.008 -7"><span class='ocrx_word' id='word_1_414' title='bbox 1089 811 1294 845; x_wconf 71' lang='grc' dir='ltr'>ἀφωρισμένοις</span> <span class='ocrx_word' id='word_1_415' title='bbox 1314 810 1383 844; x_wconf 74' lang='grc' dir='ltr'>πρὸς</span> <span class='ocrx_word' id='word_1_416' title='bbox 1398 809 1463 836; x_wconf 74' lang='grc' dir='ltr'>ἄλλο</span> <span class='ocrx_word' id='word_1_417' title='bbox 1487 817 1520 838; x_wconf 87' lang='grc' dir='ltr'>τι.</span> <span class='ocrx_word' id='word_1_418' title='bbox 1532 807 1651 843; x_wconf 78' lang='grc' dir='ltr'>χρῆσθαι</span> <span class='ocrx_word' id='word_1_419' title='bbox 1670 807 1725 834; x_wconf 87' lang='grc' dir='ltr'><strong>τῶν</strong></span> <span class='ocrx_word' id='word_1_420' title='bbox 1742 806 1874 841; x_wconf 70' lang='grc' dir='ltr'>ἀθεμίτων</span> 
     </span>
    </p>
   </div>
   <div class='ocr_carea' id='block_1_60' title="bbox 1091 851 1874 891">
    <p class='ocr_par' dir='ltr' id='par_1_60' title="bbox 1091 851 1874 891">
     <span class='ocr_line' id='line_1_60' title="bbox 1091 851 1874 891; baseline -0.006 -8"><span class='ocrx_word' id='word_1_421' title='bbox 1091 856 1172 889; x_wconf 82' lang='grc' dir='ltr'>εἶναι,</span> <span class='ocrx_word' id='word_1_422' title='bbox 1187 856 1277 891; x_wconf 80' lang='grc' dir='ltr'>ψυχῆς</span> <span class='ocrx_word' id='word_1_423' title='bbox 1289 856 1318 882; x_wconf 77' lang='grc' dir='ltr'>δὲ</span> <span class='ocrx_word' id='word_1_424' title='bbox 1334 855 1395 890; x_wconf 85' lang='grc' dir='ltr'><strong>Θεῷ</strong></span> <span class='ocrx_word' id='word_1_425' title='bbox 1413 854 1630 890; x_wconf 81' lang='grc' dir='ltr'>καθιερωθείσης</span> <span class='ocrx_word' id='word_1_426' title='bbox 1645 853 1721 880; x_wconf 68' lang='grc' dir='ltr'>οὑδιν</span> <span class='ocrx_word' id='word_1_427' title='bbox 1737 852 1795 879; x_wconf 73' lang='grc' dir='ltr'>ἴσον</span> <span class='ocrx_word' id='word_1_428' title='bbox 1809 851 1874 879; x_wconf 82' lang='grc' dir='ltr'>εἶναι</span> 
     </span>
    </p>
   </div>
   <div class='ocr_carea' id='block_1_61' title="bbox 1091 899 1874 938">
    <p class='ocr_par' dir='ltr' id='par_1_61' title="bbox 1091 899 1874 938">
     <span class='ocr_line' id='line_1_61' title="bbox 1091 899 1874 938; baseline -0.008 -8"><span class='ocrx_word' id='word_1_429' title='bbox 1091 903 1145 930; x_wconf 87' lang='grc' dir='ltr'><strong>τῶν</strong></span> <span class='ocrx_word' id='word_1_430' title='bbox 1157 903 1249 938; x_wconf 79' lang='grc' dir='ltr'>ἱερῶν,</span> <span class='ocrx_word' id='word_1_431' title='bbox 1270 902 1331 929; x_wconf 73' lang='grc' dir='ltr'>ὅθεν</span> <span class='ocrx_word' id='word_1_432' title='bbox 1355 902 1402 928; x_wconf 73' lang='grc' dir='ltr'>καὶ</span> <span class='ocrx_word' id='word_1_433' title='bbox 1425 901 1525 936; x_wconf 79' lang='grc' dir='ltr'>χρῆναι</span> <span class='ocrx_word' id='word_1_434' title='bbox 1545 900 1646 931; x_wconf 72' lang='grc' dir='ltr'>παντὸς</span> <span class='ocrx_word' id='word_1_435' title='bbox 1667 899 1768 934; x_wconf 77' lang='grc' dir='ltr'>μᾶλλον</span> <span class='ocrx_word' id='word_1_436' title='bbox 1784 899 1874 926; x_wconf 82' lang='grc' dir='ltr'>άδυτον</span> 
     </span>
    </p>
   </div>
   <div class='ocr_carea' id='block_1_62' title="bbox 1092 945 1875 981">
    <p class='ocr_par' dir='ltr' id='par_1_62' title="bbox 1092 945 1875 981">
     <span class='ocr_line' id='line_1_62' title="bbox 1092 945 1875 981; baseline -0.006 -5"><span class='ocrx_word' id='word_1_437' title='bbox 1092 947 1162 976; x_wconf 71' lang='grc' dir='ltr'>εἶναι</span> <span class='ocrx_word' id='word_1_438' title='bbox 1176 950 1232 980; x_wconf 78' lang='grc' dir='ltr'>τοῖς</span> <span class='ocrx_word' id='word_1_439' title='bbox 1257 948 1376 975; x_wconf 77' lang='grc' dir='ltr'>πωλοῦσι</span> <span class='ocrx_word' id='word_1_440' title='bbox 1400 949 1447 975; x_wconf 80' lang='grc' dir='ltr'>καὶ</span> <span class='ocrx_word' id='word_1_441' title='bbox 1464 947 1640 981; x_wconf 80' lang='grc' dir='ltr'><strong>ἀγοράζουσι,</strong></span> <span class='ocrx_word' id='word_1_442' title='bbox 1663 947 1711 973; x_wconf 73' lang='grc' dir='ltr'>καὶ</span> <span class='ocrx_word' id='word_1_443' title='bbox 1734 945 1875 981; x_wconf 61' lang='grc' dir='ltr'>τρατεζῶν</span> 
     </span>
    </p>
   </div>
   <div class='ocr_carea' id='block_1_63' title="bbox 1091 991 1874 1027">
    <p class='ocr_par' dir='ltr' id='par_1_63' title="bbox 1091 991 1874 1027">
     <span class='ocr_line' id='line_1_63' title="bbox 1091 991 1874 1027; baseline -0.005 -6"><span class='ocrx_word' id='word_1_444' title='bbox 1091 995 1140 1022; x_wconf 75' lang='grc' dir='ltr'>καὶ</span> <span class='ocrx_word' id='word_1_445' title='bbox 1157 994 1326 1022; x_wconf 77' lang='grc' dir='ltr'>κολυῦιστῶν</span> <span class='ocrx_word' id='word_1_446' title='bbox 1340 993 1388 1020; x_wconf 75' lang='grc' dir='ltr'>καὶ</span> <span class='ocrx_word' id='word_1_447' title='bbox 1406 993 1539 1020; x_wconf 81' lang='grc' dir='ltr'>τοιούτων</span> <span class='ocrx_word' id='word_1_448' title='bbox 1557 991 1728 1027; x_wconf 81' lang='grc' dir='ltr'>ἀπηλλάχθαι</span> <span class='ocrx_word' id='word_1_449' title='bbox 1745 991 1874 1026; x_wconf 79' lang='grc' dir='ltr'>πραγμά-</span> 
     </span>
    </p>
   </div>
   <div class='ocr_carea' id='block_1_64' title="bbox 1091 1037 1874 1076">
    <p class='ocr_par' dir='ltr' id='par_1_64' title="bbox 1091 1037 1874 1076">
     <span class='ocr_line' id='line_1_64' title="bbox 1091 1037 1874 1076; baseline -0.005 -8"><span class='ocrx_word' id='word_1_450' title='bbox 1091 1050 1157 1068; x_wconf 84' lang='grc' dir='ltr'>των.</span> <span class='ocrx_word' id='word_1_451' title='bbox 1173 1041 1205 1068; x_wconf 79' lang='lat' dir='ltr'><strong>El</strong></span> <span class='ocrx_word' id='word_1_452' title='bbox 1219 1041 1274 1076; x_wconf 82' lang='grc' dir='ltr'>γὰρ</span> <span class='ocrx_word' id='word_1_453' title='bbox 1287 1041 1334 1067; x_wconf 75' lang='grc' dir='ltr'><strong>τὸν</strong></span> <span class='ocrx_word' id='word_1_454' title='bbox 1350 1040 1401 1076; x_wconf 83' lang='grc' dir='ltr'><strong>τῆς</strong></span> <span class='ocrx_word' id='word_1_455' title='bbox 1425 1039 1579 1074; x_wconf 81' lang='grc' dir='ltr'>προσευχῆς</span> <span class='ocrx_word' id='word_1_456' title='bbox 1604 1037 1678 1066; x_wconf 81' lang='grc' dir='ltr'>οἴκον</span> <span class='ocrx_word' id='word_1_457' title='bbox 1704 1038 1791 1070; x_wconf 80' lang='grc' dir='ltr'>οὕτως</span> <span class='ocrx_word' id='word_1_458' title='bbox 1806 1038 1874 1073; x_wconf 85' lang='grc' dir='ltr'>ἔχειν</span> 
     </span>
    </p>
   </div>
   <div class='ocr_carea' id='block_1_65' title="bbox 1090 1084 1874 1122">
    <p class='ocr_par' dir='ltr' id='par_1_65' title="bbox 1090 1084 1874 1122">
     <span class='ocr_line' id='line_1_65' title="bbox 1090 1084 1874 1122; baseline -0.004 -9"><span class='ocrx_word' id='word_1_459' title='bbox 1090 1086 1187 1122; x_wconf 71' lang='grc' dir='ltr'>ἐχρῆν,</span> <span class='ocrx_word' id='word_1_460' title='bbox 1204 1087 1278 1117; x_wconf 78' lang='grc' dir='ltr'>ὅπως</span> <span class='ocrx_word' id='word_1_461' title='bbox 1294 1086 1335 1113; x_wconf 77' lang='grc' dir='ltr'>δεῖ</span> <span class='ocrx_word' id='word_1_462' title='bbox 1349 1086 1474 1121; x_wconf 79' lang='grc' dir='ltr'>νομίζειν</span> <span class='ocrx_word' id='word_1_463' title='bbox 1486 1085 1568 1112; x_wconf 73' lang='grc' dir='ltr'>αὑτὸν</span> <span class='ocrx_word' id='word_1_464' title='bbox 1582 1085 1628 1112; x_wconf 66' lang='grc' dir='ltr'>τὸν</span> <span class='ocrx_word' id='word_1_465' title='bbox 1639 1085 1799 1119; x_wconf 75' lang='grc' dir='ltr'>εὐχόμενον,</span> <span class='ocrx_word' id='word_1_466' title='bbox 1809 1084 1874 1118; x_wconf 80' lang='grc' dir='ltr'>ὑπὲρ</span> 
     </span>
    </p>
   </div>
   <div class='ocr_carea' id='block_1_66' title="bbox 1090 1130 1873 1167">
    <p class='ocr_par' dir='ltr' id='par_1_66' title="bbox 1090 1130 1873 1167">
     <span class='ocr_line' id='line_1_66' title="bbox 1090 1130 1873 1167; baseline -0.005 -8"><span class='ocrx_word' id='word_1_467' title='bbox 1090 1130 1121 1160; x_wconf 74' lang='grc' dir='ltr'><strong>οὗ</strong></span> <span class='ocrx_word' id='word_1_468' title='bbox 1138 1133 1186 1159; x_wconf 74' lang='grc' dir='ltr'>καὶ</span> <span class='ocrx_word' id='word_1_469' title='bbox 1206 1133 1236 1159; x_wconf 82' lang='grc' dir='ltr'><strong>τὸ</strong></span> <span class='ocrx_word' id='word_1_470' title='bbox 1251 1132 1352 1167; x_wconf 83' lang='grc' dir='ltr'>χωρίον</span> <span class='ocrx_word' id='word_1_471' title='bbox 1367 1132 1456 1158; x_wconf 80' lang='grc' dir='ltr'>έκεῖνο</span> <span class='ocrx_word' id='word_1_472' title='bbox 1471 1131 1638 1166; x_wconf 71' lang='grc' dir='ltr'>καθαρεύειν</span> <span class='ocrx_word' id='word_1_473' title='bbox 1661 1131 1713 1158; x_wconf 76' lang='grc' dir='ltr'>ἔδει</span> <span class='ocrx_word' id='word_1_474' title='bbox 1735 1130 1873 1167; x_wconf 75' lang='grc' dir='ltr'>θορύϐων;</span> 
     </span>
    </p>
   </div>
   <div class='ocr_carea' id='block_1_67' title="bbox 1091 1176 1873 1214">
    <p class='ocr_par' dir='ltr' id='par_1_67' title="bbox 1091 1176 1873 1214">
     <span class='ocr_line' id='line_1_67' title="bbox 1091 1176 1873 1214; baseline -0.003 -9"><span class='ocrx_word' id='word_1_475' title='bbox 1091 1179 1188 1206; x_wconf 87' lang='grc' dir='ltr'>Καίτοι</span> <span class='ocrx_word' id='word_1_476' title='bbox 1216 1180 1254 1214; x_wconf 83' lang='grc' dir='ltr'>τῷ</span> <span class='ocrx_word' id='word_1_477' title='bbox 1281 1179 1332 1214; x_wconf 66' lang='grc' dir='ltr'>μὲν</span> <span class='ocrx_word' id='word_1_478' title='bbox 1350 1179 1480 1206; x_wconf 79' lang='grc' dir='ltr'>ἑκάστοτε</span> <span class='ocrx_word' id='word_1_479' title='bbox 1498 1178 1620 1213; x_wconf 76' lang='grc' dir='ltr'>τοΰνομα</span> <span class='ocrx_word' id='word_1_480' title='bbox 1643 1178 1693 1205; x_wconf 77' lang='grc' dir='ltr'><strong>οὐκ</strong></span> <span class='ocrx_word' id='word_1_481' title='bbox 1706 1176 1740 1213; x_wconf 80' lang='grc' dir='ltr'>ἦν</span> <span class='ocrx_word' id='word_1_482' title='bbox 1755 1177 1873 1212; x_wconf 65' lang='grc' dir='ltr'>ἐνεργὸν,</span> 
     </span>
    </p>
   </div>
   <div class='ocr_carea' id='block_1_68' title="bbox 1090 1223 1874 1261">
    <p class='ocr_par' dir='ltr' id='par_1_68' title="bbox 1090 1223 1874 1261">
     <span class='ocr_line' id='line_1_68' title="bbox 1090 1223 1874 1261; baseline -0.004 -10"><span class='ocrx_word' id='word_1_483' title='bbox 1090 1225 1145 1251; x_wconf 88' lang='grc' dir='ltr'>οὐδ’</span> <span class='ocrx_word' id='word_1_484' title='bbox 1159 1223 1195 1260; x_wconf 79' lang='grc' dir='ltr'>ἦν</span> <span class='ocrx_word' id='word_1_485' title='bbox 1210 1226 1253 1252; x_wconf 75' lang='grc' dir='ltr'><strong>ἀεὶ</strong></span> <span class='ocrx_word' id='word_1_486' title='bbox 1268 1226 1422 1261; x_wconf 82' lang='grc' dir='ltr'>προσευχῆς</span> <span class='ocrx_word' id='word_1_487' title='bbox 1440 1223 1524 1257; x_wconf 74' lang='grc' dir='ltr'>οἶκος,</span> <span class='ocrx_word' id='word_1_488' title='bbox 1547 1224 1602 1252; x_wconf 87' lang='grc' dir='ltr'><strong>τῶν</strong></span> <span class='ocrx_word' id='word_1_489' title='bbox 1617 1224 1775 1259; x_wconf 74' lang='grc' dir='ltr'>εὐχομένων</span> <span class='ocrx_word' id='word_1_490' title='bbox 1794 1223 1874 1250; x_wconf 74' lang='grc' dir='ltr'>ἐνίοτε</span> 
     </span>
    </p>
   </div>
   <div class='ocr_carea' id='block_1_69' title="bbox 1090 1269 1876 1307">
    <p class='ocr_par' dir='ltr' id='par_1_69' title="bbox 1090 1269 1876 1307">
     <span class='ocr_line' id='line_1_69' title="bbox 1090 1269 1876 1307; baseline -0.004 -9"><span class='ocrx_word' id='word_1_491' title='bbox 1090 1271 1167 1302; x_wconf 56' lang='lat' dir='ltr'><strong>me;</strong></span> <span class='ocrx_word' id='word_1_492' title='bbox 1193 1271 1251 1298; x_wconf 78' lang='grc' dir='ltr'><strong>ὤν’</strong></span> <span class='ocrx_word' id='word_1_493' title='bbox 1272 1271 1452 1307; x_wconf 76' lang='grc' dir='ltr'>Χριστιανοὺς</span> <span class='ocrx_word' id='word_1_494' title='bbox 1479 1270 1507 1297; x_wconf 83' lang='grc' dir='ltr'>δὲ</span> <span class='ocrx_word' id='word_1_495' title='bbox 1530 1272 1564 1306; x_wconf 82' lang='grc' dir='ltr'><strong>τῇ</strong></span> <span class='ocrx_word' id='word_1_496' title='bbox 1591 1270 1638 1298; x_wconf 81' lang='grc' dir='ltr'><strong>τοῦ</strong></span> <span class='ocrx_word' id='word_1_497' title='bbox 1653 1269 1722 1296; x_wconf 84' lang='grc' dir='ltr'>Θεοῦ</span> <span class='ocrx_word' id='word_1_498' title='bbox 1748 1269 1876 1304; x_wconf 79' lang='grc' dir='ltr'>συνουσίᾳ</span> 
     </span>
    </p>
   </div>
   <div class='ocr_carea' id='block_1_70' title="bbox 1091 1316 1875 1352">
    <p class='ocr_par' dir='ltr' id='par_1_70' title="bbox 1091 1316 1875 1352">
     <span class='ocr_line' id='line_1_70' title="bbox 1091 1316 1875 1352; baseline -0.003 -9"><span class='ocrx_word' id='word_1_499' title='bbox 1091 1317 1271 1352; x_wconf 80' lang='grc' dir='ltr'>προσκεῖσθαι</span> <span class='ocrx_word' id='word_1_500' title='bbox 1281 1317 1334 1344; x_wconf 69' lang='grc' dir='ltr'>’τὸν</span> <span class='ocrx_word' id='word_1_501' title='bbox 1351 1317 1396 1344; x_wconf 77' lang='grc' dir='ltr'><strong>ἀεὶ</strong></span> <span class='ocrx_word' id='word_1_502' title='bbox 1411 1317 1507 1352; x_wconf 90' lang='grc' dir='ltr'>χρόνον</span> <span class='ocrx_word' id='word_1_503' title='bbox 1522 1316 1703 1348; x_wconf 79' lang='grc' dir='ltr'>ἀδιαλείπτως</span> <span class='ocrx_word' id='word_1_504' title='bbox 1725 1323 1875 1351; x_wconf 66' lang='grc' dir='ltr'>προσεύχου</span> 
     </span>
    </p>
   </div>
   <div class='ocr_carea' id='block_1_71' title="bbox 1092 1361 1874 1397">
    <p class='ocr_par' dir='ltr' id='par_1_71' title="bbox 1092 1361 1874 1397">
     <span class='ocr_line' id='line_1_71' title="bbox 1092 1361 1874 1397; baseline -0.001 -9"><span class='ocrx_word' id='word_1_505' title='bbox 1092 1362 1200 1397; x_wconf 79' lang='grc' dir='ltr'>μένους,</span> <span class='ocrx_word' id='word_1_506' title='bbox 1229 1363 1242 1389; x_wconf 81' lang='grc' dir='ltr'><strong>ό</strong></span> <span class='ocrx_word' id='word_1_507' title='bbox 1271 1362 1319 1389; x_wconf 86' lang='grc' dir='ltr'><strong>τοῦ</strong></span> <span class='ocrx_word' id='word_1_508' title='bbox 1349 1362 1457 1389; x_wconf 84' lang='grc' dir='ltr'>Παύλου</span> <span class='ocrx_word' id='word_1_509' title='bbox 1472 1361 1579 1389; x_wconf 81' lang='grc' dir='ltr'>κελεύει</span> <span class='ocrx_word' id='word_1_510' title='bbox 1601 1362 1693 1397; x_wconf 77' lang='grc' dir='ltr'>νόμος.</span> <span class='ocrx_word' id='word_1_511' title='bbox 1716 1362 1835 1388; x_wconf 80' lang='grc' dir='ltr'>Κάκεῖνο</span> <span class='ocrx_word' id='word_1_512' title='bbox 1849 1361 1874 1387; x_wconf 74' lang='grc' dir='ltr'>δὲ</span> 
     </span>
    </p>
   </div>
   <div class='ocr_carea' id='block_1_72' title="bbox 1091 1407 1874 1443">
    <p class='ocr_par' dir='ltr' id='par_1_72' title="bbox 1091 1407 1874 1443">
     <span class='ocr_line' id='line_1_72' title="bbox 1091 1407 1874 1443; baseline -0.004 -9"><span class='ocrx_word' id='word_1_513' title='bbox 1091 1408 1250 1443; x_wconf 85' lang='grc' dir='ltr'>συνορῶμεν</span> <span class='ocrx_word' id='word_1_514' title='bbox 1260 1417 1267 1424; x_wconf 87' lang='grc'>·</span> <span class='ocrx_word' id='word_1_515' title='bbox 1284 1409 1340 1435; x_wconf 83' lang='grc' dir='ltr'><strong>τῶν</strong></span> <span class='ocrx_word' id='word_1_516' title='bbox 1352 1408 1406 1443; x_wconf 74' lang='grc' dir='ltr'>γὰρ</span> <span class='ocrx_word' id='word_1_517' title='bbox 1420 1408 1508 1435; x_wconf 82' lang='grc' dir='ltr'>άλλων</span> <span class='ocrx_word' id='word_1_518' title='bbox 1523 1409 1537 1434; x_wconf 80' lang='grc' dir='ltr'><strong>ὁ</strong></span> <span class='ocrx_word' id='word_1_519' title='bbox 1556 1408 1652 1442; x_wconf 75' lang='grc' dir='ltr'>Σωτὴρ</span> <span class='ocrx_word' id='word_1_520' title='bbox 1668 1407 1874 1442; x_wconf 73' lang='grc' dir='ltr'>ἁμαρτημάτων</span> 
     </span>
    </p>
   </div>
   <div class='ocr_carea' id='block_1_73' title="bbox 1089 1451 1873 1488">
    <p class='ocr_par' dir='ltr' id='par_1_73' title="bbox 1089 1451 1873 1488">
     <span class='ocr_line' id='line_1_73' title="bbox 1089 1451 1873 1488; baseline -0.004 -8"><span class='ocrx_word' id='word_1_521' title='bbox 1089 1454 1179 1487; x_wconf 86' lang='grc' dir='ltr'>λόγοις</span> <span class='ocrx_word' id='word_1_522' title='bbox 1193 1454 1310 1488; x_wconf 71' lang='grc' dir='ltr'>ἀπάγων</span> <span class='ocrx_word' id='word_1_523' title='bbox 1324 1453 1439 1480; x_wconf 71' lang='grc' dir='ltr'>ἐνταῦθα</span> <span class='ocrx_word' id='word_1_524' title='bbox 1466 1454 1514 1480; x_wconf 80' lang='grc' dir='ltr'>καὶ</span> <span class='ocrx_word' id='word_1_525' title='bbox 1536 1453 1647 1488; x_wconf 88' lang='grc' dir='ltr'>γλώσσῃ</span> <span class='ocrx_word' id='word_1_526' title='bbox 1674 1453 1809 1488; x_wconf 83' lang='grc' dir='ltr'>κέχρηται</span> <span class='ocrx_word' id='word_1_527' title='bbox 1830 1451 1873 1478; x_wconf 79' lang='grc' dir='ltr'>καὶ</span> 
     </span>
    </p>
   </div>
   <div class='ocr_carea' id='block_1_74' title="bbox 1089 1497 1873 1534">
    <p class='ocr_par' dir='ltr' id='par_1_74' title="bbox 1089 1497 1873 1534">
     <span class='ocr_line' id='line_1_74' title="bbox 1089 1497 1873 1534; baseline 0.001 -9"><span class='ocrx_word' id='word_1_528' title='bbox 1089 1499 1165 1534; x_wconf 71' lang='grc' dir='ltr'>ὀργῆ</span> <span class='ocrx_word' id='word_1_529' title='bbox 1174 1499 1220 1525; x_wconf 75' lang='grc' dir='ltr'>καὶ</span> <span class='ocrx_word' id='word_1_530' title='bbox 1230 1498 1303 1533; x_wconf 76' lang='grc' dir='ltr'>χειρὶ</span> <span class='ocrx_word' id='word_1_531' title='bbox 1313 1499 1360 1525; x_wconf 80' lang='grc' dir='ltr'>καὶ</span> <span class='ocrx_word' id='word_1_532' title='bbox 1368 1499 1490 1534; x_wconf 75' lang='grc' dir='ltr'>μάστιγι,</span> <span class='ocrx_word' id='word_1_533' title='bbox 1500 1497 1802 1533; x_wconf 71' lang='grc' dir='ltr'>λογίζεσθαιπαρέχων,</span> <span class='ocrx_word' id='word_1_534' title='bbox 1812 1497 1873 1530; x_wconf 80' lang='grc' dir='ltr'>ὅσης</span> 
     </span>
    </p>
   </div>
   <div class='ocr_carea' id='block_1_75' title="bbox 1089 1542 1873 1579">
    <p class='ocr_par' dir='ltr' id='par_1_75' title="bbox 1089 1542 1873 1579">
     <span class='ocr_line' id='line_1_75' title="bbox 1089 1542 1873 1579; baseline -0.003 -8"><span class='ocrx_word' id='word_1_535' title='bbox 1089 1544 1160 1578; x_wconf 78' lang='grc' dir='ltr'>ἀξιοῖ</span> <span class='ocrx_word' id='word_1_536' title='bbox 1177 1545 1208 1571; x_wconf 72' lang='grc' dir='ltr'><strong>τὸ</strong></span> <span class='ocrx_word' id='word_1_537' title='bbox 1227 1545 1342 1579; x_wconf 82' lang='grc' dir='ltr'>πρᾶγμα</span> <span class='ocrx_word' id='word_1_538' title='bbox 1366 1544 1495 1579; x_wconf 82' lang='grc' dir='ltr'>σπουδῆς.</span> <span class='ocrx_word' id='word_1_539' title='bbox 1511 1544 1603 1571; x_wconf 87' lang='grc' dir='ltr'>Ταῦτα</span> <span class='ocrx_word' id='word_1_540' title='bbox 1624 1544 1679 1579; x_wconf 74' lang='grc' dir='ltr'>γὰρ</span> <span class='ocrx_word' id='word_1_541' title='bbox 1694 1544 1723 1570; x_wconf 85' lang='grc' dir='ltr'>οὐ</span> <span class='ocrx_word' id='word_1_542' title='bbox 1745 1545 1792 1571; x_wconf 81' lang='grc' dir='ltr'>τὸν</span> <span class='ocrx_word' id='word_1_543' title='bbox 1809 1542 1873 1569; x_wconf 81' lang='grc' dir='ltr'>νεὼν</span> 
     </span>
    </p>
   </div>
   <div class='ocr_carea' id='block_1_76' title="bbox 1089 1588 1874 1624">
    <p class='ocr_par' dir='ltr' id='par_1_76' title="bbox 1089 1588 1874 1624">
     <span class='ocr_line' id='line_1_76' title="bbox 1089 1588 1874 1624; baseline -0.005 -8"><span class='ocrx_word' id='word_1_544' title='bbox 1089 1590 1217 1616; x_wconf 80' lang='grc' dir='ltr'>τοσοῦτον</span> <span class='ocrx_word' id='word_1_545' title='bbox 1246 1591 1350 1616; x_wconf 77' lang='grc' dir='ltr'>έκεῖνον</span> <span class='ocrx_word' id='word_1_546' title='bbox 1379 1589 1541 1624; x_wconf 82' lang='grc' dir='ltr'>βουλομένου</span> <span class='ocrx_word' id='word_1_547' title='bbox 1566 1588 1720 1624; x_wconf 76' lang='grc' dir='ltr'>σεμνύνειν,</span> <span class='ocrx_word' id='word_1_548' title='bbox 1737 1589 1769 1615; x_wconf 78' lang='grc' dir='ltr'>ὃν</span> <span class='ocrx_word' id='word_1_549' title='bbox 1793 1595 1874 1615; x_wconf 81' lang='grc' dir='ltr'>κατα-</span> 
     </span>
    </p>
   </div>
   <div class='ocr_carea' id='block_1_77' title="bbox 1091 1636 1872 1672">
    <p class='ocr_par' dir='ltr' id='par_1_77' title="bbox 1091 1636 1872 1672">
     <span class='ocr_line' id='line_1_77' title="bbox 1091 1636 1872 1672; baseline -0.004 -9"><span class='ocrx_word' id='word_1_550' title='bbox 1091 1637 1283 1671; x_wconf 77' lang='grc' dir='ltr'>σκαπτόμενον</span> <span class='ocrx_word' id='word_1_551' title='bbox 1299 1637 1448 1672; x_wconf 76' lang='grc' dir='ltr'>περιεῖδεν,</span> <span class='ocrx_word' id='word_1_552' title='bbox 1465 1638 1528 1664; x_wconf 79' lang='grc' dir='ltr'>ὅσον</span> <span class='ocrx_word' id='word_1_553' title='bbox 1547 1637 1601 1664; x_wconf 86' lang='grc' dir='ltr'><strong>τῶν</strong></span> <span class='ocrx_word' id='word_1_554' title='bbox 1623 1636 1725 1663; x_wconf 81' lang='grc' dir='ltr'>πιστῶν</span> <span class='ocrx_word' id='word_1_555' title='bbox 1750 1636 1872 1667; x_wconf 77' lang='grc' dir='ltr'>ἕκαστον,</span> 
     </span>
    </p>
   </div>
   <div class='ocr_carea' id='block_1_78' title="bbox 1089 1681 1873 1719">
    <p class='ocr_par' dir='ltr' id='par_1_78' title="bbox 1089 1681 1873 1719">
     <span class='ocr_line' id='line_1_78' title="bbox 1089 1681 1873 1719; baseline -0.003 -10"><span class='ocrx_word' id='word_1_556' title='bbox 1089 1683 1154 1717; x_wconf 82' lang='grc' dir='ltr'>παρ’</span> <span class='ocrx_word' id='word_1_557' title='bbox 1168 1682 1209 1714; x_wconf 75' lang='grc' dir='ltr'><strong>οἷς</strong></span> <span class='ocrx_word' id='word_1_558' title='bbox 1226 1681 1413 1718; x_wconf 70' lang='grc' dir='ltr'>ἐπηγγείλατο</span> <span class='ocrx_word' id='word_1_559' title='bbox 1427 1684 1529 1718; x_wconf 86' lang='grc' dir='ltr'>μένειν,</span> <span class='ocrx_word' id='word_1_560' title='bbox 1549 1684 1685 1719; x_wconf 83' lang='grc' dir='ltr'>μερίμνης</span> <span class='ocrx_word' id='word_1_561' title='bbox 1700 1681 1873 1718; x_wconf 76' lang='grc' dir='ltr'>ἀπηλλάχθαι</span> 
     </span>
    </p>
   </div>
   <div class='ocr_carea' id='block_1_79' title="bbox 1089 1727 1872 1765">
    <p class='ocr_par' dir='ltr' id='par_1_79' title="bbox 1089 1727 1872 1765">
     <span class='ocr_line' id='line_1_79' title="bbox 1089 1727 1872 1765; baseline -0.004 -9"><span class='ocrx_word' id='word_1_562' title='bbox 1089 1729 1138 1756; x_wconf 70' lang='grc' dir='ltr'>καὶ</span> <span class='ocrx_word' id='word_1_563' title='bbox 1165 1730 1316 1764; x_wconf 77' lang='grc' dir='ltr'>φροντίδων</span> <span class='ocrx_word' id='word_1_564' title='bbox 1342 1731 1405 1756; x_wconf 81' lang='grc' dir='ltr'>ὅσου</span> <span class='ocrx_word' id='word_1_565' title='bbox 1433 1731 1564 1764; x_wconf 83' lang='grc' dir='ltr'>τιμᾶται,</span> <span class='ocrx_word' id='word_1_566' title='bbox 1588 1730 1745 1762; x_wconf 82' lang='grc' dir='ltr'>δεικνύντος</span> <span class='ocrx_word' id='word_1_567' title='bbox 1764 1727 1808 1765; x_wconf 76' lang='grc' dir='ltr'><strong>ἦν.</strong></span> <span class='ocrx_word' id='word_1_568' title='bbox 1829 1728 1872 1755; x_wconf 77' lang='grc' dir='ltr'>καὶ</span> 
     </span>
    </p>
   </div>
   <div class='ocr_carea' id='block_1_80' title="bbox 1089 1773 1872 1810">
    <p class='ocr_par' dir='ltr' id='par_1_80' title="bbox 1089 1773 1872 1810">
     <span class='ocr_line' id='line_1_80' title="bbox 1089 1773 1872 1810; baseline 0.003 -9"><span class='ocrx_word' id='word_1_569' title='bbox 1089 1774 1148 1808; x_wconf 78' lang='grc' dir='ltr'>ἅμα</span> <span class='ocrx_word' id='word_1_570' title='bbox 1161 1774 1198 1805; x_wconf 77' lang='grc' dir='ltr'>ὡς</span> <span class='ocrx_word' id='word_1_571' title='bbox 1215 1774 1312 1810; x_wconf 73' lang='grc' dir='ltr'>ίταμδν</span> <span class='ocrx_word' id='word_1_572' title='bbox 1325 1775 1355 1801; x_wconf 87' lang='grc' dir='ltr'>τὸ</span> <span class='ocrx_word' id='word_1_573' title='bbox 1371 1775 1467 1808; x_wconf 72' lang='grc' dir='ltr'>πάθος,</span> <span class='ocrx_word' id='word_1_574' title='bbox 1479 1776 1525 1802; x_wconf 67' lang='grc' dir='ltr'>καὶ</span> <span class='ocrx_word' id='word_1_575' title='bbox 1537 1775 1615 1810; x_wconf 82' lang='grc' dir='ltr'>χρεία</span> <span class='ocrx_word' id='word_1_576' title='bbox 1627 1775 1714 1810; x_wconf 81' lang='grc' dir='ltr'>θυμοῦ</span> <span class='ocrx_word' id='word_1_577' title='bbox 1730 1776 1779 1802; x_wconf 73' lang='grc' dir='ltr'><strong>καὶ</strong></span> <span class='ocrx_word' id='word_1_578' title='bbox 1787 1773 1872 1810; x_wconf 76' lang='grc' dir='ltr'>ψυχῆς</span> 
     </span>
    </p>
   </div>
   <div class='ocr_carea' id='block_1_81' title="bbox 1090 1820 1872 1856">
    <p class='ocr_par' dir='ltr' id='par_1_81' title="bbox 1090 1820 1872 1856">
     <span class='ocr_line' id='line_1_81' title="bbox 1090 1820 1872 1856; baseline 0 -10"><span class='ocrx_word' id='word_1_579' title='bbox 1090 1820 1214 1855; x_wconf 68' lang='grc' dir='ltr'>ἑστώσης</span> <span class='ocrx_word' id='word_1_580' title='bbox 1228 1822 1275 1848; x_wconf 79' lang='grc' dir='ltr'>καὶ</span> <span class='ocrx_word' id='word_1_581' title='bbox 1290 1820 1422 1856; x_wconf 77' lang='grc' dir='ltr'>νήφοντος</span> <span class='ocrx_word' id='word_1_582' title='bbox 1435 1821 1578 1856; x_wconf 84' lang='grc' dir='ltr'>λογισμοῦ,</span> <span class='ocrx_word' id='word_1_583' title='bbox 1594 1821 1639 1847; x_wconf 80' lang='grc' dir='ltr'>καὶ</span> <span class='ocrx_word' id='word_1_584' title='bbox 1655 1821 1708 1856; x_wconf 85' lang='grc' dir='ltr'><strong>πρό</strong></span> <span class='ocrx_word' id='word_1_585' title='bbox 1725 1823 1758 1855; x_wconf 84' lang='grc' dir='ltr'>γε</span> <span class='ocrx_word' id='word_1_586' title='bbox 1774 1820 1872 1847; x_wconf 88' lang='grc' dir='ltr'>τούτων</span> 
     </span>
    </p>
   </div>
   <div class='ocr_carea' id='block_1_82' title="bbox 1089 1866 1872 1902">
    <p class='ocr_par' dir='ltr' id='par_1_82' title="bbox 1089 1866 1872 1902">
     <span class='ocr_line' id='line_1_82' title="bbox 1089 1866 1872 1902; baseline -0.003 -8"><span class='ocrx_word' id='word_1_587' title='bbox 1089 1867 1175 1901; x_wconf 82' lang='grc' dir='ltr'>αὐτῆς</span> <span class='ocrx_word' id='word_1_588' title='bbox 1202 1868 1251 1901; x_wconf 75' lang='grc' dir='ltr'><strong>τῆς</strong></span> <span class='ocrx_word' id='word_1_589' title='bbox 1281 1868 1374 1902; x_wconf 80' lang='grc' dir='ltr'>χειρὸς</span> <span class='ocrx_word' id='word_1_590' title='bbox 1393 1867 1440 1894; x_wconf 84' lang='grc' dir='ltr'><strong>τοῦ</strong></span> <span class='ocrx_word' id='word_1_591' title='bbox 1462 1867 1598 1902; x_wconf 82' lang='grc' dir='ltr'>Σωτῆρος,</span> <span class='ocrx_word' id='word_1_592' title='bbox 1621 1867 1651 1893; x_wconf 75' lang='grc' dir='ltr'>ὃν</span> <span class='ocrx_word' id='word_1_593' title='bbox 1674 1867 1750 1893; x_wconf 71' lang='grc' dir='ltr'>ἔνδον</span> <span class='ocrx_word' id='word_1_594' title='bbox 1774 1866 1811 1901; x_wconf 79' lang='grc' dir='ltr'><strong>μὴ</strong></span> <span class='ocrx_word' id='word_1_595' title='bbox 1827 1866 1872 1892; x_wconf 88' lang='grc' dir='ltr'>λσ-</span> 
     </span>
    </p>
   </div>
   <div class='ocr_carea' id='block_1_83' title="bbox 1089 1912 1872 1949">
    <p class='ocr_par' dir='ltr' id='par_1_83' title="bbox 1089 1912 1872 1949">
     <span class='ocr_line' id='line_1_83' title="bbox 1089 1912 1872 1949; baseline -0.003 -10"><span class='ocrx_word' id='word_1_596' title='bbox 1089 1913 1186 1944; x_wconf 76' lang='grc' dir='ltr'>ῦόντας</span> <span class='ocrx_word' id='word_1_597' title='bbox 1208 1913 1255 1939; x_wconf 79' lang='grc' dir='ltr'>τὸν</span> <span class='ocrx_word' id='word_1_598' title='bbox 1273 1913 1389 1946; x_wconf 80' lang='grc' dir='ltr'>θόρυϐον</span> <span class='ocrx_word' id='word_1_599' title='bbox 1408 1913 1550 1949; x_wconf 76' lang='grc' dir='ltr'>ἀμήχανον</span> <span class='ocrx_word' id='word_1_600' title='bbox 1565 1913 1701 1940; x_wconf 72' lang='grc' dir='ltr'>ἐκϐαλεῖν.</span> <span class='ocrx_word' id='word_1_601' title='bbox 1723 1913 1774 1939; x_wconf 84' lang='grc' dir='ltr'><strong>Διά</strong></span> <span class='ocrx_word' id='word_1_602' title='bbox 1790 1912 1872 1939; x_wconf 82' lang='grc' dir='ltr'>ταῦτα</span> 
     </span>
    </p>
   </div>
   <div class='ocr_carea' id='block_1_84' title="bbox 1088 1952 1873 1994">
    <p class='ocr_par' dir='ltr' id='par_1_84' title="bbox 1088 1952 1873 1994">
     <span class='ocr_line' id='line_1_84' title="bbox 1088 1952 1873 1994; baseline -0.001 -10"><span class='ocrx_word' id='word_1_603' title='bbox 1088 1959 1120 1985; x_wconf 80' lang='grc' dir='ltr'>τὸ</span> <span class='ocrx_word' id='word_1_604' title='bbox 1144 1958 1284 1994; x_wconf 84' lang='grc' dir='ltr'>ίερόσυλον</span> <span class='ocrx_word' id='word_1_605' title='bbox 1301 1959 1410 1994; x_wconf 82' lang='grc' dir='ltr'>θανάτῳ</span> <span class='ocrx_word' id='word_1_606' title='bbox 1424 1957 1591 1994; x_wconf 78' lang='grc' dir='ltr'>ζημιοῦσθαι</span> <span class='ocrx_word' id='word_1_607' title='bbox 1614 1958 1697 1994; x_wconf 87' lang='grc' dir='ltr'>νόμος</span> <span class='ocrx_word' id='word_1_608' title='bbox 1711 1952 1873 1990; x_wconf 37' lang='grc' dir='ltr'>Εκειτοζκαὶ</span> 
     </span>
    </p>
   </div>
   <div class='ocr_carea' id='block_1_85' title="bbox 1088 2005 1870 2041">
    <p class='ocr_par' dir='ltr' id='par_1_85' title="bbox 1088 2005 1870 2041">
     <span class='ocr_line' id='line_1_85' title="bbox 1088 2005 1870 2041; baseline -0.003 -10"><span class='ocrx_word' id='word_1_609' title='bbox 1088 2006 1145 2036; x_wconf 78' lang='grc' dir='ltr'>τοῖς</span> <span class='ocrx_word' id='word_1_610' title='bbox 1168 2005 1224 2032; x_wconf 88' lang='grc' dir='ltr'><strong>τῶν</strong></span> <span class='ocrx_word' id='word_1_611' title='bbox 1250 2005 1337 2040; x_wconf 72' lang='grc' dir='ltr'>ἁγίων</span> <span class='ocrx_word' id='word_1_612' title='bbox 1362 2005 1464 2040; x_wconf 84' lang='grc' dir='ltr'>Ἀγίοις</span> <span class='ocrx_word' id='word_1_613' title='bbox 1487 2005 1743 2041; x_wconf 84' lang='grc' dir='ltr'>παραπετάσματος</span> <span class='ocrx_word' id='word_1_614' title='bbox 1769 2005 1870 2038; x_wconf 71' lang='grc' dir='ltr'>ἐδέησε.</span> 
     </span>
    </p>
   </div>
   <div class='ocr_carea' id='block_1_86' title="bbox 1095 2051 1872 2088">
    <p class='ocr_par' dir='ltr' id='par_1_86' title="bbox 1095 2051 1872 2088">
     <span class='ocr_line' id='line_1_86' title="bbox 1095 2051 1872 2088; baseline -0.004 -9"><span class='ocrx_word' id='word_1_615' title='bbox 1095 2053 1160 2084; x_wconf 76' lang='grc' dir='ltr'><strong>Ὀξὰ</strong></span> <span class='ocrx_word' id='word_1_616' title='bbox 1187 2052 1344 2088; x_wconf 77' lang='grc' dir='ltr'>ἀπέθνησκε</span> <span class='ocrx_word' id='word_1_617' title='bbox 1367 2054 1400 2088; x_wconf 76' lang='grc' dir='ltr'>τῇ</span> <span class='ocrx_word' id='word_1_618' title='bbox 1428 2051 1538 2086; x_wconf 74' lang='grc' dir='ltr'>κιϐωτῷ</span> <span class='ocrx_word' id='word_1_619' title='bbox 1564 2051 1767 2087; x_wconf 80' lang='grc' dir='ltr'>περιτραπείσῃ</span> <span class='ocrx_word' id='word_1_620' title='bbox 1798 2052 1872 2087; x_wconf 76' lang='grc' dir='ltr'>χεῖρα</span> 
     </span>
    </p>
   </div>
   <div class='ocr_carea' id='block_1_87' title="bbox 1090 2096 1872 2134">
    <p class='ocr_par' dir='ltr' id='par_1_87' title="bbox 1090 2096 1872 2134">
     <span class='ocr_line' id='line_1_87' title="bbox 1090 2096 1872 2134; baseline -0.004 -9"><span class='ocrx_word' id='word_1_621' title='bbox 1090 2099 1203 2134; x_wconf 75' lang='grc' dir='ltr'>βέϐηλον</span> <span class='ocrx_word' id='word_1_622' title='bbox 1229 2098 1373 2133; x_wconf 77' lang='grc' dir='ltr'>ὑποσχὼν,</span> <span class='ocrx_word' id='word_1_623' title='bbox 1400 2098 1446 2124; x_wconf 78' lang='grc' dir='ltr'>καὶ</span> <span class='ocrx_word' id='word_1_624' title='bbox 1477 2097 1570 2130; x_wconf 73' lang='grc' dir='ltr'>Ὀζίας</span> <span class='ocrx_word' id='word_1_625' title='bbox 1589 2097 1695 2133; x_wconf 79' lang='grc' dir='ltr'>λέπραν</span> <span class='ocrx_word' id='word_1_626' title='bbox 1710 2097 1767 2126; x_wconf 86' lang='grc' dir='ltr'><strong>τῶν</strong></span> <span class='ocrx_word' id='word_1_627' title='bbox 1797 2096 1872 2131; x_wconf 74' lang='grc' dir='ltr'>ἱερῶν</span> 
     </span>
    </p>
   </div>
   <div class='ocr_carea' id='block_1_88' title="bbox 1088 2143 1872 2178">
    <p class='ocr_par' dir='ltr' id='par_1_88' title="bbox 1088 2143 1872 2178">
     <span class='ocr_line' id='line_1_88' title="bbox 1088 2143 1872 2178; baseline -0.003 -7"><span class='ocrx_word' id='word_1_628' title='bbox 1088 2145 1229 2176; x_wconf 84' lang='grc' dir='ltr'>ἀπώνατο,</span> <span class='ocrx_word' id='word_1_629' title='bbox 1247 2144 1295 2171; x_wconf 77' lang='grc' dir='ltr'>καὶ</span> <span class='ocrx_word' id='word_1_630' title='bbox 1312 2143 1398 2170; x_wconf 78' lang='grc' dir='ltr'>πολλὰ</span> <span class='ocrx_word' id='word_1_631' title='bbox 1422 2143 1455 2178; x_wconf 85' lang='grc' dir='ltr'>δὴ</span> <span class='ocrx_word' id='word_1_632' title='bbox 1474 2143 1589 2170; x_wconf 80' lang='grc' dir='ltr'>τοιαῦτα</span> <span class='ocrx_word' id='word_1_633' title='bbox 1613 2144 1647 2178; x_wconf 81' lang='grc' dir='ltr'><strong>τῇ</strong></span> <span class='ocrx_word' id='word_1_634' title='bbox 1670 2143 1872 2178; x_wconf 77' lang='grc' dir='ltr'>βεϐαπτισμένῃ</span> 
     </span>
    </p>
   </div>
   <div class='ocr_carea' id='block_1_89' title="bbox 1088 2188 1872 2226">
    <p class='ocr_par' dir='ltr' id='par_1_89' title="bbox 1088 2188 1872 2226">
     <span class='ocr_line' id='line_1_89' title="bbox 1088 2188 1872 2226; baseline -0.006 -9"><span class='ocrx_word' id='word_1_635' title='bbox 1088 2191 1161 2226; x_wconf 81' lang='grc' dir='ltr'>ψυχῇ</span> <span class='ocrx_word' id='word_1_636' title='bbox 1178 2191 1209 2217; x_wconf 76' lang='grc' dir='ltr'>τὸ</span> <span class='ocrx_word' id='word_1_637' title='bbox 1231 2189 1360 2226; x_wconf 86' lang='grc' dir='ltr'>καθαρῶς</span> <span class='ocrx_word' id='word_1_638' title='bbox 1376 2189 1475 2217; x_wconf 74' lang='grc' dir='ltr'>ἄσυλον</span> <span class='ocrx_word' id='word_1_639' title='bbox 1490 2188 1530 2224; x_wconf 86' lang='grc' dir='ltr'><strong>τῷ</strong></span> <span class='ocrx_word' id='word_1_640' title='bbox 1544 2188 1664 2224; x_wconf 84' lang='grc' dir='ltr'>ἀληθινῷ</span> <span class='ocrx_word' id='word_1_641' title='bbox 1680 2188 1751 2215; x_wconf 82' lang='grc' dir='ltr'>Θεοῦ</span> <span class='ocrx_word' id='word_1_642' title='bbox 1768 2188 1872 2223; x_wconf 78' lang='grc' dir='ltr'>τεμένει</span> 
     </span>
    </p>
   </div>
   <div class='ocr_carea' id='block_1_90' title="bbox 248 2226 1037 2271">
    <p class='ocr_par' dir='ltr' id='par_1_90' title="bbox 248 2226 1037 2261">
     <span class='ocr_line' id='line_1_90' title="bbox 248 2226 1037 2261; baseline -0.004 -5"><span class='ocrx_word' id='word_1_643' title='bbox 248 2229 375 2256; x_wconf 82' lang='lat' dir='ltr'><strong>vetttibus</strong></span> <span class='ocrx_word' id='word_1_644' title='bbox 397 2229 423 2255; x_wconf 93' lang='lat' dir='ltr'><strong>in</strong></span> <span class='ocrx_word' id='word_1_645' title='bbox 441 2228 551 2256; x_wconf 85' lang='lat' dir='ltr'><strong>Christo</strong></span> <span class='ocrx_word' id='word_1_646' title='bbox 573 2234 668 2261; x_wconf 87' lang='lat' dir='ltr'><strong>puram</strong></span> <span class='ocrx_word' id='word_1_647' title='bbox 693 2234 707 2253; x_wconf 90' lang='lat' dir='ltr'><strong>a</strong></span> <span class='ocrx_word' id='word_1_648' title='bbox 729 2226 912 2254; x_wconf 84' lang='lat' dir='ltr'><strong>sollicitudine</strong></span> <span class='ocrx_word' id='word_1_649' title='bbox 937 2226 1037 2254; x_wconf 84' lang='lat' dir='ltr'><strong>habere</strong></span> 
     </span>
    </p>
   </div>
   <div class='ocr_carea' id='block_1_91' title="bbox 1090 2226 1871 2271">
    <p class='ocr_par' dir='ltr' id='par_1_91' title="bbox 1090 2233 1871 2271">
     <span class='ocr_line' id='line_1_91' title="bbox 1090 2233 1871 2271; baseline -0.004 -8"><span class='ocrx_word' id='word_1_650' title='bbox 1090 2236 1241 2271; x_wconf 77' lang='grc' dir='ltr'>νομοθετεῖ.</span> <span class='ocrx_word' id='word_1_651' title='bbox 1253 2236 1303 2262; x_wconf 82' lang='grc' dir='ltr'>Διὰ</span> <span class='ocrx_word' id='word_1_652' title='bbox 1313 2235 1399 2262; x_wconf 71' lang='grc' dir='ltr'>ταῦτα</span> <span class='ocrx_word' id='word_1_653' title='bbox 1410 2236 1468 2267; x_wconf 81' lang='grc' dir='ltr'>τοῖς</span> <span class='ocrx_word' id='word_1_654' title='bbox 1479 2235 1508 2261; x_wconf 71' lang='grc' dir='ltr'>ἑν</span> <span class='ocrx_word' id='word_1_655' title='bbox 1519 2234 1630 2270; x_wconf 85' lang='grc' dir='ltr'>Χριστῷ</span> <span class='ocrx_word' id='word_1_656' title='bbox 1644 2233 1729 2267; x_wconf 77' lang='grc' dir='ltr'>ζῶσιν</span> <span class='ocrx_word' id='word_1_657' title='bbox 1741 2233 1871 2268; x_wconf 81' lang='grc' dir='ltr'>εἰλικρινῆ</span> 
     </span>
    </p>
   </div>
   <div class='ocr_carea' id='block_1_92' title="bbox 248 2273 1033 2308">
    <p class='ocr_par' dir='ltr' id='par_1_92' title="bbox 248 2273 1033 2308">
     <span class='ocr_line' id='line_1_92' title="bbox 248 2273 1033 2308; baseline -0.001 -6"><span class='ocrx_word' id='word_1_658' title='bbox 248 2276 377 2306; x_wconf 82' lang='lat' dir='ltr'><strong>animam,</strong></span> <span class='ocrx_word' id='word_1_659' title='bbox 393 2274 420 2301; x_wconf 91' lang='lat' dir='ltr'><strong>in</strong></span> <span class='ocrx_word' id='word_1_660' title='bbox 444 2281 543 2308; x_wconf 76' lang='lat' dir='ltr'><strong>magno</strong></span> <span class='ocrx_word' id='word_1_661' title='bbox 561 2273 666 2300; x_wconf 79' lang='lat' dir='ltr'><strong>videtur</strong></span> <span class='ocrx_word' id='word_1_662' title='bbox 690 2281 750 2303; x_wconf 84' lang='lat' dir='ltr'><strong>esse</strong></span> <span class='ocrx_word' id='word_1_663' title='bbox 765 2273 869 2306; x_wconf 82' lang='lat' dir='ltr'><strong>pretio;</strong></span> <span class='ocrx_word' id='word_1_664' title='bbox 890 2277 915 2300; x_wconf 89' lang='lat' dir='ltr'><strong>et</strong></span> <span class='ocrx_word' id='word_1_665' title='bbox 932 2273 955 2300; x_wconf 79' lang='lat' dir='ltr'><strong>si</strong></span> <span class='ocrx_word' id='word_1_666' title='bbox 970 2273 1033 2308; x_wconf 89' lang='lat' dir='ltr'><strong>quid</strong></span> 
     </span>
    </p>
   </div>
   <div class='ocr_carea' id='block_1_93' title="bbox 248 2319 1036 2356">
    <p class='ocr_par' dir='ltr' id='par_1_93' title="bbox 248 2319 1036 2356">
     <span class='ocr_line' id='line_1_93' title="bbox 248 2319 1036 2356; baseline -0.004 -8"><span class='ocrx_word' id='word_1_667' title='bbox 248 2330 344 2349; x_wconf 75' lang='lat' dir='ltr'><strong>torum</strong></span> <span class='ocrx_word' id='word_1_668' title='bbox 363 2328 424 2356; x_wconf 76' lang='lat' dir='ltr'><strong>qute</strong></span> <span class='ocrx_word' id='word_1_669' title='bbox 440 2321 567 2347; x_wconf 88' lang='lat' dir='ltr'><strong>videntur</strong></span> <span class='ocrx_word' id='word_1_670' title='bbox 585 2326 646 2347; x_wconf 84' lang='lat' dir='ltr'><strong>esse</strong></span> <span class='ocrx_word' id='word_1_671' title='bbox 667 2319 744 2346; x_wconf 90' lang='lat' dir='ltr'><strong>utilia</strong></span> <span class='ocrx_word' id='word_1_672' title='bbox 766 2319 930 2346; x_wconf 69' lang='lat' dir='ltr'><strong>voluntatem</strong></span> <span class='ocrx_word' id='word_1_673' title='bbox 952 2327 1036 2354; x_wconf 76' lang='lat' dir='ltr'><strong>pene-</strong></span> 
     </span>
    </p>
   </div>
   <div class='ocr_carea' id='block_1_94' title="bbox 250 2365 1035 2401">
    <p class='ocr_par' dir='ltr' id='par_1_94' title="bbox 250 2365 1035 2401">
     <span class='ocr_line' id='line_1_94' title="bbox 250 2365 1035 2401; baseline -0.004 -6"><span class='ocrx_word' id='word_1_674' title='bbox 250 2373 313 2399; x_wconf 85' lang='lat' dir='ltr'><strong>trat,</strong></span> <span class='ocrx_word' id='word_1_675' title='bbox 336 2374 390 2394; x_wconf 86' lang='lat' dir='ltr'><strong>non</strong></span> <span class='ocrx_word' id='word_1_676' title='bbox 407 2367 536 2401; x_wconf 85' lang='lat' dir='ltr'><strong>pervertit</strong></span> <span class='ocrx_word' id='word_1_677' title='bbox 555 2373 678 2397; x_wconf 72' lang='lat' dir='ltr'><strong>sensum,</strong></span> <span class='ocrx_word' id='word_1_678' title='bbox 695 2365 925 2400; x_wconf 88' lang='lat' dir='ltr'><strong>qttentadmodutn</strong></span> <span class='ocrx_word' id='word_1_679' title='bbox 945 2365 1035 2398; x_wconf 82' lang='lat' dir='ltr'><strong>Petro,</strong></span> 
     </span>
    </p>
   </div>
   <div class='ocr_carea' id='block_1_95' title="bbox 250 2411 1035 2444">
    <p class='ocr_par' dir='ltr' id='par_1_95' title="bbox 250 2411 1035 2444">
     <span class='ocr_line' id='line_1_95' title="bbox 250 2411 1035 2444; baseline 0.001 -6"><span class='ocrx_word' id='word_1_680' title='bbox 250 2422 312 2440; x_wconf 71' lang='lat' dir='ltr'><strong>rum</strong></span> <span class='ocrx_word' id='word_1_681' title='bbox 339 2416 481 2439; x_wconf 89' lang='lat' dir='ltr'><strong>vocantem</strong></span> <span class='ocrx_word' id='word_1_682' title='bbox 512 2411 680 2438; x_wconf 82' lang='lat' dir='ltr'><strong>Salvatorem</strong></span> <span class='ocrx_word' id='word_1_683' title='bbox 705 2411 820 2444; x_wconf 81' lang='lat' dir='ltr'><strong>audivit,</strong></span> <span class='ocrx_word' id='word_1_684' title='bbox 850 2412 882 2439; x_wconf 86' lang='lat' dir='ltr'><strong>de</strong></span> <span class='ocrx_word' id='word_1_685' title='bbox 907 2411 990 2440; x_wconf 86' lang='lat' dir='ltr'><strong>rebus</strong></span> <span class='ocrx_word' id='word_1_686' title='bbox 1010 2412 1035 2439; x_wconf 90' lang='lat' dir='ltr'><strong>in</strong></span> 
     </span>
    </p>
   </div>
   <div class='ocr_carea' id='block_1_96' title="bbox 250 2456 1035 2493">
    <p class='ocr_par' dir='ltr' id='par_1_96' title="bbox 250 2456 1035 2493">
     <span class='ocr_line' id='line_1_96' title="bbox 250 2456 1035 2493; baseline -0.003 -6"><span class='ocrx_word' id='word_1_687' title='bbox 250 2466 332 2487; x_wconf 83' lang='lat' dir='ltr'><strong>mauu</strong></span> <span class='ocrx_word' id='word_1_688' title='bbox 351 2458 450 2485; x_wconf 80' lang='lat' dir='ltr'><strong>habitis</strong></span> <span class='ocrx_word' id='word_1_689' title='bbox 466 2457 538 2484; x_wconf 85' lang='lat' dir='ltr'><strong>nulla</strong></span> <span class='ocrx_word' id='word_1_690' title='bbox 560 2465 625 2484; x_wconf 83' lang='lat' dir='ltr'><strong>cura</strong></span> <span class='ocrx_word' id='word_1_691' title='bbox 644 2456 704 2484; x_wconf 76' lang='lat' dir='ltr'><strong>fuit.</strong></span> <span class='ocrx_word' id='word_1_692' title='bbox 727 2457 834 2485; x_wconf 73' lang='lat' dir='ltr'><strong>Etenim</strong></span> <span class='ocrx_word' id='word_1_693' title='bbox 851 2462 877 2484; x_wconf 92' lang='lat' dir='ltr'><strong>ct</strong></span> <span class='ocrx_word' id='word_1_694' title='bbox 898 2458 948 2491; x_wconf 90' lang='lat' dir='ltr'><strong>ipsi</strong></span> <span class='ocrx_word' id='word_1_695' title='bbox 967 2466 1035 2493; x_wconf 88' lang='lat' dir='ltr'><strong>qua-</strong></span> 
     </span>
    </p>
   </div>
   <div class='ocr_carea' id='block_1_97' title="bbox 249 2504 1036 2539">
    <p class='ocr_par' dir='ltr' id='par_1_97' title="bbox 249 2504 1036 2539">
     <span class='ocr_line' id='line_1_97' title="bbox 249 2504 1036 2539; baseline 0.003 -9"><span class='ocrx_word' id='word_1_696' title='bbox 249 2507 311 2532; x_wconf 84' lang='lat' dir='ltr'><strong>dam</strong></span> <span class='ocrx_word' id='word_1_697' title='bbox 327 2504 470 2531; x_wconf 86' lang='lat' dir='ltr'><strong>vocatione</strong></span> <span class='ocrx_word' id='word_1_698' title='bbox 484 2509 614 2538; x_wconf 78' lang='lat' dir='ltr'><strong>perpetua</strong></span> <span class='ocrx_word' id='word_1_699' title='bbox 633 2509 765 2531; x_wconf 79' lang='lat' dir='ltr'><strong>vocantur</strong></span> <span class='ocrx_word' id='word_1_700' title='bbox 781 2512 828 2539; x_wconf 89' lang='lat' dir='ltr'><strong>per</strong></span> <span class='ocrx_word' id='word_1_701' title='bbox 843 2504 1006 2538; x_wconf 76' lang='lat' dir='ltr'><strong>iusottlptam</strong></span> <span class='ocrx_word' id='word_1_702' title='bbox 1021 2512 1036 2532; x_wconf 86' lang='lat' dir='ltr'><strong>a</strong></span> 
     </span>
    </p>
   </div>
   <div class='ocr_carea' id='block_1_98' title="bbox 251 2549 1035 2586">
    <p class='ocr_par' dir='ltr' id='par_1_98' title="bbox 251 2549 1035 2586">
     <span class='ocr_line' id='line_1_98' title="bbox 251 2549 1035 2586; baseline -0.001 -8"><span class='ocrx_word' id='word_1_703' title='bbox 251 2551 387 2586; x_wconf 81' lang='lat' dir='ltr'><strong>mysteriis</strong></span> <span class='ocrx_word' id='word_1_704' title='bbox 403 2550 428 2577; x_wconf 93' lang='lat' dir='ltr'><strong>in</strong></span> <span class='ocrx_word' id='word_1_705' title='bbox 445 2551 536 2577; x_wconf 89' lang='lat' dir='ltr'><strong>anima</strong></span> <span class='ocrx_word' id='word_1_706' title='bbox 551 2549 678 2583; x_wconf 59' lang='lat' dir='ltr'><strong>gratiam,</strong></span> <span class='ocrx_word' id='word_1_707' title='bbox 691 2557 763 2585; x_wconf 69' lang='lat' dir='ltr'><strong>quae,</strong></span> <span class='ocrx_word' id='word_1_708' title='bbox 781 2551 852 2578; x_wconf 88' lang='lat' dir='ltr'><strong>sicut</strong></span> <span class='ocrx_word' id='word_1_709' title='bbox 871 2551 909 2577; x_wconf 83' lang='lat' dir='ltr'><strong>ait</strong></span> <span class='ocrx_word' id='word_1_710' title='bbox 924 2551 1035 2584; x_wconf 66' lang='lat' dir='ltr'><strong>Paulus,</strong></span> 
     </span>
    </p>
   </div>
   <div class='ocr_carea' id='block_1_99' title="bbox 252 2595 1034 2632">
    <p class='ocr_par' dir='ltr' id='par_1_99' title="bbox 252 2595 1034 2632">
     <span class='ocr_line' id='line_1_99' title="bbox 252 2595 1034 2632; baseline 0.001 -8"><span class='ocrx_word' id='word_1_711' title='bbox 252 2608 261 2624; x_wconf 75' lang='grc' dir='ltr'><strong>ε</strong></span> <span class='ocrx_word' id='word_1_712' title='bbox 277 2603 321 2626; x_wconf 79' lang='lat' dir='ltr'><strong>est</strong></span> <span class='ocrx_word' id='word_1_713' title='bbox 340 2597 457 2632; x_wconf 88' lang='lat' dir='ltr'><strong>Spiritus</strong></span> <span class='ocrx_word' id='word_1_714' title='bbox 473 2596 533 2623; x_wconf 86' lang='lat' dir='ltr'><strong>Filii</strong></span> <span class='ocrx_word' id='word_1_715' title='bbox 549 2595 592 2624; x_wconf 85' lang='lat' dir='ltr'><strong>Dei</strong></span> <span class='ocrx_word' id='word_1_716' title='bbox 606 2596 728 2624; x_wconf 83' lang='lat' dir='ltr'><strong>clamans</strong></span> <span class='ocrx_word' id='word_1_717' title='bbox 747 2597 774 2624; x_wconf 95' lang='lat' dir='ltr'><strong>in</strong></span> <span class='ocrx_word' id='word_1_718' title='bbox 794 2597 876 2625; x_wconf 89' lang='lat' dir='ltr'><strong>corde</strong></span> <span class='ocrx_word' id='word_1_719' title='bbox 894 2597 1034 2632; x_wconf 86' lang='lat' dir='ltr'><strong>ipsorum:</strong></span> 
     </span>
    </p>
   </div>
   <div class='ocr_carea' id='block_1_100' title="bbox 247 2642 1037 2678">
    <p class='ocr_par' dir='ltr' id='par_1_100' title="bbox 247 2642 1037 2678">
     <span class='ocr_line' id='line_1_100' title="bbox 247 2642 1037 2678; baseline 0 -7"><span class='ocrx_word' id='word_1_720' title='bbox 247 2645 334 2676; x_wconf 81' lang='lat' dir='ltr'><strong>Abba,</strong></span> <span class='ocrx_word' id='word_1_721' title='bbox 352 2644 439 2671; x_wconf 82' lang='lat' dir='ltr'><strong>Pater.</strong></span> <span class='ocrx_word' id='word_1_722' title='bbox 459 2642 512 2670; x_wconf 82' lang='grc' dir='ltr'>»Ει</span> <span class='ocrx_word' id='word_1_723' title='bbox 537 2643 573 2670; x_wconf 85' lang='lat' dir='ltr'><strong>ita</strong></span> <span class='ocrx_word' id='word_1_724' title='bbox 585 2650 692 2677; x_wconf 83' lang='lat' dir='ltr'><strong>semper</strong></span> <span class='ocrx_word' id='word_1_725' title='bbox 708 2643 799 2670; x_wconf 81' lang='lat' dir='ltr'><strong>omnia</strong></span> <span class='ocrx_word' id='word_1_726' title='bbox 820 2643 984 2678; x_wconf 83' lang='lat' dir='ltr'><strong>despiciunt,</strong></span> <span class='ocrx_word' id='word_1_727' title='bbox 1008 2648 1037 2671; x_wconf 89' lang='lat' dir='ltr'><strong>ut</strong></span> 
     </span>
    </p>
   </div>
   <div class='ocr_carea' id='block_1_101' title="bbox 248 2688 1036 2724">
    <p class='ocr_par' dir='ltr' id='par_1_101' title="bbox 248 2688 1036 2724">
     <span class='ocr_line' id='line_1_101' title="bbox 248 2688 1036 2724; baseline -0.003 -7"><span class='ocrx_word' id='word_1_728' title='bbox 248 2697 356 2724; x_wconf 80' lang='lat' dir='ltr'><strong>semper</strong></span> <span class='ocrx_word' id='word_1_729' title='bbox 378 2688 515 2716; x_wconf 83' lang='lat' dir='ltr'><strong>Christum</strong></span> <span class='ocrx_word' id='word_1_730' title='bbox 533 2689 611 2723; x_wconf 89' lang='lat' dir='ltr'><strong>sequi</strong></span> <span class='ocrx_word' id='word_1_731' title='bbox 635 2688 755 2723; x_wconf 80' lang='lat' dir='ltr'><strong>possiut;</strong></span> <span class='ocrx_word' id='word_1_732' title='bbox 771 2689 902 2724; x_wconf 83' lang='lat' dir='ltr'><strong>quoniam</strong></span> <span class='ocrx_word' id='word_1_733' title='bbox 928 2697 980 2716; x_wconf 90' lang='lat' dir='ltr'><strong>non</strong></span> <span class='ocrx_word' id='word_1_734' title='bbox 995 2694 1036 2717; x_wconf 82' lang='lat' dir='ltr'><strong>est</strong></span> 
     </span>
    </p>
   </div>
   <div class='ocr_carea' id='block_1_102' title="bbox 246 2735 1035 2772">
    <p class='ocr_par' dir='ltr' id='par_1_102' title="bbox 246 2735 1035 2772">
     <span class='ocr_line' id='line_1_102' title="bbox 246 2735 1035 2772; baseline 0.001 -10"><span class='ocrx_word' id='word_1_735' title='bbox 246 2743 367 2769; x_wconf 68' lang='lat' dir='ltr'><strong>tequum,</strong></span> <span class='ocrx_word' id='word_1_736' title='bbox 384 2735 484 2768; x_wconf 82' lang='lat' dir='ltr'><strong>inquit,</strong></span> <span class='ocrx_word' id='word_1_737' title='bbox 506 2742 554 2763; x_wconf 86' lang='lat' dir='ltr'><strong>eos</strong></span> <span class='ocrx_word' id='word_1_738' title='bbox 572 2745 581 2761; x_wconf 85' lang='grc' dir='ltr'><strong>ι</strong></span> <span class='ocrx_word' id='word_1_739' title='bbox 598 2735 711 2762; x_wconf 83' lang='lat' dir='ltr'><strong>verbum</strong></span> <span class='ocrx_word' id='word_1_740' title='bbox 736 2735 794 2772; x_wconf 50' lang='lat' dir='ltr'><strong>Dei,</strong></span> <span class='ocrx_word' id='word_1_741' title='bbox 805 2735 993 2771; x_wconf 86' lang='lat' dir='ltr'><strong>derelinquere</strong></span> <span class='ocrx_word' id='word_1_742' title='bbox 1009 2742 1035 2763; x_wconf 88' lang='lat' dir='ltr'><strong>et</strong></span> 
     </span>
    </p>
   </div>
   <div class='ocr_carea' id='block_1_103' title="bbox 248 2781 1034 2817">
    <p class='ocr_par' dir='ltr' id='par_1_103' title="bbox 248 2781 1034 2817">
     <span class='ocr_line' id='line_1_103' title="bbox 248 2781 1034 2817; baseline 0.003 -9"><span class='ocrx_word' id='word_1_743' title='bbox 248 2783 405 2810; x_wconf 85' lang='lat' dir='ltr'><strong>ministrare</strong></span> <span class='ocrx_word' id='word_1_744' title='bbox 421 2782 534 2814; x_wconf 85' lang='lat' dir='ltr'><strong>mensis,</strong></span> <span class='ocrx_word' id='word_1_745' title='bbox 550 2792 559 2808; x_wconf 81' lang='grc' dir='ltr'><strong>ι</strong></span> <span class='ocrx_word' id='word_1_746' title='bbox 578 2782 667 2816; x_wconf 89' lang='lat' dir='ltr'><strong>pritno</strong></span> <span class='ocrx_word' id='word_1_747' title='bbox 679 2782 788 2816; x_wconf 88' lang='lat' dir='ltr'><strong>quidem</strong></span> <span class='ocrx_word' id='word_1_748' title='bbox 801 2782 872 2817; x_wconf 87' lang='lat' dir='ltr'><strong>quod</strong></span> <span class='ocrx_word' id='word_1_749' title='bbox 885 2782 952 2809; x_wconf 88' lang='lat' dir='ltr'><strong>nihil</strong></span> <span class='ocrx_word' id='word_1_750' title='bbox 967 2781 1034 2816; x_wconf 88' lang='lat' dir='ltr'><strong>ipsis</strong></span> 
     </span>
    </p>
   </div>
   <div class='ocr_carea' id='block_1_104' title="bbox 248 2829 1033 2864">
    <p class='ocr_par' dir='ltr' id='par_1_104' title="bbox 248 2829 1033 2864">
     <span class='ocr_line' id='line_1_104' title="bbox 248 2829 1033 2864; baseline 0.003 -10"><span class='ocrx_word' id='word_1_751' title='bbox 248 2835 303 2862; x_wconf 57' lang='lat' dir='ltr'><strong>pra:</strong></span> <span class='ocrx_word' id='word_1_752' title='bbox 330 2829 384 2856; x_wconf 88' lang='lat' dir='ltr'><strong>Deo</strong></span> <span class='ocrx_word' id='word_1_753' title='bbox 403 2834 462 2862; x_wconf 76' lang='lat' dir='ltr'><strong>est;</strong></span> <span class='ocrx_word' id='word_1_754' title='bbox 486 2829 582 2856; x_wconf 90' lang='lat' dir='ltr'><strong>deinde</strong></span> <span class='ocrx_word' id='word_1_755' title='bbox 607 2829 735 2864; x_wconf 85' lang='lat' dir='ltr'><strong>quoniam</strong></span> <span class='ocrx_word' id='word_1_756' title='bbox 769 2833 796 2856; x_wconf 86' lang='lat' dir='ltr'><strong>et</strong></span> <span class='ocrx_word' id='word_1_757' title='bbox 821 2834 917 2856; x_wconf 75' lang='lat' dir='ltr'><strong>caetera</strong></span> <span class='ocrx_word' id='word_1_758' title='bbox 943 2830 1033 2856; x_wconf 89' lang='lat' dir='ltr'><strong>omnia</strong></span> 
     </span>
    </p>
   </div>
   <div class='ocr_carea' id='block_1_105' title="bbox 248 2873 1034 2910">
    <p class='ocr_par' dir='ltr' id='par_1_105' title="bbox 248 2873 1034 2910">
     <span class='ocr_line' id='line_1_105' title="bbox 248 2873 1034 2910; baseline 0.005 -10"><span class='ocrx_word' id='word_1_759' title='bbox 248 2873 282 2900; x_wconf 86' lang='lat' dir='ltr'><strong>ab</strong></span> <span class='ocrx_word' id='word_1_760' title='bbox 308 2873 368 2908; x_wconf 78' lang='lat' dir='ltr'><strong>ipso</strong></span> <span class='ocrx_word' id='word_1_761' title='bbox 390 2874 524 2902; x_wconf 87' lang='lat' dir='ltr'><strong>bonorum</strong></span> <span class='ocrx_word' id='word_1_762' title='bbox 537 2874 660 2903; x_wconf 90' lang='lat' dir='ltr'><strong>omnium</strong></span> <span class='ocrx_word' id='word_1_763' title='bbox 673 2881 780 2902; x_wconf 90' lang='lat' dir='ltr'><strong>summo</strong></span> <span class='ocrx_word' id='word_1_764' title='bbox 795 2874 981 2910; x_wconf 72' lang='lat' dir='ltr'><strong>dispensatore</strong></span> <span class='ocrx_word' id='word_1_765' title='bbox 992 2883 1034 2904; x_wconf 83' lang='lat' dir='ltr'><strong>re-</strong></span> 
     </span>
    </p>
   </div>
   <div class='ocr_carea' id='block_1_106' title="bbox 1092 2278 1872 2319">
    <p class='ocr_par' dir='ltr' id='par_1_106' title="bbox 1092 2278 1872 2319">
     <span class='ocr_line' id='line_1_106' title="bbox 1092 2278 1872 2319; baseline -0.006 -9"><span class='ocrx_word' id='word_1_766' title='bbox 1092 2284 1230 2319; x_wconf 82' lang='grc' dir='ltr'>μερίμνης</span> <span class='ocrx_word' id='word_1_767' title='bbox 1243 2282 1292 2318; x_wconf 84' lang='grc' dir='ltr'>τὴν</span> <span class='ocrx_word' id='word_1_768' title='bbox 1304 2281 1394 2318; x_wconf 71' lang='grc' dir='ltr'>ψυχὴν</span> <span class='ocrx_word' id='word_1_769' title='bbox 1415 2281 1488 2317; x_wconf 81' lang='grc' dir='ltr'>ἔχειν</span> <span class='ocrx_word' id='word_1_770' title='bbox 1503 2281 1602 2307; x_wconf 84' lang='grc' dir='ltr'>πολλοῦ</span> <span class='ocrx_word' id='word_1_771' title='bbox 1613 2289 1686 2311; x_wconf 87' lang='grc' dir='ltr'>τινος</span> <span class='ocrx_word' id='word_1_772' title='bbox 1705 2278 1778 2307; x_wconf 82' lang='grc' dir='ltr'>εἶναι</span> <span class='ocrx_word' id='word_1_773' title='bbox 1793 2278 1872 2305; x_wconf 83' lang='grc' dir='ltr'>δοκεῖ·</span> 
     </span>
    </p>
   </div>
   <div class='ocr_carea' id='block_1_107' title="bbox 1091 2324 1874 2364">
    <p class='ocr_par' dir='ltr' id='par_1_107' title="bbox 1091 2324 1874 2364">
     <span class='ocr_line' id='line_1_107' title="bbox 1091 2324 1874 2364; baseline -0.006 -8"><span class='ocrx_word' id='word_1_774' title='bbox 1091 2329 1143 2356; x_wconf 75' lang='grc' dir='ltr'><strong>κᾶν</strong></span> <span class='ocrx_word' id='word_1_775' title='bbox 1161 2337 1188 2355; x_wconf 83' lang='grc' dir='ltr'><strong>τι</strong></span> <span class='ocrx_word' id='word_1_776' title='bbox 1203 2328 1253 2364; x_wconf 80' lang='grc' dir='ltr'>τὴν</span> <span class='ocrx_word' id='word_1_777' title='bbox 1266 2329 1380 2363; x_wconf 86' lang='grc' dir='ltr'>γνώμην</span> <span class='ocrx_word' id='word_1_778' title='bbox 1396 2327 1505 2362; x_wconf 75' lang='grc' dir='ltr'>εἰσέλθῃ</span> <span class='ocrx_word' id='word_1_779' title='bbox 1521 2327 1576 2353; x_wconf 88' lang='grc' dir='ltr'><strong>τῶν</strong></span> <span class='ocrx_word' id='word_1_780' title='bbox 1596 2325 1666 2353; x_wconf 71' lang='grc' dir='ltr'>εἶναι</span> <span class='ocrx_word' id='word_1_781' title='bbox 1682 2324 1823 2362; x_wconf 76' lang='grc' dir='ltr'>προῦργου</span> <span class='ocrx_word' id='word_1_782' title='bbox 1838 2325 1874 2351; x_wconf 79' lang='grc' dir='ltr'>δο-</span> 
     </span>
    </p>
   </div>
   <div class='ocr_carea' id='block_1_108' title="bbox 1091 2371 1873 2409">
    <p class='ocr_par' dir='ltr' id='par_1_108' title="bbox 1091 2371 1873 2409">
     <span class='ocr_line' id='line_1_108' title="bbox 1091 2371 1873 2409; baseline -0.004 -9"><span class='ocrx_word' id='word_1_783' title='bbox 1091 2374 1220 2407; x_wconf 84' lang='grc' dir='ltr'>κούντων,</span> <span class='ocrx_word' id='word_1_784' title='bbox 1237 2374 1287 2400; x_wconf 82' lang='grc' dir='ltr'>οὐκ</span> <span class='ocrx_word' id='word_1_785' title='bbox 1304 2373 1465 2409; x_wconf 71' lang='grc' dir='ltr'>ἐπιστρέφει</span> <span class='ocrx_word' id='word_1_786' title='bbox 1478 2373 1524 2399; x_wconf 78' lang='grc' dir='ltr'>τὸν</span> <span class='ocrx_word' id='word_1_787' title='bbox 1537 2373 1678 2407; x_wconf 81' lang='grc' dir='ltr'>λογισμὸν,</span> <span class='ocrx_word' id='word_1_788' title='bbox 1696 2373 1823 2407; x_wconf 81' lang='grc' dir='ltr'>καθάπερ</span> <span class='ocrx_word' id='word_1_789' title='bbox 1839 2371 1873 2405; x_wconf 80' lang='grc' dir='ltr'><strong>τῷ</strong></span> 
     </span>
    </p>
   </div>
   <div class='ocr_carea' id='block_1_109' title="bbox 1091 2418 1873 2455">
    <p class='ocr_par' dir='ltr' id='par_1_109' title="bbox 1091 2418 1873 2455">
     <span class='ocr_line' id='line_1_109' title="bbox 1091 2418 1873 2455; baseline -0.004 -8"><span class='ocrx_word' id='word_1_790' title='bbox 1091 2421 1187 2455; x_wconf 76' lang='grc' dir='ltr'>Πέτρῳ</span> <span class='ocrx_word' id='word_1_791' title='bbox 1205 2420 1261 2447; x_wconf 89' lang='grc' dir='ltr'><strong>τῶν</strong></span> <span class='ocrx_word' id='word_1_792' title='bbox 1277 2421 1307 2447; x_wconf 82' lang='grc' dir='ltr'>ὲν</span> <span class='ocrx_word' id='word_1_793' title='bbox 1326 2419 1421 2454; x_wconf 81' lang='grc' dir='ltr'>χερσὶν</span> <span class='ocrx_word' id='word_1_794' title='bbox 1435 2419 1510 2446; x_wconf 70' lang='grc' dir='ltr'>οὐδὲν</span> <span class='ocrx_word' id='word_1_795' title='bbox 1523 2418 1669 2454; x_wconf 77' lang='grc' dir='ltr'>ἐμέλησεν,</span> <span class='ocrx_word' id='word_1_796' title='bbox 1682 2419 1744 2445; x_wconf 74' lang='grc' dir='ltr'>ἐπεὶ</span> <span class='ocrx_word' id='word_1_797' title='bbox 1763 2418 1873 2445; x_wconf 74' lang='grc' dir='ltr'>καλοῦν-</span> 
     </span>
    </p>
   </div>
   <div class='ocr_carea' id='block_1_110' title="bbox 1089 2465 1874 2502">
    <p class='ocr_par' dir='ltr' id='par_1_110' title="bbox 1089 2465 1874 2502">
     <span class='ocr_line' id='line_1_110' title="bbox 1089 2465 1874 2502; baseline -0.003 -9"><span class='ocrx_word' id='word_1_798' title='bbox 1089 2475 1135 2497; x_wconf 85' lang='grc' dir='ltr'><strong>τος</strong></span> <span class='ocrx_word' id='word_1_799' title='bbox 1149 2465 1195 2492; x_wconf 85' lang='grc' dir='ltr'><strong>τοῦ</strong></span> <span class='ocrx_word' id='word_1_800' title='bbox 1214 2465 1341 2501; x_wconf 84' lang='grc' dir='ltr'>Σωτῆρος</span> <span class='ocrx_word' id='word_1_801' title='bbox 1365 2465 1476 2500; x_wconf 74' lang='grc' dir='ltr'>ἢκουσε.</span> <span class='ocrx_word' id='word_1_802' title='bbox 1506 2465 1562 2491; x_wconf 79' lang='grc' dir='ltr'><strong>Καὶ</strong></span> <span class='ocrx_word' id='word_1_803' title='bbox 1585 2465 1640 2502; x_wconf 84' lang='grc' dir='ltr'>γὰρ</span> <span class='ocrx_word' id='word_1_804' title='bbox 1658 2466 1706 2492; x_wconf 75' lang='grc' dir='ltr'><strong>καὶ</strong></span> <span class='ocrx_word' id='word_1_805' title='bbox 1729 2465 1808 2491; x_wconf 76' lang='grc' dir='ltr'>αὐτοὶ</span> <span class='ocrx_word' id='word_1_806' title='bbox 1828 2473 1874 2490; x_wconf 86' lang='grc' dir='ltr'>κα-</span> 
     </span>
    </p>
   </div>
   <div class='ocr_carea' id='block_1_111' title="bbox 1089 2510 1872 2546">
    <p class='ocr_par' dir='ltr' id='par_1_111' title="bbox 1089 2510 1872 2546">
     <span class='ocr_line' id='line_1_111' title="bbox 1089 2510 1872 2546; baseline -0.003 -7"><span class='ocrx_word' id='word_1_807' title='bbox 1089 2512 1199 2539; x_wconf 85' lang='grc' dir='ltr'>λοῦνται</span> <span class='ocrx_word' id='word_1_808' title='bbox 1227 2512 1323 2546; x_wconf 82' lang='grc' dir='ltr'>κλῆσιν</span> <span class='ocrx_word' id='word_1_809' title='bbox 1347 2520 1410 2538; x_wconf 85' lang='grc' dir='ltr'>τινα</span> <span class='ocrx_word' id='word_1_810' title='bbox 1436 2511 1536 2546; x_wconf 87' lang='grc' dir='ltr'>συνεχῆ</span> <span class='ocrx_word' id='word_1_811' title='bbox 1556 2511 1603 2538; x_wconf 78' lang='grc' dir='ltr'><strong>καὶ</strong></span> <span class='ocrx_word' id='word_1_812' title='bbox 1625 2511 1738 2546; x_wconf 81' lang='grc' dir='ltr'>διηνεκῆ</span> <span class='ocrx_word' id='word_1_813' title='bbox 1757 2511 1802 2538; x_wconf 78' lang='grc' dir='ltr'><strong>διὰ</strong></span> <span class='ocrx_word' id='word_1_814' title='bbox 1824 2510 1872 2544; x_wconf 79' lang='grc' dir='ltr'><strong>τῆς</strong></span> 
     </span>
    </p>
   </div>
   <div class='ocr_carea' id='block_1_112' title="bbox 1089 2556 1871 2593">
    <p class='ocr_par' dir='ltr' id='par_1_112' title="bbox 1089 2556 1871 2593">
     <span class='ocr_line' id='line_1_112' title="bbox 1089 2556 1871 2593; baseline -0.003 -10"><span class='ocrx_word' id='word_1_815' title='bbox 1089 2557 1308 2593; x_wconf 77' lang='grc' dir='ltr'>ὲνσημανθείσης</span> <span class='ocrx_word' id='word_1_816' title='bbox 1322 2557 1376 2583; x_wconf 81' lang='grc' dir='ltr'><strong>ἀπὸ</strong></span> <span class='ocrx_word' id='word_1_817' title='bbox 1394 2556 1449 2582; x_wconf 87' lang='grc' dir='ltr'><strong>τῶν</strong></span> <span class='ocrx_word' id='word_1_818' title='bbox 1474 2556 1631 2592; x_wconf 81' lang='grc' dir='ltr'>μυστηρίων</span> <span class='ocrx_word' id='word_1_819' title='bbox 1651 2558 1683 2592; x_wconf 82' lang='grc' dir='ltr'>τῇ</span> <span class='ocrx_word' id='word_1_820' title='bbox 1702 2556 1778 2591; x_wconf 79' lang='grc' dir='ltr'>ψυχῇ</span> <span class='ocrx_word' id='word_1_821' title='bbox 1795 2557 1871 2591; x_wconf 85' lang='grc' dir='ltr'>χάρι-</span> 
     </span>
    </p>
   </div>
   <div class='ocr_carea' id='block_1_113' title="bbox 1088 2600 1870 2639">
    <p class='ocr_par' dir='ltr' id='par_1_113' title="bbox 1088 2600 1870 2639">
     <span class='ocr_line' id='line_1_113' title="bbox 1088 2600 1870 2639; baseline -0.005 -8"><span class='ocrx_word' id='word_1_822' title='bbox 1088 2613 1151 2636; x_wconf 78' lang='grc' dir='ltr'>τος,</span> <span class='ocrx_word' id='word_1_823' title='bbox 1177 2605 1238 2639; x_wconf 79' lang='grc' dir='ltr'>ἥτις</span> <span class='ocrx_word' id='word_1_824' title='bbox 1264 2605 1334 2636; x_wconf 76' lang='grc' dir='ltr'>ἐστὶ,</span> <span class='ocrx_word' id='word_1_825' title='bbox 1359 2603 1464 2635; x_wconf 82' lang='grc' dir='ltr'>Παῦλος</span> <span class='ocrx_word' id='word_1_826' title='bbox 1488 2600 1559 2635; x_wconf 81' lang='grc' dir='ltr'>εἶπε,</span> <span class='ocrx_word' id='word_1_827' title='bbox 1585 2611 1595 2628; x_wconf 78' lang='grc' dir='ltr'><strong>ι</strong></span> <span class='ocrx_word' id='word_1_828' title='bbox 1615 2602 1646 2629; x_wconf 76' lang='grc' dir='ltr'>τὸ</span> <span class='ocrx_word' id='word_1_829' title='bbox 1668 2602 1716 2629; x_wconf 82' lang='grc' dir='ltr'><strong>τοῦ</strong></span> <span class='ocrx_word' id='word_1_830' title='bbox 1737 2602 1802 2629; x_wconf 82' lang='grc' dir='ltr'>Υίοῦ</span> <span class='ocrx_word' id='word_1_831' title='bbox 1827 2600 1870 2628; x_wconf 80' lang='grc' dir='ltr'><strong>τοῦ</strong></span> 
     </span>
    </p>
   </div>
   <div class='ocr_carea' id='block_1_114' title="bbox 1088 2648 1870 2685">
    <p class='ocr_par' dir='ltr' id='par_1_114' title="bbox 1088 2648 1870 2685">
     <span class='ocr_line' id='line_1_114' title="bbox 1088 2648 1870 2685; baseline -0.005 -8"><span class='ocrx_word' id='word_1_832' title='bbox 1088 2649 1156 2677; x_wconf 85' lang='grc' dir='ltr'>Θεοῦ</span> <span class='ocrx_word' id='word_1_833' title='bbox 1170 2649 1285 2685; x_wconf 76' lang='grc' dir='ltr'>Πνεῦμα</span> <span class='ocrx_word' id='word_1_834' title='bbox 1295 2651 1324 2676; x_wconf 85' lang='grc' dir='ltr'>ὲν</span> <span class='ocrx_word' id='word_1_835' title='bbox 1338 2650 1398 2680; x_wconf 77' lang='grc' dir='ltr'>ταῖς</span> <span class='ocrx_word' id='word_1_836' title='bbox 1408 2648 1534 2684; x_wconf 77' lang='grc' dir='ltr'>καρδίαις</span> <span class='ocrx_word' id='word_1_837' title='bbox 1547 2649 1637 2676; x_wconf 86' lang='grc' dir='ltr'>αὐτῶν</span> <span class='ocrx_word' id='word_1_838' title='bbox 1650 2649 1766 2684; x_wconf 80' lang='grc' dir='ltr'>κράζον·</span> <span class='ocrx_word' id='word_1_839' title='bbox 1789 2648 1870 2675; x_wconf 78' lang='grc' dir='ltr'><strong>Ἀσὸᾶ</strong></span> 
     </span>
    </p>
   </div>
   <div class='ocr_carea' id='block_1_115' title="bbox 1087 2693 1870 2730">
    <p class='ocr_par' dir='ltr' id='par_1_115' title="bbox 1087 2693 1870 2730">
     <span class='ocr_line' id='line_1_115' title="bbox 1087 2693 1870 2730; baseline -0.003 -8"><span class='ocrx_word' id='word_1_840' title='bbox 1087 2696 1101 2722; x_wconf 85' lang='grc' dir='ltr'><strong><em>ὸ</em></strong></span> <span class='ocrx_word' id='word_1_841' title='bbox 1116 2695 1222 2729; x_wconf 87' lang='grc' dir='ltr'>Πατήρ.</span> <span class='ocrx_word' id='word_1_842' title='bbox 1241 2704 1250 2720; x_wconf 77' lang='grc' dir='ltr'><strong>ι</strong></span> <span class='ocrx_word' id='word_1_843' title='bbox 1270 2695 1324 2721; x_wconf 74' lang='grc' dir='ltr'>Καὶ</span> <span class='ocrx_word' id='word_1_844' title='bbox 1343 2694 1430 2724; x_wconf 83' lang='grc' dir='ltr'>οὕτως</span> <span class='ocrx_word' id='word_1_845' title='bbox 1455 2694 1584 2721; x_wconf 77' lang='grc' dir='ltr'>ἑκάστοτε</span> <span class='ocrx_word' id='word_1_846' title='bbox 1606 2694 1714 2721; x_wconf 83' lang='grc' dir='ltr'>πάντων</span> <span class='ocrx_word' id='word_1_847' title='bbox 1732 2693 1870 2730; x_wconf 81' lang='grc' dir='ltr'>ὑπερορῶ-</span> 
     </span>
    </p>
   </div>
   <div class='ocr_carea' id='block_1_116' title="bbox 1089 2740 1868 2776">
    <p class='ocr_par' dir='ltr' id='par_1_116' title="bbox 1089 2740 1868 2776">
     <span class='ocr_line' id='line_1_116' title="bbox 1089 2740 1868 2776; baseline -0.003 -8"><span class='ocrx_word' id='word_1_848' title='bbox 1089 2750 1143 2775; x_wconf 86' lang='grc' dir='ltr'>σιν,</span> <span class='ocrx_word' id='word_1_849' title='bbox 1161 2741 1195 2768; x_wconf 81' lang='grc' dir='ltr'><strong>ῐν¹</strong></span> <span class='ocrx_word' id='word_1_850' title='bbox 1213 2741 1343 2768; x_wconf 80' lang='grc' dir='ltr'>ἑκάστοτε</span> <span class='ocrx_word' id='word_1_851' title='bbox 1358 2741 1396 2776; x_wconf 82' lang='grc' dir='ltr'><strong>τῷ</strong></span> <span class='ocrx_word' id='word_1_852' title='bbox 1408 2741 1519 2776; x_wconf 82' lang='grc' dir='ltr'>Χριστῷ</span> <span class='ocrx_word' id='word_1_853' title='bbox 1532 2740 1684 2774; x_wconf 86' lang='grc' dir='ltr'>δυνηθῶσιν</span> <span class='ocrx_word' id='word_1_854' title='bbox 1697 2740 1868 2770; x_wconf 74' lang='grc' dir='ltr'>ἀκολουθεῖν.</span> 
     </span>
    </p>
   </div>
   <div class='ocr_carea' id='block_1_117' title="bbox 1087 2784 1868 2821">
    <p class='ocr_par' dir='ltr' id='par_1_117' title="bbox 1087 2784 1868 2821">
     <span class='ocr_line' id='line_1_117' title="bbox 1087 2784 1868 2821; baseline -0.003 -8"><span class='ocrx_word' id='word_1_855' title='bbox 1087 2787 1129 2813; x_wconf 82' lang='grc' dir='ltr'>ὅτι</span> <span class='ocrx_word' id='word_1_856' title='bbox 1142 2787 1172 2813; x_wconf 86' lang='grc' dir='ltr'>οὐ</span> <span class='ocrx_word' id='word_1_857' title='bbox 1188 2787 1271 2813; x_wconf 82' lang='grc' dir='ltr'>καλόν</span> <span class='ocrx_word' id='word_1_858' title='bbox 1286 2788 1355 2818; x_wconf 71' lang='grc' dir='ltr'>ἐστι,</span> <span class='ocrx_word' id='word_1_859' title='bbox 1377 2787 1471 2821; x_wconf 78' lang='grc' dir='ltr'>φησὶν,</span> <span class='ocrx_word' id='word_1_860' title='bbox 1493 2795 1502 2812; x_wconf 86' lang='lat' dir='ltr'><strong>t</strong></span> <span class='ocrx_word' id='word_1_861' title='bbox 1523 2787 1639 2821; x_wconf 80' lang='grc' dir='ltr'>ἀφέντας</span> <span class='ocrx_word' id='word_1_862' title='bbox 1653 2787 1697 2813; x_wconf 80' lang='grc' dir='ltr'>τὸν</span> <span class='ocrx_word' id='word_1_863' title='bbox 1720 2786 1802 2820; x_wconf 82' lang='grc' dir='ltr'>λόγον</span> <span class='ocrx_word' id='word_1_864' title='bbox 1824 2784 1868 2811; x_wconf 81' lang='grc' dir='ltr'><strong>τοῦ</strong></span> 
     </span>
    </p>
   </div>
   <div class='ocr_carea' id='block_1_118' title="bbox 1087 2831 1869 2868">
    <p class='ocr_par' dir='ltr' id='par_1_118' title="bbox 1087 2831 1869 2868">
     <span class='ocr_line' id='line_1_118' title="bbox 1087 2831 1869 2868; baseline -0.003 -9"><span class='ocrx_word' id='word_1_865' title='bbox 1087 2833 1155 2860; x_wconf 80' lang='grc' dir='ltr'>Θεοῦ</span> <span class='ocrx_word' id='word_1_866' title='bbox 1177 2833 1311 2860; x_wconf 85' lang='grc' dir='ltr'>διακονεῖν</span> <span class='ocrx_word' id='word_1_867' title='bbox 1334 2832 1498 2868; x_wconf 81' lang='grc' dir='ltr'>τραπέζαις,</span> <span class='ocrx_word' id='word_1_868' title='bbox 1516 2842 1526 2859; x_wconf 73' lang='grc' dir='ltr'><strong>ι</strong></span> <span class='ocrx_word' id='word_1_869' title='bbox 1546 2833 1653 2868; x_wconf 83' lang='grc' dir='ltr'>πρῶτον</span> <span class='ocrx_word' id='word_1_870' title='bbox 1671 2833 1719 2868; x_wconf 75' lang='grc' dir='ltr'><strong>μὲν</strong></span> <span class='ocrx_word' id='word_1_871' title='bbox 1731 2833 1773 2859; x_wconf 83' lang='grc' dir='ltr'><strong>ὅτι</strong></span> <span class='ocrx_word' id='word_1_872' title='bbox 1790 2831 1869 2867; x_wconf 79' lang='grc' dir='ltr'>μηδὲν</span> 
     </span>
    </p>
   </div>
   <div class='ocr_carea' id='block_1_119' title="bbox 1086 2876 1868 2916">
    <p class='ocr_par' dir='ltr' id='par_1_119' title="bbox 1086 2876 1868 2916">
     <span class='ocr_line' id='line_1_119' title="bbox 1086 2876 1868 2916; baseline -0.003 -9"><span class='ocrx_word' id='word_1_873' title='bbox 1086 2881 1177 2912; x_wconf 75' lang='grc' dir='ltr'>αὐτοῖς</span> <span class='ocrx_word' id='word_1_874' title='bbox 1201 2879 1254 2916; x_wconf 81' lang='grc' dir='ltr'>πρὸ</span> <span class='ocrx_word' id='word_1_875' title='bbox 1270 2879 1317 2907; x_wconf 86' lang='grc' dir='ltr'><strong>τοῦ</strong></span> <span class='ocrx_word' id='word_1_876' title='bbox 1341 2879 1421 2913; x_wconf 86' lang='grc' dir='ltr'>Θεοῦ,</span> <span class='ocrx_word' id='word_1_877' title='bbox 1450 2879 1536 2907; x_wconf 76' lang='grc' dir='ltr'>ἔπειθ’</span> <span class='ocrx_word' id='word_1_878' title='bbox 1558 2880 1598 2907; x_wconf 82' lang='grc' dir='ltr'><strong>δτι</strong></span> <span class='ocrx_word' id='word_1_879' title='bbox 1621 2880 1669 2908; x_wconf 87' lang='grc' dir='ltr'>καὶ</span> <span class='ocrx_word' id='word_1_880' title='bbox 1691 2880 1779 2907; x_wconf 80' lang='grc' dir='ltr'>πάντα</span> <span class='ocrx_word' id='word_1_881' title='bbox 1806 2876 1868 2913; x_wconf 82' lang='grc' dir='ltr'>παρ’</span> 
     </span>
    </p>
   </div>
  </div>
