1967 3071
143 159 196 189 ίτεΠ

676 166 724 195 DE
746 166 832 196 VITA
855 167 894 196 Ν
915 167 1084 197 CHRIS’I‘O
1107 169 1178 198 LIB.
1199 168 1263 199 VH.

1708 175 1760 208 613

141 217 216 251 αὒτῷ
234 218 318 244 τᾶλλα
351 219 537 251 προσδοκῶσιν
564 220 710 255 εὑρήσειν,
734 221 789 248 τῶν
813 221 923 255 ἀγαθῶν

975 228 1102 257 capturos
1123 232 1152 251 se
1171 228 1339 259 exspectant.
1358 225 1423 252 Nam
1449 228 1633 261 qumreutihus
1644 230 1760 262 primum

142 263 200 290 ὄντι
213 264 321 290 πάντων
338 265 434 300 ταμίᾳ.
453 267 507 292 Καὶ
532 267 587 301 γὰρ
609 266 713 293 αἰτοῦσι
739 267 850 302 πρῶτον
875 267 924 301 τὴν

143 308 282 343 βασιλείαν
293 309 340 335 τοῦ
358 310 438 342 Θεοῦ,
453 311 500 338 τοῦ
512 311 643 346 ἀψευδοῦς
658 313 818 346 ἐπαγγελία,
835 313 924 339 πάντα

142 355 226 381 τᾶλλα
251 356 455 391 ἀκολουθήσειν.
478 358 564 392 ’Υπὲρ
579 359 682 385 τούτων
705 359 840 394 μερίμνης
862 359 924 390 τοὺς

143 401 218 436 αὐτῷ
233 403 451 437 προσκειμένους
470 406 484 431 ό
505 404 600 440 Σωτὴρ
618 406 732 439 ἀπάγων
748 406 859 440 ἀπάσης
878 414 925 431 που

142 447 191 477 λὺν
208 448 255 474 τοῦ
272 449 355 483 νόμον
371 449 466 476 τούτου
479 452 596 477 ποιεῖται
612 452 701 485 λόγον,
719 451 762 478 ἶνα
777 459 806 478 τε
820 452 857 486 μὴ
871 450 925 476 τῶν

144 493 276 528 μειζόνων
299 495 506 530 ἀποστερῶνται
518 516 524 526 ,
544 497 591 523 καὶ
610 497 650 523 ὅτι
667 497 756 531 μάτην
779 499 925 523 κόπτονται

142 539 343 574 φροντίζοντες.
357 536 395 567 ὧν
415 542 467 575 πρὸ
483 541 573 568 αὐτῶν
595 543 692 577 ἐκείνῳ
707 542 830 577 μελήσει.
852 543 882 569 El
897 542 925 568 δὲ

141 585 172 612 τὸ
190 587 325 620 μεριμυᾷν
341 586 411 621 ὑπὲρ
427 587 529 614 τούτων
548 587 652 623 ζημία,
680 588 710 614 τὸ
729 589 855 616 ἀνιᾶσθαι
874 588 925 615 ποῦ

142 631 273 666 ϐήσομεν,
291 632 306 659 ὃ
323 629 461 668 μὴ“μόνον
485 635 541 661 ἐστὶ
558 634 606 661 τοῦ
624 635 691 661 Θεοῦ
708 636 740 671 τῇ
763 637 857 671 μνήμῃ
876 635 925 667 τὴν

140 676 230 711 ψυχὴν
249 678 412 712 ἀφεστάναι,
440 680 507 707 ἀλλὰ
530 681 579 708 καὶ
606 683 780 709 παντάπασιν
807 682 926 709 ἐσκοτῶ·

143 723 204 750 σθαι
224 725 270 750 καὶ
293 726 394 759 τυφλὸν
422 725 490 753 εἶναι
514 727 561 754 τὸν
578 728 720 763 λογισμὸν,
744 729 782 760 ὡς
795 730 926 764 καὶπρὸς

140 769 248 796 ἥλισοον
265 772 436 798 παντοδαπὸν
451 773 579 800 ἐντεῦθεν
591 775 711 810 εὐχερῶς
739 775 828 810 ἔχεινς
853 776 926 807 Νοές

140 817 195 850 γὰρ
209 817 318 845 ἐπειδὰν
342 818 448 855 ἀθυμίᾳ
471 820 585 855 κάτοχος
600 819 637 856 ᾖ,
653 821 690 856 τῷ
713 822 852 849 σεσεῖσθαι
868 823 926 853 τοῖς

141 863 247 889 ἐκεῖθεν
261 863 375 898 ίλίγγοις
388 866 435 891 καὶ
449 868 627 899 καταπεσεῖν,
639 868 673 894 τὰ
688 867 844 902 φαυλότατα
857 867 925 894 πάν-

976 276 1089 303 rcgnum
1110 269 1167 300 Dei.
1183 278 1244 296 vera
1261 275 1302 297 est
1318 271 1462 306 promissio
1473 278 1567 299 eadem
1583 280 1679 301 cuncta
1697 284 1764 302 cott-

976 319 1123 348 seqnenter
1144 316 1237 342 datum
1254 317 1297 342 iri.
1320 317 1407 350 Super
1426 318 1468 345 his
1486 320 1559 346 omni
1580 321 1762 350 sollicitudine

976 359 1144 387 adhaerentes
1159 361 1210 388 sibi
1229 360 1352 389 Salvator
1376 371 1489 396 exuens,
1508 366 1622 392 nmltum
1648 367 1762 400 hujusce

976 404 1043 439 legis
1069 405 1134 432 facit
1149 406 1250 438 locum.
1266 415 1300 433 ne
1316 407 1474 436 melioribus
1491 410 1641 444 privenlur,
1655 417 1681 438 et
1699 413 1761 446 q‘xia

975 451 1078 478 frustra
1102 451 1250 487 fatigantur
1266 453 1374 480 solliciti
1390 454 1423 481 de
1439 455 1537 489 quibus
1552 461 1614 483 ante
1636 457 1708 491 ipsos
1723 458 1761 485 illi

977 504 1040 523 cura
1066 502 1117 524 cst.
1140 497 1168 524 Si
1195 507 1259 525 vero
1287 499 1321 526 de
1344 500 1403 527 istis
1430 501 1641 530 sollicitudinem
1663 504 1762 531 habere

976 543 1137 570 damnosum
1158 549 1210 574 est.
1228 545 1273 572 ubi
1291 546 1427 573 tristitiam
1455 556 1596 582 ponemus,
1614 551 1685 584 quod
1709 559 1761 577 non

976 589 1063 616 solum
1082 594 1122 616 est
1139 597 1154 616 a
1173 589 1217 617 Dei
1238 592 1424 619 recordatione
1440 598 1556 620 mentem
1576 595 1700 626 alienari.
1716 597 1761 623 sel

976 635 1088 662 omnino
1120 636 1273 668 obscurari.
1305 645 1460 673 mecumque
1491 641 1623 667 rationem
1653 642 1761 672 habere,

976 680 1011 707 ita
1029 680 1098 707 utad
1115 682 1262 715 quamlibet
1272 683 1379 710 ruinam
1393 685 1489 711 exinde
1502 685 1589 712 facilis
1599 687 1632 713 sit
1645 686 1762 713 desecu-

976 726 1041 753 sus?
1051 726 1127 755 Mens
1139 728 1210 755 enim
1225 734 1370 763 postquam
1383 731 1466 758 animi
1482 731 1633 766 dejectione
1644 733 1760 765 laborat,

976 771 998 798 si
1015 772 1113 799 exinde
1137 773 1269 809 vertigine
1288 779 1405 802 vexetur
1427 781 1508 808 atque
1532 776 1649 807 decidat,
1667 777 1762 804 miscr-

977 818 1045 844 rime
1059 825 1089 845 se
1106 819 1197 851 habet,
1216 820 1269 847 vim
1286 828 1364 847 suam
1376 826 1401 847 et
1417 822 1573 857 dignitatem
1589 828 1615 849 et
1630 823 1761 857 quidquid

976 863 1028 890 sibi
1046 864 1167 892 innatum
1179 871 1228 898 est,
1246 866 1324 893 sicuti
1341 867 1387 902 qui
1405 867 1543 902 profundo
1558 873 1701 902 captantnr
1718 876 1763 895 so-

139 917 194 936 των
207 910 297 945 ἐαυτῷ
321 912 430 947 χρῆται,
452 913 502 948 τὴν
529 914 577 948 μὲν
594 914 738 948 ἐνέργειαν
754 915 804 948 τὴν
826 913 921 940 ἑαυτοῦ

978 917 1043 943 pore
1060 918 1120 945 qua:
1145 912 1172 937 in
1194 913 1320 939 manibus
1340 917 1445 946 tenent,
1461 918 1584 948 prompte
1605 914 1761 949 proﬁciens,

139 957 185 983 καὶ
201 957 251 991 τὴν
263 957 340 990 άείαν
366 959 482 994 ἑτοίμως
499 960 569 992 ἄγαν
592 960 753 995 προϊέμενος
768 961 814 986 καὶ
833 960 847 986 δ
871 960 922 986 πέ-

139 1011 220 1036 φυκε,
236 1003 362 1039 καθάπερ
387 1005 412 1031 oi
434 1004 532 1040 μακρῷ
549 1005 625 1040 κάρῳ
651 1006 869 1041 κατασχεθέντες
889 1005 923 1032 τὰ

140 1049 168 1074 ὲν
180 1049 270 1083 χερσὶ,
286 1049 386 1076 πάθεσι
397 1049 424 1076 δὲ
437 1050 538 1085 ῥᾳδίως
554 1051 636 1077 εἴκων
648 1052 822 1086 ἀνδραπόδων
832 1052 922 1085 δίκην,

138 1092 180 1125 οἷς
199 1095 355 1122 ἐπιτάττειν
371 1095 474 1127 δίκαιος
488 1093 522 1131 ἦν
533 1105 540 1113 ·
559 1098 605 1124 καὶ
618 1097 705 1128 οὕτως
717 1098 794 1124 οὐδὲν
811 1097 922 1130 κωλῦει,

139 1140 189 1175 τὴν
203 1140 293 1175 ψυχὴν
303 1141 459 1175 ἀποθανεῖν,
474 1143 573 1177 μυρίας
586 1143 723 1170 λαϐοῦσαν
736 1144 857 1178 πληγὰς,
868 1145 924 1170 τῶν

141 1186 190 1220 μιν
202 1186 250 1220 ἀφ’
269 1186 353 1221 ὕψους
373 1187 441 1221 αὐτῇ
459 1187 651 1222 πολεμούντων
669 1189 777 1216 πολλῶν
791 1189 887 1219 ὅντων.

139 1232 221 1259 Δαεὶδ
237 1231 309 1265 εἷπε,
327 1233 374 1260 τοῦ
388 1234 410 1259 δ’
425 1235 610 1270 ἐπικουρῆσαι
633 1236 663 1262 οὗ
690 1236 851 1271 δυναμένου.
874 1237 923 1263 Διὰ

139 1279 218 1306 τοῦτο
238 1279 353 1311 Παῦλος,
367 1289 376 1306 t
394 1281 427 1307 Ἥ
443 1280 526 1315 λύπη,
541 1282 618 1315 φησὶ,
631 1282 677 1309 τοῦ
692 1283 794 1318 κέσμου
808 1283 924 1310 θάνατον

139 1324 360 1360 κατεργάζεται·
380 1335 389 1352 ι
412 1327 479 1361 πρὸς
505 1327 536 1363 δὴ
560 1327 648 1354 ταῦτα
668 1328 811 1363 βλέποντες
831 1329 855 1356 οῖ
872 1337 922 1355 πε-

141 1372 242 1404 ριεῖναι
269 1371 317 1399 καὶ
340 1371 390 1407 ζῇν
418 1372 509 1404 αὐτοῖς
530 1372 673 1407 βούλονται
693 1374 743 1408 τὴν
760 1375 849 1409 ψυχὴν
862 1395 870 1407 ,
892 1375 922 1402 οὐ

139 1417 229 1451 λύπην
250 1416 382 1451 φεύγουσι
399 1418 488 1452 μόνον,
506 1418 575 1445 ἀλλὰ
591 1419 637 1445 καὶ
656 1419 792 1454 μερίμνης
807 1420 923 1454 ἀπέχον-

139 1471 196 1495 ται,
208 1462 350 1498 πόρρωθεν
362 1463 561 1498 ἐκτρεπόμενοι
575 1464 605 1490 τὸ
616 1465 711 1492 κακόν.
729 1465 760 1491 Et
774 1465 802 1492 δὲ
817 1465 922 1496 πολλοῖς

139 1509 193 1535 τῶν
213 1509 376 1541 σπουδαίων,
397 1510 503 1536 πόλεων
518 1511 565 1537 καὶ
582 1512 724 1537 συνοικιῶν
737 1511 923 1545 ἐπιμελουμέ-

140 1562 206 1586 νοις,
231 1554 278 1581 καὶ
297 1555 467 1589 πραγμάτων
491 1555 606 1590 ἅψεσθαι
628 1556 738 1591 συνέϐη,
760 1556 828 1582 ἀλλὰ
843 1556 920 1591 μερί-
937 1574 958 1603 c

142 1609 223 1634 μναις
234 1600 311 1627 οὐδὲν
323 1601 424 1634 μᾶλλον
436 1602 598 1636 προσέσχον,
611 1601 664 1628 οὐδ’
676 1602 822 1637 ἐξέστησεν
834 1601 924 1628 αὐτῶν

139 1645 187 1673 τοῦ
200 1646 400 1681 καθεστηκότος
425 1647 472 1674 τὸν
495 1648 635 1682 λογισμόν.
656 1647 843 1683 Μεριμνῶμεν
858 1648 922 1682 γὰρ,

140 1691 260 1724 ιπειδὰν,
273 1692 337 1726 περὶ
349 1688 386 1719 ὧν
400 1692 536 1728 ζητοῦμεν
548 1693 595 1719 καὶ
607 1690 644 1720 ὧν
655 1694 729 1725 ὅπως
744 1693 821 1720 ἔσται
832 1695 924 1729 τυχεῖν

140 1739 313 1773 σκοποῦμεν.
339 1738 407 1773 πρδς
435 1740 521 1766 ταῦτα
549 1740 632 1766 πόθον
655 1740 716 1767 τινὰ
746 1741 925 1775 κεκτημένοις

140 1784 237 1812 [mna
250 1785 352 1819 τυχεῖν,
377 1785 402 1812 ει
417 1785 517 1819 γένοιτ’
534 1785 568 1813 ἂν
582 1786 649 1820 ἡμῖν
670 1783 707 1813 ὧν
721 1786 923 1820 ἐπιθυμοῦμεν,

139 1831 237 1865 ἄδηλον
297 1830 391 1858 Ταῦτα
408 1831 462 1865 γὰρ
477 1830 527 1866 τὴν
544 1831 681 1867 μέριμναν
695 1832 855 1858 συνιστάναι
879 1831 924 1858 καὶ

140 1877 310 1904 κατατείνειν
325 1877 435 1904 δύναται
446 1878 495 1912 τὴν
505 1877 605 1913 ψυχὴν,
627 1877 658 1905 τό
666 1887 696 1905 τε
706 1879 770 1914 περὶ
784 1879 815 1905 τὸ
827 1879 925 1913 ζητούο

141 1931 223 1959 μενον
230 1923 340 1958 φίλτρον
351 1924 380 1950 τό
389 1932 418 1950 τε
427 1924 490 1958 περὶ
506 1924 554 1951 τοῦ
574 1924 666 1956 τέλους
687 1925 737 1960 τῆς
754 1925 819 1960 περὶ
840 1925 923 1952 αὐτοῦ

140 1969 259 2003 σπουδῆς
273 1969 355 2004 μηδὲν
367 1969 466 1996 είδὲναι
478 1971 562 2003 σαφές
573 1979 579 1986 ·
587 1970 620 1997 ἄν
627 1979 657 1997 τε
667 1970 746 2006 γὰρῆ
761 1973 827 2005 περὶ
833 1968 870 1998 ὧν
881 1981 925 2006 φι-

139 2017 240 2052 λοῦμεν
248 2017 326 2044 οὐδὲν
334 2017 460 2051 εἰδῶμεν,
472 2017 488 2051 ἢ
501 2017 565 2051 περὶ⁵
573 2013 611 2043 ὧν
620 2017 753 2051 φιλοῦμεν
763 2018 796 2044 τὰ
807 2018 868 2044 κατ’
880 2018 924 2044 εὺ-

139 2064 191 2098 χὴν
198 2063 322 2096 εἰδῶμεν,
334 2062 410 2089 οὐδὲν
418 2063 483 2098 ἡμῖν
491 2062 621 2098 δυσχερὲς
631 2063 691 2089 οὐδὲ
705 2063 837 2097 μέριμνα,
850 2063 883 2090 ἄν
892 2072 922 2089 τε

139 2109 284 2143 ζητοῦντες
294 2109 308 2135 ὅ
318 2108 460 2142 φιλοῦμεν,
469 2108 506 2140 ὡς
521 2109 551 2135 οὺ
564 2108 717 2144 ληψόμεθα,
733 2110 826 2143 σαφῶς
846 2109 924 2136 εἰδῶ-

141 2163 201 2188 μεν.
215 2153 261 2180 τοῦ
275 2154 411 2189 μεριμνᾷν
423 2153 511 2184 οὐδεὶς
522 2153 717 2180 καταλείπεται
733 2153 826 2184 τόπος.
840 2154 923 2181 Οὐδε-

141 2198 191 2233 μία
204 2200 258 2234 γὰρ
267 2199 385 2226 ἐνταῦθα
395 2199 504 2233 φροντὶς
519 2200 578 2225 οὐδὲ
593 2200 684 2234 φόῆος,
696 2201 723 2226 ὲν
740 2198 780 2231 οἷς
791 2201 805 2227 ὁ
813 2200 862 2234 τῆς
873 2209 922 2235 με-

978 954 1056 982 facile
1078 964 1143 983 vero
1167 957 1278 990 cedens,
1306 965 1447 985 servorum
1474 966 1561 991 more,
1579 959 1761 993 passionihns.

975 1001 1074 1034 quibus
1087 1002 1220 1036 imperare
1235 1011 1343 1038 aequum
1360 1009 1434 1037 crat;
1451 1008 1476 1031 et
1490 1005 1529 1031 sic
1546 1004 1611 1031 nihil
1625 1005 1760 1039 prohibet.

974 1046 1121 1080 quominus
1136 1047 1237 1080 anima,
1257 1049 1328 1076 mille
1344 1049 1428 1083 plagis
1443 1049 1571 1084 acceptis,
1584 1054 1685 1083 pereat,
1699 1058 1760 1076 cum

975 1091 1052 1118 multi
1077 1093 1186 1126 quidem
1205 1094 1270 1126 sint,
1289 1099 1317 1121 ut
1341 1095 1378 1121 ait
1393 1095 1488 1127 David,
1504 1096 1549 1130 qui
1575 1103 1608 1122 ex
1630 1096 1685 1122 alto
1710 1104 1761 1128 pu-

974 1139 1200 1171 gnautadversns
1215 1147 1286 1170 eam,
1305 1141 1396 1168 nullus
1412 1148 1476 1168 vero
1500 1141 1535 1168 sit
1558 1141 1604 1175 qui
1627 1141 1759 1168 auxilium

975 1185 1046 1210 ferre
1057 1184 1152 1218 possit.
1170 1183 1232 1211 Ideo
1248 1183 1359 1217 Paulus,
1388 1195 1397 1211 ‹
1412 1184 1510 1212 S.cculi
1527 1186 1648 1216 tristitia,
1660 1185 1760 1218 inquit,

974 1234 1088 1256 mortem
1123 1235 1260 1264 operatur.
1287 1241 1296 1257 ι
1329 1231 1368 1258 Ad
1397 1240 1458 1266 quae
1489 1232 1686 1266 prospicientes
1714 1231 1762 1265 qui

974 1283 1117 1309 superesse
1130 1276 1273 1311 vivereque
1285 1277 1335 1304 sibi
1350 1278 1444 1306 volunt
1459 1279 1591 1310 animam,
1606 1286 1658 1306 non
1672 1279 1760 1305 solum

974 1321 1114 1349 tristitiam
1146 1322 1264 1357 fugiunt.
1293 1325 1339 1352 sed
1370 1325 1453 1352 etiam
1483 1325 1578 1360 procul
1608 1330 1762 1353 avertentes

975 1368 1074 1394 malum
1086 1375 1100 1394 a
1115 1369 1297 1397 sollicitudine
1311 1371 1362 1397 sibi
1379 1376 1540 1405 praecaveut.
1551 1372 1578 1399 Si
1594 1379 1656 1399 vero
1669 1373 1762 1401 multis

974 1414 1131 1447 proborum,
1154 1415 1261 1442 urbium
1279 1417 1495 1452 societatnmque
1525 1426 1617 1445 curam
1654 1419 1755 1446 haben-

974 1460 1059 1491 tibus.
1075 1461 1108 1487 ad
1127 1462 1233 1495 negotia
1248 1470 1359 1489 manum
1378 1464 1524 1490 admovere
1538 1472 1650 1491 neceSSe
1668 1464 1760 1496 fuerit,

974 1505 1047 1532 curis
1063 1509 1153 1533 lamett
1173 1514 1226 1533 non
1245 1508 1330 1543 magis
1347 1508 1530 1541 indulserunt,
1549 1516 1600 1536 nec
1619 1509 1686 1544 ipsis
1709 1510 1761 1537 hoc

975 1559 1058 1579 causa
1075 1550 1127 1579 fuit
1143 1557 1171 1579 ut
1184 1553 1220 1580 ab
1238 1559 1349 1581 assueta
1366 1554 1472 1581 ratione
1488 1554 1655 1582 recederent.
1679 1555 1759 1582 Solli-

975 1596 1021 1623 citi
1042 1604 1161 1631 namque
1182 1605 1291 1629 sumus.
1304 1606 1366 1626 cum
1386 1599 1458 1626 circa
1476 1606 1508 1626 ea
1533 1607 1593 1633 qua
1610 1599 1759 1634 quau-imus

975 1647 1002 1668 et
1016 1642 1124 1669 modum
1144 1643 1283 1672 obtinendi
1300 1646 1484 1679 speculamur,
1501 1646 1619 1680 quodam
1634 1646 1760 1673 obtinen-

975 1687 1001 1714 di
1015 1688 1151 1716 desiderio
1170 1694 1262 1723 postea
1284 1691 1403 1725 adjecto.
1419 1699 1455 1718 an
1474 1692 1555 1720 nobis
1572 1692 1682 1719 evenire
1700 1699 1762 1727 pos-

975 1734 1032 1761 sint
1047 1742 1107 1769 quae
1125 1736 1284 1770 quaerimus,
1303 1737 1436 1765 incertum
1457 1743 1508 1765 est.
1524 1737 1582 1766 Hoc
1595 1740 1668 1765 enim
1683 1739 1761 1766 exci-

976 1783 1034 1807 tare
1047 1781 1257 1809 sollicitudinem
1270 1790 1302 1810 ac
1315 1784 1433 1810 animam
1445 1784 1560 1811 dilatare
1569 1789 1673 1819 potest;
1686 1785 1759 1820 quod

975 1826 1047 1853 circa
1064 1827 1208 1861 quaesitum
1224 1827 1389 1855 desideriqu
1413 1834 1439 1856 et
1454 1829 1534 1857 tinem
1550 1831 1584 1857 de
1605 1831 1651 1857 illo
1667 1831 1760 1865 inqui—

976 1872 1084 1900 sitionis
1099 1873 1166 1900 nihil
1191 1872 1336 1901 manifeste
1351 1880 1497 1902 noscatur:
1512 1875 1570 1903 sive
1590 1877 1663 1904 enim
1687 1877 1760 1904 circa

975 1925 1019 1946 res
1028 1923 1133 1946 amatas
1145 1919 1212 1945 nihil
1223 1919 1372 1952 videamus.
1386 1924 1433 1947 aut
1447 1926 1551 1948 amatas
1563 1922 1687 1955 resjuxta
1699 1927 1759 1949 vota

975 1965 1121 1992 succedere
1148 1965 1299 1997 videamus,
1326 1965 1393 1992 nihil
1426 1966 1505 1994 nobis
1532 1971 1574 1993 est
1602 1975 1759 2000 onerosum,

975 2017 1026 2038 nec
1054 2011 1223 2043 sollicitudo,
1251 2012 1309 2040 sive
1347 2017 1500 2046 quaerentes
1525 2013 1596 2047 quod
1624 2021 1758 2045 amamus,

975 2065 1026 2084 nos
1038 2065 1091 2084 non
1104 2058 1264 2085 obtenturus
1278 2057 1424 2085 manifeste
1435 2057 1566 2091 sciamus,
1579 2059 1758 2087 sollicitudini

972 2103 1028 2138 jam
1047 2103 1138 2131 nullus
1157 2103 1321 2137 relinquitur
1342 2104 1427 2132 locus.
1447 2103 1495 2131 Hic
1511 2105 1583 2131 euitn
1604 2105 1675 2131 nulla
1692 2112 1758 2132 cura

976 2149 1121 2184 nullusque
1141 2150 1234 2182 timor,
1251 2150 1297 2177 ubi
1314 2151 1388 2177 stetit
1403 2151 1592 2178 sollicitudinis
1616 2151 1758 2184 terminus,

975 2195 1021 2222 sed
1036 2195 1206 2230 simpliciter,
1225 2196 1303 2230 quasi
1318 2197 1374 2229 jam
1395 2196 1502 2223 adt-sset
1517 2196 1628 2227 malum.
1649 2197 1758 2224 tristitia

140 2245 241 2280 ρίμνης
251 2245 366 2279 ἔστηκεν
384 2245 455 2280 ὅρος,
465 2245 522 2272 ἀλλ’
534 2245 654 2281 ἀτεχνῶς
665 2246 701 2278 ὠς
715 2245 764 2281 ἤδη
778 2246 824 2272 τοῦ
838 2247 923 2273 κακοῦ

977 2241 1063 2269 achI.
1077 2242 1165 2268 Porro
1182 2249 1244 2268 cum
1257 2249 1288 2268 ex
1303 2241 1355 2269 illis
1370 2250 1429 2277 qua
1446 2242 1656 2269 sollicitudinem
1677 2251 1760 2278 gene-

140 2292 274 2327 τῖαρόντος
291 2291 364 2324 λύπη
380 2291 411 2317 τὺ
428 2291 530 2318 πάθον
548 2291 603 2317 τῶν
619 2291 651 2326 δὴ
667 2293 805 2327 μεριμνᾷν
819 2292 926 2318 ποιούν-

139 2346 194 2364 των
209 2337 263 2364 τῶν
287 2338 316 2364 ὲν
339 2337 451 2371 Χριστῷ
468 2337 578 2369 ζώντων
593 2337 735 2372 οὐδετέρου
753 2339 813 2369 ταῖς
824 2338 926 2375 ψυχαῖς

140 2383 323 2419 ἐνοχλοῦντος,
343 2385 448 2418 ἀνάγκη
474 2385 527 2411 τῶν
543 2385 598 2410 ἀπὸ
610 2383 660 2415 τῆς
677 2384 812 2420 μερίμνης
827 2385 925 2417 αὐτοὺς

138 2430 314 2466 ἀπηλλάχθαι
329 2430 434 2456 κακῶν.
455 2429 523 2456 Οὓτε
541 2429 596 2465 γὰρ
612 2430 699 2456 οὐδενὶ
721 2431 924 2466 προστετήκασι

137 2477 193 2503 τῶν
216 2476 371 2510 παρόντων,
401 2476 448 2502 καὶ
474 2475 500 2502 εῐ
523 2484 551 2501 τι
575 2476 644 2510 πρὸς
665 2476 716 2512 τὴν
730 2476 777 2503 τοῦ
800 2477 926 2511 σώματος

138 2521 302 2555 ἐργάζονται
318 2520 426 2555 χρείαν,
445 2519 477 2546 τὸ
500 2519 576 2551 τέλος
589 2520 721 2546 ἑκάστοτε
739 2520 788 2554 τῆς
806 2521 925 2555 σπουδῆς

139 2568 214 2593 ἴσασι
228 2566 330 2601 τρόπον
349 2566 380 2600 δή
403 2573 482 2592 τιναο
500 2566 530 2592 τὸ
547 2566 600 2599 γὰρ
623 2565 662 2599 τῷ
686 2566 747 2601 Θεῷ
761 2566 856 2592 δοκοῦν
867 2568 925 2598 τοῖς

138 2613 231 2643 πόνοις
248 2611 372 2646 εὔχονται
387 2611 485 2647 πέρας,
503 2612 552 2638 καὶ
575 2611 613 2641 ὡς
634 2613 773 2647 ἀπατήσει
793 2614 827 2640 τὰ
848 2614 924 2648 παρὰ

137 2659 193 2686 τῶν
209 2658 296 2692 εὐχῶν
314 2657 424 2689 αὐτίκα,
442 2657 514 2692 μάλα
529 2658 623 2690 σαφῶς
640 2659 819 2692 γινώσκουσι.
836 2659 924 2694 M69:-

139 2703 231 2739 μυῷεν
246 2703 301 2737 γὰρ
316 2703 348 2730 ἂν
361 2703 376 2737 ἢ
390 2702 445 2729 τῶν
461 2703 587 2737 πενήτων
601 2703 625 2730 οἳ
641 2703 746 2738 τρυφῆς
760 2704 924 2739 ἐπιθυμοῦν-

137 2757 184 2780 τες
209 2749 295 2783 μείζω
314 2748 369 2774 τῶν
395 2748 479 2774 όντων
510 2747 560 2782 τὴν
587 2747 656 2782 πρὸς
679 2749 724 2775 τὸν
739 2749 796 2783 βίον
811 2750 923 2784 ζητοῦσι

137 2794 331 2829 παρασκευὴν,
348 2795 363 2829 ἦ
378 2794 432 2820 τῶν
455 2794 644 2820 πλουτούντων
659 2791 698 2824 οἷς
718 2796 771 2828 πρὸ
787 2795 842 2822 τῶν
857 2804 923 2831 χρη-

138 2840 233 2874 μάτων
248 2839 336 2873 οὒδὲν,
352 2839 376 2866 oi
394 2840 529 2876 μενόντων
547 2849 577 2866 τε
592 2840 656 2875 παρ’
672 2841 764 2872 αὐτοῖς
779 2842 920 2876 τρέμουσι,

139 2886 179 2921 μὴ
194 2886 314 2920 φυγόντα
330 2885 433 2912 λάθωσι
457 2886 504 2912 καὶ
518 2886 707 2920 ἀναλουμὲνων
727 2887 850 2922 ὰὶιγοῦσι,
869 2887 921 2914 κᾶν

977 2291 1038 2314 rant
1052 2292 1178 2315 neutrum
1194 2287 1295 2315 animis
1314 2288 1341 2315 in
1357 2287 1467 2315 Christo
1481 2288 1628 2315 viventium
1651 2290 1758 2316 turbam

976 2337 1069 2365 creat,
1085 2341 1197 2360 necesse
1213 2337 1293 2361 estut
1309 2341 1325 2360 a
1342 2333 1474 2360 malorum
1489 2333 1673 2362 sollicitudine
1690 2335 1753 2362 libe-

976 2384 1080 2406 rentur.
1098 2379 1170 2406 Nulli
1191 2379 1262 2406 enim
1279 2381 1452 2414 prtesentinm
1477 2380 1582 2408 fortiter
1609 2382 1758 2412 adlncrenl.

976 2427 1031 2453 into
1056 2426 1078 2454 si
1098 2426 1162 2461 quid
1184 2427 1217 2453 ad
1240 2426 1362 2461 corporis
1390 2427 1578 2455 necessitatem
1602 2434 1758 2462 operentur,

976 2472 1059 2499 studii
1085 2472 1165 2499 liuent
1186 2479 1292 2507 semper
1314 2473 1406 2508 aliquo
1429 2474 1522 2500 saltem
1556 2474 1636 2501 modo
1656 2482 1758 2509 cogno-

975 2523 1071 2545 8cunt:
1088 2519 1160 2553 quod
1168 2518 1240 2545 enim
1262 2518 1315 2546 Deo
1337 2518 1533 2553 bencplacitum
1550 2524 1602 2552 est,
1617 2519 1758 2547 laboribus

975 2569 1105 2598 exoptant
1127 2572 1188 2592 esse
1215 2564 1307 2595 linem,
1323 2569 1350 2591 et
1373 2572 1404 2592 ea
1421 2572 1480 2599 qum
1501 2571 1566 2592 sunt
1580 2565 1605 2592 in
1626 2565 1695 2592 votis
1711 2566 1757 2592 de-

974 2611 1093 2646 ceptioni
1107 2618 1168 2638 csse
1181 2611 1313 2645 subjecta,
1332 2611 1415 2646 probe
1426 2616 1539 2638 norunt.
1551 2611 1666 2638 Solliciti
1680 2611 1760 2644 quip-

975 2665 1007 2692 pe
1020 2657 1108 2684 forent
1121 2658 1192 2684 circa
1207 2665 1350 2692 pauperes,
1359 2658 1405 2692 qui
1417 2657 1521 2685 deliciis
1533 2656 1615 2684 dediti
1627 2657 1756 2690 majorem

974 2703 1007 2730 ad
1025 2703 1127 2730 victum
1149 2702 1329 2730 substantiam
1350 2707 1485 2737 quierunt,
1500 2706 1545 2729 aut
1567 2702 1639 2728 circa
1660 2702 1757 2729 divitcs

974 2748 1076 2784 quibus
1093 2748 1161 2775 nihil
1173 2752 1215 2774 est
1229 2747 1316 2783 majus
1330 2748 1440 2780 divitiis,
1453 2748 1511 2783 qui,
1530 2747 1570 2774 his
1584 2747 1757 2774 manentibus

974 2795 1045 2829 apud
1063 2795 1144 2828 ipsos‘
1159 2797 1289 2824 tremunt.
1309 2801 1342 2820 ne
1362 2793 1481 2828 fugitiva!
1497 2793 1630 2823 labantur,
1645 2797 1672 2819 et
1690 2800 1756 2820 con-

974 2840 1099 2874 sumptis,
1113 2839 1214 2869 dolent,
1228 2839 1335 2867 etiamsi
1357 2839 1390 2866 ad
1404 2846 1435 2866 ea
1452 2846 1512 2873 quae
1528 2839 1645 2865 maxime
1660 2845 1755 2865 neces-

974 2886 1045 2915 saria
1067 2890 1129 2914 sunt
1152 2885 1276 2920 corpOri,
1296 2885 1440 2921 insunqnac
1468 2885 1530 2918 sint,
1555 2889 1581 2912 et
1605 2884 1756 2920 praesertim
