1967 3071
223 157 278 187 699

839 157 994 187 NlCDLAl
1015 157 1213 189 CABASllJE

1801 155 1853 186 ’7οθ

224 217 288 251 quia
306 215 414 245 illarum
430 215 497 242 adeo
514 219 578 242 sunt
594 219 730 241 amatores
745 220 775 243 ut
791 215 898 246 malint.
913 215 1012 242 exinde

1075 216 1105 248 ηίς
1122 217 1140 244 ἃ
1149 217 1193 243 δεῖ
1207 217 1326 252 μάλιστα
1339 217 1377 252 τῷ
1391 217 1498 251 σώματι
1509 217 1664 248 δαπανῶσι,
1676 216 1722 243 καὶ
1736 217 1854 250 μάλιστα

224 263 328 290 nullum
368 262 548 296 percipientes
580 263 767 294 commodum,
795 269 903 296 semper
936 261 1012 288 intus

224 310 356 342 retinere,
386 316 467 343 quant
507 308 642 342 projicere
679 309 822 337 thesauros
857 309 891 336 ad
919 309 1014 343 acqui-

224 354 308 381 renda
349 354 504 380 necessaria
519 373 526 385 ,
542 354 641 381 deinde
664 355 736 389 quod
760 355 866 386 timent.
891 362 925 381 ne
946 355 1013 388 ipsis

224 401 250 426 in
266 407 364 426 vauunt
385 400 420 427 sit
432 407 595 434 expensum,
617 401 650 428 de
673 401 797 429 laborttm
824 402 876 429 line
901 402 1014 429 minime

223 447 329 478 confisi,
342 447 476 480 siquidem
489 455 504 474 ο
521 455 601 474 manu
615 448 660 475 Dei
675 456 751 483 spem
771 449 901 483 pendere,
926 454 1014 476 stante

224 490 356 526 ﬁrmaque
380 500 419 525 re,
442 500 496 519 non
519 498 629 525 curant,
650 494 696 521 sed
719 495 745 521 in
768 494 811 521 his
832 502 892 528 quae
915 499 1012 529 agunt,

224 536 402 571 sibimetipsis
423 539 537 572 suisque
554 539 767 574 cogitatio-tibus
781 540 895 566 omnino
911 539 1012 571 ﬁdunt;

227 592 235 608 ι
256 590 327 616 qnze.
346 584 435 618 inquit
457 585 597 617 Salomon,
617 585 720 612 timidae
733 589 797 612 sunt
819 590 845 612 et
864 586 985 612 incerte.
1002 594 1011 611 ι

227 629 282 655 ΗΙὶε
306 635 397 657 autem
421 631 466 664 qui
500 639 596 658 omnes
631 632 749 659 oderunt
782 632 905 664 delicias,
922 632 1014 659 omnia

224 675 342 702 visibilia
366 676 532 710 despiciunt,
551 677 674 705 omnium
694 685 755 712 qua:
770 686 820 713 pro
835 678 1015 713 sibimetipsis

225 720 267 747 vel
294 721 355 748 aliis
390 722 505 753 faciunt.
518 722 629 750 lucerna
654 725 843 751 mandatorum
872 724 929 757 Dei,
942 725 1017 752 velut

225 766 304 799 duce,
318 772 450 800 utuntur,
480 769 573 797 omnia
601 774 767 804 postpouunt
791 772 862 804 spei.
879 779 960 804 quam
988 773 1014 799 in

225 813 287 847 ipso
303 814 413 846 habent,
426 815 496 848 quod
514 816 589 843 tttilia
611 817 678 851 ipsis
698 822 853 849 occurrant,
864 826 924 852 quae
938 819 1015 846 solli-

225 859 356 887 citudinis
380 862 530 889 necessitas
550 861 616 890 ?Ad
646 863 711 897 quid
747 864 822 890 anxii
847 868 938 891 essent
964 872 1014 899 pro

226 905 308 933 rebus
335 914 405 941 quas
425 908 480 942 jam
509 908 579 935 bene
606 909 775 943 compositas
799 911 1014 938 noscunt'lNon

225 952 299 979 enim
327 952 408 980 ﬁnem
443 954 500 981 suis
525 955 625 982 studiis
655 963 869 991 conscquentem
895 958 1018 984 absolute

227 1005 363 1033 quaerunt,
391 1000 438 1028 sed
463 999 531 1027 illud
560 1002 632 1036 quod
665 1003 750 1036 possit
773 1003 839 1031 utile
865 1011 935 1036 esse,
969 1012 1018 1031 nec

227 1049 417 1079 exspectantes
432 1046 542 1074 solliciti
558 1052 634 1079 sunt,
648 1048 716 1075 bene
730 1049 848 1076 scientes
864 1057 893 1076 se
906 1050 939 1077 ad
957 1055 1018 1077 vota

228 1094 426 1124 perventuros;
448 1092 576 1126 quodque
596 1094 720 1120 occurrit
739 1098 831 1121 amant
848 1100 878 1121 ut
895 1095 1018 1121 omnium

229 1136 418 1170 utilissimum,
445 1138 497 1166 hoc
515 1139 603 1172 ipsum
620 1140 692 1174 quod
709 1145 871 1174 rogaveram
885 1149 946 1168 esse
963 1149 1021 1168 crc-

229 1183 334 1210 dentes.
349 1184 384 1210 Et
393 1185 505 1212 omnino
520 1185 591 1212 sicut
606 1186 768 1218 viatoribus,
792 1191 936 1220 postquam
968 1187 1020 1213 du-

229 1234 332 1256 ctorem
344 1230 409 1264 ipsis
424 1235 525 1257 rectam
537 1231 619 1258 vitam
630 1235 828 1259 monstrantem
842 1232 1019 1262 invenerunt.

229 1282 263 1301 ne
291 1279 382 1302 errent
410 1276 501 1303 nullus
522 1284 583 1304 esse
605 1282 694 1312 potest
713 1279 804 1310 timor,
818 1285 868 1305 nec
892 1279 960 1313 ipsis
980 1284 1022 1307 est

229 1321 264 1349 de
278 1322 436 1350 deversorio
448 1323 504 1350 ulla
521 1331 603 1356 cura;
625 1324 657 1350 ad
677 1324 802 1350 eumdem
821 1325 930 1352 modum
948 1329 975 1352 et
996 1325 1020 1352 ei

229 1368 277 1403 qui
288 1368 380 1395 omnia
395 1373 482 1403 potest
495 1369 527 1396 de
537 1369 594 1403 ipso
606 1377 688 1397 curas
698 1370 909 1403 committentes,
921 1376 948 1397 et
959 1378 1021 1398 eum

230 1414 318 1442 solum
343 1415 404 1441 vitze
430 1415 573 1449 victusque
598 1416 740 1450 praesidem
752 1420 957 1449 assumentes,a
969 1418 1024 1444 sol—

231 1459 372 1486 licitudine
396 1459 509 1487 liberam
528 1460 578 1494 ipsi
592 1461 694 1488 habent
717 1462 854 1494 animam;
880 1467 910 1489 ut
936 1463 1022 1490 solius

233 1512 296 1532 vere
306 1505 605 1539 boniratione-hahita,
619 1514 679 1541 quas
698 1506 803 1534 Domini
827 1512 890 1534 stmt
911 1512 1020 1540 curent,

1066 263 1117 297 μὲν
1134 263 1173 294 ὡς
1187 263 1219 289 ἂν
1243 263 1335 289 αὐτῶν
1352 263 1459 294 ἀτόπως
1481 263 1610 298 ἐρῶντες,
1627 263 1699 290 ὥστε
1723 262 1853 297 βούλοιντ’

1065 310 1100 336 ἂν
1130 309 1231 344 μᾶλλον
1260 309 1343 344 μηδὲν
1372 309 1477 336 ἐκεῖθεν
1504 309 1713 343 ὠφελουμένους
1735 309 1781 334 τὸν
1811 308 1853 334 ἀεὶ

1065 356 1163 390 χρόνον
1180 355 1255 381 ἔνδον
1269 356 1408 389 κατέχειν,
1423 355 1439 390 ἢ
1456 356 1637 390 προϊεμένους
1653 354 1671 382 ἆ
1685 355 1725 381 δεῖ
1742 354 1852 388 κερδαί-

1065 410 1122 428 νειν
1136 402 1191 428 τῶν
1211 401 1368 436 θησαυρῶν,
1394 402 1481 427 ἔπειθ’
1501 402 1542 427 ὃτι
1568 401 1632 435 περὶ
1655 401 1704 435 τῆς
1728 400 1853 433 δαπάνης

1065 447 1214 479 δεδοίκασι,
1233 447 1270 483 μὴ
1287 447 1376 482 μάτην
1392 448 1485 477 αὐτοῖς
1498 445 1526 482 ᾖ,
1543 446 1669 482 περὶτοῦ
1691 446 1744 473 τῶν
1766 447 1855 472 πόνων

1065 495 1161 526 τέλους
1185 495 1288 529 ἥκιστα
1319 494 1432 530 θαρρεῖν
1457 493 1631 528 δυναμένοις,
1659 494 1721 519 ἐπεὶ
1749 491 1786 527 μὴ
1806 492 1855 526 τῆς

1065 540 1113 567 τοῦ
1127 541 1195 567 Θεοῦ
1212 541 1304 575 χειρὸς
1329 541 1378 571 τὰς
1399 540 1510 570 ἐλπίδας
1533 539 1650 573 ἐξῆψαν,
1668 538 1786 568 ἐστῶτος
1809 539 1857 564 καὶ

1068 587 1178 622 βεϐαίου
1194 587 1367 622 πράγματος,
1390 585 1448 613 ἀλλ’
1470 586 1578 616 ἑαυτοῖς
1601 585 1649 611 καὶ
1674 586 1731 615 τοῖς
1749 585 1856 610 ἑαυτῶν

1065 633 1218 667 λογισμοῖς,
1235 633 1264 659 ἐν
1277 629 1318 663 οἷς
1333 632 1494 666 πράττουσι,
1512 631 1542 658 τὸ
1556 632 1610 658 πᾶν
1634 631 1833 666 ἐπιτρέπουσιν
1846 638 1852 643 ·

1065 680 1090 707 οἳ
1108 689 1116 705 ι
1135 679 1217 706 δειλοί
1229 679 1260 705 τέ
1279 680 1331 705 εἱσι
1352 678 1399 705 καὶ
1412 678 1583 712 ἐπισφαλεῖς,
1602 686 1611 703 ›
1624 677 1691 712 φησι
1706 677 1832 711 Σολομῶν
1846 686 1852 692 ·

1067 725 1184 755 ἐκείνοις
1199 725 1227 751 δέ
1244 725 1335 751 πᾶσαν
1353 723 1403 758 μὲν
1427 724 1533 758 τρυφὴν
1562 722 1684 757 μισοῦσι,
1701 722 1810 748 πάντων
1825 722 1856 748 δὲ

1066 771 1121 798 τῶν
1138 771 1286 806 ὁρωμένων
1304 770 1471 805 ὑπερορῶσι,
1493 769 1605 795 πάντων
1619 769 1648 795 δὲ
1663 766 1701 795 ὧν
1719 769 1827 798 ἐαυτυῖς
1842 767 1858 802 ἢ

1067 819 1132 853 περὶ
1147 818 1203 844 τῶν
1228 817 1318 844 ἄλλων
1333 816 1457 847 πονοῦσι,
1481 816 1519 851 τῷ
1535 816 1625 850 λύχνῳ
1639 815 1694 841 τῶν
1719 815 1765 841 τοῦ
1787 814 1860 840 Θεοῦ

1068 865 1160 898 νόμων
1175 863 1292 898 ἡγεμόνι
1304 862 1477 897 χριομένοις,
1501 861 1569 896 μετὰ
1591 861 1620 887 δὲ
1644 861 1694 894 τῆς
1714 861 1754 890 είς
1776 860 1861 886 αὐτὴν

1069 911 1176 942 ἐλπίδος
1191 909 1281 936 πάντα
1299 908 1417 939 ποιοῦσι,
1430 908 1467 940 ὼς
1483 907 1513 934 τὺ
1526 908 1650 934 συνοῖσον
1664 905 1756 936 αὐτοῖς
1771 906 1860 931 ἀπαν-

1068 958 1158 991 τήσει,
1184 955 1227 987 τίς
1252 955 1360 989 ἀνάγκη
1382 954 1537 989 μερίμνηςς
1562 953 1621 980 ἀνθ’
1638 953 1701 979 ὅτου
1719 953 1747 979 δὲ
1768 953 1857 988 ἀγρυ-

1069 1005 1213 1036 πνήσουσι,
1245 1002 1311 1036 περὶ
1324 998 1362 1028 ὧν
1387 1001 1425 1032 ὠς
1446 1001 1497 1036 ἤδη
1523 1000 1751 1035 κατωρθωμένων
1777 999 1862 1032 γινὼ-

1070 1057 1199 1081 σκουσιν;
1216 1047 1253 1074 Οὐ
1267 1047 1322 1082 γὰρ
1337 1047 1367 1073 τὸ
1383 1048 1444 1078 ταῖς
1465 1047 1597 1077 σπουδαῖς
1615 1046 1761 1072 ἀκόλουθον
1782 1046 1864 1078 τέλος

1070 1096 1103 1122 ἐκ
1120 1095 1220 1125 παντὸς
1233 1094 1335 1128 τρόπου
1351 1093 1510 1129 ζητοῦντες,
1527 1092 1585 1119 ἀλλ’
1600 1094 1670 1126 ὅπερ
1683 1092 1716 1119 ἂν
1733 1093 1866 1126 συνενέγ-

1070 1141 1196 1173 mneo-rs
1214 1141 1359 1175 μέλλοντες
1377 1140 1545 1174 μεριμνῶσι,
1561 1139 1632 1174 μάλα
1650 1139 1745 1173 σαφῶς
1759 1140 1865 1171 εἰδότες

1070 1189 1111 1214 ὅτι
1126 1187 1268 1219 τεύξονται
1283 1186 1339 1212 τῶν
1353 1186 1453 1220 εὐχῶν,
1465 1187 1513 1212 καὶ
1528 1186 1691 1220 στέργουσιν
1705 1186 1866 1219 ἀπαντήσει

1071 1233 1101 1259 τὸ
1115 1233 1225 1259 πάντων
1246 1232 1475 1258 λυσιτελέστατον
1491 1231 1540 1257 καὶ
1555 1231 1624 1265 ὅπερ
1644 1229 1773 1265 ηθξαντο,
1789 1230 1866 1257 τοῦτ’

1071 1279 1138 1306 αὐτὸ
1153 1279 1329 1308 πιστεύοντες
1356 1276 1438 1305 εἶναι.
1456 1277 1511 1304 Καὶ
1527 1277 1596 1308 ὅλως
1616 1277 1744 1309 καθάπερ
1759 1277 1867 1303 ὁδοιπὸ-

1073 1334 1140 1361 ροις,
1156 1324 1267 1351 ἐπειδὰν
1283 1323 1394 1357 ἀγωγοῦ
1408 1323 1537 1358 τύχωσιν,
1555 1322 1682 1358 ἡγεῖσθαι
1700 1324 1790 1354 καλῶς
1813 1324 1865 1350 αὺ-

1071 1373 1127 1402 τοῖς
1141 1368 1169 1398 οἷ
1185 1371 1225 1398 δεῖ
1237 1370 1360 1405 βαδίζειν
1382 1370 1579 1405 ἐπισταμένου,
1599 1369 1705 1404 πλάνης
1719 1370 1808 1400 οὐδεὶς
1828 1370 1866 1397 ἂν

1073 1418 1180 1452 γένοιτο
1197 1417 1292 1452 φόϐος,
1313 1417 1369 1444 οὐδ’
1385 1417 1443 1443 ἔστι
1465 1416 1531 1451 περὶ
1546 1415 1591 1442 τοῦ
1607 1415 1800 1450 καταλύματος
1815 1416 1868 1442 αὓ-

1073 1465 1129 1494 τοῖς
1145 1463 1255 1497 φροντὶς
1271 1461 1396 1496 οὐδεμία,
1412 1461 1459 1487 τὸν
1477 1461 1534 1487 ἴσον
1547 1461 1651 1495 τρόπον
1667 1462 1716 1487 καὶ
1732 1462 1812 1487 αὐτοὶ
1828 1462 1868 1495 τῷ

1074 1510 1164 1537 πάντα
1186 1509 1214 1535 δέ
1238 1507 1381 1542 δυναμένῳ
1403 1507 1457 1533 τῶν
1475 1507 1539 1541 περὶ
1554 1506 1637 1534 αὑτοῦ
1654 1507 1805 1542 φροντίδων
1821 1508 1869 1533 ἐκ-

232 1556 261 1578 et
287 1551 401 1579 timeant
425 1557 453 1579 et
468 1552 602 1580 eDomini
632 1554 767 1580 sententia
790 1554 940 1588 patiantur.
974 1553 1022 1581 Hic

1077 1556 1190 1586 στάντες
1208 1555 1257 1582 καὶ
1269 1553 1365 1580 τοῦτον
1381 1553 1439 1587 βίου
1453 1553 1501 1580 καὶ
1519 1553 1571 1587 τῆς
1586 1553 1652 1587 περὶ
1669 1552 1764 1579 τοῦτον
1783 1561 1870 1579 σπου.

232 1597 305 1624 enim
322 1604 376 1624 non
392 1597 571 1631 sibimetipsis
585 1603 702 1633 tantum,
713 1599 760 1627 sed
773 1601 855 1627 etiam
871 1600 932 1627 aliis
943 1601 1023 1628 utiles

233 1643 378 1670 constituti
401 1647 483 1676 sunt;
501 1647 528 1670 et
554 1644 581 1670 in
603 1644 656 1671 hoc
682 1645 783 1679 aliquis
807 1645 903 1672 mirari
926 1646 1025 1680 poterit

233 1688 281 1715 Dei
297 1689 538 1724 bonitatem,quod
556 1690 580 1717 si
597 1691 750 1723 nemo,alio
777 1692 939 1720 medicinam
964 1700 1025 1721 sor-

235 1736 326 1769 bente,
343 1736 470 1763 morbum
491 1737 578 1764 vitare
597 1741 691 1771 queat,
706 1745 721 1765 a
743 1738 897 1766 rationibus
910 1738 1026 1767 redden-

235 1783 278 1810 dis
291 1782 345 1814 ille,
358 1782 524 1817 patientibus
541 1783 613 1815 aliis,
623 1784 691 1811 solvi
709 1785 807 1818 possit.

1074 1601 1122 1636 δῆς
1141 1599 1363 1636 προστησάμενοι
1381 1598 1473 1633 μόνον,
1497 1598 1634 1633 μερίμνης
1648 1598 1726 1625 αὐτοὶ
1741 1598 1871 1631 καθαρὰν

1075 1647 1167 1682 ἔχουσι
1183 1646 1233 1680 τὴν
1248 1645 1337 1680 ψυχήν
1347 1651 1355 1659 θ
1366 1643 1410 1671 ἵνα
1424 1643 1472 1670 τοῦ
1482 1643 1520 1675 ὡς
1536 1643 1646 1678 ἀληθῶς
1661 1643 1766 1676 ἀγαθοῦ
1783 1643 1871 1677 μόνου

1075 1692 1234 1727 ποιούμενοι
1253 1691 1332 1724 λόγον
1345 1690 1380 1716 τὰ
1396 1689 1500 1723 Κυρίου
1514 1689 1698 1724 μεριμνῶσι-λ,
1713 1688 1780 1716 ὥσθ’
1798 1689 1871 1723 ὑπὲρ

1078 1740 1168 1774 μόνων
1180 1738 1234 1764 τῶν
1252 1736 1351 1771 ἐκείνῳ
1365 1735 1528 1766 δοκούντων,
1547 1735 1581 1761 ἄν
1593 1744 1619 1761 τι
1632 1735 1691 1770 δέῃ,
1713 1735 1871 1769 φοϐηθῆναι

1075 1786 1124 1812 καὶ
1141 1783 1233 1810 ὁτιοῦν
1247 1783 1368 1810 τοιοῦτον
1387 1781 1497 1809 παθεῖν.
1517 1780 1653 1808 Ἐνταῦθα
1667 1781 1722 1816 γὰρ
1738 1781 1787 1816 οὐχ
1804 1781 1873 1808 ἐαυ-

232 1831 292 1861 τοῖς
305 1830 395 1864 μόνον,
408 1829 477 1857 ἀλλὰ
489 1830 603 1862 καὶτοῖς
614 1830 706 1863 ἄλλοις
720 1832 870 1865 λυσιτελεῖς
884 1833 1051 1861 καθεστᾶσιν
1061 1841 1069 1849 ·
1087 1833 1102 1859 ὃ
1117 1833 1165 1859 καὶ
1181 1832 1321 1866 θαυμάσαι
1340 1839 1383 1862 τις
1395 1830 1429 1857 ἂν
1445 1831 1494 1865 τῆς
1525 1830 1572 1858 τοῦ
1608 1831 1678 1857 Θεοῦ
1717 1832 1874 1866 χρηστότη-

232 1886 290 1909 τος,
310 1877 334 1904 εί
357 1876 434 1903 νόσον
452 1877 502 1912 μὲν
526 1877 615 1909 οὐδεὶς
627 1877 660 1905 ἂν
675 1878 757 1913 φύγοι
771 1881 802 1906 τὸ
817 1880 964 1915 φάρμακον
982 1880 1064 1908 ἄλλον
1091 1880 1225 1910 πίνοντος,
1240 1877 1356 1912 εὐθύνης
1371 1877 1397 1904 δὲ
1417 1877 1501 1904 λύοιτ’
1515 1877 1547 1904 ἂν
1572 1877 1728 1912 ἀλγούντων
1755 1878 1872 1913 ἑτέρων.

269 1923 347 1957 Quod
363 1924 472 1957 quidem
490 1924 636 1952 contristat
662 1925 690 1952 in
704 1925 815 1954 Christo
825 1928 917 1954 vivere
930 1927 1019 1955 volen-

235 1975 286 2003 tes,
317 1977 350 1997 ett
373 1969 454 1997 dictis
478 1969 652 1996 manifestum
681 1972 898 2006 est:quomodo
914 1980 978 1999 vero
994 1977 1022 2000 et

234 2016 335 2050 quibus
363 2015 493 2043 adhibitis
515 2015 677 2048 rationibus,
706 2024 780 2044 nunc
801 2018 891 2045 dicere
928 2024 1022 2046 restat.

235 2062 293 2090 Non
317 2070 413 2090 Omnes
435 2066 546 2098 prepter
571 2063 664 2090 eadem
678 2063 712 2090 de
729 2070 841 2099 peccato
855 2065 958 2098 dolent,
975 2066 1023 2093 sed

235 2110 366 2144 quasdam
388 2110 421 2138 ad
452 2111 585 2147 lacrymas
601 2110 703 2138 inducit
717 2111 833 2144 vanitas,
849 2112 978 2145 quoniam
992 2119 1022 2139 se

237 2157 364 2184 maximis
400 2157 479 2185 donis
504 2158 601 2192 dignos
633 2156 920 2192 judicantcs,prazter
949 2165 1023 2192 spem

236 2210 331 2237 agunt,
353 2210 380 2231 et
393 2203 461 2238 ipsis
481 2209 523 2232 est
538 2204 702 2239 deplorando
719 2204 892 2239 praemiorum
905 2203 1023 2238 jactura;

1113 1927 1146 1953 ’0
1162 1926 1211 1960 μὲν
1227 1924 1274 1952 οὖν
1290 1925 1354 1960 ἀνιᾷ
1369 1925 1434 1955 τοὺς
1444 1925 1472 1950 ἐν
1487 1924 1597 1959 Χριστῷ
1611 1924 1661 1959 ζῇν
1674 1924 1871 1959 βουλομένους,

1076 1972 1193 2008 φανερὸν
1214 1972 1246 1997 ἐκ
1263 1970 1317 1998 τῶν
1332 1970 1506 2006 εἰρημένων·
1532 1971 1592 2002 πῶς
1608 1971 1636 1997 δὲ
1661 1972 1707 1997 καὶ
1726 1971 1782 1997 τίσι
1798 1980 1874 2006 χρω-

1078 2018 1174 2053 μένους
1189 2018 1245 2048 τοῖς
1268 2016 1422 2050 λογισμοῖς,
1450 2017 1612 2051 προσθεῖναι
1639 2016 1743 2044 λοιπόν.
1766 2017 1803 2043 Οὐ
1821 2017 1873 2051 μὲν

1075 2064 1130 2090 τῶν
1145 2063 1237 2090 αὐτῶν
1252 2063 1335 2089 ἕνεκα
1351 2062 1452 2093 πάντες
1468 2063 1532 2096 περὶ
1554 2063 1601 2096 τῆς
1618 2063 1757 2098 ἁμαρτίας
1771 2063 1872 2097 ἀλγοῦ-

1075 2118 1128 2141 σιν,
1149 2109 1217 2136 ἀλλὰ
1233 2110 1296 2140 τοὺς
1314 2109 1362 2143 μὲν
1376 2108 1507 2142 δακρύειν
1533 2107 1678 2140 ἀλαζονεία
1711 2110 1741 2135 τδ
1763 2110 1869 2142 πεῖθον,

1077 2157 1120 2182 ὅτι
1135 2156 1190 2182 τῶν
1206 2156 1344 2191 μεγίστων
1360 2156 1430 2188 σφᾶς
1444 2155 1544 2186 αὐτοὺς
1566 2155 1706 2188 ἀξιοῦντες
1732 2157 1810 2190 παρὰ
1823 2157 1873 2188 τὰς

1078 2204 1189 2236 ἐλπίδας
1210 2203 1373 2238 πράττουσι,
1398 2204 1454 2233 τοῖς
1478 2202 1506 2229 δέ
1531 2203 1643 2237 ἀνιαρὸν
1664 2204 1681 2237 ἠ
1707 2202 1763 2228 τῶν
1782 2203 1873 2229 ἄθλων

238 2251 374 2285 plerisque
395 2258 459 2278 vero
492 2251 607 2278 rationis
636 2251 781 2278 reddendze
807 2257 895 2279 metus
921 2253 1022 2285 subest;

1077 2248 1154 2284 οἶμαι
1170 2249 1258 2284 ζημία
1271 2257 1277 2264 ·
1297 2249 1354 2280 τοῖς
1374 2248 1478 2274 πλείοσι
1500 2249 1529 2274 δὲ
1544 2249 1558 2274 ὁ
1572 2248 1623 2281 τῆς
1642 2247 1759 2282 sto-5m;
1777 2249 1871 2280 φόϐος,

238 2297 359 2323 ninnium
373 2301 462 2323 autem
475 2297 583 2331 optimis
595 2305 672 2324 amor
688 2306 751 2332 erga
767 2297 949 2331 legislatorem
975 2298 1027 2324 mi-

239 2350 326 2370 seram
340 2342 404 2368 facit
415 2342 502 2376 legunt
523 2344 777 2378 transgressionem.
793 2343 1027 2376 Quemadmodum

238 2390 311 2416 enim
328 2389 398 2416 inter
430 2393 520 2417 rectos
539 2391 671 2423 optimam
693 2390 792 2417 habent
805 2390 909 2417 ordinis
927 2395 1029 2424 partem

241 2435 280 2460 illi
299 2443 368 2469 quos
397 2442 446 2461 nec
465 2435 600 2461 malorum
629 2436 720 2467 timor.
737 2443 788 2462 nec
815 2443 876 2470 spes
906 2435 1032 2470 praemio-

240 2488 302 2508 rum
318 2501 325 2513 ,
342 2480 389 2508 sed
415 2481 490 2508 solus
521 2481 566 2508 Dei
593 2489 669 2508 amor
696 2482 824 2509 virtutem
841 2489 902 2508 cum
934 2482 1033 2508 sudore

241 2535 368 2554 exercere
401 2527 544 2558 hortatur,
562 2528 601 2554 sic
632 2528 702 2554 inter
733 2533 891 2562 peccatores
924 2532 1033 2562 propter

243 2579 353 2609 peccata
375 2578 486 2601 vexatos
511 2574 559 2605 illi,
593 2574 692 2608 quibus
724 2574 814 2601 luctus
840 2574 885 2601 Dei
914 2582 1033 2600 antorem

242 2621 368 2654 exacuit,
390 2621 512 2647 omnium
535 2625 599 2647 sunt
621 2620 726 2654 optimi.
755 2620 801 2647 Isti
819 2628 937 2654 namque
970 2620 1035 2647 sibi-

244 2667 366 2702 metipsis
383 2667 502 2694 dolerent
519 2672 646 2702 generant
660 2671 686 2694 et
701 2666 772 2693 ultro
788 2666 872 2693 dolori
887 2666 1035 2701 indulgent,

245 2723 271 2742 υι
284 2716 348 2750 quia
377 2715 538 2748 semctipsos
561 2718 655 2740 amant
675 2734 682 2746 ,
699 2713 905 2748 lacrymantur:
925 2715 974 2739 hos
989 2721 1036 2739 an-

245 2766 299 2788 tom
330 2760 375 2794 qui
390 2764 480 2786 movet
510 2759 568 2793 ipse
584 2759 655 2785 Deus
688 2764 728 2785 est
745 2767 752 2785 :
768 2757 839 2784 unde
860 2757 923 2792 quia
938 2758 1036 2784 motori

252 2807 407 2834 neressario
436 2812 525 2833 motus
548 2805 781 2837 accommodatur,
800 2809 875 2831 tanto
895 2803 1039 2831 lnctusille

250 2858 359 2888 prestat
387 2853 439 2879 alio
455 2873 462 2883 .
478 2858 580 2887 quanto
605 2856 745 2879 moventes
777 2850 866 2885 majus
896 2850 1040 2877 intercedit

254 2900 478 2933 tncdium,sicut
508 2902 589 2928 etiam
622 2899 674 2928 telo
706 2897 805 2926 cursus
832 2897 951 2931 optimus
967 2900 993 2923 ct
1006 2896 1039 2923 ad

1080 2297 1134 2324 τοῖς
1149 2295 1177 2322 δέ
1200 2304 1232 2329 γε
1257 2297 1370 2322 πάντων
1395 2295 1519 2328 ἀρίστοις
1538 2295 1551 2320 ὁ
1568 2294 1633 2329 περὶ
1653 2295 1698 2320 τδν
1721 2295 1874 2329 νομοθέτην

1081 2342 1150 2377 ἔρως
1165 2342 1304 2377 ἀφόρητον
1320 2341 1467 2376 ἐργάζεται
1483 2341 1513 2367 τὸ
1535 2342 1718 2376 παρανομεῖν.
1736 2341 1873 2376 Καθάπερ

1081 2389 1135 2423 γὰρ
1150 2388 1204 2414 τῶν
1223 2387 1429 2422 κατορθούνιων
1453 2387 1503 2420 τὴν
1527 2387 1643 2421 ἀρίστην
1667 2387 1759 2421 ἔχουσι
1783 2387 1872 2418 τάξιν,

1082 2432 1122 2465 οἷς
1142 2433 1202 2459 οὔτε
1222 2433 1304 2467 φὸῦος
1316 2433 1420 2464 κακῶν,
1439 2432 1501 2458 οὒτε
1519 2431 1623 2466 μισθῶν
1644 2432 1761 2464 ἐλπίδες,
1783 2432 1841 2458 ἀλλ’
1859 2433 1872 2457 ὁ

1083 2480 1129 2506 τοῦ
1145 2479 1212 2505 Θεοῦ
1238 2480 1319 2511 μόνον
1346 2478 1417 2514 ἔρως
1440 2479 1504 2508 τοὺς
1521 2478 1584 2512 περὶ
1599 2478 1701 2512 ἀρετῆς
1723 2478 1873 2512 εἰργάσατο

1083 2525 1193 2556 πόνους,
1202 2524 1274 2550 οὕτω
1283 2524 1338 2550 τῶν
1348 2524 1561 2558 ἁμαρτανόντων
1572 2523 1619 2548 καὶ
1627 2523 1672 2548 διὰ
1681 2522 1762 2548 τοῦτο
1775 2531 1874 2548 κοπτο-

1087 2571 1185 2604 μένων,
1207 2568 1247 2601 οἷς
1273 2570 1303 2596 τδ
1327 2570 1426 2601 πένθος
1452 2569 1482 2595 τὸ
1500 2569 1564 2604 περὶ
1579 2569 1625 2594 τὸν
1646 2569 1712 2594 Θεὸν
1739 2567 1871 2599 ἐξέκαυσε

1087 2618 1207 2652 φίλτρον,
1222 2618 1245 2643 οἱ
1264 2617 1398 2652 βέλτιστοι
1414 2617 1467 2642 τῶν
1484 2617 1570 2643 ἄλλων
1585 2615 1664 2642 είσίν.
1693 2615 1808 2641 Ἐκεῖνοι
1824 2615 1874 2650 μὲν

1087 2665 1141 2700 γὰρ
1161 2665 1267 2695 ἑαυτοῖς
1286 2664 1316 2689 τὸ
1331 2664 1418 2693 πάθος
1436 2662 1608 2698 ἐργάζονται,
1626 2662 1675 2687 καὶ
1689 2662 1754 2695 παρ’
1772 2661 1874 2687 ἑαυτῶν

1089 2711 1135 2736 ἐπὶ
1151 2710 1182 2736 τὸ
1202 2710 1309 2736 πενθεῖν
1324 2709 1464 2744 ἔρχονται,
1489 2709 1536 2734 καὶ
1560 2708 1601 2734 ὃτι
1618 2708 1689 2741 σφᾶς
1712 2705 1816 2739 αὐτοὺς
1831 2716 1874 2741 φι-

1088 2755 1164 2782 λοῦσι
1183 2754 1343 2788 δακρύουσι,
1358 2754 1470 2784 τούτους
1495 2753 1524 2779 δέ
1541 2754 1555 2779 ὁ
1575 2752 1657 2779 κινῶν
1678 2753 1759 2782 αὑτός
1773 2753 1846 2778 ἐστι,
1862 2751 1876 2776 ὁ

1089 2801 1172 2832 Θεὸς·
1198 2801 1258 2826 ὅθεν
1283 2800 1345 2825 ἐπεὶ
1371 2800 1409 2834 τῷ
1437 2798 1556 2825 κινοῦντι
1579 2798 1628 2833 τὴν
1655 2798 1743 2832 φορὰν
1768 2797 1875 2830 ἀιάγκη

1092 2846 1263 2881 συμὸαίνειν,
1284 2845 1406 2879 τοσούτῳ
1419 2845 1468 2879 τῆς
1487 2844 1576 2878 λύπης
1590 2845 1680 2878 ἐκείνη
1700 2843 1802 2877 ταύτης
1818 2842 1878 2877 βελ-

1091 2893 1167 2926 τίων,
1191 2893 1247 2928 ὂσῳ
1272 2892 1326 2918 τῶν
1349 2891 1496 2918 κινούντων
1516 2891 1546 2918 τὸ
1565 2891 1658 2926 μέσον,
1681 2889 1809 2924 καθάπερ
1831 2888 1879 2914 καὶ
