  <div class='ocr_page' id='page_1' title='image "/cluster/home/n/w/nwhite01/storage/ocr_20150623/150/njp.32101077773180/365.png"; bbox 0 0 1967 3071; ppageno 0'>
   <div class='ocr_carea' id='block_1_1' title="bbox 247 155 302 186">
    <p class='ocr_par' dir='ltr' id='par_1_1' title="bbox 247 155 302 186">
     <span class='ocr_line' id='line_1_1' title="bbox 247 155 302 186; baseline 0 0"><span class='ocrx_word' id='word_1_1' title='bbox 247 155 302 186; x_wconf 73' lang='grc'><strong>’103</strong></span> 
     </span>
    </p>
   </div>
   <div class='ocr_carea' id='block_1_2' title="bbox 861 155 1239 186">
    <p class='ocr_par' dir='ltr' id='par_1_2' title="bbox 861 155 1239 186">
     <span class='ocr_line' id='line_1_2' title="bbox 861 155 1239 186; baseline 0.003 -1"><span class='ocrx_word' id='word_1_2' title='bbox 861 157 882 185; x_wconf 79' lang='lat' dir='ltr'><strong>N</strong></span> <span class='ocrx_word' id='word_1_3' title='bbox 891 157 1017 186; x_wconf 74' lang='lat' dir='ltr'><strong>ICOLAI</strong></span> <span class='ocrx_word' id='word_1_4' title='bbox 1045 157 1175 185; x_wconf 71' lang='lat' dir='ltr'><strong>CABASI</strong></span> <span class='ocrx_word' id='word_1_5' title='bbox 1184 155 1239 186; x_wconf 63' lang='lat' dir='ltr'><strong>LiF.</strong></span> 
     </span>
    </p>
   </div>
   <div class='ocr_carea' id='block_1_3' title="bbox 1813 155 1864 185">
    <p class='ocr_par' dir='ltr' id='par_1_3' title="bbox 1813 155 1864 185">
     <span class='ocr_line' id='line_1_3' title="bbox 1813 155 1864 185; baseline 0 0"><span class='ocrx_word' id='word_1_6' title='bbox 1813 155 1864 185; x_wconf 69' lang='grc'><strong>’704</strong></span> 
     </span>
    </p>
   </div>
   <div class='ocr_carea' id='block_1_4' title="bbox 247 209 1041 246">
    <p class='ocr_par' dir='ltr' id='par_1_4' title="bbox 247 210 1035 244">
     <span class='ocr_line' id='line_1_4' title="bbox 247 210 1035 244; baseline -0.001 -8"><span class='ocrx_word' id='word_1_7' title='bbox 247 217 273 236; x_wconf 76' lang='grc' dir='ltr'>(ιι</span> <span class='ocrx_word' id='word_1_8' title='bbox 304 211 483 244; x_wconf 83' lang='lat' dir='ltr'><strong>lacrytnarum</strong></span> <span class='ocrx_word' id='word_1_9' title='bbox 499 213 526 235; x_wconf 91' lang='lat' dir='ltr'><strong>et</strong></span> <span class='ocrx_word' id='word_1_10' title='bbox 550 216 733 236; x_wconf 67' lang='lat' dir='ltr'><strong>aruit-narum</strong></span> <span class='ocrx_word' id='word_1_11' title='bbox 761 216 844 243; x_wconf 82' lang='lat' dir='ltr'><strong>super</strong></span> <span class='ocrx_word' id='word_1_12' title='bbox 879 210 1035 237; x_wconf 70' lang='lat' dir='ltr'><strong>commissis</strong></span> 
     </span>
    </p>
   </div>
   <div class='ocr_carea' id='block_1_5' title="bbox 1094 209 1870 246">
    <p class='ocr_par' dir='ltr' id='par_1_5' title="bbox 1094 209 1870 246">
     <span class='ocr_line' id='line_1_5' title="bbox 1094 209 1870 246; baseline 0.003 -11"><span class='ocrx_word' id='word_1_13' title='bbox 1094 210 1128 235; x_wconf 68' lang='grc' dir='ltr'>ὅτι</span> <span class='ocrx_word' id='word_1_14' title='bbox 1149 209 1204 235; x_wconf 87' lang='grc' dir='ltr'><strong>τῶν</strong></span> <span class='ocrx_word' id='word_1_15' title='bbox 1218 209 1261 235; x_wconf 61' lang='grc' dir='ltr'><strong>ἐπ’</strong></span> <span class='ocrx_word' id='word_1_16' title='bbox 1276 210 1360 244; x_wconf 72' lang='grc' dir='ltr'>ἀρετῇ</span> <span class='ocrx_word' id='word_1_17' title='bbox 1382 209 1486 243; x_wconf 77' lang='grc' dir='ltr'><strong>μισθῶν</strong></span> <span class='ocrx_word' id='word_1_18' title='bbox 1499 209 1684 244; x_wconf 69' lang='grc' dir='ltr'>ιψιύσθησαν,</span> <span class='ocrx_word' id='word_1_19' title='bbox 1698 210 1756 236; x_wconf 73' lang='grc' dir='ltr'>ἀλλ’</span> <span class='ocrx_word' id='word_1_20' title='bbox 1777 211 1819 237; x_wconf 82' lang='grc' dir='ltr'><strong>ὁτι</strong></span> <span class='ocrx_word' id='word_1_21' title='bbox 1836 212 1870 246; x_wconf 81' lang='grc' dir='ltr'><strong>μὴ</strong></span> 
     </span>
    </p>
   </div>
   <div class='ocr_carea' id='block_1_6' title="bbox 249 253 1036 288">
    <p class='ocr_par' dir='ltr' id='par_1_6' title="bbox 249 253 1036 288">
     <span class='ocr_line' id='line_1_6' title="bbox 249 253 1036 288; baseline 0 -8"><span class='ocrx_word' id='word_1_22' title='bbox 249 254 427 282; x_wconf 76' lang='lat' dir='ltr'><strong>necessariam</strong></span> <span class='ocrx_word' id='word_1_23' title='bbox 450 261 465 280; x_wconf 89' lang='lat' dir='ltr'><strong>a</strong></span> <span class='ocrx_word' id='word_1_24' title='bbox 489 253 641 280; x_wconf 82' lang='lat' dir='ltr'><strong>valentibus</strong></span> <span class='ocrx_word' id='word_1_25' title='bbox 665 261 819 280; x_wconf 76' lang='lat' dir='ltr'><strong>mensuram</strong></span> <span class='ocrx_word' id='word_1_26' title='bbox 839 258 962 288; x_wconf 61' lang='lat' dir='ltr'><strong>quarent</strong></span> <span class='ocrx_word' id='word_1_27' title='bbox 981 262 989 280; x_wconf 86' lang='lat'><strong>:</strong></span> <span class='ocrx_word' id='word_1_28' title='bbox 1009 254 1036 281; x_wconf 92' lang='lat' dir='ltr'><strong>lti</strong></span> 
     </span>
    </p>
   </div>
   <div class='ocr_carea' id='block_1_7' title="bbox 248 298 1034 334">
    <p class='ocr_par' dir='ltr' id='par_1_7' title="bbox 248 298 1034 334">
     <span class='ocr_line' id='line_1_7' title="bbox 248 298 1034 334; baseline 0.001 -10"><span class='ocrx_word' id='word_1_29' title='bbox 248 308 312 327; x_wconf 66' lang='lat' dir='ltr'><strong>vero</strong></span> <span class='ocrx_word' id='word_1_30' title='bbox 327 304 384 327; x_wconf 92' lang='lat' dir='ltr'><strong>toto</strong></span> <span class='ocrx_word' id='word_1_31' title='bbox 405 299 500 326; x_wconf 88' lang='lat' dir='ltr'><strong>morbo</strong></span> <span class='ocrx_word' id='word_1_32' title='bbox 515 299 603 332; x_wconf 89' lang='lat' dir='ltr'><strong>ejecto</strong></span> <span class='ocrx_word' id='word_1_33' title='bbox 623 299 675 325; x_wconf 78' lang='lat' dir='ltr'><strong>sibi</strong></span> <span class='ocrx_word' id='word_1_34' title='bbox 687 298 831 327; x_wconf 77' lang='lat' dir='ltr'><strong>suﬁicient.</strong></span> <span class='ocrx_word' id='word_1_35' title='bbox 847 299 947 334; x_wconf 79' lang='lat' dir='ltr'><strong>Duplex</strong></span> <span class='ocrx_word' id='word_1_36' title='bbox 962 299 1034 325; x_wconf 90' lang='lat' dir='ltr'><strong>enim</strong></span> 
     </span>
    </p>
   </div>
   <div class='ocr_carea' id='block_1_8' title="bbox 249 344 1038 379">
    <p class='ocr_par' dir='ltr' id='par_1_8' title="bbox 249 344 1038 379">
     <span class='ocr_line' id='line_1_8' title="bbox 249 344 1038 379; baseline -0.003 -6"><span class='ocrx_word' id='word_1_37' title='bbox 249 354 309 373; x_wconf 86' lang='lat' dir='ltr'><strong>cum</strong></span> <span class='ocrx_word' id='word_1_38' title='bbox 334 349 475 379; x_wconf 86' lang='lat' dir='ltr'><strong>peccatum</strong></span> <span class='ocrx_word' id='word_1_39' title='bbox 501 344 546 376; x_wconf 85' lang='lat' dir='ltr'><strong>sit,</strong></span> <span class='ocrx_word' id='word_1_40' title='bbox 576 350 720 378; x_wconf 77' lang='lat' dir='ltr'><strong>utramque</strong></span> <span class='ocrx_word' id='word_1_41' title='bbox 737 344 856 371; x_wconf 82' lang='lat' dir='ltr'><strong>devitant</strong></span> <span class='ocrx_word' id='word_1_42' title='bbox 870 350 984 379; x_wconf 84' lang='lat' dir='ltr'><strong>partem:</strong></span> <span class='ocrx_word' id='word_1_43' title='bbox 997 345 1038 378; x_wconf 82' lang='lat' dir='ltr'><strong>ip-</strong></span> 
     </span>
    </p>
   </div>
   <div class='ocr_carea' id='block_1_9' title="bbox 249 391 1036 424">
    <p class='ocr_par' dir='ltr' id='par_1_9' title="bbox 249 391 1036 424">
     <span class='ocr_line' id='line_1_9' title="bbox 249 391 1036 424; baseline -0.001 -6"><span class='ocrx_word' id='word_1_44' title='bbox 249 399 304 418; x_wconf 87' lang='lat' dir='ltr'><strong>sam</strong></span> <span class='ocrx_word' id='word_1_45' title='bbox 334 391 406 418; x_wconf 87' lang='lat' dir='ltr'><strong>enim</strong></span> <span class='ocrx_word' id='word_1_46' title='bbox 433 391 487 417; x_wconf 84' lang='lat' dir='ltr'><strong>vim</strong></span> <span class='ocrx_word' id='word_1_47' title='bbox 520 391 678 424; x_wconf 64' lang='lat' dir='ltr'><strong>abiecerunt</strong></span> <span class='ocrx_word' id='word_1_48' title='bbox 694 391 868 424; x_wconf 77' lang='lat' dir='ltr'><strong>pmnitentcs.</strong></span> <span class='ocrx_word' id='word_1_49' title='bbox 882 391 971 424; x_wconf 79' lang='lat' dir='ltr'><strong>passio</strong></span> <span class='ocrx_word' id='word_1_50' title='bbox 985 398 1036 417; x_wconf 87' lang='lat' dir='ltr'><strong>att-</strong></span> 
     </span>
    </p>
   </div>
   <div class='ocr_carea' id='block_1_10' title="bbox 249 436 1034 471">
    <p class='ocr_par' dir='ltr' id='par_1_10' title="bbox 249 436 1034 471">
     <span class='ocr_line' id='line_1_10' title="bbox 249 436 1034 471; baseline 0 -8"><span class='ocrx_word' id='word_1_51' title='bbox 249 443 301 464; x_wconf 92' lang='lat' dir='ltr'><strong>tem</strong></span> <span class='ocrx_word' id='word_1_52' title='bbox 334 437 403 463; x_wconf 85' lang='lat' dir='ltr'><strong>mala</strong></span> <span class='ocrx_word' id='word_1_53' title='bbox 437 441 484 464; x_wconf 91' lang='lat' dir='ltr'><strong>attt</strong></span> <span class='ocrx_word' id='word_1_54' title='bbox 507 436 650 471; x_wconf 80' lang='lat' dir='ltr'><strong>dispositio</strong></span> <span class='ocrx_word' id='word_1_55' title='bbox 673 444 726 464; x_wconf 88' lang='lat' dir='ltr'><strong>non</strong></span> <span class='ocrx_word' id='word_1_56' title='bbox 747 437 888 467; x_wconf 78' lang='lat' dir='ltr'><strong>remansit,</strong></span> <span class='ocrx_word' id='word_1_57' title='bbox 903 445 957 463; x_wconf 91' lang='lat' dir='ltr'><strong>non</strong></span> <span class='ocrx_word' id='word_1_58' title='bbox 975 444 1034 470; x_wconf 89' lang='lat' dir='ltr'><strong>per-</strong></span> 
     </span>
    </p>
   </div>
   <div class='ocr_carea' id='block_1_11' title="bbox 249 481 1033 516">
    <p class='ocr_par' dir='ltr' id='par_1_11' title="bbox 249 481 1033 516">
     <span class='ocr_line' id='line_1_11' title="bbox 249 481 1033 516; baseline -0.001 -7"><span class='ocrx_word' id='word_1_59' title='bbox 249 483 372 509; x_wconf 84' lang='lat' dir='ltr'><strong>mittente</strong></span> <span class='ocrx_word' id='word_1_60' title='bbox 403 490 463 516; x_wconf 64' lang='lat' dir='ltr'><strong>quae</strong></span> <span class='ocrx_word' id='word_1_61' title='bbox 490 482 610 516; x_wconf 80' lang='lat' dir='ltr'><strong>ipsorum</strong></span> <span class='ocrx_word' id='word_1_62' title='bbox 636 481 736 509; x_wconf 87' lang='lat' dir='ltr'><strong>animis</strong></span> <span class='ocrx_word' id='word_1_63' title='bbox 764 482 796 509; x_wconf 83' lang='lat' dir='ltr'><strong>ad</strong></span> <span class='ocrx_word' id='word_1_64' title='bbox 822 482 922 509; x_wconf 82' lang='lat' dir='ltr'><strong>bonum</strong></span> <span class='ocrx_word' id='word_1_65' title='bbox 950 486 977 508; x_wconf 88' lang='lat' dir='ltr'><strong>et</strong></span> <span class='ocrx_word' id='word_1_66' title='bbox 1000 481 1033 508; x_wconf 88' lang='lat' dir='ltr'><strong>ad</strong></span> 
     </span>
    </p>
   </div>
   <div class='ocr_carea' id='block_1_12' title="bbox 250 526 754 554">
    <p class='ocr_par' dir='ltr' id='par_1_12' title="bbox 250 526 754 554">
     <span class='ocr_line' id='line_1_12' title="bbox 250 526 754 554; baseline 0.002 -1"><span class='ocrx_word' id='word_1_67' title='bbox 250 526 332 554; x_wconf 90' lang='lat' dir='ltr'><strong>Deum</strong></span> <span class='ocrx_word' id='word_1_68' title='bbox 351 527 434 554; x_wconf 89' lang='lat' dir='ltr'><strong>indita</strong></span> <span class='ocrx_word' id='word_1_69' title='bbox 446 531 487 554; x_wconf 77' lang='lat' dir='ltr'><strong>est</strong></span> <span class='ocrx_word' id='word_1_70' title='bbox 502 527 585 553; x_wconf 82' lang='lat' dir='ltr'><strong>animi</strong></span> <span class='ocrx_word' id='word_1_71' title='bbox 602 527 754 554; x_wconf 67' lang='lat' dir='ltr'><strong>alit-ctione.</strong></span> 
     </span>
    </p>
   </div>
   <div class='ocr_carea' id='block_1_13' title="bbox 1089 254 1872 291">
    <p class='ocr_par' dir='ltr' id='par_1_13' title="bbox 1089 254 1872 291">
     <span class='ocr_line' id='line_1_13' title="bbox 1089 254 1872 291; baseline 0.003 -11"><span class='ocrx_word' id='word_1_72' title='bbox 1089 254 1128 289; x_wconf 86' lang='grc' dir='ltr'><strong>τῷ</strong></span> <span class='ocrx_word' id='word_1_73' title='bbox 1150 254 1209 289; x_wconf 83' lang='grc' dir='ltr'><strong>Θεῷ</strong></span> <span class='ocrx_word' id='word_1_74' title='bbox 1236 255 1269 289; x_wconf 81' lang='grc' dir='ltr'>τῇ</span> <span class='ocrx_word' id='word_1_75' title='bbox 1293 255 1390 291; x_wconf 84' lang='grc' dir='ltr'>γνώμῃ</span> <span class='ocrx_word' id='word_1_76' title='bbox 1414 255 1577 290; x_wconf 74' lang='grc' dir='ltr'>συνέδησαν.</span> <span class='ocrx_word' id='word_1_77' title='bbox 1595 255 1678 282; x_wconf 87' lang='grc' dir='ltr'>Ὀθεν</span> <span class='ocrx_word' id='word_1_78' title='bbox 1705 256 1804 282; x_wconf 79' lang='grc' dir='ltr'>ἐκεῖνοι</span> <span class='ocrx_word' id='word_1_79' title='bbox 1824 258 1872 290; x_wconf 79' lang='grc' dir='ltr'>μὲν</span> 
     </span>
    </p>
   </div>
   <div class='ocr_carea' id='block_1_14' title="bbox 1089 297 1870 336">
    <p class='ocr_par' dir='ltr' id='par_1_14' title="bbox 1089 297 1870 336">
     <span class='ocr_line' id='line_1_14' title="bbox 1089 297 1870 336; baseline 0.004 -11"><span class='ocrx_word' id='word_1_80' title='bbox 1089 300 1135 326; x_wconf 80' lang='grc' dir='ltr'>καὶ</span> <span class='ocrx_word' id='word_1_81' title='bbox 1157 300 1356 334; x_wconf 75' lang='grc' dir='ltr'>μετεγνωκότες</span> <span class='ocrx_word' id='word_1_82' title='bbox 1369 301 1413 334; x_wconf 71' lang='grc' dir='ltr'><strong>ἐφ’</strong></span> <span class='ocrx_word' id='word_1_83' title='bbox 1428 297 1468 332; x_wconf 74' lang='grc' dir='ltr'>οἷς</span> <span class='ocrx_word' id='word_1_84' title='bbox 1482 301 1617 336; x_wconf 78' lang='grc' dir='ltr'>ἥμαρτον,</span> <span class='ocrx_word' id='word_1_85' title='bbox 1641 302 1741 334; x_wconf 80' lang='grc' dir='ltr'><strong>κακίας</strong></span> <span class='ocrx_word' id='word_1_86' title='bbox 1756 303 1786 328; x_wconf 79' lang='grc' dir='ltr'>οὐ</span> <span class='ocrx_word' id='word_1_87' title='bbox 1803 311 1870 329; x_wconf 83' lang='grc' dir='ltr'>παν-</span> 
     </span>
    </p>
   </div>
   <div class='ocr_carea' id='block_1_15' title="bbox 1085 345 1872 382">
    <p class='ocr_par' dir='ltr' id='par_1_15' title="bbox 1085 345 1872 382">
     <span class='ocr_line' id='line_1_15' title="bbox 1085 345 1872 382; baseline 0.006 -11"><span class='ocrx_word' id='word_1_88' title='bbox 1085 345 1170 376; x_wconf 80' lang='grc' dir='ltr'>τελῶς</span> <span class='ocrx_word' id='word_1_89' title='bbox 1195 345 1320 380; x_wconf 78' lang='grc' dir='ltr'>καθαρὰν</span> <span class='ocrx_word' id='word_1_90' title='bbox 1336 346 1428 380; x_wconf 70' lang='grc' dir='ltr'>ἔχουσι</span> <span class='ocrx_word' id='word_1_91' title='bbox 1446 347 1496 382; x_wconf 79' lang='grc' dir='ltr'>τὴν</span> <span class='ocrx_word' id='word_1_92' title='bbox 1517 347 1618 382; x_wconf 74' lang='grc' dir='ltr'>ψυχὴν,</span> <span class='ocrx_word' id='word_1_93' title='bbox 1646 349 1692 374; x_wconf 75' lang='grc' dir='ltr'><strong>καὶ</strong></span> <span class='ocrx_word' id='word_1_94' title='bbox 1716 348 1761 374; x_wconf 69' lang='grc' dir='ltr'><strong>διὰ</strong></span> <span class='ocrx_word' id='word_1_95' title='bbox 1787 349 1872 376; x_wconf 76' lang='grc' dir='ltr'>ταῦτα</span> 
     </span>
    </p>
   </div>
   <div class='ocr_carea' id='block_1_16' title="bbox 1086 391 1872 430">
    <p class='ocr_par' dir='ltr' id='par_1_16' title="bbox 1086 391 1872 430">
     <span class='ocr_line' id='line_1_16' title="bbox 1086 391 1872 430; baseline 0.005 -13"><span class='ocrx_word' id='word_1_96' title='bbox 1086 391 1276 427; x_wconf 74' lang='grc' dir='ltr'>ταλαιπωρίας</span> <span class='ocrx_word' id='word_1_97' title='bbox 1299 392 1372 424; x_wconf 82' lang='grc' dir='ltr'>τινδς</span> <span class='ocrx_word' id='word_1_98' title='bbox 1390 394 1439 419; x_wconf 80' lang='grc' dir='ltr'><strong>καὶ</strong></span> <span class='ocrx_word' id='word_1_99' title='bbox 1465 393 1593 429; x_wconf 81' lang='grc' dir='ltr'>δακρύων</span> <span class='ocrx_word' id='word_1_100' title='bbox 1621 395 1668 420; x_wconf 71' lang='grc' dir='ltr'><strong>καὶ</strong></span> <span class='ocrx_word' id='word_1_101' title='bbox 1693 394 1784 421; x_wconf 79' lang='grc' dir='ltr'>πόνων</span> <span class='ocrx_word' id='word_1_102' title='bbox 1802 395 1872 430; x_wconf 73' lang='grc' dir='ltr'><strong>ὑπὲρ</strong></span> 
     </span>
    </p>
   </div>
   <div class='ocr_carea' id='block_1_17' title="bbox 1086 436 1872 473">
    <p class='ocr_par' dir='ltr' id='par_1_17' title="bbox 1086 436 1872 473">
     <span class='ocr_line' id='line_1_17' title="bbox 1086 436 1872 473; baseline 0.006 -11"><span class='ocrx_word' id='word_1_103' title='bbox 1086 436 1141 462; x_wconf 86' lang='grc' dir='ltr'><strong>τῶν</strong></span> <span class='ocrx_word' id='word_1_104' title='bbox 1158 437 1365 472; x_wconf 78' lang='grc' dir='ltr'><strong>ἡμαρτημένων</strong></span> <span class='ocrx_word' id='word_1_105' title='bbox 1389 438 1488 472; x_wconf 81' lang='grc' dir='ltr'>δεῆσαν</span> <span class='ocrx_word' id='word_1_106' title='bbox 1511 439 1587 473; x_wconf 80' lang='grc' dir='ltr'>παρὰ</span> <span class='ocrx_word' id='word_1_107' title='bbox 1608 440 1664 470; x_wconf 82' lang='grc' dir='ltr'>τοῖς</span> <span class='ocrx_word' id='word_1_108' title='bbox 1680 440 1832 473; x_wconf 83' lang='grc' dir='ltr'>ὑγιαίνουσι</span> <span class='ocrx_word' id='word_1_109' title='bbox 1843 441 1872 467; x_wconf 82' lang='grc' dir='ltr'>τὸ</span> 
     </span>
    </p>
   </div>
   <div class='ocr_carea' id='block_1_18' title="bbox 1089 480 1874 520">
    <p class='ocr_par' dir='ltr' id='par_1_18' title="bbox 1089 480 1874 520">
     <span class='ocr_line' id='line_1_18' title="bbox 1089 480 1874 520; baseline 0.004 -11"><span class='ocrx_word' id='word_1_110' title='bbox 1089 483 1188 517; x_wconf 80' lang='grc' dir='ltr'>μέτρον</span> <span class='ocrx_word' id='word_1_111' title='bbox 1211 484 1378 518; x_wconf 78' lang='grc' dir='ltr'><strong>ζητήσουσι·</strong></span> <span class='ocrx_word' id='word_1_112' title='bbox 1402 480 1476 511; x_wconf 70' lang='grc' dir='ltr'>οὗτοι</span> <span class='ocrx_word' id='word_1_113' title='bbox 1497 484 1525 511; x_wconf 76' lang='grc' dir='ltr'><strong>δὲ</strong></span> <span class='ocrx_word' id='word_1_114' title='bbox 1548 485 1598 520; x_wconf 81' lang='grc' dir='ltr'><strong>τὴν</strong></span> <span class='ocrx_word' id='word_1_115' title='bbox 1615 486 1692 511; x_wconf 83' lang='grc' dir='ltr'>νόσον</span> <span class='ocrx_word' id='word_1_116' title='bbox 1706 485 1815 512; x_wconf 75' lang='grc' dir='ltr'>ἅπασαν</span> <span class='ocrx_word' id='word_1_117' title='bbox 1828 487 1874 513; x_wconf 77' lang='grc' dir='ltr'><strong>ὲκ-</strong></span> 
     </span>
    </p>
   </div>
   <div class='ocr_carea' id='block_1_19' title="bbox 1085 529 1873 566">
    <p class='ocr_par' dir='ltr' id='par_1_19' title="bbox 1085 529 1873 566">
     <span class='ocr_line' id='line_1_19' title="bbox 1085 529 1873 566; baseline 0.005 -12"><span class='ocrx_word' id='word_1_118' title='bbox 1085 529 1213 561; x_wconf 80' lang='grc' dir='ltr'>6αλόντες</span> <span class='ocrx_word' id='word_1_119' title='bbox 1234 530 1340 560; x_wconf 73' lang='grc' dir='ltr'>ἑαυτοῖς</span> <span class='ocrx_word' id='word_1_120' title='bbox 1359 530 1518 565; x_wconf 75' lang='grc' dir='ltr'><strong>ἀρκέσουσι.</strong></span> <span class='ocrx_word' id='word_1_121' title='bbox 1534 531 1629 564; x_wconf 79' lang='grc' dir='ltr'>Διττῆς</span> <span class='ocrx_word' id='word_1_122' title='bbox 1653 532 1707 565; x_wconf 76' lang='grc' dir='ltr'>γὰρ</span> <span class='ocrx_word' id='word_1_123' title='bbox 1727 531 1811 566; x_wconf 80' lang='grc' dir='ltr'>οὔσης</span> <span class='ocrx_word' id='word_1_124' title='bbox 1824 532 1873 566; x_wconf 75' lang='grc' dir='ltr'>τῆς</span> 
     </span>
    </p>
   </div>
   <div class='ocr_carea' id='block_1_20' title="bbox 249 572 1875 610">
    <p class='ocr_par' dir='ltr' id='par_1_20' title="bbox 249 572 1875 610">
     <span class='ocr_line' id='line_1_20' title="bbox 249 572 1875 610; baseline 0.002 -12"><span class='ocrx_word' id='word_1_125' title='bbox 249 573 387 607; x_wconf 78' lang='grc' dir='ltr'>ἁμαρτίας</span> <span class='ocrx_word' id='word_1_126' title='bbox 403 573 560 607; x_wconf 77' lang='grc' dir='ltr'>ἀμφοτέρας</span> <span class='ocrx_word' id='word_1_127' title='bbox 579 572 710 606; x_wconf 76' lang='grc' dir='ltr'>φεύγουσι</span> <span class='ocrx_word' id='word_1_128' title='bbox 725 573 772 603; x_wconf 64' lang='grc' dir='ltr'><strong>τὰς</strong></span> <span class='ocrx_word' id='word_1_129' title='bbox 793 572 919 607; x_wconf 66' lang='grc' dir='ltr'>μερίδαςθ</span> <span class='ocrx_word' id='word_1_130' title='bbox 935 572 984 607; x_wconf 84' lang='grc' dir='ltr'><strong>τῆς</strong></span> <span class='ocrx_word' id='word_1_131' title='bbox 997 580 1027 598; x_wconf 82' lang='grc' dir='ltr'><strong>τε</strong></span> <span class='ocrx_word' id='word_1_132' title='bbox 1048 572 1102 607; x_wconf 78' lang='grc' dir='ltr'><strong>γὰρ</strong></span> <span class='ocrx_word' id='word_1_133' title='bbox 1125 573 1266 608; x_wconf 74' lang='grc' dir='ltr'>ἐνεργείας</span> <span class='ocrx_word' id='word_1_134' title='bbox 1291 575 1376 609; x_wconf 81' lang='grc' dir='ltr'>αὐτῆς</span> <span class='ocrx_word' id='word_1_135' title='bbox 1391 575 1544 601; x_wconf 73' lang='grc' dir='ltr'><strong>ἐπαύσαντο</strong></span> <span class='ocrx_word' id='word_1_136' title='bbox 1569 576 1811 610; x_wconf 73' lang='grc' dir='ltr'>μεταμεληθέντες,</span> <span class='ocrx_word' id='word_1_137' title='bbox 1827 578 1875 603; x_wconf 66' lang='grc' dir='ltr'><strong>καὶ</strong></span> 
     </span>
    </p>
   </div>
   <div class='ocr_carea' id='block_1_21' title="bbox 249 618 1875 656">
    <p class='ocr_par' dir='ltr' id='par_1_21' title="bbox 249 618 1875 656">
     <span class='ocr_line' id='line_1_21' title="bbox 249 618 1875 656; baseline 0.002 -11"><span class='ocrx_word' id='word_1_138' title='bbox 249 620 334 650; x_wconf 80' lang='grc' dir='ltr'><strong>πάθος</strong></span> <span class='ocrx_word' id='word_1_139' title='bbox 365 619 483 654; x_wconf 74' lang='grc' dir='ltr'>πονηρὸν</span> <span class='ocrx_word' id='word_1_140' title='bbox 513 618 561 645; x_wconf 76' lang='grc' dir='ltr'><strong>καὶ</strong></span> <span class='ocrx_word' id='word_1_141' title='bbox 585 618 707 650; x_wconf 80' lang='grc' dir='ltr'>διάθεσις</span> <span class='ocrx_word' id='word_1_142' title='bbox 737 618 850 653; x_wconf 78' lang='grc' dir='ltr'><strong>ἡτισοῦν</strong></span> <span class='ocrx_word' id='word_1_143' title='bbox 884 618 934 644; x_wconf 80' lang='grc' dir='ltr'><strong>οὐκ</strong></span> <span class='ocrx_word' id='word_1_144' title='bbox 958 618 1092 652; x_wconf 73' lang='grc' dir='ltr'>ἐνέμεινε.</span> <span class='ocrx_word' id='word_1_145' title='bbox 1113 619 1160 646; x_wconf 80' lang='grc' dir='ltr'>τοῦ</span> <span class='ocrx_word' id='word_1_146' title='bbox 1193 620 1261 654; x_wconf 73' lang='grc' dir='ltr'>πρὸς</span> <span class='ocrx_word' id='word_1_147' title='bbox 1294 620 1413 654; x_wconf 75' lang='grc' dir='ltr'>τάγαθὸν</span> <span class='ocrx_word' id='word_1_148' title='bbox 1445 620 1492 646; x_wconf 69' lang='grc' dir='ltr'>καὶ</span> <span class='ocrx_word' id='word_1_149' title='bbox 1510 620 1556 646; x_wconf 81' lang='grc' dir='ltr'>τὸν</span> <span class='ocrx_word' id='word_1_150' title='bbox 1592 620 1659 647; x_wconf 70' lang='grc' dir='ltr'>Θεὸν</span> <span class='ocrx_word' id='word_1_151' title='bbox 1695 622 1756 652; x_wconf 83' lang='grc' dir='ltr'>ταῖς</span> <span class='ocrx_word' id='word_1_152' title='bbox 1776 621 1875 656; x_wconf 77' lang='grc' dir='ltr'><strong>ψυχαῖς</strong></span> 
     </span>
    </p>
   </div>
   <div class='ocr_carea' id='block_1_22' title="bbox 249 663 929 700">
    <p class='ocr_par' dir='ltr' id='par_1_22' title="bbox 249 663 929 700">
     <span class='ocr_line' id='line_1_22' title="bbox 249 663 929 700; baseline -0.001 -8"><span class='ocrx_word' id='word_1_153' title='bbox 249 665 411 695; x_wconf 79' lang='grc' dir='ltr'>ἐνταχέντος</span> <span class='ocrx_word' id='word_1_154' title='bbox 427 665 518 696; x_wconf 82' lang='grc' dir='ltr'>αὐτοῖς</span> <span class='ocrx_word' id='word_1_155' title='bbox 535 664 636 696; x_wconf 75' lang='grc' dir='ltr'>πάθους</span> <span class='ocrx_word' id='word_1_156' title='bbox 655 665 693 700; x_wconf 80' lang='grc' dir='ltr'><strong>μὴ</strong></span> <span class='ocrx_word' id='word_1_157' title='bbox 714 663 929 699; x_wconf 74' lang='grc' dir='ltr'><strong>συγχωροῦντος.</strong></span> 
     </span>
    </p>
   </div>
   <div class='ocr_carea' id='block_1_23' title="bbox 283 710 1039 745">
    <p class='ocr_par' dir='ltr' id='par_1_23' title="bbox 283 710 1039 745">
     <span class='ocr_line' id='line_1_23' title="bbox 283 710 1039 745; baseline 0 -8"><span class='ocrx_word' id='word_1_158' title='bbox 283 711 316 738; x_wconf 87' lang='lat' dir='ltr'><strong>Et</strong></span> <span class='ocrx_word' id='word_1_159' title='bbox 326 712 381 738; x_wconf 55' lang='lat' dir='ltr'><strong>hmo</strong></span> <span class='ocrx_word' id='word_1_160' title='bbox 388 711 496 745; x_wconf 85' lang='lat' dir='ltr'><strong>quidem</strong></span> <span class='ocrx_word' id='word_1_161' title='bbox 508 711 540 738; x_wconf 90' lang='lat' dir='ltr'><strong>de</strong></span> <span class='ocrx_word' id='word_1_162' title='bbox 553 711 664 738; x_wconf 88' lang='lat' dir='ltr'><strong>tristitia</strong></span> <span class='ocrx_word' id='word_1_163' title='bbox 678 719 685 737; x_wconf 91' lang='lat'><strong>:</strong></span> <span class='ocrx_word' id='word_1_164' title='bbox 700 711 816 745; x_wconf 72' lang='lat' dir='ltr'><strong>gaudere</strong></span> <span class='ocrx_word' id='word_1_165' title='bbox 827 718 891 737; x_wconf 83' lang='lat' dir='ltr'><strong>vero</strong></span> <span class='ocrx_word' id='word_1_166' title='bbox 901 710 1039 743; x_wconf 81' lang='lat' dir='ltr'><strong>convenit,</strong></span> 
     </span>
    </p>
   </div>
   <div class='ocr_carea' id='block_1_24' title="bbox 251 757 1038 792">
    <p class='ocr_par' dir='ltr' id='par_1_24' title="bbox 251 757 1038 792">
     <span class='ocr_line' id='line_1_24' title="bbox 251 757 1038 792; baseline -0.003 -7"><span class='ocrx_word' id='word_1_167' title='bbox 251 758 273 785; x_wconf 94' lang='lat' dir='ltr'><strong>si</strong></span> <span class='ocrx_word' id='word_1_168' title='bbox 290 766 351 792; x_wconf 41' lang='lat' dir='ltr'><strong>quae</strong></span> <span class='ocrx_word' id='word_1_169' title='bbox 371 765 494 785; x_wconf 84' lang='lat' dir='ltr'><strong>amamus</strong></span> <span class='ocrx_word' id='word_1_170' title='bbox 506 765 578 784; x_wconf 88' lang='lat' dir='ltr'><strong>nunc</strong></span> <span class='ocrx_word' id='word_1_171' title='bbox 598 757 714 784; x_wconf 79' lang='lat' dir='ltr'><strong>maxime</strong></span> <span class='ocrx_word' id='word_1_172' title='bbox 740 758 840 784; x_wconf 79' lang='lat' dir='ltr'><strong>adsunt</strong></span> <span class='ocrx_word' id='word_1_173' title='bbox 866 761 913 784; x_wconf 87' lang='lat' dir='ltr'><strong>attt</strong></span> <span class='ocrx_word' id='word_1_174' title='bbox 942 757 1038 785; x_wconf 83' lang='lat' dir='ltr'><strong>saltem</strong></span> 
     </span>
    </p>
   </div>
   <div class='ocr_carea' id='block_1_25' title="bbox 251 802 1038 838">
    <p class='ocr_par' dir='ltr' id='par_1_25' title="bbox 251 802 1038 838">
     <span class='ocr_line' id='line_1_25' title="bbox 251 802 1038 838; baseline -0.004 -7"><span class='ocrx_word' id='word_1_175' title='bbox 251 808 408 838; x_wconf 73' lang='lat' dir='ltr'><strong>sperantur.</strong></span> <span class='ocrx_word' id='word_1_176' title='bbox 439 802 544 830; x_wconf 84' lang='lat' dir='ltr'><strong>Etenim</strong></span> <span class='ocrx_word' id='word_1_177' title='bbox 580 810 627 837; x_wconf 85' lang='lat' dir='ltr'><strong>spe</strong></span> <span class='ocrx_word' id='word_1_178' title='bbox 661 802 828 837; x_wconf 74' lang='lat' dir='ltr'><strong>gaudemus.</strong></span> <span class='ocrx_word' id='word_1_179' title='bbox 858 802 946 836; x_wconf 81' lang='lat' dir='ltr'><strong>inquit</strong></span> <span class='ocrx_word' id='word_1_180' title='bbox 969 802 1038 829; x_wconf 82' lang='lat' dir='ltr'><strong>Pan-</strong></span> 
     </span>
    </p>
   </div>
   <div class='ocr_carea' id='block_1_26' title="bbox 253 848 1034 884">
    <p class='ocr_par' dir='ltr' id='par_1_26' title="bbox 253 848 1034 884">
     <span class='ocr_line' id='line_1_26' title="bbox 253 848 1034 884; baseline -0.003 -8"><span class='ocrx_word' id='word_1_181' title='bbox 253 851 304 881; x_wconf 79' lang='lat' dir='ltr'><strong>lus,</strong></span> <span class='ocrx_word' id='word_1_182' title='bbox 332 855 459 884; x_wconf 87' lang='lat' dir='ltr'><strong>tanquam</strong></span> <span class='ocrx_word' id='word_1_183' title='bbox 477 849 609 876; x_wconf 82' lang='lat' dir='ltr'><strong>charitate</strong></span> <span class='ocrx_word' id='word_1_184' title='bbox 630 857 691 875; x_wconf 87' lang='lat' dir='ltr'><strong>cuttt</strong></span> <span class='ocrx_word' id='word_1_185' title='bbox 714 849 814 883; x_wconf 80' lang='lat' dir='ltr'><strong>gaudio</strong></span> <span class='ocrx_word' id='word_1_186' title='bbox 838 856 920 883; x_wconf 80' lang='lat' dir='ltr'><strong>super</strong></span> <span class='ocrx_word' id='word_1_187' title='bbox 941 848 1034 875; x_wconf 79' lang='lat' dir='ltr'><strong>eadem</strong></span> 
     </span>
    </p>
   </div>
   <div class='ocr_carea' id='block_1_27' title="bbox 253 884 1072 929">
    <p class='ocr_par' dir='ltr' id='par_1_27' title="bbox 253 884 1072 929">
     <span class='ocr_line' id='line_1_27' title="bbox 253 884 1072 929; baseline -0.001 -8"><span class='ocrx_word' id='word_1_188' title='bbox 253 894 452 927; x_wconf 75' lang='lat' dir='ltr'><strong>conveniente;</strong></span> <span class='ocrx_word' id='word_1_189' title='bbox 466 898 494 921; x_wconf 87' lang='lat' dir='ltr'><strong>et</strong></span> <span class='ocrx_word' id='word_1_190' title='bbox 504 898 577 922; x_wconf 88' lang='lat' dir='ltr'><strong>certe</strong></span> <span class='ocrx_word' id='word_1_191' title='bbox 600 895 748 929; x_wconf 72' lang='lat' dir='ltr'><strong>gaudemus</strong></span> <span class='ocrx_word' id='word_1_192' title='bbox 770 894 849 920; x_wconf 90' lang='lat' dir='ltr'><strong>nobis</strong></span> <span class='ocrx_word' id='word_1_193' title='bbox 868 894 934 928; x_wconf 85' lang='lat' dir='ltr'><strong>ipsis</strong></span> <span class='ocrx_word' id='word_1_194' title='bbox 945 915 952 927; x_wconf 88' lang='lat'><strong>,</strong></span> <span class='ocrx_word' id='word_1_195' title='bbox 968 902 1032 928; x_wconf 90' lang='lat' dir='ltr'><strong>qna-</strong></span> <span class='ocrx_word' id='word_1_196' title='bbox 1051 884 1072 911; x_wconf 76' lang='grc' dir='ltr'><strong>Β</strong></span> 
     </span>
    </p>
   </div>
   <div class='ocr_carea' id='block_1_28' title="bbox 254 940 1036 975">
    <p class='ocr_par' dir='ltr' id='par_1_28' title="bbox 254 940 1036 975">
     <span class='ocr_line' id='line_1_28' title="bbox 254 940 1036 975; baseline -0.001 -7"><span class='ocrx_word' id='word_1_197' title='bbox 254 946 333 968; x_wconf 70' lang='lat' dir='ltr'><strong>tenus</strong></span> <span class='ocrx_word' id='word_1_198' title='bbox 354 948 495 972; x_wconf 86' lang='lat' dir='ltr'><strong>amamus.</strong></span> <span class='ocrx_word' id='word_1_199' title='bbox 510 945 537 968; x_wconf 87' lang='lat' dir='ltr'><strong>et</strong></span> <span class='ocrx_word' id='word_1_200' title='bbox 561 940 620 968; x_wconf 89' lang='lat' dir='ltr'><strong>aliis</strong></span> <span class='ocrx_word' id='word_1_201' title='bbox 632 960 639 973; x_wconf 87' lang='grc'>,</span> <span class='ocrx_word' id='word_1_202' title='bbox 654 943 778 967; x_wconf 86' lang='lat' dir='ltr'><strong>nostrum</strong></span> <span class='ocrx_word' id='word_1_203' title='bbox 802 940 921 974; x_wconf 87' lang='lat' dir='ltr'><strong>ipsorum</strong></span> <span class='ocrx_word' id='word_1_204' title='bbox 939 941 1036 975; x_wconf 73' lang='lat' dir='ltr'><strong>gratia.</strong></span> 
     </span>
    </p>
   </div>
   <div class='ocr_carea' id='block_1_29' title="bbox 253 986 1036 1022">
    <p class='ocr_par' dir='ltr' id='par_1_29' title="bbox 253 986 1036 1022">
     <span class='ocr_line' id='line_1_29' title="bbox 253 986 1036 1022; baseline -0.001 -8"><span class='ocrx_word' id='word_1_205' title='bbox 253 987 324 1014; x_wconf 89' lang='lat' dir='ltr'><strong>Sunt</strong></span> <span class='ocrx_word' id='word_1_206' title='bbox 345 992 435 1014; x_wconf 89' lang='lat' dir='ltr'><strong>autem</strong></span> <span class='ocrx_word' id='word_1_207' title='bbox 460 987 506 1022; x_wconf 89' lang='lat' dir='ltr'><strong>qui</strong></span> <span class='ocrx_word' id='word_1_208' title='bbox 519 992 630 1021; x_wconf 86' lang='lat' dir='ltr'><strong>propter</strong></span> <span class='ocrx_word' id='word_1_209' title='bbox 644 987 750 1021; x_wconf 86' lang='lat' dir='ltr'><strong>seipsos</strong></span> <span class='ocrx_word' id='word_1_210' title='bbox 765 986 878 1021; x_wconf 89' lang='lat' dir='ltr'><strong>jucundi</strong></span> <span class='ocrx_word' id='word_1_211' title='bbox 890 991 964 1017; x_wconf 87' lang='lat' dir='ltr'><strong>sunt,</strong></span> <span class='ocrx_word' id='word_1_212' title='bbox 974 995 1036 1014; x_wconf 89' lang='lat' dir='ltr'><strong>cum</strong></span> 
     </span>
    </p>
   </div>
   <div class='ocr_carea' id='block_1_30' title="bbox 255 1033 1038 1068">
    <p class='ocr_par' dir='ltr' id='par_1_30' title="bbox 255 1033 1038 1068">
     <span class='ocr_line' id='line_1_30' title="bbox 255 1033 1038 1068; baseline 0 -8"><span class='ocrx_word' id='word_1_213' title='bbox 255 1034 304 1066; x_wconf 85' lang='lat' dir='ltr'><strong>ipsi</strong></span> <span class='ocrx_word' id='word_1_214' title='bbox 317 1034 370 1060; x_wconf 88' lang='lat' dir='ltr'><strong>sint</strong></span> <span class='ocrx_word' id='word_1_215' title='bbox 379 1033 458 1060; x_wconf 83' lang='lat' dir='ltr'><strong>b0nis</strong></span> <span class='ocrx_word' id='word_1_216' title='bbox 467 1033 599 1063; x_wconf 79' lang='lat' dir='ltr'><strong>moribus.</strong></span> <span class='ocrx_word' id='word_1_217' title='bbox 612 1033 812 1068; x_wconf 77' lang='lat' dir='ltr'><strong>bcttcvol0sque</strong></span> <span class='ocrx_word' id='word_1_218' title='bbox 822 1033 916 1061; x_wconf 84' lang='lat' dir='ltr'><strong>obvios</strong></span> <span class='ocrx_word' id='word_1_219' title='bbox 933 1034 1038 1061; x_wconf 85' lang='lat' dir='ltr'><strong>hahne-</strong></span> 
     </span>
    </p>
   </div>
   <div class='ocr_carea' id='block_1_31' title="bbox 255 1078 1036 1115">
    <p class='ocr_par' dir='ltr' id='par_1_31' title="bbox 255 1078 1036 1115">
     <span class='ocr_line' id='line_1_31' title="bbox 255 1078 1036 1115; baseline 0 -9"><span class='ocrx_word' id='word_1_220' title='bbox 255 1079 311 1106; x_wconf 86' lang='lat' dir='ltr'><strong>rint</strong></span> <span class='ocrx_word' id='word_1_221' title='bbox 327 1080 445 1106; x_wconf 86' lang='lat' dir='ltr'><strong>animos.</strong></span> <span class='ocrx_word' id='word_1_222' title='bbox 469 1078 562 1113; x_wconf 79' lang='lat' dir='ltr'><strong>itaque</strong></span> <span class='ocrx_word' id='word_1_223' title='bbox 583 1079 693 1106; x_wconf 89' lang='lat' dir='ltr'><strong>virtutis</strong></span> <span class='ocrx_word' id='word_1_224' title='bbox 705 1087 799 1107; x_wconf 81' lang='lat' dir='ltr'><strong>amans</strong></span> <span class='ocrx_word' id='word_1_225' title='bbox 817 1087 868 1106; x_wconf 85' lang='lat' dir='ltr'><strong>non</strong></span> <span class='ocrx_word' id='word_1_226' title='bbox 883 1080 970 1115; x_wconf 69' lang='lat' dir='ltr'><strong>diligit</strong></span> <span class='ocrx_word' id='word_1_227' title='bbox 986 1080 1036 1107; x_wconf 86' lang='lat' dir='ltr'><strong>nisi</strong></span> 
     </span>
    </p>
   </div>
   <div class='ocr_carea' id='block_1_32' title="bbox 255 1124 1037 1160">
    <p class='ocr_par' dir='ltr' id='par_1_32' title="bbox 255 1124 1037 1160">
     <span class='ocr_line' id='line_1_32' title="bbox 255 1124 1037 1160; baseline 0.003 -10"><span class='ocrx_word' id='word_1_228' title='bbox 255 1124 326 1159; x_wconf 89' lang='lat' dir='ltr'><strong>quod</strong></span> <span class='ocrx_word' id='word_1_229' title='bbox 354 1124 454 1152; x_wconf 88' lang='lat' dir='ltr'><strong>bonum</strong></span> <span class='ocrx_word' id='word_1_230' title='bbox 477 1129 538 1152; x_wconf 85' lang='lat' dir='ltr'><strong>est:</strong></span> <span class='ocrx_word' id='word_1_231' title='bbox 555 1130 664 1159; x_wconf 90' lang='lat' dir='ltr'><strong>propter</strong></span> <span class='ocrx_word' id='word_1_232' title='bbox 688 1126 739 1152; x_wconf 79' lang='lat' dir='ltr'><strong>hor.</strong></span> <span class='ocrx_word' id='word_1_233' title='bbox 754 1125 863 1159; x_wconf 77' lang='lat' dir='ltr'><strong>quidem</strong></span> <span class='ocrx_word' id='word_1_234' title='bbox 877 1125 1037 1160; x_wconf 82' lang='lat' dir='ltr'><strong>sibitnetipsi</strong></span> 
     </span>
    </p>
   </div>
   <div class='ocr_carea' id='block_1_33' title="bbox 255 1171 1039 1206">
    <p class='ocr_par' dir='ltr' id='par_1_33' title="bbox 255 1171 1039 1206">
     <span class='ocr_line' id='line_1_33' title="bbox 255 1171 1039 1206; baseline 0.001 -10"><span class='ocrx_word' id='word_1_235' title='bbox 255 1171 364 1202; x_wconf 69' lang='lat' dir='ltr'><strong>gaudet.</strong></span> <span class='ocrx_word' id='word_1_236' title='bbox 388 1175 499 1206; x_wconf 88' lang='lat' dir='ltr'><strong>propter</strong></span> <span class='ocrx_word' id='word_1_237' title='bbox 518 1171 569 1198; x_wconf 90' lang='lat' dir='ltr'><strong>ltoc</strong></span> <span class='ocrx_word' id='word_1_238' title='bbox 586 1176 676 1197; x_wconf 85' lang='lat' dir='ltr'><strong>autem</strong></span> <span class='ocrx_word' id='word_1_239' title='bbox 710 1171 791 1198; x_wconf 86' lang='lat' dir='ltr'><strong>etiam</strong></span> <span class='ocrx_word' id='word_1_240' title='bbox 809 1171 961 1202; x_wconf 87' lang='lat' dir='ltr'><strong>aliis,illud</strong></span> <span class='ocrx_word' id='word_1_241' title='bbox 979 1171 1039 1205; x_wconf 90' lang='lat' dir='ltr'><strong>qui-</strong></span> 
     </span>
    </p>
   </div>
   <div class='ocr_carea' id='block_1_34' title="bbox 255 1215 1036 1248">
    <p class='ocr_par' dir='ltr' id='par_1_34' title="bbox 255 1215 1036 1248">
     <span class='ocr_line' id='line_1_34' title="bbox 255 1215 1036 1248; baseline 0.001 -6"><span class='ocrx_word' id='word_1_242' title='bbox 255 1215 316 1242; x_wconf 64' lang='lat' dir='ltr'><strong>dem</strong></span> <span class='ocrx_word' id='word_1_243' title='bbox 332 1236 340 1248; x_wconf 82' lang='lat'><strong><em>.</em></strong></span> <span class='ocrx_word' id='word_1_244' title='bbox 355 1216 378 1243; x_wconf 85' lang='lat' dir='ltr'><strong>si</strong></span> <span class='ocrx_word' id='word_1_245' title='bbox 396 1223 484 1243; x_wconf 85' lang='lat' dir='ltr'><strong>mores</strong></span> <span class='ocrx_word' id='word_1_246' title='bbox 502 1216 674 1247; x_wconf 79' lang='lat' dir='ltr'><strong>conveniant,</strong></span> <span class='ocrx_word' id='word_1_247' title='bbox 690 1216 741 1242; x_wconf 85' lang='lat' dir='ltr'><strong>hoc</strong></span> <span class='ocrx_word' id='word_1_248' title='bbox 752 1221 841 1243; x_wconf 86' lang='lat' dir='ltr'><strong>autem</strong></span> <span class='ocrx_word' id='word_1_249' title='bbox 854 1218 876 1243; x_wconf 85' lang='lat' dir='ltr'><strong>si</strong></span> <span class='ocrx_word' id='word_1_250' title='bbox 889 1216 920 1243; x_wconf 92' lang='lat' dir='ltr'><strong>ad</strong></span> <span class='ocrx_word' id='word_1_251' title='bbox 935 1216 1036 1243; x_wconf 92' lang='lat' dir='ltr'><strong>bonum</strong></span> 
     </span>
    </p>
   </div>
   <div class='ocr_carea' id='block_1_35' title="bbox 256 1261 1038 1297">
    <p class='ocr_par' dir='ltr' id='par_1_35' title="bbox 256 1261 1038 1297">
     <span class='ocr_line' id='line_1_35' title="bbox 256 1261 1038 1297; baseline 0.001 -9"><span class='ocrx_word' id='word_1_252' title='bbox 256 1262 355 1288; x_wconf 80' lang='lat' dir='ltr'><strong>auxilia</strong></span> <span class='ocrx_word' id='word_1_253' title='bbox 381 1267 517 1297; x_wconf 71' lang='lat' dir='ltr'><strong>prmstent.</strong></span> <span class='ocrx_word' id='word_1_254' title='bbox 545 1261 646 1289; x_wconf 63' lang='lat' dir='ltr'><strong>Praeter</strong></span> <span class='ocrx_word' id='word_1_255' title='bbox 678 1263 734 1289; x_wconf 75' lang='lat' dir='ltr'><strong>lure</strong></span> <span class='ocrx_word' id='word_1_256' title='bbox 757 1270 822 1289; x_wconf 81' lang='lat' dir='ltr'><strong>vero</strong></span> <span class='ocrx_word' id='word_1_257' title='bbox 847 1262 943 1290; x_wconf 89' lang='lat' dir='ltr'><strong>alienis</strong></span> <span class='ocrx_word' id='word_1_258' title='bbox 958 1262 1038 1289; x_wconf 81' lang='lat' dir='ltr'><strong>bonis</strong></span> 
     </span>
    </p>
   </div>
   <div class='ocr_carea' id='block_1_36' title="bbox 257 1308 1037 1343">
    <p class='ocr_par' dir='ltr' id='par_1_36' title="bbox 257 1308 1037 1343">
     <span class='ocr_line' id='line_1_36' title="bbox 257 1308 1037 1343; baseline 0 -9"><span class='ocrx_word' id='word_1_259' title='bbox 257 1308 338 1334; x_wconf 86' lang='lat' dir='ltr'><strong>homo</strong></span> <span class='ocrx_word' id='word_1_260' title='bbox 364 1308 451 1335; x_wconf 90' lang='lat' dir='ltr'><strong>bonus</strong></span> <span class='ocrx_word' id='word_1_261' title='bbox 471 1308 588 1343; x_wconf 64' lang='lat' dir='ltr'><strong>gaudet,</strong></span> <span class='ocrx_word' id='word_1_262' title='bbox 604 1313 630 1335; x_wconf 88' lang='lat' dir='ltr'><strong>et</strong></span> <span class='ocrx_word' id='word_1_263' title='bbox 657 1308 707 1343; x_wconf 83' lang='lat' dir='ltr'><strong>ipsi</strong></span> <span class='ocrx_word' id='word_1_264' title='bbox 726 1313 850 1336; x_wconf 82' lang='lat' dir='ltr'><strong>votorum</strong></span> <span class='ocrx_word' id='word_1_265' title='bbox 865 1316 897 1335; x_wconf 86' lang='lat' dir='ltr'><strong>ac</strong></span> <span class='ocrx_word' id='word_1_266' title='bbox 908 1308 1037 1335; x_wconf 81' lang='lat' dir='ltr'><strong>desiderii</strong></span> 
     </span>
    </p>
   </div>
   <div class='ocr_carea' id='block_1_37' title="bbox 256 1354 1039 1388">
    <p class='ocr_par' dir='ltr' id='par_1_37' title="bbox 256 1354 1039 1388">
     <span class='ocr_line' id='line_1_37' title="bbox 256 1354 1039 1388; baseline 0.001 -9"><span class='ocrx_word' id='word_1_267' title='bbox 256 1361 366 1388; x_wconf 80' lang='lat' dir='ltr'><strong>quoque</strong></span> <span class='ocrx_word' id='word_1_268' title='bbox 381 1354 442 1380; x_wconf 87' lang='lat' dir='ltr'><strong>linis</strong></span> <span class='ocrx_word' id='word_1_269' title='bbox 460 1358 512 1385; x_wconf 81' lang='lat' dir='ltr'><strong>est,</strong></span> <span class='ocrx_word' id='word_1_270' title='bbox 529 1355 550 1381; x_wconf 80' lang='lat' dir='ltr'><strong>si</strong></span> <span class='ocrx_word' id='word_1_271' title='bbox 565 1354 627 1388; x_wconf 82' lang='lat' dir='ltr'><strong>quis</strong></span> <span class='ocrx_word' id='word_1_272' title='bbox 643 1355 711 1380; x_wconf 82' lang='lat' dir='ltr'><strong>bene</strong></span> <span class='ocrx_word' id='word_1_273' title='bbox 721 1354 787 1388; x_wconf 73' lang='lat' dir='ltr'><strong>agit.</strong></span> <span class='ocrx_word' id='word_1_274' title='bbox 804 1354 836 1380; x_wconf 82' lang='lat' dir='ltr'><strong>Et</strong></span> <span class='ocrx_word' id='word_1_275' title='bbox 849 1354 898 1380; x_wconf 78' lang='lat' dir='ltr'><strong>hoc</strong></span> <span class='ocrx_word' id='word_1_276' title='bbox 914 1354 1039 1388; x_wconf 84' lang='lat' dir='ltr'><strong>volupta-</strong></span> 
     </span>
    </p>
   </div>
   <div class='ocr_carea' id='block_1_38' title="bbox 258 1399 1039 1432">
    <p class='ocr_par' dir='ltr' id='par_1_38' title="bbox 258 1399 1039 1432">
     <span class='ocr_line' id='line_1_38' title="bbox 258 1399 1039 1432; baseline 0.001 -7"><span class='ocrx_word' id='word_1_277' title='bbox 258 1400 292 1427; x_wconf 86' lang='lat' dir='ltr'><strong>tis</strong></span> <span class='ocrx_word' id='word_1_278' title='bbox 307 1399 512 1427; x_wconf 81' lang='lat' dir='ltr'><strong>liberalissimus</strong></span> <span class='ocrx_word' id='word_1_279' title='bbox 539 1404 580 1426; x_wconf 78' lang='lat' dir='ltr'><strong>est</strong></span> <span class='ocrx_word' id='word_1_280' title='bbox 600 1399 706 1432; x_wconf 84' lang='lat' dir='ltr'><strong>modus,</strong></span> <span class='ocrx_word' id='word_1_281' title='bbox 719 1399 766 1426; x_wconf 86' lang='lat' dir='ltr'><strong>tibi</strong></span> <span class='ocrx_word' id='word_1_282' title='bbox 780 1406 954 1426; x_wconf 87' lang='lat' dir='ltr'><strong>communem</strong></span> <span class='ocrx_word' id='word_1_283' title='bbox 974 1399 1039 1426; x_wconf 87' lang='lat' dir='ltr'><strong>facit</strong></span> 
     </span>
    </p>
   </div>
   <div class='ocr_carea' id='block_1_39' title="bbox 257 1445 1039 1480">
    <p class='ocr_par' dir='ltr' id='par_1_39' title="bbox 257 1445 1039 1480">
     <span class='ocr_line' id='line_1_39' title="bbox 257 1445 1039 1480; baseline 0.001 -9"><span class='ocrx_word' id='word_1_284' title='bbox 257 1446 360 1476; x_wconf 59' lang='lat' dir='ltr'><strong>anima:</strong></span> <span class='ocrx_word' id='word_1_285' title='bbox 383 1446 558 1480; x_wconf 81' lang='lat' dir='ltr'><strong>voluptatem.</strong></span> <span class='ocrx_word' id='word_1_286' title='bbox 591 1452 640 1472; x_wconf 84' lang='lat' dir='ltr'><strong>nec</strong></span> <span class='ocrx_word' id='word_1_287' title='bbox 667 1446 786 1480; x_wconf 80' lang='lat' dir='ltr'><strong>scipsum</strong></span> <span class='ocrx_word' id='word_1_288' title='bbox 816 1445 903 1473; x_wconf 84' lang='lat' dir='ltr'><strong>solum</strong></span> <span class='ocrx_word' id='word_1_289' title='bbox 928 1449 972 1472; x_wconf 85' lang='lat' dir='ltr'><strong>aut</strong></span> <span class='ocrx_word' id='word_1_290' title='bbox 989 1452 1039 1472; x_wconf 82' lang='lat' dir='ltr'><strong>sua</strong></span> 
     </span>
    </p>
   </div>
   <div class='ocr_carea' id='block_1_40' title="bbox 257 1491 1040 1527">
    <p class='ocr_par' dir='ltr' id='par_1_40' title="bbox 257 1491 1040 1527">
     <span class='ocr_line' id='line_1_40' title="bbox 257 1491 1040 1527; baseline 0 -9"><span class='ocrx_word' id='word_1_291' title='bbox 257 1493 400 1518; x_wconf 90' lang='lat' dir='ltr'><strong>commoda</strong></span> <span class='ocrx_word' id='word_1_292' title='bbox 424 1492 500 1526; x_wconf 91' lang='lat' dir='ltr'><strong>cupit</strong></span> <span class='ocrx_word' id='word_1_293' title='bbox 520 1511 527 1524; x_wconf 89' lang='grc'>,</span> <span class='ocrx_word' id='word_1_294' title='bbox 547 1499 597 1519; x_wconf 89' lang='lat' dir='ltr'><strong>nec</strong></span> <span class='ocrx_word' id='word_1_295' title='bbox 623 1492 680 1519; x_wconf 78' lang='lat' dir='ltr'><strong>suis</strong></span> <span class='ocrx_word' id='word_1_296' title='bbox 695 1492 782 1519; x_wconf 86' lang='lat' dir='ltr'><strong>solum</strong></span> <span class='ocrx_word' id='word_1_297' title='bbox 814 1491 947 1527; x_wconf 73' lang='lat' dir='ltr'><strong>gloriatur</strong></span> <span class='ocrx_word' id='word_1_298' title='bbox 967 1511 975 1524; x_wconf 93' lang='lat'><strong><em>,</em></strong></span> <span class='ocrx_word' id='word_1_299' title='bbox 993 1495 1040 1518; x_wconf 84' lang='lat' dir='ltr'><strong>aut</strong></span> 
     </span>
    </p>
   </div>
   <div class='ocr_carea' id='block_1_41' title="bbox 258 1537 1038 1573">
    <p class='ocr_par' dir='ltr' id='par_1_41' title="bbox 258 1537 1038 1573">
     <span class='ocr_line' id='line_1_41' title="bbox 258 1537 1038 1573; baseline 0.004 -11"><span class='ocrx_word' id='word_1_300' title='bbox 258 1542 331 1564; x_wconf 81' lang='lat' dir='ltr'><strong>amat</strong></span> <span class='ocrx_word' id='word_1_301' title='bbox 356 1537 463 1565; x_wconf 79' lang='lat' dir='ltr'><strong>lucrum</strong></span> <span class='ocrx_word' id='word_1_302' title='bbox 479 1558 486 1570; x_wconf 84' lang='lat'>,</span> <span class='ocrx_word' id='word_1_303' title='bbox 500 1537 546 1565; x_wconf 82' lang='lat' dir='ltr'><strong>sed</strong></span> <span class='ocrx_word' id='word_1_304' title='bbox 573 1538 696 1566; x_wconf 87' lang='lat' dir='ltr'><strong>coronari</strong></span> <span class='ocrx_word' id='word_1_305' title='bbox 730 1538 891 1573; x_wconf 71' lang='lat' dir='ltr'><strong>praesumit,</strong></span> <span class='ocrx_word' id='word_1_306' title='bbox 908 1539 973 1566; x_wconf 90' lang='lat' dir='ltr'><strong>dum</strong></span> <span class='ocrx_word' id='word_1_307' title='bbox 992 1539 1038 1566; x_wconf 74' lang='lat' dir='ltr'><strong>alii</strong></span> 
     </span>
    </p>
   </div>
   <div class='ocr_carea' id='block_1_42' title="bbox 259 1583 1041 1617">
    <p class='ocr_par' dir='ltr' id='par_1_42' title="bbox 259 1583 1041 1617">
     <span class='ocr_line' id='line_1_42' title="bbox 259 1583 1041 1617; baseline -0.001 -6"><span class='ocrx_word' id='word_1_308' title='bbox 259 1584 381 1612; x_wconf 87' lang='lat' dir='ltr'><strong>vincunt.</strong></span> <span class='ocrx_word' id='word_1_309' title='bbox 409 1583 436 1611; x_wconf 90' lang='lat' dir='ltr'><strong>lu</strong></span> <span class='ocrx_word' id='word_1_310' title='bbox 463 1583 514 1612; x_wconf 92' lang='lat' dir='ltr'><strong>hoc</strong></span> <span class='ocrx_word' id='word_1_311' title='bbox 536 1583 609 1611; x_wconf 89' lang='lat' dir='ltr'><strong>enim</strong></span> <span class='ocrx_word' id='word_1_312' title='bbox 644 1584 724 1610; x_wconf 90' lang='lat' dir='ltr'><strong>homo</strong></span> <span class='ocrx_word' id='word_1_313' title='bbox 740 1588 864 1610; x_wconf 87' lang='lat' dir='ltr'><strong>naturam</strong></span> <span class='ocrx_word' id='word_1_314' title='bbox 878 1589 1000 1617; x_wconf 84' lang='lat' dir='ltr'><strong>supcrat,</strong></span> <span class='ocrx_word' id='word_1_315' title='bbox 1015 1589 1041 1610; x_wconf 74' lang='lat' dir='ltr'><strong>et</strong></span> 
     </span>
    </p>
   </div>
   <div class='ocr_carea' id='block_1_43' title="bbox 258 1628 1041 1664">
    <p class='ocr_par' dir='ltr' id='par_1_43' title="bbox 258 1628 1041 1664">
     <span class='ocr_line' id='line_1_43' title="bbox 258 1628 1041 1664; baseline -0.003 -7"><span class='ocrx_word' id='word_1_316' title='bbox 258 1630 314 1657; x_wconf 79' lang='lat' dir='ltr'><strong>Deo</strong></span> <span class='ocrx_word' id='word_1_317' title='bbox 340 1631 369 1657; x_wconf 86' lang='lat' dir='ltr'><strong>tit</strong></span> <span class='ocrx_word' id='word_1_318' title='bbox 386 1630 494 1662; x_wconf 83' lang='lat' dir='ltr'><strong>similis,</strong></span> <span class='ocrx_word' id='word_1_319' title='bbox 520 1629 567 1664; x_wconf 91' lang='lat' dir='ltr'><strong>qui</strong></span> <span class='ocrx_word' id='word_1_320' title='bbox 582 1636 726 1657; x_wconf 86' lang='lat' dir='ltr'><strong>commune</strong></span> <span class='ocrx_word' id='word_1_321' title='bbox 740 1630 840 1656; x_wconf 88' lang='lat' dir='ltr'><strong>honuttt</strong></span> <span class='ocrx_word' id='word_1_322' title='bbox 857 1634 909 1655; x_wconf 87' lang='lat' dir='ltr'><strong>est.</strong></span> <span class='ocrx_word' id='word_1_323' title='bbox 926 1628 978 1655; x_wconf 85' lang='lat' dir='ltr'><strong>Sed</strong></span> <span class='ocrx_word' id='word_1_324' title='bbox 993 1629 1041 1656; x_wconf 91' lang='lat' dir='ltr'><strong>ali-</strong></span> 
     </span>
    </p>
   </div>
   <div class='ocr_carea' id='block_1_44' title="bbox 261 1673 1040 1709">
    <p class='ocr_par' dir='ltr' id='par_1_44' title="bbox 261 1673 1040 1709">
     <span class='ocr_line' id='line_1_44' title="bbox 261 1673 1040 1709; baseline 0.001 -9"><span class='ocrx_word' id='word_1_325' title='bbox 261 1674 332 1700; x_wconf 86' lang='lat' dir='ltr'><strong>unde</strong></span> <span class='ocrx_word' id='word_1_326' title='bbox 348 1682 456 1709; x_wconf 87' lang='lat' dir='ltr'><strong>quoque</strong></span> <span class='ocrx_word' id='word_1_327' title='bbox 467 1673 609 1701; x_wconf 79' lang='lat' dir='ltr'><strong>manifeste</strong></span> <span class='ocrx_word' id='word_1_328' title='bbox 624 1674 713 1701; x_wconf 85' lang='lat' dir='ltr'><strong>elucet</strong></span> <span class='ocrx_word' id='word_1_329' title='bbox 727 1674 798 1708; x_wconf 86' lang='lat' dir='ltr'><strong>quod</strong></span> <span class='ocrx_word' id='word_1_330' title='bbox 811 1675 910 1701; x_wconf 90' lang='lat' dir='ltr'><strong>honntn</strong></span> <span class='ocrx_word' id='word_1_331' title='bbox 930 1679 1040 1708; x_wconf 86' lang='lat' dir='ltr'><strong>propter</strong></span> 
     </span>
    </p>
   </div>
   <div class='ocr_carea' id='block_1_45' title="bbox 260 1719 1041 1754">
    <p class='ocr_par' dir='ltr' id='par_1_45' title="bbox 260 1719 1041 1754">
     <span class='ocr_line' id='line_1_45' title="bbox 260 1719 1041 1754; baseline 0.003 -9"><span class='ocrx_word' id='word_1_332' title='bbox 260 1719 379 1754; x_wconf 77' lang='lat' dir='ltr'><strong>seipsum</strong></span> <span class='ocrx_word' id='word_1_333' title='bbox 397 1724 424 1746; x_wconf 90' lang='lat' dir='ltr'><strong>et</strong></span> <span class='ocrx_word' id='word_1_334' title='bbox 445 1727 497 1746; x_wconf 90' lang='lat' dir='ltr'><strong>non</strong></span> <span class='ocrx_word' id='word_1_335' title='bbox 516 1723 626 1754; x_wconf 81' lang='lat' dir='ltr'><strong>propter</strong></span> <span class='ocrx_word' id='word_1_336' title='bbox 642 1727 719 1747; x_wconf 86' lang='lat' dir='ltr'><strong>suam</strong></span> <span class='ocrx_word' id='word_1_337' title='bbox 734 1719 876 1747; x_wconf 85' lang='lat' dir='ltr'><strong>utilitatem</strong></span> <span class='ocrx_word' id='word_1_338' title='bbox 885 1724 1041 1751; x_wconf 73' lang='lat' dir='ltr'><strong>amat,cnm</strong></span> 
     </span>
    </p>
   </div>
   <div class='ocr_carea' id='block_1_46' title="bbox 260 1764 1043 1799">
    <p class='ocr_par' dir='ltr' id='par_1_46' title="bbox 260 1764 1043 1799">
     <span class='ocr_line' id='line_1_46' title="bbox 260 1764 1043 1799; baseline 0.006 -10"><span class='ocrx_word' id='word_1_339' title='bbox 260 1764 340 1791; x_wconf 65' lang='lat' dir='ltr'><strong>etiam</strong></span> <span class='ocrx_word' id='word_1_340' title='bbox 372 1764 443 1799; x_wconf 79' lang='lat' dir='ltr'><strong>apud</strong></span> <span class='ocrx_word' id='word_1_341' title='bbox 452 1764 521 1791; x_wconf 70' lang='lat' dir='ltr'><strong>alios</strong></span> <span class='ocrx_word' id='word_1_342' title='bbox 537 1764 644 1796; x_wconf 74' lang='lat' dir='ltr'><strong>videns,</strong></span> <span class='ocrx_word' id='word_1_343' title='bbox 658 1773 710 1791; x_wconf 89' lang='lat' dir='ltr'><strong>non</strong></span> <span class='ocrx_word' id='word_1_344' title='bbox 725 1765 816 1792; x_wconf 78' lang='lat' dir='ltr'><strong>militis</strong></span> <span class='ocrx_word' id='word_1_345' title='bbox 833 1765 949 1793; x_wconf 65' lang='lat' dir='ltr'><strong>laetetur.</strong></span> <span class='ocrx_word' id='word_1_346' title='bbox 965 1766 1043 1794; x_wconf 81' lang='lat' dir='ltr'><strong>Alius</strong></span> 
     </span>
    </p>
   </div>
   <div class='ocr_carea' id='block_1_47' title="bbox 260 1811 1041 1846">
    <p class='ocr_par' dir='ltr' id='par_1_47' title="bbox 260 1811 1041 1846">
     <span class='ocr_line' id='line_1_47' title="bbox 260 1811 1041 1846; baseline 0.005 -9"><span class='ocrx_word' id='word_1_347' title='bbox 260 1812 370 1846; x_wconf 90' lang='lat' dir='ltr'><strong>quidem</strong></span> <span class='ocrx_word' id='word_1_348' title='bbox 399 1812 515 1838; x_wconf 88' lang='lat' dir='ltr'><strong>aliorum</strong></span> <span class='ocrx_word' id='word_1_349' title='bbox 545 1811 650 1839; x_wconf 74' lang='lat' dir='ltr'><strong>fructus</strong></span> <span class='ocrx_word' id='word_1_350' title='bbox 680 1817 730 1844; x_wconf 76' lang='lat' dir='ltr'><strong>est.</strong></span> <span class='ocrx_word' id='word_1_351' title='bbox 757 1813 886 1840; x_wconf 84' lang='lat' dir='ltr'><strong>honorum</strong></span> <span class='ocrx_word' id='word_1_352' title='bbox 901 1814 1041 1841; x_wconf 88' lang='lat' dir='ltr'><strong>ltominutn</strong></span> 
     </span>
    </p>
   </div>
   <div class='ocr_carea' id='block_1_48' title="bbox 259 1857 1044 1893">
    <p class='ocr_par' dir='ltr' id='par_1_48' title="bbox 259 1857 1044 1893">
     <span class='ocr_line' id='line_1_48' title="bbox 259 1857 1044 1893; baseline 0.004 -9"><span class='ocrx_word' id='word_1_353' title='bbox 259 1862 320 1891; x_wconf 83' lang='lat' dir='ltr'><strong>cst,</strong></span> <span class='ocrx_word' id='word_1_354' title='bbox 332 1857 458 1884; x_wconf 86' lang='lat' dir='ltr'><strong>omnibus</strong></span> <span class='ocrx_word' id='word_1_355' title='bbox 472 1857 538 1885; x_wconf 88' lang='lat' dir='ltr'><strong>bene</strong></span> <span class='ocrx_word' id='word_1_356' title='bbox 563 1858 630 1885; x_wconf 86' lang='lat' dir='ltr'><strong>velle</strong></span> <span class='ocrx_word' id='word_1_357' title='bbox 651 1859 822 1893; x_wconf 72' lang='lat' dir='ltr'><strong>gautlcreque</strong></span> <span class='ocrx_word' id='word_1_358' title='bbox 838 1860 871 1887; x_wconf 90' lang='lat' dir='ltr'><strong>de</strong></span> <span class='ocrx_word' id='word_1_359' title='bbox 888 1861 958 1886; x_wconf 85' lang='lat' dir='ltr'><strong>bona</strong></span> <span class='ocrx_word' id='word_1_360' title='bbox 975 1860 1044 1887; x_wconf 83' lang='lat' dir='ltr'><strong>isto-</strong></span> 
     </span>
    </p>
   </div>
   <div class='ocr_carea' id='block_1_49' title="bbox 260 1903 1043 1938">
    <p class='ocr_par' dir='ltr' id='par_1_49' title="bbox 260 1903 1043 1938">
     <span class='ocr_line' id='line_1_49' title="bbox 260 1903 1043 1938; baseline 0.004 -9"><span class='ocrx_word' id='word_1_361' title='bbox 260 1910 320 1930; x_wconf 91' lang='lat' dir='ltr'><strong>rum</strong></span> <span class='ocrx_word' id='word_1_362' title='bbox 348 1903 576 1935; x_wconf 81' lang='lat' dir='ltr'><strong>consideratione,</strong></span> <span class='ocrx_word' id='word_1_363' title='bbox 600 1903 704 1938; x_wconf 76' lang='lat' dir='ltr'><strong>hocque</strong></span> <span class='ocrx_word' id='word_1_364' title='bbox 729 1904 836 1938; x_wconf 74' lang='lat' dir='ltr'><strong>signum</strong></span> <span class='ocrx_word' id='word_1_365' title='bbox 853 1904 977 1938; x_wconf 71' lang='lat' dir='ltr'><strong>perfectae</strong></span> <span class='ocrx_word' id='word_1_366' title='bbox 993 1905 1043 1932; x_wconf 88' lang='lat' dir='ltr'><strong>bo-</strong></span> 
     </span>
    </p>
   </div>
   <div class='ocr_carea' id='block_1_50' title="bbox 261 1948 1043 1983">
    <p class='ocr_par' dir='ltr' id='par_1_50' title="bbox 261 1948 1043 1983">
     <span class='ocr_line' id='line_1_50' title="bbox 261 1948 1043 1983; baseline 0.005 -9"><span class='ocrx_word' id='word_1_367' title='bbox 261 1948 353 1976; x_wconf 88' lang='lat' dir='ltr'><strong>nitatis</strong></span> <span class='ocrx_word' id='word_1_368' title='bbox 373 1948 436 1983; x_wconf 91' lang='lat' dir='ltr'><strong>poni</strong></span> <span class='ocrx_word' id='word_1_369' title='bbox 463 1948 502 1975; x_wconf 74' lang='lat' dir='ltr'><strong>fas</strong></span> <span class='ocrx_word' id='word_1_370' title='bbox 527 1953 580 1979; x_wconf 84' lang='lat' dir='ltr'><strong>est.</strong></span> <span class='ocrx_word' id='word_1_371' title='bbox 607 1948 677 1975; x_wconf 86' lang='lat' dir='ltr'><strong>sicut</strong></span> <span class='ocrx_word' id='word_1_372' title='bbox 692 1948 797 1976; x_wconf 87' lang='lat' dir='ltr'><strong>arboris</strong></span> <span class='ocrx_word' id='word_1_373' title='bbox 824 1949 921 1978; x_wconf 82' lang='lat' dir='ltr'><strong>fertilis</strong></span> <span class='ocrx_word' id='word_1_374' title='bbox 938 1950 1043 1978; x_wconf 87' lang='lat' dir='ltr'><strong>fructus</strong></span> 
     </span>
    </p>
   </div>
   <div class='ocr_carea' id='block_1_51' title="bbox 262 1992 1043 2029">
    <p class='ocr_par' dir='ltr' id='par_1_51' title="bbox 262 1992 1043 2029">
     <span class='ocr_line' id='line_1_51' title="bbox 262 1992 1043 2029; baseline 0.004 -9"><span class='ocrx_word' id='word_1_375' title='bbox 262 1993 436 2021; x_wconf 84' lang='lat' dir='ltr'><strong>manifestum</strong></span> <span class='ocrx_word' id='word_1_376' title='bbox 470 1994 589 2021; x_wconf 84' lang='lat' dir='ltr'><strong>ostendit</strong></span> <span class='ocrx_word' id='word_1_377' title='bbox 616 1994 747 2029; x_wconf 79' lang='lat' dir='ltr'><strong>vigorem.</strong></span> <span class='ocrx_word' id='word_1_378' title='bbox 776 1994 832 2022; x_wconf 82' lang='lat' dir='ltr'><strong>Nec</strong></span> <span class='ocrx_word' id='word_1_379' title='bbox 853 1992 925 2023; x_wconf 79' lang='lat' dir='ltr'><strong>cniin</strong></span> <span class='ocrx_word' id='word_1_380' title='bbox 945 2001 1043 2024; x_wconf 84' lang='lat' dir='ltr'><strong>natura</strong></span> 
     </span>
    </p>
   </div>
   <div class='ocr_carea' id='block_1_52' title="bbox 261 2041 1043 2077">
    <p class='ocr_par' dir='ltr' id='par_1_52' title="bbox 261 2041 1043 2077">
     <span class='ocr_line' id='line_1_52' title="bbox 261 2041 1043 2077; baseline 0.004 -11"><span class='ocrx_word' id='word_1_381' title='bbox 261 2041 332 2068; x_wconf 85' lang='lat' dir='ltr'><strong>ferre</strong></span> <span class='ocrx_word' id='word_1_382' title='bbox 351 2044 438 2076; x_wconf 81' lang='lat' dir='ltr'><strong>potest</strong></span> <span class='ocrx_word' id='word_1_383' title='bbox 450 2041 575 2067; x_wconf 83' lang='lat' dir='ltr'><strong>arborem</strong></span> <span class='ocrx_word' id='word_1_384' title='bbox 592 2041 625 2066; x_wconf 67' lang='lat' dir='ltr'><strong>ait</strong></span> <span class='ocrx_word' id='word_1_385' title='bbox 642 2041 745 2068; x_wconf 79' lang='lat' dir='ltr'><strong>similes</strong></span> <span class='ocrx_word' id='word_1_386' title='bbox 770 2041 959 2074; x_wconf 84' lang='lat' dir='ltr'><strong>producendos</strong></span> <span class='ocrx_word' id='word_1_387' title='bbox 993 2049 1043 2077; x_wconf 82' lang='lat' dir='ltr'><strong>ap-</strong></span> 
     </span>
    </p>
   </div>
   <div class='ocr_carea' id='block_1_53' title="bbox 263 2084 1043 2121">
    <p class='ocr_par' dir='ltr' id='par_1_53' title="bbox 263 2084 1043 2121">
     <span class='ocr_line' id='line_1_53' title="bbox 263 2084 1043 2121; baseline 0.004 -10"><span class='ocrx_word' id='word_1_388' title='bbox 263 2089 316 2112; x_wconf 86' lang='lat' dir='ltr'><strong>tant</strong></span> <span class='ocrx_word' id='word_1_389' title='bbox 330 2093 390 2120; x_wconf 62' lang='lat' dir='ltr'><strong>quae</strong></span> <span class='ocrx_word' id='word_1_390' title='bbox 403 2084 430 2112; x_wconf 92' lang='lat' dir='ltr'><strong>in</strong></span> <span class='ocrx_word' id='word_1_391' title='bbox 444 2093 473 2113; x_wconf 90' lang='lat' dir='ltr'><strong>se</strong></span> <span class='ocrx_word' id='word_1_392' title='bbox 488 2086 564 2120; x_wconf 88' lang='lat' dir='ltr'><strong>prius</strong></span> <span class='ocrx_word' id='word_1_393' title='bbox 580 2094 633 2112; x_wconf 91' lang='lat' dir='ltr'><strong>non</strong></span> <span class='ocrx_word' id='word_1_394' title='bbox 651 2086 686 2113; x_wconf 88' lang='lat' dir='ltr'><strong>sit</strong></span> <span class='ocrx_word' id='word_1_395' title='bbox 698 2085 827 2121; x_wconf 86' lang='lat' dir='ltr'><strong>perfecta,</strong></span> <span class='ocrx_word' id='word_1_396' title='bbox 846 2094 896 2114; x_wconf 90' lang='lat' dir='ltr'><strong>nec</strong></span> <span class='ocrx_word' id='word_1_397' title='bbox 910 2087 980 2114; x_wconf 88' lang='lat' dir='ltr'><strong>inter</strong></span> <span class='ocrx_word' id='word_1_398' title='bbox 993 2087 1043 2115; x_wconf 83' lang='lat' dir='ltr'><strong>ho-</strong></span> 
     </span>
    </p>
   </div>
   <div class='ocr_carea' id='block_1_54' title="bbox 262 2131 1043 2167">
    <p class='ocr_par' dir='ltr' id='par_1_54' title="bbox 262 2131 1043 2167">
     <span class='ocr_line' id='line_1_54' title="bbox 262 2131 1043 2167; baseline 0.006 -10"><span class='ocrx_word' id='word_1_399' title='bbox 262 2131 349 2159; x_wconf 85' lang='lat' dir='ltr'><strong>mines</strong></span> <span class='ocrx_word' id='word_1_400' title='bbox 363 2131 433 2158; x_wconf 87' lang='lat' dir='ltr'><strong>ullus</strong></span> <span class='ocrx_word' id='word_1_401' title='bbox 447 2131 508 2159; x_wconf 87' lang='lat' dir='ltr'><strong>aliis</strong></span> <span class='ocrx_word' id='word_1_402' title='bbox 527 2136 600 2159; x_wconf 86' lang='lat' dir='ltr'><strong>esset</strong></span> <span class='ocrx_word' id='word_1_403' title='bbox 624 2131 699 2159; x_wconf 85' lang='lat' dir='ltr'><strong>utilis</strong></span> <span class='ocrx_word' id='word_1_404' title='bbox 716 2151 724 2163; x_wconf 90' lang='lat'><strong>,</strong></span> <span class='ocrx_word' id='word_1_405' title='bbox 742 2133 788 2167; x_wconf 92' lang='lat' dir='ltr'><strong>qui</strong></span> <span class='ocrx_word' id='word_1_406' title='bbox 820 2133 896 2167; x_wconf 88' lang='lat' dir='ltr'><strong>prius</strong></span> <span class='ocrx_word' id='word_1_407' title='bbox 921 2141 974 2161; x_wconf 92' lang='lat' dir='ltr'><strong>non</strong></span> <span class='ocrx_word' id='word_1_408' title='bbox 990 2134 1043 2162; x_wconf 87' lang='lat' dir='ltr'><strong>sibi</strong></span> 
     </span>
    </p>
   </div>
   <div class='ocr_carea' id='block_1_55' title="bbox 262 2177 1043 2213">
    <p class='ocr_par' dir='ltr' id='par_1_55' title="bbox 262 2177 1043 2213">
     <span class='ocr_line' id='line_1_55' title="bbox 262 2177 1043 2213; baseline 0.006 -10"><span class='ocrx_word' id='word_1_409' title='bbox 262 2177 312 2211; x_wconf 88' lang='lat' dir='ltr'><strong>ipsi</strong></span> <span class='ocrx_word' id='word_1_410' title='bbox 337 2177 488 2211; x_wconf 79' lang='lat' dir='ltr'><strong>prodesset.</strong></span> <span class='ocrx_word' id='word_1_411' title='bbox 515 2177 685 2212; x_wconf 79' lang='lat' dir='ltr'><strong>Sibimetipsi</strong></span> <span class='ocrx_word' id='word_1_412' title='bbox 712 2178 783 2205; x_wconf 88' lang='lat' dir='ltr'><strong>enim</strong></span> <span class='ocrx_word' id='word_1_413' title='bbox 813 2186 867 2213; x_wconf 67' lang='lat' dir='ltr'><strong>prae</strong></span> <span class='ocrx_word' id='word_1_414' title='bbox 879 2179 985 2206; x_wconf 67' lang='lat' dir='ltr'><strong>wteris</strong></span> <span class='ocrx_word' id='word_1_415' title='bbox 999 2185 1043 2208; x_wconf 89' lang='lat' dir='ltr'><strong>est</strong></span> 
     </span>
    </p>
   </div>
   <div class='ocr_carea' id='block_1_56' title="bbox 1128 711 1875 749">
    <p class='ocr_par' dir='ltr' id='par_1_56' title="bbox 1128 711 1875 749">
     <span class='ocr_line' id='line_1_56' title="bbox 1128 711 1875 749; baseline 0.003 -11"><span class='ocrx_word' id='word_1_416' title='bbox 1128 711 1182 738; x_wconf 73' lang='lat' dir='ltr'><strong>Kal.</strong></span> <span class='ocrx_word' id='word_1_417' title='bbox 1194 713 1258 747; x_wconf 62' lang='lat' dir='ltr'><strong>mp}.</strong></span> <span class='ocrx_word' id='word_1_418' title='bbox 1269 713 1320 747; x_wconf 66' lang='grc' dir='ltr'><strong>μιν</strong></span> <span class='ocrx_word' id='word_1_419' title='bbox 1331 713 1382 747; x_wconf 82' lang='grc' dir='ltr'>τῆς</span> <span class='ocrx_word' id='word_1_420' title='bbox 1393 713 1482 745; x_wconf 80' lang='grc' dir='ltr'><strong>λύπης</strong></span> <span class='ocrx_word' id='word_1_421' title='bbox 1491 711 1626 740; x_wconf 78' lang='grc' dir='ltr'>τοσαῦτα·</span> <span class='ocrx_word' id='word_1_422' title='bbox 1639 715 1746 749; x_wconf 78' lang='grc' dir='ltr'>χαίρειν</span> <span class='ocrx_word' id='word_1_423' title='bbox 1763 714 1791 740; x_wconf 76' lang='grc' dir='ltr'><strong>δὲ</strong></span> <span class='ocrx_word' id='word_1_424' title='bbox 1806 721 1875 748; x_wconf 79' lang='grc' dir='ltr'>συμ-</span> 
     </span>
    </p>
   </div>
   <div class='ocr_carea' id='block_1_57' title="bbox 1091 758 1876 795">
    <p class='ocr_par' dir='ltr' id='par_1_57' title="bbox 1091 758 1876 795">
     <span class='ocr_line' id='line_1_57' title="bbox 1091 758 1876 795; baseline 0.003 -11"><span class='ocrx_word' id='word_1_425' title='bbox 1091 758 1180 785; x_wconf 78' lang='grc' dir='ltr'>ϐαίνει</span> <span class='ocrx_word' id='word_1_426' title='bbox 1195 759 1245 793; x_wconf 73' lang='grc' dir='ltr'><strong>μὲν</strong></span> <span class='ocrx_word' id='word_1_427' title='bbox 1261 760 1403 794; x_wconf 79' lang='grc' dir='ltr'>παρόντων</span> <span class='ocrx_word' id='word_1_428' title='bbox 1415 761 1482 795; x_wconf 69' lang='grc' dir='ltr'><strong>⁴ἡμῖν</strong></span> <span class='ocrx_word' id='word_1_429' title='bbox 1497 759 1515 787; x_wconf 73' lang='grc' dir='ltr'>ἃ</span> <span class='ocrx_word' id='word_1_430' title='bbox 1530 759 1673 795; x_wconf 80' lang='grc' dir='ltr'>φιλοῦμεν,</span> <span class='ocrx_word' id='word_1_431' title='bbox 1688 760 1833 794; x_wconf 78' lang='grc' dir='ltr'>συμσαίνει</span> <span class='ocrx_word' id='word_1_432' title='bbox 1848 760 1876 787; x_wconf 62' lang='grc' dir='ltr'><strong>δὲ</strong></span> 
     </span>
    </p>
   </div>
   <div class='ocr_carea' id='block_1_58' title="bbox 1090 802 1877 841">
    <p class='ocr_par' dir='ltr' id='par_1_58' title="bbox 1090 802 1877 841">
     <span class='ocr_line' id='line_1_58' title="bbox 1090 802 1877 841; baseline 0.004 -12"><span class='ocrx_word' id='word_1_433' title='bbox 1090 802 1287 839; x_wconf 69' lang='grc' dir='ltr'>ἐλπιζομένων.</span> <span class='ocrx_word' id='word_1_434' title='bbox 1306 805 1360 832; x_wconf 81' lang='grc' dir='ltr'><strong>Καὶ</strong></span> <span class='ocrx_word' id='word_1_435' title='bbox 1382 806 1437 840; x_wconf 76' lang='grc' dir='ltr'><strong>γὰρ</strong></span> <span class='ocrx_word' id='word_1_436' title='bbox 1450 807 1483 841; x_wconf 84' lang='grc' dir='ltr'><strong>τῇ</strong></span> <span class='ocrx_word' id='word_1_437' title='bbox 1505 806 1592 835; x_wconf 71' lang='grc' dir='ltr'>ἑλπίδι</span> <span class='ocrx_word' id='word_1_438' title='bbox 1608 806 1749 841; x_wconf 70' lang='grc' dir='ltr'>χαῖρομεν,</span> <span class='ocrx_word' id='word_1_439' title='bbox 1771 806 1877 837; x_wconf 77' lang='grc' dir='ltr'>Παῦλος</span> 
     </span>
    </p>
   </div>
   <div class='ocr_carea' id='block_1_59' title="bbox 1090 847 1877 887">
    <p class='ocr_par' dir='ltr' id='par_1_59' title="bbox 1090 847 1877 887">
     <span class='ocr_line' id='line_1_59' title="bbox 1090 847 1877 887; baseline 0.004 -12"><span class='ocrx_word' id='word_1_440' title='bbox 1090 847 1178 882; x_wconf 71' lang='grc' dir='ltr'>εἶπεν,</span> <span class='ocrx_word' id='word_1_441' title='bbox 1198 849 1236 881; x_wconf 86' lang='grc' dir='ltr'><strong>ὡς</strong></span> <span class='ocrx_word' id='word_1_442' title='bbox 1262 850 1296 877; x_wconf 79' lang='grc' dir='ltr'>ἂν</span> <span class='ocrx_word' id='word_1_443' title='bbox 1318 851 1368 885; x_wconf 87' lang='grc' dir='ltr'>τῆς</span> <span class='ocrx_word' id='word_1_444' title='bbox 1394 852 1505 886; x_wconf 76' lang='grc' dir='ltr'>ἀγάπης</span> <span class='ocrx_word' id='word_1_445' title='bbox 1521 853 1553 887; x_wconf 75' lang='grc' dir='ltr'>τῇ</span> <span class='ocrx_word' id='word_1_446' title='bbox 1580 853 1654 887; x_wconf 77' lang='grc' dir='ltr'>χαρᾷ</span> <span class='ocrx_word' id='word_1_447' title='bbox 1679 852 1789 886; x_wconf 79' lang='grc' dir='ltr'>περὶτὰ</span> <span class='ocrx_word' id='word_1_448' title='bbox 1805 852 1877 878; x_wconf 63' lang='grc' dir='ltr'>αὐτὶ</span> 
     </span>
    </p>
   </div>
   <div class='ocr_carea' id='block_1_60' title="bbox 1091 895 1877 932">
    <p class='ocr_par' dir='ltr' id='par_1_60' title="bbox 1091 895 1877 932">
     <span class='ocr_line' id='line_1_60' title="bbox 1091 895 1877 932; baseline 0.005 -12"><span class='ocrx_word' id='word_1_449' title='bbox 1091 895 1262 929; x_wconf 80' lang='grc' dir='ltr'>συνεστώσης</span> <span class='ocrx_word' id='word_1_450' title='bbox 1273 903 1281 912; x_wconf 78' lang='lat'><strong>&#39;</strong></span> <span class='ocrx_word' id='word_1_451' title='bbox 1299 897 1347 922; x_wconf 80' lang='grc' dir='ltr'><strong>καὶ</strong></span> <span class='ocrx_word' id='word_1_452' title='bbox 1362 896 1394 932; x_wconf 78' lang='grc' dir='ltr'><strong>δὴ</strong></span> <span class='ocrx_word' id='word_1_453' title='bbox 1415 897 1548 932; x_wconf 83' lang='grc' dir='ltr'>χαίρομεν</span> <span class='ocrx_word' id='word_1_454' title='bbox 1563 898 1629 932; x_wconf 85' lang='grc' dir='ltr'>ἡμῖν</span> <span class='ocrx_word' id='word_1_455' title='bbox 1646 897 1738 929; x_wconf 78' lang='grc' dir='ltr'>αὐτοῖς</span> <span class='ocrx_word' id='word_1_456' title='bbox 1757 898 1877 924; x_wconf 76' lang='grc' dir='ltr'>καθόσον</span> 
     </span>
    </p>
   </div>
   <div class='ocr_carea' id='block_1_61' title="bbox 1090 940 1878 979">
    <p class='ocr_par' dir='ltr' id='par_1_61' title="bbox 1090 940 1878 979">
     <span class='ocr_line' id='line_1_61' title="bbox 1090 940 1878 979; baseline 0.006 -13"><span class='ocrx_word' id='word_1_457' title='bbox 1090 940 1234 975; x_wconf 82' lang='grc' dir='ltr'>φιλοῦμεν,</span> <span class='ocrx_word' id='word_1_458' title='bbox 1256 941 1305 968; x_wconf 71' lang='grc' dir='ltr'><strong>καὶ</strong></span> <span class='ocrx_word' id='word_1_459' title='bbox 1331 942 1423 974; x_wconf 78' lang='grc' dir='ltr'>ἄλλοις</span> <span class='ocrx_word' id='word_1_460' title='bbox 1444 943 1524 977; x_wconf 82' lang='grc' dir='ltr'>ἡμῶν</span> <span class='ocrx_word' id='word_1_461' title='bbox 1549 943 1639 970; x_wconf 83' lang='grc' dir='ltr'>αὐτῶν</span> <span class='ocrx_word' id='word_1_462' title='bbox 1654 944 1745 979; x_wconf 77' lang='grc' dir='ltr'>χάριν.</span> <span class='ocrx_word' id='word_1_463' title='bbox 1764 944 1824 970; x_wconf 73' lang='grc' dir='ltr'>Εἰσὶ</span> <span class='ocrx_word' id='word_1_464' title='bbox 1850 944 1878 971; x_wconf 73' lang='grc' dir='ltr'><strong>δὲ</strong></span> 
     </span>
    </p>
   </div>
   <div class='ocr_carea' id='block_1_62' title="bbox 1090 986 1877 1022">
    <p class='ocr_par' dir='ltr' id='par_1_62' title="bbox 1090 986 1877 1022">
     <span class='ocr_line' id='line_1_62' title="bbox 1090 986 1877 1022; baseline 0.004 -9"><span class='ocrx_word' id='word_1_465' title='bbox 1090 986 1115 1013; x_wconf 85' lang='grc' dir='ltr'><strong>οῖ</strong></span> <span class='ocrx_word' id='word_1_466' title='bbox 1142 987 1188 1013; x_wconf 79' lang='grc' dir='ltr'><strong>καὶ</strong></span> <span class='ocrx_word' id='word_1_467' title='bbox 1206 987 1239 1014; x_wconf 83' lang='grc' dir='ltr'>δι’</span> <span class='ocrx_word' id='word_1_468' title='bbox 1259 987 1374 1019; x_wconf 80' lang='grc' dir='ltr'>ἑαυτοὺς</span> <span class='ocrx_word' id='word_1_469' title='bbox 1400 988 1475 1022; x_wconf 83' lang='grc' dir='ltr'>ἡδεῖς</span> <span class='ocrx_word' id='word_1_470' title='bbox 1505 989 1584 1019; x_wconf 77' lang='grc' dir='ltr'>εἰσιν,</span> <span class='ocrx_word' id='word_1_471' title='bbox 1609 990 1718 1016; x_wconf 75' lang='grc' dir='ltr'>ἐπειδὰν</span> <span class='ocrx_word' id='word_1_472' title='bbox 1743 990 1819 1016; x_wconf 83' lang='grc' dir='ltr'>αὐτοί</span> <span class='ocrx_word' id='word_1_473' title='bbox 1848 998 1877 1016; x_wconf 87' lang='grc' dir='ltr'><strong>τε</strong></span> 
     </span>
    </p>
   </div>
   <div class='ocr_carea' id='block_1_63' title="bbox 1090 1029 1878 1070">
    <p class='ocr_par' dir='ltr' id='par_1_63' title="bbox 1090 1029 1878 1070">
     <span class='ocr_line' id='line_1_63' title="bbox 1090 1029 1878 1070; baseline 0.006 -13"><span class='ocrx_word' id='word_1_474' title='bbox 1090 1031 1188 1065; x_wconf 80' lang='grc' dir='ltr'>ἀγαθοὶ</span> <span class='ocrx_word' id='word_1_475' title='bbox 1214 1029 1265 1058; x_wconf 78' lang='grc' dir='ltr'>ὦσι</span> <span class='ocrx_word' id='word_1_476' title='bbox 1280 1033 1342 1064; x_wconf 80' lang='grc' dir='ltr'>τοὺς</span> <span class='ocrx_word' id='word_1_477' title='bbox 1369 1033 1485 1068; x_wconf 85' lang='grc' dir='ltr'>τρόπους</span> <span class='ocrx_word' id='word_1_478' title='bbox 1507 1035 1554 1060; x_wconf 82' lang='grc' dir='ltr'><strong>καὶ</strong></span> <span class='ocrx_word' id='word_1_479' title='bbox 1584 1035 1761 1070; x_wconf 78' lang='grc' dir='ltr'>εὐγνωμόνων</span> <span class='ocrx_word' id='word_1_480' title='bbox 1774 1035 1878 1070; x_wconf 83' lang='grc' dir='ltr'>τύχωσι</span> 
     </span>
    </p>
   </div>
   <div class='ocr_carea' id='block_1_64' title="bbox 1089 1077 1878 1115">
    <p class='ocr_par' dir='ltr' id='par_1_64' title="bbox 1089 1077 1878 1115">
     <span class='ocr_line' id='line_1_64' title="bbox 1089 1077 1878 1115; baseline 0.003 -12"><span class='ocrx_word' id='word_1_481' title='bbox 1089 1077 1144 1104; x_wconf 87' lang='grc' dir='ltr'><strong>τῶν</strong></span> <span class='ocrx_word' id='word_1_482' title='bbox 1161 1078 1333 1113; x_wconf 75' lang='grc' dir='ltr'>ἐπιτηδείων.</span> <span class='ocrx_word' id='word_1_483' title='bbox 1355 1077 1385 1105; x_wconf 92' lang='grc' dir='ltr'>Ὁ</span> <span class='ocrx_word' id='word_1_484' title='bbox 1401 1078 1491 1105; x_wconf 83' lang='grc' dir='ltr'>τοίνυν</span> <span class='ocrx_word' id='word_1_485' title='bbox 1515 1079 1669 1111; x_wconf 80' lang='grc' dir='ltr'>σπουδαῖος,</span> <span class='ocrx_word' id='word_1_486' title='bbox 1699 1080 1810 1114; x_wconf 76' lang='grc' dir='ltr'>φιλητὸν</span> <span class='ocrx_word' id='word_1_487' title='bbox 1830 1082 1878 1115; x_wconf 84' lang='grc' dir='ltr'><strong>μό-</strong></span> 
     </span>
    </p>
   </div>
   <div class='ocr_carea' id='block_1_65' title="bbox 1090 1125 1877 1161">
    <p class='ocr_par' dir='ltr' id='par_1_65' title="bbox 1090 1125 1877 1161">
     <span class='ocr_line' id='line_1_65' title="bbox 1090 1125 1877 1161; baseline 0.004 -12"><span class='ocrx_word' id='word_1_488' title='bbox 1090 1133 1135 1150; x_wconf 91' lang='grc' dir='ltr'><strong>νον</strong></span> <span class='ocrx_word' id='word_1_489' title='bbox 1147 1125 1328 1159; x_wconf 80' lang='grc' dir='ltr'>ὲπιστάμενος</span> <span class='ocrx_word' id='word_1_490' title='bbox 1337 1125 1467 1158; x_wconf 78' lang='grc' dir='ltr'>τάγαθὸν,</span> <span class='ocrx_word' id='word_1_491' title='bbox 1475 1125 1510 1152; x_wconf 83' lang='grc' dir='ltr'><strong>δι’</strong></span> <span class='ocrx_word' id='word_1_492' title='bbox 1520 1126 1608 1152; x_wconf 79' lang='grc' dir='ltr'>ἐκεῖνο</span> <span class='ocrx_word' id='word_1_493' title='bbox 1619 1127 1668 1161; x_wconf 77' lang='grc' dir='ltr'><strong>μὲν</strong></span> <span class='ocrx_word' id='word_1_494' title='bbox 1676 1127 1764 1161; x_wconf 76' lang='grc' dir='ltr'>ἐαυτῷ</span> <span class='ocrx_word' id='word_1_495' title='bbox 1774 1127 1877 1160; x_wconf 77' lang='grc' dir='ltr'>χαίρει,</span> 
     </span>
    </p>
   </div>
   <div class='ocr_carea' id='block_1_66' title="bbox 1090 1169 1880 1206">
    <p class='ocr_par' dir='ltr' id='par_1_66' title="bbox 1090 1169 1880 1206">
     <span class='ocr_line' id='line_1_66' title="bbox 1090 1169 1880 1206; baseline 0.005 -11"><span class='ocrx_word' id='word_1_496' title='bbox 1090 1169 1124 1196; x_wconf 84' lang='grc' dir='ltr'><strong>δι’</strong></span> <span class='ocrx_word' id='word_1_497' title='bbox 1144 1170 1232 1196; x_wconf 73' lang='grc' dir='ltr'>ἐκεῖνο</span> <span class='ocrx_word' id='word_1_498' title='bbox 1253 1170 1282 1196; x_wconf 69' lang='grc' dir='ltr'><strong>δὲ</strong></span> <span class='ocrx_word' id='word_1_499' title='bbox 1307 1171 1354 1197; x_wconf 83' lang='grc' dir='ltr'><strong>καὶ</strong></span> <span class='ocrx_word' id='word_1_500' title='bbox 1373 1171 1432 1202; x_wconf 85' lang='grc' dir='ltr'>τοῖς</span> <span class='ocrx_word' id='word_1_501' title='bbox 1451 1171 1552 1203; x_wconf 75' lang='grc' dir='ltr'>ἄλλοις,</span> <span class='ocrx_word' id='word_1_502' title='bbox 1577 1172 1656 1200; x_wconf 82' lang='grc' dir='ltr'>τοῦτο</span> <span class='ocrx_word' id='word_1_503' title='bbox 1680 1172 1730 1206; x_wconf 78' lang='grc' dir='ltr'><strong>μὲν</strong></span> <span class='ocrx_word' id='word_1_504' title='bbox 1760 1173 1784 1198; x_wconf 88' lang='grc' dir='ltr'><strong>εἰ</strong></span> <span class='ocrx_word' id='word_1_505' title='bbox 1813 1173 1880 1204; x_wconf 75' lang='grc' dir='ltr'>τοὺς</span> 
     </span>
    </p>
   </div>
   <div class='ocr_carea' id='block_1_67' title="bbox 1090 1215 1876 1253">
    <p class='ocr_par' dir='ltr' id='par_1_67' title="bbox 1090 1215 1876 1253">
     <span class='ocr_line' id='line_1_67' title="bbox 1090 1215 1876 1253; baseline 0.006 -12"><span class='ocrx_word' id='word_1_506' title='bbox 1090 1215 1208 1249; x_wconf 74' lang='grc' dir='ltr'>τρόπους</span> <span class='ocrx_word' id='word_1_507' title='bbox 1220 1216 1337 1248; x_wconf 80' lang='grc' dir='ltr'>ἐοίκασι,</span> <span class='ocrx_word' id='word_1_508' title='bbox 1353 1217 1433 1243; x_wconf 79' lang='grc' dir='ltr'>τοῦτο</span> <span class='ocrx_word' id='word_1_509' title='bbox 1447 1217 1474 1244; x_wconf 73' lang='grc' dir='ltr'><strong>δὲ</strong></span> <span class='ocrx_word' id='word_1_510' title='bbox 1489 1219 1513 1244; x_wconf 78' lang='grc' dir='ltr'>εἰ</span> <span class='ocrx_word' id='word_1_511' title='bbox 1525 1218 1594 1253; x_wconf 74' lang='grc' dir='ltr'>πρὸς</span> <span class='ocrx_word' id='word_1_512' title='bbox 1605 1218 1724 1252; x_wconf 69' lang='grc' dir='ltr'>τάγαθὸν</span> <span class='ocrx_word' id='word_1_513' title='bbox 1736 1219 1834 1253; x_wconf 77' lang='grc' dir='ltr'>βοηθοῦ</span> <span class='ocrx_word' id='word_1_514' title='bbox 1841 1228 1876 1247; x_wconf 84' lang='grc' dir='ltr'>σι.</span> 
     </span>
    </p>
   </div>
   <div class='ocr_carea' id='block_1_68' title="bbox 1092 1261 1879 1298">
    <p class='ocr_par' dir='ltr' id='par_1_68' title="bbox 1092 1261 1879 1298">
     <span class='ocr_line' id='line_1_68' title="bbox 1092 1261 1879 1298; baseline 0.005 -11"><span class='ocrx_word' id='word_1_515' title='bbox 1092 1261 1147 1287; x_wconf 87' lang='grc' dir='ltr'><strong>Καὶ</strong></span> <span class='ocrx_word' id='word_1_516' title='bbox 1161 1262 1248 1290; x_wconf 75' lang='grc' dir='ltr'>ἄλλως</span> <span class='ocrx_word' id='word_1_517' title='bbox 1263 1262 1291 1288; x_wconf 75' lang='grc' dir='ltr'><strong>δὲ</strong></span> <span class='ocrx_word' id='word_1_518' title='bbox 1306 1262 1410 1289; x_wconf 86' lang='grc' dir='ltr'>τούτων</span> <span class='ocrx_word' id='word_1_519' title='bbox 1427 1265 1512 1298; x_wconf 61' lang='grc' dir='ltr'>χωρὶς</span> <span class='ocrx_word' id='word_1_520' title='bbox 1526 1265 1583 1294; x_wconf 83' lang='grc' dir='ltr'>τοῖς</span> <span class='ocrx_word' id='word_1_521' title='bbox 1598 1264 1750 1298; x_wconf 75' lang='grc' dir='ltr'>ἀλλοτρίοις</span> <span class='ocrx_word' id='word_1_522' title='bbox 1764 1265 1879 1298; x_wconf 76' lang='grc' dir='ltr'><strong>ἀγαθοῖς</strong></span> 
     </span>
    </p>
   </div>
   <div class='ocr_carea' id='block_1_69' title="bbox 1091 1307 1879 1344">
    <p class='ocr_par' dir='ltr' id='par_1_69' title="bbox 1091 1307 1879 1344">
     <span class='ocr_line' id='line_1_69' title="bbox 1091 1307 1879 1344; baseline 0.004 -11"><span class='ocrx_word' id='word_1_523' title='bbox 1091 1307 1105 1332; x_wconf 76' lang='grc' dir='ltr'><strong>ὁ</strong></span> <span class='ocrx_word' id='word_1_524' title='bbox 1122 1307 1223 1340; x_wconf 79' lang='grc' dir='ltr'>ἀγαθὸς</span> <span class='ocrx_word' id='word_1_525' title='bbox 1235 1308 1381 1343; x_wconf 79' lang='grc' dir='ltr'>ἄνθρωπος</span> <span class='ocrx_word' id='word_1_526' title='bbox 1396 1309 1498 1343; x_wconf 81' lang='grc' dir='ltr'>χαίρει,</span> <span class='ocrx_word' id='word_1_527' title='bbox 1515 1310 1562 1336; x_wconf 85' lang='grc' dir='ltr'><strong>καὶ</strong></span> <span class='ocrx_word' id='word_1_528' title='bbox 1578 1309 1633 1336; x_wconf 85' lang='grc' dir='ltr'><strong>τῶν</strong></span> <span class='ocrx_word' id='word_1_529' title='bbox 1647 1310 1734 1344; x_wconf 72' lang='grc' dir='ltr'>εὐχῶν</span> <span class='ocrx_word' id='word_1_530' title='bbox 1743 1311 1819 1344; x_wconf 80' lang='grc' dir='ltr'>αὑτῷ</span> <span class='ocrx_word' id='word_1_531' title='bbox 1833 1312 1879 1337; x_wconf 75' lang='grc' dir='ltr'><strong>καὶ</strong></span> 
     </span>
    </p>
   </div>
   <div class='ocr_carea' id='block_1_70' title="bbox 1091 1351 1878 1390">
    <p class='ocr_par' dir='ltr' id='par_1_70' title="bbox 1091 1351 1878 1390">
     <span class='ocr_line' id='line_1_70' title="bbox 1091 1351 1878 1390; baseline 0.006 -12"><span class='ocrx_word' id='word_1_532' title='bbox 1091 1351 1142 1386; x_wconf 84' lang='grc' dir='ltr'>τῆς</span> <span class='ocrx_word' id='word_1_533' title='bbox 1159 1353 1308 1386; x_wconf 72' lang='grc' dir='ltr'>ἐπιθυμίας</span> <span class='ocrx_word' id='word_1_534' title='bbox 1324 1354 1371 1380; x_wconf 81' lang='grc' dir='ltr'><strong>καὶ</strong></span> <span class='ocrx_word' id='word_1_535' title='bbox 1394 1353 1474 1381; x_wconf 83' lang='grc' dir='ltr'>τοῦτο</span> <span class='ocrx_word' id='word_1_536' title='bbox 1491 1354 1588 1388; x_wconf 76' lang='grc' dir='ltr'>πέρας,</span> <span class='ocrx_word' id='word_1_537' title='bbox 1606 1355 1633 1381; x_wconf 84' lang='grc' dir='ltr'><strong>εῖ</strong></span> <span class='ocrx_word' id='word_1_538' title='bbox 1644 1364 1686 1385; x_wconf 81' lang='grc' dir='ltr'><strong>τις</strong></span> <span class='ocrx_word' id='word_1_539' title='bbox 1705 1355 1735 1381; x_wconf 74' lang='grc' dir='ltr'>εὖ</span> <span class='ocrx_word' id='word_1_540' title='bbox 1751 1356 1878 1390; x_wconf 75' lang='grc' dir='ltr'>πράττει.</span> 
     </span>
    </p>
   </div>
   <div class='ocr_carea' id='block_1_71' title="bbox 1093 1397 1877 1434">
    <p class='ocr_par' dir='ltr' id='par_1_71' title="bbox 1093 1397 1877 1434">
     <span class='ocr_line' id='line_1_71' title="bbox 1093 1397 1877 1434; baseline 0.004 -11"><span class='ocrx_word' id='word_1_541' title='bbox 1093 1398 1146 1424; x_wconf 71' lang='grc' dir='ltr'><strong>Καὶ</strong></span> <span class='ocrx_word' id='word_1_542' title='bbox 1155 1397 1232 1424; x_wconf 74' lang='grc' dir='ltr'>τοῦτό</span> <span class='ocrx_word' id='word_1_543' title='bbox 1244 1398 1317 1424; x_wconf 78' lang='grc' dir='ltr'>ἐστιν</span> <span class='ocrx_word' id='word_1_544' title='bbox 1330 1399 1344 1424; x_wconf 82' lang='grc' dir='ltr'><strong>ὁ</strong></span> <span class='ocrx_word' id='word_1_545' title='bbox 1356 1399 1583 1434; x_wconf 72' lang='grc' dir='ltr'>ἐλευθεριώτατος</span> <span class='ocrx_word' id='word_1_546' title='bbox 1593 1399 1643 1432; x_wconf 79' lang='grc' dir='ltr'>τῆς</span> <span class='ocrx_word' id='word_1_547' title='bbox 1655 1399 1752 1433; x_wconf 60' lang='grc' dir='ltr'>ἠῖονῆς</span> <span class='ocrx_word' id='word_1_548' title='bbox 1764 1400 1877 1432; x_wconf 74' lang='grc' dir='ltr'>τρόπος,</span> 
     </span>
    </p>
   </div>
   <div class='ocr_carea' id='block_1_72' title="bbox 1092 1443 1879 1480">
    <p class='ocr_par' dir='ltr' id='par_1_72' title="bbox 1092 1443 1879 1480">
     <span class='ocr_line' id='line_1_72' title="bbox 1092 1443 1879 1480; baseline 0.004 -11"><span class='ocrx_word' id='word_1_549' title='bbox 1092 1443 1157 1470; x_wconf 81' lang='grc' dir='ltr'>ὅταν</span> <span class='ocrx_word' id='word_1_550' title='bbox 1173 1444 1265 1478; x_wconf 75' lang='grc' dir='ltr'>κοινὴν</span> <span class='ocrx_word' id='word_1_551' title='bbox 1280 1444 1390 1478; x_wconf 84' lang='grc' dir='ltr'>ποιῆται</span> <span class='ocrx_word' id='word_1_552' title='bbox 1406 1446 1456 1478; x_wconf 72' lang='grc' dir='ltr'>τὴν</span> <span class='ocrx_word' id='word_1_553' title='bbox 1473 1445 1523 1479; x_wconf 84' lang='grc' dir='ltr'>τῆς</span> <span class='ocrx_word' id='word_1_554' title='bbox 1538 1445 1627 1480; x_wconf 80' lang='grc' dir='ltr'>ψυχῆς</span> <span class='ocrx_word' id='word_1_555' title='bbox 1642 1445 1749 1480; x_wconf 77' lang='grc' dir='ltr'>ἡδονὴν,</span> <span class='ocrx_word' id='word_1_556' title='bbox 1769 1446 1817 1472; x_wconf 80' lang='grc' dir='ltr'><strong>καὶ</strong></span> <span class='ocrx_word' id='word_1_557' title='bbox 1831 1446 1879 1480; x_wconf 83' lang='grc' dir='ltr'>οὐχ</span> 
     </span>
    </p>
   </div>
   <div class='ocr_carea' id='block_1_73' title="bbox 1093 1489 1881 1526">
    <p class='ocr_par' dir='ltr' id='par_1_73' title="bbox 1093 1489 1881 1526">
     <span class='ocr_line' id='line_1_73' title="bbox 1093 1489 1881 1526; baseline 0.003 -10"><span class='ocrx_word' id='word_1_558' title='bbox 1093 1489 1189 1516; x_wconf 72' lang='grc' dir='ltr'>ἑαυτὸν</span> <span class='ocrx_word' id='word_1_559' title='bbox 1207 1490 1286 1524; x_wconf 76' lang='grc' dir='ltr'>μόνον</span> <span class='ocrx_word' id='word_1_560' title='bbox 1297 1491 1344 1517; x_wconf 77' lang='grc' dir='ltr'><strong>καὶ</strong></span> <span class='ocrx_word' id='word_1_561' title='bbox 1360 1490 1395 1517; x_wconf 78' lang='grc' dir='ltr'><strong>τὰ</strong></span> <span class='ocrx_word' id='word_1_562' title='bbox 1416 1490 1514 1517; x_wconf 80' lang='grc' dir='ltr'>ἑαυτοῦ</span> <span class='ocrx_word' id='word_1_563' title='bbox 1531 1491 1606 1526; x_wconf 80' lang='grc' dir='ltr'>θέλῃ,</span> <span class='ocrx_word' id='word_1_564' title='bbox 1626 1491 1687 1518; x_wconf 72' lang='grc' dir='ltr'>οὐδὲ</span> <span class='ocrx_word' id='word_1_565' title='bbox 1704 1491 1881 1526; x_wconf 79' lang='grc' dir='ltr'>φιλοτιμῆται</span> 
     </span>
    </p>
   </div>
   <div class='ocr_carea' id='block_1_74' title="bbox 1093 1534 1881 1572">
    <p class='ocr_par' dir='ltr' id='par_1_74' title="bbox 1093 1534 1881 1572">
     <span class='ocr_line' id='line_1_74' title="bbox 1093 1534 1881 1572; baseline 0.003 -11"><span class='ocrx_word' id='word_1_566' title='bbox 1093 1536 1148 1566; x_wconf 80' lang='grc' dir='ltr'>τοῖς</span> <span class='ocrx_word' id='word_1_567' title='bbox 1158 1534 1242 1561; x_wconf 76' lang='grc' dir='ltr'>αὐτοῦ</span> <span class='ocrx_word' id='word_1_568' title='bbox 1259 1535 1350 1570; x_wconf 84' lang='grc' dir='ltr'>μόνον,</span> <span class='ocrx_word' id='word_1_569' title='bbox 1360 1535 1414 1562; x_wconf 79' lang='grc' dir='ltr'>οὐδ’</span> <span class='ocrx_word' id='word_1_570' title='bbox 1428 1536 1522 1571; x_wconf 83' lang='grc' dir='ltr'>ἀγαπᾷ</span> <span class='ocrx_word' id='word_1_571' title='bbox 1534 1535 1693 1572; x_wconf 76' lang='grc' dir='ltr'>κερδαίνων,</span> <span class='ocrx_word' id='word_1_572' title='bbox 1707 1536 1766 1563; x_wconf 83' lang='grc' dir='ltr'>ἀλλ’</span> <span class='ocrx_word' id='word_1_573' title='bbox 1779 1537 1881 1571; x_wconf 79' lang='grc' dir='ltr'>ἡγῆται</span> 
     </span>
    </p>
   </div>
   <div class='ocr_carea' id='block_1_75' title="bbox 1094 1581 1881 1618">
    <p class='ocr_par' dir='ltr' id='par_1_75' title="bbox 1094 1581 1881 1618">
     <span class='ocr_line' id='line_1_75' title="bbox 1094 1581 1881 1618; baseline 0.005 -12"><span class='ocrx_word' id='word_1_574' title='bbox 1094 1581 1301 1615; x_wconf 79' lang='grc' dir='ltr'>στεφανοῦσθαι,</span> <span class='ocrx_word' id='word_1_575' title='bbox 1310 1581 1448 1609; x_wconf 82' lang='grc' dir='ltr'>νικώντων</span> <span class='ocrx_word' id='word_1_576' title='bbox 1464 1583 1576 1617; x_wconf 83' lang='grc' dir='ltr'>ἑτέρων.</span> <span class='ocrx_word' id='word_1_577' title='bbox 1598 1582 1643 1608; x_wconf 88' lang='lat' dir='ltr'><strong>‘Ev</strong></span> <span class='ocrx_word' id='word_1_578' title='bbox 1660 1583 1746 1617; x_wconf 79' lang='grc' dir='ltr'>τούτῳ</span> <span class='ocrx_word' id='word_1_579' title='bbox 1760 1583 1818 1617; x_wconf 77' lang='grc' dir='ltr'><strong>γὰρ</strong></span> <span class='ocrx_word' id='word_1_580' title='bbox 1834 1583 1881 1618; x_wconf 77' lang='grc' dir='ltr'>τὴν</span> 
     </span>
    </p>
   </div>
   <div class='ocr_carea' id='block_1_76' title="bbox 1094 1625 1881 1663">
    <p class='ocr_par' dir='ltr' id='par_1_76' title="bbox 1094 1625 1881 1663">
     <span class='ocr_line' id='line_1_76' title="bbox 1094 1625 1881 1663; baseline 0.003 -11"><span class='ocrx_word' id='word_1_581' title='bbox 1094 1626 1175 1660; x_wconf 81' lang='grc' dir='ltr'>φύσιν</span> <span class='ocrx_word' id='word_1_582' title='bbox 1189 1627 1204 1653; x_wconf 78' lang='grc' dir='ltr'>ὁ</span> <span class='ocrx_word' id='word_1_583' title='bbox 1228 1625 1372 1661; x_wconf 77' lang='grc' dir='ltr'>ἄνθρωπος</span> <span class='ocrx_word' id='word_1_584' title='bbox 1396 1626 1557 1663; x_wconf 75' lang='grc' dir='ltr'>ὑπερϐαίνει</span> <span class='ocrx_word' id='word_1_585' title='bbox 1581 1629 1630 1654; x_wconf 81' lang='grc' dir='ltr'><strong>καὶ</strong></span> <span class='ocrx_word' id='word_1_586' title='bbox 1644 1627 1704 1663; x_wconf 84' lang='grc' dir='ltr'><strong>Θεῷ</strong></span> <span class='ocrx_word' id='word_1_587' title='bbox 1728 1627 1832 1659; x_wconf 72' lang='grc' dir='ltr'>ἔοικεν,</span> <span class='ocrx_word' id='word_1_588' title='bbox 1853 1628 1881 1659; x_wconf 74' lang='grc' dir='ltr'>ὃς</span> 
     </span>
    </p>
   </div>
   <div class='ocr_carea' id='block_1_77' title="bbox 1093 1672 1882 1708">
    <p class='ocr_par' dir='ltr' id='par_1_77' title="bbox 1093 1672 1882 1708">
     <span class='ocr_line' id='line_1_77' title="bbox 1093 1672 1882 1708; baseline 0.004 -10"><span class='ocrx_word' id='word_1_589' title='bbox 1093 1672 1184 1700; x_wconf 75' lang='grc' dir='ltr'>κοινόν</span> <span class='ocrx_word' id='word_1_590' title='bbox 1201 1672 1276 1699; x_wconf 66' lang='grc' dir='ltr'>ἔστιν</span> <span class='ocrx_word' id='word_1_591' title='bbox 1287 1672 1401 1706; x_wconf 76' lang='grc' dir='ltr'>ἀγαθόν.</span> <span class='ocrx_word' id='word_1_592' title='bbox 1414 1674 1519 1705; x_wconf 71' lang='grc' dir='ltr'>’Ἄλλως</span> <span class='ocrx_word' id='word_1_593' title='bbox 1532 1682 1561 1700; x_wconf 83' lang='grc' dir='ltr'><strong>τε</strong></span> <span class='ocrx_word' id='word_1_594' title='bbox 1574 1673 1670 1700; x_wconf 80' lang='grc' dir='ltr'>τοῦτον</span> <span class='ocrx_word' id='word_1_595' title='bbox 1681 1673 1784 1708; x_wconf 82' lang='grc' dir='ltr'>τρόπον</span> <span class='ocrx_word' id='word_1_596' title='bbox 1802 1674 1882 1708; x_wconf 79' lang='grc' dir='ltr'>δῆλος</span> 
     </span>
    </p>
   </div>
   <div class='ocr_carea' id='block_1_78' title="bbox 1093 1719 1881 1755">
    <p class='ocr_par' dir='ltr' id='par_1_78' title="bbox 1093 1719 1881 1755">
     <span class='ocr_line' id='line_1_78' title="bbox 1093 1719 1881 1755; baseline 0.003 -11"><span class='ocrx_word' id='word_1_597' title='bbox 1093 1719 1196 1753; x_wconf 81' lang='grc' dir='ltr'>γίνεται</span> <span class='ocrx_word' id='word_1_598' title='bbox 1211 1719 1245 1745; x_wconf 83' lang='grc' dir='ltr'><strong>δι’</strong></span> <span class='ocrx_word' id='word_1_599' title='bbox 1261 1719 1342 1746; x_wconf 74' lang='grc' dir='ltr'>ἑαυτὸ</span> <span class='ocrx_word' id='word_1_600' title='bbox 1362 1719 1447 1754; x_wconf 84' lang='grc' dir='ltr'>φιλῶν</span> <span class='ocrx_word' id='word_1_601' title='bbox 1463 1719 1487 1746; x_wconf 82' lang='grc' dir='ltr'>τ’</span> <span class='ocrx_word' id='word_1_602' title='bbox 1513 1719 1614 1753; x_wconf 79' lang='grc' dir='ltr'>ἀγαθὸν</span> <span class='ocrx_word' id='word_1_603' title='bbox 1639 1720 1686 1746; x_wconf 79' lang='grc' dir='ltr'>καὶ</span> <span class='ocrx_word' id='word_1_604' title='bbox 1709 1720 1740 1746; x_wconf 84' lang='grc' dir='ltr'>οὐ</span> <span class='ocrx_word' id='word_1_605' title='bbox 1763 1720 1810 1747; x_wconf 79' lang='grc' dir='ltr'><strong>διὰ</strong></span> <span class='ocrx_word' id='word_1_606' title='bbox 1831 1721 1881 1755; x_wconf 78' lang='grc' dir='ltr'>τὴν</span> 
     </span>
    </p>
   </div>
   <div class='ocr_carea' id='block_1_79' title="bbox 1093 1764 1882 1802">
    <p class='ocr_par' dir='ltr' id='par_1_79' title="bbox 1093 1764 1882 1802">
     <span class='ocr_line' id='line_1_79' title="bbox 1093 1764 1882 1802; baseline 0.004 -12"><span class='ocrx_word' id='word_1_607' title='bbox 1093 1764 1176 1791; x_wconf 84' lang='grc' dir='ltr'>αὑτοῦ</span> <span class='ocrx_word' id='word_1_608' title='bbox 1194 1765 1301 1800; x_wconf 85' lang='grc' dir='ltr'>χρείαν,</span> <span class='ocrx_word' id='word_1_609' title='bbox 1320 1765 1386 1791; x_wconf 72' lang='grc' dir='ltr'>ὅταν</span> <span class='ocrx_word' id='word_1_610' title='bbox 1396 1765 1444 1792; x_wconf 79' lang='grc' dir='ltr'><strong>καὶ</strong></span> <span class='ocrx_word' id='word_1_611' title='bbox 1459 1765 1525 1800; x_wconf 78' lang='grc' dir='ltr'>παρ’</span> <span class='ocrx_word' id='word_1_612' title='bbox 1546 1765 1637 1797; x_wconf 83' lang='grc' dir='ltr'>ἄλλοις</span> <span class='ocrx_word' id='word_1_613' title='bbox 1658 1765 1728 1799; x_wconf 69' lang='grc' dir='ltr'>ὁρῶν</span> <span class='ocrx_word' id='word_1_614' title='bbox 1741 1766 1820 1793; x_wconf 79' lang='grc' dir='ltr'>οὐδὲν</span> <span class='ocrx_word' id='word_1_615' title='bbox 1834 1764 1882 1802; x_wconf 84' lang='grc' dir='ltr'><strong>ἦτ-</strong></span> 
     </span>
    </p>
   </div>
   <div class='ocr_carea' id='block_1_80' title="bbox 1092 1809 1881 1845">
    <p class='ocr_par' dir='ltr' id='par_1_80' title="bbox 1092 1809 1881 1845">
     <span class='ocr_line' id='line_1_80' title="bbox 1092 1809 1881 1845; baseline 0.001 -10"><span class='ocrx_word' id='word_1_616' title='bbox 1092 1818 1138 1836; x_wconf 85' lang='grc' dir='ltr'><strong>τον</strong></span> <span class='ocrx_word' id='word_1_617' title='bbox 1153 1809 1249 1845; x_wconf 75' lang='grc' dir='ltr'>ἥδηται</span> <span class='ocrx_word' id='word_1_618' title='bbox 1260 1818 1266 1824; x_wconf 85' lang='grc'>·</span> <span class='ocrx_word' id='word_1_619' title='bbox 1284 1810 1330 1836; x_wconf 82' lang='grc' dir='ltr'><strong>καὶ</strong></span> <span class='ocrx_word' id='word_1_620' title='bbox 1346 1810 1427 1837; x_wconf 78' lang='grc' dir='ltr'>ἄλλου</span> <span class='ocrx_word' id='word_1_621' title='bbox 1445 1810 1495 1844; x_wconf 69' lang='grc' dir='ltr'><strong>μὲν</strong></span> <span class='ocrx_word' id='word_1_622' title='bbox 1511 1810 1576 1837; x_wconf 77' lang='grc' dir='ltr'>ἄλλο</span> <span class='ocrx_word' id='word_1_623' title='bbox 1593 1819 1619 1837; x_wconf 84' lang='grc' dir='ltr'><strong>τι</strong></span> <span class='ocrx_word' id='word_1_624' title='bbox 1642 1810 1761 1844; x_wconf 74' lang='grc' dir='ltr'>καρπὸς,</span> <span class='ocrx_word' id='word_1_625' title='bbox 1776 1811 1833 1837; x_wconf 84' lang='grc' dir='ltr'><strong>τῶν</strong></span> <span class='ocrx_word' id='word_1_626' title='bbox 1853 1811 1881 1838; x_wconf 78' lang='grc' dir='ltr'><strong>δὲ</strong></span> 
     </span>
    </p>
   </div>
   <div class='ocr_carea' id='block_1_81' title="bbox 1093 1855 1883 1891">
    <p class='ocr_par' dir='ltr' id='par_1_81' title="bbox 1093 1855 1883 1891">
     <span class='ocr_line' id='line_1_81' title="bbox 1093 1855 1883 1891; baseline 0.001 -10"><span class='ocrx_word' id='word_1_627' title='bbox 1093 1855 1204 1889; x_wconf 82' lang='grc' dir='ltr'>ἀγαθῶν</span> <span class='ocrx_word' id='word_1_628' title='bbox 1231 1855 1336 1890; x_wconf 77' lang='grc' dir='ltr'>ἀνδρῶν</span> <span class='ocrx_word' id='word_1_629' title='bbox 1361 1856 1392 1882; x_wconf 78' lang='grc' dir='ltr'>τὸ</span> <span class='ocrx_word' id='word_1_630' title='bbox 1419 1857 1539 1890; x_wconf 66' lang='grc' dir='ltr'>τάγαθὶν</span> <span class='ocrx_word' id='word_1_631' title='bbox 1570 1856 1715 1891; x_wconf 88' lang='grc' dir='ltr'>βούλεσθαι</span> <span class='ocrx_word' id='word_1_632' title='bbox 1744 1858 1814 1883; x_wconf 83' lang='grc' dir='ltr'>πᾶσι</span> <span class='ocrx_word' id='word_1_633' title='bbox 1838 1857 1883 1884; x_wconf 69' lang='grc' dir='ltr'><strong>καὶ</strong></span> 
     </span>
    </p>
   </div>
   <div class='ocr_carea' id='block_1_82' title="bbox 1093 1894 1883 1936">
    <p class='ocr_par' dir='ltr' id='par_1_82' title="bbox 1093 1894 1883 1936">
     <span class='ocr_line' id='line_1_82' title="bbox 1093 1894 1883 1936; baseline 0.003 -10"><span class='ocrx_word' id='word_1_634' title='bbox 1093 1899 1200 1935; x_wconf 81' lang='grc' dir='ltr'>χαίρειν</span> <span class='ocrx_word' id='word_1_635' title='bbox 1220 1894 1447 1936; x_wconf 77' lang='grc' dir='ltr'>εὐδοκιμούντων.</span> <span class='ocrx_word' id='word_1_636' title='bbox 1477 1901 1525 1927; x_wconf 82' lang='grc' dir='ltr'><strong>καὶ</strong></span> <span class='ocrx_word' id='word_1_637' title='bbox 1542 1901 1622 1928; x_wconf 82' lang='grc' dir='ltr'>τοῦτο</span> <span class='ocrx_word' id='word_1_638' title='bbox 1646 1902 1760 1936; x_wconf 81' lang='grc' dir='ltr'>σημεῖον</span> <span class='ocrx_word' id='word_1_639' title='bbox 1779 1902 1814 1928; x_wconf 80' lang='grc' dir='ltr'>ἄν</span> <span class='ocrx_word' id='word_1_640' title='bbox 1843 1910 1883 1933; x_wconf 89' lang='grc' dir='ltr'><strong>τις</strong></span> 
     </span>
    </p>
   </div>
   <div class='ocr_carea' id='block_1_83' title="bbox 1093 1945 1883 1982">
    <p class='ocr_par' dir='ltr' id='par_1_83' title="bbox 1093 1945 1883 1982">
     <span class='ocr_line' id='line_1_83' title="bbox 1093 1945 1883 1982; baseline 0.003 -11"><span class='ocrx_word' id='word_1_641' title='bbox 1093 1946 1166 1972; x_wconf 88' lang='grc' dir='ltr'>θεῖτο</span> <span class='ocrx_word' id='word_1_642' title='bbox 1180 1945 1227 1972; x_wconf 83' lang='grc' dir='ltr'>τοῦ</span> <span class='ocrx_word' id='word_1_643' title='bbox 1242 1946 1354 1978; x_wconf 83' lang='grc' dir='ltr'>τελείως</span> <span class='ocrx_word' id='word_1_644' title='bbox 1369 1945 1440 1973; x_wconf 79' lang='grc' dir='ltr'>εῖναι</span> <span class='ocrx_word' id='word_1_645' title='bbox 1460 1947 1608 1981; x_wconf 82' lang='grc' dir='ltr'>χρηστοὺς,</span> <span class='ocrx_word' id='word_1_646' title='bbox 1626 1946 1752 1982; x_wconf 75' lang='grc' dir='ltr'>καθάπερ</span> <span class='ocrx_word' id='word_1_647' title='bbox 1773 1948 1789 1982; x_wconf 84' lang='grc' dir='ltr'>ἡ</span> <span class='ocrx_word' id='word_1_648' title='bbox 1812 1948 1883 1981; x_wconf 76' lang='grc' dir='ltr'>φορὰ</span> 
     </span>
    </p>
   </div>
   <div class='ocr_carea' id='block_1_84' title="bbox 1093 1991 1884 2027">
    <p class='ocr_par' dir='ltr' id='par_1_84' title="bbox 1093 1991 1884 2027">
     <span class='ocr_line' id='line_1_84' title="bbox 1093 1991 1884 2027; baseline 0 -9"><span class='ocrx_word' id='word_1_649' title='bbox 1093 1991 1141 2019; x_wconf 77' lang='grc' dir='ltr'>τοῦ</span> <span class='ocrx_word' id='word_1_650' title='bbox 1170 1992 1383 2027; x_wconf 79' lang='grc' dir='ltr'>προενεγκόντος</span> <span class='ocrx_word' id='word_1_651' title='bbox 1419 1991 1504 2025; x_wconf 77' lang='grc' dir='ltr'>φυτοῦ</span> <span class='ocrx_word' id='word_1_652' title='bbox 1539 1992 1623 2026; x_wconf 85' lang='grc' dir='ltr'>δήλην</span> <span class='ocrx_word' id='word_1_653' title='bbox 1657 1992 1806 2026; x_wconf 81' lang='grc' dir='ltr'>καθίστησι</span> <span class='ocrx_word' id='word_1_654' title='bbox 1836 1992 1884 2026; x_wconf 76' lang='grc' dir='ltr'>τὴν</span> 
     </span>
    </p>
   </div>
   <div class='ocr_carea' id='block_1_85' title="bbox 1094 2037 1882 2073">
    <p class='ocr_par' dir='ltr' id='par_1_85' title="bbox 1094 2037 1882 2073">
     <span class='ocr_line' id='line_1_85' title="bbox 1094 2037 1882 2073; baseline 0 -9"><span class='ocrx_word' id='word_1_655' title='bbox 1094 2038 1199 2072; x_wconf 78' lang='grc' dir='ltr'><strong>ἀκμήν.</strong></span> <span class='ocrx_word' id='word_1_656' title='bbox 1226 2037 1296 2064; x_wconf 72' lang='grc' dir='ltr'>Οὔτε</span> <span class='ocrx_word' id='word_1_657' title='bbox 1311 2037 1365 2072; x_wconf 81' lang='grc' dir='ltr'><strong>γὰρ</strong></span> <span class='ocrx_word' id='word_1_658' title='bbox 1388 2037 1421 2064; x_wconf 83' lang='grc' dir='ltr'>ἂν</span> <span class='ocrx_word' id='word_1_659' title='bbox 1434 2038 1451 2072; x_wconf 83' lang='grc' dir='ltr'>ὴ</span> <span class='ocrx_word' id='word_1_660' title='bbox 1467 2037 1550 2071; x_wconf 77' lang='grc' dir='ltr'>φύσις</span> <span class='ocrx_word' id='word_1_661' title='bbox 1568 2039 1656 2064; x_wconf 82' lang='grc' dir='ltr'>ὲκεῖνο</span> <span class='ocrx_word' id='word_1_662' title='bbox 1683 2037 1721 2073; x_wconf 86' lang='grc' dir='ltr'><strong>μὴ</strong></span> <span class='ocrx_word' id='word_1_663' title='bbox 1748 2039 1882 2073; x_wconf 76' lang='grc' dir='ltr'>πρότερον</span> 
     </span>
    </p>
   </div>
   <div class='ocr_carea' id='block_1_86' title="bbox 1094 2083 1882 2119">
    <p class='ocr_par' dir='ltr' id='par_1_86' title="bbox 1094 2083 1882 2119">
     <span class='ocr_line' id='line_1_86' title="bbox 1094 2083 1882 2119; baseline -0.001 -8"><span class='ocrx_word' id='word_1_664' title='bbox 1094 2083 1138 2118; x_wconf 79' lang='grc' dir='ltr'><strong>ἐφ’</strong></span> <span class='ocrx_word' id='word_1_665' title='bbox 1151 2085 1248 2111; x_wconf 79' lang='grc' dir='ltr'>ἑαυτοῦ</span> <span class='ocrx_word' id='word_1_666' title='bbox 1261 2084 1403 2111; x_wconf 83' lang='grc' dir='ltr'>τελειωθὲν</span> <span class='ocrx_word' id='word_1_667' title='bbox 1415 2085 1463 2110; x_wconf 79' lang='grc' dir='ltr'><strong>ἐπὶ</strong></span> <span class='ocrx_word' id='word_1_668' title='bbox 1474 2085 1528 2111; x_wconf 85' lang='grc' dir='ltr'><strong>τῶν</strong></span> <span class='ocrx_word' id='word_1_669' title='bbox 1549 2084 1652 2119; x_wconf 84' lang='grc' dir='ltr'>ὁμοίων</span> <span class='ocrx_word' id='word_1_670' title='bbox 1665 2084 1772 2118; x_wconf 65' lang='grc' dir='ltr'>ἐνέγκοι</span> <span class='ocrx_word' id='word_1_671' title='bbox 1787 2085 1882 2115; x_wconf 73' lang='grc' dir='ltr'>τόκων,</span> 
     </span>
    </p>
   </div>
   <div class='ocr_carea' id='block_1_87' title="bbox 1094 2129 1883 2165">
    <p class='ocr_par' dir='ltr' id='par_1_87' title="bbox 1094 2129 1883 2165">
     <span class='ocr_line' id='line_1_87' title="bbox 1094 2129 1883 2165; baseline -0.001 -8"><span class='ocrx_word' id='word_1_672' title='bbox 1094 2129 1156 2157; x_wconf 82' lang='grc' dir='ltr'>οὔτε</span> <span class='ocrx_word' id='word_1_673' title='bbox 1172 2130 1226 2157; x_wconf 86' lang='grc' dir='ltr'><strong>τῶν</strong></span> <span class='ocrx_word' id='word_1_674' title='bbox 1249 2129 1402 2164; x_wconf 81' lang='grc' dir='ltr'>ἀνθρώπων</span> <span class='ocrx_word' id='word_1_675' title='bbox 1417 2130 1505 2162; x_wconf 75' lang='grc' dir='ltr'>οὐδεὶς</span> <span class='ocrx_word' id='word_1_676' title='bbox 1522 2129 1613 2161; x_wconf 71' lang='grc' dir='ltr'>ἄλλοις</span> <span class='ocrx_word' id='word_1_677' title='bbox 1632 2130 1665 2156; x_wconf 79' lang='grc' dir='ltr'>ἂν</span> <span class='ocrx_word' id='word_1_678' title='bbox 1686 2130 1729 2164; x_wconf 75' lang='grc' dir='ltr'>εἴη</span> <span class='ocrx_word' id='word_1_679' title='bbox 1753 2130 1883 2165; x_wconf 68' lang='grc' dir='ltr'>χρηστὸς,</span> 
     </span>
    </p>
   </div>
   <div class='ocr_carea' id='block_1_88' title="bbox 1098 2175 1884 2211">
    <p class='ocr_par' dir='ltr' id='par_1_88' title="bbox 1098 2175 1884 2211">
     <span class='ocr_line' id='line_1_88' title="bbox 1098 2175 1884 2211; baseline -0.001 -9"><span class='ocrx_word' id='word_1_680' title='bbox 1098 2176 1136 2211; x_wconf 85' lang='grc' dir='ltr'><strong>μὴ</strong></span> <span class='ocrx_word' id='word_1_681' title='bbox 1151 2176 1224 2203; x_wconf 79' lang='grc' dir='ltr'>τοῦτ’</span> <span class='ocrx_word' id='word_1_682' title='bbox 1248 2175 1314 2202; x_wconf 76' lang='grc' dir='ltr'>αὐτὸ</span> <span class='ocrx_word' id='word_1_683' title='bbox 1331 2176 1463 2210; x_wconf 71' lang='grc' dir='ltr'>πρότερον</span> <span class='ocrx_word' id='word_1_684' title='bbox 1487 2175 1637 2210; x_wconf 73' lang='grc' dir='ltr'>γενόμενος</span> <span class='ocrx_word' id='word_1_685' title='bbox 1658 2175 1759 2210; x_wconf 77' lang='grc' dir='ltr'>ἐαυτῷ.</span> <span class='ocrx_word' id='word_1_686' title='bbox 1775 2175 1884 2210; x_wconf 77' lang='grc' dir='ltr'>Ἐαυτῴ</span> 
     </span>
    </p>
   </div>
   <div class='ocr_carea' id='block_1_89' title="bbox 262 2220 1041 2259">
    <p class='ocr_par' dir='ltr' id='par_1_89' title="bbox 262 2221 1041 2259">
     <span class='ocr_line' id='line_1_89' title="bbox 262 2221 1041 2259; baseline 0.006 -11"><span class='ocrx_word' id='word_1_687' title='bbox 262 2222 384 2251; x_wconf 87' lang='lat' dir='ltr'><strong>intimus.</strong></span> <span class='ocrx_word' id='word_1_688' title='bbox 399 2221 450 2248; x_wconf 83' lang='lat' dir='ltr'><strong>sibi</strong></span> <span class='ocrx_word' id='word_1_689' title='bbox 461 2222 511 2256; x_wconf 89' lang='lat' dir='ltr'><strong>ipsi</strong></span> <span class='ocrx_word' id='word_1_690' title='bbox 521 2222 662 2249; x_wconf 86' lang='lat' dir='ltr'><strong>familiaris</strong></span> <span class='ocrx_word' id='word_1_691' title='bbox 675 2227 726 2254; x_wconf 81' lang='lat' dir='ltr'><strong>est,</strong></span> <span class='ocrx_word' id='word_1_692' title='bbox 741 2230 772 2249; x_wconf 82' lang='lat' dir='ltr'><strong>ac</strong></span> <span class='ocrx_word' id='word_1_693' title='bbox 787 2225 951 2256; x_wconf 63' lang='lat' dir='ltr'><strong>pra-caeteris</strong></span> <span class='ocrx_word' id='word_1_694' title='bbox 959 2225 1041 2259; x_wconf 80' lang='lat' dir='ltr'><strong>seipst</strong></span> 
     </span>
    </p>
   </div>
   <div class='ocr_carea' id='block_1_90' title="bbox 1094 2220 1884 2259">
    <p class='ocr_par' dir='ltr' id='par_1_90' title="bbox 1104 2220 1884 2257">
     <span class='ocr_line' id='line_1_90' title="bbox 1104 2220 1884 2257; baseline 0 -9"><span class='ocrx_word' id='word_1_695' title='bbox 1104 2222 1153 2256; x_wconf 78' lang='grc' dir='ltr'><strong>μὲν</strong></span> <span class='ocrx_word' id='word_1_696' title='bbox 1169 2222 1222 2257; x_wconf 80' lang='grc' dir='ltr'><strong>γὰρ</strong></span> <span class='ocrx_word' id='word_1_697' title='bbox 1236 2221 1289 2255; x_wconf 84' lang='grc' dir='ltr'>πρὸ</span> <span class='ocrx_word' id='word_1_698' title='bbox 1303 2221 1355 2247; x_wconf 86' lang='grc' dir='ltr'><strong>τῶν</strong></span> <span class='ocrx_word' id='word_1_699' title='bbox 1367 2220 1454 2248; x_wconf 79' lang='grc' dir='ltr'>ἄλλων</span> <span class='ocrx_word' id='word_1_700' title='bbox 1467 2220 1601 2254; x_wconf 84' lang='grc' dir='ltr'>σύνεστιν,</span> <span class='ocrx_word' id='word_1_701' title='bbox 1615 2220 1705 2255; x_wconf 75' lang='grc' dir='ltr'>ἑαυτῷ</span> <span class='ocrx_word' id='word_1_702' title='bbox 1720 2221 1748 2248; x_wconf 84' lang='grc' dir='ltr'><strong>δὲ</strong></span> <span class='ocrx_word' id='word_1_703' title='bbox 1766 2222 1884 2257; x_wconf 76' lang='grc' dir='ltr'>συνήθης</span> 
     </span>
    </p>
   </div>
   <div class='ocr_carea' id='block_1_91' title="bbox 263 2267 1043 2303">
    <p class='ocr_par' dir='ltr' id='par_1_91' title="bbox 263 2267 1043 2303">
     <span class='ocr_line' id='line_1_91' title="bbox 263 2267 1043 2303; baseline 0.006 -10"><span class='ocrx_word' id='word_1_704' title='bbox 263 2267 346 2294; x_wconf 91' lang='lat' dir='ltr'><strong>utitur</strong></span> <span class='ocrx_word' id='word_1_705' title='bbox 362 2267 488 2301; x_wconf 84' lang='lat' dir='ltr'><strong>.sihique</strong></span> <span class='ocrx_word' id='word_1_706' title='bbox 517 2268 586 2295; x_wconf 83' lang='lat' dir='ltr'><strong>bona</strong></span> <span class='ocrx_word' id='word_1_707' title='bbox 617 2268 674 2295; x_wconf 93' lang='lat' dir='ltr'><strong>vult</strong></span> <span class='ocrx_word' id='word_1_708' title='bbox 706 2272 788 2302; x_wconf 88' lang='lat' dir='ltr'><strong>atque</strong></span> <span class='ocrx_word' id='word_1_709' title='bbox 812 2273 948 2303; x_wconf 87' lang='lat' dir='ltr'><strong>precatur.</strong></span> <span class='ocrx_word' id='word_1_710' title='bbox 972 2269 1043 2303; x_wconf 87' lang='lat' dir='ltr'><strong>Quid</strong></span> 
     </span>
    </p>
   </div>
   <div class='ocr_carea' id='block_1_92' title="bbox 261 2313 1042 2348">
    <p class='ocr_par' dir='ltr' id='par_1_92' title="bbox 261 2313 1042 2348">
     <span class='ocr_line' id='line_1_92' title="bbox 261 2313 1042 2348; baseline 0.005 -9"><span class='ocrx_word' id='word_1_711' title='bbox 261 2320 328 2347; x_wconf 78' lang='lat' dir='ltr'><strong>ergo</strong></span> <span class='ocrx_word' id='word_1_712' title='bbox 355 2313 480 2348; x_wconf 85' lang='lat' dir='ltr'><strong>prohibet</strong></span> <span class='ocrx_word' id='word_1_713' title='bbox 507 2313 653 2347; x_wconf 84' lang='lat' dir='ltr'><strong>quominus</strong></span> <span class='ocrx_word' id='word_1_714' title='bbox 679 2313 730 2340; x_wconf 84' lang='lat' dir='ltr'><strong>sibi</strong></span> <span class='ocrx_word' id='word_1_715' title='bbox 757 2313 985 2347; x_wconf 84' lang='lat' dir='ltr'><strong>priusinserviat,</strong></span> <span class='ocrx_word' id='word_1_716' title='bbox 1003 2317 1042 2343; x_wconf 84' lang='lat' dir='ltr'><strong>si-</strong></span> 
     </span>
    </p>
   </div>
   <div class='ocr_carea' id='block_1_93' title="bbox 262 2359 1043 2394">
    <p class='ocr_par' dir='ltr' id='par_1_93' title="bbox 262 2359 1043 2394">
     <span class='ocr_line' id='line_1_93' title="bbox 262 2359 1043 2394; baseline 0.006 -10"><span class='ocrx_word' id='word_1_717' title='bbox 262 2359 370 2393; x_wconf 87' lang='lat' dir='ltr'><strong>quidem</strong></span> <span class='ocrx_word' id='word_1_718' title='bbox 399 2366 432 2386; x_wconf 85' lang='lat' dir='ltr'><strong>ex</strong></span> <span class='ocrx_word' id='word_1_719' title='bbox 458 2366 510 2385; x_wconf 79' lang='lat' dir='ltr'><strong>una</strong></span> <span class='ocrx_word' id='word_1_720' title='bbox 534 2364 610 2394; x_wconf 86' lang='lat' dir='ltr'><strong>parte</strong></span> <span class='ocrx_word' id='word_1_721' title='bbox 635 2359 714 2385; x_wconf 86' lang='lat' dir='ltr'><strong>houis</strong></span> <span class='ocrx_word' id='word_1_722' title='bbox 735 2359 844 2393; x_wconf 82' lang='lat' dir='ltr'><strong>gaudet,</strong></span> <span class='ocrx_word' id='word_1_723' title='bbox 857 2360 953 2387; x_wconf 78' lang='lat' dir='ltr'><strong>exalia</strong></span> <span class='ocrx_word' id='word_1_724' title='bbox 968 2369 1043 2393; x_wconf 89' lang='lat' dir='ltr'><strong>vero.</strong></span> 
     </span>
    </p>
   </div>
   <div class='ocr_carea' id='block_1_94' title="bbox 263 2403 1042 2440">
    <p class='ocr_par' dir='ltr' id='par_1_94' title="bbox 263 2403 1042 2440">
     <span class='ocr_line' id='line_1_94' title="bbox 263 2403 1042 2440; baseline 0.004 -10"><span class='ocrx_word' id='word_1_725' title='bbox 263 2408 360 2431; x_wconf 85' lang='lat' dir='ltr'><strong>natura</strong></span> <span class='ocrx_word' id='word_1_726' title='bbox 373 2404 448 2439; x_wconf 90' lang='lat' dir='ltr'><strong>prius</strong></span> <span class='ocrx_word' id='word_1_727' title='bbox 466 2404 499 2431; x_wconf 88' lang='lat' dir='ltr'><strong>ad</strong></span> <span class='ocrx_word' id='word_1_728' title='bbox 519 2405 606 2439; x_wconf 90' lang='lat' dir='ltr'><strong>ipsum</strong></span> <span class='ocrx_word' id='word_1_729' title='bbox 621 2405 694 2431; x_wconf 89' lang='lat' dir='ltr'><strong>illttm</strong></span> <span class='ocrx_word' id='word_1_730' title='bbox 710 2403 836 2438; x_wconf 77' lang='lat' dir='ltr'><strong>illzusque</strong></span> <span class='ocrx_word' id='word_1_731' title='bbox 849 2406 1042 2440; x_wconf 82' lang='lat' dir='ltr'><strong>cogitationem</strong></span> 
     </span>
    </p>
   </div>
   <div class='ocr_carea' id='block_1_95' title="bbox 264 2450 1044 2486">
    <p class='ocr_par' dir='ltr' id='par_1_95' title="bbox 264 2450 1044 2486">
     <span class='ocr_line' id='line_1_95' title="bbox 264 2450 1044 2486; baseline 0.003 -10"><span class='ocrx_word' id='word_1_732' title='bbox 264 2450 385 2482; x_wconf 87' lang='lat' dir='ltr'><strong>inclinat,</strong></span> <span class='ocrx_word' id='word_1_733' title='bbox 397 2451 467 2478; x_wconf 86' lang='lat' dir='ltr'><strong>sicut</strong></span> <span class='ocrx_word' id='word_1_734' title='bbox 493 2458 661 2486; x_wconf 58' lang='lat' dir='ltr'><strong>unaquaeque</strong></span> <span class='ocrx_word' id='word_1_735' title='bbox 676 2456 801 2478; x_wconf 86' lang='lat' dir='ltr'><strong>creatura</strong></span> <span class='ocrx_word' id='word_1_736' title='bbox 812 2451 823 2477; x_wconf 83' lang='lat'><strong>‘.&#39;</strong></span> <span class='ocrx_word' id='word_1_737' title='bbox 836 2451 890 2478; x_wconf 91' lang='lat' dir='ltr'><strong>Sihi</strong></span> <span class='ocrx_word' id='word_1_738' title='bbox 907 2452 957 2486; x_wconf 89' lang='lat' dir='ltr'><strong>ipsi</strong></span> <span class='ocrx_word' id='word_1_739' title='bbox 972 2452 1044 2480; x_wconf 89' lang='lat' dir='ltr'><strong>enim</strong></span> 
     </span>
    </p>
   </div>
   <div class='ocr_carea' id='block_1_96' title="bbox 262 2496 1047 2531">
    <p class='ocr_par' dir='ltr' id='par_1_96' title="bbox 262 2496 1047 2531">
     <span class='ocr_line' id='line_1_96' title="bbox 262 2496 1047 2531; baseline 0.003 -8"><span class='ocrx_word' id='word_1_740' title='bbox 262 2496 290 2524; x_wconf 83' lang='lat' dir='ltr'><strong>in</strong></span> <span class='ocrx_word' id='word_1_741' title='bbox 319 2500 405 2523; x_wconf 87' lang='lat' dir='ltr'><strong>totum</strong></span> <span class='ocrx_word' id='word_1_742' title='bbox 428 2501 481 2528; x_wconf 79' lang='lat' dir='ltr'><strong>est.</strong></span> <span class='ocrx_word' id='word_1_743' title='bbox 498 2497 549 2524; x_wconf 82' lang='lat' dir='ltr'><strong>sibi</strong></span> <span class='ocrx_word' id='word_1_744' title='bbox 562 2504 625 2523; x_wconf 83' lang='lat' dir='ltr'><strong>vero</strong></span> <span class='ocrx_word' id='word_1_745' title='bbox 644 2497 761 2531; x_wconf 90' lang='lat' dir='ltr'><strong>primutn</strong></span> <span class='ocrx_word' id='word_1_746' title='bbox 779 2501 822 2524; x_wconf 84' lang='lat' dir='ltr'><strong>est</strong></span> <span class='ocrx_word' id='word_1_747' title='bbox 841 2497 940 2524; x_wconf 88' lang='lat' dir='ltr'><strong>bonum</strong></span> <span class='ocrx_word' id='word_1_748' title='bbox 955 2518 961 2529; x_wconf 89' lang='grc'>,</span> <span class='ocrx_word' id='word_1_749' title='bbox 973 2503 1000 2525; x_wconf 81' lang='lat' dir='ltr'><strong>et</strong></span> <span class='ocrx_word' id='word_1_750' title='bbox 1017 2503 1047 2525; x_wconf 90' lang='lat' dir='ltr'><strong>ut</strong></span> 
     </span>
    </p>
   </div>
   <div class='ocr_carea' id='block_1_97' title="bbox 263 2536 1072 2578">
    <p class='ocr_par' dir='ltr' id='par_1_97' title="bbox 263 2536 1072 2578">
     <span class='ocr_line' id='line_1_97' title="bbox 263 2536 1072 2578; baseline 0.002 -10"><span class='ocrx_word' id='word_1_751' title='bbox 263 2542 454 2578; x_wconf 84' lang='lat' dir='ltr'><strong>unusquisque</strong></span> <span class='ocrx_word' id='word_1_752' title='bbox 468 2543 503 2570; x_wconf 87' lang='lat' dir='ltr'><strong>sit</strong></span> <span class='ocrx_word' id='word_1_753' title='bbox 522 2542 590 2576; x_wconf 86' lang='lat' dir='ltr'><strong>ipse,</strong></span> <span class='ocrx_word' id='word_1_754' title='bbox 606 2543 722 2577; x_wconf 88' lang='lat' dir='ltr'><strong>pritnum</strong></span> <span class='ocrx_word' id='word_1_755' title='bbox 750 2550 782 2569; x_wconf 85' lang='lat' dir='ltr'><strong>ac</strong></span> <span class='ocrx_word' id='word_1_756' title='bbox 795 2551 941 2571; x_wconf 88' lang='lat' dir='ltr'><strong>commune</strong></span> <span class='ocrx_word' id='word_1_757' title='bbox 957 2543 1047 2571; x_wconf 91' lang='lat' dir='ltr'><strong>omni-</strong></span> <span class='ocrx_word' id='word_1_758' title='bbox 1070 2536 1072 2539; x_wconf 51' lang='grc'><em>’</em></span> 
     </span>
    </p>
   </div>
   <div class='ocr_carea' id='block_1_98' title="bbox 263 2588 561 2616">
    <p class='ocr_par' dir='ltr' id='par_1_98' title="bbox 263 2588 561 2616">
     <span class='ocr_line' id='line_1_98' title="bbox 263 2588 561 2616; baseline 0 -2"><span class='ocrx_word' id='word_1_759' title='bbox 263 2588 313 2615; x_wconf 71' lang='lat' dir='ltr'><strong>lius</strong></span> <span class='ocrx_word' id='word_1_760' title='bbox 326 2593 369 2615; x_wconf 81' lang='lat' dir='ltr'><strong>est</strong></span> <span class='ocrx_word' id='word_1_761' title='bbox 383 2588 561 2616; x_wconf 63' lang='lat' dir='ltr'><strong>desiderium.</strong></span> 
     </span>
    </p>
   </div>
   <div class='ocr_carea' id='block_1_99' title="bbox 297 2632 1047 2669">
    <p class='ocr_par' dir='ltr' id='par_1_99' title="bbox 297 2632 1047 2669">
     <span class='ocr_line' id='line_1_99' title="bbox 297 2632 1047 2669; baseline 0.001 -9"><span class='ocrx_word' id='word_1_762' title='bbox 297 2632 442 2668; x_wconf 87' lang='lat' dir='ltr'><strong>Propterea</strong></span> <span class='ocrx_word' id='word_1_763' title='bbox 454 2634 627 2661; x_wconf 83' lang='lat' dir='ltr'><strong>manifestum</strong></span> <span class='ocrx_word' id='word_1_764' title='bbox 640 2639 680 2662; x_wconf 83' lang='lat' dir='ltr'><strong>est</strong></span> <span class='ocrx_word' id='word_1_765' title='bbox 692 2635 763 2669; x_wconf 86' lang='lat' dir='ltr'><strong>quod</strong></span> <span class='ocrx_word' id='word_1_766' title='bbox 780 2635 801 2661; x_wconf 88' lang='lat' dir='ltr'><strong>si</strong></span> <span class='ocrx_word' id='word_1_767' title='bbox 819 2635 917 2662; x_wconf 85' lang='lat' dir='ltr'><strong>bonam</strong></span> <span class='ocrx_word' id='word_1_768' title='bbox 932 2635 1047 2661; x_wconf 88' lang='lat' dir='ltr'><strong>aliorttm</strong></span> 
     </span>
    </p>
   </div>
   <div class='ocr_carea' id='block_1_100' title="bbox 263 2681 1049 2715">
    <p class='ocr_par' dir='ltr' id='par_1_100' title="bbox 263 2681 1049 2715">
     <span class='ocr_line' id='line_1_100' title="bbox 263 2681 1049 2715; baseline -0.001 -8"><span class='ocrx_word' id='word_1_769' title='bbox 263 2681 468 2708; x_wconf 75' lang='lat' dir='ltr'><strong>testimationetn</strong></span> <span class='ocrx_word' id='word_1_770' title='bbox 495 2687 568 2707; x_wconf 87' lang='lat' dir='ltr'><strong>atnat</strong></span> <span class='ocrx_word' id='word_1_771' title='bbox 584 2686 610 2707; x_wconf 82' lang='lat' dir='ltr'><strong>et</strong></span> <span class='ocrx_word' id='word_1_772' title='bbox 625 2689 686 2708; x_wconf 90' lang='lat' dir='ltr'><strong>cuttt</strong></span> <span class='ocrx_word' id='word_1_773' title='bbox 702 2681 850 2708; x_wconf 85' lang='lat' dir='ltr'><strong>obtinuerit</strong></span> <span class='ocrx_word' id='word_1_774' title='bbox 865 2682 972 2715; x_wconf 77' lang='lat' dir='ltr'><strong>gaudet,</strong></span> <span class='ocrx_word' id='word_1_775' title='bbox 991 2681 1049 2715; x_wconf 83' lang='lat' dir='ltr'><strong>ipse</strong></span> 
     </span>
    </p>
   </div>
   <div class='ocr_carea' id='block_1_101' title="bbox 265 2725 1050 2759">
    <p class='ocr_par' dir='ltr' id='par_1_101' title="bbox 265 2725 1050 2759">
     <span class='ocr_line' id='line_1_101' title="bbox 265 2725 1050 2759; baseline 0 -9"><span class='ocrx_word' id='word_1_776' title='bbox 265 2730 366 2752; x_wconf 84' lang='lat' dir='ltr'><strong>nonest</strong></span> <span class='ocrx_word' id='word_1_777' title='bbox 376 2725 469 2751; x_wconf 85' lang='lat' dir='ltr'><strong>talium</strong></span> <span class='ocrx_word' id='word_1_778' title='bbox 479 2725 600 2752; x_wconf 64' lang='lat' dir='ltr'><strong>cthrcs</strong></span> <span class='ocrx_word' id='word_1_779' title='bbox 609 2733 656 2752; x_wconf 82' lang='lat' dir='ltr'><strong>nec</strong></span> <span class='ocrx_word' id='word_1_780' title='bbox 667 2732 763 2759; x_wconf 76' lang='lat' dir='ltr'><strong>egens:</strong></span> <span class='ocrx_word' id='word_1_781' title='bbox 778 2732 830 2751; x_wconf 89' lang='lat' dir='ltr'><strong>non</strong></span> <span class='ocrx_word' id='word_1_782' title='bbox 838 2726 909 2752; x_wconf 89' lang='lat' dir='ltr'><strong>enim</strong></span> <span class='ocrx_word' id='word_1_783' title='bbox 922 2733 950 2752; x_wconf 86' lang='lat' dir='ltr'><strong>se</strong></span> <span class='ocrx_word' id='word_1_784' title='bbox 959 2732 1050 2751; x_wconf 86' lang='lat' dir='ltr'><strong>suam-</strong></span> 
     </span>
    </p>
   </div>
   <div class='ocr_carea' id='block_1_102' title="bbox 263 2769 1051 2806">
    <p class='ocr_par' dir='ltr' id='par_1_102' title="bbox 263 2769 1051 2806">
     <span class='ocr_line' id='line_1_102' title="bbox 263 2769 1051 2806; baseline -0.001 -9"><span class='ocrx_word' id='word_1_785' title='bbox 263 2779 316 2804; x_wconf 87' lang='lat' dir='ltr'><strong>que</strong></span> <span class='ocrx_word' id='word_1_786' title='bbox 345 2778 401 2798; x_wconf 86' lang='lat' dir='ltr'><strong>rem</strong></span> <span class='ocrx_word' id='word_1_787' title='bbox 423 2771 560 2806; x_wconf 75' lang='lat' dir='ltr'><strong>negligens</strong></span> <span class='ocrx_word' id='word_1_788' title='bbox 590 2779 643 2805; x_wconf 85' lang='lat' dir='ltr'><strong>qua</strong></span> <span class='ocrx_word' id='word_1_789' title='bbox 667 2778 736 2805; x_wconf 88' lang='lat' dir='ltr'><strong>optts</strong></span> <span class='ocrx_word' id='word_1_790' title='bbox 758 2770 840 2797; x_wconf 85' lang='lat' dir='ltr'><strong>habet</strong></span> <span class='ocrx_word' id='word_1_791' title='bbox 863 2771 923 2798; x_wconf 83' lang='lat' dir='ltr'><strong>aliis</strong></span> <span class='ocrx_word' id='word_1_792' title='bbox 937 2769 1051 2798; x_wconf 83' lang='lat' dir='ltr'><strong>studuit.</strong></span> 
     </span>
    </p>
   </div>
   <div class='ocr_carea' id='block_1_103' title="bbox 265 2815 1051 2850">
    <p class='ocr_par' dir='ltr' id='par_1_103' title="bbox 265 2815 1051 2850">
     <span class='ocr_line' id='line_1_103' title="bbox 265 2815 1051 2850; baseline 0 -9"><span class='ocrx_word' id='word_1_793' title='bbox 265 2816 408 2847; x_wconf 82' lang='lat' dir='ltr'><strong>Quomodo</strong></span> <span class='ocrx_word' id='word_1_794' title='bbox 425 2817 497 2843; x_wconf 87' lang='lat' dir='ltr'><strong>enim</strong></span> <span class='ocrx_word' id='word_1_795' title='bbox 515 2817 541 2843; x_wconf 92' lang='lat' dir='ltr'><strong>in</strong></span> <span class='ocrx_word' id='word_1_796' title='bbox 564 2817 682 2843; x_wconf 84' lang='lat' dir='ltr'><strong>aliorum</strong></span> <span class='ocrx_word' id='word_1_797' title='bbox 699 2815 825 2842; x_wconf 75' lang='lat' dir='ltr'><strong>manilius</strong></span> <span class='ocrx_word' id='word_1_798' title='bbox 846 2816 937 2850; x_wconf 89' lang='lat' dir='ltr'><strong>cupiat</strong></span> <span class='ocrx_word' id='word_1_799' title='bbox 951 2815 996 2842; x_wconf 88' lang='lat' dir='ltr'><strong>illa</strong></span> <span class='ocrx_word' id='word_1_800' title='bbox 1011 2815 1051 2841; x_wconf 92' lang='lat' dir='ltr'><strong>vi-</strong></span> 
     </span>
    </p>
   </div>
   <div class='ocr_carea' id='block_1_104' title="bbox 266 2861 1048 2897">
    <p class='ocr_par' dir='ltr' id='par_1_104' title="bbox 266 2861 1048 2897">
     <span class='ocr_line' id='line_1_104' title="bbox 266 2861 1048 2897; baseline 0 -9"><span class='ocrx_word' id='word_1_801' title='bbox 266 2862 342 2894; x_wconf 85' lang='lat' dir='ltr'><strong>dere,</strong></span> <span class='ocrx_word' id='word_1_802' title='bbox 371 2862 471 2897; x_wconf 80' lang='lat' dir='ltr'><strong>quibus</strong></span> <span class='ocrx_word' id='word_1_803' title='bbox 493 2862 631 2897; x_wconf 82' lang='lat' dir='ltr'><strong>propriam</strong></span> <span class='ocrx_word' id='word_1_804' title='bbox 649 2862 759 2890; x_wconf 87' lang='lat' dir='ltr'><strong>domum</strong></span> <span class='ocrx_word' id='word_1_805' title='bbox 784 2869 898 2889; x_wconf 80' lang='lat' dir='ltr'><strong>vacuum</strong></span> <span class='ocrx_word' id='word_1_806' title='bbox 921 2861 991 2890; x_wconf 85' lang='lat' dir='ltr'><strong>scit?</strong></span> <span class='ocrx_word' id='word_1_807' title='bbox 1020 2861 1048 2889; x_wconf 80' lang='lat' dir='ltr'><strong>Si</strong></span> 
     </span>
    </p>
   </div>
   <div class='ocr_carea' id='block_1_105' title="bbox 1095 2266 1885 2302">
    <p class='ocr_par' dir='ltr' id='par_1_105' title="bbox 1095 2266 1885 2302">
     <span class='ocr_line' id='line_1_105' title="bbox 1095 2266 1885 2302; baseline 0 -8"><span class='ocrx_word' id='word_1_808' title='bbox 1095 2267 1165 2300; x_wconf 77' lang='grc' dir='ltr'>ἐστὶ,</span> <span class='ocrx_word' id='word_1_809' title='bbox 1183 2267 1231 2293; x_wconf 79' lang='grc' dir='ltr'><strong>καὶ</strong></span> <span class='ocrx_word' id='word_1_810' title='bbox 1246 2267 1299 2301; x_wconf 76' lang='grc' dir='ltr'>πρὸ</span> <span class='ocrx_word' id='word_1_811' title='bbox 1315 2266 1423 2293; x_wconf 83' lang='grc' dir='ltr'>πάντων</span> <span class='ocrx_word' id='word_1_812' title='bbox 1439 2266 1526 2301; x_wconf 82' lang='grc' dir='ltr'>ἑαυτῷ</span> <span class='ocrx_word' id='word_1_813' title='bbox 1542 2267 1650 2301; x_wconf 81' lang='grc' dir='ltr'>χρῆται,</span> <span class='ocrx_word' id='word_1_814' title='bbox 1662 2267 1709 2293; x_wconf 73' lang='grc' dir='ltr'>καὶ</span> <span class='ocrx_word' id='word_1_815' title='bbox 1723 2266 1758 2293; x_wconf 82' lang='grc' dir='ltr'><strong>τὰ</strong></span> <span class='ocrx_word' id='word_1_816' title='bbox 1780 2267 1885 2302; x_wconf 83' lang='grc' dir='ltr'>χρηστὰ</span> 
     </span>
    </p>
   </div>
   <div class='ocr_carea' id='block_1_106' title="bbox 1098 2312 1883 2348">
    <p class='ocr_par' dir='ltr' id='par_1_106' title="bbox 1098 2312 1883 2348">
     <span class='ocr_line' id='line_1_106' title="bbox 1098 2312 1883 2348; baseline -0.003 -8"><span class='ocrx_word' id='word_1_817' title='bbox 1098 2313 1224 2348; x_wconf 76' lang='grc' dir='ltr'>βούλεται</span> <span class='ocrx_word' id='word_1_818' title='bbox 1239 2313 1285 2339; x_wconf 77' lang='grc' dir='ltr'><strong>καὶ</strong></span> <span class='ocrx_word' id='word_1_819' title='bbox 1307 2312 1428 2347; x_wconf 77' lang='grc' dir='ltr'>εὔχεται.</span> <span class='ocrx_word' id='word_1_820' title='bbox 1447 2313 1480 2339; x_wconf 86' lang='grc' dir='ltr'>Τί</span> <span class='ocrx_word' id='word_1_821' title='bbox 1497 2312 1543 2339; x_wconf 80' lang='grc' dir='ltr'>οὖν</span> <span class='ocrx_word' id='word_1_822' title='bbox 1556 2312 1657 2338; x_wconf 83' lang='grc' dir='ltr'>κωλύει</span> <span class='ocrx_word' id='word_1_823' title='bbox 1671 2313 1804 2348; x_wconf 83' lang='grc' dir='ltr'>πρότερον</span> <span class='ocrx_word' id='word_1_824' title='bbox 1821 2313 1883 2339; x_wconf 81' lang='grc' dir='ltr'>ἑαυ-</span> 
     </span>
    </p>
   </div>
   <div class='ocr_carea' id='block_1_107' title="bbox 1096 2357 1884 2392">
    <p class='ocr_par' dir='ltr' id='par_1_107' title="bbox 1096 2357 1884 2392">
     <span class='ocr_line' id='line_1_107' title="bbox 1096 2357 1884 2392; baseline -0.001 -8"><span class='ocrx_word' id='word_1_825' title='bbox 1096 2358 1142 2385; x_wconf 76' lang='grc' dir='ltr'><strong>τὸν</strong></span> <span class='ocrx_word' id='word_1_826' title='bbox 1157 2357 1283 2392; x_wconf 81' lang='grc' dir='ltr'>ὠφελεῖν,</span> <span class='ocrx_word' id='word_1_827' title='bbox 1299 2357 1379 2391; x_wconf 74' lang='grc' dir='ltr'>εἴπερ</span> <span class='ocrx_word' id='word_1_828' title='bbox 1392 2357 1406 2383; x_wconf 83' lang='grc' dir='ltr'><strong>ὁ</strong></span> <span class='ocrx_word' id='word_1_829' title='bbox 1426 2357 1474 2391; x_wconf 75' lang='grc' dir='ltr'>μὲν</span> <span class='ocrx_word' id='word_1_830' title='bbox 1488 2359 1543 2388; x_wconf 83' lang='grc' dir='ltr'>τοῖς</span> <span class='ocrx_word' id='word_1_831' title='bbox 1565 2357 1677 2391; x_wconf 80' lang='grc' dir='ltr'>ἀγαθοῖς</span> <span class='ocrx_word' id='word_1_832' title='bbox 1702 2357 1807 2392; x_wconf 79' lang='grc' dir='ltr'>χαίρει,</span> <span class='ocrx_word' id='word_1_833' title='bbox 1825 2359 1842 2392; x_wconf 85' lang='grc' dir='ltr'>ἡ</span> <span class='ocrx_word' id='word_1_834' title='bbox 1857 2357 1884 2383; x_wconf 76' lang='grc' dir='ltr'><strong>δὲ</strong></span> 
     </span>
    </p>
   </div>
   <div class='ocr_carea' id='block_1_108' title="bbox 1099 2403 1884 2438">
    <p class='ocr_par' dir='ltr' id='par_1_108' title="bbox 1099 2403 1884 2438">
     <span class='ocr_line' id='line_1_108' title="bbox 1099 2403 1884 2438; baseline -0.003 -8"><span class='ocrx_word' id='word_1_835' title='bbox 1099 2405 1179 2438; x_wconf 83' lang='grc' dir='ltr'>φύσις</span> <span class='ocrx_word' id='word_1_836' title='bbox 1193 2405 1232 2435; x_wconf 83' lang='grc' dir='ltr'>εἰς</span> <span class='ocrx_word' id='word_1_837' title='bbox 1247 2403 1343 2430; x_wconf 78' lang='grc' dir='ltr'>ἑαυτὸν</span> <span class='ocrx_word' id='word_1_838' title='bbox 1360 2403 1493 2437; x_wconf 82' lang='grc' dir='ltr'>πρότερον</span> <span class='ocrx_word' id='word_1_839' title='bbox 1505 2403 1587 2429; x_wconf 74' lang='grc' dir='ltr'>αὐτὸν</span> <span class='ocrx_word' id='word_1_840' title='bbox 1598 2403 1758 2436; x_wconf 78' lang='grc' dir='ltr'>ἐπιστρέφει</span> <span class='ocrx_word' id='word_1_841' title='bbox 1773 2405 1820 2430; x_wconf 73' lang='grc' dir='ltr'><strong>καὶ</strong></span> <span class='ocrx_word' id='word_1_842' title='bbox 1835 2404 1884 2436; x_wconf 82' lang='grc' dir='ltr'>τὴν</span> 
     </span>
    </p>
   </div>
   <div class='ocr_carea' id='block_1_109' title="bbox 1098 2447 1881 2485">
    <p class='ocr_par' dir='ltr' id='par_1_109' title="bbox 1098 2447 1881 2485">
     <span class='ocr_line' id='line_1_109' title="bbox 1098 2447 1881 2485; baseline -0.004 -8"><span class='ocrx_word' id='word_1_843' title='bbox 1098 2450 1181 2477; x_wconf 80' lang='grc' dir='ltr'>αὐτοῦ</span> <span class='ocrx_word' id='word_1_844' title='bbox 1206 2449 1334 2485; x_wconf 79' lang='grc' dir='ltr'>πρόνοιαν</span> <span class='ocrx_word' id='word_1_845' title='bbox 1350 2449 1475 2484; x_wconf 72' lang='grc' dir='ltr'>καθάπερ</span> <span class='ocrx_word' id='word_1_846' title='bbox 1502 2450 1548 2474; x_wconf 78' lang='grc' dir='ltr'><strong>καὶ</strong></span> <span class='ocrx_word' id='word_1_847' title='bbox 1568 2447 1621 2475; x_wconf 87' lang='grc' dir='ltr'><strong>τῶν</strong></span> <span class='ocrx_word' id='word_1_848' title='bbox 1641 2448 1727 2474; x_wconf 75' lang='grc' dir='ltr'>ὄντων</span> <span class='ocrx_word' id='word_1_849' title='bbox 1743 2449 1881 2481; x_wconf 72' lang='grc' dir='ltr'>ἓκαστονς</span> 
     </span>
    </p>
   </div>
   <div class='ocr_carea' id='block_1_110' title="bbox 1104 2492 1884 2531">
    <p class='ocr_par' dir='ltr' id='par_1_110' title="bbox 1104 2492 1884 2531">
     <span class='ocr_line' id='line_1_110' title="bbox 1104 2492 1884 2531; baseline -0.005 -8"><span class='ocrx_word' id='word_1_850' title='bbox 1104 2495 1209 2531; x_wconf 84' lang='grc' dir='ltr'>Ἑαυτῷ</span> <span class='ocrx_word' id='word_1_851' title='bbox 1241 2495 1291 2531; x_wconf 77' lang='grc' dir='ltr'><strong>μὲν</strong></span> <span class='ocrx_word' id='word_1_852' title='bbox 1317 2494 1372 2530; x_wconf 76' lang='grc' dir='ltr'>γὰρ</span> <span class='ocrx_word' id='word_1_853' title='bbox 1391 2495 1460 2526; x_wconf 82' lang='grc' dir='ltr'>ὅλως</span> <span class='ocrx_word' id='word_1_854' title='bbox 1485 2494 1571 2525; x_wconf 69' lang='grc' dir='ltr'>ἐστὶν,</span> <span class='ocrx_word' id='word_1_855' title='bbox 1599 2492 1688 2528; x_wconf 79' lang='grc' dir='ltr'>ἑαυτῷ</span> <span class='ocrx_word' id='word_1_856' title='bbox 1706 2494 1734 2520; x_wconf 73' lang='grc' dir='ltr'>δὲ</span> <span class='ocrx_word' id='word_1_857' title='bbox 1765 2494 1884 2529; x_wconf 82' lang='grc' dir='ltr'>πρώτως</span> 
     </span>
    </p>
   </div>
   <div class='ocr_carea' id='block_1_111' title="bbox 1097 2537 1885 2575">
    <p class='ocr_par' dir='ltr' id='par_1_111' title="bbox 1097 2537 1885 2575">
     <span class='ocr_line' id='line_1_111' title="bbox 1097 2537 1885 2575; baseline -0.004 -7"><span class='ocrx_word' id='word_1_858' title='bbox 1097 2542 1200 2575; x_wconf 78' lang='grc' dir='ltr'>ἀγαθόν</span> <span class='ocrx_word' id='word_1_859' title='bbox 1222 2542 1307 2571; x_wconf 72' lang='grc' dir='ltr'>ἐστιν.</span> <span class='ocrx_word' id='word_1_860' title='bbox 1334 2540 1382 2567; x_wconf 78' lang='grc' dir='ltr'>καὶ</span> <span class='ocrx_word' id='word_1_861' title='bbox 1404 2540 1451 2567; x_wconf 86' lang='grc' dir='ltr'><strong>τοῦ</strong></span> <span class='ocrx_word' id='word_1_862' title='bbox 1477 2539 1543 2567; x_wconf 76' lang='grc' dir='ltr'>αὐτὸ</span> <span class='ocrx_word' id='word_1_863' title='bbox 1557 2540 1673 2566; x_wconf 67' lang='grc' dir='ltr'>ἕκαστον</span> <span class='ocrx_word' id='word_1_864' title='bbox 1688 2537 1770 2572; x_wconf 74' lang='grc' dir='ltr'>εἶναι,</span> <span class='ocrx_word' id='word_1_865' title='bbox 1788 2540 1885 2574; x_wconf 81' lang='grc' dir='ltr'>πρώτη</span> 
     </span>
    </p>
   </div>
   <div class='ocr_carea' id='block_1_112' title="bbox 1102 2586 1567 2621">
    <p class='ocr_par' dir='ltr' id='par_1_112' title="bbox 1102 2586 1567 2621">
     <span class='ocr_line' id='line_1_112' title="bbox 1102 2586 1567 2621; baseline -0.006 -6"><span class='ocrx_word' id='word_1_866' title='bbox 1102 2589 1150 2615; x_wconf 74' lang='grc' dir='ltr'><strong>καὶ</strong></span> <span class='ocrx_word' id='word_1_867' title='bbox 1168 2587 1313 2621; x_wconf 84' lang='grc' dir='ltr'>κοινοτάτη</span> <span class='ocrx_word' id='word_1_868' title='bbox 1326 2588 1409 2614; x_wconf 79' lang='grc' dir='ltr'>πᾶσιν</span> <span class='ocrx_word' id='word_1_869' title='bbox 1422 2586 1567 2620; x_wconf 68' lang='grc' dir='ltr'>ἐπιθυμία.</span> 
     </span>
    </p>
   </div>
   <div class='ocr_carea' id='block_1_113' title="bbox 1138 2631 1886 2666">
    <p class='ocr_par' dir='ltr' id='par_1_113' title="bbox 1138 2631 1886 2666">
     <span class='ocr_line' id='line_1_113' title="bbox 1138 2631 1886 2666; baseline -0.001 -8"><span class='ocrx_word' id='word_1_870' title='bbox 1138 2633 1187 2658; x_wconf 75' lang='grc' dir='ltr'>Διὰ</span> <span class='ocrx_word' id='word_1_871' title='bbox 1202 2631 1287 2658; x_wconf 80' lang='grc' dir='ltr'>ταῦτα</span> <span class='ocrx_word' id='word_1_872' title='bbox 1304 2632 1383 2666; x_wconf 72' lang='grc' dir='ltr'>δῆλός</span> <span class='ocrx_word' id='word_1_873' title='bbox 1400 2632 1485 2662; x_wconf 77' lang='grc' dir='ltr'>ἐστιν,</span> <span class='ocrx_word' id='word_1_874' title='bbox 1501 2633 1525 2657; x_wconf 81' lang='grc' dir='ltr'><strong>εί</strong></span> <span class='ocrx_word' id='word_1_875' title='bbox 1539 2631 1589 2665; x_wconf 82' lang='grc' dir='ltr'>τῆς</span> <span class='ocrx_word' id='word_1_876' title='bbox 1617 2631 1672 2657; x_wconf 85' lang='grc' dir='ltr'><strong>τῶν</strong></span> <span class='ocrx_word' id='word_1_877' title='bbox 1689 2631 1779 2658; x_wconf 79' lang='grc' dir='ltr'>ἄλλων</span> <span class='ocrx_word' id='word_1_878' title='bbox 1812 2631 1886 2657; x_wconf 77' lang='grc' dir='ltr'>εὺδο·</span> 
     </span>
    </p>
   </div>
   <div class='ocr_carea' id='block_1_114' title="bbox 1103 2676 1886 2712">
    <p class='ocr_par' dir='ltr' id='par_1_114' title="bbox 1103 2676 1886 2712">
     <span class='ocr_line' id='line_1_114' title="bbox 1103 2676 1886 2712; baseline -0.004 -8"><span class='ocrx_word' id='word_1_879' title='bbox 1103 2679 1245 2712; x_wconf 71' lang='grc' dir='ltr'>κιμήσεως</span> <span class='ocrx_word' id='word_1_880' title='bbox 1259 2677 1332 2712; x_wconf 83' lang='grc' dir='ltr'>ὲρῲη</span> <span class='ocrx_word' id='word_1_881' title='bbox 1349 2677 1397 2703; x_wconf 77' lang='grc' dir='ltr'><strong>καὶ</strong></span> <span class='ocrx_word' id='word_1_882' title='bbox 1408 2677 1498 2712; x_wconf 84' lang='grc' dir='ltr'>χαίροι</span> <span class='ocrx_word' id='word_1_883' title='bbox 1513 2677 1657 2710; x_wconf 85' lang='grc' dir='ltr'>τυχόντων,</span> <span class='ocrx_word' id='word_1_884' title='bbox 1671 2677 1723 2703; x_wconf 79' lang='grc' dir='ltr'>οὐκ</span> <span class='ocrx_word' id='word_1_885' title='bbox 1743 2677 1823 2707; x_wconf 71' lang='grc' dir='ltr'>αὐτὸς</span> <span class='ocrx_word' id='word_1_886' title='bbox 1832 2676 1886 2702; x_wconf 83' lang='grc' dir='ltr'><strong>τῶν</strong></span> 
     </span>
    </p>
   </div>
   <div class='ocr_carea' id='block_1_115' title="bbox 1105 2721 1885 2758">
    <p class='ocr_par' dir='ltr' id='par_1_115' title="bbox 1105 2721 1885 2758">
     <span class='ocr_line' id='line_1_115' title="bbox 1105 2721 1885 2758; baseline -0.004 -9"><span class='ocrx_word' id='word_1_887' title='bbox 1105 2722 1235 2749; x_wconf 87' lang='grc' dir='ltr'>τοιούτων</span> <span class='ocrx_word' id='word_1_888' title='bbox 1253 2722 1367 2758; x_wconf 78' lang='grc' dir='ltr'>ἄμοιρος</span> <span class='ocrx_word' id='word_1_889' title='bbox 1385 2722 1422 2748; x_wconf 88' lang='grc' dir='ltr'>ὣν</span> <span class='ocrx_word' id='word_1_890' title='bbox 1433 2721 1488 2748; x_wconf 78' lang='grc' dir='ltr'>οὐδ’</span> <span class='ocrx_word' id='word_1_891' title='bbox 1506 2721 1623 2752; x_wconf 70' lang='grc' dir='ltr'>ἐλλιπῶς</span> <span class='ocrx_word' id='word_1_892' title='bbox 1640 2721 1708 2756; x_wconf 80' lang='grc' dir='ltr'>ἔχων</span> <span class='ocrx_word' id='word_1_893' title='bbox 1721 2730 1727 2736; x_wconf 88' lang='grc'>·</span> <span class='ocrx_word' id='word_1_894' title='bbox 1748 2721 1808 2747; x_wconf 68' lang='grc' dir='ltr'><strong>οὐδὲ</strong></span> <span class='ocrx_word' id='word_1_895' title='bbox 1833 2722 1885 2755; x_wconf 83' lang='grc' dir='ltr'><strong>γὰρ</strong></span> 
     </span>
    </p>
   </div>
   <div class='ocr_carea' id='block_1_116' title="bbox 1102 2764 1886 2803">
    <p class='ocr_par' dir='ltr' id='par_1_116' title="bbox 1102 2764 1886 2803">
     <span class='ocr_line' id='line_1_116' title="bbox 1102 2764 1886 2803; baseline -0.004 -8"><span class='ocrx_word' id='word_1_896' title='bbox 1102 2769 1182 2796; x_wconf 81' lang='grc' dir='ltr'>αὑτὸν</span> <span class='ocrx_word' id='word_1_897' title='bbox 1199 2768 1319 2803; x_wconf 66' lang='grc' dir='ltr'>ὐπερὸὰς</span> <span class='ocrx_word' id='word_1_898' title='bbox 1335 2769 1382 2795; x_wconf 73' lang='grc' dir='ltr'><strong>καὶ</strong></span> <span class='ocrx_word' id='word_1_899' title='bbox 1397 2767 1447 2803; x_wconf 83' lang='grc' dir='ltr'>τὴν</span> <span class='ocrx_word' id='word_1_900' title='bbox 1463 2767 1545 2794; x_wconf 77' lang='grc' dir='ltr'>αὑτοῦ</span> <span class='ocrx_word' id='word_1_901' title='bbox 1560 2767 1666 2802; x_wconf 78' lang='grc' dir='ltr'>χρείαν,</span> <span class='ocrx_word' id='word_1_902' title='bbox 1687 2764 1724 2794; x_wconf 83' lang='grc' dir='ltr'>ὧν</span> <span class='ocrx_word' id='word_1_903' title='bbox 1738 2767 1818 2797; x_wconf 72' lang='grc' dir='ltr'>αὐτὸς</span> <span class='ocrx_word' id='word_1_904' title='bbox 1833 2767 1886 2792; x_wconf 82' lang='grc' dir='ltr'><strong>ἐδέ-</strong></span> 
     </span>
    </p>
   </div>
   <div class='ocr_carea' id='block_1_117' title="bbox 1104 2813 1886 2850">
    <p class='ocr_par' dir='ltr' id='par_1_117' title="bbox 1104 2813 1886 2850">
     <span class='ocr_line' id='line_1_117' title="bbox 1104 2813 1886 2850; baseline -0.006 -9"><span class='ocrx_word' id='word_1_905' title='bbox 1104 2823 1165 2850; x_wconf 78' lang='grc' dir='ltr'>ησε,</span> <span class='ocrx_word' id='word_1_906' title='bbox 1190 2815 1256 2848; x_wconf 84' lang='grc' dir='ltr'>περὶ</span> <span class='ocrx_word' id='word_1_907' title='bbox 1277 2814 1330 2841; x_wconf 87' lang='grc' dir='ltr'><strong>τῶν</strong></span> <span class='ocrx_word' id='word_1_908' title='bbox 1357 2814 1445 2841; x_wconf 77' lang='grc' dir='ltr'>ἄλλων</span> <span class='ocrx_word' id='word_1_909' title='bbox 1471 2813 1624 2847; x_wconf 73' lang='grc' dir='ltr'>ἐφρόντιζε.</span> <span class='ocrx_word' id='word_1_910' title='bbox 1643 2813 1704 2844; x_wconf 83' lang='grc' dir='ltr'>Πῶς</span> <span class='ocrx_word' id='word_1_911' title='bbox 1730 2813 1783 2848; x_wconf 75' lang='grc' dir='ltr'><strong>γὰρ</strong></span> <span class='ocrx_word' id='word_1_912' title='bbox 1808 2813 1841 2839; x_wconf 77' lang='grc' dir='ltr'>ἂν</span> <span class='ocrx_word' id='word_1_913' title='bbox 1860 2813 1886 2837; x_wconf 73' lang='grc' dir='ltr'>ἐν</span> 
     </span>
    </p>
   </div>
   <div class='ocr_carea' id='block_1_118' title="bbox 1102 2855 1886 2896">
    <p class='ocr_par' dir='ltr' id='par_1_118' title="bbox 1102 2855 1886 2896">
     <span class='ocr_line' id='line_1_118' title="bbox 1102 2855 1886 2896; baseline -0.004 -10"><span class='ocrx_word' id='word_1_914' title='bbox 1102 2861 1161 2892; x_wconf 75' lang='grc' dir='ltr'>ταῖς</span> <span class='ocrx_word' id='word_1_915' title='bbox 1175 2859 1229 2888; x_wconf 81' lang='grc' dir='ltr'><strong>τῶν</strong></span> <span class='ocrx_word' id='word_1_916' title='bbox 1244 2859 1332 2887; x_wconf 72' lang='grc' dir='ltr'>ἄλλων</span> <span class='ocrx_word' id='word_1_917' title='bbox 1347 2859 1442 2896; x_wconf 77' lang='grc' dir='ltr'>χερσὶν</span> <span class='ocrx_word' id='word_1_918' title='bbox 1458 2858 1654 2894; x_wconf 72' lang='grc' dir='ltr'>ἐπιθυμήσειεν</span> <span class='ocrx_word' id='word_1_919' title='bbox 1671 2859 1746 2892; x_wconf 77' lang='grc' dir='ltr'>ίδεῖν,</span> <span class='ocrx_word' id='word_1_920' title='bbox 1769 2855 1808 2885; x_wconf 78' lang='grc' dir='ltr'>ὧν</span> <span class='ocrx_word' id='word_1_921' title='bbox 1839 2858 1886 2892; x_wconf 81' lang='grc' dir='ltr'>τὴν</span> 
     </span>
    </p>
   </div>
  </div>
