1967 3071
94 139 148 170 ἨΞ

612 142 662 173 DE
682 143 773 174 VITA
793 144 835 175 IN
855 144 1023 176 CHRISTO
1054 146 1127 177 LIB.
1146 146 1216 178 VII.

1681 151 1734 182 706

99 195 200 222 ἑαυτοῦ
216 195 308 224 οιιίαν
336 196 409 231 ἔγνω
438 198 521 234 κενήν
534 206 542 231 ;
557 199 590 226 Ei
604 199 627 226 δ’
641 199 707 226 ἔνιοι
734 200 791 227 τῶν
818 201 872 236 πρὸ

925 226 927 231 ,
941 209 1006 228 vero
1023 203 1135 236 quidam
1152 204 1185 230 de
1199 203 1271 230 bono
1288 203 1444 240 virtuleque
1461 205 1583 240 perversi
1596 207 1737 237 eandidis-

93 241 212 275 τάγαθὸν
226 242 272 269 καὶ
286 243 336 277 τὴν
351 244 453 278 ἀρετὴν
472 244 584 279 φαύλως
600 245 729 280 ἑχόντων,
743 247 799 274 τῶν
821 248 884 282 ἀρί-

94 295 164 313 στων
184 287 373 322 περιτιθέντες
402 289 508 321 ἑαυτοῖς
534 292 710 326 προσωπεῖον
738 293 807 326 πρὸς
819 293 884 328 ἀρε-

91 331 141 365 τὴν
157 331 314 366 ἀλείφουσι,
329 332 378 358 καὶ
393 329 431 359 ὧν
458 333 537 360 αὐτοὶ
560 335 704 367 παντελῶς
733 337 883 372 ἠγνόησαν,

91 376 184 408 ἄλλοις
203 377 332 412 ἡγεῖσθαι
352 378 491 413 ζητοῦσιν,
508 380 576 406 ἀλλὰ
603 381 697 416 φήμης
715 383 786 414 τινὸς
811 385 885 418 ὲφιέ-

93 431 169 457 μενοι
186 424 278 458 τυχεῖν
295 424 374 450 αὐτοὶ
389 425 436 451 καὶ
450 425 529 461 δόξης
543 427 671 460 ψευδοῦς,
687 429 717 455 οὑ
741 431 792 464 τῆς
820 431 885 465 ἀρε-

92 470 141 503 τῆς
171 469 220 496 καὶ
241 470 361 504 τάγαθοῦ
395 472 490 506 χάρινι
522 473 559 504 ὡς
588 473 651 504 τούς
675 483 708 509 γε
739 476 810 503 κατὰ
837 477 884 504 τὸν

91 514 171 549 ὀρθὸν
183 514 262 548 λόγον
276 514 356 542 τοῦτο
370 516 521 552 ζητοῦντας
550 519 693 554 ἀμήχανον
712 521 823 553 τελείως
845 521 884 548 εἷ-

90 569 134 586 ναι
149 560 300 595 χρηστούς.
317 561 404 588 Τοῦτο
419 563 473 598 γάρ
489 564 546 590 ἐστι
572 564 672 599 φθόνου
698 566 748 601 μὲν
766 567 813 593 καὶ
833 567 882 602 βα-

92 605 208 636 σκανίας
221 605 331 642 ἀπάσης
356 607 575 643 ἀπηλλαγμένων
592 611 706 646 ἀνδρῶν,
723 612 833 648 ἀγάπην
853 615 882 641 δὲ

92 652 160 686 πρὸς
174 652 204 682 τὸ
217 653 354 687 ὁμόφυλον
371 654 506 691 εἰλικρινῆ
525 657 574 684 καὶ
602 657 711 685 τελείαν
738 668 881 696 παρασχο-

96 697 197 732 μένων,
209 699 279 735 ὅπερ
303 700 361 727 ἐστὶ
374 701 423 736 τῆς
439 703 558 738 ἐσχάτης
573 704 753 732 ἐπιλαϐέσθαι
776 707 883 742 φιλοσο-

91 743 156 777 φίας
168 751 174 758 ’
191 745 300 780 ἀνάγκη
320 745 424 780 τοίνυν,
440 745 482 779 οἷς
498 747 549 783 μὲν
562 748 665 785 ταύτης
693 751 804 785 μέτεστι
833 753 881 788 τῆς

90 789 198 823 ἡδονῆς,
211 791 276 823 τοὺς
288 791 400 819 πάντων
419 793 549 828 ἀρίστους
567 792 639 822 εἶναι
665 797 713 823 καὶ
730 798 882 833 φιλοσοφω-

89 835 198 868 τάτους,
213 838 269 868 τοῖς
282 838 310 864 δὲ
325 839 435 866 πάντων
451 840 573 876 ἀρίστοις
586 842 633 869 καὶ
645 843 879 879 φιλοσοφωτάτοις

93 882 140 927 καὶ
159 881 262 916 ταύτης
282 885 403 918 μετεῖναι
417 884 466 920 τῆς
491 886 599 922 ἡδονῆς.
623 888 783 917 ’Λκόλουθον
811 891 876 927 γὰρ,
897 879 919 907 Β

88 925 134 952 τοῦ
152 927 258 962 ἀγαθοῦ
274 930 463 964 μετασχόντας
478 932 528 967 τὴν
542 933 590 959 τοῦ
606 933 710 968 ἀγαθοῦ
740 925 877 963 δεικνύναι

87 971 169 1006 φύσιν
182 974 212 1000 ὲν
224 975 256 1010 τῇ
275 976 347 1010 ψυχῇ
359 984 365 992 ’
382 977 487 1004 ἐκείνου
501 978 529 1005 δὲ
545 980 592 1006 τοῦ
603 980 707 1014 ἀγαθοῦ
730 981 811 1016 φύσις
832 984 878 1010 ὲκ-

87 1017 193 1051 χεῖσθαι
210 1019 257 1045 καὶ
275 1021 475 1054 μεταδίδοσθαι.
489 1023 624 1060 Καθάπερ
643 1026 698 1062 γὰρ
713 1027 796 1054 αὐτοῦ
810 1027 880 1055 πάν-

87 1070 122 1088 τα
135 1063 254 1097 ἐφίεται,
286 1065 357 1092 οὕτω
385 1068 432 1093 καὶ
456 1068 523 1094 αὐτὸ
554 1070 659 1105 πέφυκε
688 1072 756 1106 πρὸς
786 1073 877 1100 πάντα

88 1110 201 1142 χωρεῖν·
217 1110 277 1137 οὐδὲ
294 1113 349 1147 γὰρ
367 1112 400 1139 ἂν
415 1113 504 1141 πάντα
521 1115 604 1142 αὑτοῦ
620 1117 764 1153 τυγχάνειν
776 1119 877 1146 ἐπεθύ-

87 1162 168 1188 μουν,
186 1155 223 1200 sli
236 1156 274 1191 μὴ
291 1159 377 1184 πᾶσιν
396 1159 478 1186 ἑαυτὸ
504 1163 635 1197 παρεῖχεν
651 1164 740 1190 ἐκεῖνο
751 1172 759 1180 ·
774 1166 874 1200 ματαί-

86 1208 118 1226 αν
132 1201 187 1237 γάρ
203 1199 273 1229 εῖναι
285 1203 335 1238 τὴν
352 1205 502 1240 ἐπιθυμίαν
521 1207 593 1234 οὕτω
612 1210 771 1246 κοινοτάτην
781 1211 874 1246 οὖσαν,

87 1245 144 1278 πῶς
158 1247 287 1282 εὖλογον;
304 1249 388 1277 Ὅθεν
407 1251 455 1277 καὶ
474 1252 521 1279 τὸν
545 1253 647 1288 ἀγαθὸν
667 1255 810 1292 ἄνθρωπον
823 1245 876 1284 ὦσέ

87 1300 140 1326 περ
157 1293 258 1328 ἑαυτῷ,
272 1295 343 1322 οὕτω
367 1297 414 1324 καὶ
429 1298 497 1325 πᾶσι
511 1307 546 1325 πα
553 1300 644 1335 ρέχειν
668 1302 776 1336 ἑαυτὸν,
797 1306 811 1331 6
825 1305 876 1340 τῆς

85 1339 269 1385 χρηστότητος
282 1342 394 1369 ἀπαιτεῖ
417 1343 504 1378 λόγος,
522 1346 570 1372 καὶ
595 1347 721 1375 ἀνιᾶσθαι
737 1350 784 1375 καὶ
812 1339 874 1385 ἥδε-

86 1382 148 1428 σθαι
166 1385 213 1411 καὶ
227 1385 315 1413 ὁτιοῦν
332 1388 449 1424 πάσχειν
461 1389 512 1426 τὴν
539 1390 640 1426 ψυχὴν,
666 1394 735 1428 πρὸς
758 1395 792 1422 τὰ
819 1382 873 1424 τῶν

83 1427 173 1457 ἄλλων
187 1431 264 1459 οὐδὲν
274 1431 356 1468 ἦττον
377 1435 393 1470 ἢ
410 1436 444 1462 τὰ
457 1436 559 1463 αὐτοῦ’
576 1439 622 1464 καὶ
637 1427 725 1471 ἄλλως
742 1440 770 1467 δι
784 1441 812 1467 τδ
823 1442 870 1469 τοῦ

937 247 1039 274 simum
1067 249 1170 274 \ultum
1194 248 1409 281 simulantes,ad
1432 251 1559 278 virtutem
1578 251 1728 288 inungunt,

936 297 963 319 et
978 301 1094 327 quorum
1109 293 1160 328 ipsi
1176 295 1301 329 protinus
1317 295 1402 329 ignari
1421 301 1496 329 sunt,
1512 296 1576 325 aliis
1596 298 1732 333 imperare

936 338 1041 370 volunt,
1060 344 1085 366 at
1104 340 1204 366 fannun
1219 341 1365 375 quamdam
1384 341 1535 376 falsamque
1550 343 1662 378 gloriam
1684 345 1732 373 0b-

938 386 1025 411 tiuere
1040 387 1191 420 cupientes,
1212 393 1266 413 non
1292 387 1401 415 virtutis
1418 396 1468 415 nec
1484 389 1547 416 boni
1576 388 1675 424 gratia,
1691 391 1730 419 sic

935 435 1036 466 agunt;
1050 432 1211 467 atquijuxta
1235 439 1337 460 rectum
1358 441 1514 461 sermonem
1541 435 1592 462 hoc
1606 444 1729 471 quaeren-

935 483 986 510 tes,
1003 479 1172 513 illlpOSS‘bilc
1186 483 1228 507 est
1242 487 1304 507 esse
1317 480 1438 515 perfecte
1458 482 1556 509 bonos.
1580 482 1637 509 lloc
1656 483 1728 510 enim

935 523 1075 557 proprium
1090 528 1133 550 est
1154 523 1297 551 hominum
1318 525 1365 558 qui
1381 525 1455 552 omni
1471 525 1572 561 invidia
1597 527 1729 562 omnique

934 568 998 596 odio
1012 573 1078 597 sunt
1092 569 1236 602 immunes,
1259 571 1420 598 charitatem
1449 579 1514 599 vero
1537 573 1672 600 sinceram
1696 582 1729 602 ac

934 615 1081 646 perfectam
1097 623 1162 649 erga
1185 617 1289 644 similes
1306 618 1455 644 ostendunt
1469 637 1477 650 ,
1494 619 1566 652 quod
1591 624 1632 646 est
1651 627 1728 646 surn-

935 670 1008 690 mam
1025 662 1153 696 attigisse
1177 662 1391 698 philosophiam.
1417 663 1535 692 Necesse
1554 666 1669 700 proinde
1686 672 1727 693 est

933 709 1006 741 illos,
1022 710 1121 744 quibus
1136 709 1209 737 istud
1226 710 1361 745 contingit
1373 711 1514 745 gaudium,
1527 713 1649 740 omnium
1666 720 1727 740 esse

931 756 1054 790 optimos
1064 763 1096 784 ac
1109 755 1339 791 sapientissimos.
1352 757 1394 785 his
1408 762 1499 785 autem
1515 758 1640 785 omnium
1654 759 1727 793 opti-

933 802 984 829 mis
1005 806 1032 829 et
1063 802 1277 837 sapientissimis
1299 803 1372 830 istud
1402 804 1560 839 contingere
1582 805 1725 839 gaudium.

932 849 1110 881 Consequens
1126 853 1168 876 est
1183 848 1256 876 enim
1273 849 1336 876 boni
1353 850 1498 884 participes
1514 851 1577 878 boni
1591 856 1727 879 monstra-

932 902 962 921 re
977 899 1104 921 naturam
1119 894 1146 922 in
1163 895 1272 928 anima;
1286 895 1366 923 istius
1381 900 1474 923 autem
1495 897 1557 924 boni
1570 902 1667 926 natura
1684 903 1726 925 est

931 939 1033 967 eﬁ'umii
1059 945 1087 968 et
1113 941 1324 969 communicari.
1354 941 1432 969 Sicut
1448 943 1521 970 enim
1537 943 1612 971 illius
1626 949 1724 971 cuneta

930 985 1098 1018 desiderant,
1115 985 1155 1014 sic
1179 991 1206 1014 et
1221 986 1311 1021 ipsum
1333 993 1428 1014 natum
1452 992 1493 1015 est
1507 988 1541 1016 ad
1557 989 1649 1016 omnia
1666 997 1725 1016 au-

931 1032 1103 1066 plectendum
1119 1042 1126 1060 :
1142 1040 1205 1060 nam
1217 1033 1309 1060 omnia
1324 1033 1399 1062 illius
1409 1035 1532 1062 obtinere
1546 1043 1600 1062 non
1618 1035 1721 1062 deside-

930 1083 1033 1110 rarent,
1050 1078 1102 1106 nisi
1117 1079 1224 1106 cunctis
1239 1079 1358 1114 seipsum
1372 1079 1503 1114 prteberet
1516 1088 1523 1107 :
1536 1088 1635 1108 vanum
1651 1081 1723 1108 enim

930 1132 992 1153 esse
1008 1125 1173 1153 desiderium
1188 1125 1255 1153 illud
1278 1126 1549 1159 eommunissimum,
1570 1135 1634 1154 num
1654 1128 1718 1155 reri-

931 1171 1021 1198 simile
1035 1171 1096 1199 est?
1108 1171 1184 1199 Unde
1194 1170 1265 1206 frugi
1279 1171 1414 1199 hominem
1424 1173 1495 1200 sicut
1508 1173 1558 1201 sibi
1571 1174 1634 1208 ipsi.
1644 1174 1683 1201 sic
1696 1179 1723 1201 et

931 1217 1057 1244 Omnibus
1073 1224 1102 1243 se
1118 1217 1248 1250 praebere,
1275 1216 1402 1244 bonitatis
1427 1218 1497 1245 ratio
1520 1219 1650 1253 reposcit.
1673 1227 1723 1246 nee

930 1271 983 1290 non
1001 1263 1103 1295 dolere,
1119 1264 1215 1294 lwtari.
1230 1264 1367 1298 aliamque
1382 1265 1533 1299 quamlibet
1548 1265 1721 1293 affectionem

928 1308 962 1335 ad
980 1315 1024 1335 res
1036 1308 1151 1335 aliorum
1172 1316 1226 1335 non
1250 1309 1341 1336 minus
1363 1315 1445 1344 atque
1462 1310 1494 1336 ad
1512 1318 1577 1338 suas
1592 1311 1721 1346 experiri.

927 1353 1046 1380 Aliunde
1065 1353 1110 1380 Dei
1140 1354 1269 1388 philtrum
1298 1362 1425 1390 magnam
1446 1356 1484 1382 illi
1506 1356 1627 1392 suggerit
1653 1357 1721 1383 laui—

928 1399 1012 1426 tiam:
1028 1407 1082 1426 non
1103 1401 1175 1427 enim
1199 1399 1299 1427 dilecto
1315 1405 1432 1434 tantum,
1448 1402 1494 1428 sed
1510 1403 1591 1429 etiam
1620 1402 1721 1437 quibus

928 1443 988 1478 ipse
1003 1443 1113 1478 gaudet.
1130 1445 1305 1479 congaudere
1320 1437 1431 1473 necesse
1448 1450 1489 1473 est
1505 1447 1635 1473 amicum.

84 1476 152 1527 Θεοῦ
169 1478 279 1514 φίλτρον
291 1480 394 1527 ταύτην
422 1483 505 1510 αὑτὸν
519 1484 666 1518 ἐργάζεται
689 1486 738 1521 τὴν
769 1490 877 1523 χαράν·
915 1476 946 1516 οῦ
965 1476 1019 1525 γὰρ
1054 1491 1128 1526 αὐτῷ
1150 1476 1197 1526 τῷν
1216 1491 1371 1527 φιλουμένῳ
1394 1492 1485 1527 μόνον,
1516 1493 1585 1519 ἀλλά
1609 1493 1657 1519 κιιι)⁵
1679 1491 1721 1524 οἷς

50 1529 63 1534 “
82 1526 163 1558 αὐτὸς
176 1528 279 1563 χαίρει,
292 1524 398 1565 χαίρειν
413 1532 519 1567 ἀνάγκη
536 1533 582 1560 τὸν
598 1534 728 1571 ἐραστήν.

121 1573 246 1609 Ἤκομεν
260 1575 289 1601 δὲ
304 1576 348 1602 ἐπ’
361 1577 446 1613 αὐτὴν
462 1578 511 1614 τὴν
527 1579 699 1617 τελεωτάτην
726 1582 774 1610 καὶ
789 1582 872 1610 καθα-

961 1582 1093 1610 Venimus
1106 1582 1162 1617 jam
1178 1583 1211 1610 ad
1235 1582 1463 1617 perfectissimam
1481 1589 1514 1609 ac
1530 1590 1626 1617 puram
1642 1583 1720 1610 volu-

85 1618 135 1665 ρὰν
146 1619 253 1665 ηδονήν.
278 1621 354 1648 Ἐπεὶ
364 1623 421 1658 γὰρ
440 1624 485 1651 τὸν
503 1624 569 1657 Θεὸν
594 1626 668 1660 φιλεῖ
682 1627 737 1663 πρὸ
760 1628 870 1655 πάντων

925 1632 1039 1665 ptatem.
1054 1628 1122 1656 Cum
1147 1629 1219 1656 enim
1244 1628 1330 1656 Deum
1357 1636 1411 1663 prae
1441 1628 1549 1656 cunctis
1575 1628 1664 1663 diligit
1689 1629 1715 1655 in

81 1664 96 1689 ό
122 1663 177 1695 ζῶν
207 1665 236 1691 ὲν
255 1666 330 1701 αὐτῷ
352 1668 400 1694 καὶ
420 1669 511 1704 χαίρει
537 1670 587 1706 τὴν
603 1672 751 1700 ἀκόλουθον
770 1674 870 1709 τοσῷδε

81 1709 188 1744 φίλτρῳ
203 1712 301 1746 χαράν,
316 1713 417 1747 μᾶλλον
438 1714 466 1741 δὲ
483 1715 683 1753 ἀκριϐέστερον
697 1718 731 1745 ἂν
746 1719 789 1754 είη
804 1719 871 1747 θεω-

81 1755 181 1790 ρητέον
195 1757 290 1793 αὐτὴν,
313 1759 396 1795 ἡλίκη
423 1761 465 1792 τίς
482 1762 540 1788 ἐστι
557 1763 606 1789 καὶ
631 1763 704 1795 ὅπως
732 1764 788 1800 ἔχει
808 1774 871 1793 σκο-

80 1801 212 1835 ποῦντας.
227 1805 342 1839 Πρῶτον
358 1806 409 1840 μὲν
425 1808 477 1844 γὰρ
491 1809 540 1844 οὐχ
553 1809 650 1836 ἑαυτὸν
666 1811 756 1838 αἰτίαν
786 1814 871 1839 ποιεῖ-

78 1857 126 1875 ται
147 1849 198 1884 τῆς
221 1850 265 1876 ἐπ’
280 1852 376 1888 ἐκείνῳ
401 1855 499 1889 χαρᾶς,
514 1855 568 1882 οὐδ’
589 1856 654 1892 ἡδύς
677 1859 752 1884 ἐστιν
776 1859 870 1891 ὁθεὺς

78 1895 166 1931 αὐτῷ,
185 1897 226 1922 ὅτι
241 1897 316 1933 αὐτῷ
334 1900 407 1925 ἐστιν
421 1900 534 1934 ἀγαθός.
553 1902 638 1929 Τοῦτο
663 1903 717 1938 γάρ
746 1905 824 1931 ἐστιν
838 1905 868 1931 οὐ

77 1941 126 1968 τὸν
150 1942 217 1968 Θεδν
233 1943 314 1970 αὑτὸν
327 1944 436 1980 ἀληθῶς
454 1946 596 1981 φιλοῦντος
609 1949 656 1975 καὶ
685 1949 784 1976 ἑαυτὸν
800 1950 870 1985 μᾶλ-

77 1989 124 2014 λον
143 1989 293 2023 φιλοῦντος,
311 1991 357 2017 καὶ
381 1992 449 2027 πρὸς
475 1993 571 2020 ἑαυτὸν
603 1994 632 2021 ὲν
656 1991 696 2026 οἷς
734 1996 870 2023 ποιεῖσθαι

77 2034 206 2070 καθάπερ
224 2036 298 2068 τέλος
310 2037 438 2070 ὁρῶντος,
458 2039 514 2066 Ποῦ
531 2039 559 2066 δὲ
579 2040 750 2075 εὐγνώμονος
762 2041 867 2076 ἀνδρὸς,

79 2081 118 2116 μὴ
133 2081 220 2115 φιλεῖν
238 2082 320 2109 αὐτὸν
338 2083 440 2118 κυρίως
455 2085 501 2111 τὸν
517 2085 686 2120 εὐεργέτηνς
702 2086 754 2113 ποῦ
778 2087 806 2114 δὲ
829 2088 867 2114 δι-

77 2127 168 2160 καίου,
189 2127 228 2162 τῷ
244 2129 368 2164 μεγίστῳ
392 2130 446 2156 τῶν
480 2130 584 2163 ἐφετῶν
608 2133 657 2166 τῆς
686 2132 795 2167 ἀγάπης
819 2134 868 2168 τὴν

76 2172 184 2199 ίλάττω
197 2174 290 2208 νέμειν
315 2176 435 2210 μερίδκ;
454 2176 506 2202 ποῦ
526 2177 554 2203 δὲ
571 2178 665 2211 σοφοῦ,
683 2178 730 2204 τοῦ
748 2179 867 2214 ἐσχάτου

75 2219 172 2250 τέλους
186 2220 250 2246 ἄλλο
279 2229 306 2246 τι
337 2222 493 2258 περαιτέρω
515 2223 638 2256 τιθέναι;
659 2224 739 2251 Ἐπεὶ
764 2225 792 2251 δὲ
819 2226 867 2252 καὶ

74 2267 238 2300 εὐγνώμονα
255 2267 337 2294 αὑτὸν
351 2268 425 2300 εἰκὸς
438 2266 508 2296 εἶναι
527 2271 573 2296 καὶ
587 2270 690 2297 δίκαιον
708 2271 754 2297 καὶ
773 2272 865 2307 σοφὴν,

74 2313 186 2346 ἀνάγκη
201 2313 248 2338 καὶ
264 2314 352 2346 φιλεῖν
365 2313 410 2340 τὸν
432 2314 509 2347 Θεὸν,
528 2316 576 2341 καὶ
603 2315 708 2350 χαίρειν
725 2316 799 2351 αὑτῴ
821 2321 866 2344 τὶν

72 2359 187 2392 ἄριστον
199 2359 312 2393 τρόπον,
334 2359 428 2386 ἔπειτα
446 2360 545 2395 συνεχῆ
562 2362 608 2387 καὶ
624 2360 736 2395 βεϐαίαν
750 2361 801 2397 τὴν
815 2372 866 2398 χα-

73 2405 140 2438 ρὰν,
154 2404 194 2431 ἔτι
207 2405 236 2431 δὲ
252 2406 299 2432 καὶ
310 2406 441 2440 ὑπερφυᾶ
468 2415 530 2432 τινα
557 2408 604 2432 καὶ
619 2407 777 2443 θαυμαστὴν
803 2408 867 2436 ἀκί-

72 2450 172 2476 λουθον
186 2449 267 2477 εἶναι.
283 2451 387 2486 Συνεχῆ
410 2453 471 2486 μὶν,
483 2453 524 2479 ὅτι
546 2454 602 2484 τοῖς
628 2452 675 2479 τοῦ
695 2453 865 2489 ποθουμένου

72 2497 203 2523 σύνεστιν
219 2498 360 2528 ἑκάστοτε,
381 2499 429 2524 καὶ
445 2497 484 2529 οἷς
500 2499 659 2534 ἐντυγχάνει
676 2500 723 2527 τὸν
737 2501 781 2526 ἀεὶ
801 2502 864 2536 χρό-

71 2547 129 2571 νον,
145 2539 194 2565 καὶ
207 2538 225 2565 ἃ.
241 2539 280 2573 τῷ
295 2538 403 2575 σώματι
418 2540 530 2576 χρῆται,
551 2543 597 2566 καὶ
616 2541 634 2568 ὃ.
650 2541 798 2576 λογίζεται,
816 2544 864 2569 καὶ

69 2585 106 2611 δι’
119 2583 158 2611 ὧν
179 2585 326 2620 ὑφέστηκε,
344 2586 391 2613 καὶ¹
405 2586 446 2618 οἷς
464 2586 496 2622 ζῇ
512 2587 556 2613 καὶ
585 2588 707 2622 περίεστι
725 2589 772 2614 καὶ
786 2590 860 2624 ἐνερ-

69 2633 126 2666 γεῖ,
149 2632 196 2658 καὶ
213 2632 338 2658 ὁπωσοῦν
359 2633 416 2668 ἔχει
437 2634 484 2660 καὶ
501 2633 620 2666 γίνεται·
640 2634 729 2660 πάντα
750 2635 798 2669 μὲν
823 2634 862 2662 οἴ-

69 2679 117 2704 ὂεν
133 2678 202 2712 ἔργα
220 2679 298 2708 Θεοῦ.
314 2679 404 2706 πάντα
415 2679 442 2705 δὲ
460 2679 535 2714 αὐτῷ
558 2681 667 2715 συνεχῆ,
683 2681 745 2707 ὅθεν
773 2682 862 2709 πάντα

72 2725 127 2759 μὲν
146 2723 283 2759 αὐτῷτὴν
298 2725 404 2752 ἐκείνου
432 2726 563 2760 συντηρεί
586 2727 708 2761 μνήμην,
729 2727 817 2754 πάντα
832 2728 861 2754 δὲ

67 2771 101 2798 τὸ
117 2770 234 2806 φίλτρον
253 2771 388 2798 ἄσϐεστον
416 2771 557 2805 φυλάττει,
582 2772 668 2798 πάντα
696 2772 725 2798 δὲ
755 2772 860 2808 τέρπει,

67 2818 120 2844 καὶ
137 2815 201 2842 οὔτε
220 2817 302 2847 αὐτὸς
315 2814 348 2843 ἂν
360 2817 457 2844 ἑαυτὸν
479 2816 620 2850 ἀπολίποι,
641 2817 704 2844 οὐδὲ
732 2818 861 2845 παύσαιτ’

66 2865 103 2890 ἂν
123 2862 216 2897 ἐαυτῷ
231 2863 329 2895 συνὼν,
349 2862 409 2890 οὕτε
426 2862 476 2899 τὴν
500 2862 589 2898 χαρὰν
605 2863 708 2899 ταύτην
728 2863 862 2900 διακοπῆη

923 1676 983 1709 ipso
1007 1674 1112 1707 vivens.
1130 1679 1156 1702 et
1173 1675 1302 1710 gaudium
1321 1675 1385 1702 huic
1408 1675 1493 1702 amori
1515 1679 1715 1709 consequenter

921 1729 1058 1750 annexum
1095 1721 1197 1755 sentit,
1230 1721 1328 1756 majori
1342 1721 1484 1756 diligentia
1518 1720 1715 1748 consideranda

923 1772 965 1796 est
988 1768 1049 1804 ejus
1084 1773 1182 1795 natura
1220 1772 1247 1795 et
1290 1768 1426 1795 connexio
1457 1768 1491 1794 ad
1523 1768 1714 1803 philosophos.

920 1814 1014 1842 Primo
1029 1814 1102 1841 enim
1121 1821 1175 1840 non
1193 1814 1315 1848 seipsum
1343 1814 1420 1848 ponit
1437 1814 1546 1845 lwtitim.
1561 1820 1642 1847 quant
1665 1814 1715 1840 ha-

921 1860 967 1888 bet
986 1860 1013 1887 in
1030 1860 1088 1893 illo,
1103 1867 1226 1890 causam,
1245 1867 1296 1886 nec
1311 1860 1362 1895 ipsi
1391 1858 1463 1887 Deus
1495 1865 1536 1887 est
1558 1860 1712 1895 iucundus,

919 1905 1049 1940 quoniam
1076 1909 1118 1933 est
1143 1905 1194 1939 ipsi
1221 1906 1320 1931 bonus.
1349 1903 1406 1931 Hoc
1425 1905 1498 1932 enim
1516 1913 1570 1932 non
1591 1909 1633 1932 est
1650 1913 1713 1932 vere

919 1952 1058 1986 diligentis
1084 1950 1179 1982 Deum,
1203 1950 1250 1978 sed
1277 1950 1367 1984 pulius
1392 1951 1512 1983 scipsum
1534 1953 1662 1983 amantis,
1685 1955 1713 1977 et

920 2005 1015 2024 omnes
1027 1996 1150 2023 actiom-s
1161 1995 1194 2022 ad
1202 2003 1231 2022 se
1242 2001 1369 2029 tanquam
1384 1995 1462 2021 finem
1478 1994 1632 2022 reierentis.
1645 1995 1712 2028 Quis

919 2047 1008 2069 autem
1026 2043 1107 2069 homo
1122 2041 1190 2068 bene
1206 2046 1326 2068 moratus
1355 2049 1492 2068 summum
1510 2042 1710 2068 benefactorcm

920 2096 973 2115 non
1003 2088 1096 2115 amet?
1113 2087 1180 2122 Quis
1209 2088 1313 2122 justus,
1339 2088 1459 2114 maximo
1480 2087 1542 2114 duci
1575 2088 1710 2115 minorem

918 2134 1060 2161 charitatis
1083 2134 1184 2161 tribuat
1206 2133 1328 2168 partem?
1340 2133 1406 2166 Quis
1418 2133 1527 2167 sapiens
1542 2133 1613 2159 aliud
1632 2134 1711 2168 quid-

919 2179 981 2206 dam
1005 2180 1031 2206 iu
1057 2180 1154 2206 ultimo
1169 2179 1222 2206 [ine
1251 2179 1496 2213 potiatZ’Quoniam
1513 2185 1602 2206 autem
1621 2180 1709 2214 ipsum

920 2225 1094 2258 prudentem,
1113 2225 1218 2260 justum
1235 2229 1262 2252 et
1278 2226 1429 2258 sapientem
1451 2233 1511 2252 esse
1524 2233 1632 2260 aequum
1656 2231 1709 2257 est,

881 2262 906 2292 D
921 2277 1032 2297 necesse
1043 2275 1085 2297 est
1104 2275 1130 2298 ut
1145 2271 1238 2306 diligat
1255 2271 1338 2298 Deum
1354 2271 1419 2298 etin
1445 2271 1574 2305 majorem
1597 2273 1708 2300 modum

920 2317 953 2344 de
969 2319 1026 2351 ipso
1037 2318 1163 2352 gaudi-at,
1177 2317 1275 2344 deinde
1288 2318 1446 2344 continuam
1464 2319 1634 2353 solidamque
1647 2327 1708 2347 esse

921 2363 1052 2395 laetitiam,
1062 2370 1178 2397 eamque
1196 2362 1345 2397 quamdam
1362 2365 1597 2397 superuaturalem
1609 2373 1641 2392 ac
1655 2366 1704 2392 mi-

920 2417 977 2436 ram
993 2416 1053 2436 esse
1072 2413 1282 2443 consequentur.
1300 2409 1436 2436 Continua
1455 2410 1566 2444 quidem
1583 2418 1643 2438 esse
1660 2412 1692 2438 de

919 2455 974 2485 bet,
996 2455 1123 2488 quoniam
1144 2462 1251 2488 semper
1267 2454 1349 2480 rebus
1375 2454 1469 2481 dilecti
1486 2455 1622 2488 eonvivit,
1648 2458 1708 2484 sive

918 2499 1017 2533 qnil-us
1032 2499 1200 2526 inces>anter
1216 2499 1346 2531 oerurrit,
1362 2500 1419 2526 sive
1433 2500 1533 2534 quibus
1548 2501 1632 2527 utitur
1644 2509 1702 2528 cor-

917 2552 994 2578 pore.
1017 2546 1075 2572 sire
1097 2553 1157 2580 qu.e
1185 2546 1324 2580 recOgitat.
1347 2545 1405 2572 sire
1437 2545 1537 2580 quibus
1568 2547 1705 2580 consistit,

916 2591 973 2617 sive
993 2591 1093 2625 quibus
1106 2592 1180 2622 vivit,
1197 2595 1331 2622 superest.
1349 2598 1374 2619 et
1390 2592 1492 2626 aliquid
1503 2591 1582 2624 valet,
1600 2596 1627 2619 et
1638 2601 1706 2627 quo—

917 2643 971 2670 qu"
988 2636 1068 2662 modo
1088 2644 1149 2663 sese
1170 2642 1259 2663 movet
1275 2643 1302 2664 et
1325 2638 1391 2671 agit.
1409 2636 1471 2664 Haec
1488 2638 1580 2664 omnia
1594 2638 1702 2672 quidem

910 2689 990 2715 opera
1003 2681 1047 2707 Dei
1062 2682 1147 2714 novit,
1163 2683 1209 2709 sed
1221 2683 1274 2718 ipsi
1284 2688 1348 2710 sunt
1361 2684 1500 2714 continua;
1514 2682 1605 2710 omnia
1620 2684 1704 2719 igitur

910 2727 961 2762 ipsi
978 2728 1137 2755 memoriam
1156 2729 1229 2756 illius
1245 2732 1387 2764 praestant,
1410 2731 1509 2756 cuncta
1527 2727 1701 2757 dilectionem

908 2765 1163 2810 inexstinguibilem
1181 2781 1301 2808 servarat,
1326 2780 1424 2803 cuneta
1441 2774 1589 2808 laetificum;
1612 2781 1640 2803 et
1655 2784 1703 2803 ne-

911 2828 964 2856 que
982 2821 1156 2856 semetipsum
1191 2823 1248 2858 ipse
1281 2823 1503 2858 derelinqueret,
1527 2831 1613 2859 neque
1639 2832 1701 2850 ces-

911 2872 985 2895 saret
1005 2875 1064 2896 esse
1087 2869 1138 2896 sibi
1164 2872 1302 2903 conscius,
1316 2879 1403 2906 neque
1422 2871 1480 2899 ﬁeri
1499 2876 1590 2907 potest
1604 2871 1700 2899 utlnee
