1967 3071
213 99 263 132 Ἧι

841 93 997 125 NICOLAI
1018 91 1214 123 CABASIL/E

1784 91 1834 124 712

216 160 293 191 sunt.
319 154 349 183 Si
374 161 437 182 vero
454 160 564 188 quoque
582 156 712 187 tanquam
734 150 836 186 aliquid
861 150 1002 185 proprium

1056 147 1194 182 φιλοῦσιν,
1209 147 1268 174 ἀλλ’
1281 147 1398 178 ἐκεῖνον,
1414 146 1449 173 δι’
1463 145 1492 172 ὃν
1507 144 1640 181 φιλοῦσιν.
1656 144 1688 171 Ei
1702 143 1730 170 δὲ
1743 144 1791 170 καὶ
1803 144 1839 175 ὡς

213 201 356 236 diligimus
369 199 499 229 animam,
520 197 609 231 magis
625 196 703 223 nobis
721 195 849 230 proprius
862 200 902 222 est
918 202 1000 229 quam

214 247 272 281 ipsa
294 246 384 274 anima
402 244 537 274 Salvator,
554 248 581 270 et
597 242 644 277 qui
663 242 715 269 hoc
741 242 830 269 solum
855 249 902 276 per
918 241 999 268 rilam

215 293 369 323 attendunt,
385 291 474 318 sciunt
485 289 652 316 Salv-atatem
669 288 702 315 ad
718 295 813 315 omnes
827 287 901 322 ipsos
913 286 1002 314 aftioi-

217 343 299 365 tatem
326 336 507 366 contraxisse,
532 340 559 362 et
577 342 623 369 per
644 334 717 361 illum
743 333 809 367 ipsis
831 334 950 360 animam
975 338 1002 360 et

215 385 302 419 ipsum
325 391 384 411 esse
406 382 508 416 aliquid
525 382 637 409 charum
659 386 687 408 et
710 381 902 416 propinquum.
919 379 1002 407 Nam-

215 438 268 464 que
284 428 383 463 satagit
408 428 509 462 aliquis
529 427 555 454 in
574 427 706 462 seipsum,
728 427 857 460 quoniam
871 424 1001 459 agitatur,

213 481 240 502 et.
258 475 377 510 quietem
394 474 516 500 invenire
539 481 592 499 non
619 477 717 506 potest.
738 471 791 498 nisi
821 471 903 498 Deum
925 470 1001 497 inve-

215 521 282 551 ηἰιιι.
311 525 408 555 [πίοιεν
435 520 502 547 istos
526 525 618 547 autem
644 525 734 546 rectos
759 525 850 545 rerum
871 517 1001 549 arbitros,

216 576 286 602 quos
308 574 368 594 esse
390 567 539 601 putandum
564 571 605 593 est
628 565 654 592 in
668 565 778 592 Christo
798 564 931 595 viventes,
948 570 1002 590 non

215 619 305 641 autem
322 612 406 640 Deum
426 614 505 640 rebus
521 612 553 639 ad
573 613 659 647 ipsum
675 609 875 644 pertinentibus
889 615 1001 636 exuere.

215 659 273 687 Hoc
291 665 380 686 autem
408 659 448 690 lit.
471 659 493 686 si
519 666 580 685 cum
606 657 706 684 bonum
728 657 764 684 sit
785 655 934 691 perfectum
951 654 1003 680 im-

215 705 334 740 porrecta
369 705 502 732 charitale
540 704 707 740 diligimus;
748 702 904 737 imperfecte
937 707 1003 727 vero

214 751 398 785 diligimus,si
416 750 479 785 quid
498 749 571 777 aliud
587 749 738 784 diligimus,
749 755 869 775 amorem
883 747 923 774 sic
934 745 1003 773 divi-

214 795 320 823 dentes.
346 794 411 821 Nam
427 795 468 822 lex
485 795 521 821 ait
541 803 548 821 :
565 804 576 820 ι
593 795 630 821 Ex
656 799 712 821 tota
737 793 828 820 anima
851 797 878 820 et
898 800 932 819 ex
948 797 1003 819 tota

1053 194 1155 220 οἰκεῖόν
1164 203 1192 221 τι
1204 193 1254 229 τὴν
1267 192 1359 228 ψυχὴν
1374 192 1517 227 φιλοῦμεν,
1533 191 1697 226 οἰκειότερος
1709 191 1776 225 ἡμῖν
1793 191 1840 217 καὶ

1052 239 1102 274 τῆς
1125 239 1217 274 ψυχῆς
1236 240 1322 274 αὐτῆς
1342 239 1356 264 ὁ
1380 239 1486 273 Σωτὴρ,
1501 238 1550 264 xui
1572 237 1596 264 οἳ
1616 236 1696 263 τοῦτο
1716 235 1761 262 διὰ
1780 235 1839 270 βίου

1054 285 1186 311 σκοποῦσι
1216 285 1310 320 μόνον,
1336 284 1412 311 ίσασι
1439 284 1484 310 τὸν
1513 283 1631 317 Σωτῆρα
1652 282 1725 317 ,πρὸς
1757 282 1840 308 πᾶσιν

1053 331 1145 363 αὐτοῖς
1157 331 1320 365 συγγένειαν
1331 330 1520 366 ἡρμοσμένον,
1532 329 1579 356 xui.
1591 328 1626 355 δι’
1637 329 1739 354 ἐκεῖνον
1749 327 1841 359 αὐτοῖς

1053 377 1102 403 xui
1114 377 1164 413 τὴν
1180 377 1269 413 ψυχὴν
1285 377 1333 404 xui
1347 377 1412 403 αὐτὸ
1427 378 1458 403 τὸ
1470 375 1540 402 εἶναι
1557 375 1634 410 φίλον
1646 375 1693 402 καὶ
1711 374 1841 409 συγγενὲς

1054 421 1084 448 ὅν
1103 429 1110 437 ·
1125 423 1172 448 καὶ
1195 423 1250 458 γὰρ
1278 422 1424 448 σπεύδεται
1450 430 1492 452 τις
1511 421 1579 456 πρὸς
1600 421 1708 453 ἑαυτὸν,
1730 421 1772 448 ὅτι
1794 421 1841 447 καὶ

1055 468 1207 500 στασιάζει,
1226 469 1272 495 xui
1300 469 1350 495 οὑκ
1382 468 1415 495 ἂν
1442 467 1519 504 τὺχοι
1535 467 1667 502 γαλήνης,
1693 468 1716 494 εἰ
1743 467 1781 502 μὴ
1794 466 1841 493 τοῦ

1053 512 1123 538 Θεοῦ
1135 513 1222 548 τύχοι,
1241 514 1325 548 χωρὶς
1342 513 1370 539 δὲ
1389 513 1492 540 τούτων
1504 513 1567 544 τοὺς
1584 513 1682 547 ὀρθοὺς
1697 513 1753 540 τῶν
1769 521 1840 547 πρα-
1875 524 1884 533 ο

1054 559 1169 593 γμάτων
1194 559 1350 594 διαιτητὰς,
1376 559 1423 590 οὓς
1439 558 1510 585 εἶναι.
1535 560 1588 594 χρὴ
1604 559 1715 594 νομίσαι
1733 560 1796 590 τοὺς
1813 559 1842 585 ὲν

1053 606 1165 640 Χριστῷ
1181 606 1297 637 ζῶντας,
1313 606 1350 641 μὴ
1366 606 1411 633 τὸν
1422 606 1488 632 Θεὸν
1496 606 1549 632 τῶν
1561 606 1634 640 αὑτῴ
1646 606 1843 641 προσηκόντων

1053 653 1229 686 ἀποστερεῖν.
1245 652 1331 678 Τοῦτο
1353 651 1382 678 δέ
1406 652 1492 685 ἐστιν,
1519 652 1544 678 εἰ
1569 652 1673 678 τέλειον
1689 651 1793 685 ἀγαθον
1814 651 1844 677 ὃν

1053 698 1146 725 ἀτελεῖ
1159 700 1192 734 τῇ
1210 698 1277 733 παρ’
1291 699 1360 734 ἡμῖν
1377 697 1512 733 φιλοῦμεν
1528 698 1633 733 ἀγάπῃ,
1656 697 1760 730 ἀτελῶς
1773 697 1796 724 δ’
1811 698 1844 725 ἂν

1054 744 1191 779 φιλοῖμεν.
1206 746 1232 772 ετ
1246 753 1271 772 τι
1287 745 1333 771 xui.
1345 744 1410 775 ἄλλο
1427 743 1572 779 φιλοῦμεν,
1589 744 1620 771 τὸ
1636 744 1749 778 φίλτρον
1765 744 1844 780 μερί-

1055 790 1164 822 ζοντες·
1179 791 1240 817 ἐπεὶ
1253 792 1300 817 καὶ
1309 790 1323 816 ὁ
1335 790 1427 825 νόμος,
1441 800 1451 817 ι
1463 790 1508 823 Ἐξ
1518 791 1593 826 ὅλης,
1605 791 1682 826 φησὶ,
1695 790 1744 825 τῆς
1753 791 1845 826 ψυχῆς

215 846 304 868 meme
314 840 398 868 Deum
408 841 515 875 diliges.
528 849 537 866 ι
548 840 614 868 Cum
624 841 706 875 igitur
713 847 821 868 omnem
831 838 1002 867 dilectionem

1056 837 1104 863 xui
1133 837 1164 869 ἐξ
1193 837 1258 872 ὅλης
1284 839 1334 872 τῆς
1350 837 1471 869 διανοίας
1485 837 1531 863 τὸν
1548 837 1614 864 Θεὸν
1637 838 1806 872 ἀγαπήσεις.
1830 847 1841 864 ι

215 886 242 912 in
257 886 346 920 ipsum
365 885 483 913 ferentes
498 891 645 920 reponunt.
659 893 708 913 nec
722 886 803 924 ullam
820 885 925 913 amoris
942 891 1002 919 par-

215 936 268 959 tem
293 933 354 960 aliis
380 937 428 960 aut
453 932 632 967 sibimetipsis
656 932 825 967 relinquunt,
851 939 866 958 a
891 931 1002 966 proprio

215 979 412 1012 communique
438 986 520 1006 sensu
549 978 660 1005 abeunt.
679 978 756 1011 Quod
783 978 857 1005 enim
882 977 1003 1012 undique

215 1024 396 1058 coniunctum
412 1029 465 1056 est,
482 1024 533 1051 hoc
547 1029 590 1051 est
604 1031 692 1051 amor.
702 1023 748 1051 Sic
762 1027 853 1051 autem
870 1022 904 1050 ad
914 1023 1001 1050 solum

217 1071 301 1098 Deum
318 1078 378 1098 sese
394 1071 576 1106 undoquaque
593 1070 807 1101 transferentes.
826 1069 875 1097 soli
893 1069 1003 1104 quidem

218 1117 272 1144 Deo
286 1118 392 1148 vivont,
410 1117 499 1144 solum
513 1116 598 1144 Deum
613 1117 742 1151 diligunt,
756 1123 844 1150 eoque
857 1115 918 1143 solo
934 1123 1002 1150 gau-

216 1163 283 1189 dent
293 1171 300 1188 :
311 1162 446 1196 siquidem
465 1163 507 1188 his
521 1169 581 1196 quae
592 1162 671 1188 nobis
680 1167 744 1188 sunt
753 1161 872 1188 maxime
882 1160 1002 1195 propria,

217 1209 337 1241 studere,
354 1208 489 1235 inhaerere
505 1211 533 1234 et
552 1207 682 1241 gaudere.
698 1214 750 1233 non
766 1207 818 1234 hoc
836 1207 926 1241 ipsum
939 1204 1003 1232 facit

216 1255 288 1289 quod
314 1258 405 1280 nostra
428 1258 502 1286 sunt,
535 1253 582 1279 sed
611 1253 740 1287 quoniam
772 1252 823 1280 ista
852 1251 1002 1287 diligimus,

217 1303 347 1333 tanquam
369 1299 421 1325 hoc
443 1304 496 1324 non
525 1297 569 1329 sit,
588 1298 638 1323 hac
656 1296 821 1330 proprietate
845 1303 893 1329 per
918 1296 1003 1329 ipsam

217 1353 267 1372 nos
280 1345 347 1379 ipsis
362 1343 523 1370 consociare
538 1342 579 1369 vel
589 1341 678 1368 fauere
686 1341 804 1375 gaudere
819 1347 872 1368 non
885 1340 1002 1367 valente.

220 1390 304 1418 Multa
331 1394 397 1416 sunt
422 1388 493 1415 enim
521 1395 554 1414 ex
575 1387 678 1414 nastris
702 1394 762 1421 quas
786 1393 838 1414 nos
860 1385 1004 1413 iastidiuut

222 1443 248 1464 ct
274 1444 334 1471 qua:
360 1436 439 1462 nobis
462 1435 527 1468 ipsis
547 1434 743 1467 exprobramus
759 1442 765 1459 :
782 1433 892 1467 quidam
913 1436 1004 1458 autem

218 1481 381 1514 semetipsos
396 1478 543 1506 manifeste
556 1478 685 1509 oderunt,
699 1482 726 1504 et
736 1477 828 1512 iugere
836 1481 863 1504 et
877 1477 945 1504 mori
957 1484 1004 1503 cu-

219 1527 306 1561 piunt.
318 1511 397 1552 'Sunt
414 1529 507 1551 autem
530 1525 576 1558 qui
603 1524 689 1550 fatum
713 1511 914 1558 praeireneruut,
930 1530 1004 1550 mor-
1018 1511 1039 1539 θ

219 1578 273 1599 tem
289 1579 355 1598 ense
368 1571 411 1598 vel
425 1569 575 1605 suspendio
584 1570 635 1597 sibi
646 1569 823 1597 asciscentes.
835 1569 1004 1597 Uudemani-

219 1618 319 1644 festum
333 1621 376 1643 est
398 1615 470 1650 quod
487 1615 628 1648 omnibus,
643 1623 706 1642 cum
722 1615 822 1650 quibus
846 1616 962 1642 vivimus
977 1619 1004 1642 et

218 1663 380 1699 gaudemus.
401 1663 509 1694 animat,
527 1661 652 1689 aliinibus
669 1666 696 1690 et
712 1662 792 1689 nobis
808 1662 885 1696 ipsis,
909 1661 1005 1689 convi-

219 1718 283 1737 vere
299 1710 470 1743 gaudereque
486 1708 551 1735 facit
563 1716 651 1735 amor.
664 1708 757 1743 Itaque
773 1709 795 1736 si
812 1709 874 1743 quis
886 1708 1002 1736 aliorum

220 1757 290 1782 bona
310 1755 374 1782 velit
388 1760 415 1781 et
431 1759 505 1781 amet
525 1762 578 1781 non
604 1754 694 1781 minus
710 1762 790 1789 quam
807 1755 932 1790 propria.
954 1762 1003 1782 ne-

219 1808 298 1828 cesse
323 1805 367 1828 est
393 1805 422 1826 ut
440 1800 485 1826 ille
501 1807 556 1826 non
575 1799 668 1826 minus
691 1801 831 1826 voluntate
851 1800 1004 1827 consentiat

218 1850 247 1873 et
268 1845 303 1872 de
324 1845 405 1872 bonis
421 1844 539 1879 gaudeat
562 1852 625 1871 cum
643 1844 704 1872 aliis
723 1853 805 1879 quam
825 1845 876 1873 sibi
898 1845 950 1880 ipsi
969 1845 1003 1873 de

219 1892 337 1927 proprii»
359 1891 440 1918 bonis
455 1888 618 1925 congaudet.
636 1889 696 1918 ideo
717 1890 800 1918 Deum
820 1892 936 1923 amanti,
952 1898 1002 1918 na-

220 1947 280 1967 tura
292 1940 400 1974 quidem
412 1940 445 1965 ad
461 1939 552 1965 divina
565 1946 619 1966 non
632 1943 734 1965 mutata
741 1943 788 1965 aut
796 1940 1002 1972 transformata,

220 1989 256 2014 ita
273 1992 302 2013 ut
317 1986 368 2013 ista
392 1986 554 2013 naturaliter
571 1985 622 2020 ipsi
640 1985 778 2018 eveniant,
796 1985 843 2012 sed
863 1987 1003 2014 voluntate

219 2040 252 2059 ar.
270 2032 419 2060 dilectione
435 2031 467 2058 ad
489 2031 573 2058 Deum
592 2039 623 2058 ex
641 2031 759 2066 propriis
777 2031 918 2064 translata,
936 2031 1003 2058 nihil

218 2079 346 2114 prohibet
361 2079 428 2114 quin
447 2079 483 2105 sit
501 2077 535 2104 de
548 2078 607 2111 ipso
631 2077 758 2112 gaudium
780 2077 902 2112 plenum,
925 2085 957 2105 ac
979 2077 1002 2104 si

219 2128 417 2151 transmutatus
452 2127 534 2150 esset.
567 2122 594 2149 Si
626 2122 698 2149 enim
734 2124 880 2150 humanam
913 2123 1002 2150 adhuc

219 2171 272 2196 fert
296 2173 422 2196 naturam
444 2173 470 2195 ct
486 2168 647 2195 naturaliter
661 2168 688 2194 in
703 2168 803 2196 divinis
827 2173 855 2195 ut
884 2168 1002 2203 propriis
1019 2180 1040 2207 ῃ

219 2224 271 2242 non
287 2219 316 2242 ut
332 2214 397 2241 libet.
415 2214 490 2243 vivit.
509 2214 565 2241 illic
590 2218 680 2241 tamen
701 2218 785 2241 totam
803 2214 888 2241 tendit
905 2215 1002 2241 volun-

220 2266 315 2291 Intcm.
345 2268 405 2295 quae
434 2265 524 2294 potest
556 2261 674 2295 gaudere
702 2261 834 2294 nobisque
862 2260 933 2288 hanc
958 2265 1004 2287 aut

219 2307 294 2334 illam
321 2309 386 2333 dare
408 2307 620 2341 jucunditatem.
639 2307 703 2333 ideo
720 2306 791 2333 sicut
813 2307 859 2341 qui
882 2307 1002 2340 seipsum

218 2360 293 2382 amat
316 2355 414 2389 gaudet
438 2356 580 2390 pracscutia
598 2362 691 2382 secum
713 2360 841 2390 reputans
866 2356 948 2386 bona.
964 2356 1004 2382 sic

219 2403 266 2437 qui
284 2401 367 2429 Deum
385 2402 472 2429 solum
483 2406 615 2429 amantex
628 2401 701 2429 illius
716 2403 795 2429 honis
809 2402 861 2429 sibi
874 2402 1005 2437 jucundi-

220 2455 304 2476 tatem
321 2449 464 2483 colligunt,
475 2453 502 2475 et
518 2448 598 2476 rebus
610 2449 683 2476 illius
700 2449 873 2476 ditescuntet
885 2449 1005 2484 glorian-

221 2503 277 2529 tur,
290 2497 324 2524 de
339 2496 423 2530 gloria
439 2495 500 2529 ejus
517 2495 688 2529 snperbiunt,
705 2496 738 2522 dc
758 2496 816 2530 ipso
836 2496 1005 2530 triumphant

220 2545 333 2570 adorato
358 2542 594 2576 magnilieatoque.
611 2541 662 2573 Qui
690 2549 754 2568 vero
778 2541 955 2576 sibimetipsis
968 2543 1005 2568 ri-

218 2594 298 2620 vunt,
305 2589 355 2616 etsi
365 2589 399 2614 de
408 2587 480 2615 veris
488 2587 621 2622 gaudeant
630 2587 719 2615 bonis,
728 2588 858 2622 integram
869 2593 1004 2623 nequeunt

217 2643 332 2670 carpere
348 2635 484 2666 laetitiam.
504 2634 550 2661 sed
566 2634 637 2661 sicut
652 2634 685 2661 de
705 2634 784 2661 bonis
799 2636 918 2669 gaudent
933 2643 1003 2669 piae-

219 2683 354 2711 sentihus.
381 2681 422 2708 sic
447 2681 520 2713 ipsos
540 2681 573 2708 de
588 2680 748 2707 absentibus
763 2685 808 2707 aut
827 2681 1004 2715 praesentibus

220 2730 299 2757 malis
324 2728 419 2755 dolere
432 2735 481 2762 par
498 2732 557 2759 est;
576 2727 610 2753 iis
627 2730 717 2753 autem
739 2726 785 2761 qui
807 2727 889 2754 vitam
906 2727 932 2754 in
950 2727 1005 2754 Deo

221 2777 429 2809 reposuerunt.
458 2771 504 2799 ubi
530 2771 638 2806 quidem
673 2775 715 2798 est
749 2771 920 2805 iucunditas,
948 2771 1005 2798 lli-

221 2819 295 2848 stitia
310 2826 375 2846 vero
387 2818 540 2851 nulla,cum
554 2818 636 2844 multa
651 2817 760 2852 quidem
776 2818 828 2844 sint
844 2825 904 2852 quae
914 2819 1004 2853 liuius-

1060 883 1136 909 Ἐπεὶ
1151 882 1243 909 τοίνυν
1256 884 1347 910 πᾶσαν
1361 883 1401 914 είς
1411 883 1517 910 ἐκεῖνον
1529 883 1661 918 φέροντες
1674 883 1780 911 τιθέασι
1793 883 1845 919 τὴν

1053 929 1179 963 ἀγάπην,
1206 929 1254 955 καὶ
1268 929 1362 963 φιλίας
1379 929 1461 964 μέρος
1480 929 1556 955 οὐδὲν
1573 928 1635 955 οὔτε
1652 928 1743 959 ἄλλοις
1757 937 1847 955 κατα-

1052 975 1193 1002 λείπουσιν
1204 975 1266 1001 οῦτε
1279 975 1372 1009 σφίσιν
1385 976 1490 1006 αὐτοῖς,
1503 977 1535 1010 τῇ
1550 974 1648 1010 γνώμῃ
1663 975 1740 1008 σφῶν
1753 975 1846 1003 αὐτῶν

1053 1021 1102 1048 καὶ
1114 1021 1223 1049 πάντων
1232 1021 1417 1056 ἀποδημοῦσι.
1430 1021 1466 1048 Τὸ
1477 1021 1531 1056 γὰρ
1542 1022 1680 1049 συνάπτον
1688 1020 1846 1057 ἑκασταχοῦ

1053 1068 1084 1094 τδ
1110 1068 1222 1103 φίλτρον
1249 1068 1338 1094 ἐστίν·
1365 1067 1438 1094 οὕτω
1454 1067 1482 1093 δὲ
1501 1067 1570 1103 πρὸς
1598 1068 1643 1094 τὸν
1668 1068 1736 1095 Θεὸν
1763 1069 1848 1104 μόνον

1055 1114 1171 1145 ἑαυτοὺς
1190 1114 1361 1148 πανταχόθεν
1377 1114 1590 1148 μετενεγκόντες
1608 1114 1683 1149 μόνῳ
1700 1115 1750 1149 μὶν
1765 1113 1846 1148 ζῶσι,

1055 1161 1136 1196 μόνον
1151 1162 1179 1188 δὲ
1197 1160 1318 1195 φιλοῦσι,
1338 1161 1411 1195 μόνῳ
1425 1161 1453 1188 δι
1471 1161 1631 1196 χαίρουσιν·
1648 1162 1709 1188 ἐπεὶ
1726 1162 1774 1188 καὶ
1787 1163 1847 1193 τοῖς

1054 1208 1133 1242 ἡμῶν
1142 1208 1232 1234 αὐτῶν
1244 1209 1299 1238 τοῖς
1312 1207 1492 1239 οἰκειοτάτοις
1505 1207 1649 1242 βούλεσθαι
1661 1207 1708 1234 καὶ
1722 1208 1847 1234 συνεῖναι

1055 1254 1101 1280 xui
1116 1253 1235 1289 χαίρειν,
1252 1254 1282 1280 οὺ
1297 1253 1372 1280 τοῦτ’
1387 1254 1454 1280 αὐτὸ
1479 1255 1554 1280 ποιεῖ
1568 1253 1599 1280 τὺ
1619 1253 1744 1288 ἡμέτερα
1761 1251 1845 1285 εἷναι,

1054 1300 1113 1328 ἀλλ’
1131 1301 1173 1327 ὅτι
1189 1299 1236 1326 καὶ
1250 1300 1322 1327 αὐτὰ
1335 1298 1478 1334 φιλοῦμεν,
1494 1298 1531 1331 ὥς
1551 1300 1584 1326 ἃν
1602 1300 1640 1335 μὴ
1656 1299 1735 1326 τοῦτο
1748 1298 1776 1338 ᾖ.
1793 1300 1847 1334 τῆς

1054 1347 1223 1381 οἰκειότητος
1238 1345 1342 1381 ταύτης
1354 1345 1386 1372 δι’
1403 1345 1504 1380 ἑαυτὴν
1521 1345 1649 1379 συνάγειν
1662 1346 1737 1380 ἡμᾶς
1751 1345 1848 1377 αὐτοῖς

1055 1393 1071 1428 ἢ
1093 1392 1208 1427 ποιῆσαι
1225 1393 1335 1428 χαίρειν
1354 1391 1392 1426 μὴ
1413 1391 1580 1426 δυναμένης.
1605 1390 1694 1417 Πολλὰ
1710 1391 1766 1426 γὰρ
1790 1392 1848 1419 τῶν

1055 1438 1198 1473 ἡμετέρων
1210 1439 1283 1473 ἡμᾶς
1301 1438 1376 1472 ἀνιᾷ,
1400 1438 1447 1463 καὶ
1462 1437 1494 1472 δὴ
1518 1436 1564 1462 καὶ
1579 1437 1647 1471 ἡμῖν
1660 1437 1754 1468 αὐτοῖς
1770 1437 1849 1464 ἔστιν

1056 1481 1094 1511 ὧν
1105 1484 1278 1519 ἐπιτιμῶμεν
1290 1492 1297 1499 ³
1306 1483 1374 1511 ἔνιοι
1385 1483 1413 1511 δὲ
1424 1484 1494 1518 σφᾶς
1505 1483 1602 1515 αὐτοὺς
1613 1483 1663 1518 ήδη
1674 1483 1721 1510 xui
1733 1485 1848 1519 μισοῦσι

1056 1530 1192 1566 λαμπρῶς
1219 1530 1266 1557 καὶ
1282 1529 1394 1565 φεύγειν
1415 1529 1584 1564 ἐπιθυμοῦσι
1602 1531 1649 1557 καὶ
1675 1530 1847 1560 θανατῶσιν.

1057 1576 1117 1602 Elui
1135 1576 1163 1602 δὲ
1179 1576 1203 1602 οἳ
1218 1577 1265 1602 καὶ
1284 1576 1438 1610 ἐτόλμησαν
1458 1575 1505 1602 xui.
1521 1576 1574 1611 πρὸ
1591 1575 1690 1611 μοίρας
1709 1576 1848 1610 ἀπῆλθον,

1056 1620 1218 1656 βιασάμενοι
1230 1620 1361 1656 ξίφεσινῆ
1372 1621 1462 1657 βρόχῳ
1473 1621 1522 1656 τὴν
1530 1621 1661 1657 τελευτήν
1669 1630 1677 1638 ·
1690 1622 1752 1648 ὅθεν
1763 1622 1849 1658 δῆλον

1055 1667 1096 1693 ὅτι
1109 1666 1206 1698 πᾶσιν,
1219 1663 1260 1698 οἷς
1280 1666 1415 1702 σύνεσμεν
1433 1668 1480 1693 καὶ
1497 1667 1643 1702 χαίρομεν,
1659 1668 1706 1694 καὶ
1723 1670 1755 1703 τῇ
1768 1669 1849 1703 ψυχῇ

1055 1712 1102 1737 καὶ
1115 1712 1173 1743 τοῖς
1186 1712 1367 1744 οἰκειοτάτοις
1380 1713 1429 1739 καὶ
1441 1712 1507 1747 ἡμῖν
1523 1713 1614 1744 αὐτοῖς
1627 1713 1658 1740 τὸ
1670 1715 1757 1748 φιλεῖν
1771 1716 1852 1741 ποιεῖ

1055 1757 1103 1784 καὶ
1120 1759 1240 1785 συνεῖναι
1256 1758 1302 1784 xui
1317 1758 1434 1793 χαίρειν.
1454 1758 1559 1785 οὐκοῦν
1574 1760 1602 1786 εῐ
1614 1768 1657 1789 τις
1670 1760 1779 1793 τάγαθὰ
1791 1761 1852 1787 τῶν

1054 1803 1142 1830 ἄλλων
1168 1803 1256 1830 ἐθέλοι
1271 1804 1318 1830 xui
1343 1804 1435 1840 φιλοίη
1460 1805 1544 1839 μηδὲν
1559 1803 1641 1840 ἦττον
1663 1805 1679 1841 ἢ
1696 1807 1730 1833 τὰ
1746 1806 1851 1840 αὑτοῦ,

1053 1849 1148 1876 τοῦτον
1164 1849 1270 1886 ἀνάγκη
1283 1851 1330 1876 καὶ
1341 1851 1461 1876 συνεῖναι
1469 1852 1502 1886 τῇ
1512 1851 1608 1887 γνώμῃ
1622 1853 1668 1878 xui
1682 1854 1852 1888 συγχαίρειν

1054 1898 1108 1922 τῶν
1129 1896 1239 1930 ἀγαθῶν
1265 1898 1324 1928 τοῖς
1343 1897 1433 1928 ἀλλοις
1456 1897 1472 1932 ἢ
1498 1897 1588 1932 ἑαυτῷ
1607 1898 1662 1924 τῶν
1679 1898 1774 1926 αὑτοῦ.
1798 1900 1852 1926 Διά

1053 1942 1139 1968 ταῦτα
1153 1942 1192 1978 τῷ
1205 1942 1333 1977 φιλοθέῳ,
1349 1943 1399 1978 τῆς
1414 1943 1463 1978 μὲν
1477 1943 1585 1978 φύσεως
1600 1944 1667 1979 πρὸς
1682 1945 1716 1971 τὰ
1727 1945 1790 1972 θεῖα
1811 1946 1852 1981 μὴ

1055 1988 1325 2024 μετασκευασθείσης
1339 2009 1347 2021 ,
1368 1989 1430 2024 μηδ’
1457 1990 1649 2026 άμειφθείσης,
1675 1989 1747 2018 ὥστε
1769 1992 1852 2026 αὐτῴ

1055 2034 1137 2068 φύσει
1145 2035 1234 2061 ταῦτα
1248 2036 1457 2070 προσγενέσθαι,
1471 2037 1521 2071 τῆς
1531 2037 1560 2063 δὲ
1576 2036 1713 2072 θελήσεως
1729 2040 1779 2066 xui
1797 2040 1853 2074 τῆς

1053 2082 1165 2118 ἀγάπης
1177 2083 1217 2113 είς
1233 2083 1277 2109 τὸν
1289 2083 1355 2110 Θεὸν
1366 2083 1421 2109 άπὸ
1430 2082 1484 2110 τῶν
1495 2083 1604 2110 οἰκείων
1617 2085 1851 2120 μετενεχθείσης,

1039 2128 1129 2160 ,οὐδὲν
1147 2128 1247 2155 κωλύει
1262 2128 1313 2164 τὴν
1333 2129 1377 2155 ἐπ’
1395 2129 1470 2164 αὺτῷ
1487 2130 1575 2164 χαρὰν
1592 2129 1741 2164 ὁλόκληρον
1759 2129 1850 2161 εἶναι,

1056 2175 1102 2201 xui
1117 2174 1211 2209 ὥσπερ
1225 2176 1249 2201 εί
1266 2175 1485 2208 μετεσκεύαστο·
1516 2176 1540 2201 εἰ
1560 2175 1615 2210 γάρ
1632 2176 1679 2202 xui
1693 2178 1744 2211 τὴν
1761 2178 1854 2212 φῦσιν
1880 2211 1884 2214 ι

1054 2219 1095 2246 ἔτι
1113 2220 1191 2256 φέρει
1206 2220 1253 2256 τὴν
1264 2220 1451 2256 ἀνθρωπίνην,
1470 2222 1517 2247 καὶ
1534 2221 1616 2255 φύσει
1635 2222 1690 2253 τοῖς
1706 2223 1796 2254 θείοις
1812 2223 1854 2254 ὼς

1053 2267 1164 2299 οἰκείοις
1173 2266 1203 2294 οὐ
1217 2267 1353 2298 σύνεστιν,
1366 2266 1435 2294 ἀλλὰ
1445 2267 1495 2300 τήν
1508 2275 1539 2300 γε
1554 2267 1666 2302 θέλησιν
1679 2268 1737 2295 ἐκεί
1750 2271 1855 2295 πᾶσαν

1055 2313 1122 2348 ἔχει,
1146 2314 1262 2348 ἢκυρία
1286 2314 1360 2339 ἐστὶν
1374 2313 1461 2344 οὕτως
1483 2313 1498 2347 ἢ
1520 2313 1636 2345 ἐκείνως
1654 2315 1776 2349 χαίρειν,
1799 2317 1856 2343 καὶ

1054 2359 1155 2394 ταύτην
1170 2360 1198 2386 ὲν
1212 2360 1279 2393 ἡμῖν
1295 2360 1408 2393 κρατεῖν
1428 2359 1444 2394 ἦ
1465 2358 1575 2394 ἐκείνην
1592 2360 1640 2394 τὴν
1655 2359 1768 2396 ἡδονήν.
1790 2363 1854 2390 Καὶ

1053 2406 1142 2432 τοίνυν
1156 2404 1284 2440 καθάπερ
1303 2405 1317 2430 ὁ
1341 2404 1428 2438 φιλῶν
1447 2404 1544 2430 ἑαυτὸν
1559 2405 1649 2439 χαίρει
1664 2404 1699 2432 τὰ
1719 2407 1856 2440 παρόντα

1054 2450 1129 2484 αὺτῷ
1148 2450 1322 2484 λογιζόμενος
1342 2450 1443 2483 ἀγαθὰ,
1465 2449 1551 2479 οὕτως
1566 2450 1590 2476 οἱ
1610 2450 1656 2476 τὸν
1674 2450 1740 2476 Θεὸν
1761 2451 1856 2484 μόνον

1055 2496 1195 2531 φιλοῦντες
1215 2497 1270 2522 ἀπὸ
1288 2496 1343 2522 τῶν
1360 2496 1471 2530 ἀγαθῶν
1486 2496 1539 2522 τῶν
1557 2497 1663 2522 ἐκείνου
1680 2496 1728 2532 τὴν
1743 2497 1856 2534 ἡδονὴν

1055 2544 1163 2575 ἑαυτοῖς
1184 2544 1342 2577 συνάγουσι,
1361 2544 1408 2570 xui.
1427 2544 1484 2575 τοῖς
1498 2543 1603 2570 ἐκείνου
1623 2543 1774 2571 πλουτοῦσι
1803 2547 1858 2572 xxi.

1056 2588 1273 2624 φιλοτιμοῦνται,
1290 2588 1338 2614 xui
1356 2590 1424 2624 πρὸς
1443 2589 1493 2623 τὴν
1510 2588 1615 2615 ἐκείνου
1636 2589 1859 2625 μεγαλαυχοῦσι

1055 2634 1143 2666 δόξαν,
1163 2635 1210 2662 xui
1227 2634 1423 2668 στεφανοῦνται
1442 2635 1683 2669 προσκυνουμένην
1709 2637 1759 2661 xui.
1780 2637 1857 2664 θαυ-

1057 2680 1213 2715 μαζομένου
1232 2679 1421 2714 σεμνύνονται.
1438 2680 1494 2706 Καὶ
1509 2680 1532 2706 0i
1550 2680 1598 2715 μὲν
1610 2680 1715 2712 ἑαυτοῖς
1727 2680 1857 2717 ζῶντες,

1056 2725 1107 2752 κᾶν
1125 2725 1171 2751 ἐπὶ
1185 2725 1242 2756 τοῖς
1254 2725 1367 2760 ἀληθέσι
1380 2726 1513 2761 χαίρωσιν
1527 2726 1650 2760 ἀγαθοῖς,
1665 2727 1791 2761 ἄμικτον
1805 2732 1860 2757 οὐκ

1057 2772 1090 2798 ἂν
1116 2773 1265 2806 καρποῖντο
1275 2772 1323 2806 τὴν
1342 2771 1448 2806 ἡδονὴν,
1464 2772 1521 2798 ἀλλ’
1537 2771 1632 2807 ὥσπερ
1648 2773 1782 2807 χαίρουσι
1800 2777 1861 2803 τῶν

1057 2817 1167 2851 ἀγαθῶν
1191 2819 1248 2848 τοῖς
1265 2818 1411 2853 παροῦσιν,
1436 2816 1523 2850 οὕτως
1539 2819 1632 2852 ἀλγεῖν
1651 2819 1754 2849 αὐτοὺς
1776 2822 1861 2855 εἰκὸς
