1967 3071
127 155 181 188 τεν

642 162 782 194 ORATIO
797 165 950 197 CON'l‘llA
971 169 1258 202 FENERATORES.

1697 173 1766 202 730.5

125 215 249 265 δώσομεν
263 216 308 242 καὶ
323 217 538 253 μεγαλοψύχους,
554 216 592 246 ὧν
607 221 736 253 φειδωλία
751 224 798 249 καὶ
812 224 907 259 eam.

965 235 1009 254 nes
1024 229 1150 256 liberales
1167 235 1192 257 et
1212 232 1264 257 alta
1285 236 1375 258 mente
1394 230 1521 265 prmditos
1544 230 1628 258 fuisse
1644 236 1748 258 certum

126 260 210 294 γυρῑα
240 262 287 288 καὶ
312 263 473 297 μικρολογία
503 265 549 290 καὶ
572 265 734 301 γλισχρότης
756 269 916 303 ἐγκλήματα

127 305 184 342 [tan
198 307 344 340 φειδωλίας
357 317 385 335 κ.
401 317 426 335 τ.
436 310 466 336 λ.
483 310 528 336 καὶ
537 311 731 346 γλισχρότητος
743 314 915 350 ἐγκλήματα]

127 355 279 388 πανταχοῦ.
297 353 392 381 Καίτοι
412 355 537 390 μοιχείας
556 357 606 391 μὲν
630 359 678 384 καὶ
695 359 778 393 φόνου
796 363 843 387 καὶ
867 361 913 386 τοῦ

127 401 316 434 τοιχωρυχεῖν,
333 402 382 427 καὶ
411 402 435 428 εί
459 402 496 438 μὴ
513 402 592 434 δίκας
609 404 623 430 ὸ
642 404 723 439 νόμος
740 405 834 439 ἐτίθει,
861 407 914 433 κᾶν

126 445 234 480 ἀπῆγον
247 447 270 472 οἱ
286 446 413 479 κίνδυνοι,
431 448 491 482 μεθ’
503 446 541 476 ὧν
556 449 663 484 ἀνάγκη
676 451 710 476 τὰ
725 452 839 478 τοιαῦτα
853 452 914 478 τολ-

129 490 233 523 μᾶσθαι
244 499 251 506 ·
266 491 346 517 τόκου
357 492 386 517 δὲ
396 492 483 523 οὐδεὶς
494 494 601 528 ἡγεῖται
611 495 701 528 πόνος,
710 497 770 522 οὐδὲ
782 497 914 524 κινδύνων

126 534 208 569 γέμει
224 535 254 561 τὸ
271 537 399 571 πρᾶγμα,
411 537 478 564 ἀλλὰ
492 538 533 565 δεῖ
547 539 619 565 τοῦτ’
632 539 698 567 αὐτὸ
712 541 793 575 μόνον
807 543 915 576 κερδαί-

127 588 184 606 νειν
199 583 503 616 πραγματευσαμένους
515 585 602 613 οὐδέν.
618 585 651 611 Τί
668 586 760 613 τοίνυν
776 587 805 613 τὺ
820 588 914 614 πεῖθον

127 626 226 660 ἄνδρας
260 627 464 662 ἀνελευθέρους,
496 630 619 666 κέρδους,
637 630 711 658 οὕτω
738 633 913 667 πραγμάτων

127 671 341 706 ἀπηλλαγμένου
357 676 551 708 καταφρονεῖν,
565 677 588 701 εἰ
602 676 639 710 μὴ
653 677 756 710 σφόδρα
767 685 808 708 τις
824 677 914 704 ἔκειτο

126 716 256 749 κόλασιςς
272 716 332 743 "Ott
347 717 375 743 δὲ
391 717 477 748 οὕτως
493 719 604 753 ᾐδοῦντο
618 720 664 745 τὸν
678 721 760 756 νόμον
782 721 912 756 Ἒὸραίοι,

126 761 207 795 δῆλον
228 761 257 794 ἐξ
277 759 314 788 ὦν
330 764 377 789 καὶ
397 762 445 789 νῦν
463 764 503 790 ἔτι
518 764 569 799 τὴν
585 765 697 800 γνώμην
715 765 844 798 σώζουσι,
866 767 914 792 καὶ

127 808 204 842 κοινῇ
220 807 321 842 τιμῶσι
336 808 383 834 τὸν
397 808 491 844 νόμον,
511 810 600 836 καίτοι
618 811 722 837 πολλῶν
745 811 826 838 ἕνεκα
846 812 912 838 πολὺ

126 853 182 879 τῶν
198 852 320 880 παλαιῶν
333 854 507 890 φαυλοτέρως
520 857 591 890 περὶ
598 856 646 891 τὴν
660 856 810 891 θρησκείαν
825 858 913 883 διατε-

127 899 231 931 θέντες.

161 947 227 974 Ὅτε
243 945 334 973 τοίνυν
350 946 488 982 Ἐὕραίοις
511 946 542 973 τὺ
566 947 665 982 χρῆσαι
693 947 780 974 τόκων
799 947 912 979 εὐθύνας

126 991 208 1027 εῖχεν,
236 990 277 1024 οἷς
293 984 380 1020 πολλίὰ
409 993 463 1019 τῶν
491 993 685 1027 ἀπειρημένων
711 995 910 1029 συνεχωρεῖτοε

125 1039 287 1074 Χριστιανοὶ
302 1039 362 1066 τίνα
376 1038 423 1066 τοῦ
440 1039 553 1075 κέρδους
570 1039 666 1066 τούτου
686 1038 804 1067 δώσουσι
823 1040 911 1073 δίκην,

125 1083 164 1117 οἷς
178 1086 268 1112 καὶτὸ
284 1087 372 1120 μεῖναι
388 1086 469 1121 μέχρι
485 1085 541 1112 τῶν
561 1085 697 1118 παλαιῶν,
714 1085 850 1120 ἔγκλημα,
865 1086 912 1112 καὶ

125 1131 156 1157 τὸ
173 1120 212 1165 pi;
235 1131 381 1166 παρελθεῖν
397 1131 427 1158 τὸ
445 1132 562 1165 πρᾶγμα
579 1131 750 1166 δικαιοσύνῃ,
772 1130 912 1165 βασιλείας

124 1177 200 1203 ἐστὶν
216 1178 342 1203 ἐκπεσεῖν
352 1185 359 1192 ⁸
377 1177 423 1203 καὶ
438 1177 492 1211 γὰρ
506 1177 618 1211 πορνεία
634 1177 684 1211 μὲν
707 1176 822 1208 ἐκείνοις
837 1176 913 1202 οὐδὲν

125 1222 214 1248 ἐδόκει
228 1222 323 1255 δεινὸν,
337 1223 383 1249 καὶ
396 1222 514 1258 καθαρὸν
522 1221 556 1258 ἦν
566 1222 684 1257 εὐθύνης
697 1222 823 1249 τοσοῦτον
835 1222 912 1255 ἄγος·

131 1277 140 1294 ι
157 1268 226 1302 llap'
242 1269 308 1302 ἡμῖν
331 1264 398 1303 μηδὲ
415 1267 603 1303 ὀνομαζέσθω,
624 1277 634 1294 ι
653 1267 752 1303 φησίν·
775 1267 844 1295 ἀλλὰ
866 1268 912 1294 xui.

126 1315 276 1349 ὀφθαλμῶν
289 1315 447 1341 ἀκολάστων
462 1315 531 1341 εἰσὶν
549 1315 674 1341 meum.
700 1315 755 1340 Καὶ
784 1315 840 1345 τοῖς
865 1314 912 1348 μὲν

125 1360 241 1395 ὀμνύναι
256 1359 303 1387 κα)⁸
319 1359 400 1394 νόμος
415 1358 450 1394 ἦν
477 1367 484 1374 ·
501 1359 550 1386 νῦν
566 1359 593 1385 δὲ
610 1359 765 1394 ὑποκριτῶν
781 1359 829 1385 καὶ
842 1357 913 1391 φαύ-

125 1407 180 1433 λων
195 1406 243 1432 atat
252 1407 374 1432 τοιούτου
389 1407 540 1441 κόμματος.
553 1406 608 1431 Καὶ
615 1406 672 1436 τοῖς
687 1405 735 1437 μὲν
746 1403 810 1438 ἐξῆν
825 1404 912 1438 μισεῖν

125 1452 172 1478 τὸν
191 1452 300 1486 ἐχθρὸν,
314 1451 361 1477 νῦν
377 1451 405 1477 δὲ
425 1451 498 1477 τοῦτ’
517 1451 583 1477 αὐτὸ
602 1450 758 1482 κολάζεται,
778 1451 826 1475 καὶ
840 1449 912 1475 οὕτω

123 1498 196 1532 πέρι
210 1506 386 1532 συγγνωμης,
401 1496 471 1523 ὥστε
487 1496 666 1531 ἐνισχημένου
682 1495 720 1530 τῷ
736 1495 823 1530 κακῷ,
845 1495 912 1529 μηδὲ

123 1546 189 1580 περὶ
209 1546 261 1572 τῶν
286 1546 372 1577 ἄλλως
386 1545 590 1580 ἡμαρτημένων
607 1545 798 1579 παραιτεῖσθαι
810 1544 912 1578 τολμᾷν

123 1593 161 1623 ὡς
181 1593 231 1618 οὐκ
255 1592 314 1618 ἐνὸν
330 1592 380 1626 τῆς
397 1592 565 1626 συγγνώμης
590 1591 747 1626 τυγχάνειν,
778 1591 815 1625 μὴ
842 1591 908 1624 πρὸς

123 1641 186 1670 τοὺς
201 1639 386 1674 λελυπηκότας
402 1638 626 1673 διηλλαγμένους,
639 1638 692 1664 κᾶν
707 1638 838 1671 μυριάκις
847 1637 910 1671 περὶ

122 1687 216 1714 αὐτῶν
231 1685 423 1720 μεταγνῶμεν,
441 1684 492 1712 κᾶν
510 1685 651 1720 ποταμοὺς
669 1685 795 1719 δακρύων
810 1685 911 1719 ἐκχέω-

123 1741 186 1767 μεν.
211 1732 266 1758 Καὶ
288 1731 359 1758 οὓτω
387 1731 418 1757 τὸ
445 1731 527 1766 μόνον
547 1731 600 1757 τῶν
615 1731 794 1765 ἀνθρωπίνων
818 1730 911 1756 κακῶν

122 1777 279 1813 φάρμακον,
304 1776 420 1811 ἐδυνήθη
444 1777 513 1810 πρὸς
535 1776 584 1812 τὴν
599 1777 676 1803 νόσον
697 1776 798 1811 ταύτην
823 1777 908 1807 οὐδὲν,

121 1824 193 1850 ἀλλὰ
208 1824 333 1858 κρεῖττον
351 1823 401 1858 μέν
414 1823 471 1849 ἐστι
483 1823 534 1857 τῆς
549 1824 738 1858 πολυυμνήτου
754 1823 910 1858 μετανοίας,

121 1872 170 1898 καὶ
185 1870 242 1897 τῶν
268 1868 330 1896 κατ’
349 1869 435 1904 αὐτὴν
461 1868 593 1904 ἱδρώτων
611 1871 735 1904 κρεῖττον
757 1869 785 1895 δὲ
811 1869 911 1896 θυσιῶν

123 1917 310 1952 ίλαστηρίων·
337 1917 490 1943 ἀπόνασθαι
514 1915 542 1942 δὲ
569 1917 625 1942 τῶν
642 1916 863 1951 κατορθωμάτων
879 1917 910 1943 οὐ

122 1964 271 1998 συγχωρεῖ,
289 1961 340 1989 κᾶν
363 1963 492 1997 ὑπερφυᾶ
506 1971 568 1988 τινα
583 1963 701 1997 τύχωσιν
711 1963 787 1994 ὄντα,
816 1963 911 1998 πόρρω

122 2011 235 2043 καὶτῆς
263 2010 381 2044 ἐσχάτης
398 2008 453 2034 τῶν
478 2009 682 2043 ἐπαινουμένων
700 2009 806 2044 μερίδος
818 2016 824 2023 ”
851 2009 908 2035 ἀλλ’

122 2056 218 2090 ὥσπερ
235 2055 303 2089 φλὸξ
318 2055 334 2089 ἢ
350 2054 434 2089 ἀχλὺς
449 2054 618 2086 ὲπιχεϐεῑσα,
636 2054 725 2080 πάντα
744 2054 908 2088 διέφθειρεν,

122 2099 196 2126 οὓτω
217 2099 248 2125 τδ
265 2101 458 2134 μνησικακεῖν,
478 2097 595 2133 ἔσχατον
612 2099 708 2126 κακόν.
729 2099 865 2133 Ἑϐραίοις
882 2100 911 2126 δὲ

120 2146 197 2181 ἐξῆν,
212 2146 242 2172 τὸ
256 2146 283 2172 δὲ
298 2146 376 2172 τόκον
402 2144 536 2176 δανείζειν
569 2145 712 2180 ἠλαύνετο.
742 2146 796 2172 Ποῦ
822 2146 910 2172 τοίνυν

121 2194 222 2224 κακίας
243 2193 287 2218 τὸν
307 2192 386 2219 τόκον
411 2192 539 2226 τάξομεν,
566 2192 631 2219 ὅταν
655 2192 757 2218 ἀτόπου
778 2193 910 2227 πονηρίας

966 277 1018 304 est,
1036 273 1106 300 inter
1129 282 1197 307 quos
1221 276 1364 307 tenacitas,
1383 276 1494 303 avaritia
1510 296 1516 307 ,
1538 276 1632 303 sordes
1646 276 1748 310 passim

965 318 1102 353 vigebant.
1115 320 1198 347 Porro
1212 321 1245 348 ab
1260 322 1402 352 adulterio,
1419 329 1433 348 a
1452 323 1535 352 caede,
1551 329 1565 348 a
1580 321 1750 356 perfossisne

966 363 1109 396 parietum.
1128 367 1236 391 tametsi
1256 366 1296 391 lex
1317 373 1423 400 poenam
1442 374 1495 392 non
1516 366 1643 399 sanciret,
1659 371 1749 393 tamen

966 409 1098 442 pericula.
1116 417 1178 436 rum
1197 411 1298 444 quibus
1313 411 1446 445 ejusmodi
1461 411 1581 438 facinora
1595 412 1750 440 necessario

965 459 1166 488 perpetrantur,
1183 456 1246 483 inde
1260 462 1405 483 avocarent
1419 465 1425 490 ;
1443 456 1560 484 fenernri
1586 462 1674 483 autem
1688 457 1749 483 nul-

966 499 1008 526 lus
1026 504 1138 533 putatur
1155 501 1239 533 labor,
1257 510 1306 528 nec
1321 507 1363 529 est
1387 503 1569 536 periculosum
1591 503 1727 536 negotium
1740 522 1749 534 .

965 546 1012 573 sed
1031 546 1057 572 id
1075 547 1163 574 solum
1187 555 1286 582 augere
1310 554 1444 582 quaestum
1471 549 1538 576 nihil
1563 549 1750 576 laborantibus

965 599 1082 628 oportet.
1100 594 1168 626 Quid
1194 594 1278 628 igitur
1294 595 1419 622 homines
1433 595 1545 622 minime
1566 595 1700 630 ingenuos
1716 595 1749 622 ad

965 639 1072 666 lucrum
1093 640 1160 666 adeo
1177 640 1307 667 molestiis
1325 649 1440 668 vacuum
1459 642 1687 669 contemnendum
1706 643 1750 669 in-

965 684 1087 715 duceret.
1107 685 1129 711 si
1147 689 1200 711 tam
1219 693 1300 719 grave
1323 685 1488 720 supplicium
1510 687 1678 721 propositum
1697 695 1749 714 non

964 729 1057 756 esset?
1070 728 1198 756 Hebrzeos
1216 735 1306 757 autem
1324 731 1393 758 hanc
1411 732 1495 765 legem
1512 733 1552 759 sic
1566 732 1706 763 reveritus.
1717 740 1749 759 ex

964 782 997 801 eo
1012 778 1093 808 patet,
1105 774 1176 808 quod
1193 775 1274 800 etiam
1293 775 1374 801 hodie
1389 776 1482 802 eadem
1499 781 1563 803 sunt
1581 776 1708 810 opinione
1719 783 1751 803 ac

964 820 1111 850 sententia,
1129 824 1155 846 et
1179 827 1239 846 eam
1257 819 1588 858 honOreprosequuntur,
1604 821 1708 847 tametsi
1724 821 1750 847 in

966 865 1059 890 multis
1073 865 1152 899 longe
1171 873 1252 900 quam
1273 865 1392 899 majores
1409 865 1531 900 ipsorum
1547 865 1670 899 ignavius
1688 866 1751 893 reli-

964 911 1053 943 gionis
1068 910 1191 937 instituta
1209 911 1313 937 colunt.

999 955 1132 988 Quoniam
1156 956 1236 990 igitur
1251 956 1336 983 fenori
1354 957 1418 983 dare
1433 955 1554 983 llebrmis
1567 956 1673 983 crimini
1688 956 1750 987 fuit,

963 1002 1063 1036 quibus
1077 1003 1159 1029 multa
1173 1003 1252 1030 nobis
1265 1003 1344 1029 vetita
1362 1002 1581 1036 Indulgebantur.
1595 1010 1653 1036 qum
1666 1009 1751 1036 postne

963 1049 998 1076 ob
1019 1048 1171 1076 istiusmodi
1192 1049 1296 1076 lucrum
1321 1048 1491 1075 Christianos
1508 1048 1671 1076 manebunt.
1688 1047 1751 1081 qui-

964 1093 1014 1121 bus
1027 1098 1053 1121 et
1073 1094 1223 1121 consistere
1239 1094 1265 1120 in
1282 1094 1396 1121 vetustis
1410 1094 1488 1127 culpa
1505 1097 1564 1124 est;
1581 1097 1608 1120 et
1621 1093 1749 1125 scriptam

964 1141 1048 1175 legem
1065 1140 1169 1174 justitia
1191 1147 1244 1166 non
1262 1147 1434 1174 exsuperare.
1451 1143 1493 1166 est
1514 1145 1598 1173 regno
1618 1138 1750 1165 caelorum

963 1187 1106 1214 excidere?
1117 1186 1220 1212 Etenim
1237 1186 1381 1213 fornicatio
1398 1186 1452 1213 illis
1468 1194 1521 1212 non
1540 1185 1681 1212 videbatur
1696 1189 1749 1210 ta'n

963 1233 1093 1264 absurda,
1108 1237 1134 1259 et
1149 1233 1300 1260 istiusmodi
1318 1232 1447 1266 ﬂagitium
1465 1231 1590 1259 dedecori
1608 1239 1661 1258 non
1676 1236 1746 1257 erat.

965 1279 1043 1313 Apud
1061 1287 1110 1306 nos
1124 1284 1215 1306 autem
1243 1288 1254 1304 ι
1274 1286 1323 1305 nec
1337 1279 1504 1310 nominetur,
1520 1288 1529 1304 )
1543 1278 1633 1313 inquit
1647 1277 1667 1303 ³.
1679 1277 1750 1310 Quin

964 1327 1044 1352 etiam
1071 1331 1197 1360 aspectus
1222 1325 1340 1353 lascivus
1360 1333 1423 1352 enm
1451 1330 1562 1360 peccato
1589 1324 1751 1358 coniunctus

963 1378 1016 1398 est;
1033 1372 1122 1406 Atque
1145 1371 1183 1398 illi
1202 1372 1311 1405 quidem
1327 1372 1421 1406 jnrare
1444 1371 1525 1397 etiam
1544 1370 1602 1404 lege
1617 1369 1750 1403 jubeban-

967 1421 1021 1454 tur,
1040 1417 1111 1451 quod
1131 1425 1202 1444 nunc
1229 1417 1444 1451 bypocritarnm,
1459 1421 1486 1442 et
1504 1416 1691 1449 improborum
1703 1434 1710 1445 ,
1723 1419 1751 1441 et

964 1463 1120 1496 hnjusmodi
1137 1462 1229 1489 farina:
1247 1462 1385 1489 hominum
1402 1466 1453 1489 est.
1469 1461 1499 1487 Et
1512 1461 1564 1487 illis
1577 1460 1684 1495 quidem
1700 1460 1752 1486 ini-

964 1509 1064 1536 micmn
1091 1509 1182 1535 odisse
1214 1509 1421 1544 permittebatur
1443 1518 1450 1534 :
1473 1515 1545 1534 nunc
1566 1507 1653 1541 ipsum
1679 1507 1750 1533 istuc

926 1560 946 1588 ο
964 1555 1084 1589 punitur.
1099 1555 1221 1589 adeoque
1241 1562 1292 1582 non
1312 1554 1472 1588 ignoscitur,
1487 1559 1516 1579 ut
1530 1554 1579 1579 hac
1597 1560 1668 1579 noxa
1684 1553 1750 1579 irre-

963 1601 1038 1632 titus,
1057 1608 1107 1627 nec
1129 1600 1243 1626 aliorum
1265 1606 1435 1635 peccatorum
1456 1599 1559 1626 veniam
1581 1605 1677 1631 rogare
1699 1604 1750 1623 au-

963 1647 1043 1678 deat;
1061 1648 1131 1681 quod
1150 1646 1255 1672 veniam
1274 1645 1348 1671 nullo
1368 1646 1447 1671 modo
1472 1646 1685 1677 coriscquantur.
1701 1641 1749 1676 qui

963 1700 977 1720 a
995 1693 1095 1727 quibus
1115 1693 1168 1719 laesi
1185 1696 1260 1722 sunt,
1280 1699 1340 1718 cum
1357 1690 1390 1717 iis
1407 1690 1433 1716 in
1450 1689 1563 1724 gratiam
1581 1696 1633 1715 non
1662 1687 1750 1714 redie-

963 1739 1028 1768 rint.
1045 1738 1096 1765 etsi
1114 1738 1211 1764 millies
1229 1738 1335 1764 illorum
1353 1736 1492 1771 pmniteat,
1506 1735 1554 1761 etsi
1582 1734 1693 1761 ﬂutnina
1714 1733 1750 1761 la-

965 1792 1117 1820 crymnrum
1136 1783 1311 1818 profundant.
1326 1785 1413 1817 Atque
1430 1783 1465 1810 ita
1480 1782 1552 1817 quod
1567 1781 1677 1808 unicum
1691 1788 1749 1806 ma-

964 1832 1052 1858 lorum
1080 1831 1259 1856 humanorum
1295 1829 1444 1856 remedium
1470 1832 1539 1859 erat,
1565 1827 1597 1853 ad
1625 1826 1750 1853 morbum

963 1877 1036 1904 hunc
1059 1876 1246 1910 depellendum
1268 1875 1334 1901 nihil
1359 1874 1447 1906 valet;
1475 1873 1521 1900 sed
1559 1870 1750 1899 laudatissima

963 1923 1161 1958 pmnitentia,et
1176 1921 1321 1948 sudoribus
1334 1922 1404 1953 ejus,
1420 1924 1447 1947 et
1461 1919 1603 1946 sacriﬁciis
1617 1917 1748 1951 propitia-

963 1968 1040 1995 tnriis
1054 1972 1095 1994 est
1110 1967 1256 2002 potentius.
1269 1965 1396 1993 Fructum
1413 1972 1520 2000 quoque
1541 1964 1674 1990 bonorum
1689 1970 1751 1995 ope-

964 2022 1023 2040 rum
1038 2021 1134 2048 capere
1151 2021 1202 2039 non
1221 2013 1297 2044 sinit,
1324 2011 1500 2047 quantumvis
1523 2009 1623 2037 eximia
1638 2014 1663 2035 et
1677 2015 1752 2035 sum-

963 2061 1015 2086 mis
1034 2061 1114 2094 digna
1139 2059 1266 2085 laudibus
1293 2058 1394 2085 fuerint
1419 2066 1426 2084 :
1451 2057 1495 2084 sed
1521 2054 1749 2090 quemadmodum

963 2105 1060 2132 nebula
1077 2103 1220 2138 superfusa
1237 2103 1329 2130 omnia
1345 2101 1496 2136 corrumpit
1516 2120 1522 2132 .
1537 2100 1577 2127 sic
1595 2097 1750 2132 malignitas

962 2151 1044 2178 animi
1065 2157 1173 2185 propter
1185 2155 1302 2177 veterem
1319 2149 1447 2183 injuriam
1460 2146 1559 2174 malum
1579 2143 1748 2171 teterrimum

962 2197 1054 2223 omnia
1076 2197 1162 2222 vit-al.
1184 2196 1304 2223 Hebraeis
1333 2199 1422 2221 tamen
1444 2193 1553 2220 licebat.
1569 2190 1751 2218 Commodare

122 2241 216 2276 χεῖρον
230 2240 340 2274 ὁρῶμεν
355 2239 458 2271 κακόν;
475 2239 511 2264 Τὸ
531 2240 597 2274 γὰρ1
614 2240 663 2274 τὴν
681 2239 730 2274 μὲν
751 2240 908 2274 ἐπιτρέψαι,

965 2248 1054 2270 autem
1071 2242 1153 2270 fenus
1185 2242 1342 2274 neutiquam
1377 2239 1484 2267 licebat.
1500 2239 1559 2272 Quo
1585 2238 1667 2272 igitur
1691 2236 1752 2263 loco

119 2287 153 2313 τὸ
163 2287 203 2316 δὲ,
221 2286 352 2318 κωλῦσαι,
366 2286 391 2311 τί
407 2285 439 2311 ἂν
452 2286 494 2320 εἴη
509 2285 661 2316 δεικνύντος
677 2285 788 2321 ἓτερονς

119 2335 240 2362 nefando
254 2334 355 2361 scelere
372 2334 440 2362 nihil
463 2335 585 2362 videmus
609 2335 776 2369 improbius?
788 2336 856 2363 Nam
876 2337 920 2364 illa
941 2338 1109 2373 permisisse,
1122 2338 1174 2365 hoc
1198 2337 1328 2369 vetuisse,

120 2381 180 2409 dixi
198 2379 336 2406 ostendit?

158 2427 225 2456 Εἶτα
235 2428 367 2464 τολμήσει
380 2437 420 2459 τις
433 2427 549 2463 εὐθύνης
564 2427 605 2455 ἔτι
618 2428 739 2464 καθαρὴν
750 2429 853 2456 τιθέναι
868 2432 913 2457 τὴν

120 2477 212 2507 τόκον,
227 2473 257 2509 οὗ
276 2475 468 2511 μισανθρωπία
480 2477 527 2502 καὶ
539 2476 674 2503 ἀκολασία
686 2478 734 2503 καὶ
747 2477 781 2503 τὰ
793 2478 911 2512 μέγιστα

120 2523 178 2550 τῶν
198 2522 290 2548 κακῶν
312 2522 479 2557 ἁνεκτότερα
493 2522 567 2548 δοκεῖ
591 2523 667 2557 παρὰ
684 2523 742 2557 Θεῷ
761 2524 909 2559 νομοθέτῃ;

122 2570 172 2596 καὶ
199 2568 278 2594 τοῦτό
300 2569 357 2594 ἐστι
375 2569 532 2602 μαίνεσθαι,
550 2569 565 2603 ἢ
582 2569 631 2604 τὴν
646 2568 691 2595 τοῦ
709 2569 803 2596 καινοῦ
825 2570 908 2605 νόμον

123 2615 252 2641 παιδείαν
279 2614 364 2648 χείρω
393 2614 514 2649 νομίζειν
543 2615 590 2641 τοῦ
624 2615 757 2642 παλαιοῦ·
789 2617 834 2642 καὶ
865 2616 910 2641 τὸν

122 2660 244 2695 Χριστδν
254 2661 293 2691 είς
307 2660 352 2686 τὸν
367 2660 469 2694 κόσμον
485 2661 584 2691 ἐλθεῖν,
601 2661 651 2687 οὐκ
666 2663 709 2696 ἐφ’
731 2658 752 2695 ᾧ
767 2662 911 2696 πληρῶσαι

122 2708 170 2734 τον
185 2706 283 2741 νόμον,
299 2705 356 2732 ἀλλ’
368 2706 412 2732 ἶνα
435 2707 552 2742 κενώσῃ.
575 2707 604 2733 Et
621 2707 649 2733 δὲ
665 2707 744 2734 τοῦτο
759 2708 911 2742 περιξανὴς

123 2753 251 2788 ἁῡεότης,
267 2756 313 2782 καὶ
328 2756 464 2790 πλήρωμα
481 2756 528 2781 τοῦ
545 2756 627 2789 νόμου
644 2756 763 2790 Χριστός
781 2764 787 2770 ·
803 2755 911 2781 δεικνύ-

122 2809 216 2827 τωσαν
235 2800 338 2835 βέλτιον
356 2801 491 2829 εἶναικαὶ
509 2801 739 2837 φιλοσοφώτερον,
758 2804 851 2827 πατεῖν
866 2801 911 2828 τὸν

163 2890 173 2905 ³
191 2888 287 2924 prcs.
306 2899 331 2922 γ,
346 2891 372 2916 .‘i.

965 2290 1036 2317 inter
1054 2289 1159 2324 piacula
1185 2295 1297 2316 usuram
1325 2287 1536 2318 constituemus,
1561 2284 1671 2319 quando
1697 2287 1750 2309 tam

1373 2335 1436 2369 quid
1464 2334 1538 2361 aliud
1561 2341 1643 2368 quam
1676 2331 1750 2367 quod

1002 2431 1033 2458 Et
1046 2431 1135 2458 adhuc
1148 2429 1258 2457 audebit
1274 2429 1336 2464 quis
1351 2435 1463 2455 usuram
1481 2435 1496 2454 a
1513 2426 1627 2454 crimine
1650 2426 1752 2453 immu~

966 2484 1025 2504 nem
1042 2481 1168 2507 statuere,
1189 2482 1241 2509 qua
1255 2475 1346 2501 odium
1365 2474 1392 2500 in
1410 2473 1547 2505 homines,
1565 2477 1592 2499 et
1613 2472 1707 2503 libido,
1726 2476 1752 2498 et

964 2527 1080 2557 pet-cata»
1095 2522 1214 2548 maxima
1236 2519 1419 2547 tolerabiliora
1431 2520 1501 2553 apud
1516 2519 1599 2545 Deum
1614 2518 1752 2552 legislato-

964 2577 1019 2597 rcm
1033 2568 1207 2603 indicantur?
1220 2567 1251 2593 Et
1262 2567 1325 2602 quid
1337 2572 1377 2594 est
1390 2566 1522 2597 insanire,
1536 2565 1586 2592 nisi
1599 2572 1674 2591 novae
1686 2563 1752 2597 legis

964 2616 1135 2650 disciplinam
1149 2614 1233 2641 veteri
1246 2613 1403 2640 inferiorem
1417 2611 1557 2641 arbitrari.
1572 2614 1598 2637 et
1609 2609 1749 2637 Christum

967 2663 993 2690 in
1012 2663 1140 2689 mundum
1161 2661 1279 2692 venisse,
1296 2668 1349 2687 non
1365 2665 1394 2686 ut
1410 2659 1494 2693 legem
1509 2657 1644 2691 impleret.
1661 2656 1708 2682 sed
1722 2661 1752 2683 ut

965 2711 1110 2736 evacuaret
1131 2712 1211 2742 atque
1235 2705 1392 2734 everteret?
1408 2704 1485 2737 Quod
1497 2703 1521 2731 si
1534 2704 1591 2730 haec
1606 2705 1647 2729 est
1664 2701 1753 2728 mani-

969 2754 1035 2781 festa
1055 2754 1191 2788 impietas,
1208 2759 1233 2780 et
1249 2751 1391 2787 plenitudo
1410 2751 1477 2785 legis
1491 2749 1617 2777 Christus
1633 2752 1683 2778 est.
1701 2748 1752 2775 do-

965 2805 1045 2828 ceant
1059 2800 1097 2828 illi
1116 2799 1213 2827 melius
1233 2807 1264 2826 ac
1281 2798 1433 2834 sapientius
1448 2804 1509 2824 esse
1527 2794 1776 2827 contenmerele-/
