1967 3071
224 135 276 179 731

855 133 1009 165 NlCOLAl
1030 133 1223 163 CABASlL/E

1803 133 1852 166 732

227 204 288 233 gem
308 202 390 231 quam
407 201 529 224 servare,
543 197 569 220 et
587 200 698 222 usuram
717 192 916 219 humanitatem
934 192 1017 219 admi-

1086 190 1162 224 ὁμον,
1180 191 1196 224 ἢ
1213 190 1312 222 σώζειν
1324 199 1330 206 ·
1347 191 1396 219 καὶ
1420 193 1511 225 τόκον,
1533 191 1738 227 φιλανθρωπίαν
1754 191 1854 227 θαυμα-

228 243 353 274 rabilem,
373 246 400 269 et
415 241 586 268 frattdatnres
609 240 676 266 istos
695 239 945 274 compilatorcsqtte
962 240 1015 266 hu-

227 289 367 317 maniores
380 295 440 314 esse
457 287 488 314 iis
504 286 550 321 qui
564 287 649 319 gratis
667 286 732 313 dant
749 290 885 312 mutuum.
899 285 1017 312 Noaesse

230 340 272 363 est
289 334 373 366 enim,
387 333 433 368 qui
452 333 504 360 hoc
519 340 572 359 non
588 337 716 365 possunt,
730 331 756 358 in
779 332 894 358 alterum
919 339 933 357 c
948 331 1017 357 duo~

229 382 280 409 bus
296 381 428 411 incidere.
443 384 489 407 aut
506 387 568 406 cum
583 379 685 406 Judzeis
708 386 785 406 novae
801 378 853 413 legi
869 378 1015 409 obsistere,

228 433 379 461 eorumque
406 425 519 453 insanim
546 426 624 460 quasi
652 426 798 460 quamdam
831 425 1016 452 hrereditatem

228 473 321 502 adire;
345 477 393 499 aut
415 473 437 500 si
456 473 509 500 hoc
527 471 654 507 fugiunt,
674 471 882 499 fundamentum
907 471 979 506 quod
1002 479 1018 499 ο

229 519 365 553 principio
382 519 564 547 constitutum
582 523 634 549 est,
651 526 705 546 non
726 518 887 548 convellere.
911 522 938 545 et
955 525 1019 545 usus

231 571 289 591 ram
306 569 430 592 extremo
449 565 584 599 supplicio
611 565 752 594 addicere:
772 565 844 600 quod
872 563 1019 598 amplecte-

231 615 336 641 rentur,
354 610 376 637 si
393 609 433 636 vel
449 610 586 637 tantillum
597 614 744 643 .sapereut.

268 655 315 682 Sic
328 656 400 682 enim
419 663 448 682 se
468 663 512 683 res
528 655 620 682 habet.
636 654 786 689 Oportebat
802 654 960 681 hominibus
984 654 1021 680 ie-

232 710 291 737 gem
306 702 464 736 contingere
479 701 671 736 sapientiorem
687 705 714 727 et
729 701 868 728 meliorem
882 709 890 728 :
904 705 931 728 et
956 701 1022 728 ade-

234 754 274 773 rat
292 748 432 782 legislator
449 747 502 783 (cui
520 748 593 776 enim
611 748 636 775 id
663 748 752 781 potius
773 747 1021 781 committeretur?)

233 793 352 820 litteram
370 794 445 820 illam
466 794 528 822 loco
540 801 664 821 m0vens.
677 793 812 827 Quoniam
827 799 917 821 autem
931 801 946 820 a
959 794 1023 821 cha-

234 840 315 866 ritate
332 840 377 867 Dei
410 844 437 867 et
453 840 570 874 proximi
593 840 721 868 nnixersa
735 840 777 867 lex
799 841 911 875 pendet,
933 841 1022 868 homi-

234 885 321 912 cidam
339 889 424 912 morte
440 885 569 918 multane,
593 891 619 913 et
641 887 804 918 adulterum.
823 893 849 914 et
868 888 953 914 t'urem
968 908 976 919 ,
998 892 1025 914 et

235 929 332 957 falsum
346 935 441 958 testem
459 939 534 958 reum
552 931 668 964 faciens.
685 938 711 960 et
735 941 847 960 usuram
869 932 980 964 tollens.
998 937 1026 960 et

234 977 329 1004 odium
356 978 488 1006 adversus
512 979 668 1013 proximum
696 981 869 1014 propulsans,
899 986 927 1008 et
954 981 1023 1008 tales

235 1023 358 1056 quaedam
375 1023 448 1058 leges
462 1023 495 1050 ad
515 1028 638 1051 mutuam
656 1026 817 1054 charitatem
837 1026 964 1054 homines
982 1027 1026 1052 in-

235 1069 364 1101 vitantes,
390 1069 480 1096 solum
502 1075 628 1104 poterant
655 1071 755 1103 facere,
767 1077 796 1099 ut
820 1073 888 1100 bene
910 1073 1026 1101 meritus

237 1120 388 1146 amaretur,
405 1120 431 1142 et
448 1119 480 1142 ut
498 1116 544 1150 qui
562 1124 614 1144 non
632 1116 883 1150 inrommodasset,
903 1119 927 1145 ei
945 1120 1029 1146 vicis-

237 1160 288 1188 sim
308 1161 375 1187 nihil
392 1160 659 1195 incommodaretnr;
677 1163 702 1189 in
717 1171 834 1196 quorum
850 1170 948 1191 neutro
964 1172 1027 1192 vera

237 1207 310 1235 Inest
327 1207 494 1236 humanitas.
510 1207 577 1234 Nam
594 1212 621 1234 et
642 1203 695 1236 non
715 1209 818 1242 odisse,
840 1211 962 1237 nondum
986 1216 1029 1239 est

237 1261 346 1287 amare;
367 1255 436 1282 bene
453 1255 582 1283 meritum
603 1261 694 1283 autem
709 1257 834 1292 diligere,
860 1265 914 1284 non
937 1257 1026 1284 homi-

238 1308 314 1332 nem,
330 1301 377 1328 sed
400 1301 563 1329 beneﬁcium
581 1303 698 1330 amntis
717 1308 771 1330 est.
788 1304 855 1331 Cum
877 1304 930 1332 hoc
948 1304 1030 1332 modo

239 1347 414 1380 charitatem,
439 1356 501 1382 quae
522 1355 537 1374 a
565 1349 703 1377 veteribus
719 1349 772 1377 illis
796 1350 895 1378 litteris
913 1351 1028 1380 aberat.

239 1393 370 1421 inducere
386 1399 524 1428 oporteret
542 1395 605 1429 (hnc
621 1396 693 1422 enim
713 1400 771 1422 erat
793 1396 898 1430 impleri
916 1396 1028 1430 legem).

238 1447 319 1474 quem
335 1441 417 1468 alium
431 1441 497 1468 huic
512 1441 673 1476 provinciae,
689 1449 771 1476 quam
784 1442 869 1476 ipsius
884 1443 950 1478 legis
965 1451 1031 1470 con-

221 1526 224 1529 .
239 1492 436 1515 summatorem
452 1495 610 1522 praeponere
625 1496 733 1522 azqnum
748 1489 825 1516 erat?
841 1489 934 1524 Itaque
953 1489 1032 1517 indu-

1071 236 1147 271 στὴν,
1160 238 1208 263 καὶ
1220 238 1283 269 τοὺς
1292 239 1482 274 ἁποστερητὰς
1494 239 1621 266 τουτουσὶ
1632 239 1678 266 καὶ
1690 239 1853 272 λωποδύτας,

1071 283 1348 319 φιλανθρωποτέρους
1371 286 1427 312 τῶν
1452 286 1555 321 προῖκα
1580 285 1717 320 χρηστῶν.
1738 285 1855 320 Ἀνάγκη

1071 331 1124 366 γὰρ
1137 330 1218 357 τοῦτο
1229 331 1267 366 μὴ
1282 331 1461 366 δυναμένους,
1474 332 1560 367 ἑτέρῳ
1583 332 1656 358 δυοῖν
1670 331 1854 366 περιπίπτειν

1070 378 1087 412 ἥ
1103 378 1171 412 μετὰ
1186 376 1240 403 τῶν
1257 377 1394 405 Ἰουδαίων
1405 378 1477 405 κατὰ
1488 378 1536 406 τοῦ
1546 378 1640 405 καινοῦ
1653 378 1750 413 στῆναι
1765 378 1856 412 νόμον,

1072 425 1120 452 καὶ
1135 425 1185 460 τῆς
1207 425 1321 452 ἐκείνων
1353 426 1559 460 κληρονομῆσαι
1588 427 1706 459 μανίαςδ
1735 425 1751 459 ἢ
1780 423 1858 451 τοῦτο

1072 472 1225 506 φεύγοντας
1239 473 1288 508 τὴν
1309 473 1339 505 ἐξ
1366 473 1455 508 ἀρχῆς
1477 473 1608 500 ὑπόθεσιν
1636 473 1729 507 σαφῶς
1750 472 1856 504 ειδέναι,

1073 519 1120 544 καὶ
1136 518 1224 550 δίκαις
1240 519 1285 546 τὸν
1295 519 1376 546 τόκον
1391 521 1452 551 ταῖς
1469 519 1597 554 ἐσχάταις
1609 519 1776 553 ὑπαγαγεῖν,
1793 519 1858 554 ὅπερ

1073 564 1168 591 ἓλοιντ⁵
1184 565 1217 591 ἂν
1228 565 1260 600 ἢν
1271 565 1397 592 ὁπωσοῦν
1414 565 1600 600 σωφρονῶσιν.

1112 656 1189 691 Ἔχει
1216 656 1270 690 γὰρ
1298 655 1395 687 οὕτως.
1414 656 1520 689 Ἕδειξε
1545 665 1636 683 τοινυν
1657 657 1687 682 ὲν
1708 656 1862 690 ἀνθρώποις

1075 701 1204 734 γενέσθαι
1221 701 1452 736 φιλοσοφώτερον.
1469 702 1518 728 καὶ
1540 702 1654 734 καλλίω,
1670 701 1718 728 καὶ
1735 701 1831 736 παρὼν
1849 701 1863 727 6

1075 748 1235 782 νομοθέτης.
1253 749 1302 781 Τίς
1314 749 1369 784 γὰρ
1384 749 1418 776 ἂν
1439 749 1598 776 ἐπιστεύετο
1612 750 1647 775 τὰ
1663 748 1828 784 γράμματα,
1846 747 1862 783 ἢ

1076 795 1090 820 ὸ
1101 794 1187 821 ταῦτα
1198 795 1259 825 δούς
1272 803 1279 826 ;
1301 795 1416 821 Ἔπειτα
1432 795 1472 827 δὲ,
1487 795 1510 821 ει
1523 796 1573 830 τῆς
1590 794 1658 829 πρὸς
1675 795 1720 821 τὸν
1735 794 1804 820 Θεὸν
1819 794 1864 820 καὶ

1077 840 1141 870 τοὺς
1166 839 1327 874 ὁμοδούλους
1344 840 1456 875 ἀγάπης
1480 840 1628 875 ἐξήρτηται
1658 841 1751 874 νόμος.
1780 840 1795 866 6
1819 840 1864 866 τὸν

1077 883 1239 917 ἀνδροφόνον
1246 884 1405 916 ἀποτιννὺς,
1417 884 1518 910 καὶτὸν
1533 884 1635 919 μοιχὸν,
1650 885 1698 911 καὶ
1710 885 1755 911 τὸν
1770 892 1866 919 τοιχω-

1079 930 1170 964 ρύχον,
1190 929 1238 956 καὶ¹
1250 929 1300 965 τὴν
1311 930 1397 965 ψευδῆ
1425 932 1582 966 μαρτυρίαν
1597 930 1730 964 ἐλαύνων,
1746 931 1797 957 καὶ
1820 930 1866 957 τὸν

1077 976 1156 1003 τόκον
1172 976 1306 1010 ἀναιρῶν,
1331 977 1377 1003 καὶ
1391 977 1422 1003 τὸ
1444 977 1514 1013 πρὸς
1528 977 1575 1004 τδν
1591 977 1806 1013 πλησίον’μῖσος
1822 977 1866 1004 ὲκ-

1078 1023 1194 1055 ῦά).λων,
1223 1024 1271 1049 καὶ
1292 1022 1410 1050 τοιοῦτοι
1428 1024 1460 1057 δή
1484 1031 1556 1055 τινες
1570 1023 1649 1058 νόμοι
1673 1023 1742 1058 πρὸς
1765 1023 1816 1057 τὴν
1829 1022 1867 1053 εἰς

1078 1069 1210 1104 ἀλλήλους
1219 1069 1331 1104 ἀγάπην
1341 1069 1405 1100 τοὺς
1413 1069 1574 1104 ἀνθρώπους
1583 1068 1764 1099 διατιθέντες.
1774 1067 1866 1095 τοσοῦ-

1078 1123 1124 1141 τον
1152 1115 1325 1150 ἠδυνήθησαν
1353 1115 1446 1150 μόνον,
1475 1116 1538 1142 ὅσον
1565 1115 1611 1142 τὸν
1643 1115 1692 1150 μὲν
1717 1115 1868 1149 εὐεργέτην

1080 1161 1193 1195 ποιῆσαι
1202 1161 1299 1195 φιλεῖν,
1313 1161 1412 1196 δρᾶσαι
1427 1161 1456 1188 δὲ
1469 1161 1553 1196 μηδὲν
1565 1161 1650 1188 κακὸν
1660 1161 1706 1188 τὸν
1717 1160 1868 1196 ἠδικηκότα

1082 1208 1184 1242 μηδέν·
1205 1205 1243 1235 ὧν
1265 1207 1410 1243 οὐδέτερον
1429 1207 1537 1241 ἀληθῶς
1558 1207 1765 1242 φιλανθρωπία·
1785 1207 1816 1234 τό
1840 1215 1869 1232 τε

1080 1253 1133 1287 γὰρ
1149 1252 1186 1288 μὴ
1204 1253 1305 1287 μισεῖν,
1319 1253 1397 1280 οὔπω
1405 1253 1493 1288 φιλιῐν
1503 1255 1573 1285 ἔστι,
1596 1253 1628 1279 τό
1645 1262 1674 1280 τε
1691 1253 1738 1279 τὸν
1754 1261 1870 1286 πεποιη-

1081 1299 1147 1325 κότα
1167 1299 1267 1333 φιλεῖν,
1283 1299 1315 1326 οὐ
1336 1299 1382 1326 τὸν
1402 1299 1548 1335 ἄνθρωπόν
1567 1300 1626 1326 lem
1640 1299 1797 1334 φιλοῦντος,
1813 1298 1869 1326 ἀλλ’

1081 1343 1148 1369 αὐτὸ
1161 1343 1193 1378 δὴ
1205 1343 1236 1370 τδ
1252 1343 1283 1371 εὖ
1295 1345 1472 1371 πεπονθέναι.
1484 1345 1586 1371 Τοῦτον
1597 1345 1630 1380 δὴ
1643 1344 1689 1372 τὸν
1705 1345 1811 1380 τρόπον
1823 1345 1869 1380 τὴν

1081 1390 1195 1425 ἀγάπην
1217 1390 1273 1417 τῶν
1307 1391 1431 1418 παλαιῶν
1461 1391 1636 1428 γραμμάτων
1659 1392 1786 1418 ἀποῦσαν
1813 1391 1869 1418 δέον

1082 1436 1205 1468 εἰσάγειν
1221 1444 1228 1451 ·
1249 1436 1328 1464 τοῦτο
1352 1437 1407 1472 γὰρ
1427 1435 1463 1472 ἧν
1486 1438 1667 1474 πληρωθῆναι
1685 1439 1731 1464 τὸν
1759 1439 1844 1472 νόμον
1864 1445 1871 1453 ·

1083 1483 1144 1509 τίνα
1156 1482 1211 1509 τῶν
1221 1482 1309 1510 ἄλλων
1321 1484 1488 1518 εἰσενεγκεῖν
1499 1484 1573 1516 εἰκὸς
1583 1482 1628 1520 ἦν,
1638 1485 1654 1520 ἢ
1666 1484 1712 1511 τδν
1724 1485 1774 1512 τοῦ
1790 1485 1870 1519 νόμου

239 1533 290 1560 xit.
308 1532 367 1560 Non
382 1534 455 1560 enim
469 1538 662 1562 testamentum
678 1535 789 1569 aliquod
809 1535 916 1562 tertium
937 1543 1029 1570 exspe-

1084 1529 1251 1565 τελειωτήν;
1269 1529 1369 1557 οὐκοῦν
1385 1531 1558 1565 εἰσήνεγκεν.
1574 1531 1612 1557 οὐ
1630 1530 1683 1566 γὰρ
1695 1530 1728 1566 δὴ
1739 1531 1872 1566 διαθήκην

239 1584 357 1611 ctamus,
377 1588 426 1608 nec
452 1581 536 1607 alium
553 1580 645 1615 populi
661 1581 802 1608 ductorem
817 1581 1031 1609 moderatorem-

240 1633 304 1660 que,
318 1626 363 1660 qui
379 1627 505 1654 meliores
517 1628 588 1661 leges
599 1626 681 1653 ferat.
694 1626 889 1661 Proindeopus
903 1627 954 1654 fuit
965 1627 1032 1662 legi-

240 1671 303 1704 bus,
314 1681 368 1699 non
385 1674 485 1704 solum,
501 1672 573 1700 «Non
588 1673 701 1700 habebis
713 1673 777 1700 odio
787 1675 971 1708 proximum,»
984 1674 1032 1702 sed

243 1719 336 1749 etiam,
348 1729 357 1745 ι
371 1719 469 1754 Diliges
482 1719 637 1754 proximum
647 1719 667 1746 ⁸.
682 1729 691 1745 ι
704 1719 781 1752 Quod
790 1720 813 1747 si
828 1720 933 1754 diliges,
951 1720 1032 1747 etiam

243 1764 314 1791 bene
327 1765 360 1791 de
375 1765 420 1790 illo
435 1765 583 1793 memberis
603 1773 656 1793 non
672 1770 777 1793 tantum
794 1770 824 1792 ut
836 1766 1032 1799 remunereris,

243 1810 292 1838 sed
310 1810 391 1837 etiam
415 1814 445 1837 ιιι
461 1811 601 1839 beneficiis
623 1815 790 1839 antevertas.
811 1811 899 1846 Atque
915 1812 951 1838 ita
977 1819 1031 1838 non

242 1856 332 1883 solum
349 1864 403 1883 non
418 1856 496 1884 dabis
519 1855 607 1884 fenori
628 1861 772 1891 argentum
791 1861 866 1884 tuum
880 1856 960 1884 fratri
976 1862 1033 1890 tuo,

245 1903 272 1929 id
291 1909 343 1934 est,
363 1903 430 1930 nihil
448 1903 482 1929 ab
499 1903 544 1930 illo
559 1903 722 1935 lucrahcris,
737 1902 784 1930 sed
804 1903 875 1937 quod
892 1903 934 1930 his
947 1903 1035 1938 majus

244 1949 375 1984 quiddam
391 1954 441 1981 est,
458 1957 519 1976 cum
537 1949 676 1984 indigente
699 1952 744 1976 tua
767 1948 850 1976 facies
866 1950 1033 1977 communia.

245 1996 308 2022 Hrec
324 1995 523 2030 perfectissimo
542 1995 695 2029 przestanda
716 2001 796 2027 sunt;
812 2002 928 2029 quorum
945 1994 1035 2028 negli‘

245 2046 339 2074 gentes
363 2041 535 2068 dccantatam
552 2041 625 2067 illam
649 2041 800 2073 gehennam
819 2041 892 2068 circa
919 2040 1035 2075 impedi-

244 2091 366 2113 mentum
393 2088 593 2121 experiunlur:
613 2096 622 2112 ι
643 2085 700 2113 Hoc
720 2086 791 2113 enim
810 2091 852 2113 est
878 2086 1035 2113 mandatum

244 2140 336 2160 incum
349 2153 355 2164 ,
374 2132 473 2166 inquit.
487 2138 517 2159 ut
529 2132 647 2166 diligatis
667 2132 784 2159 invicem
799 2131 809 2147 '
823 2139 831 2164 ;
845 2141 854 2157 ι
879 2139 932 2158 non
952 2139 1035 2158 unum

246 2179 281 2206 de
296 2179 444 2208 mandatis.
461 2180 506 2206 sed
527 2179 614 2213 ipsum
633 2178 803 2206 mandatum.
836 2177 906 2212 Ergo
930 2178 951 2205 si
979 2178 1037 2205 inec

1083 1575 1180 1610 τρίτην
1198 1576 1261 1604 τινὰ
1280 1576 1489 1612 προσδοκῶμεν,
1506 1577 1566 1604 οὐδὲ
1586 1578 1754 1613 δημαγωγὸν
1770 1578 1872 1613 ἓτερον,

1083 1621 1113 1653 ὃς
1128 1622 1231 1648 καλλίω
1250 1623 1440 1657 νομοθετήσει.
1459 1623 1516 1650 Καὶ
1535 1624 1625 1650 τοίνυν
1650 1624 1757 1658 ἀνάγκη
1785 1625 1873 1659 νόμων

1082 1667 1114 1694 οὐ
1131 1668 1211 1701 μόνον
1225 1669 1266 1695 οὺ
1275 1669 1428 1702 μισήσεις,
1443 1669 1512 1696 ἀλλὰ
1523 1671 1580 1702 καὶ,
1589 1670 1734 1705 (uiderem
1740 1671 1797 1698 τὸν
1806 1672 1872 1705 ὁμσ-

1083 1715 1192 1748 φυλον.
1211 1715 1241 1740 El
1259 1714 1287 1741 δὲ
1303 1714 1427 1749 φιλήσεις
1450 1715 1497 1742 καὶ
1511 1713 1541 1742 εὖ
1553 1716 1685 1751 ποιήσεις,
1702 1716 1754 1743 οὐκ
1764 1716 1874 1752 ἀμειὸό-

1086 1770 1165 1796 μενος
1191 1762 1280 1796 μόνον,
1308 1762 1376 1789 ἀλλὰ
1405 1763 1452 1789 καὶ
1482 1764 1615 1798 ὑπάρχων
1644 1763 1776 1799 χρηστός.
1802 1763 1874 1791 ENA

1084 1807 1173 1838 τοῦτο,
1189 1807 1239 1842 οὐχ
1262 1809 1337 1839 ὅπως
1361 1809 1411 1835 οὐκ
1430 1809 1564 1841 ὲκτοκιείς
1579 1810 1609 1836 τὸ
1625 1809 1759 1845 ἀργύριόν
1775 1819 1822 1836 σου
1837 1810 1874 1842 τῷ

1085 1853 1193 1889 ἀδελφῷ
1211 1862 1270 1887 σου,
1288 1854 1358 1890 ὅπερ
1375 1855 1461 1886 ἐστὶν,
1487 1856 1518 1882 οὗ
1533 1855 1587 1882 τῶν
1603 1857 1712 1882 ἐκείνου
1729 1865 1758 1883 τι
1777 1857 1874 1891 κερδα-

1085 1901 1157 1931 νεῖς·
1181 1900 1251 1927 ἀλλὰ
1270 1901 1317 1928 καὶ
1333 1901 1428 1928 τούτου
1445 1901 1528 1928 πλέον
1542 1911 1569 1928 τι
1586 1903 1640 1928 τῶν
1655 1902 1757 1929 σαυτοῦ
1781 1911 1873 1929 κοινω-

1086 1946 1189 1981 νήσεις.
1204 1947 1297 1974 Ταῦτα
1311 1948 1338 1974 δὲ
1353 1947 1502 1982 φυλάσσειν
1521 1948 1553 1974 ὲκ
1572 1949 1674 1979 παντὸς
1687 1949 1804 1984 τρόπον,
1829 1949 1874 1974 καὶ

1085 1995 1150 2025 τοὺς
1165 1994 1352 2029 περιορῶντας
1369 1994 1446 2021 οὐδὲν
1465 1994 1566 2020 κωλύει
1582 1995 1631 2029 τῆς
1648 1995 1827 2030 ὑμνουμένης
1843 1993 1873 2020 ἂν

1087 2039 1251 2075 πειραθῆναι
1266 2040 1390 2075 γεέννης,
1419 2049 1428 2065 ι
1440 2039 1515 2074 Αὕτη
1540 2041 1592 2075 γάρ
1616 2041 1690 2067 ἐστιν
1711 2041 1728 2076 ή
1745 2041 1839 2074 ἐντολὴ
1858 2040 1874 2074 ἡ

1086 2086 1152 2121 ἐμὴ,
1170 2086 1264 2121 φησιν,
1295 2087 1340 2112 ἵνα
1354 2086 1480 2118 ἀγαπᾶτε
1502 2086 1633 2121 ἀλλήλους
1648 2094 1655 2101 ·
1673 2095 1683 2112 ι
1702 2087 1732 2113 οὐ
1761 2086 1810 2122 μία
1824 2085 1874 2112 τῶν

1087 2132 1213 2163 ἐντολῶν,
1227 2132 1285 2158 ἀλλ’
1301 2132 1371 2167 αὑτὴ
1387 2133 1403 2167 ἡ
1419 2132 1524 2167 ἐντολή.
1538 2133 1569 2159 Εἰ
1583 2132 1611 2159 δὲ
1626 2133 1706 2159 τοῦτο
1736 2134 1791 2164 πᾶς
1805 2133 1819 2159 ὁ
1830 2130 1874 2158 τοῦ

1088 2178 1210 2213 Χριστοῦ
1231 2179 1325 2214 νόμος,
1342 2176 1420 2210 οὗτος
1442 2179 1519 2214 μὲνὺ
1541 2179 1604 2211 τοὺς
1623 2179 1776 2214 στεφάνους
1797 2180 1874 2214 ἔχων,

245 2230 287 2253 est
300 2227 426 2252 universa
444 2226 486 2252 lex
505 2226 626 2257 Christi,
642 2226 699 2253 hac
713 2230 756 2253 est
772 2233 832 2259 qua!
847 2232 964 2252 coronas
987 2225 1029 2251 ha-

1090 2225 1159 2260 ὑπὲρ
1174 2213 1270 2252 τούτου
1283 2225 1312 2252 δὲ
1322 2226 1417 2259 γέεννα
1429 2213 1477 2252 καὶ
1496 2225 1591 2257 σκότος
1606 2213 1762 2252 ἀπειλεῖται
1778 2225 1826 2252 καὶ
1843 2223 1876 2250 τὰ

247 2275 310 2304 Iret;
326 2277 352 2298 et
375 2277 484 2306 propter
499 2280 558 2300 eam
568 2273 647 2300 nobis
666 2273 800 2307 gehenua,
824 2275 850 2298 et
865 2271 993 2302 tenehne,
1010 2275 1038 2297 et

247 2319 319 2344 mala
334 2318 456 2344 omnium
472 2317 633 2352 gravissima
651 2317 831 2344 intentantur.
854 2315 883 2342 Si
906 2317 978 2343 enim
996 2320 1038 2342 to-

247 2369 302 2392 tam
324 2365 408 2398 legem
424 2364 527 2391 violare
557 2372 610 2391 non
639 2367 680 2390 est
696 2363 784 2396 nefas,
803 2363 896 2390 nescio
919 2370 1036 2396 quorum

247 2412 356 2438 tandem
376 2416 548 2445 pecvatorum
565 2418 659 2446 poenas
685 2409 897 2441 simus'luituri,
916 2409 1037 2443 autquis

247 2457 427 2491 vapulaturus
442 2457 478 2484 sit
496 2458 598 2485 multis.

285 2504 317 2532 Et
336 2504 401 2538 quid
422 2505 464 2532 his
490 2512 560 2539 opus
588 2508 641 2535 est,
667 2511 730 2531 cum
759 2504 846 2538 ipsam
872 2502 1039 2538 legislatoris

249 2551 413 2580 sententiam
441 2551 540 2585 legere,
563 2557 651 2584 eaque
674 2550 846 2584 propositum
875 2549 1041 2577 confirmare

248 2599 351 2627 liceat?
364 2607 373 2624 ι
388 2598 522 2625 Discedite
532 2605 547 2624 a
558 2605 612 2627 me.
636 2596 784 2629 maledicti,
797 2597 896 2631 inquit,
909 2596 935 2622 in
950 2596 1039 2630 ignem

249 2650 383 2673 aeternum
406 2645 433 2676 ⁶;
458 2653 466 2669 ι
489 2651 542 2670 non
555 2651 618 2676 qun
639 2643 719 2670 fenus
738 2642 894 2677 accepistis.
908 2642 955 2669 sed
972 2641 1038 2675 quia

249 2692 285 2719 de
301 2691 400 2719 vestris
417 2691 594 2717 facultatibus
610 2691 652 2717 his
666 2689 712 2724 qui
726 2689 841 2723 egebant
857 2687 927 2715 nihil
943 2687 1039 2715 tribui-

252 2737 314 2764 stis.
331 2736 452 2763 Audin“!
468 2735 528 2763 1am
541 2737 564 2764 si
583 2744 631 2763 sua
648 2744 701 2762 non
718 2734 892 2770 proﬁcientes
908 2738 962 2760 tam
977 2740 1039 2768 gra-

253 2783 324 2811 viter
351 2783 465 2816 multat,
491 2788 667 2811 emunctorcs
694 2783 763 2809 istos
789 2785 817 2809 et
845 2781 1040 2816 compilatores

1089 2272 1191 2306 ἔσχατα
1210 2272 1264 2299 τῶν
1279 2272 1384 2299 κακῶν.
1402 2271 1434 2298 El
1451 2272 1506 2306 γὰρ
1521 2271 1568 2297 τὸν
1580 2271 1689 2298 ἅπαντα
1705 2272 1790 2305 νόμον
1802 2270 1875 2297 οὺδὶν

1087 2317 1174 2344 δεινὸν
1199 2317 1388 2352 ὐπερὸαἰνειν,
1410 2317 1461 2344 οὐκ
1484 2315 1546 2343 οἶδα
1570 2317 1652 2343 τίνων
1667 2315 1876 2351 ἁμαρτημάτων

1088 2363 1201 2398 τίσομεν
1215 2363 1332 2398 δίκας,ἢ
1349 2363 1390 2395 τίς
1402 2363 1552 2398 δαρήσεται
1572 2363 1686 2395 πολλάς.

1126 2496 1213 2524 Καὶτί
1227 2495 1269 2522 δεῖ
1279 2494 1394 2527 τούτων,
1407 2493 1564 2529 ὅταναὺτὴν
1575 2493 1622 2528 ἐξῇ
1634 2493 1682 2525 τὴν
1693 2493 1784 2529 ψῆφον
1795 2493 1877 2525 ἀναγ-

1089 2545 1168 2572 νόντα
1177 2543 1223 2570 τοῦ
1233 2542 1379 2578 νομοθέτου
1387 2541 1518 2574 διαδεῖξαι
1525 2541 1556 2567 τὸ
1566 2541 1756 2575 προκείμενον;
1765 2537 1878 2574 .11on-

1090 2592 1165 2624 εσθε,
1178 2591 1270 2624 φησὶν,
1283 2589 1332 2616 ἀπ’
1343 2589 1423 2624 ἐμοῦ,
1438 2589 1463 2615 οί
1481 2588 1680 2623 κατηραμένοι,
1691 2587 1729 2618 είς
1741 2587 1772 2612 τὸ
1783 2585 1839 2617 πῦρ
1850 2584 1878 2610 τὸ

1091 2638 1228 2669 αἰώνιον.»
1248 2636 1298 2670 οὐχ
1310 2635 1352 2662 ὅτι
1368 2635 1465 2665 τόκους
1483 2634 1537 2660 ἀπὸ
1550 2633 1605 2660 τῶν
1617 2632 1739 2665 ἀδελφῶν
1756 2630 1877 2659 ὲλὰῡετε,

1091 2685 1150 2712 ἀλλ’
1166 2685 1207 2711 ὅτι
1223 2682 1278 2709 τῶν
1293 2682 1402 2708 οἰκείων
1423 2681 1453 2707 οὺ
1472 2680 1642 2715 μετεδώκατε
1658 2680 1713 2710 τοῖς
1732 2677 1877 2712 δεηθεῖσιν.

1098 2731 1240 2763 ’Λκούειςς
1259 2730 1284 2756 εἱ
1297 2729 1326 2756 δὲ
1342 2729 1406 2760 τοὺς
1420 2727 1458 2762 μὴ
1473 2727 1507 2754 τὰ
1519 2727 1607 2754 οἰκεῖα
1619 2726 1767 2761 ῥίπτοντας
1785 2721 1878 2750 τοσού-

1093 2787 1148 2806 των
1163 2778 1277 2812 τιμᾶται
1293 2775 1398 2807 κακῶν,
1411 2774 1475 2806 τοὺς
1489 2773 1679 2809 ἀποστερητὰς
1693 2769 1820 2799 τουτουσὶ
1834 2766 1878 2796 καὶ

291 2871 302 2888 ⁵
316 2871 401 2901 chit.
418 2881 474 2907 xix,
494 2872 537 2907 Π,
560 2872 611 2907 18;
633 2871 728 2900 Matth.
746 2879 813 2906 xxu,
833 2871 877 2899 59.
917 2871 926 2888 °
941 2869 1020 2899 Joan.
1046 2877 1106 2902 xui,
1121 2869 1167 2896 54.
1206 2868 1215 2883 °
1233 2865 1328 2894 Matth.
1344 2873 1405 2898 xxv,
1424 2863 1466 2890 ll.
