1967 3071
98 157 153 189 ’133

606 158 750 189 ORATIO
769 157 920 189 CONTRA
940 159 1228 190 FENERATORES-
1663 163 1714 194 73‘

97 213 254 244 λωποδύτας
277 213 328 239 ποῦ
350 212 546 248 παραπέμψας
575 214 611 240 Σὺ
632 214 661 240 δὲ
685 214 781 245 τόκους
798 214 877 248 ἔχων,

931 221 1048 247 quonam
1065 215 1171 242 mittet?
1185 214 1224 241 Tu
1242 221 1330 242 autem
1346 223 1407 242 eum
1422 222 1526 251 qua-stu
1550 223 1596 244 tuo
1612 218 1717 246 fenera-

98 260 221 294 νομίζεις
239 260 288 294 τὴν
306 259 419 293 γέενναν
434 261 530 294 φυγεῖν
555 260 606 292 ἀν;
622 260 670 286 καὶ
692 260 744 286 οῐει
775 267 882 294 σωφρο-

98 307 171 339 νεῖν;
188 306 235 332 καὶ
247 305 304 336 πῶς
313 305 344 331 οὐ
362 304 464 340 μᾶλλον
485 305 658 340 ἀτοπώτερος
671 303 704 337 εί,
729 306 775 331 καὶ
788 304 883 331 τοσοῦ-

97 359 144 377 τον
170 350 320 384 ἀξιώτερος
345 349 399 376 τῶν
425 350 557 384 ἐσχάτων,
583 351 644 376 ὅσον
675 349 728 376 οὐδ’
752 350 836 384 ἔγνως
857 347 885 376 οἷ

98 395 192 421 κακῶν
209 392 251 427 si;
269 394 322 421 οὐδ’
336 394 450 430 αίσχύνῃ
468 396 584 429 πονηρὸς
604 395 652 427 ὣν,
668 395 722 421 οὐδ’
739 395 880 430 ὲρυθριᾶς,

98 440 159 466 οὐδὲ
179 440 271 474 ζητεῖς
287 439 433 475 βάραθρον,
452 439 511 466 ἀλλ’
521 440 635 466 ἑστῶσιν
655 439 802 474 ὀφθαλμοῖς
816 440 881 474 ὁρᾷς

97 487 148 521 τὴν
163 487 259 513 ἀκτῖνα
267 493 274 519 ;

134 532 190 558 Καὶ
202 532 228 558 τί
243 532 334 565 Myro;
357 531 388 557 τδ
401 533 457 566 γὰρ
475 531 610 567 χείριστον
627 531 764 563 ἁπάντων,
779 530 820 557 ὅτι
836 531 882 556 καὶ

97 577 153 604 τῶν
170 577 302 611 γενναίων
324 576 427 603 τούτων
457 577 548 609 ἐνίοις,
578 577 626 603 καὶ
650 575 820 610 ἐλεημοσύνη
851 576 882 602 τὸ

99 624 218 658 πρᾶγμα
231 623 315 654 δοκεῖ,
331 623 378 648 καὶ
393 622 448 648 τῶν
462 623 585 655 δανείων,
596 622 634 654 ὡς
645 623 676 657 δή
687 631 768 649 τινων
783 629 881 655 κατορ-

99 668 237 703 θωμάτων
257 668 428 703 μεμυημένοι
444 667 632 702 σεμνύνονται,
655 666 702 693 καὶ
719 667 882 697 καταλέγου-

100 721 153 745 σιν,
173 709 214 745 οἷς
229 712 359 748 ἔχρησαν,
377 711 469 748 ὦνπερ
484 713 650 747 ἐκέρδαινον,
667 712 705 742 ὡς
728 710 758 737 εὖ
783 719 882 737 πεπον-

100 757 182 788 θότας
198 757 247 791 τῆς
259 758 430 792 σκαιότητος.
452 757 554 792 Σεμνὸς
579 753 602 782 εί
625 756 809 790 τοκογλυφῶν,
825 755 883 781 δέον

100 802 334 837 κατορύττεσθαι;
352 803 399 828 καὶ
415 802 503 832 διδοὺς
519 801 562 836 ἐφ’
583 799 605 836 ᾧ
625 801 788 835 κερδαίνειν,
808 800 883 834 ἐλεή-

102 856 177 882 μων;
192 847 295 874 οὐκοῦν
309 850 355 875 καὶ
369 848 414 874 τὸν
427 848 549 884 γεωργὸν
566 848 652 878 εἴποις
666 847 698 873 ἃν
710 846 821 880 τρέφειν
833 846 883 879 τὴν

933 260 992 286 titio
1007 263 1034 286 te
1060 261 1211 292 gehennam
1236 260 1410 292 ell’ugiturum
1439 263 1556 289 censos?
1583 263 1615 289 Et
1641 271 1716 291 sanae

933 305 1032 332 lltt'lllis
1047 313 1107 332 esse.
1124 307 1222 340 putas?
1237 311 1263 333 et
1286 307 1424 341 quomodo
1447 316 1499 334 non
1524 309 1613 342 potius
1637 309 1714 336 stoli-

932 351 1002 382 dior,
1016 357 1043 378 et
1061 357 1134 378 tanto
1150 353 1277 379 extremis
1296 353 1436 387 suppliciis
1461 354 1584 388 dignior,
1609 361 1711 389 quinto

932 404 982 423 nec
997 397 1066 423 nosti
1082 398 1127 423 ubi
1145 399 1276 424 malorum
1294 398 1331 425 sis
1345 408 1352 425 τ
1366 407 1415 426 nec
1433 407 1495 425 cum
1512 399 1652 433 improbus
1665 401 1714 431 sis,

932 441 1136 472 verecundaris,
1155 449 1204 468 nec
1220 443 1372 474 erubescis.
1387 451 1435 470 nec
1457 444 1541 471 vitare
1556 445 1713 472 barathrum

932 486 1041 519 quaeris,
1057 488 1102 512 sed
1125 488 1184 514 fixis
1201 488 1286 515 oculis
1304 489 1409 515 radium
1427 489 1561 517 intueris?

967 531 1139 566 Quidiquod
1157 533 1303 566 pessiuntm
1323 537 1364 560 est
1388 535 1519 565 omnium,
1548 534 1712 566 quibusdam

931 576 1050 603 virorum
1064 577 1178 605 istorqu
1194 579 1339 612 insignium
1352 586 1434 606 usura
1448 580 1529 606 etiam
1543 579 1713 614 eleemosyna

932 622 1048 651 videtur.
1066 627 1091 649 et
1115 623 1207 651 fenore
1236 625 1307 657 velut
1323 625 1486 658 quibusdam
1506 625 1649 652 virtutibus
1663 626 1717 652 ini-

932 668 989 696 tiati
1001 668 1159 701 gloriantur,
1170 674 1386 704 emtmerantque
1402 675 1530 704 tanquam
1545 670 1685 697 beneﬁciis
1701 679 1716 697 ιι

933 720 963 740 se
980 713 1100 745 adactos,
1117 715 1215 748 quibus
1233 715 1445 746 commodarint.
1461 721 1487 743 et
1513 723 1528 742 a
1551 716 1651 750 quibus
1668 723 1717 742 ea-

933 759 993 786 dem
1007 767 1088 793 opera
1105 760 1187 787 lucris
1205 761 1277 787 aucti
1304 761 1367 788 sint.
1397 761 1463 788 Hem
1489 761 1650 788 stultitiam!
1676 760 1717 788 Tu

934 805 1074 838 honestus,
1089 807 1134 839 qui
1152 807 1250 833 tabulis
1269 808 1378 834 nomina
1392 815 1498 839 eorum,
1518 808 1617 841 quibus
1634 815 1717 840 pecu-

934 851 980 878 nia
1005 851 1092 878 fenori
1110 851 1171 878 data
1187 858 1228 878 est
1245 853 1381 883 inscribis.
1403 861 1472 887 quas
1484 854 1566 880 homo
1579 856 1717 887 oporteret

100 895 165 928 γῆν,
180 895 222 920 ὅτι
244 894 333 928 ῥίπτει
359 894 404 920 τὸν
433 896 514 924 σῖτον,
544 894 587 920 ἵνα
613 893 762 928 κομίσηται
777 891 877 918 πλείω·

932 896 1063 924 obruere?
1082 896 1113 923 Et
1127 897 1173 931 qui
1189 897 1237 924 das
1259 902 1288 923 ut
1303 897 1423 928 lucrere,
1442 906 1471 924 es
1488 897 1663 924 misericm's‘i
1677 897 1716 924 lla

103 940 203 975 μᾶλλον
226 940 254 966 δὲ
280 940 330 975 τὴν
357 940 479 967 ἑστίασιν
506 939 722 975 ἀνθρωποφάγου
745 938 881 971 καλέσεις,

100 986 190 1022 οἶμαι,
218 986 436 1021 φιλοφροσύνην·
451 986 480 1017 ὃς
496 984 525 1012 εὖ
549 986 595 1013 καὶ
614 985 705 1016 καλῶς
722 985 815 1019 τρέφει
837 983 882 1009 τὸν

98 1032 254 1066 ἄνθρωπον,
270 1031 313 1058 ἵνα
328 1031 474 1067 καταφάγῃ
484 1031 574 1062 πίονα,
589 1032 635 1057 καὶ
648 1031 680 1057 σὺ
691 1031 779 1056 τοίνυν
791 1028 879 1060 δίδως,

101 1078 144 1104 ῐνα
167 1079 229 1109 τοὺς
247 1077 405 1112 ἀλλοτρίους
427 1077 644 1112 καρπωσάμενος
663 1077 771 1108 πόνους,
790 1075 881 1101 πλεῖον

100 1125 218 1159 ποιήσῃς
245 1123 277 1149 τὸ
304 1123 450 1158 ἀργύριον·
469 1122 529 1149 εἶτα.
554 1123 677 1157 ἐλεήμων
691 1121 733 1154 si;
761 1121 809 1148 καὶ
832 1121 881 1147 οὐκ

99 1170 227 1205 αἰσχύνη,
245 1169 283 1204 τῷ
301 1170 409 1196 πάντων
426 1169 558 1205 αἰσχίστῳ
581 1169 724 1204 πράγματι
743 1169 774 1194 τὸ
791 1167 881 1202 κᾴλλι-

100 1223 162 1242 στον
178 1215 319 1249 ὀνομάτων
334 1215 503 1250 περιτιθείς;

141 1349 220 1376 Ἀλλά
235 1349 341 1380 πολλοῖς
357 1347 440 1375 ἔλυσα
462 1347 568 1380 πενίαν,
591 1349 684 1383 φησίν.
705 1347 742 1374 Οὐ
759 1355 882 1383 προῃρη-

98 1396 191 1430 μένος,
210 1395 268 1422 ἀλλ’
288 1394 360 1421 οὕτω
376 1394 495 1430 συμϐάν.
508 1395 544 1421 Συ
558 1394 607 1429 μὲν
619 1395 673 1429 γὰρ
690 1394 758 1428 πρὸς
773 1394 803 1420 τὸ
817 1402 881 1428 κερ-

98 1442 201 1468 δαίνειν
235 1441 314 1476 μόνον
341 1440 440 1475 ἐώρας,
474 1440 522 1466 καὶ
549 1439 623 1466 τοῦτ’
660 1439 726 1465 αὐτὸ
751 1438 880 1470 δανείζων

98 1488 237 1519 ἔσκόπεις,
268 1488 343 1516 ὅπως
357 1487 392 1513 τὰ
409 1487 474 1513 ὅντα
499 1485 538 1520 τῷ
559 1485 657 1520 πένητι
680 1485 749 1518 πρὸς
768 1484 880 1512 σεαυτόν

98 1535 285 1570 μεταστήσῃς,
298 1533 336 1568 τῷ
347 1533 401 1560 τῶν
412 1533 498 1559 τόκων
508 1533 630 1567 ὀνόματι.
648 1532 678 1558 Εἰ
693 1532 720 1558 δὲ
737 1531 767 1558 τὸ
777 1531 880 1558 δάνειον

933 948 960 971 et
973 944 1120 978 agricolam
1146 944 1248 982 dixeris
1270 949 1369 971 terram
1386 945 1469 976 alere,
1484 944 1546 978 quia
1570 943 1635 970 serit
1658 944 1718 970 fru-

933 994 1064 1021 mentum,
1082 993 1111 1014 ut
1127 989 1186 1024 plus
1196 986 1330 1023 recipiat;
1355 989 1396 1016 vel
1422 989 1512 1023 potius
1534 988 1717 1023 epulationem

934 1036 1152 1071 authropophagi
1181 1038 1311 1067 vocabis.
1336 1038 1451 1070 oplnor,
1476 1035 1691 1062 benevolentiam
1706 1054 1715 1066 .

931 1082 995 1115 quia
1022 1082 1089 1108 bene
1114 1088 1140 1109 et
1163 1083 1276 1117 pulchre
1302 1083 1409 1117 saginat
1430 1082 1567 1108 hominem
1585 1101 1591 1111 ,
1610 1088 1638 1107 ut
1653 1089 1716 1108 eum

931 1128 1134 1162 pinguefactum
1151 1129 1274 1157 devoret.
1293 1129 1325 1155 Et
1348 1133 1376 1155 tu
1394 1129 1476 1162 igitur
1494 1128 1552 1159 das,
1571 1131 1601 1153 ut
1624 1126 1714 1154 fructu

931 1182 962 1200 ex
980 1174 1076 1201 alienis
1091 1174 1233 1202 laboribus
1247 1174 1544 1209 perceptorpecuniam
1570 1178 1642 1200 tuam
1666 1181 1717 1200 cu-

932 1220 1028 1247 mules.
1055 1219 1129 1247 Itane
1145 1228 1209 1248 vero
1226 1221 1384 1247 misericors
1399 1220 1445 1247 es?
1460 1220 1492 1247 Et
1508 1228 1559 1247 non
1584 1223 1610 1246 te
1629 1221 1714 1254 pudet

930 1265 971 1292 rei
987 1264 1108 1291 omnium
1124 1265 1287 1299 turpissimae
1303 1265 1574 1302 sceleratissimaaque
1587 1266 1716 1301 pulcher-

930 1309 1030 1337 rimum
1048 1317 1146 1336 nomen
1164 1310 1321 1343 imponere?

967 1353 1019 1382 Sed
1036 1355 1135 1381 multas
1148 1362 1161 1381 ιι
1178 1360 1334 1390 paupertate
1357 1356 1508 1389 vindicavi,
1532 1357 1628 1392 inquit.
1654 1356 1714 1387 Non

931 1401 995 1436 quia
1016 1405 1043 1427 tu
1064 1401 1092 1427 id
1114 1401 1291 1433 deliberares,
1311 1402 1358 1429 sed
1381 1403 1419 1429 ita
1443 1404 1542 1431 evenit.
1573 1403 1612 1430 Τιι
1638 1405 1713 1431 enim

931 1446 1118 1474 tantummodo
1135 1447 1296 1480 compendia
1320 1451 1366 1475 tua
1390 1449 1538 1482 cogitabas,
1559 1449 1610 1476 hoc
1625 1449 1712 1483 ipsum

931 1498 1054 1520 mutuum
1071 1493 1161 1519 dando
1177 1494 1331 1527 spectabas,
1348 1499 1377 1520 ut
1401 1495 1486 1521 mutui
1513 1495 1621 1521 nomine
1641 1494 1712 1522 bona

932 1538 1058 1573 pauperis
1073 1538 1108 1566 ad
1124 1542 1149 1565 te
1165 1539 1336 1566 transferres.
1350 1539 1425 1571 Quod
1442 1540 1465 1566 si
1481 1539 1525 1566 ille
1537 1545 1632 1567 mutuo
1644 1540 1713 1567 bene

95 1581 228 1614 γεωργῶν
245 1581 360 1612 ἐκεῖνος,
376 1579 479 1606 καλλίω
493 1579 626 1614 πεποίηκε
643 1578 693 1614 τὴν
713 1577 819 1609 ουσίαν,
833 1578 877 1604 καὶ

931 1584 1062 1612 collocato
1082 1592 1138 1612 rem
1157 1592 1235 1612 suam
1252 1584 1427 1620 ampliﬁcavit
1439 1605 1446 1617 ,
1470 1589 1712 1620 paupertatemque

97 1628 147 1662 τὴν
163 1627 259 1653 πενίαν
270 1626 320 1661 τῆς
335 1626 423 1657 οἰκίας
438 1626 575 1658 ἐξέϐαλεν,
594 1626 624 1652 οὑ
641 1627 686 1652 σον
701 1625 791 1660 ἔργον.
807 1625 836 1651 Εἰ
850 1625 878 1652 δὲ

94 1677 141 1704 καὶ
157 1675 236 1702 τοῦτο
257 1676 391 1710 δώσομεν,
404 1675 438 1701 δι’
449 1672 486 1702 ὧν
510 1675 640 1710 ἔχρησας,
659 1675 690 1701 οὐ
710 1674 744 1700 δι’
759 1671 797 1700 ὧν
811 1673 878 1698 ἀπε-

95 1724 244 1758 στέρησας.
265 1723 321 1749 Νὖν
340 1723 369 1749 δὲ
393 1723 459 1757 ἡμῖν
478 1722 589 1756 φεύγεις
616 1722 648 1747 οὐ
672 1721 726 1747 τῶν
752 1721 876 1751 δανείων,

92 1767 150 1795 οὐδ’
166 1769 207 1794 ὅτι
225 1768 262 1803 μὴ
276 1768 331 1794 τῶν
354 1768 476 1802 ἀρχαίων
495 1767 628 1800 ἀπέστης,
651 1765 708 1792 ἀλλ⁹
723 1766 764 1792 ὅτι
780 1765 877 1796 τόκους

92 1814 303 1848 προσαπαιτεῖς.
332 1813 417 1839 Τοῦτο
441 1812 468 1838 δὲ
493 1813 544 1846 οὐχ
569 1811 714 1846 ὑπερόριον
739 1811 811 1836 ποιεῖ
827 1811 876 1845 τὴν

93 1860 202 1891 πενίαν,
220 1859 288 1885 ἀλλὰ
302 1860 427 1893 κατάγει.
443 1858 505 1885 Οὐδ’
523 1857 634 1890 ὲξέὅαλέ
650 1865 677 1883 τι
700 1857 754 1883 τῶν
769 1857 823 1883 σῶν
836 1857 876 1887 είς

91 1907 138 1932 τὸν
154 1907 267 1941 πένητα,
282 1905 337 1932 τῶν
353 1906 458 1932 ἐκείνου
478 1905 505 1931 δὲ
530 1904 580 1936 τὰς
598 1904 647 1934 σὰς
673 1903 805 1937 ἐνέπλησε
821 1903 877 1937 χεῖ-

93 1960 154 1987 ρας.
170 1953 224 1977 Καὶ
247 1953 288 1978 σοι
303 1953 352 1986 μὲν
367 1952 458 1978 πλεῖον
475 1951 587 1986 ἐποίησε
607 1950 739 1984 ἀργύριον
750 1957 757 1965 ο
776 1949 875 1983 ἐκείνῳ

92 1998 120 2025 δὲ
133 1998 216 2031 κενὴν
233 1998 281 2032 τὴν
292 1998 394 2024 οἰκίαν.
409 1997 503 2024 Ταῦτα
518 1996 708 2032 φιλανθρωπία
729 1995 776 2021 καὶ
791 1996 875 2029 πενή-

91 2052 146 2069 των
163 2043 293 2077 πρόνοια;
322 2044 369 2069 καὶ
390 2042 416 2068 τί
444 2042 543 2069 κωλύει
571 2042 618 2068 καὶ
649 2042 680 2068 τὸ
703 2041 874 2068 ἀποκτείνειν

93 2089 190 2120 σώζειν
205 2089 318 2121 οἴεσθαι,
334 2088 383 2116 καὶ
398 2089 429 2114 τὸ
442 2089 603 2123 ἀποστερεῖν
617 2090 755 2124 χορηγεῖν,
773 2087 820 2114 καὶ
844 2087 874 2113 τὺ

90 2135 163 2170 λιμῷ
186 2135 289 2167 πιέζειν
315 2135 436 2168 τρέφειν,
451 2135 497 2162 καὶ
515 2135 545 2161 τὸ
561 2135 668 2170 πληγὰς
683 2134 813 2161 ἐκτείνειν
827 2142 873 2168 φι-

89 2181 300 2214 λοφρονεῖσθαις
318 2181 366 2207 καὶ
385 2180 456 2207 οὕτω
479 2181 569 2208 πάντα
597 2182 782 2216 συγκυκήσεις
805 2181 874 2215 χρή-

90 2234 176 2260 ματα.
203 2226 222 2251 Γ
225 2225 292 2256 sxw;
313 2226 400 2252 ταῦτα
431 2226 477 2252 καὶ
500 2225 594 2260 λῆρος,
620 2225 666 2251 καὶ
681 2225 757 2252 οὐδὲν
784 2225 870 2259 ὑγιές.

928 1632 1009 1658 domo
1025 1638 1073 1657 sua
1092 1631 1182 1665 eiecit,
1197 1639 1250 1658 non
1264 1636 1340 1658 tuum
1365 1630 1416 1658 hoc
1440 1638 1508 1664 opus
1529 1637 1580 1658 est.
1596 1630 1672 1663 Quod
1687 1630 1711 1657 li

929 1679 1011 1705 etiam
1036 1678 1126 1704 isthuc
1143 1677 1310 1709 dederimus,
1331 1681 1414 1708 certe,
1431 1680 1565 1710 quatenus
1589 1683 1712 1704 commo-

928 1723 1009 1755 dasti,
1029 1730 1080 1749 non
1094 1726 1227 1756 quatenus
1242 1729 1302 1748 eum
1325 1720 1470 1752 fraudasti,
1483 1721 1618 1755 profuisti.
1634 1719 1711 1746 Nunc

928 1776 980 1795 non
1001 1768 1140 1795 accusaris
1157 1774 1171 1793 a
1186 1766 1265 1794 nobis
1278 1766 1350 1800 quod
1364 1766 1412 1792 das
1428 1771 1562 1796 mutuum,
1577 1773 1626 1792 nec
1638 1765 1711 1799 quod

928 1819 1029 1841 sortem
1047 1813 1158 1847 repetis,
1183 1813 1229 1839 sed
1246 1812 1319 1846 quod
1347 1812 1457 1845 insuper
1476 1819 1588 1838 usuram
1613 1811 1710 1845 exigis.

927 1861 985 1888 Hoc
1003 1868 1057 1887 non
1078 1859 1202 1894 proﬂigat
1225 1863 1408 1893 paupertatem
1423 1878 1430 1890 ,
1447 1859 1493 1885 sed
1510 1859 1634 1890 inducit;
1661 1866 1711 1886 nec

926 1905 1026 1940 aliquid
1044 1910 1153 1932 tuorum
1175 1905 1202 1931 in
1225 1912 1372 1938 pauperem
1391 1904 1508 1934 confert,
1523 1905 1569 1931 sed
1591 1903 1648 1938 ejus
1666 1912 1695 1931 re

925 1953 977 1980 bus
995 1960 1091 1979 manus
1106 1957 1166 1979 tuas
1189 1951 1299 1985 implet;
1318 1958 1349 1977 ac
1375 1950 1422 1976 tibi
1438 1950 1548 1984 quidem
1565 1950 1707 1984 pecuniam

926 2003 1080 2033 exaggerat.
1096 1998 1133 2025 illi
1150 2000 1259 2025 domum
1274 1996 1407 2023 exinnnit.
1431 1995 1550 2022 liuccine
1579 1996 1707 2022 Immani-

926 2050 967 2072 tas
992 2049 1019 2070 et
1036 2052 1101 2071 cura
1118 2036 1289 2078 pauperum?
1307 2042 1338 2068 Et
1360 2041 1424 2075 quid
1447 2041 1538 2068 obstat
1553 2042 1618 2076 qttin
1637 2042 1710 2068 occiv

924 2092 988 2118 dere
1004 2096 1113 2126 putetur
1131 2097 1241 2118 scrvare
1252 2108 1260 2121 ,
1281 2095 1307 2115 et
1321 2088 1494 2120 defraudare,
1511 2088 1685 2122 suppeditare
1698 2107 1706 2120 ,

924 2141 951 2163 et
971 2137 1041 2163 fame
1054 2135 1188 2167 cruciare,
1203 2141 1329 2169 pascere,
1347 2138 1374 2159 et
1401 2133 1495 2168 plagas
1517 2133 1648 2165 incutere,
1665 2131 1707 2159 fa-

923 2190 988 2209 vore
1002 2181 1149 2217 prosequi?
1162 2181 1205 2208 Sic
1222 2188 1264 2207 res
1277 2186 1373 2207 omnes
1390 2178 1578 2214 permiscebis.
1598 2177 1710 2204 Ridicu-

924 2228 991 2261 lum.
1010 2237 1103 2264 nugae,
1123 2228 1189 2255 nihil
1215 2228 1329 2262 simplex
1355 2227 1399 2254 hic
1421 2231 1448 2254 et
1476 2227 1624 2253 sincerum.
1651 2225 1708 2251 lino

87 2271 200 2298 Μᾶλλον
226 2271 264 2303 δὲ,
287 2272 312 2297 εἰ
328 2271 414 2304 γέλως
431 2270 475 2306 ἦν,
491 2271 604 2297 ἀνεκτὸν
626 2270 659 2297 ἃν
673 2268 707 2306 ἦν
720 2279 726 2287 ·
748 2271 796 2298 νῦν
806 2271 834 2297 δὲ
859 2272 872 2296 ὁ

930 2282 988 2301 vero
1005 2274 1026 2301 si
1041 2273 1196 2306 ridiculum,
1211 2273 1342 2300 sustineri
1358 2276 1450 2307 posset
1465 2277 1473 2298 :
1495 2278 1567 2297 nunc
1586 2271 1708 2304 plot-atus

87 2317 228 2351 κλαυθμὸς
250 2316 296 2343 καὶΙ
311 2318 324 2343 ό
342 2316 463 2352 βρυγμὸς
480 2317 534 2344 τῶν
551 2317 672 2343 ὀδόντων»
691 2318 705 2344 ὁ
719 2317 774 2343 τῶν
785 2317 873 2343 τόκων

87 2364 148 2389 ἐστὶ
160 2363 275 2395 καρπὸς,
299 2363 347 2390 καὶ
374 2363 405 2390 τὸ
420 2363 488 2399 μετά
503 2364 640 2397 δαιμόνων
667 2364 715 2390 καὶ
730 2363 825 2389 τούτου
841 2363 873 2399 δὴ

85 2409 136 2436 τοῦ
163 2409 309 2444 δοστυχοῦς
334 2409 434 2436 κύκλου
459 2410 649 2445 κληρονομεῖν.
682 2419 692 2435 ι
721 2410 873 2446 Πορεύεσθε

87 2457 155 2491 γὰρ,
173 2456 264 2490 φησὶν,
285 2455 333 2482 ἀπ’
348 2456 427 2490 ἐμοῦ,
446 2457 470 2482 oi
483 2456 681 2492 κατηραμένοι.
708 2457 749 2487 εἰς
771 2455 802 2483 τὺ
817 2455 872 2491 πῦρ

84 2502 117 2528 τι
135 2501 251 2528 αἰώνιον.
270 2511 278 2527 I

129 2547 201 2574 Ἀλλ’
219 2547 294 2573 οὐδὲν
310 2547 379 2582 πρός
403 2556 437 2582 με
453 2547 551 2579 ταῦτα,
568 2549 661 2583 φησιν,
685 2548 714 2580 ὃς
737 2548 871 2583 ἀργυρίου

85 2593 228 2627 μετέδωκα
249 2593 287 2627 τῷ
309 2593 416 2627 πένητι,
435 2594 482 2620 καὶ
503 2593 652 2628 τραπέζης,
671 2595 718 2621 καὶ
736 2594 870 2629 ἱματίων·

84 2639 147 2666 ἀλλ’
163 2640 194 2665 οὐ
211 2639 263 2665 τῶν
281 2639 400 2671 οἰκείων,
416 2639 468 2671 ἓως
481 2640 576 2671 τόκους
599 2641 627 2666 αῑ
644 2642 735 2675 χεῖρες
751 2640 869 2675 ἔχουσιν.

88 2686 120 2712 '0
136 2685 165 2711 δὲ
182 2684 272 2719 νόμος,
286 2685 347 2711 Τῶν
361 2684 470 2718 σαυτοῦ,
485 2686 563 2720 φησὶ,
581 2686 755 2720 μεταδώσεις,
767 2686 827 2713 οὐδὲ
846 2687 870 2712 εί

84 2731 136 2766 μὲν
153 2730 216 2761 τοὺς
230 2730 326 2762 τόκους
341 2731 464 2762 ἅπαντας
477 2733 517 2762 είς
529 2732 592 2763 τοὺς
608 2732 727 2766 πένητας
746 2732 868 2768 ῥίπτεις·

81 2777 179 2802 ἔπειτα
196 2776 222 2802 τί
240 2777 286 2802 καὶ
309 2776 474 2811 legebamus;
502 2778 550 2804 καὶ
573 2778 618 2804 τὸν
637 2777 684 2805 τοῦ
704 2778 771 2805 Θεοῦ
795 2778 870 2809 λύεις

80 2823 177 2856 νόμον,
196 2822 331 2857 τοσαύτην
354 2823 456 2858 τόλμαν
471 2824 578 2859 τολμῶν
593 2825 655 2851 ὅθεν
673 2826 723 2852 οὐκ
739 2825 796 2853 ἔστι
807 2833 872 2858 κερ-

80 2868 184 2894 δαίνειν
197 2868 282 2896 οὐδέν.
299 2869 329 2895 Et
349 2868 371 2901 δῖ
384 2865 423 2900 ὦν
438 2870 586 2906 λαμόἁνεις
604 2872 708 2899 ἐλάττω
731 2872 809 2905 δίδως
822 2875 870 2900 καὶ

926 2325 952 2348 et
967 2320 1070 2348 stridor
1084 2320 1207 2347 dentium
1226 2325 1372 2346 usurarum
1397 2317 1502 2344 fructus
1524 2321 1575 2347 est,
1595 2321 1621 2343 et
1644 2324 1707 2343 cum

926 2367 1094 2394 dmuonibus
1117 2371 1144 2393 et
1172 2366 1364 2392 damnatorum
1386 2363 1488 2390 infelici
1505 2364 1582 2390 turba
1605 2363 1707 2397 perpeti

926 2412 1094 2439 atrocissima
1115 2412 1156 2438 Ait
1170 2410 1241 2437 enim
1260 2419 1267 2437 :
1289 2419 1297 2436 ι
1317 2409 1448 2437 DisCedite
1461 2416 1476 2436 a
1490 2416 1544 2440 me,
1559 2408 1706 2438 maledicti,

925 2458 952 2484 in
972 2458 1060 2492 ignem
1074 2463 1204 2484 aeternum
1218 2478 1225 2489 ,
1239 2457 1284 2491 qui
1315 2463 1426 2490 paratus
1438 2459 1480 2482 est
1495 2455 1602 2482 diabolo
1618 2459 1645 2481 et
1660 2462 1709 2481 an-

925 2505 993 2540 gelis
1007 2504 1077 2539 ejus.
1093 2514 1101 2530 ι

960 2551 1032 2578 Nihil
1049 2551 1081 2578 ad
1107 2559 1151 2578 me
1165 2551 1228 2583 ista,
1251 2551 1288 2578 ait
1305 2550 1453 2582 fenerator,
1471 2550 1517 2584 qui
1537 2549 1646 2584 pauperi
1663 2555 1707 2575 ar-

924 2601 1047 2632 genium,
1067 2601 1094 2624 et
1119 2597 1219 2624 victum
1234 2618 1242 2631 ,
1257 2601 1285 2624 et
1301 2602 1388 2624 vestes
1405 2595 1587 2624 commodavi.
1603 2597 1636 2622 At
1651 2602 1705 2621 non

923 2645 957 2671 de
975 2644 1102 2679 propriis.
1121 2644 1241 2678 quandiu
1266 2644 1294 2671 in
1323 2643 1449 2670 manibus
1476 2647 1515 2669 est
1539 2649 1633 2669 usura.
1651 2639 1706 2667 Lex

923 2694 1012 2717 autem
1025 2690 1101 2725 jubet
1114 2690 1147 2716 de
1166 2689 1224 2717 suis
1238 2689 1449 2717 communicare.
1466 2689 1492 2716 Si
1513 2693 1541 2715 tu
1559 2695 1623 2714 vero
1641 2694 1707 2713 usu-

924 2743 969 2763 ras
985 2743 1080 2763 omnes
1101 2735 1129 2762 in
1151 2742 1285 2770 pauperes
1299 2733 1432 2766 eﬂundas,
1450 2734 1566 2767 primum
1583 2733 1702 2759 nondum

924 2786 969 2808 tua
987 2780 1116 2815 prodigis.
1133 2780 1235 2807 Deinde
1249 2788 1297 2807 cur
1310 2779 1424 2814 accipis,
1444 2783 1573 2813 tantaque
1590 2778 1704 2806 audacia

924 2826 1106 2861 suscipienda,
1121 2825 1192 2852 unde
1211 2825 1257 2852 tibi
1276 2824 1344 2852 nihil
1361 2824 1468 2859 prodes,
1488 2824 1532 2850 Dei
1546 2824 1630 2859 legem
1644 2825 1704 2851 vio-

924 2873 983 2902 las?
997 2873 1072 2905 Quod
1086 2873 1108 2900 si
1126 2872 1217 2900 minus
1234 2872 1292 2905 das,
1305 2879 1386 2906 quam
1401 2871 1541 2906 accepisti,
1558 2879 1646 2907 neque
1657 2876 1703 2902 tua
