1967 3071
253 134 308 166 735

883 134 1040 165 NICOLAI
1060 135 1258 168 CABASILIE

1825 137 1877 168 736

258 191 320 223 das,
345 195 372 218 et
400 191 490 218 adhuc
516 191 605 218 aliena
630 190 748 218 retinere
774 191 998 224 deprehenderis,
1020 194 1048 218 et

1112 197 1170 229 πρός
1187 205 1219 230 γε
1242 197 1281 223 ἔτι
1297 197 1443 231 τάλλότρια
1467 196 1589 230 κατέχων
1602 194 1722 230 ἁλίσκῃ⁷
1746 194 1793 220 καὶ
1816 201 1875 219 τοσ-

258 241 336 264 tanto
356 237 474 264 deterior
490 245 518 263 es
535 237 568 264 iis
585 237 630 271 qui
657 238 684 264 in
711 238 865 271 gehennam
888 238 1041 269 mittantur,

258 288 361 317 quanto
376 283 543 310 tolerabilius
555 288 598 310 est
614 291 664 310 nec
679 283 748 310 bene
764 283 893 318 cuipiam,
911 291 960 310 nec
974 283 1044 310 male

258 329 360 357 facere.
377 335 458 362 quam
476 328 648 355 malefacere.

296 372 348 400 Sed
361 372 414 404 lex,
427 371 526 407 inquit.
539 373 676 400 communi
691 374 764 400 bono
777 375 950 409 adversatur;
966 384 1047 410 opor-

257 424 296 447 tet
313 420 384 446 enim
403 419 430 446 in
456 418 614 447 civitatibus
638 420 787 447 creditores
808 428 879 448 esse.
897 421 978 456 Atqui
999 431 1045 449 su-

259 465 335 491 blato
357 464 450 491 fenore
466 465 533 492 nulli
555 466 610 494 sint
628 473 740 494 necesse
764 470 805 493 est
823 467 868 500 qui
896 467 961 493 dent
986 475 1046 494 mu-

258 514 346 538 tuum.
365 511 436 539 Deus
451 513 560 546 quidem
575 513 649 547 quod
665 513 819 540 conducere
846 513 971 543 censuit.
996 513 1048 540 hoc

258 557 318 592 lege
333 558 510 592 praescripsit.
525 558 565 586 Tu
589 559 675 593 legem
700 560 839 594 antiquas,
858 563 885 586 et
908 560 1047 586 meliorem

259 603 398 631 ferendam
415 609 504 638 putas,
525 612 607 638 quam
624 604 696 631 Deus
720 606 830 638 tulerit,
854 611 880 633 et
907 607 1047 633 communi

260 650 404 677 hominum
417 650 614 677 consulendum
635 650 798 685 sapientius,
814 652 1049 686 prospiciendum-

259 704 313 730 que
329 697 485 723 humanius.
508 696 578 724 Sane
591 697 612 724 si
630 697 755 729 Athenis,
771 705 932 732 progressus
946 698 972 724 in
992 707 1048 725 me-

262 743 349 774 dium,
367 743 477 770 Solonis
491 743 564 778 leges
586 743 758 777 ahroganuas
780 744 895 772 suadere
921 745 1048 772 institue-

263 798 318 821 res,
336 789 504 817 moriendum
519 789 565 816 tibi
582 789 661 822 foret,
676 795 821 825 antequam
834 798 927 817 vocem
941 792 1048 818 ederes:

262 844 335 863 nunc
351 836 396 863 Dei
413 836 498 870 legem
520 844 652 863 accusans
665 857 672 867 ,
689 841 716 864 et
733 837 842 871 quidem
866 837 973 871 injuriae
999 845 1050 872 pu-

264 883 350 913 blica.
365 890 419 910 non
438 883 508 909 hanc
525 883 704 910 temeritatem
721 888 800 917 putas
824 883 973 917 iniuriam;
997 891 1050 909 uolt

264 930 410 956 amentiam
427 934 586 960 extremam,
602 936 651 955 nec
667 929 769 956 fulmen
785 929 973 962 metuis.Quiu
992 930 1049 956 into

265 983 319 1002 non
337 980 414 1002 erant
432 975 510 1002 nobis
528 975 609 1002 verba
629 975 750 1002 facienda
767 975 801 1002 ad
820 981 872 1002 tam
890 976 1052 1009 insipientes

265 1030 342 1055 atque
369 1030 400 1048 ac
424 1023 594 1050 temerarios.
611 1022 649 1050 Ne
667 1027 758 1050 tamen
780 1023 972 1050 existimentur
997 1024 1049 1050 ali-

266 1068 330 1102 quid
347 1069 438 1095 dicere
452 1074 480 1095 et
494 1070 624 1103 quosdam
649 1069 675 1095 in
696 1077 816 1095 errorem
836 1069 980 1102 deducant,
996 1078 1054 1096 om-

269 1117 345 1143 nium
365 1116 527 1142 saeculorum
545 1116 713 1149 respubliras
727 1116 796 1142 bene
815 1121 978 1150 Iemperatas
991 1125 1055 1143 con-

267 1162 426 1194 sideremus,
442 1162 468 1188 in
479 1162 578 1196 quibus
593 1161 680 1189 fenori
693 1162 845 1189 exercendo
859 1162 935 1190 locus
958 1163 1052 1190 nullus

268 1207 330 1235 fuit.

306 1252 437 1284 Primum,
455 1252 559 1280 llebraei
581 1261 637 1288 quo
663 1253 830 1281 infeliciores
850 1254 970 1286 fuerunt,
992 1255 1057 1289 quia

269 1299 356 1331 legem
383 1300 554 1326 servarunt?
585 1307 674 1327 nonne
696 1300 868 1327 felicissimi?
889 1308 979 1328 nonne
1000 1306 1058 1327 tro-

274 1346 341 1380 pads
366 1345 536 1372 ﬂoruerunt?
560 1354 651 1373 nonne
682 1347 804 1374 hostium
825 1347 952 1381 regiones
975 1355 1058 1374 occu-

271 1392 388 1426 parunt?
412 1391 461 1425 Qui
477 1400 558 1426 porro
573 1401 645 1419 nunc
662 1393 834 1420 Pala-stinam
851 1393 975 1420 liabilant
991 1393 1058 1420 Bar-

271 1439 340 1469 hari.
355 1443 381 1465 et
395 1447 459 1474 gens
476 1444 529 1466 tam
548 1439 676 1473 frequens
691 1439 852 1467 Latinorum
866 1460 874 1473 ,
890 1444 994 1466 tantum
1019 1441 1059 1467 le-

272 1493 331 1518 gem
348 1493 401 1512 non
419 1485 573 1517 adorantes,
591 1494 682 1512 nonne
701 1486 773 1513 bene
787 1487 906 1513 habent?
922 1486 993 1514 Solis
1010 1494 1059 1514 no-

1097 241 1168 277 ούτῳ
1181 242 1278 276 χείρων
1288 241 1374 274 eiad»;
1389 244 1426 274 είς
1443 242 1491 276 τὴν
1503 242 1615 275 γέενναν
1627 239 1877 273 ἀποπεμπομένων,

1097 286 1160 312 ὅσον
1179 287 1366 321 ἀνεκτότερον,
1383 288 1413 313 τὸ
1430 287 1500 321 μήτε
1517 284 1546 312 εὖ
1564 285 1686 320 ποιῆσαι,
1702 285 1771 319 μήτε
1782 283 1876 314 κακῶς

1097 333 1144 358 τοῦ
1158 332 1255 366 δρᾶσαι
1271 332 1374 363 κακῶς.

1140 377 1210 403 Ἀλλ’
1224 379 1238 403 ὸ
1253 377 1334 410 νόμος
1350 376 1388 412 τῷ
1405 376 1488 412 κοινῷ
1500 376 1636 402 λυσιτελεῖ
1651 374 1776 409 πολεμετ,
1793 374 1859 408 φησί
1869 382 1876 390 ·

1098 423 1139 450 δεῖ
1157 423 1210 457 γὰρ
1233 424 1262 449 ὲν
1287 423 1347 453 ταῖς
1372 422 1465 449 πόλεσι
1489 423 1609 457 χρήστας
1637 420 1718 448 εἶναι.
1745 421 1840 446 Τόκων
1855 419 1880 445 δὲ

1099 469 1313 504 ἀναιρουμένων,
1327 470 1435 503 ἀνάγκη
1449 467 1571 503 χρήστας
1585 469 1622 502 μὴ
1640 464 1721 493 εἶναι.
1738 466 1793 493 Καὶ
1805 467 1820 492 ὁ
1834 465 1880 499 μὲν

1099 515 1176 547 Θεὸς,
1190 516 1203 542 ὅ
1213 524 1238 542 τι
1257 516 1409 551 συμφέρειν
1422 515 1546 550 ἐνόμισεν
1563 514 1662 549 ἔθηκε·
1678 514 1711 540 σὺ
1726 513 1754 540 δὲ
1768 512 1881 547 διαγρά-

1101 569 1172 595 φεις,
1190 561 1236 588 καί⁴
1252 561 1303 588 οἴει
1325 561 1357 596 δὴ
1374 561 1422 588 τοῦ
1443 560 1511 587 Θεοῦ
1526 560 1628 587 καλλίω
1644 559 1801 593 νομοθετεῖν
1815 568 1822 591 ;
1839 559 1883 584 καὶ

1100 606 1147 632 τοῦ
1158 606 1249 632 κοινοῦ
1262 606 1315 632 τῶν
1332 606 1484 640 ἀνθρώπων
1498 605 1673 640 προνοεῖσθαι
1694 604 1743 638 μὲν
1764 604 1884 638 σοφώτε-

1102 659 1158 685 ρον,
1175 651 1304 684 κήδεσθαι
1319 651 1347 678 δὲ
1364 651 1636 687 φιλανθρωπότερονς
1652 650 1707 676 Καὶ
1723 650 1747 675 εί
1770 649 1822 683 μὲν
1839 649 1885 674 Σό-

1103 695 1186 726 λωνος
1197 695 1213 730 ἦ
1226 696 1385 734 Αυκούργου
1397 696 1479 730 νόμον
1488 696 1575 726 ἔλυες,
1585 695 1718 729 Ἀθήνῃσι
1732 694 1884 728 παρελθὼν,

1103 742 1153 768 κᾶν
1163 742 1335 776 ἁπέΟνησκες
1347 742 1412 777 πρὶν
1423 743 1532 776 ἀφεῖναι
1547 743 1639 776 φωνήν
1653 751 1658 756 ·
1678 742 1725 768 νῦν
1738 742 1766 767 δὲ
1781 741 1829 766 τὸν
1842 740 1886 767 τοῦ

1103 787 1170 813 Θεοῦ
1185 788 1266 822 νόμον
1288 788 1474 822 γραφόμενος,
1494 789 1546 814 καὶ.
1558 788 1644 814 ταῦτα
1671 787 1812 821 δημοσίων
1835 787 1889 813 ἀδις

1104 833 1246 868 κημάτων,
1259 833 1289 860 οὗ
1301 834 1451 868 παράνοιαν
1462 834 1514 869 ἡγῇ
1530 834 1578 868 τὴν
1590 833 1703 867 τόλμαν,
1715 833 1776 858 οὐδὲ
1791 832 1889 866 μανίαν

1103 880 1153 913 τὴν
1169 879 1296 914 ἐσχάτην,
1313 879 1372 905 οὐδὲ
1390 880 1531 914 σκηπτοὶις
1547 879 1722 914 προσδοκᾷς;
1749 878 1852 912 μᾶλλον
1864 877 1890 904 δὲ

1104 924 1156 951 ἔδει
1169 925 1219 959 μὲν
1232 925 1296 960 ἡμῖν
1315 925 1420 956 οὐδενὸς
1432 926 1481 961 ἥδη
1497 925 1576 958 λόγου
1593 925 1658 959 πρὸς
1683 924 1746 954 τοὺς
1761 924 1890 958 ἀνοήτους

1103 971 1225 1002 τούτους,
1245 971 1293 1005 οὐχ
1317 969 1397 1007 ἦττον
1415 971 1430 1005 ἣ
1454 971 1616 1006 τολμηρούς,
1637 970 1680 1001 Ὧς
1700 969 1734 995 ἂν
1750 969 1780 995 δὲ
1797 969 1836 1004 μὴ
1851 969 1891 994 λέ-

1104 1024 1163 1050 γειν
1178 1025 1204 1042 τι
1215 1016 1365 1049 δοκοῦντες,
1381 1017 1470 1047 ἐνίους
1484 1016 1640 1048 ἐξαπατῶσι
1653 1034 1660 1046 ,
1684 1014 1833 1048 σκοπῶμεν
1845 1013 1890 1044 τὰς

1106 1065 1138 1089 ὲκ
1161 1052 1207 1089 τοῦ
1233 1063 1335 1093 παντὸς
1359 1062 1457 1093 αἰῶνος
1473 1061 1623 1093 πολιτείας,
1647 1061 1676 1088 αἳ
1695 1060 1787 1091 καλῶς
1805 1059 1892 1086 ἐπολί-

1105 1118 1217 1140 τευσαν,
1236 1106 1273 1136 ὧν
1293 1109 1372 1140 τόκος
1386 1107 1420 1144 ἦν
1434 1108 1564 1143 οὐδαμοῦ.

1142 1245 1198 1273 Καὶ
1218 1245 1327 1280 πρῶτον
1352 1244 1475 1279 Ἑϐραῖοι
1493 1243 1520 1270 τί
1537 1243 1627 1278 χεῖρον
1642 1241 1775 1276 ἔπραξαν,
1796 1241 1838 1267 ὃτι
1852 1240 1894 1266 τὸν

1108 1293 1190 1327 νόμον
1211 1291 1333 1323 Esmun;
1358 1291 1389 1317 οὺ
1410 1290 1499 1321 πάντα
1523 1289 1672 1324 εὐτύχουν;
1695 1288 1724 1314 οὺ
1749 1286 1894 1323 τροπαίοις

1109 1338 1248 1374 ήνθησαν;
1273 1338 1302 1364 οὺ
1330 1337 1380 1371 τὴν
1401 1336 1540 1370 πολεμίων
1564 1334 1760 1369 ἐκαρπώσαντο
1776 1333 1851 1367 γῆνς
1871 1332 1893 1357 οί

1109 1384 1138 1410 δὲ
1151 1384 1198 1410 νῦν
1212 1382 1393 1417 Παλαιστίνην
1409 1381 1549 1412 οἰκοῦντες
1567 1380 1710 1415 βάρϐαροι,
1728 1378 1855 1405 τοσαῦτα
1868 1378 1895 1404 δὲ

1109 1429 1175 1464 γένη
1199 1429 1333 1459 Λατίνων,
1348 1427 1379 1454 οὐ
1397 1428 1476 1461 μόνον
1493 1427 1523 1452 οὗ
1547 1426 1592 1452 τὸν
1608 1426 1691 1460 νόμον
1708 1422 1896 1456 προσκυνοῦν-

1088 1475 1095 1478 ”
1109 1485 1156 1508 τες
1170 1475 1199 1502 εὖ
1221 1475 1388 1509 πράττουσι;
1403 1473 1502 1504 Μόνοις
1516 1471 1545 1499 δὲ
1566 1473 1631 1506 ἡμῖν
1646 1471 1695 1497 οὐκ
1710 1468 1758 1496 οἵδ’
1774 1470 1789 1495 ὃ
1807 1478 1833 1496 τι
1851 1477 1897 1503 μα-

274 1532 315 1558 bis
339 1532 431 1558 nescio
457 1531 521 1565 quid
543 1531 758 1565 iutelligentibus
783 1533 892 1566 sapiens
910 1533 961 1560 hoc
976 1541 1059 1567 genus

1113 1523 1202 1554 θοῦσι,
1215 1522 1244 1548 ’τὸ
1262 1521 1343 1555 σοφὸν
1357 1520 1435 1546 τοῦτο
1444 1520 1497 1546 τῶν
1507 1517 1682 1553 τοκογλύφων
1694 1517 1785 1551 γένος,
1802 1517 1897 1550 καινήν

274 1577 450 1606 creditorum.
467 1584 564 1603 novam
584 1579 731 1611 quamdam
749 1579 904 1611 reipublica:
920 1580 1034 1605 salutem
1052 1598 1060 1611 ,

273 1623 446 1657 iniquitatem
466 1623 572 1649 scilicet
587 1623 700 1656 invenit,
717 1628 745 1651 et
768 1625 880 1652 student
899 1628 1062 1659 persuadere

276 1669 450 1701 hominibus,
474 1678 534 1704 quae
555 1672 645 1705 primo
671 1670 776 1697 homini
799 1670 903 1704 primus
930 1672 1063 1705 impostor

275 1717 421 1751 persuasit,
436 1716 573 1743 mandatis
599 1716 646 1743 Dei
669 1725 746 1744 suam
763 1717 925 1744 sententiam
951 1722 1063 1752 antepo-

277 1770 352 1794 nere,
366 1767 393 1788 et
412 1762 456 1788 illa
474 1763 646 1798 negligenda,
663 1763 719 1790 suis
735 1768 824 1790 autem
849 1763 1041 1790 adhmrcudum
1054 1784 1063 1796 ,

278 1812 308 1834 ut
321 1808 442 1835 omnium
459 1809 586 1842 optimis;
601 1813 627 1836 et
639 1809 740 1836 violare
755 1810 836 1844 lrgv-s,
856 1810 921 1836 nihil
935 1817 994 1837 esse
1007 1811 1065 1845 pia-

277 1854 379 1883 culare.
392 1859 415 1881 el
436 1854 548 1888 insuper
563 1855 588 1881 id
606 1855 782 1888 audentibus,
799 1855 873 1888 utile;
890 1856 1065 1890 quemadmo—

278 1897 342 1925 dum
360 1903 495 1925 veterator
511 1899 554 1927 ille
571 1909 577 1926 :
598 1910 607 1926 ι
629 1899 700 1931 Non,
718 1901 826 1935 inquit,
854 1906 942 1928 morte
967 1904 1065 1929 Irorte-

279 1944 357 1974 mini,
374 1944 419 1971 sed
435 1945 512 1971 eritis
528 1945 599 1972 sicut
615 1945 651 1971 dii
665 1946 686 1972 ⁷.
703 1955 712 1970 ι
728 1946 768 1972 An
787 1954 840 1973 non
860 1947 926 1973 tales
941 1952 1006 1974 sunt
1020 1948 1066 1974 ho-

279 1997 339 2016 rum
358 1990 459 2017 voces?
477 1990 509 2017 Et
527 1990 584 2017 haec
601 1991 752 2018 sentientes
771 1999 823 2018 non
838 1992 1065 2025 contremiscunt,

279 2043 330 2062 nec
345 2036 529 2063 erubescunt;
546 2035 592 2062 sed
608 2036 634 2062 in
653 2036 753 2070 quibus
770 2037 821 2070 ipsi
844 2037 1003 2072 reipublica:
1018 2038 1066 2065 de-

280 2082 519 2112 trimentosisunt.
536 2086 564 2108 et
586 2088 695 2116 propter
717 2090 776 2116 qua:
804 2082 905 2110 ultimis
930 2083 1066 2110 mactandi

280 2133 373 2155 essent
386 2129 564 2160 cruciatibus,
578 2129 675 2155 horum
694 2129 779 2163 legem
794 2129 912 2155 divinam
924 2134 1066 2156 accusant.

282 2173 353 2200 Deus
368 2173 440 2200 cnim
462 2178 607 2208 utrumque
625 2173 751 2208 pneccpit
765 2194 772 2204 ,
797 2177 823 2200 et
842 2174 990 2202 creditores
1008 2181 1068 2202 esse

281 2219 308 2244 in
324 2218 447 2249 urbibus.
469 2224 495 2245 et
514 2227 609 2246 usuras
632 2221 728 2246 abesse
743 2219 777 2246 ab
800 2220 924 2248 urbibus.
939 2222 971 2248 Hi
993 2229 1068 2255 vero,

282 2263 346 2296 quia
368 2270 420 2289 non
445 2262 527 2290 liceat
550 2263 675 2295 lenerari,
700 2264 760 2291 ideo
780 2272 830 2291 nec
857 2271 982 2292 mutuum
1001 2266 1069 2293 dan-

282 2307 346 2333 dum
365 2311 492 2341 putantes
509 2308 560 2342 ipsi
576 2309 727 2336 creditores
740 2316 772 2336 ex
789 2309 904 2337 urbibus
921 2311 1030 2343 tollunt,
1042 2315 1070 2339 et

282 2353 361 2379 ea’de
378 2361 407 2378 re
422 2353 505 2386 legem
527 2355 740 2388 reprehemluut.

318 2398 480 2432 Quanquam
500 2400 522 2426 si
541 2405 665 2428 mutuum
684 2410 737 2429 non
753 2408 862 2438 poterat
887 2411 984 2436 purum
1008 2411 1069 2430 eSse

284 2444 317 2471 ab
333 2451 427 2473 usura.
439 2449 466 2471 et
479 2450 575 2472 natura
592 2446 672 2472 aliter
687 2455 738 2474 non
753 2449 870 2479 sinebat.
884 2449 930 2474 sed
947 2449 1071 2476 necessi-

285 2495 339 2517 tate
355 2491 510 2523 eveniebat,
532 2496 561 2518 ut
576 2492 691 2520 sublatis
705 2494 796 2521 usuris
811 2501 899 2528 neque
921 2494 1072 2522 creditores

283 2545 344 2564 esse
356 2543 477 2572 possunt,
491 2543 670 2572 :equunrerat
683 2540 788 2574 culpam
802 2540 920 2568 tribuere
937 2540 1000 2574 legi,
1012 2548 1072 2571 quae

285 2591 339 2611 non
362 2585 498 2617 exegisset
520 2584 704 2618 feneratores,
735 2586 889 2613 induxisset
913 2590 1001 2613 autem
1027 2594 1074 2621 per

284 2637 342 2662 eos,
358 2638 426 2664 quos
442 2631 597 2658 necessario
612 2639 666 2658 non
683 2633 825 2667 exegisset.
848 2632 924 2666 Quod
945 2633 966 2660 si
993 2632 1067 2659 fene~

287 2676 366 2702 randi
383 2677 534 2704 necessitas
548 2677 620 2704 nulla
636 2685 749 2712 prorsus
760 2682 813 2708 est,
828 2686 878 2705 nec
890 2683 987 2704 natura
999 2677 1076 2712 quid-

287 2729 370 2755 quam
384 2727 456 2750 velat
471 2725 557 2757 gratis
575 2724 762 2754 commodare,
783 2729 811 2750 et
824 2727 960 2751 testantur
975 2723 1001 2750 id
1016 2731 1077 2750 om-

289 2775 338 2794 nes
356 2769 495 2802 mortales,
516 2770 562 2805 qui
584 2775 657 2798 tuam
677 2771 840 2799 sententiam
856 2769 1032 2805 despiciunt;
1048 2775 1076 2798 tu

328 2859 338 2873 ⁷
359 2859 428 2886 Gen.
447 2866 488 2892 ιιι,
509 2860 533 2893 4,
548 2860 573 2888 5.

1112 1578 1173 1596 τινα
1189 1568 1326 1602 σωτηρίαν
1342 1566 1389 1593 τοῦ
1405 1565 1506 1597 κοινοῦ,
1522 1565 1572 1600 τὴν
1589 1564 1765 1598 παρανομίαν
1793 1563 1897 1597 ἐξεῦρε,

1113 1617 1161 1643 καὶ
1177 1615 1289 1651 ζητοῦσι
1305 1614 1411 1640 πείθειν
1427 1612 1598 1648 ἀνθρώπους,
1621 1611 1638 1637 ἃ
1653 1611 1698 1637 τὸν
1719 1609 1832 1643 πρῶτον
1855 1609 1898 1636 ἄν·

1114 1663 1223 1698 θρωπον
1241 1662 1255 1687 ὁ
1270 1660 1378 1696 πρῶτος
1398 1659 1491 1686 ἔπεισε
1509 1657 1690 1692 συκοφάντης,
1712 1665 1768 1683 των
1784 1656 1898 1683 ἐντολῶν

1114 1707 1161 1734 τοῦ
1174 1706 1243 1733 Θεοῦ
1261 1706 1310 1741 τὴν
1329 1705 1419 1731 αὐτῶν
1445 1703 1624 1730 ἀλλάττεσθαι
1638 1702 1763 1736 γνώμην,
1789 1701 1838 1727 καὶ
1854 1700 1899 1730 τὰς

1117 1753 1166 1788 μὲν
1181 1751 1322 1787 περιορᾷν,
1336 1750 1429 1781 αὐτοῖς
1442 1748 1470 1775 δὲ
1482 1746 1678 1783 προστίθεσθαι
1689 1745 1753 1775 δεῖν,
1769 1745 1810 1776 ὡς
1824 1744 1855 1778 δὴ
1869 1743 1898 1769 τὰ

1116 1799 1243 1834 βέλτιστα
1270 1797 1379 1822 πάντων
1411 1795 1563 1828 εἰσάγουσι,
1592 1792 1639 1819 καὶ
1668 1792 1698 1818 τὸ
1728 1791 1899 1825 παρανομεῖν

1115 1843 1177 1871 οὔτε
1197 1842 1283 1869 δεινὸν
1295 1841 1371 1868 οὐδὲν
1385 1838 1464 1871 εἶναι,
1489 1839 1536 1866 καὶ
1556 1839 1624 1873 πρός
1640 1846 1671 1870 γε
1687 1837 1744 1867 τοῖς
1761 1836 1898 1869 τολμῶσιν

1115 1890 1209 1924 ὄφελος
1218 1888 1298 1920 εἶναι,
1307 1887 1431 1919 καθάπερ
1442 1887 1456 1911 ὁ
1466 1884 1583 1919 πονηρὸς
1593 1885 1707 1914 ἐκεῖνος,
1721 1891 1730 1907 ι
1744 1882 1782 1908 Οὐ
1797 1882 1900 1915 θανάτῳ

1115 1933 1308 1965 ἀποθανεῖσθε,
1327 1932 1421 1967 φησὶν,
1435 1929 1491 1957 ἀλλ’
1509 1929 1613 1960 ἔσεσθε,
1630 1928 1667 1959 ὠς
1687 1927 1754 1954 θεοί.
1768 1935 1778 1952 ι
1800 1927 1837 1953 (ὶὺ
1849 1934 1901 1952 τοις

1118 1983 1189 2010 αὔτα
1204 1981 1258 2016 γὰρ
1274 1980 1329 2006 τῶν
1344 1977 1449 2012 ἀνδρῶν
1469 1977 1502 2002 τά
1522 1977 1651 2010 (linum;
1680 1973 1728 2000 καὶ
1751 1973 1841 1999 ταῦτα
1866 1981 1901 1998 τι-

1118 2028 1220 2059 θέντες,
1238 2024 1299 2052 οὖτε
1315 2024 1486 2058 φρίττουσιν,
1503 2021 1565 2048 οὔτε
1581 2021 1765 2054 αίσχύνονται,
1779 2017 1901 2044 ἀλλὰκαὶ

1118 2071 1155 2101 ὧν
1171 2073 1246 2100 αὐτοὶ
1256 2071 1295 2106 τῷ
1309 2070 1392 2105 κοινῷ
1407 2068 1594 2104 λυμαίνονται,
1610 2067 1656 2093 καὶ
1671 2065 1741 2100 ὑπὲρ
1757 2062 1796 2091 ὧν
1810 2065 1844 2091 ἂν
1858 2065 1901 2094 τὰς

1119 2119 1235 2154 ἐσχάτας
1252 2118 1346 2144 ἔδοσαν
1370 2116 1465 2145 δίκας,
1490 2114 1593 2140 τούτων
1619 2112 1761 2139 αἰτιῶνται
1786 2112 1835 2137 τὸν
1859 2109 1902 2136 τοῦ

1120 2165 1186 2193 Θεοῦ
1200 2165 1292 2199 νόμον.
1311 2163 1340 2189 '0
1358 2163 1407 2196 μὲν
1425 2160 1479 2196 γὰρ
1495 2159 1578 2194 ἄμφω
1597 2158 1712 2187 κελεύει.
1726 2158 1771 2183 καὶ
1784 2157 1902 2192 χρήστας

1120 2213 1148 2238 ἐν
1165 2211 1224 2241 ταῖς
1248 2209 1356 2235 πόλεσιν
1376 2205 1457 2238 εἶναι,
1479 2205 1526 2232 καὶ
1550 2205 1645 2236 τόκους
1670 2204 1793 2229 ἀπεῖναι.
1821 2203 1852 2228 Οἱ
1867 2201 1902 2230 δὲ,

1119 2256 1158 2289 τῷ
1176 2254 1213 2290 μὴ
1236 2253 1354 2284 τοκίζειν
1370 2252 1482 2283 ἐξεῖναι,
1505 2249 1573 2284 μηδὲ
1595 2248 1728 2280 δανείζειν
1753 2247 1903 2280 ἀξιοῦντες,

1120 2302 1195 2329 αὐτοὶ
1220 2301 1270 2334 μὲν
1298 2298 1440 2332 ἀναιροῦσι
1469 2296 1557 2330 δήπου
1589 2295 1618 2320 τὺ
1645 2295 1766 2328 χρήστας
1794 2295 1825 2319 ἐν
1850 2294 1905 2321 ταῖς

1120 2347 1231 2374 πόλεσιν
1251 2343 1336 2376 εἶναι,
1351 2343 1389 2378 τῷ
1405 2343 1480 2377 νόμῳ
1495 2341 1521 2368 δὲ
1538 2341 1567 2367 τὸ
1583 2341 1698 2375 πρᾶγμα
1719 2339 1883 2373 μέμφονται.

1155 2392 1262 2422 Καίτοι,
1281 2391 1304 2417 εἰ
1327 2390 1376 2423 μὲν
1390 2389 1440 2415 οὐκ
1454 2387 1518 2421 ἐξῆν
1546 2385 1664 2420 καθαρὸν
1681 2382 1753 2410 εῑναι
1775 2385 1864 2410 τόκων
1878 2382 1906 2407 τὸ

1121 2441 1237 2470 δάνειον,
1254 2438 1302 2463 καὶ
1316 2438 1332 2471 ὴ
1347 2435 1431 2470 φύσις
1451 2434 1539 2464 ἄλλως
1563 2434 1594 2459 οὺ
1620 2430 1779 2465 συνεχώρει,
1807 2429 1864 2454 ἀλλ’
1880 2427 1907 2458 ἐξ

1123 2487 1247 2519 ἀνάγκης
1263 2484 1382 2517 ἀπήντα,
1398 2481 1487 2508 τόκων
1505 2478 1722 2514 ἀναιρουμένων,
1739 2477 1808 2511 μηδὲ
1823 2476 1907 2502 δανει-

1124 2533 1190 2564 στὰς
1205 2529 1275 2558 εἶναι
1290 2528 1431 2558 δύνασθαι,
1452 2527 1505 2553 κᾶν
1524 2526 1597 2557 εἰκὸς
1612 2523 1645 2560 ἦν
1665 2524 1714 2559 τὴν
1728 2523 1819 2549 αἰτίαν
1834 2523 1907 2554 ἄγειν

1124 2581 1169 2608 ἐπὶ
1183 2579 1228 2606 τὸν
1243 2579 1334 2612 νόμον,
1358 2577 1387 2608 ὃς
1403 2575 1453 2602 οὐκ
1467 2574 1591 2608 ἀπήλασε
1613 2572 1660 2606 μὲν
1679 2571 1833 2601 δανειστὰς,
1855 2568 1908 2594 εἰσ-

1125 2629 1224 2663 ήνεγκε
1239 2626 1267 2652 δὲ
1283 2624 1316 2651 δι’
1330 2621 1367 2650 ὧν
1379 2623 1409 2655 ἐξ
1420 2621 1542 2655 ἀνάγκης
1558 2619 1710 2654 ἀπήλασεν·
1722 2618 1753 2643 Εἰ
1766 2616 1787 2643 δ’
1802 2615 1905 2663 ἀνᾲγκη

1126 2662 1174 2709 μὲν
1187 2672 1306 2704 τοκξζειν
1318 2670 1372 2697 οὐδ’
1389 2667 1510 2703 ἡτισοῦν,
1526 2667 1544 2701 ἦ
1558 2675 1587 2692 τε
1603 2665 1682 2700 φύσις
1698 2664 1774 2690 οὐδὲν
1789 2662 1906 2688 ἐκώλυσε

1126 2720 1227 2754 προῖκα
1238 2717 1373 2752 γενέσθαι,
1388 2715 1434 2742 καὶ
1449 2712 1637 2749 μαρτυροῦσιν
1648 2711 1786 2746 ἄνθρωποι
1800 2709 1905 2737 πάντες.

1126 2767 1150 2795 oi
1163 2767 1212 2802 τὴν
1228 2766 1278 2802 σὴν
1293 2764 1457 2800 ἀτιμάζουσι
1473 2762 1574 2798 ψῆφον,
1595 2760 1626 2788 σὺ
1642 2760 1670 2787 δὲ
1682 2758 1793 2794 γνώμης
1808 2757 1906 2792 μοχθη-
