1967 3071
118 149 166 181 741

632 153 776 184 ORATIO
794 154 945 184 CONTRA
967 153 1256 184 FENERATORES.

1698 154 1752 195 ιιι

119 207 244 244 μοόντων
261 209 386 245 ἀλλήλοις
402 208 456 235 τῶν
481 208 581 243 νόμων,
599 208 719 240 σώζοντα
744 209 789 235 τὸν
812 210 903 244 ἕτερον

958 209 1104 244 gnantibus
1115 208 1226 236 alteram
1237 209 1371 236 servando
1382 217 1495 238 necesse
1507 215 1548 237 est
1569 211 1682 238 alteram
1693 198 1758 243 line-

118 253 228 290 ἁνὰγκη
245 254 362 288 θατέρου
375 251 571 287 καταφρονεῖν,
598 253 663 280 πότε
668 262 714 288 ρον
730 254 781 280 ὑπε
787 254 907 289 ρσαίνων

121 301 270 335 ἀπολογίαν
294 300 367 331 ἔξεις
391 299 437 326 τδν
463 300 569 334 ἕτερον,
595 299 626 325 οὐ
651 299 697 325 τὸν
719 299 908 334 ἀνθρώπειονς

120 347 205 373 Τοῦτο
224 346 273 382 μὲν
287 346 339 382 γὰρ
357 345 491 378 ἀπολογία
513 345 567 371 τῶν
588 346 719 380 ἡττόνων,
742 345 769 370 εί
782 354 825 377 τις
841 345 909 379 φαίη

119 394 164 421 διὰ
179 394 242 424 τοὺς
255 393 396 427 κρείττους
412 392 605 426 καταφορνείν,
621 391 658 423 ὡς
670 393 701 417 τό
724 399 755 425 γε
775 393 838 422 τοὺς
852 391 909 426 χεί-

121 448 201 475 ρονας
224 439 402 473 αἰδουμένους
423 437 570 472 προδοῦναι
593 437 656 468 τοὺς
678 437 831 472 κρείττους,
849 437 909 467 πῶς

118 486 152 512 ἂν
169 485 226 521 ἔχοι
243 485 299 516 τοῖς
329 484 564 519 παραιτουμένοις
590 483 767 518 συγγνώμην,
782 483 862 509 ὁπότε
879 483 909 509 τὸ

117 531 245 566 ἔγκλημα
272 531 363 566 χεῖρον
382 530 506 564 γίνεται;
529 529 656 564 καθάπερ
683 530 752 560 εἴτις
776 528 909 563 βασιλέως

117 577 311 607 ἐπιτάττοντος
336 575 496 610 ὑπερεώρα.
512 574 553 602 ἔτι
566 575 621 601 τῶν
642 574 821 610 στρατιωτῶν
834 572 873 606 εἷς
889 574 906 608 ἢ

116 622 173 648 τῶν
188 622 362 656 σκευοφόρων
370 621 511 648 ἐκέλευσε.
523 620 625 647 Πολλοῦ
641 620 692 655 μὲν
705 620 757 656 γὰρ
770 620 803 646 ἂν
812 619 907 654 ἐδέησε

118 668 156 704 μὴ
177 669 289 703 καὶτῆς
305 667 454 701 ἀπολογίας
471 667 550 698 δίκας
573 666 713 702 ὀφλήσειν,
734 667 782 693 καὶ
800 667 909 700 προσῆν

114 716 145 741 τὸ
157 713 266 744 δικαίας
277 715 322 740 ὅτε
346 713 384 749 μὴ
400 714 539 749 ἀγνοήσας
554 712 571 748 ἢ
586 713 671 748 λήθης
685 712 775 748 ἡττων
790 712 907 747 γενόμε-

115 769 171 793 νος,
184 761 242 787 ἀλλ’
256 760 327 786 οὕτω
341 760 437 795 κρίνας
451 759 499 786 καὶ
512 758 558 785 τὸν
574 758 741 793 σκευοφόρον
765 758 813 784 τοῦ
831 758 908 793 βασι-

115 807 182 838 λέως
197 806 354 841 ἔμπροσθεν
370 804 481 839 ἀγαγών
502 814 510 821 '
528 805 560 832 σὺ
576 805 605 832 δὲ
617 805 696 840 τίνων
715 805 811 832 σαυτὸν
826 804 907 836 ἀξιὼ-

114 862 176 883 σαις
192 853 236 883 ἂν,
253 853 276 878 εί
290 853 325 879 τὰ
335 852 427 879 δίκαια
441 852 576 886 ποιήσεις,
586 852 680 886 ἐπειδὴ
700 861 708 877 ι
729 851 811 877 Πλέον
825 850 905 877 Σολο-

962 253 1118 288 cipendere,
1137 259 1225 281 utram
1245 255 1362 290 violans,
1379 263 1428 290 per
1444 257 1556 283 alteram
1575 261 1599 284 te
1613 257 1757 286 defendes?

961 298 1042 326 Celte
1055 307 1109 326 non
1122 307 1170 334 per
1188 301 1344 327 humanam.
1358 300 1406 328 Est
1422 301 1493 328 enim
1507 302 1643 330 imbecilla
1663 302 1758 330 defen-

961 344 1013 376 sio,
1032 345 1055 371 si
1070 346 1130 379 quis
1149 346 1233 376 dicat,
1263 346 1323 374 ideo
1343 354 1373 374 se
1388 347 1507 374 divinam
1522 348 1610 382 legem
1630 353 1756 377 eontem-

962 390 1059 424 psisse.
1079 390 1145 417 Nam
1167 391 1311 420 inferiores
1331 394 1460 426 revereri,
1475 398 1504 421 ιιι
1520 395 1676 429 superiores
1694 404 1757 430 pro-

961 435 1022 465 das.
1037 443 1118 468 quam
1132 437 1238 463 veniant
1256 444 1404 471 mereatur,
1418 440 1528 473 quando
1548 441 1651 468 crimen
1667 442 1754 476 majus

960 481 1021 508 est?
1033 480 1149 508 Perinde
1163 487 1192 508 ut
1207 483 1228 509 si
1246 483 1306 517 quis
1320 485 1476 512 mandatum
1490 486 1561 521 regis
1583 487 1755 521 posthabeat,

960 527 1023 561 quia
1039 526 1116 553 miles
1130 527 1239 561 aliquis,
1259 533 1306 555 aut
1317 529 1376 556 calo
1396 537 1475 558 secus
1489 533 1637 559 mandavit.
1654 533 1753 560 Parum

960 572 1050 604 abest,
1072 573 1138 606 quin
1155 574 1218 600 talis
1232 574 1313 601 etiam
1336 574 1504 604 defensionis
1522 577 1602 611 hujus
1619 585 1676 605 suae
1695 585 1756 613 pm-

959 626 1010 646 nas
1021 619 1130 646 debeat.
1142 619 1174 646 Et
1184 620 1244 653 jure
1259 621 1380 654 quidem,
1393 622 1456 655 quia
1474 631 1527 649 non
1543 631 1575 650 ex
1602 624 1755 658 ignorantia

960 670 1007 691 aut
1027 664 1174 697 oblivione,
1190 666 1237 693 sed
1252 667 1380 694 consulto
1398 668 1424 694 id
1441 667 1514 696 fecit.
1533 669 1568 696 At
1581 674 1620 700 tu,
1638 670 1660 696 si
1680 675 1756 698 recte

959 709 1165 744 facias,quibus
1180 712 1352 745 tesuppliciis
1364 713 1476 747 dignum
1492 715 1618 748 deputes.
1630 717 1755 748 quando-

959 756 1069 790 quidem
1087 765 1096 781 ι
1112 755 1174 783 Plus
1185 764 1266 791 quam
1282 757 1409 783 Salomon
1419 758 1583 792 hichnqnit
1594 763 1621 785 et
1631 763 1658 785 tu
1681 763 1756 786 tanto

960 801 1105 829 intervallo
1123 802 1213 830 minor
1228 809 1257 829 es
1273 802 1339 836 Deo,
1353 811 1434 838 quam
1455 812 1502 830 rex
1516 804 1612 831 calone
1629 805 1754 836 nobilior,

959 853 1092 881 quantum
1108 847 1161 874 dici
1174 852 1221 874 aut
1238 848 1312 875 credi
1327 849 1432 883 nequit.
1453 851 1492 876 Ac
1504 850 1619 884 proinde
1633 855 1707 878 tanto
1724 859 1755 880 es

115 899 221 936 μώντος
230 896 309 932 ὧδε,›
327 899 405 932 φησὶ,
420 898 468 924 καὶ
481 884 592 924 τοσοῦτο
608 898 658 932 μὲν
666 884 712 924 τοῦ
724 898 792 924 Θεοῦ
808 897 903 932 μᾶλλοε.

961 892 1130 926 injuriosior,
1146 897 1249 926 quanto
1276 894 1364 928 majus
1390 895 1460 922 inter
1492 895 1577 922 Deum
1604 904 1636 924 ac
1661 905 1753 930 regem

113 947 234 973 ὲλὰττων
250 944 266 981 ῆ
282 944 329 972 τοῦ
349 944 517 978 σκευοφόρον
534 943 649 978 βελτίων
663 945 677 970 ὁ
692 943 830 979 βασιλεὺς,
843 944 906 969 ὅσον

113 993 174 1020 οὐδὲ
188 992 271 1028 ῥητὸν
285 990 340 1018 οὐδ’
355 990 502 1024 ἐπιστητὸν
520 988 589 1017 εἶναι
611 990 641 1016 τδ
656 990 750 1025 μέσον,
767 992 800 1017 σὺ
815 990 844 1016 δὲ
859 999 904 1016 το-

115 1038 210 1064 σοῦτον
220 1037 322 1068 ἀδικεῖς
335 1036 428 1071 μεῖζον
442 1037 505 1062 ὅσον
519 1035 632 1062 ἐκείνων
644 1036 674 1061 τὸ
688 1036 783 1070 μέσον,
796 1036 844 1062 καὶ
856 1036 907 1063 οὐκ

115 1084 232 1119 αίσχύνῃ
250 1083 320 1118 μετὰ
346 1082 401 1109 τῶν
418 1082 524 1117 μιαρῶν
547 1081 704 1116 Φαρισαίων
722 1082 771 1116 τὴν
793 1082 905 1117 ἐντολὴν

114 1129 163 1156 τοῦ
178 1129 249 1156 Θεοῦ
266 1129 350 1162 λύων,
371 1128 416 1155 διὰ
439 1128 489 1163 τὴν
505 1127 652 1162 παράδοσιν
667 1127 721 1154 τῶν
740 1128 904 1162 ἀνθρώπων,

115 1175 203 1203 καίτοι
234 1175 296 1202 οὐδὲ
322 1175 399 1209 {vniat
437 1174 523 1201 ταῦτα
552 1175 609 1204 τοῖς
633 1174 792 1208 νομοθέταις
821 1174 904 1205 δοκεῖ,

114 1221 173 1248 ἀλλ’
194 1221 218 1248 οἱ
244 1221 293 1256 μὲν
307 1221 371 1252 τοὺς
390 1220 486 1251 τόκους
501 1221 675 1255 εἰσήνεγκαν,
685 1221 710 1246 oi
725 1220 747 1246 δ’
760 1219 903 1253 ἐξέϐαλον,

97 1300 99 1302 η
114 1267 185 1294 ὥστε
201 1268 225 1293 εί
243 1267 282 1294 δεῖ
295 1266 319 1292 τ’
332 1266 401 1293 ἄλλα
415 1266 535 1300 ἀφέντας
546 1267 610 1302 περὶ
625 1267 722 1293 τούτου
736 1267 902 1301 σκέψασθαι,

114 1313 149 1348 ἢν
163 1312 287 1338 ἐντεῦθεν
308 1312 475 1347 συγγνώμην
487 1312 582 1342 ἔλαϐες
608 1313 654 1345 ἂν,
673 1312 780 1338 ἐκεῖθεν
800 1312 906 1339 ἀπώλε-

115 1367 176 1390 σας,
189 1360 236 1385 καὶ
250 1359 282 1384 οὐ
295 1358 340 1385 διὰ
357 1358 469 1390 τούτους
491 1359 542 1394 λύῃ
569 1359 682 1393 μᾶλλον,
698 1359 715 1395 ἢ
734 1359 768 1385 δι’
783 1361 904 1391 ἐκείνους

115 1404 267 1436 ὑπεύθυνος
279 1402 314 1431 τί.

150 1450 216 1483 Ναὶ,
243 1450 337 1485 φησιν,
363 1449 422 1476 ἀλλ’
436 1450 460 1476 oi
491 1449 698 1485 συγχωροῦντες
730 1451 903 1486 παλαίτεροι,

115 1496 242 1524 Μάλιστα
259 1496 309 1530 μὲν
323 1495 424 1522 ἄτοπον
437 1496 462 1521 εί
474 1495 554 1522 τοῦτο
570 1495 719 1530 ἀπολογίαν
735 1497 800 1531 ἡγῇ,
821 1497 905 1524 καθά-

958 937 1118 965 discrimen.
1135 939 1190 965 Cur
1206 945 1232 966 te
1249 947 1302 967 non
1315 941 1398 975 pudet
1412 949 1474 968 cum
1503 943 1628 970 scelestis
1655 943 1754 970 Phari-

958 984 1020 1011 saeis
1037 985 1194 1012 mandatum
1221 985 1268 1012 Dei
1301 987 1408 1014 solvere
1439 992 1550 1022 propter
1575 989 1769 1017 traditionem'

958 1031 1118 1057 hominum?
1136 1031 1167 1058 Et
1185 1036 1274 1059 tamen
1293 1040 1346 1058 non
1363 1033 1486 1060 omnium
1513 1034 1698 1068 legislatomm
1711 1039 1755 1062 est

957 1076 1028 1103 idem
1045 1076 1094 1103 hac
1115 1076 1143 1103 in
1169 1084 1197 1103 re
1227 1077 1379 1111 judicium,
1406 1078 1531 1113 idemque
1560 1086 1665 1106 sensus.
1684 1079 1754 1107 Sunt

956 1121 1003 1156 qui
1020 1129 1118 1148 usuras
1143 1121 1374 1155 introduxerunt;
1409 1128 1471 1151 sunt
1493 1125 1539 1158 qui
1555 1123 1751 1160 proﬂigarunt:

957 1172 984 1193 ut
999 1168 1022 1194 si
1040 1173 1137 1194 caetera
1155 1175 1252 1196 eorum
1268 1169 1392 1196 instituta
1410 1170 1569 1197 omittentes
1581 1170 1650 1198 istuc
1663 1171 1750 1198 solum

957 1213 1146 1247 inspiciamus,
1171 1215 1278 1241 veniam
1301 1215 1412 1242 aliunde
1440 1216 1539 1251 accipi,
1565 1217 1673 1244 aliunde
1701 1217 1751 1244 τὰς

957 1258 1038 1291 mitti,
1060 1263 1087 1286 et
1103 1267 1156 1286 non
1173 1260 1260 1295 magis
1269 1267 1380 1295 propter
1395 1269 1463 1288 unos
1478 1265 1504 1288 te
1517 1262 1636 1290 crimine
1666 1263 1749 1297 solvi,

956 1311 1037 1338 quam
1055 1309 1165 1339 propter
1182 1305 1283 1333 alteros
1297 1305 1411 1340 astringi
1436 1306 1589 1335 videmnus.

992 1451 1090 1477 Etiam.
1110 1449 1208 1485 inquit.
1227 1450 1279 1477 Sed
1295 1451 1341 1485 qui
1364 1451 1535 1486 permittunt,
1551 1453 1655 1488 antiqui
1673 1459 1748 1482 sunt.

957 1496 1013 1523 Hoc
1030 1501 1056 1523 tu
1069 1496 1263 1524 absurdissime
1278 1497 1311 1523 ad
1323 1498 1506 1532 patrocinium
1520 1500 1654 1533 assumis,
1669 1501 1748 1535 quasi

117 1551 170 1577 περ
191 1541 367 1577 φαυλοτέρων
381 1541 465 1567 ὄντων
484 1541 528 1567 ἀεὶ
546 1541 603 1567 τῶν
614 1541 766 1577 νεωτέρων.
786 1543 902 1569 Ἔπειτα

957 1542 1076 1569 minores
1094 1549 1141 1569 seu
1157 1543 1258 1577 posteri
1274 1550 1382 1577 semper
1396 1544 1545 1572 deteriores
1561 1546 1626 1573 sint.
1642 1547 1744 1575 Deinde

114 1588 175 1620 πῶς
189 1588 219 1614 οὐ
236 1588 306 1619 νοεῖς
327 1587 373 1615 καὶ
388 1586 493 1614 τούτων
515 1586 556 1613 ἔτι
573 1588 705 1622 νεώτερος
720 1587 758 1614 ὢν
774 1588 856 1620 αὐτὸς
873 1589 902 1620 ὃς

114 1633 179 1664 τοὺς
189 1633 238 1667 μὲν
250 1632 400 1668 ἑγκρίνεις,
409 1632 471 1664 τοὺς
480 1631 502 1658 δ’
512 1631 652 1664 ἐκϐάλλεις
663 1633 716 1659 τῶν
730 1633 884 1667 νομοθετῶν
894 1643 901 1667 ς

115 1677 221 1712 Σκέψαι
237 1678 292 1713 γὰρ
304 1677 341 1709 ὼς
355 1678 533 1712 ἀρχαιότερος
550 1678 599 1712 μὲν
615 1678 662 1705 τοῦ
679 1678 800 1710 τιθέντος
814 1680 828 1705 ὁ
838 1681 901 1710 τοὺς

114 1725 214 1756 τόκους
230 1725 349 1760 ἀξαρχῆς
363 1723 467 1751 ἀνελὼν
485 1724 647 1759 νομοθέτης,
662 1724 710 1751 σοῦ
726 1725 755 1751 δὲ
781 1726 827 1751 καὶ
847 1726 902 1752 τῶν

113 1771 170 1799 σῶν
184 1770 295 1806 ψήφων.
308 1772 322 1798 ό
335 1770 375 1805 τῷ
390 1769 455 1805 θείῳ
468 1770 543 1805 νόμῳ
556 1770 728 1805 συνηγορῶν,
738 1770 808 1797 ὥστε
825 1773 848 1797 εἰ
861 1772 902 1798 δεῖ

112 1826 139 1845 τι
154 1818 193 1852 τῷ
207 1818 282 1852 νόμῳ
296 1817 342 1844 καὶ
355 1818 405 1851 τὴν
413 1817 581 1851 ἀρχαιότητα
592 1816 767 1852 προστιθέναι
780 1817 902 1851 νομίζειν

112 1864 215 1895 αἰδοῦς,
228 1862 370 1900 καὶταύτῃ
381 1863 457 1895 δίκας
470 1863 503 1890 ἂν
511 1862 628 1898 ὀφείλοις
638 1862 692 1889 τῶν
714 1863 901 1897 ἀρχαιοτάτων

110 1918 203 1945 ναταφ
207 1909 302 1945 ρονῶν.

149 2000 254 2030 Ἀλλως
273 2007 302 2026 τε
317 1999 378 2026 οὐδὲ
392 1999 455 2029 τοὺς
475 1998 686 2034 συγχωροῦντας
712 1999 811 2030 αὐτοὺς
830 1999 901 2025 sinet

109 2056 157 2079 τις
174 2047 207 2073 ἂν
221 2045 343 2082 ἀκριὸὦς
362 2044 471 2071 σκοπῶν
493 2044 550 2070 τῶν
567 2045 653 2070 τόκων
679 2045 717 2080 μὴ
744 2045 775 2071 οὺ
802 2044 901 2080 πολλὴν

109 2094 279 2130 αἰσχρότητα
291 2093 476 2128 καταγνῶναι,
492 2095 540 2120 καὶ
563 2093 595 2128 δὴ
617 2093 723 2125 πολλοῖς
740 2093 901 2129 τεκμηρίοις

108 2140 184 2175 δῆλοι
200 2139 349 2166 καθιστᾶσι
364 2139 395 2166 τὸ
404 2140 522 2175 πρᾶγμα
534 2139 636 2175 φαῦλον
647 2140 805 2176 ἡγούμενοι.
822 2141 900 2176 Πρῶ-

108 2195 155 2213 τον
175 2186 225 2221 μὲν
241 2186 294 2221 γὰρ
308 2186 358 2213 οὐκ
371 2186 471 2220 ἐξεῖναί
489 2195 572 2222 φησιν
586 2187 674 2214 οὐδενὶ
703 2187 758 2213 τῶν
783 2188 901 2222 ἀρίστων

954 1588 1092 1622 quomodo
1124 1595 1178 1616 non
1201 1589 1408 1623 animadvertis,
1427 1591 1543 1625 teipsum
1570 1599 1680 1626 quoque
1701 1592 1749 1627 ju-

954 1634 1058 1661 niorem
1081 1635 1134 1662 illis
1156 1642 1229 1668 esse,
1258 1636 1304 1670 qui
1331 1637 1516 1671 legislatorum
1545 1638 1612 1666 alios
1644 1639 1747 1675 seligis,

954 1680 1022 1707 alios
1043 1681 1192 1715 repudias?
1218 1681 1379 1715 Considera,
1408 1684 1517 1717 amabo,
1549 1691 1652 1720 quanto
1679 1687 1749 1714 anti—

954 1725 1034 1759 quinr
1051 1726 1208 1760 legislatore
1224 1732 1269 1755 tuo
1294 1727 1338 1755 ille
1357 1728 1504 1763 legislator,
1519 1730 1565 1764 qui
1582 1738 1596 1757 a
1612 1731 1749 1766 principio

954 1780 1053 1800 usuras
1064 1773 1214 1806 interdixit,
1226 1779 1251 1801 te
1264 1782 1329 1801 vero
1343 1775 1451 1810 tuisque
1459 1776 1571 1804 calculis
1582 1777 1679 1804 divina:
1695 1779 1748 1813 legi

953 1818 1124 1853 sull‘ragator.
1141 1818 1232 1851 Quare
1254 1821 1276 1846 si
1302 1820 1353 1854 legi
1378 1820 1499 1847 addenda
1521 1825 1564 1848 est
1586 1821 1748 1856 antiquitas,

952 1871 979 1893 et
991 1873 1050 1892 eam
1062 1865 1094 1893 ad
1124 1866 1303 1893 reverentiam
1334 1867 1407 1894 illius
1423 1867 1559 1901 pertinere
1584 1868 1746 1895 existiman-

953 1912 1028 1942 dum,
1047 1914 1096 1938 hoe
1112 1919 1221 1946 quoque
1241 1919 1349 1946 poenam
1380 1914 1581 1946 commeruisti,
1596 1914 1642 1948 qui
1673 1914 1750 1947 quod»

953 1956 1174 1990 antiquissimum
1202 1961 1253 1988 est,
1274 1957 1404 1991 despicis.

988 2003 1121 2030 Phl‘lt'rca
1139 2002 1184 2036 qui
1201 2003 1321 2036 penitius
1348 2011 1404 2030 rem
1426 2003 1588 2034 intuebitur,
1621 2004 1750 2031 fatebitur

952 2056 999 2075 eos
1015 2049 1088 2083 ipsos
1103 2056 1150 2083 qui
1171 2056 1281 2075 usuram
1296 2048 1460 2079 concedunt,
1482 2051 1606 2076 eamdem
1625 2055 1654 2077 ut
1666 2050 1748 2085 longe

953 2094 1192 2130 probrosissimam
1209 2095 1401 2122 condemnare.
1419 2095 1510 2122 Multis
1539 2103 1606 2123 sane
1637 2096 1746 2124 inlitiis

952 2147 979 2168 et
994 2142 1066 2168 clare
1081 2141 1280 2171 demonstrant,
1300 2148 1329 2168 se
1342 2141 1375 2168 de
1387 2141 1431 2169 illa
1461 2142 1532 2168 male
1557 2143 1669 2170 sentire.
1687 2142 1747 2170 Pri-

954 2195 1026 2214 mum
1042 2187 1162 2214 omnium
1181 2195 1234 2214 non
1260 2187 1341 2214 licere
1355 2187 1392 2214 ait
1422 2187 1463 2215 lex
1495 2187 1540 2215 ulli
1572 2189 1746 2223 optimatum,

107 2233 172 2260 οὐδὲ
186 2232 240 2258 τῶν
255 2232 346 2267 ιερῶν,
364 2233 411 2259 καὶ
428 2229 468 2264 οἷς
481 2232 510 2258 δὲ
531 2232 684 2268 ἐπέτρεψαν
712 2234 767 2265 τοῖς
793 2234 898 2269 χείροσι

957 2241 1041 2267 neque
1063 2233 1234 2260 sacerdotum
1272 2233 1401 2260 lenerari.
1427 2234 1532 2266 Quibus
1565 2241 1655 2262 antem
1685 2243 1747 2269 per-

109 2279 162 2314 μὲν
176 2279 272 2313 πλείω,
287 2280 340 2310 τοί,
358 2279 472 2314 βελτίοσι
489 2279 517 2306 δὲ
540 2279 644 2306 ἐλάττω
660 2279 818 2315 λαμϐάνειν.
838 2278 901 2315 Ἆρ’

107 2323 157 2352 οὖν
174 2325 255 2351 καλὸν
270 2325 385 2359 ἡγοῦντο
398 2325 463 2356 τοὺς
483 2325 579 2355 τόκους
596 2326 642 2359 (al.
657 2325 767 2360 νόμους)
784 2325 830 2352 καὶ
859 2325 901 2352 δί-

108 2380 200 2405 καιον,
215 2371 283 2402 ὅλως
298 2372 326 2398 δὲ
350 2371 465 2406 νόμονῆ
491 2370 545 2398 τῶν
572 2371 604 2398 οὐ
631 2371 690 2398 λίαν
716 2371 837 2407 αἰσχρῶν
863 2369 901 2400 ὧν

107 2419 249 2452 ἀπάγουσι
265 2418 320 2444 τῶν
336 2417 441 2452 ἀνδρῶν
455 2418 518 2448 τμὺς
536 2417 656 2451 ἀγαθούς
668 2418 779 2452 {votth
792 2418 846 2453 γὰρ
862 2417 900 2445 οἷ-

109 2473 172 2500 μαι,
188 2465 235 2490 καὶ
248 2463 275 2490 εί
286 2473 314 2490 τι
333 2464 431 2498 σεμνὸν
457 2465 485 2490 ὲν
515 2465 573 2495 ταῖς
598 2464 693 2490 πόλεσι
720 2464 820 2499 μᾶλλον
850 2465 900 2498 μὲν

108 2511 261 2546 προσήκειν
277 2510 330 2536 τῶν
340 2510 456 2536 πολιτῶν
471 2511 526 2540 τοῖς
540 2510 674 2545 ἀρίστοις,
687 2508 768 2546 ἦττον
790 2510 818 2536 δὲ
845 2513 900 2543 τοῖς

107 2559 226 2594 χείροσι,
247 2557 293 2584 καὶ
308 2558 363 2588 τοῖς
377 2556 428 2591 μὲν
442 2556 560 2591 πρώτοις
575 2557 600 2583 οἱ
613 2557 901 2592 νομοθέταιδιαλέγον-

107 2613 168 2637 ται,
182 2603 319 2639 δευτέροις
333 2603 362 2630 δὲ
370 2604 426 2634 τοῖς
438 2603 563 2630 ἐλάττοσι
576 2603 614 2638 τῷ
627 2605 689 2634 τοὺς
702 2603 752 2638 μὲν
762 2604 901 2639 ἡγεμόνας

107 2650 159 2677 τοῦ
174 2650 278 2682 δέοντος
291 2648 373 2682 εἶναι,
387 2649 450 2680 τοὺς
464 2649 492 2675 δὲ
515 2648 665 2684 ἑπομένους
689 2650 845 2684 φυλάττειν,
859 2652 900 2677 ὲν-

106 2695 199 2723 ·ταῦθα
221 2696 248 2722 δὲ
260 2695 414 2722 τούναντίον
428 2694 499 2721 am
515 2695 585 2728 ἐστὶ,
599 2695 646 2721 καὶ
661 2695 748 2722 τόκων
762 2697 901 2731 ἡγήσαντο

109 2742 162 2778 μὲν
180 2742 204 2768 οἱ
223 2741 421 2777 μοχθηρότατοι
437 2741 491 2767 τῶν
515 2740 677 2776 ἀνθρώπων,
695 2742 843 2769 ἕπονταιδὲ
859 2740 900 2775 οἷς

106 2788 198 2816 ἔνεστί
212 2797 238 2814 τι
255 2788 310 2814 τῶν
323 2787 430 2822 τρόποιν
447 2785 564 2820 τούτων,
580 2788 626 2812 καὶ
649 2787 771 2822 τοσούτῳ
798 2788 900 2822 μᾶλλον

107 2837 166 2870 ὅσῳ
183 2835 232 2870 τῆς
248 2835 366 2869 ἐσχάτης
391 2834 556 2868 κακοηθείας
586 2832 655 2859 εἰσιν
681 2835 832 2870 ἐγγυτέρω.
851 2836 900 2862 Διά

107 2882 198 2909 ταῦτα
216 2881 263 2908 καὶ
277 2882 332 2913 τοῖς
344 2880 502 2916 νομοθέταις
516 2878 587 2906 οὕτω
603 2880 706 2914 γράψαι
721 2881 784 2915 περὶ
798 2881 899 2908 τούτων

955 2280 1086 2310 mittatur,
1104 2279 1129 2305 in
1145 2279 1187 2305 his
1201 2279 1281 2306 licere
1296 2279 1437 2307 vnlioribus
1451 2287 1483 2306 ac
1495 2280 1597 2314 plebeis
1614 2281 1745 2315 majorem

954 2333 1077 2358 usuram,
1106 2324 1267 2352 melioribus
1295 2330 1322 2351 et
1356 2326 1580 2353 honoratiorihns
1611 2327 1746 2354 minorem

953 2371 1086 2405 accipere.
1110 2370 1150 2397 An
1179 2371 1228 2403 illi,
1257 2370 1386 2401 obsecro,
1423 2371 1492 2398 hanc
1517 2371 1603 2406 legem
1634 2373 1746 2399 tnnninu

952 2418 1049 2451 legem,
1066 2422 1092 2444 et
1109 2417 1186 2445 lenus
1199 2418 1299 2444 bonum
1320 2425 1351 2445 ac
1361 2418 1478 2453 justum,
1501 2425 1535 2445 an
1554 2424 1634 2454 turpe
1657 2419 1747 2454 potius

952 2465 1111 2497 credebant,
1131 2473 1145 2490 a
1160 2473 1215 2499 quo
1241 2465 1314 2490 \‘lIOS
1345 2465 1432 2492 bonos
1463 2465 1627 2499 excipiunt?
1642 2465 1747 2500 Opinor

952 2512 1025 2537 enim
1045 2511 1130 2545 leges,
1147 2511 1197 2537 etsi
1229 2511 1295 2543 quid
1317 2511 1460 2537 honestum
1488 2518 1521 2539 ac
1550 2515 1675 2538 sanctum
1702 2515 1746 2538 est

953 2556 979 2584 in
997 2556 1118 2586 civitate,
1137 2555 1223 2589 magis
1251 2559 1349 2582 decere
1371 2550 1491 2590 optimos
1519 2555 1632 2588 civium,
1662 2563 1744 2590 quam

954 2603 1046 2631 necem
1069 2601 1152 2635 vulgi.
1174 2601 1212 2628 Ac
1229 2600 1262 2627 de
1276 2600 1330 2627 illis
1359 2600 1467 2635 quidem
1495 2601 1522 2628 in
1553 2602 1648 2636 primis
1665 2601 1746 2635 legis-

951 2649 1052 2677 latores
1081 2648 1242 2682 loquuntur,
1261 2649 1294 2674 de
1319 2647 1419 2675 inlimis
1444 2648 1647 2681 sucundoloeo,
1671 2647 1745 2682 quod

953 2694 991 2721 illi
1010 2694 1137 2721 nimirum
1170 2693 1198 2720 in
1228 2693 1333 2728 legibus
1358 2694 1501 2722 servandis
1524 2694 1640 2721 aliorum
1661 2694 1744 2721 duces

951 2749 1012 2769 esse
1026 2740 1154 2772 debeant,
1169 2747 1239 2774 quos
1267 2739 1388 2774 ipsorum
1403 2741 1524 2776 vestigiis
1551 2741 1680 2769 convenit
1705 2741 1746 2768 in-

952 2788 1058 2815 sistere.
1074 2785 1123 2813 llic
1136 2790 1228 2813 autem
1250 2786 1330 2820 plane
1343 2794 1423 2814 secus
1439 2787 1541 2820 evenit,
1562 2792 1590 2814 et
1622 2787 1649 2815 in
1662 2795 1745 2814 usura

952 2833 1148 2869 improbissimi
1179 2833 1335 2860 mortalium
1366 2834 1546 2869 praecedunt;
1581 2839 1744 2870 sequuntur.

953 2882 1052 2916 quibus
1066 2881 1196 2916 quiddam
1218 2888 1326 2909 morum
1342 2881 1458 2910 istorum
1483 2881 1613 2916 adhaeret,
1630 2890 1656 2911 et
1672 2888 1747 2911 tanto
