1967 3071
138 130 192 181 7‘45

642 150 786 181 ORATIO
803 150 955 180 CONTRA
974 150 1260 181 FENERATORES.

1716 150 1768 183 746

136 209 283 244 γνοὺς,καὶ
294 207 324 235 τὸ
337 208 517 243 μνησικακεῖν
530 207 645 246 ἐνταῖρθα
657 208 827 243 πραγμάτων
842 207 927 242 ἀπήλ-

982 207 1015 234 ad
1056 208 1172 235 tribunal
1199 209 1362 237 accersitum
1398 215 1541 246 coarguct;
1576 215 1603 238 et
1631 219 1765 239 memores

137 256 235 282 λακται
246 255 293 281 καὶ
307 254 414 281 πολλῶν
427 253 514 280 ἄλλων
527 254 621 280 κακῶν
638 253 656 280 ὃ.
682 253 732 288 τὴν
746 254 858 288 γέενναν
875 253 922 279 air

136 301 186 336 τὴν
201 301 353 336 προμνᾶται
368 301 423 331 τοῖς
442 299 590 334 τολμηταῖς
606 299 678 334 παρὰ
694 300 749 330 τοῖς
760 299 854 333 νόμοις
873 298 923 324 οὐκ

136 347 190 374 εἰσὶ
205 347 290 373 δίκαι’
305 347 334 373 τὸ
348 346 370 374 δ’
384 346 480 378 αἴτιον,
497 346 538 372 ὅτι
556 346 643 377 διττὸς
659 345 709 380 μὲν
723 345 737 371 ό
752 345 808 380 βίος
821 344 923 379 ἀνθρώ-

135 402 208 425 ποις,
223 393 311 420 διττὸν
324 393 353 419 δὲ
365 393 550 426 δικαστήριον,
564 392 588 418 οί
602 391 629 417 δὲ
646 391 676 417 οὐ
698 391 747 425 τὴν
774 390 925 425 μέλλουσαν

136 440 205 473 ἡμῖν
234 438 377 466 καθιστᾶσι
408 437 490 471 ζωὴν,
506 436 566 463 οὐδὲ
595 436 662 471 πρὸς
689 435 720 461 τὸ
751 435 925 469 δικαστήριον

138 485 228 517 Exciso
265 483 427 518 γράφουσιν,
466 482 533 509 ἀλλὰ
576 481 702 515 καθάπερ
743 480 799 510 τοῖς
825 479 925 514 κυϐερ-

138 532 234 566 νήταις
251 529 337 564 δήπου
366 528 441 562 μέλει
468 527 521 554 τῶν
549 526 694 557 πλεόντων,
718 525 769 556 ἕως
794 524 834 550 ἔτι
859 524 925 550 πλέα

138 586 197 604 ουσι
229 576 274 602 καὶ
298 574 454 610 περαιτέρω
480 574 534 600 τῶν
554 573 671 607 λιμένων
699 572 713 598 δ
739 571 855 598 συνοίσει
880 570 928 605 ζη-

136 625 204 655 τεῖν,
219 623 249 649 οὐ
268 622 336 656 πρὸς
359 620 449 648 αὐτῶν
477 620 615 654 ἐνόμισαν,
630 618 686 645 οὐδ’
705 617 738 645 ἂν
756 618 848 648 αὐτοῖς
861 617 928 652 περὶ

139 670 193 697 τῶν
217 669 287 695 οἴκοι
309 667 474 702 διαλεχθείεν
503 665 589 697 οὐδὲν,
604 664 650 690 τὸν
677 665 734 691 [σον
759 664 858 698 τρόπον
882 662 929 689 καὶ

137 715 202 746 τοὺς
231 713 376 748 νομοθέτας
395 711 444 739 tam
473 720 513 743 τις
530 711 580 742 ἂν,
595 710 639 736 τὸν
665 711 715 744 μὲν
740 708 854 735 ἐνταῦθα
876 708 930 734 τῶν

137 760 291 796 ἀνθρώπων
304 758 451 789 τάττοντας
467 756 535 791 βίον,
554 757 593 786 είς
610 755 638 782 δὲ
654 755 684 781 τὸ
697 753 793 788 μέλλον
815 753 888 784 ὅπως
900 749 929 778 εὖ

139 805 286 841 πράξουσι,
301 804 348 830 mi.
363 803 413 833 τὰς
427 803 486 828 ἐκεῖ
501 801 666 834 φυλάξονται
678 800 755 831 δίκας
775 799 855 832 λόγον
869 806 930 823 ποι-

138 851 271 885 ουμένους
287 848 343 875 οὐδ’
356 846 488 880 ὁντινοῦν,
503 845 561 873 ἀνθ’
578 843 617 873 ὧν
633 845 708 872 οὐδὲν
734 844 854 871 ὲκώλυσε
867 843 931 873 τοὺς

977 253 1204 289 iujuriarum'per
1215 262 1262 282 eos
1282 255 1355 281 omni
1371 260 1465 282 carent
1480 257 1603 285 molestia
1617 267 1624 284 :
1641 257 1764 291 complu-

976 298 1052 325 ribus
1067 299 1131 325 itetn
1148 299 1308 331 sceleribus,
1320 308 1435 334 quorum
1453 301 1508 328 rcis
1539 302 1663 337 geltenna
1691 310 1761 337 prie-

976 343 1060 370 mium
1078 349 1130 376 est,
1141 344 1247 377 legibus
1260 345 1394 379 supplicia
1407 346 1478 372 nulla
1495 346 1689 374 decernuntur.
1701 347 1763 374 ldeo

979 389 1120 421 nimirum,
1145 389 1209 424 quia
1238 397 1300 417 cutn
1327 391 1435 425 gemina
1461 391 1515 419 vita
1541 393 1576 420 sit
1598 392 1768 424 hominibus,

976 435 1114 469 geminum
1131 435 1256 462 similiter
1269 441 1310 462 est
1327 436 1472 470 judicium.
1489 437 1670 472 Legislatoms
1685 437 1762 464 lutu-

977 487 1035 507 ram
1048 479 1129 506 vitam
1154 480 1234 507 nobis
1261 488 1313 508 non
1342 481 1455 512 faciunt.
1473 489 1523 509 nec
1553 483 1624 516 apud
1644 483 1770 523 judicent

980 525 1055 552 illum
1071 533 1120 553 nos
1131 530 1261 553 accusant
1276 535 1283 553 :
1305 526 1351 553 sed
1375 531 1403 554 ut
1418 529 1646 562 gubernatoribus
1659 530 1685 556 in
1701 525 1770 556 mat"

980 579 1052 598 cura;
1076 578 1141 599 sunt
1170 577 1306 603 vectores,
1328 572 1393 598 dum
1414 574 1494 600 durat
1525 574 1671 608 navigatio,
1699 575 1769 603 ultra

981 624 1087 653 portum
1102 618 1168 653 quid
1192 619 1226 645 iis
1242 618 1387 651 conducat,
1411 627 1544 654 qua-rere,
1572 628 1684 648 suarum
1708 629 1769 655 par—

981 665 1049 691 tium
1077 672 1130 691 non
1155 669 1282 696 censent,
1298 672 1348 692 nec
1377 665 1410 692 de
1434 666 1590 694 domesticis
1620 668 1767 702 quidquam

981 717 1043 737 cum
1072 710 1107 737 iis
1140 710 1246 744 agitur:
1275 710 1310 736 ita
1326 714 1353 737 et
1377 711 1535 739 conditores
1561 712 1648 746 legum
1677 713 1768 740 videas

981 755 1064 781 vitam
1084 754 1223 781 hominum
1252 762 1312 789 qme
1331 754 1376 781 hic
1409 755 1519 789 degitur
1545 755 1717 783 moderantes
1743 760 1771 783 et

982 801 1188 832 constituentes,
1204 800 1270 835 quid
1305 800 1331 826 in
1362 800 1483 827 futurum
1512 801 1564 829 illis
1598 801 1694 836 ﬁat,et
1718 809 1770 837 qua

984 847 1088 872 ratione
1101 846 1191 880 pcenis
1219 846 1395 880 sr-mpiternis
1423 846 1576 878 elabantur.
1602 844 1670 875 nihil
1694 848 1770 883 pensi

139 896 176 923 τὰ
192 895 320 922 πολιτικὰ
337 893 417 930 μόνον
434 892 570 928 χρηστοὺς
586 891 691 926 μυρίων
708 889 803 916 κακῶν
831 889 927 922 γέμον-

982 891 1092 918 habere.
1114 890 1297 923 Quamobrem
1317 891 1386 918 nihil
1415 895 1484 918 vetat
1502 892 1529 918 in
1556 893 1628 919 civili
1655 901 1771 921 consue-

139 951 190 974 τας
204 941 344 972 ἀπελθεῖν,
357 938 493 970 καὶδόξαν
504 937 653 967 ἐπιεικείας
674 934 790 962 ἐνταῦθα
815 933 862 960 καὶ
886 932 926 958 δι-

139 987 288 1021 καιοσύνης
307 986 438 1016 λαθόντας
452 985 493 1015 εἰς
511 983 574 1014 τοὺς
591 981 790 1017 πονηροτάτους
804 980 862 1006 ἐκεῖ
879 985 925 1005 τε·

139 1036 219 1062 λὲσαι
235 1034 282 1061 καὶ
296 1032 350 1060 τῶν
363 1031 492 1067 χειρόνων
509 1029 608 1064 ψήφων
622 1029 722 1063 τυχεῖν,

179 1123 241 1150 Είδ¹
254 1122 325 1149 οὕτω
339 1121 439 1152 ταῦτα,
457 1118 506 1146 καὶ
522 1117 606 1153 χωρὶς
625 1116 674 1152 μὲν
689 1117 717 1142 αἱ
737 1115 874 1150 παροῦσαι
886 1114 924 1141 δία

140 1179 199 1202 και,
217 1169 302 1205 χωρίς
318 1168 346 1194 δὲ
360 1167 391 1193 τδ
409 1166 505 1202 μέλλον
523 1165 582 1192 ἐστὶ
601 1164 789 1199 δικαστήριον,
812 1162 850 1198 μὴ
861 1162 925 1196 περὶ

137 1216 194 1242 τῶν
209 1214 360 1250 μελλόντων
375 1212 429 1239 ἀπὸ
447 1212 501 1238 τῶν
517 1211 660 1246 παρόντων
681 1209 842 1243 τεκμαίρου,
864 1207 925 1241 μηδ’

135 1261 194 1288 οἵου
219 1259 267 1286 τοῦ
297 1257 364 1285 Θεοῦ
390 1257 481 1292 τυχεῖν
508 1256 540 1283 ἂν
556 1254 685 1290 εὐμενοῦς
704 1252 735 1281 οὖ
755 1252 927 1288 νομοθετοῦν-

136 1316 185 1338 τος
214 1306 370 1340 ὑπερόπτης
395 1304 509 1338 ἐφάνης,
533 1303 574 1329 ὅτι
604 1301 677 1336 παρὰ
706 1300 845 1330 δικασταῖς
870 1299 926 1330 τοῖς

135 1352 286 1388 ὁμοφύλοις
302 1351 470 1384 εὐδοκιμεῖς,
489 1349 577 1375 ἐκεῖνο
591 1347 657 1382 πρός
672 1354 703 1380 γε
719 1345 825 1375 πολλοῖς
837 1344 927 1375 ἄλλοις

136 1398 316 1435 ἐνθυμηθεὶς,
331 1397 368 1427 ὡς
381 1394 634 1429 ἀνελευθεριότητος
667 1393 714 1419 καὶ
744 1390 927 1425 φιλαργυρίας

139 1445 189 1471 καὶ
202 1443 252 1478 τῆς
267 1443 334 1477 πρὸς
349 1441 412 1472 τοὺς
441 1440 584 1474 δεομένους
615 1437 823 1471 ἀπανθρωπίας,
840 1435 927 1462 οὐδενὶ

135 1488 194 1514 τῶν
203 1487 236 1513 τὰ
245 1487 357 1513 τοιαῦτα
373 1485 499 1520 πονηρῶν
510 1483 597 1514 οὐδεὶς
611 1481 755 1517 ἐμέμψατο
767 1480 926 1514 νομοθέτης,

136 1535 190 1562 κᾶν
209 1542 250 1565 τις
267 1533 405 1569 γράψηται
418 1531 481 1566 παρ’
496 1531 596 1560 αὐτοῖς,
608 1528 706 1563 χείρων
717 1527 791 1554 ἔσται
806 1525 851 1552 τοῦ
865 1525 928 1559 φεύ·
943 1549 964 1569 ρ

135 1589 232 1615 γοντος
245 1579 292 1606 καὶ
307 1579 355 1614 τὴν
374 1577 478 1604 ἐλάττω
491 1576 581 1611 ψῆφον
597 1575 736 1609 οἰχήσεται
759 1572 859 1604 λαὸὼν,
878 1570 925 1597 τοῦ

135 1627 208 1654 Θεοῦ
223 1625 251 1652 δὲ
272 1624 427 1656 δικάζοντος
442 1622 571 1657 περὶτῶν
595 1620 684 1647 αὐτῶν
698 1619 799 1646 τούτων
824 1617 925 1651 ἐγκλη-

137 1673 234 1708 μάτων
243 1672 260 1706 ἡ
269 1672 363 1705 γέεννα
375 1667 558 1703 γίνεταιδίκη.
568 1666 700 1699 Καθάπερ
711 1664 800 1691 τοίνυν
814 1662 926 1698 βασκαί-

136 1707 205 1750 νων,
221 1717 269 1744 καὶ
287 1714 473 1750 μνησικακῶν.
492 1714 544 1739 Καὶ
558 1711 644 1746 μισῶν
652 1711 697 1737 τὸν
718 1709 864 1744 ὁμόφυλον,
880 1707 928 1734 καὶ

141 1763 250 1799 μηδένα
268 1761 350 1796 μηδὲν
365 1758 394 1786 εὖ
411 1759 496 1786 ποιῶν
508 1759 556 1786 καὶ
570 1758 604 1784 τὰ
617 1756 729 1783 τοιαῦτα
747 1754 930 1790 πονηρευόμε-

133 1819 186 1842 νος
194 1809 268 1836 οὐδὲν
280 1809 313 1835 ἂν
324 1806 420 1840 ἐπίσης
430 1806 552 1840 ἄμεινον,
563 1802 626 1836 περὶ
638 1803 691 1828 τῶν
704 1801 734 1833 ἐξ
750 1800 862 1835 οὐρανοῦ
878 1800 929 1834 ψή-

135 1841 212 1891 φων,
229 1855 253 1881 εἰ
269 1852 343 1887 παρὰ
357 1852 412 1882 τοῖς
428 1851 457 1876 ὲν
479 1851 512 1885 γῇ
534 1849 640 1884 κριταῖς
664 1846 808 1876 ἀνεύθυνος
836 1841 870 1871 εί·
884 1844 928 1870 τὸν

136 1903 199 1928 ἴσον
215 1899 315 1933 τρόπον
331 1896 399 1924 κάπὶ
414 1896 467 1922 τῶν
481 1894 570 1921 τόκων
585 1893 704 1927 λογίζου.

178 1945 262 1972 Πόθεν
283 1941 328 1970 οὖν
347 1943 361 1968 ό
381 1941 438 1976 βίος
458 1941 534 1975 ἡμῖν,
554 1939 632 1973 φησὶ,
655 1938 724 1972 μήτε
741 1937 774 1964 τὰ
792 1937 922 1973 γεωργῶν

133 1992 237 2023 εἰδόσι,
256 1991 324 2025 μήτε
343 1986 545 2023 ἐμπορεύεσθαι
566 1985 737 2020 δυναμένοις,
764 1986 833 2018 μήτε
859 1983 927 2017 πρὸς

135 2039 228 2072 ἀλλην
242 2034 366 2072 ἡντινοῦν
387 2034 478 2069 έχουσι
504 2033 618 2067 τέχνην;
639 2030 672 2057 Τί
691 2030 713 2057 δ’
737 2031 770 2057 ἂν
791 2031 839 2056 καὶ
857 2030 929 2063 ίερό-

133 2083 219 2110 συλοι
235 2082 270 2108 τὰ
287 2080 357 2107 αὐτὰ
372 2080 404 2114 δὴ
421 2078 508 2105 ταῦτα
542 2077 725 2111 προϊσχωνται
742 2075 789 2101 καὶ
816 2074 929 2110 λῃσταῖς

131 2130 334 2163 Συγχωρὴσεις
347 2126 438 2156 αὐτοῖς
450 2124 498 2159 τὴν
512 2123 612 2150 κακίαν
624 2131 631 2155 ;
641 2121 748 2148 Οὐκοῦν
757 2121 810 2147 τῶν
824 2120 930 2154 διορυτ-

131 2176 244 2203 τὸντων
267 2172 317 2206 τὴν
333 2170 425 2198 αἰκίαν
443 2169 536 2205 ἀνέξῃ,
559 2167 610 2194 κᾶν
638 2166 738 2202 λῃστὴς
754 2165 885 2200 περιδύσῃ
899 2173 928 2191 σε

977 938 1072 964 tudine
1089 936 1279 964 tantummodo
1294 937 1390 970 bonos,
1419 939 1539 972 peccatis
1565 939 1678 967 obrutos
1705 940 1769 968 hinc

977 984 1112 1017 emigrare
1126 993 1133 1011 :
1148 989 1174 1011 et
1191 984 1237 1011 hic
1251 984 1401 1012 clementiae
1428 993 1459 1013 ac
1471 986 1586 1021 justitize
1611 987 1766 1022 opinionem

978 1030 1103 1064 adeptos.
1120 1030 1156 1057 ibi
1188 1030 1285 1057 referri
1315 1031 1387 1057 inter
1415 1032 1768 1065 scelestiSsimos,deterio-

978 1083 1089 1110 remque
1100 1075 1234 1102 calculum
1261 1076 1364 1103 sortiri.

1012 1120 1078 1154 Quae
1093 1128 1155 1147 cum
1171 1121 1208 1147 ita
1231 1121 1360 1154 habeant,
1380 1126 1407 1148 et
1431 1121 1503 1149 aliud
1533 1123 1588 1150 sint
1615 1129 1762 1158 prmsentes

978 1175 1074 1202 ptenae,
1085 1167 1156 1194 aliud
1174 1167 1245 1202 quod
1259 1174 1309 1194 nos
1325 1173 1417 1194 manet
1439 1168 1585 1202 judicium,
1609 1170 1663 1196 noli
1694 1177 1764 1205 pra:-

977 1212 1099 1240 sentibus
1115 1212 1205 1239 futura
1217 1212 1324 1245 metiri;
1339 1220 1389 1240 nec
1400 1220 1478 1248 spera
1492 1218 1518 1241 te
1535 1213 1589 1242 Deo
1606 1223 1715 1243 usurum
1725 1216 1770 1243 be-

977 1258 1085 1288 nevolo.
1098 1257 1176 1292 cujus
1188 1258 1260 1293 leges
1271 1258 1409 1293 despicere
1424 1266 1453 1286 es
1468 1267 1562 1292 ausus,
1577 1261 1681 1289 etiamsi
1693 1262 1768 1296 judi-

978 1312 1023 1332 ces
1034 1309 1087 1332 tua).
1099 1309 1201 1331 natura:
1211 1309 1352 1332 consonos
1365 1312 1418 1331 non
1427 1304 1497 1332 ma’te
1507 1306 1540 1333 de.
1550 1311 1576 1334 te
1590 1306 1747 1335 existiment
1760 1317 1768 1340 ;

980 1351 1045 1377 illud
1067 1351 1138 1377 inter
1156 1350 1239 1376 multa
1264 1350 1397 1384 cogitans,
1418 1350 1598 1385 legislatorem
1630 1352 1769 1380 neminem

978 1396 1072 1422 sordes
1090 1399 1118 1422 et
1131 1395 1286 1428 avaritiam,
1309 1399 1336 1422 et
1350 1395 1482 1423 adversus
1505 1401 1615 1429 egentes
1641 1397 1768 1425 inhuma-

980 1442 1091 1468 nitatem
1109 1441 1136 1467 in
1157 1448 1295 1475 quoquam
1322 1441 1420 1468 horum
1450 1448 1497 1468 reo
1523 1447 1709 1477 persecutum,
1738 1449 1767 1470 et

979 1487 1024 1519 qui
1038 1493 1202 1521 quemquam
1219 1486 1316 1512 horum
1333 1486 1404 1520 apud
1420 1486 1481 1513 illos
1496 1493 1618 1520 accuset,
1633 1488 1769 1516 deteriore

981 1531 1040 1558 loco
1060 1532 1120 1566 ipso
1137 1536 1264 1558 accusato
1293 1531 1424 1562 futurum,
1451 1535 1478 1558 et
1507 1539 1586 1559 causa
1615 1540 1768 1566 casurum;

984 1577 1038 1603 Deo
1064 1581 1154 1603 autem
1188 1576 1221 1603 de
1264 1576 1307 1603 his
1339 1577 1406 1611 ipsis
1438 1576 1603 1605 criminibus
1632 1578 1767 1613 judicium

981 1626 1140 1654 exercente,
1178 1621 1333 1656 gehennam
1366 1622 1528 1656 supplicium
1568 1623 1636 1650 lore.
1676 1624 1771 1660 Itaque

982 1674 1011 1695 ut
1025 1668 1143 1698 invidus,
1159 1672 1186 1694 et
1212 1667 1374 1702 injuriarum
1400 1676 1453 1694 nou
1477 1669 1548 1702 potis
1573 1669 1712 1704 oblivisci,
1742 1676 1770 1698 ct

980 1712 1044 1739 odio
1062 1711 1180 1746 proximi
1205 1711 1337 1742 imbutus,
1366 1715 1392 1738 et
1422 1712 1490 1739 nulli
1518 1714 1666 1749 quidquam
1690 1717 1770 1744 bene-

980 1759 1095 1792 faciens,
1109 1763 1135 1786 et
1167 1758 1266 1785 similia
1299 1763 1472 1793 perpetratis,
1498 1767 1656 1796 quanquam
1697 1763 1769 1798 apud

980 1810 1104 1832 terrenos
1116 1804 1223 1838 judices
1240 1804 1347 1837 insons,
1371 1804 1512 1832 meliorem
1528 1813 1544 1833 e
1563 1807 1633 1834 c0210
1662 1812 1769 1835 senten-

980 1851 1045 1877 tiam
1062 1857 1114 1876 non
1128 1849 1207 1875 habet
1222 1855 1272 1875 cur
1289 1854 1444 1883 exspectet:
1462 1850 1534 1877 izlem
1563 1856 1589 1878 tu
1606 1852 1640 1879 de
1666 1851 1769 1880 fenera-

980 1899 1038 1922 tm‘e
1064 1894 1192 1928 cogitato.

1017 1938 1093 1966 Unde
1108 1946 1172 1973 ergo
1186 1938 1273 1966 victus
1289 1939 1380 1970 nobis.
1394 1940 1493 1974 inquit,
1511 1941 1558 1975 qui
1589 1948 1639 1968 nec
1650 1942 1768 1977 agricul-

980 1988 1068 2010 turam
1084 1985 1228 2012 didicimus
1245 2003 1253 2017 ,
1270 1993 1321 2012 nec
1334 1992 1516 2013 mercaturam
1534 1987 1622 2015 facere
1647 1988 1749 2015 scimus
1760 2008 1767 2020 .

980 2038 1029 2057 nec
1045 2030 1078 2057 ad
1092 2030 1173 2057 ullam
1201 2035 1287 2058 artem
1316 2032 1511 2066 quaestuarinm
1539 2040 1636 2060 sumus
1660 2033 1769 2060 idonei?

981 2075 1056 2108 Quod
1076 2076 1098 2103 si
1116 2080 1142 2102 et
1169 2076 1305 2111 sacrilegi,
1323 2082 1350 2103 et
1367 2076 1487 2104 latrones
1513 2077 1584 2104 idem
1606 2083 1768 2113 prietexant,

981 2130 1044 2148 num
1066 2123 1105 2149 eis
1124 2122 1235 2150 sceleris
1250 2122 1407 2150 facultatem
1424 2123 1525 2151 dabis?
1539 2123 1622 2158 Igitur
1645 2125 1769 2152 elIracto-

980 2175 1023 2194 res
1036 2168 1168 2201 patieris?
1187 2173 1213 2195 et
1227 2169 1248 2195 si
1275 2168 1344 2196 latro
1359 2174 1511 2203 captum'te
1519 2170 1639 2198 vestibus
1651 2172 1767 2204 exuerit,

135 2218 304 2253 κατασχὼν,
331 2217 377 2243 καὶ
401 2216 508 2249 πληγὰς
533 2213 649 2248 ὲντείνῃ,
665 2212 749 2239 δεινὸν
765 2211 851 2245 οὐδὲν,
877 2211 927 2237 κᾶν

981 2217 1007 2240 ιι
1028 2214 1120 2248 plagas
1135 2214 1308 2248 imposuerit.
1333 2214 1400 2242 nihil
1425 2213 1532 2250 injuriae
1558 2215 1674 2243 intulit?
1690 2221 1716 2244 et
1745 2218 1769 2246 si

135 2263 313 2303 μαστρωπὸς
332 2261 500 2296 πολιορκήσῃ
516 2260 562 2285 τὸν
574 2259 673 2293 γάμον,
691 2257 765 2303 οὐδὲν
778 2256 907 2303 ἠδίκησεν
920 2265 927 2289 ;

129 2301 228 2345 ἀλλην
242 2310 296 2344 γὰρ
308 2308 362 2334 οὐδ’
374 2306 498 2342 ἡντινοῦν
513 2306 585 2332 ῐσασι
596 2305 703 2339 τέχνην.
717 2301 780 2338 Ἆρ’
791 2302 836 2328 οὖν
848 2301 931 2336 ἡδέως

127 2355 309 2387 ἀπολαύσεις
315 2353 368 2380 τῶν
377 2351 474 2380 σαυτοῦ
481 2350 577 2386 ψήφων
586 2347 766 2383 ςἈλλχοῙμαι,
772 2347 822 2379 δεῖ,
833 2346 932 2380 μᾶλλον

130 2404 169 2431 δὲ
192 2402 266 2429 πᾶσα
281 2400 390 2434 ἀνάγκη
408 2398 444 2433 μὴ
461 2396 540 2432 μόνον
557 2392 594 2422 ὢν
610 2395 647 2429 τῷ
662 2395 711 2430 βίῳ
728 2394 769 2421 δεῖ
785 2393 932 2427 τυγχάνειν

131 2449 252 2485 ζητεῖν,
270 2446 339 2473 ἀλλὰ
354 2446 401 2471 καὶ
419 2443 481 2470 ὅθεν
494 2443 533 2469 δεῖ
547 2441 697 2476 λαμὸάνειν
716 2440 816 2474 ζητεῖν,
834 2438 871 2470 ὡς
887 2439 931 2464 ὲν-

127 2493 235 2522 ταῦθα
250 2493 340 2519 πᾶσαν
357 2489 529 2517 συνεστῶσαν
545 2488 594 2523 τὴν
608 2488 637 2514 ὲν
649 2488 708 2518 ταῖς
723 2487 815 2513 πόλεσι
828 2486 929 2512 Batauo-

131 2529 244 2573 σῦνην.
262 2537 293 2563 El
311 2536 364 2571 γὰρ
388 2535 540 2570 χρημάτων
565 2532 692 2567 ἀλλήλοις
716 2533 764 2558 καὶ
785 2531 932 2565 κτημάτων

127 2587 195 2614 καὶ
211 2583 290 2618 δόξης
308 2582 439 2609 ἑκάστοτε
453 2581 499 2607 καὶ
523 2579 575 2605 τῶν
592 2579 724 2605 τοιούτων
739 2575 929 2612 άμφισὸητοῦυ

127 2640 209 2668 μεν,
226 2630 328 2655 τούτων
350 2628 378 2654 δὲ
400 2627 450 2653 οὐκ
476 2626 548 2652 ἔστιν
571 2625 645 2651 οὐδὲν
661 2624 675 2649 ὃ
690 2626 726 2659 μὴ
746 2623 810 2657 παρ’
831 2623 932 2656 ἐτέρων

123 2677 225 2714 ἡμῖν,
240 2676 281 2702 ὅτι
297 2674 380 2710 μηδὲν
397 2673 426 2705 ἐξ
440 2673 526 2707 ἀρχῆς
540 2672 579 2703 εἰς
597 2671 642 2698 τὸν
664 2670 720 2705 βίον
747 2669 930 2704 εἰσεληλυθόσι

124 2719 381 2754 συνεισελήλυθεν,
390 2718 457 2745 ἀλλὰ
466 2716 567 2744 καὶτὸν
582 2717 665 2752 ἀγρδιν
680 2715 805 2743 ’.αῆόιτες
819 2715 929 2749 ἔχομεν,

125 2767 193 2795 καὶ
205 2764 235 2791 τὸ
245 2764 362 2799 ἱμάτιον,
375 2763 422 2790 καὶ
429 2762 473 2788 τὸν
487 2762 570 2789 ἵππον
582 2760 692 2787 καὶτῶν
707 2760 792 2787 ὄντων
806 2759 930 2785 ἕκαστον·

123 2809 277 2847 φανερὸν,
288 2809 375 2843 τούτῳ
383 2808 519 2841 διενέγκαι
527 2807 573 2833 τοὺ
581 2828 588 2837 ,
600 2806 720 2837 δικαίους
728 2805 782 2832 τῶν
793 2803 930 2839 πονηρῶν,

122 2857 181 2894 οιῷ
199 2857 262 2887 τοὺς
273 2857 332 2892 μὲν,
344 2854 408 2890 παρ’
420 2852 458 2881 ὦν
469 2854 532 2885 ἔδει,
545 2853 606 2883 τοὺς
618 2852 658 2885 δὲ,
673 2852 736 2887 παρ’
751 2848 789 2878 ὧν
801 2851 850 2877 οὐκ
865 2849 929 2881 ἔδει,

313 2905 448 2934 ΡΑτιιοι..
470 2904 529 2933 Gn.
554 2902 612 2931 CL.

983 2258 1045 2285 lno
1060 2259 1152 2286 uxoris
1176 2259 1330 2286 castitatem
1362 2262 1525 2294 corruperit,
1555 2261 1622 2288 nihil
1653 2263 1769 2291 nocuit?

984 2303 1086 2330 nullam
1101 2303 1173 2330 enim
1187 2311 1382 2338 quamcunque
1401 2309 1487 2332 artem
1506 2310 1618 2333 norunt.
1637 2306 1766 2334 Fructum

983 2357 1048 2383 ergo
1061 2349 1158 2383 judicii
1175 2350 1225 2377 tui.
1245 2350 1348 2384 capies.
1373 2350 1408 2376 At
1434 2351 1506 2377 enim
1537 2356 1602 2386 puto
1630 2357 1767 2387 oportere.

983 2393 1039 2420 imo
1057 2399 1111 2420 tam
1135 2398 1177 2420 est
1208 2393 1406 2427 necessarium,
1432 2402 1513 2429 quam
1541 2396 1613 2430 quod
1641 2398 1768 2430 maxime,

983 2446 1036 2465 non
1057 2439 1144 2466 solum
1158 2439 1257 2473 quibus
1273 2439 1327 2466 vita
1339 2439 1441 2474 indiget
1463 2447 1586 2474 quaerere
1599 2460 1606 2474 .
1623 2442 1670 2469 sed
1684 2442 1767 2469 etiam

983 2484 1190 2519 circumspicere
1207 2486 1278 2512 unde
1307 2485 1495 2520 accipiendum
1520 2487 1566 2519 sit,
1594 2492 1687 2522 utpote
1711 2492 1766 2515 tota

982 2529 1055 2557 civili
1074 2530 1180 2564 justitia
1196 2531 1241 2558 hic
1255 2531 1432 2559 consistente.
1451 2531 1479 2559 Si
1501 2533 1574 2559 enim
1598 2533 1632 2560 de
1642 2534 1767 2566 pecunia,

983 2576 1211 2610 possessionibus,
1222 2575 1320 2611 gloria,
1335 2577 1525 2612 similibusque
1536 2586 1644 2613 semper
1657 2583 1768 2606 contro-

983 2628 1133 2654 versantur,
1150 2625 1177 2648 et
1187 2621 1285 2648 horum
1309 2623 1377 2649 nihil
1404 2629 1456 2656 est,
1480 2623 1552 2658 quod
1581 2631 1634 2651 non
1650 2623 1684 2650 ab
1707 2624 1768 2651 aliis

986 2667 1018 2694 ad
1043 2675 1093 2694 nos
1105 2667 1254 2702 perveniat,
1284 2669 1414 2702 quoniam
1430 2676 1446 2696 a
1475 2669 1608 2704 principio
1627 2669 1652 2696 in
1684 2669 1767 2696 vitam

988 2712 1105 2746 ingres-i
1121 2712 1190 2739 nihil
1209 2712 1305 2740 horum
1335 2714 1479 2742 nobiscum
1508 2714 1590 2742 simul
1613 2721 1766 2749 mgressum

982 2761 1034 2788 est,
1046 2757 1093 2784 sed
1111 2761 1138 2784 et
1150 2765 1243 2793 agrum
1259 2760 1426 2794 accepimus,
1440 2765 1466 2787 et
1483 2765 1597 2792 vestem,
1614 2764 1641 2787 et
1654 2767 1765 2794 equum,

982 2808 1008 2830 et
1019 2803 1151 2838 quidquid
1163 2803 1322 2831 facultatum
1342 2805 1473 2833 habemus
1490 2814 1495 2832 :
1512 2806 1615 2833 clarum
1645 2810 1696 2838 est,
1716 2805 1769 2835 hoc

983 2849 1086 2876 distare
1097 2849 1187 2884 justos
1199 2850 1232 2877 ab
1248 2849 1391 2884 improbis,
1408 2851 1480 2885 quod
1496 2851 1532 2878 ιιιὶ
1544 2858 1558 2877 a
1573 2850 1674 2884 quibus
1688 2845 1776 2887 opor-f

1551 2895 1586 2929 2’1
