1967 3071
101 139 149 171 743
722 134 808 165 νιΤΑ
823 133 850 164 S.
872 133 892 162 ’Τ

946 132 1023 163 MDC
1031 131 1100 164 ltiti;

1674 134 1728 165 750

103 197 241 229 κινδύνων,
257 195 306 230 τῆς
322 195 461 230 τραπέζης
474 192 647 228 κατατολμᾷν
666 201 673 225 ;
690 201 699 217 t
714 189 752 218 Ἦ
768 190 892 226 παραζη-

946 195 1080 223 mutuum,
1097 191 1214 218 ttondqu
1232 191 1323 218 debito
1339 191 1431 218 solvis.
1447 191 1520 218 Adeo
1537 190 1618 226 igitur
1634 191 1730 218 adver-

102 243 201 277 Aoﬁpsv
225 243 270 269 τὸν
295 241 417 276 Κύριον;
435 240 503 276 φησι
528 239 651 270 Παῦλος·
670 237 708 274 μὴ
722 237 890 272 ἰσχυρότεροι

103 289 183 316 αὑτοῦ
199 289 293 323 interi;
311 297 321 314 ι

140 375 221 410 Παρὰ
234 375 323 402 πάντα
338 375 366 401 δὲ
380 374 468 401 ταῦτα
482 373 622 408 προσῆκιν
635 374 724 400 ἐκεῖνο
738 373 888 407 λογισάμε-

105 430 147 447 νον
163 421 289 453 σκοπεῖν,
306 420 348 446 ὅτι
370 420 431 446 δέον
453 419 659 453 ἀπολογεῖσθαι.
676 419 746 451 Τοὺς
767 419 822 452 γὰρ
837 418 900 454 ὺπὺγ

99 468 139 501 τῷ
155 466 266 502 Χριστῷ
280 466 469 500 τεταγμένους
489 465 595 496 ἀδικίας
607 465 700 500 πάσης
716 464 890 499 ἀπηλλάχθαι

103 514 185 548 φησὶν
197 513 211 539 ὁ
227 513 385 548 Προφήτης,
398 512 446 538 καὶ
458 511 511 546 τῆς
531 512 594 546 περὶ
618 511 664 538 τὸν
686 513 765 538 τόκον
783 511 890 546 μανίας.

106 569 115 584 ι
145 559 193 589 Ἐκ
209 558 291 585 τόκου
305 558 371 593 γὰρ,
384 558 462 592 φησὶ,
479 558 526 584 καὶ
547 557 577 589 ἐξ
592 557 700 589 ἀδικίας
721 557 891 592 λυτρώσεται

103 606 150 637 τὰς
161 605 249 640 ψυχὰς
260 605 361 631 αὐτῶν.
374 614 384 630 ι
404 605 437 631 Σὲ
453 605 480 630 δὲ
500 604 583 639 μήτιω
600 604 758 638 λελυμένον,
774 603 832 630 ἀλλ’
848 603 888 630 ἔτι

102 651 135 678 τὰ
147 651 236 686 δεσμὰ
249 651 368 686 φέροντα
392 650 439 676 καὶ
457 650 545 676 τόκων
560 649 726 685 ἀνδράποδον
740 649 816 682 ὄντα,
839 649 890 677 ποῦ

103 698 241 732 τάξομεν;
269 697 391 730 Ἀνάγκη
419 697 473 732 γὰρ
502 696 628 731 θάτερον,
645 695 662 731 ἢ
679 696 726 722 τὸν
745 696 892 732 Προφήτην

104 744 133 770 ὲν
147 740 189 774 οἷς
207 741 417 776 εὐαγγελίζεται
444 741 612 774 διαπίπτειν,
636 741 651 776 ἢ
679 742 708 767 σὲ
736 741 773 777 μὴ
790 741 892 768 τούτων

104 787 174 815 εἶναι
190 788 243 815 τῶν
260 788 313 814 ὑπὸ
323 787 443 823 Χριστοῦ
460 787 670 822 κοσμουμένων.
687 788 718 814 El
733 788 761 814 δὲ
775 788 804 814 τὸ
817 789 892 823 πρῶ-

103 842 149 859 τον
158 833 259 860 ἄτοπον
275 834 436 868 συγχωρεῖνὶ
451 833 551 866 σκέψαι
568 833 600 859 σὺ
615 833 680 869 περὶ
689 834 736 860 τοῦ
752 835 891 869 δευτέρου,

104 880 151 905 καὶ
165 879 192 905 ετ
210 887 252 905 σοι
269 878 361 910 καλῶς
384 878 441 914 ἔχει
452 879 554 914 ταύτην
570 880 641 906 κατὰ
657 879 757 907 σαυτοῦ
776 880 825 915 τὴν
841 881 891 916 ψῆ-

104 933 154 959 φον
170 924 335 959 ἐξενεγκεῖν.
366 924 398 951 Et
425 925 453 951 δὲ
471 925 635 960 Χριστιανὸς
662 923 696 958 εἰ,
722 926 769 953 καὶ
796 926 891 952 τούτου

104 971 221 1006 γράφεις
242 971 339 998 σαυτὸν
354 970 402 997 τοῦ
430 971 525 1007 χοροῦ,
542 971 631 1006 ῥίψεις
647 972 709 1003 τοὺς
724 972 831 1004 τόκους,
844 972 893 1007 οὐχ

105 1018 176 1053 ὑπὲρ
190 1016 261 1044 οὕτω
276 1017 387 1052 φαύλων
402 1017 554 1052 λημμάτων
582 1017 644 1049 τοὺς
671 1018 721 1052 μὲν
741 1017 829 1050 θείους
844 1026 894 1045 κα-

105 1063 277 1098 ταπατήσεις
294 1064 407 1099 νόμους
420 1064 470 1099 τὴν
486 1064 514 1089 δὲ
540 1063 610 1099 μετὰ
621 1063 668 1090 τοῦ
686 1065 805 1100 Χριστοῦ
821 1065 893 1101 ζωὴν

107 1109 247 1144 περιόψει,
261 1109 373 1144 γεέννης
388 1109 417 1136 δὲ
434 1110 482 1136 καὶ
496 1109 609 1140 σκότους
630 1111 677 1137 καὶ
692 1111 832 1146 κλαυθμοῦ
847 1112 893 1138 καὶ

107 1154 231 1191 βρυγμοῦ
246 1154 375 1187 ὀδόντων,
392 1155 440 1183 καὶ
454 1155 509 1182 τῶν
536 1155 701 1183 δεινοτάτων
720 1159 895 1194 καταφρονή-

107 1211 174 1235 σεις.

150 1250 231 1277 Ἀλλὰ
249 1249 295 1276 τὴν
318 1249 369 1285 μὲν
400 1250 478 1284 λόγον
507 1250 571 1281 τοὺς
597 1249 771 1285 προτεθεῖσιν
797 1251 894 1284 ἀρκεῐν

107 1295 244 1331 ἡγοῦμαι,
258 1296 308 1323 καὶ
324 1296 374 1323 οὐκ
399 1293 448 1322 οἷδ’
464 1296 478 1322 ὅ
500 1304 527 1322 τι
547 1296 588 1323 δεῖ
602 1297 763 1330 προσθεῖναι
780 1297 835 1327 τοῖς
853 1297 894 1322 εἰ-

107 1342 248 1377 ρημένοις.
263 1342 299 1369 Σὺ
324 1342 362 1374 δὲ,
377 1342 394 1377 ἡ
413 1341 546 1376 πεισθεὶς,
558 1343 622 1373 τοὺς
638 1342 755 1377 τρόπους
772 1342 894 1377 μεταϐα-

107 1389 174 1420 λεῖς,
190 1388 207 1423 ἢ
223 1387 302 1415 τοῦτο
324 1388 391 1423 γοῦν
415 1389 469 1416 ἀπὸ
485 1389 540 1416 τῶν
556 1388 643 1423 λόγων
660 1388 710 1424 ἔσῃ
731 1388 836 1423 μαθὼν,
861 1389 895 1415 τὰ

106 1435 248 1462 δεινότατα
271 1434 381 1461 πάντων
405 1435 523 1470 τολμῶν,
541 1436 588 1462 καὶ
604 1434 664 1470 Θεῷ
692 1435 738 1461 καὶ
758 1434 797 1470 τῷ
811 1434 893 1460 κοινῶ

108 1481 164 1507 τῶν
180 1480 330 1516 ἀνθρώπιον
346 1481 452 1508 πολλῶν
471 1481 619 1513 ὑπεύθυνος
634 1481 682 1509 ὢν.

146 1559 168 1574 ¹⁰
192 1559 204 1587 ι
222 1559 286 1587 Cor.
300 1567 330 1590 ι,
345 1559 391 1586 22.
432 1561 450 1575 "
470 1560 542 1587 Psal.
564 1568 640 1593 uxr,
656 1561 700 1588 η.

942 242 1046 264 sentem
1070 237 1125 265 Deo
1148 237 1249 265 audere
1273 245 1366 265 sacras
1389 238 1458 264 inire
1485 238 1592 272 epulas,
1616 239 1728 272 quantis

942 283 1053 318 plenum
1076 289 1119 310 est
1132 284 1280 319 periculis?
1297 293 1306 309 ε
1327 284 1367 310 Αη
1383 283 1543 310 :emulamur
1558 283 1702 310 Dominum
1717 284 1729 310 τ

943 329 1030 364 inquit
1055 329 1166 362 Paulus,
1185 329 1308 364 nunquid
1325 329 1372 357 illo
1390 329 1517 356 fortiores
1543 337 1639 356 sumus
1655 329 1700 356 “‘7
1719 339 1727 354 ι

978 375 1044 403 Post
1056 376 1112 403 haec
1124 377 1215 403 omnia
1229 376 1294 403 illud
1309 375 1454 410 cogitando
1465 383 1576 402 versare
1590 375 1729 405 convenit.

943 423 1077 450 rationem
1099 423 1212 450 reddere
1226 428 1353 457 oportere
1367 431 1374 455 ;
1391 423 1442 450 sub
1458 430 1519 456 rege
1533 422 1605 448 enim
1621 421 1730 449 Christo

942 469 1105 496 constitutos
1135 469 1207 496 omni
1237 469 1380 503 iniquitate
1414 475 1441 496 et
1477 468 1595 495 amentia
1629 468 1730 495 lcnorls

942 515 1072 543 liberatos
1090 523 1151 543 esse
1176 519 1291 542 testatur
1312 516 1449 550 PrOpheta
1466 524 1472 542 :
1491 525 1500 540 ‹
1523 514 1560 541 Ex
1577 522 1669 546 usura,
1686 514 1729 541 in-

943 560 1018 596 quit',
1045 566 1072 589 et
1096 562 1239 596 iniquitate
1261 562 1387 588 liberabit
1414 562 1521 588 animas
1552 569 1648 588 eorum
1665 560 1697 587 “.
1717 569 1726 585 ι

943 607 981 635 Te
996 613 1085 635 autent
1103 601 1223 635 nondum
1239 608 1369 640 solutum,
1385 607 1431 634 sed
1446 606 1597 634 etiamnum
1611 604 1729 632 vinculis
1761 624 1765 625 ν

944 653 1116 688 implicitum,
1131 658 1157 680 et
1174 662 1265 681 usura:
1280 653 1445 688 mancipium
1461 652 1506 680 ubi
1522 650 1731 679 collocabimus?

942 700 1064 727 Alterum
1081 700 1217 735 siquidem
1240 700 1425 727 necessarium
1442 703 1485 727 est
1507 707 1513 725 :
1531 703 1577 725 aut
1593 697 1732 732 Propheta:

943 747 1045 774 bonum
1064 747 1191 774 nuntium
1218 746 1293 773 nullo
1312 745 1410 773 cll‘cctu
1437 752 1622 776 evanescere;
1644 748 1690 770 aut
1706 748 1732 770 to

944 800 1029 819 unum
1054 793 1087 819 de
1102 792 1145 819 bis
1169 800 1222 819 non
1240 799 1312 825 esse,
1328 791 1374 826 qui
1391 800 1406 818 a
1422 791 1531 818 Christo
1546 791 1727 817 cohonestan-

944 844 998 866 tur.
1019 839 1094 871 Quod
1111 839 1133 866 si
1150 839 1299 866 absurdum
1317 843 1359 866 est
1377 838 1453 872 prius
1473 837 1633 867 concedere,
1648 841 1675 862 tu
1697 836 1731 862 de

943 885 1030 912 altero
1046 884 1160 916 videris,
1177 890 1204 912 et
1221 892 1256 911 an
1272 892 1304 912 ex
1322 892 1352 911 re
1373 888 1418 911 tua
1433 882 1597 910 sententiam
1621 881 1729 908 tuleris.

945 930 972 957 Si
990 937 1054 957 vero
1067 929 1239 957 Christianus
1254 933 1329 961 es.et
1341 934 1367 956 te
1377 929 1423 959 isti
1440 927 1540 963 populo
1554 933 1730 956 aunumeras.

945 984 1044 1006 usuras
1065 977 1187 1012 abjicies,
1205 984 1254 1004 nec
1277 981 1388 1011 propter
1403 979 1537 1010 quaestum
1554 973 1622 1001 adeo
1644 973 1733 1000 ίηῐοιιο

944 1014 1007 1050 dum
1033 1023 1139 1050 divinas
1169 1022 1241 1056 leges
1275 1020 1481 1056 aspernabere,
1506 1020 1646 1052 vitamque
1670 1024 1732 1044 cum

944 1068 1055 1097 Christo
1077 1061 1248 1101 contemnes,
1265 1075 1316 1094 nec
1341 1067 1504 1101 gehennam,
1518 1069 1545 1092 et
1558 1071 1690 1096 vcrtnem,
1707 1067 1734 1090 et

945 1115 1053 1146 ﬂetum.
1068 1119 1095 1142 et
1118 1114 1266 1142 stridorem
1282 1113 1418 1145 dentium,
1437 1116 1465 1139 et
1486 1111 1632 1139 horribiles
1661 1114 1735 1137 tene-

946 1161 1010 1189 bras
1026 1160 1202 1197 parvifacies.

982 1254 1034 1281 Sed
1056 1253 1112 1288 jurn
1130 1261 1180 1288 pro
1199 1261 1229 1280 re
1243 1251 1383 1287 proposita
1403 1251 1471 1278 satis
1496 1249 1600 1277 dictum
1624 1249 1733 1283 opinor,

947 1308 995 1328 nec
1012 1287 1091 1327 Video
1107 1287 1172 1334 quid
1189 1287 1307 1332 amplius
1323 1297 1468 1324 dicendum
1483 1296 1530 1323 sit.
1543 1294 1595 1327 Tu,
1612 1297 1659 1321 aut
1675 1301 1736 1329 pcr-

946 1354 1044 1374 suasus
1067 1345 1109 1372 his
1133 1352 1224 1371 mores
1246 1342 1420 1375 immutabis,
1443 1346 1490 1369 aut
1514 1341 1610 1369 saltent
1634 1335 1736 1368 ex‘hac

946 1392 1070 1419 oratione
1091 1398 1151 1417 mea
1172 1394 1196 1416 te
1213 1389 1335 1416 omnium
1358 1388 1520 1423 gravissima
1544 1385 1688 1417 audendo,
1708 1389 1735 1412 ct

947 1438 1013 1469 Deo,
1029 1442 1055 1464 ct
1085 1435 1223 1463 communi
1250 1436 1390 1463 hominum
1408 1433 1441 1461 de
1466 1433 1559 1460 multis
1583 1431 1732 1459 obnoxium

946 1490 1006 1510 esse
1023 1488 1183 1516 cognosces.
1656 1479 1660 1483 ”

118 1643 1731 1676 W

374 1737 466 1793 DE
498 1737 779 1795 SANCTA
825 1737 1211 1795 THEODOR‘A
1257 1704 1500 1796 VlDUA.

614 1846 880 1875 SANCTIMUNIALI
909 1846 1225 1876 THESSALONICENSI

243 1923 476 1956 DANIELIS
525 1924 866 1956 PAPEBROCHII
927 1925 1319 1957 COMMENTARIUS
1370 1925 1600 1957 PREVIUS.

699 2010 770 2040 (Acta
788 2009 843 2039 SS.,
855 2009 934 2041 April.
947 2010 988 2034 die
1005 2004 1027 2039 4,
1046 2012 1105 2034 tom.
1127 2009 1158 2040 l.)

153 2163 177 2190 l.
197 2161 274 2195 Quod
292 2164 381 2188 exstat
395 2159 490 2187 Romae
509 2159 732 2196 Martyrologium
741 2159 1065 2196 Arabico-[Egyptiacum
1083 2160 1109 2187 in
1125 2160 1239 2194 collegio
1265 2159 1478 2192 Maronitarum,
1500 2163 1583 2193 atque
1607 2167 1622 2187 a
1645 2159 1737 2187 Gratia

113 2207 241 2235 Simonio
256 2215 290 2234 ex
306 2205 423 2233 Arabica
440 2206 466 2232 in
484 2205 604 2240 linguam
620 2205 746 2232 Latinam
763 2204 909 2233 transferri
926 2205 1004 2232 nobis
1023 2204 1130 2231 curavit
1148 2204 1316 2231 Athanasius
1331 2202 1480 2231 Kirchcrus
1498 2206 1601 2236 noster,
1618 2203 1739 2231 celebrat

114 2252 152 2281 ad
177 2252 249 2278 diem
272 2250 397 2285 quintum
424 2248 528 2284 Aprilis
555 2258 564 2274 ι
585 2249 744 2276 memoriam
763 2254 867 2276 sanctae
888 2248 983 2276 matris
1005 2248 1172 2281 Tlicodorze;
1193 2257 1202 2273 ι
1226 2254 1288 2282 qua:
1308 2245 1390 2274 verba
1403 2246 1430 2273 in
1447 2246 1556 2274 Menaeis
1580 2247 1689 2274 excusis
1711 2251 1738 2274 ot

114 2293 311 2329 manuscriptis
325 2293 418 2320 Graece
431 2293 471 2319 sic
481 2292 643 2324 elIeruntur,
659 2292 698 2327 Τῇ
715 2292 783 2327 αὐτῇ
799 2292 890 2327 ἡμέρᾳ

946 2301 951 2324 ;
965 2292 1042 2323 ὁσίας
1055 2291 1158 2326 μητρὸς
1173 2289 1252 2325 ἡμῶν
1263 2289 1415 2325 Θεοδώρας,
1429 2289 1478 2324 τῆς
1488 2290 1517 2316 ἐν
1531 2289 1716 2327 Θεσσαλονίκῃ
1730 2298 1737 2318 :

115 2346 180 2375 quae
197 2337 301 2365 scilicet
313 2336 526 2368 Thessalonice,
542 2336 610 2363 urbe
626 2335 792 2363 Macedonia:
807 2335 960 2367 notissima,
977 2335 1062 2362 vixit:
1081 2339 1108 2361 et
1123 2333 1188 2361 illud
1205 2333 1316 2360 additur
1332 2333 1467 2361 distichon
1482 2342 1488 2361 :

539 2394 570 2420 Et
589 2393 682 2425 καλοῐς
696 2394 803 2425 πολλοῖς
818 2393 921 2428 αὑχεῖτ,
939 2392 1136 2428 Θεσσαλονίκη,

547 2429 641 2463 Ἔχεις
659 2429 706 2455 καὶ
719 2429 816 2455 σεπτὸν
832 2427 910 2454 ὀλϋον
930 2427 979 2462 τὴν
992 2427 1144 2462 Θεοδὼραν.

545 2471 747 2504 Thessalonica,
763 2471 848 2498 multa
867 2471 991 2505 sijactas
1010 2470 1090 2500 bona,

543 2506 607 2534 lla'c
621 2507 687 2533 inter
698 2507 777 2533 etiam
790 2507 909 2541 possides
924 2505 1100 2532 Theodoram.

156 2563 223 2591 Dein
239 2563 300 2590 vitae
312 2562 372 2598 ejus
385 2562 540 2590 encomium
559 2561 665 2589 illustre
681 2561 836 2597 huiusmodi
850 2561 974 2596 sequitur
988 2569 995 2587 :

153 2619 182 2646 2.
205 2627 215 2644 ‹
240 2618 339 2646 Sancta
354 2617 412 2645 haec
434 2616 579 2644 Theodora
603 2623 617 2643 a
641 2622 734 2644 tenera
758 2621 836 2644 :etate
858 2616 999 2644 Christum
1026 2616 1192 2644 desideravit
1210 2625 1216 2644 :
1237 2621 1263 2644 et
1289 2616 1369 2644 rebus
1391 2617 1538 2644 mundanis
1554 2616 1687 2644 abdicatis
1708 2616 1736 2644 in

114 2662 276 2690 cmnobium
293 2662 426 2696 ingressa,
444 2660 472 2687 in
490 2661 652 2687 monacham
671 2664 712 2686 est
725 2664 854 2687 attonsa:
871 2664 899 2687 et
916 2667 1011 2688 omnes
1035 2660 1150 2688 virtutes
1168 2660 1292 2695 amplexa
1314 2660 1395 2688 simul
1410 2664 1440 2688 ut
1455 2667 1555 2693 unam,
1575 2660 1603 2687 in
1618 2660 1651 2688 iis
1668 2667 1736 2687 con—

116 2710 258 2733 summata
273 2705 370 2733 evasit.
387 2704 463 2732 Adeo
477 2711 542 2731 vero
558 2703 742 2730 obedientiam
757 2708 783 2731 et
803 2703 1004 2731 venerationem
1022 2704 1140 2731 excoluit
1157 2711 1219 2740 erga
1239 2712 1334 2733 omnes
1349 2705 1468 2733 cmnobii
1484 2712 1603 2736 sorores,
1620 2708 1648 2731 et
1665 2711 1734 2738 pra:-

117 2750 215 2779 sertim
227 2750 392 2782 antistitam,
407 2755 436 2776 ut
453 2753 512 2784 post
529 2753 644 2775 mortem
663 2748 745 2775 etiam
761 2749 919 2775 ostenderet
931 2747 1075 2778 virtutem,
1098 2755 1179 2782 quam
1199 2753 1361 2777 exercuerat
1383 2750 1454 2776 viva.
1470 2749 1538 2776 Nam
1557 2749 1639 2776 vitam
1655 2754 1734 2775 suam

117 2795 190 2822 adeo
207 2800 303 2828 puram
340 2798 367 2820 et
389 2793 422 2820 ab
439 2793 512 2819 omni
530 2799 642 2826 prorsus
657 2792 762 2819 macula
781 2792 969 2818 intaminatam
988 2791 1152 2824 custodivit,
1176 2797 1205 2818 ut
1218 2799 1280 2819 eam
1299 2800 1347 2827 pro
1362 2793 1422 2821 viva
1439 2793 1559 2828 imagine
1579 2793 1635 2820 suis
1655 2799 1734 2819 soro-

122 2839 199 2866 ribus
214 2837 367 2872 rcliquerit.
388 2836 451 2864 Post
469 2841 584 2864 mortem
603 2844 668 2864 vero
680 2856 687 2869 ,
704 2844 766 2864 cum
781 2837 836 2871 jam
860 2837 940 2870 longo
956 2834 1052 2862 fuisset
1070 2841 1193 2870 tempore
1209 2837 1325 2870 sepulta,
1345 2836 1458 2870 contigit
1473 2836 1554 2863 etiam
1577 2835 1737 2871 magistram
