1967 3071
272 151 326 184 ⁷751
887 148 911 178 Ν
919 148 1042 179 [COLAI

1112 149 1255 180 BASlLdi
1840 146 1888 178 ’152

280 217 329 236 seu
345 208 489 242 praesidem
505 207 622 235 emnobii
638 214 669 233 ex
681 206 732 232 hac.
747 206 801 232 \ila
815 205 847 232 ad
861 205 1000 233 Christum
1013 206 1147 240 proficisci
1159 215 1166 232 :
1179 211 1206 234 et
1217 206 1280 242 quia
1293 208 1348 233 lucc
1364 205 1511 234 admodum
1524 209 1628 236 sancte,
1641 207 1717 232 caste
1729 208 1755 231 et
1767 203 1890 238 religiose

280 253 395 284 vixerat,
411 252 501 280 factus
520 251 605 278 estad
630 251 713 284 hujus
731 251 814 277 I'unus
831 257 984 276 concursus
1002 250 1149 276 multorum
1168 250 1322 282 hominum,
1341 250 1412 276 inter
1426 257 1496 283 quos
1515 254 1594 276 erant
1611 249 1730 276 illustres
1748 247 1811 280 viri,
1829 247 1890 274 reli-

280 298 349 332 giosi
369 296 495 324 monachi
517 300 544 323 et
560 296 622 322 laici
644 295 809 329 complures.
825 294 893 321 Cum
911 302 977 329 ergo
993 302 1068 322 sacra
1089 293 1210 321 carmina
1227 298 1254 320 et
1273 293 1365 329 hymni
1383 294 1612 325 decantareutur;
1632 297 1659 319 et
1677 292 1847 326 hypogeum,
1866 292 1890 317 in

278 349 333 374 quo
351 341 380 368 S.
401 340 544 366 Theodora
559 339 613 373 jam
628 339 741 373 pridem'
752 343 832 365 antea
849 338 899 364 sila
917 343 986 370 erat,
1009 338 1041 364 nd
1061 337 1210 364 antistitam
1233 337 1289 363 illic
1308 337 1493 364 collocandam
1518 337 1686 371 aperiretur,
1703 335 1891 362 admirandum

283 384 385 411 accidit
398 384 562 418 prodigium,
576 383 649 418 quod
666 387 835 417 spectatores
846 387 995 417 praesentes
1010 381 1118 416 quidem
1131 383 1158 409 in
1168 386 1308 417 stuporem
1323 383 1411 414 dedit,‘
1422 382 1563 409 auditores
1578 389 1643 408 vero
1660 385 1753 416 postea
1769 380 1894 407 absentes

281 427 316 454 ad
334 427 484 454 salutarent
501 431 678 461 peccatorum
695 426 896 459 pmnitudinem
917 426 1077 453 commovit.
1093 425 1166 452 Loro
1181 427 1254 453 enim
1277 432 1430 460 opportuno
1450 428 1483 453 ad
1506 425 1693 460 spectaculum
1710 423 1894 459 pra‘sentibus

281 472 355 502 dato,
373 470 529 497 videntibus
546 471 664 502 cunctis,
679 470 836 502 'l‘heodora,
850 478 910 504 qua:
924 469 980 502 jam
996 470 1041 496 diu
1063 469 1089 496 in
1105 469 1210 496 tumulo
1224 469 1360 504 jat‘ucrnl,
1374 477 1433 496 sese
1451 470 1476 496 in
1489 473 1594 496 arctnm
1608 468 1754 500 contraxit,
1770 473 1894 502 tanquam

280 515 352 546 viva,
366 514 444 541 Matri
456 522 513 541 sua:
525 514 657 548 religiosae
668 513 758 540 locum
775 513 883 545 datura,
903 513 1087 548 honoremque
1103 513 1224 540 debitum
1241 513 1406 540 exhibitura.
1423 513 1501 546 Quod
1516 513 1564 539 ubi
1576 520 1683 545 omnes,
1703 512 1749 545 qui
1771 511 1894 542 aderant,

280 559 442 593 Spectahant
454 579 461 589 .
479 558 588 585 attoniti
611 557 802 584 exclamabant
824 557 944 584 Solemne
974 557 1051 589 illud,
1071 557 1151 592 Kyrie
1167 559 1266 585 eleison
1281 579 1288 589 .
1307 559 1425 591 Domine,
1443 559 1575 586 miserere.
1592 558 1614 585 A
1629 565 1685 593 quo
1700 562 1822 591 tempore
1845 556 1896 582 huc

281 610 368 637 usque
383 602 467 628 multa
485 602 556 629 Dens
575 610 622 636 per
636 602 705 628 hanc
718 607 840 633 sanctam
859 600 1030 628 Theodoram
1048 602 1180 628 miracula
1201 604 1335 636 patravit:
1353 610 1416 629 nam
1435 607 1463 629 et
1477 602 1599 630 insessos
1610 609 1626 628 a
1642 601 1813 629 daemonibus
1828 600 1895 627 libe-

281 647 362 678 ravit,
379 651 404 671 et
417 650 511 679 captos
529 646 616 672 oculis
631 646 662 671 ad
682 645 773 671 lumen
790 645 908 676 reduxit,
925 651 952 671 et
969 652 1054 678 πει-οε
1069 644 1230 673 innumeros
1246 647 1364 673 sanavit.
1392 656 1401 672 ι

317 690 343 716 5.
360 689 422 715 llzec
439 689 557 720 Menona,
581 697 614 715 ιιι
634 689 734 722 quibus
756 689 878 715 eamdem
904 689 1089 714 narrationem
1113 689 1198 716 edidit
1224 689 1359 717 Maximus
1382 691 1528 724 episcopus
1551 689 1750 724 Cytherorum,
1767 689 1797 714 ὲν
1829 687 1897 722 βίοις

284 734 371 767 ἁγίων
387 734 487 767 saepius
504 734 624 760 excusis.
639 733 769 760 Dedimus
790 731 919 759 Kalendis
935 731 1076 759 Februarii
1093 731 1181 759 Vitam
1199 733 1227 759 S.
1247 733 1340 760 Severi
1355 734 1475 768 episcopi
1493 733 1670 763 iiai'ennatis.
1690 733 1748 767 qui,
1769 737 1797 759 ut
1810 731 1897 758 tradi-

272 784 326 805 tur
343 786 370 804 ιι.
383 777 427 809 25,
448 786 456 802 ι
479 777 644 810 corpusculo
662 776 797 803 defuncte
814 777 894 810 longe
910 781 972 803 ante
984 776 1110 810 conjugis
1126 784 1183 802 sua:
1195 776 1289 811 jussit,
1305 781 1441 811 quatenus
1453 786 1483 804 se
1496 778 1568 804 dictu
1585 777 1667 803 citius
1684 777 1710 803 in
1726 777 1796 803 latus
1813 776 1898 803 decli-

272 826 370 853 naret,
386 826 412 847 et
428 821 489 847 tilia:
505 821 622 854 spatium
638 820 787 855 supelicndi
808 820 950 854 praeberet,
975 829 984 845 ι
1000 820 1073 854 quod
1089 825 1115 847 et
1134 820 1234 847 factum
1252 826 1303 848 est.
1329 820 1434 848 Similia
1472 822 1548 856 plura
1564 821 1598 854 {in
1623 822 1674 849 hoc
1697 829 1777 856 opere
1803 825 1898 847 nostro

273 869 444 892 'oecurrunt.
458 864 567 890 Plcimin
587 865 620 890 de
643 865 694 890 vita
713 864 793 898 hujus
808 864 837 891 S.
852 863 1003 891 Thr-odora:
1018 864 1159 890 hist0riam
1175 864 1322 899 aliquando
1337 865 1487 897 exstitisse,
1504 865 1570 893 satis
1591 866 1685 900 utique
1699 869 1738 892 est
1755 864 1897 891 credibile:

283 911 330 938 sed
353 910 413 944 ejus
426 910 531 935 nullum
554 910 685 935 hactenus
706 909 836 935 indicium
855 908 1018 942 reperimus.
1042 908 1096 935 Leo
1113 909 1228 936 Allatius
1248 909 1275 936 in
1290 917 1340 937 sua
1358 910 1392 938 de
1410 910 1569 937 Simeonum
1590 909 1701 944 scriptis
1720 908 1854 940 ltiatriba,
1868 916 1898 934 ea

281 961 342 989 qua:
365 961 427 980 vrre
446 953 638 986 Metaphrastis
657 958 737 982 sunt,
760 952 794 978 ab
816 953 876 980 aliis
896 957 1033 979 certorum
1059 953 1100 979 vel
1121 959 1287 980 incertorum
1311 951 1451 982 suetorum
1479 954 1715 981 lucubrationibus
1738 959 1898 983 secernens,

284 1005 345 1033 pag.
365 998 410 1030 88,
431 998 534 1031 primus
549 1004 599 1023 nos
613 997 704 1023 docuit
721 996 858 1023 Nicolaum
881 996 1050 1029 Cabasilam,
1074 997 1145 1024 circa
1171 1005 1236 1025 ann.
1260 997 1327 1025 1350
1358 998 1594 1032 archiepiscopum
1615 996 1898 1026 Thessalonicensem.

257 1045 266 1055 ⁵
285 1042 395 1076 aliquod
419 1041 542 1075 ejusdem
565 1046 666 1067 sanctae
689 1040 832 1074 scripsisse
852 1042 1026 1071 encomiuin,
1043 1041 1115 1075 quod
1137 1042 1238 1076 ubique
1256 1047 1407 1076 quaerentes
1428 1042 1536 1068 tandem
1558 1041 1709 1076 reperimus
1724 1040 1751 1067 ln
1772 1039 1898 1066 Caesarea

282 1085 430 1112 Viennensi
444 1085 624 1117 Bibliotheca,
637 1089 664 1111 et
676 1083 767 1111 favore
784 1084 963 1111 eruditissimi
978 1084 1115 1119 nobisque
1130 1085 1290 1112 amicissimi
1305 1084 1356 1112 viri
1369 1085 1439 1112 Petri
1453 1084 1602 1117 Lambeeii,
1616 1085 1704 1112 eidem
1719 1083 1900 1110 Bibliotheca:

283 1137 357 1157 nunc
368 1128 500 1162 pratl'ecti,
516 1127 682 1162 descriptum
698 1127 865 1161 accepimus,
880 1128 961 1162 idque
977 1127 1072 1155 Latine
1085 1129 1218 1156 redditum
1237 1130 1280 1157 hic
1295 1130 1402 1158 damus.

320 1174 348 1201 4.
370 1173 417 1199 Est
430 1172 495 1198 illud
510 1171 638 1206 quidem,
660 1179 723 1198 cum
739 1167 950 1206 exaggeratione
973 1171 1056 1198 multa
1084 1177 1110 1199 et
1133 1172 1267 1200 facundia:
1287 1174 1432 1201 rhetorica:
1454 1173 1626 1202 affectatione
1643 1177 1790 1210 scriptum,
1806 1174 1900 1202 verbis

285 1225 367 1251 quam
393 1216 474 1242 I‘t'bus
492 1216 651 1248 copiosius:
672 1215 757 1242 multa
778 1221 867 1242 tamen
893 1223 943 1243 nos
964 1216 1056 1242 decuit
1077 1215 1110 1242 ad
1135 1216 1275 1242 lliSIOI'i-Inl
1293 1216 1475 1250 pertinentia.
1501 1217 1614 1250 patriam
1630 1217 1733 1244 scilicet
1752 1216 1899 1251 Eginam;

285 1261 433 1287 Antonium
454 1263 536 1293 atque
557 1259 756 1294 Chrysantham
777 1265 912 1294 parentes,
924 1267 1039 1294 quorum
1058 1261 1239 1286 constantiam
1269 1260 1380 1287 lneresis
1396 1260 1552 1291 ,Ecclesiam
1581 1260 1732 1288 obscuratis
1757 1261 1899 1296 probarit;

284 1304 379 1338 utique
397 1303 598 1332 iconoclastica.
623 1302 656 1329 iis
676 1303 844 1336 temporibus
861 1306 982 1336 grassata
994 1323 1002 1335 ,
1022 1303 1122 1338 quibus
1143 1305 1193 1331 sub
1210 1304 1340 1332 Michaele
1356 1305 1449 1338 Balbo,
1467 1305 1538 1333 circa
1553 1313 1655 1332 annum
1674 1306 1778 1339 imperii
1794 1305 1859 1340 ejus
1874 1307 1899 1337 3,

285 1348 388 1376 Christi
403 1348 466 1379 823.
484 1347 543 1382 ipso
561 1356 570 1372 ‹
588 1348 721 1374 adversus
735 1347 860 1375 rebellent
877 1347 1008 1374 Thomam
1022 1353 1166 1382 occupato.
1177 1354 1204 1375 et
1215 1348 1295 1375 aliam
1307 1356 1415 1376 omnem
1432 1340 1537 1380 curaui,
1555 1358 1564 1375 ι
1582 1354 1611 1376 ιιι
1622 1349 1718 1377 scribit
1730 1349 1783 1375 Leo
1798 1348 1899 1377 Gram-

285 1394 415 1424 maticus,
434 1402 443 1418 ‹
464 1392 527 1418 huic
544 1391 624 1418 unice
651 1391 841 1426 posthabente,
857 1391 948 1423 Creta,
965 1390 1056 1417 Sicilia
1071 1396 1097 1418 et
1117 1391 1212 1418 insulae
1229 1397 1331 1419 vocata:
1343 1392 1473 1428 Cyclades
1487 1393 1513 1427 (a
1528 1393 1628 1427 quibus
1644 1401 1697 1420 non
1719 1393 1798 1427 longe
1812 1393 1902 1420 diste-

284 1438 331 1464 bat
347 1436 458 1471 Aigina)
475 1443 490 1462 a
508 1436 630 1462 Romano
644 1435 758 1469 imperio
773 1435 896 1461 rescisso:
912 1439 976 1461 sntit
989 1436 1022 1461 ab
1035 1435 1109 1462 Afris
1120 1440 1145 1462 et
1161 1436 1308 1463 Arabibus.
1325 1445 1334 1462 ι
1351 1436 1456 1463 Etenim
1469 1437 1551 1471 bujus
1564 1437 1724 1471 irruptionis
1738 1437 1898 1469 occasione.

283 1483 340 1509 sive
359 1482 410 1508 vim
426 1481 487 1515 ejus
503 1480 591 1514 reipsa
610 1480 746 1506 senserint
763 1479 908 1513 IEginetze.
921 1487 969 1506 seu
986 1480 1107 1506 vicinum
1125 1480 1275 1515 perieulum
1290 1487 1337 1507 eos
1353 1481 1472 1515 coegerit
1487 1488 1544 1508 sua
1560 1481 1640 1508 saluti
1658 1481 1804 1509 consulere
1817 1488 1901 1517 atque

287 1525 321 1552 ad
338 1525 439 1552 tutiora
461 1524 548 1556 abire,
568 1522 789 1551 Thessalonicam
816 1522 935 1557 profugit
974 1531 1027 1549 non
1052 1523 1088 1550 ita
1106 1524 1207 1559 pridem
1221 1525 1314 1558 juncta
1337 1525 1512 1552 matrimonio
1530 1524 1690 1558 Theodora;
1709 1525 1818 1559 ibique.
1841 1530 1901 1560 post

287 1571 406 1597 oblatam
421 1569 476 1595 Deo
489 1569 583 1600 tiliam,
598 1567 705 1594 tandem
722 1567 763 1593 sui
776 1567 847 1601 juris
860 1567 955 1594 clIecta
971 1575 1018 1602 per
1034 1567 1124 1594 mariti
1140 1573 1265 1600 mortem,
1282 1569 1466 1595 monasticum
1482 1569 1606 1603 amplexa
1618 1574 1659 1596 est
1674 1569 1832 1596 institutum
1844 1570 1898 1604 jam

287 1614 432 1648 grandaeva
448 1622 455 1639 :
471 1615 498 1640 in
512 1620 566 1647 quo
581 1612 612 1638 ad
630 1611 871 1646 profundissimam
887 1619 974 1646 usque
987 1616 1154 1639 senectutem
1171 1618 1361 1645 perseverans,
1377 1611 1481 1638 videtur
1493 1619 1581 1646 usque
1596 1612 1628 1638 ad
1643 1611 1734 1639 smeuli
1753 1620 1779 1639 Ix
1796 1620 1900 1639 annum

279 1659 399 1686 circiter
426 1656 461 1684 80
480 1656 635 1692 pervertisse
653 1660 701 1682 aut
716 1655 798 1682 etiam
819 1655 901 1682 ultra.
919 1657 1007 1688 Atque
1021 1657 1077 1682 haec
1094 1655 1184 1683 omnia
1206 1654 1286 1682 nobis
1302 1662 1334 1682 ex
1353 1654 1404 1682 hoc
1418 1655 1550 1682 Cabasilze
1562 1656 1687 1683 encomio
1709 1657 1902 1691 cognoscenda

289 1703 454 1738 praebentur.
473 1708 603 1741 una_cum
625 1699 703 1726 titulo
721 1698 941 1733 Μυριιόλύτιδος,
959 1698 1170 1734 nguentiﬂuaa,
1191 1703 1218 1726 et
1231 1698 1389 1726 teSIimonio
1412 1698 1545 1726 salutiferi
1565 1698 1618 1726 olei
1641 1706 1673 1726 ex
1693 1698 1752 1733 ejus
1774 1701 1902 1734 sepulcro

288 1744 723 1779 scaturientis,quemadmodum
742 1744 775 1770 de
792 1743 896 1770 sanctis
916 1742 1040 1775 Nicolao,
1054 1743 1204 1773 Demetrio.
1225 1742 1372 1770 Catharina
1395 1743 1526 1778 legimus,
1546 1747 1573 1770 et
1591 1743 1642 1770 hoc
1664 1750 1737 1770 nono
1757 1745 1902 1779 sequenti~

290 1791 397 1825 busque
409 1789 518 1817 saeculis
528 1787 682 1816 invenimus
695 1786 809 1818 factum,
823 1787 856 1813 ad
872 1787 990 1821 plurium
1001 1787 1116 1815 aliarum
1134 1786 1279 1815 sanctitate
1294 1786 1443 1814 illustrium
1458 1793 1636 1822 personarum
1650 1789 1857 1817 venerationem
1876 1790 1902 1817 in

287 1834 419 1861 Ecclesiis
435 1833 621 1861 Orientalibus
636 1831 878 1867 comprobandum.
