1967 3071
253 136 310 168 755

257 192 289 220 dc
308 192 499 228 Unguentiilua
522 192 572 218 hac
594 190 740 218 instituere
759 191 952 225 aggrediantur
965 211 973 223 ,
995 198 1043 218 nc-
1060 197 1080 222 Α

257 239 379 266 ressario
395 238 535 270 usuveuit,
551 242 580 264 ut.
595 246 648 264 non
672 237 753 265 modo
774 245 827 264 non
849 237 941 264 dicant
960 237 1042 271 quid-

261 295 344 322 quam
363 286 436 322 quod
452 286 485 313 ad
503 294 594 312 rerum
612 286 731 319 ipsarum
749 286 861 313 accedat
879 285 1109 320 magnitudinem.
1129 284 1176 312 sed
1198 292 1247 311 nec
1261 283 1384 311 dicturos
1419 290 1448 311 se
1466 287 1591 318 sperent;

256 333 322 360 uino
341 333 432 365 fuerit,
449 331 537 359 solum
552 339 596 359 me
615 340 648 358 ex
664 332 792 359 omnibus
806 332 853 366 qui
871 332 928 359 lucc
960 335 1123 363 trectarunt,

887 136 1042 166 NICOLAI
1066 134 1261 166 CABASILE

1832 130 1884 161 ’ῑῐιῦ

1098 190 1172 226 παρὰ
1189 190 1279 216 πάντα
1293 189 1321 217 δὲ
1334 189 1422 217 ταῦτα
1433 189 1456 215 εί
1471 187 1540 224 μετὰ
1554 188 1656 216 τούτων
1669 188 1759 224 δεήσει
1772 188 1828 215 τῶν
1843 186 1885 212 λο-

1097 236 1214 270 γισμῶν,
1228 235 1245 270 ἦ
1262 235 1384 270 ἁπαντᾷν
1401 235 1441 265 εἰς
1458 234 1584 261 τουτουσὶ
1597 234 1660 265 τοὺς
1674 234 1794 268 ἀγῶνας.

1633 283 1785 310 absurdum
1825 290 1882 309 om-

1163 330 1352 358 sollicitiorem
1377 337 1438 357 esse
1461 330 1536 357 circa
1559 329 1604 357 illa
1628 329 1736 362 omnia,
1759 329 1782 357 si
1822 334 1881 363 post

257 380 319 408 illos
341 388 383 407 me
407 387 518 415 quoque
539 387 629 407 sermo
649 380 775 412 deiiciat,
801 387 850 406 nec
876 380 979 415 possim
1004 385 1044 407 tot
1063 380 1263 407 certaminibus
1281 378 1457 413 respondere.

295 426 322 452 ἓ.
341 425 473 460 Equidem
488 433 541 452 non
558 425 653 460 ignoro
662 426 733 460 quod
745 426 902 452 oratoribus
914 425 1042 452 omnibus

258 472 300 498 lex
317 471 374 498 hac
390 471 426 498 sit
440 471 537 505 posita,
552 475 580 497 ut
595 476 641 497 aut
654 470 837 504 eloquentiam
853 478 945 505 parem
962 478 1044 505 argu-

260 522 352 545 mento
369 517 493 548 alierant.
509 522 555 544 aut
571 517 710 544 silentium
727 521 851 549 teneant;
866 519 892 542 et
912 515 983 551 quod
1000 523 1042 543 res

259 563 385 590 laudibus
403 563 531 589 humanis
546 559 664 596 majores
680 569 844 596 omnetnque
859 562 1043 597 comparatio-

259 617 321 636 nem
339 609 560 636 transccndcntes
589 616 602 635 a
622 609 720 643 seipsis
736 609 852 635 habeant
866 612 894 635 ut
910 608 962 635 sibi
978 615 1043 635 eon-

260 663 326 689 grua
344 663 484 689 nunquam
499 660 704 689 consequantur
719 655 842 682 encoutia
855 675 862 687 ,
880 662 934 681 non
954 662 988 681 ex
1003 654 1045 681 in-

261 701 422 728 snliicicntia
437 701 604 730 laudatoris:
621 701 737 734 ideoque
748 702 883 736 contingit
894 702 949 729 illis
962 701 1045 728 veluti

262 746 377 782 a‘nigma
395 746 543 782 quoddam,
563 751 592 774 ut
608 751 718 782 propter
735 755 795 782 qua:
814 755 925 775 necesse
941 753 982 774 est
999 755 1046 774 eas

261 800 316 828 pra:
336 792 398 820 aliis
420 793 570 825 admirari,
592 798 704 828 propter
735 793 831 820 eadem
857 793 950 820 nullus
971 793 1046 827 ipsas

261 839 376 867 dicendo
397 843 504 867 tractet.
527 840 653 866 Altamen
669 847 740 867 verae
757 840 856 867 rationi
877 839 961 874 magis
979 847 1046 866 con-

262 893 360 920 gruum
382 893 443 913 csse
464 893 572 918 censeo,
598 890 628 912 ιιι
647 885 767 913 volentes
785 886 818 913 de
840 885 938 913 talibus
964 885 1044 912 rebus

262 939 352 966 agere,
366 931 465 966 quibus
479 932 568 959 omnis
584 939 675 959 sermo
692 932 851 958 succumbat
868 937 981 958 necesse
994 935 1045 962 est,
1062 922 1084 952 Β

261 978 334 1005 serio
350 978 539 1012 proﬁteantur,
555 978 627 1005 scire
642 986 671 1005 se
688 978 752 1004 talia
771 985 917 1011 aggressos
935 977 1053 1004 minime

263 1030 354 1058 parem
369 1023 466 1050 alrerrc
481 1023 610 1050 dictionis
625 1024 826 1055 excellentiam,
844 1032 894 1050 nec
909 1023 1046 1059 indignari

264 1075 402 1103 tamquam
420 1069 527 1096 invidos
542 1077 637 1096 eorum
661 1077 721 1104 quae
746 1075 810 1097 sunt
831 1069 968 1097 laudanda
991 1077 1048 1096 ma-

263 1115 412 1150 gnitudini,
431 1123 493 1142 cunt
510 1115 578 1142 nihil
599 1120 697 1150 praeter
712 1123 788 1142 suam
805 1115 960 1150 opinionem
977 1115 1049 1142 acci-

263 1161 319 1194 dat,
337 1161 471 1196 siquidem
490 1169 543 1188 non
557 1168 596 1193 se,
612 1161 660 1188 sed
675 1161 748 1195 ipsas
763 1169 805 1187 res
822 1161 960 1188 voluerint
980 1168 1048 1195 ρης

264 1207 366 1235 dicare.
380 1208 435 1234 lmo
447 1214 512 1235 vero
521 1208 612 1241 potius
623 1208 753 1234 convenit
764 1215 793 1234 ca
807 1207 947 1234 tractanda
960 1206 1049 1234 susci-

266 1260 340 1286 pere,
361 1259 478 1288 quorum
498 1252 549 1279 hoc
573 1252 633 1286 ipso
648 1250 751 1279 clarius
769 1251 906 1279 elucesret
920 1252 1049 1287 dignitas,

265 1297 338 1333 quod
363 1297 397 1325 iis
426 1297 540 1325 inferior
566 1302 658 1324 nostra
682 1297 718 1324 sit
745 1299 843 1325 oratio.
873 1298 950 1330 Quod
974 1298 997 1325 si
1018 1299 1050 1326 de

265 1342 393 1370 omnibus
408 1342 565 1370 istiusmodi
583 1343 664 1369 rebus
683 1342 741 1369 haec
759 1351 873 1370 necesse
889 1348 930 1370 est
948 1344 1049 1376 dicere;

266 1397 376 1416 manum
393 1390 470 1422 mihi,
489 1389 561 1416 sicut
580 1390 607 1416 in
625 1389 687 1416 aliis
706 1389 834 1417 omnibus
852 1409 858 1421 .
882 1390 925 1416 hic
942 1397 1052 1425 quoque

266 1433 388 1468 porrigat
400 1433 555 1465 Theodora,
569 1441 658 1467 neque
673 1434 813 1468 permittat
827 1442 969 1461 sermones
983 1434 1053 1461 tnui-

265 1485 322 1507 tum
340 1480 487 1508 inferiores
507 1481 591 1508 videri
607 1480 658 1512 iis,
683 1488 753 1515 quos
768 1480 813 1507 alii
830 1481 862 1508 de
885 1481 942 1515 ipsa
957 1485 1052 1515 protu-

221 1548 233 1559 ,
263 1526 332 1559 lere;
354 1527 480 1562 quamvis
500 1527 614 1557 omnino
642 1531 768 1561 oporteat
791 1526 853 1554 illos
876 1527 999 1561 superari
1020 1527 1053 1554 ab

265 1571 310 1605 iis,
329 1573 430 1607 quibus
446 1573 505 1607 ipsa
520 1572 659 1600 cumulata
674 1578 726 1605 est,
743 1571 848 1606 gratiis.

1132 425 1165 460 β’.
1183 425 1237 452 Καὶ
1253 421 1329 455 οὗτος
1348 424 1391 450 ἀεὶ
1407 425 1463 454 τοῖς
1482 423 1592 457 λέγουσι
1611 423 1734 450 κείσεται
1754 423 1849 458 νόμος,
1868 424 1883 458 ἦ

1096 471 1263 506 παρέχεσθαι
1280 471 1329 506 τὴν
1353 470 1473 504 γλῶτταν
1493 469 1547 496 τῶν
1563 469 1717 496 ὑποθέσεων
1740 469 1821 502 ἀξίαν
1838 469 1885 505 (e).

1095 519 1111 552 ἢ
1127 518 1232 552 σιωπᾷν
1241 525 1248 532 ·
1264 517 1331 550 τάγε
1348 515 1433 550 μείζω
1443 515 1498 542 τῶν
1510 515 1628 541 ἐπαίνων
1641 514 1688 541 καὶ
1704 515 1796 542 πᾶσαν
1810 515 1886 541 ἀντε-

1098 564 1208 597 ξέτασιν
1221 563 1390 597 ὑπερϐάντα,
1403 561 1528 588 ἐντεῦθεν
1539 561 1569 586 οὗ
1582 560 1636 586 τῶν
1648 560 1763 587 εἰκότων
1774 560 1885 593 τεύξον-

1095 618 1150 640 ται,
1178 609 1222 635 τοῦ
1240 608 1414 639 ἐπαινοῦντος
1441 606 1623 642 ἀποχρώντως
1647 607 1698 633 οὐκ
1721 606 1816 638 ὄντος*
1841 607 1887 634 καὶ

1099 654 1269 689 συμὸήσεται
1289 653 1416 687 καθάπερ
1430 652 1547 686 αῐνιγμα
1565 652 1620 682 τοῖς
1637 651 1811 686 πράγμασιν·
1829 652 1887 678 ἀνθ’

1095 695 1133 725 ὧν
1146 698 1199 733 γὰρ
1211 699 1318 732 ἀνάγκη
1328 696 1518 732 θαυμάζεσθαι
1529 696 1584 722 τῶν
1594 696 1682 722 ἀλλων
1690 695 1887 731 διαφερόντως,

1097 745 1157 771 ἀντὶ
1168 744 1269 771 τούτων
1280 743 1367 775 οὐδεὶς
1379 743 1542 779 περὶαύτῶν
1555 743 1612 778 ὲρεῐ
1621 749 1627 756 ·
1641 741 1697 776 ἐγὼ
1710 742 1739 768 δὲ
1749 742 1797 768 καὶ
1809 742 1889 768 τοῦτο

1097 791 1169 825 λέγω
1198 791 1298 821 παντὸς
1324 789 1424 825 μᾶλλον
1455 789 1583 824 ἀληθείας
1615 788 1746 823 μετέχων,
1764 788 1802 820 ὡς
1835 788 1890 823 ἄρα

1100 834 1140 868 οἷς
1170 835 1241 871 ὑπὲρ
1264 836 1319 863 τῶν
1342 836 1513 870 πραγμάτων
1538 836 1616 867 ἐστὶ,
1639 834 1669 861 τὸ
1695 835 1800 865 πάντας
1828 834 1890 864 τοὺς

1101 884 1172 918 ὑπὲρ
1195 883 1298 910 τούτων
1322 882 1420 916 λόγους
1446 882 1521 908 κάτω
1544 881 1649 912 πεσεῖν,
1680 881 1786 914 ἀνάγκη
1817 881 1892 906 πᾶσα

1098 929 1218 962 τούτους,
1247 928 1336 962 λέγειν
1362 928 1399 958 ὠς
1422 927 1540 963 ἀληθῶς,
1566 926 1637 962 ὑπὲρ
1664 926 1767 952 τούτων
1785 926 1878 961 ὲπιχει

1097 976 1227 1010 ροῦντας,
1262 975 1309 1001 καὶ
1347 973 1506 1007 συνήδεσθαι
1540 973 1590 1007 τῆς
1623 972 1702 1004 ἀξίας
1731 972 1891 1006 ἀποτυγχά-

1096 1030 1200 1052 νοντας,
1234 1021 1272 1056 μὴ
1293 1020 1333 1046 ὅτι
1362 1028 1394 1053 γε
1419 1018 1606 1054 δυσχεραίνειν
1630 1017 1669 1052 τῷ
1693 1017 1807 1052 μεγέθει
1834 1018 1891 1043 τῶν

1097 1066 1285 1099 ὲπαινομένων
1307 1064 1402 1100 ὥσπερ
1420 1064 1604 1098 φθονοῦντας·
1621 1064 1655 1090 τὰ
1671 1064 1725 1098 γὰρ
1743 1064 1821 1098 παρὰ
1840 1066 1889 1098 τῆς

1098 1111 1210 1145 γνώμης
1223 1111 1385 1145 συμπίπτει,
1402 1111 1480 1144 εἴπερ
1491 1110 1539 1145 οὐχ
1550 1110 1618 1144 ὑπὲρ
1633 1109 1708 1144 σφῶν
1719 1109 1821 1143 αὐτῶν,
1831 1110 1891 1136 ἀλλ’

1099 1157 1170 1192 ὑπὲρ
1192 1157 1247 1183 τῶν
1265 1156 1438 1192 πραγμάτων
1461 1157 1475 1182 ὁ
1493 1155 1572 1189 λόγος
1587 1156 1689 1187 αὐτοῖς.
1707 1155 1738 1182 Ei
1764 1155 1818 1191 γὰρ
1835 1155 1890 1190 χρὴ

1099 1203 1214 1238 τάληθὲς
1236 1203 1334 1235 εἰπεῖν,
1351 1202 1466 1233 ἐκείνοις
1482 1202 1618 1236 ἐγχειρεῖν
1634 1201 1753 1236 μάλιστα
1768 1201 1822 1227 τῶν
1839 1201 1890 1227 ἄλ-

1100 1249 1153 1275 λων
1169 1249 1314 1283 προσήκει,
1332 1249 1404 1283 ἆπερ
1421 1248 1453 1274 ἂν
1469 1247 1636 1283 ἡττωμένοις
1654 1249 1710 1279 τοῖς
1726 1247 1817 1281 λόγοις
1833 1247 1893 1279 ἐξε-

1099 1295 1182 1331 λέγξη
1199 1296 1334 1330 φανερῶς.
1358 1295 1434 1320 Ἐπεὶ
1449 1294 1478 1320 δὲ
1492 1293 1565 1320 οὕτω
1579 1292 1667 1321 ταῦτα.
1681 1294 1729 1320 καὶ
1741 1294 1833 1327 λέγειν
1848 1294 1893 1320 διὰ

1102 1343 1211 1368 πάντων
1224 1341 1342 1375 ἀνάγκη,
1355 1339 1482 1374 Θεοδώρα
1499 1340 1558 1375 μὲν,
1574 1340 1699 1375 καθάπερ
1711 1340 1739 1366 ὲν
1756 1341 1824 1366 πᾶσι
1836 1342 1893 1371 τοῖς

1102 1387 1204 1420 ἄλλοις,
1224 1386 1309 1419 οὕτως
1327 1387 1393 1421 ἡμῖν
1410 1385 1549 1412 κάνταῦθα
1563 1387 1642 1421 χεῖρα
1657 1386 1760 1421 ὀρέξοι,
1776 1386 1825 1412 καὶ
1840 1387 1892 1412 οὐκ

1103 1435 1177 1460 εάσοι
1192 1434 1254 1465 τοὺς
1269 1433 1364 1466 λόγους
1380 1432 1479 1467 ἥττους
1498 1431 1587 1466 πολλῷ
1599 1433 1717 1467 φανῆναι
1731 1433 1786 1459 τῶν
1801 1432 1894 1460 ἄλλων

1104 1480 1168 1515 περὶ
1182 1480 1267 1515 αὐτῆς
1281 1479 1446 1515 εἰρημὶνων,
1459 1478 1544 1506 κᾶνεί
1558 1478 1612 1505 τῶν
1621 1479 1628 1488 ⁸
1644 1478 1730 1516 αὐτῆς
1739 1479 1896 1515 ἡττηθῆναι

1104 1526 1182 1553 πᾶσα
1195 1525 1312 1560 ἀνάγκη.

982 1644 1099 1672 CAPUT
1141 1646 1163 1673 i.

760 1702 867 1736 Patria,
881 1704 994 1736 natalec,
1019 1704 1171 1740 ronjugium
1194 1705 1223 1733 S.
1242 1705 1394 1733 Thetidem.

300 1760 327 1788 5.
347 1759 428 1788 Juxta
455 1767 594 1794 normam,
621 1763 805 1791 laudationem
830 1764 1086 1798 aggredieutibusc

266 1806 421 1839 tenendam,
438 1807 566 1834 convertit
586 1813 648 1835 ante
661 1809 752 1836 omnia
770 1809 930 1837 meminisse
945 1810 1051 1845 patriae,

266 1858 296 1880 ut
311 1853 374 1881 inde
394 1853 523 1880 nimirum
541 1854 664 1887 exorsis,
686 1859 766 1888 aptus
785 1855 885 1883 deinde
900 1857 936 1883 sit
952 1857 985 1883 ad
999 1864 1052 1883 (κω-

268 1906 324 1928 tera
340 1906 512 1934 progressus.
530 1899 579 1925 Est
595 1900 676 1934 igitur
693 1900 751 1932 illa,
766 1908 859 1928 earum
876 1909 937 1936 quae
947 1907 1009 1929 sunt
1024 1902 1052 1929 in

266 1946 371 1973 Graecia
402 1944 557 1972 insularum
584 1945 623 1980 (i)
648 1951 751 1981 caput:
781 1954 842 1973 nam
866 1948 1053 1982 magnitudine

266 1992 394 2025 quidem,
418 1990 622 2026 pulchritudine
644 1999 676 2018 ac
692 1992 745 2019 situ
765 1997 879 2020 racteras
894 1993 932 2027 (2)
957 2000 1053 2021 omnes

266 2037 457 2071 circumiectas
472 2041 630 2071 exsuperat,
647 2043 674 2064 et
689 2046 774 2072 usque
791 2039 859 2066 adeo
878 2039 1052 2067 utedioerita-
1071 2048 1075 2053 ”

266 2087 319 2110 tem
336 2083 452 2115 excedit,
468 2087 498 2110 ut
515 2082 659 2110 videantur
678 2084 738 2110 alite
757 2088 897 2119 (tanquam
916 2093 965 2112 nec
984 2092 1052 2112 con-

267 2131 333 2158 ferri
348 2131 458 2166 quidem
479 2138 542 2158 eum
563 2130 660 2166 Egina
676 2132 807 2167 valentes)
826 2133 915 2160 eidem
930 2133 1053 2161 hilariter

267 2178 368 2211 primas
381 2177 531 2205 concedere
545 2186 552 2204 :
569 2178 639 2204 aeris
652 2185 717 2204 vero
737 2178 855 2212 annique
872 2180 1010 2212 temperie,
1026 2184 1053 2206 et

266 2233 327 2259 qua:
341 2225 407 2252 hinc
424 2224 551 2259 provenit
570 2223 774 2256 commoditate,
792 2229 865 2251 tanta
883 2224 1004 2256 fruitur,
1023 2230 1053 2252 ut

266 2271 323 2297 sola
338 2271 443 2297 censeri
462 2270 548 2305 possit
567 2275 622 2297 tum
639 2271 729 2298 omnis
745 2271 817 2298 circa
838 2271 895 2297 haee
913 2270 1052 2298 felicitatis

266 2317 484 2350 prornptuarium
500 2324 571 2347 esse,
594 2320 650 2343 tum
668 2317 842 2350 suppeditare
860 2317 966 2344 caneris
980 2317 1052 2343 unde

266 2362 354 2396 ipsam
375 2362 492 2389 habeant
516 2369 577 2388 eum
597 2361 682 2388 multa
700 2361 886 2394 abundantia;
906 2369 961 2396 qtto
978 2363 1008 2389 tit
1024 2367 1052 2389 ut

267 2408 348 2436 nrbes
361 2408 399 2442 (5)
421 2409 446 2435 in
469 2416 500 2436 ea
523 2409 578 2436 sint
596 2408 730 2444 plurimae.
746 2408 776 2436 Si
796 2415 861 2436 vero
878 2409 920 2436 his
934 2409 1052 2443 amplius

301 2513 337 2546 (ε)
358 2511 431 2540 idem
447 2511 551 2544 ἀνΞίαν.

304 2549 343 2584 tr)
365 2548 454 2574 Malim
474 2547 513 2574 sic
526 2547 622 2574 Latine
637 2547 687 2580 legi
704 2556 710 2574 :
727 2547 780 2574 Sed
796 2555 839 2574 res
929 2555 942 2574 a
956 2549 1053 2583 seipsis

268 2584 530 2655 llaijrll’rylaneum
561 2619 671 2655 proprie
686 2617 747 2655 luit
776 2617 850 2655 locus
865 2619 953 2655 urbis
970 2619 1053 2645 Athe-

269 2653 382 2686 niensis,
405 2653 452 2682 'ubi
481 2653 569 2680 victus
585 2653 619 2679 de
645 2653 754 2686 publico
771 2653 958 2686 praebebatur;
983 2655 1053 2680 uncle

268 2691 313 2718 l.ic
340 2698 388 2724 pro
421 2689 607 2723 promptuario
635 2687 744 2724 publico
767 2688 891 2720 usurpari
923 2689 1050 2716 videtur:

268 2723 345 2752 sunt
363 2726 408 2757 qui
427 2724 479 2751 dici
499 2729 592 2756 putent
615 2723 692 2756 quasi
709 2723 796 2757 πύρου
813 2725 936 2756 ταμεῖον,
952 2732 1011 2757 qua:
1032 2725 1052 2750 si

268 2769 320 2787 non
348 2766 390 2787 est
406 2767 468 2786 vera
487 2759 657 2793 etymologia,
685 2766 802 2793 congrua
828 2762 869 2784 est
895 2758 928 2785 ad
954 2767 1052 2786 nomen

268 2795 361 2808 κοιμηῖλ

267 2797 479 2863 Πιιϊίςίοθιιτιίἱυιη
503 2829 558 2856 lere
579 2833 650 2855 tenet
676 2827 774 2862 Egina
796 2830 855 2863 ejus
875 2830 960 2863 pelagi
979 2830 1051 2862 quod

269 2865 386 2892 Atticam
400 2864 434 2892 ab
451 2865 553 2892 Achaia
569 2864 676 2897 dividit,
692 2865 843 2892 stadiorum
861 2865 973 2892 circiter
986 2865 1060 2892 50in

1067 2515 1092 2544 Β

1138 1765 1173 1799 γ’.
1200 1765 1281 1800 Ἡμῖν
1308 1765 1347 1798 δὲ,
1374 1765 1468 1800 (κατὰ)
1494 1767 1576 1800 νόμον
1599 1766 1666 1792 πᾶσι
1692 1765 1823 1800 κείμενον
1839 1767 1900 1798 τοῖς

1105 1812 1290 1846 ἐγκωμιάζειν
1309 1811 1490 1846 ἐπιχειροῦσι,
1512 1813 1641 1848 πατρίδος
1658 1813 1755 1848 πρῶτα
1770 1813 1898 1848 μνησθῆ-

1103 1866 1147 1884 ναι
1171 1858 1245 1889 εικὸς
1269 1858 1303 1884 ἂν
1341 1858 1396 1892 ιῐη,
1420 1858 1555 1893 δήπουθεν
1581 1859 1687 1885 ἐκεῖθεν
1716 1857 1898 1893 ἀρξαμένοις,

1103 1904 1189 1931 ἔπειτ’
1203 1904 1360 1936 ἀκολούθως
1372 1905 1417 1930 ἐπὶ
1430 1905 1515 1931 τάλλα
1530 1905 1697 1940 προϐαίνειν.
1712 1905 1792 1932 Ἔστι
1805 1904 1899 1931 τοίνυν

1103 1949 1172 1985 αὕτη
1197 1950 1280 1984 νῆσος
1293 1950 1356 1984 ham
1377 1950 1407 1976 ὲν
1430 1949 1538 1977 Ἐλλάδι
1559 1951 1722 1985 κεφάλαιον,
1744 1952 1782 1983 ὡς
1803 1952 1900 1979 erm:

1106 1995 1155 2029 μὲν
1171 1995 1304 2029 μεγέθους
1323 1995 1370 2022 καὶ
1389 1995 1506 2027 κάλλους
1522 1996 1570 2023 καὶ
1587 1996 1689 2028 Θέσεως
1707 1997 1793 2031 μείζω
1807 1997 1899 2023 καθά-

1104 2040 1158 2073 παξ
1173 2041 1226 2067 τῶν
1243 2042 1396 2076 προσοίκων
1410 2042 1594 2078 ἀναφανῆναι,
1612 2043 1658 2070 καὶ
1676 2043 1750 2069 οὕτω
1770 2043 1897 2078 μεγίστῳ

1104 2087 1304 2122 παραλλάττειν
1323 2088 1362 2123 τῷ
1382 2088 1467 2123 μέσῳ,
1486 2089 1524 2122 ὡς
1548 2089 1597 2116 καὶ
1621 2090 1711 2116 δοκεῖν
1733 2090 1826 2121 πάσας
1846 2091 1898 2120 τὰς

1103 2132 1213 2166 νήσους,
1226 2132 1319 2167 ὥσπερ
1339 2134 1390 2160 οὐκ
1415 2134 1554 2170 ἀνταίρειν
1575 2135 1690 2170 ἐχούσας
1708 2136 1819 2170 Αἰγίνῃ,
1835 2136 1898 2170 μεθ’

1104 2178 1201 2212 ἡδονῆς
1223 2179 1276 2205 τῶν
1306 2179 1461 2214 πρεσϐείων
1486 2182 1662 2216 παραχωρεῖν
1676 2189 1683 2196 ·
1701 2180 1782 2216 ὡρῶν
1800 2182 1830 2208 δὲ
1849 2182 1899 2208 καὶ

1103 2225 1192 2260 ἀέρων
1210 2226 1258 2252 καὶ⁹
1272 2226 1320 2252 τοῦ
1335 2227 1396 2253 κατ’
1412 2226 1556 2261 ἀμφότερα
1570 2227 1715 2261 γινομένου
1732 2226 1806 2253 οὕτω
1819 2236 1899 2254 τετυ-

1102 2271 1217 2306 χηκέναι
1229 2272 1373 2306 λαμπρῶς,
1389 2271 1460 2299 ὥστε
1475 2273 1560 2307 μόνην
1572 2273 1674 2307 ταύτην
1683 2273 1772 2300 δοκεῖν
1783 2274 1833 2300 καὶ
1845 2274 1897 2308 τῆς

1103 2326 1135 2343 πε
1141 2319 1166 2352 ρὶ
1178 2318 1267 2344 πάντα
1278 2319 1363 2345 ταῦτα
1376 2319 1524 2353 συμπάσης
1535 2319 1709 2354 εὐδαιμονίας
1719 2320 1844 2354 ὡσπερεὶ
1857 2321 1897 2355 (g)

1104 2365 1268 2397 πρυτανεῖον
1290 2361 1360 2390 εἶναι
1380 2365 1440 2394 ταῖς
1464 2364 1577 2395 ἄλλαις.
1598 2365 1647 2391 καὶ
1668 2366 1799 2400 χορηγεῖν
1823 2367 1900 2400 ἔχειν

1103 2409 1229 2436 ἐντεῦθεν
1244 2410 1313 2445 μετὰ
1324 2409 1422 2437 πολλοῦ
1434 2410 1481 2436 τοῦ
1493 2410 1644 2446 περιόντος,
1659 2411 1694 2437 δι’
1705 2408 1744 2438 ὧν
1757 2413 1787 2439 αἱ
1805 2413 1901 2444 πόλεις

1106 2514 1234 2547 circuitu,
1252 2514 1284 2550 de
1301 2515 1385 2541 maris
1405 2514 1521 2550 imperio
1537 2515 1601 2542 olim
1621 2515 1788 2542 contendere
1806 2523 1898 2543 ansa:

1107 2550 1133 2575 itt
1152 2550 1228 2576 sinus
1255 2549 1379 2576 Saronici
1399 2549 1480 2576 veluti
1499 2550 1645 2577 umbeliro.

1144 2585 1181 2618 (2)
1203 2584 1303 2612 Versus
1319 2585 1461 2618 I~thmum,
1476 2585 1603 2615 Salamis.
1619 2584 1813 2612 Pharmacusae
1823 2585 1898 2614 dum.

1106 2621 1233 2646 Atalanta
1260 2624 1288 2647 et
1316 2621 1376 2647 alite
1403 2620 1522 2648 tritiores
1546 2621 1688 2654 qumdam:
1712 2620 1843 2653 Belbina,
1871 2622 1898 2647 in

1107 2654 1234 2688 IEginam
1257 2660 1282 2682 et
1302 2655 1378 2682 littus
1400 2655 1538 2686 Atticum;
1562 2663 1656 2681 versus
1679 2655 1899 2690 Archipclagum

1108 2698 1172 2717 vero
1189 2690 1268 2724 pleno
1283 2690 1360 2721 mari,
1378 2690 1471 2721 nullae;
1488 2690 1535 2716 sed
1551 2691 1622 2717 circa
1640 2697 1790 2724 utrumque
1806 2690 1898 2722 liIIUs,

1107 2731 1133 2752 et
1149 2725 1182 2751 ab
1197 2725 1295 2759 XEgina
1323 2725 1494 2756 remoliores,
1511 2725 1601 2752 variae.

1145 2760 1181 2794 (7-)
1197 2760 1378 2786 Nominatttur
1391 2761 1417 2785 in
1430 2768 1460 2786 ra
1485 2761 1542 2793 ipsa
1559 2759 1668 2792 Egilia,
1683 2761 1780 2786 insula!
1795 2768 1899 2787 nomen

1108 2795 1224 2824 fat-iens.
1245 2796 1316 2829 quod
1343 2796 1369 2821 iu
1393 2794 1506 2824 Euqiam
1527 2796 1607 2822 vertit
1632 2795 1782 2823 hodiernus
1806 2803 1899 2823 usus:

1108 2831 1203 2865 Apltrcc
1215 2831 1320 2866 fanum,
1338 2829 1410 2858 ιΙυυὶι
1427 2829 1593 2858 ΡιιηΙιείίωιὸι
1612 2839 1697 2857 motu.
