1967 3071
148 134 199 165 757

762 143 849 174 VlTA
865 143 893 173 S.
915 143 1018 172 ΤΗΕο
1024 145 1145 175 DORIE.

1723 144 1772 176 71-8

148 193 285 227 ἀμείνους.
305 193 335 220 Ei
351 194 379 221 δὲ
397 195 444 221 καὶ
466 195 559 230 μεῖζον
575 196 636 224 ὅτου
661 206 702 228 τις
722 197 755 225 ἂν
773 199 846 225 εἴποι
865 198 932 233 πρδς

991 198 1088 233 aliquid
1104 199 1166 226 addi
1185 201 1271 234 possit
1292 200 1324 226 ad
1346 200 1470 234 gloriam,
1488 200 1551 227 inde
1568 200 1651 226 etiam
1670 200 1774 227 accedit

145 239 237 272 δόξαν,
259 241 349 267 καὶτὸ
369 242 438 269 κατὰ
453 243 516 275 τοὺς
532 243 643 277 πολίτας
658 245 687 272 εὖ
704 246 765 281 ἔχον
787 247 934 274 κάντεῦθεν

149 286 268 320 μάλιστα
285 286 387 318 πάσαις
403 288 433 314 τὸ
447 290 526 324 νιχᾷν
544 291 733 325 περιγίνεται,
753 293 800 319 καὶ
817 292 888 319 οὕτω
905 293 935 320 τὸ

147 331 210 358 κατ’
231 332 317 368 αὐτὴν
335 333 473 361 δείκνυται
488 335 607 370 προῦχον
619 345 627 352 ο
653 337 706 371 ὅτῳ
722 341 777 374 γὰρ
794 340 862 365 πᾶσι
878 341 934 372 τοῖς

147 379 239 410 ἄλλοις
254 380 388 414 περιττῶς
405 381 633 418 φιλοτιμουμένη,
652 385 697 411 καὶ
714 385 783 412 κατὰ
797 386 892 412 πασῶν
905 387 935 412 τὺ

147 424 248 458 κράτος
262 425 370 459 εχουσα,
387 427 434 453 καὶ
444 428 494 462 τὴν
508 428 626 455 νικῶσαν
642 430 670 456 ἐν
684 430 772 457 ἅπασι
783 432 933 467 φερομένη,

150 469 252 504 μείζων
268 471 308 502 είς
322 471 401 505 δόξαν
417 474 433 507 ἡ
447 472 590 509 Θαυμαστὴ
606 475 659 501 τῶν
676 476 822 503 οίκούντων
843 479 936 504 ἐπιτυ-

148 517 193 551 χία
205 538 212 548 ,
230 517 278 544 καὶ
293 519 323 544 τὸ
336 519 381 546 διὰ
398 520 507 547 πάντων
521 521 646 552 ἐλθοῦσα,
663 522 700 554 ὡς
717 524 831 558 μηδενὸς
851 525 935 551 ἐνδεῖν

148 560 185 589 ὧν
199 571 231 597 γε
247 564 340 591 πόλεσι
355 565 474 599 μάλιστα
485 566 526 593 δεῖ
540 568 586 594 καὶ
601 568 662 599 τοὺς
677 569 790 602 πολίτας
803 571 936 606 καταλλή-

147 609 210 641 λονις
228 610 396 645 κεκτῆσθαι·
416 611 488 639 οὕτω
507 613 561 646 γὰρ
577 615 742 649 χρηστότητι
762 617 871 651 τρόπων
889 619 936 644 καὶ

148 655 221 690 ἠθῶν
234 656 379 692 εὐκοσμίᾳ.
393 658 439 684 καὶ
452 659 534 685 πᾶσιν
546 657 586 690 οἷς
603 660 739 696 ἀνθρώπῳ
753 662 819 697 πρὸς
834 663 934 698 τρόπου

148 702 251 732 πάντας
262 703 373 730 νικῶσιν
384 704 421 735 ὠς
436 706 567 738 ἐπιεικῶς
581 709 612 741 τῇ
627 708 736 742 πατρίδι
747 710 936 744 προσήκοντας

149 748 194 772 καὶ
207 748 264 778 τοῖς
279 749 385 775 ἐκεῖθεν
394 750 516 782 ἐπαίνοις
530 751 567 783 ὠς
582 753 693 784 οίκείοις
706 756 934 790 σεμνυνομένους,

148 791 234 824 οὕτως
249 794 317 829 αὐτῇ
334 796 476 829 συναύξειν
492 796 520 823 εὖ
539 798 654 832 μάλιστα
670 800 720 830 τὰς
735 801 882 836 εὐφημίας,
898 803 936 834 ὡς

149 837 297 873 ἑκατέρους
314 839 439 876 ἀλλήλοις
453 844 575 878 κοσμεῖν,
593 845 638 870 καὶ
651 845 685 871 δι’
700 845 825 881 ἀλλήλων
843 848 936 875 ἑκατέ-

151 891 214 918 ρους
230 885 412 921 εὐδαιμονεῖν.

184 1015 216 1043 δ’.
231 1016 340 1044 Τούτων
354 1019 382 1045 δὲ
397 1020 427 1046 τδ
441 1021 570 1055 μέγιστον
584 1025 664 1058 μέρος
679 1026 703 1051 οί
721 1025 874 1060 θαυμαστοὶ
887 1029 937 1062 τῆς

152 1063 275 1098 μεγάλης
291 1066 430 1099 πρόγονοι,
446 1069 493 1094 καὶ
507 1070 531 1094 οἱ
545 1070 627 1096 αἴτιοι
642 1073 785 1105 γεγονότες
799 1073 866 1107 αὐτῇ
887 1076 937 1109 τῆς

151 1110 190 1140 εἰς
204 1109 249 1136 τὸν
263 1110 317 1145 βίον
334 1113 448 1146 προόδου
461 1122 468 1129 ·
487 1115 616 1142 τοσοῦτον
631 1115 686 1152 γὰρ
701 1118 748 1144 καὶ
763 1119 871 1154 πλούτῳ
891 1122 937 1147 καὶ

150 1155 213 1191 δόξῃ
244 1159 290 1183 καὶ
320 1158 358 1192 τῷ
381 1159 429 1194 τοῦ
462 1160 558 1194 γένους
593 1160 621 1189 εὖ
647 1163 720 1198 ἔχειν
748 1167 794 1191 καὶ
825 1167 936 1201 τρόποις

150 1204 278 1236 χρηστοῖς
295 1205 340 1230 καὶ
356 1205 394 1239 τῷ
411 1206 470 1240 Θεῷ
487 1207 573 1240 φιλεῖς
588 1206 667 1240 εῖναι,
688 1212 735 1237 καὶ
751 1212 834 1238 πᾶσιν
848 1213 885 1244 ὡς
901 1215 938 1239 εί-

151 1249 212 1275 πεῖν
226 1250 281 1281 τοῖς
297 1249 445 1284 βελτίστοις
462 1254 538 1287 παρὰ
552 1254 606 1280 τῶν
621 1255 737 1282 πολιτῶν
751 1258 781 1283 τὸ
798 1267 938 1294 συγκεχω-

152 1295 236 1329 ρηκὸς
261 1296 348 1331 ἔσχον,
366 1298 428 1325 ὅσον
451 1296 524 1326 οὗτοι
539 1302 586 1327 καὶ
606 1302 711 1334 τούτοις
731 1305 778 1330 καὶ
792 1305 858 1331 πᾶσι
881 1307 937 1337 τοῖς

150 1341 241 1374 ἄλλοις
257 1343 310 1369 τῶν
325 1344 413 1371 ἄλλων
429 1346 595 1381 ἐκράτησαν.
614 1349 660 1379 Τίς
681 1350 730 1376 οὐκ
742 1349 812 1376 οἶδεν
837 1352 933 1378 Ἀντώ-

150 1397 216 1420 νιον,
240 1389 269 1421 ὃς
289 1391 328 1421 είς
351 1391 415 1420 τοὺς
437 1391 563 1427 ἱερᾶσθαι
583 1393 715 1428 )αχόντας
739 1396 861 1429 τελέσας,
891 1398 938 1423 καὶ

151 1434 255 1466 πάντας
284 1435 312 1461 ἐν
342 1437 425 1462 πᾶσιν
454 1438 658 1473 ὑπερνικήσας,
685 1441 786 1473 ἔδειξεν
814 1443 938 1476 ἐναργῶς

149 1482 241 1507 ὁποῖον
255 1479 325 1508 εἶναι
338 1482 390 1517 χρὴ
407 1484 457 1509 -ιάν
473 1485 526 1515 τοῖς
540 1485 632 1519 ἔργοις
649 1487 694 1512 τὸν
707 1487 836 1522 τοιαύτην
857 1490 937 1524 ἐσχη-

987 245 1058 272 ltaud
1075 254 1181 279 parum,
1199 246 1270 280 quod
1289 246 1391 280 optima
1415 246 1565 272 incolarum
1584 244 1773 279 complexione

985 291 1092 318 cunctis
1115 291 1156 318 vel
1175 292 1294 318 maxime
1318 291 1353 319 sit
1375 291 1516 326 superior,
1542 295 1569 317 et
1589 290 1648 325 ejus
1672 290 1722 317 hac
1745 290 1772 316 in

986 341 1063 370 parte
1087 337 1265 372 pratrogatita
1292 337 1380 371 palam
1403 338 1617 364 demonstretur.
1647 335 1675 362 ΙιΙ
1698 334 1770 361 enim

987 382 1059 409 unde
1076 390 1131 417 prae
1146 382 1208 410 aliis
1225 382 1399 416 singulariter
1416 382 1560 416 gloriatur,
1578 385 1705 415 tanquam
1720 380 1772 406 im-

985 429 1090 463 perium
1110 429 1137 455 in
1152 437 1248 456 omnes
1262 429 1365 456 habens
1391 433 1418 455 et
1444 428 1546 462 primas
1562 427 1588 454 in
1601 426 1707 453 cunctis
1732 426 1772 452 fc-

986 482 1069 506 rens.
1098 475 1228 509 quodque
1254 480 1348 501 rchra
1375 479 1417 501 est
1444 474 1476 500 ad
1505 471 1770 500 commendationem

986 520 1148 551 maximum.
1164 525 1205 547 est
1219 521 1383 554 prosperitas
1396 519 1546 545 incolarum
1562 516 1730 544 admirabilis
1744 519 1770 542 et

986 567 1115 594 omnibus
1130 565 1252 593 numeris
1270 571 1324 592 latn
1336 565 1472 594 absoluta.
1485 569 1515 591 ut
1530 564 1596 590 nihil
1617 570 1712 590 eorum
1727 561 1770 588 in-

986 613 1087 648 digeat,
1109 620 1170 646 qua:
1192 612 1328 646 praecipue
1344 611 1458 638 urbibus
1480 615 1542 637 sunt
1558 608 1724 639 necessaria,
1743 611 1770 633 et

986 659 1061 685 cives
1085 658 1155 684 inter
1179 665 1210 685 se
1232 657 1420 692 quamoptime
1445 656 1542 682 haheat
1565 653 1770 681 convenientes.

987 704 1053 730 Nam
1078 704 1199 730 bonitate
1225 704 1324 730 indolis
1351 709 1513 736 morumque
1534 705 1643 730 ornatu,
1663 703 1688 726 et
1711 699 1772 733 qui-

987 751 1146 784 buscunque
1165 749 1269 776 homini
1289 756 1360 783 opus
1381 753 1423 775 est
1449 747 1482 774 ad
1505 746 1566 773 vita;
1589 747 1769 774 honestatem,

987 801 1118 830 superant
1135 795 1267 830 reliquos,
1284 795 1364 822 veluti
1381 794 1428 829 qui
1445 801 1501 821 sua:
1515 793 1610 828 patri-.e
1628 797 1690 825 apte
1705 798 1774 818 con-

988 846 1097 877 gruant,
1125 847 1153 869 et
1170 842 1240 869 sicut
1259 841 1333 868 illius
1354 840 1482 875 laudibus
1500 844 1630 872 tanquam
1655 837 1777 872 propriis

987 889 1163 921 decorantur,
1180 887 1220 914 sic
1235 887 1286 922 ipsi
1303 885 1552 914 commendationis
1568 884 1671 911 addant
1689 883 1774 918 pluri-

987 943 1073 967 mum,
1086 939 1235 970 mutuoque
1248 941 1278 961 se
1289 937 1388 961 ornent
1400 936 1428 959 et
1445 937 1568 958 mutuam
1583 930 1715 965 impleant
1733 928 1772 956 fe-

988 982 1115 1009 licitatem
1122 1002 1128 1009 .

1022 1029 1050 1056 4.
1072 1028 1176 1055 llorum
1190 1032 1279 1055 autem
1294 1035 1357 1062 pars
1372 1035 1425 1055 non
1444 1027 1554 1054 minima
1569 1032 1674 1059 magna:
1692 1024 1775 1059 hujus

988 1080 1090 1102 sancta:
1104 1075 1180 1102 luere
1195 1074 1349 1101 admirandi
1366 1077 1503 1108 parentes,
1521 1078 1568 1106 per
1583 1079 1652 1106 qttos
1669 1070 1774 1103 ingres-

988 1129 1049 1149 sum
1071 1121 1130 1155 ipsa
1155 1120 1181 1147 in
1203 1120 1273 1147 hanc
1292 1120 1374 1146 vitam
1397 1118 1513 1145 habuit:
1529 1118 1598 1144 adeo
1613 1117 1686 1144 enirn
1704 1116 1775 1143 inter

989 1166 1061 1193 cives
1073 1172 1170 1192 omnes
1187 1164 1375 1192 excelluerunt
1392 1164 1491 1198 opibus
1502 1183 1510 1196 ,
1526 1162 1611 1196 gloria
1624 1181 1631 1194 ,
1649 1161 1775 1189 claritate

988 1212 1106 1247 generis,
1121 1210 1226 1238 morum
1242 1210 1409 1245 praestantia,
1423 1209 1469 1236 Dei
1479 1208 1637 1241 dilectione,
1651 1213 1676 1234 et
1691 1207 1774 1233 rebus

988 1259 1197 1292 quibuscunque
1219 1257 1260 1292 (nt
1285 1257 1367 1284 verbo
1390 1263 1445 1283 uno
1469 1255 1619 1287 absolvant)
1645 1252 1773 1288 optimis,

989 1309 1119 1340 quantum
1136 1303 1173 1330 illi
1189 1307 1216 1330 et
1233 1303 1274 1329 Itis
1289 1311 1350 1338 quae
1370 1301 1439 1334 dixi,
1455 1306 1481 1328 et
1497 1301 1559 1327 aliis
1575 1300 1654 1326 bouis
1667 1299 1775 1326 cunctis
1798 1320 1807 1328 .

989 1350 1162 1377 antestabant
1177 1349 1292 1376 caeteris.
1315 1347 1382 1380 Quis
1402 1347 1551 1374 Antonium
1575 1345 1684 1380 ignorat
1704 1346 1776 1372 inter

989 1395 1146 1423 saecrdotes
1171 1394 1340 1425 ordinatum,
1366 1397 1393 1419 et
1417 1396 1480 1418 ante
1504 1396 1618 1418 cunctos
1644 1391 1671 1418 in
1695 1391 1775 1418 rebus

988 1441 1116 1468 omnibus
1146 1438 1234 1466 ordini
1262 1445 1313 1465 suo
1340 1437 1469 1472 congruis
1498 1437 1701 1464 excellentem?
1727 1435 1775 1470 qui

989 1487 1079 1521 reipsa
1096 1485 1290 1512 demonstrans
1305 1483 1412 1518 qualem
1429 1482 1556 1516 Operibus
1572 1489 1633 1508 esse
1650 1485 1775 1516 oporteat

150 1527 217 1554 κότα
234 1528 386 1563 πρόσρησιν
397 1537 404 1544 '
423 1530 451 1560 ὃς
470 1538 501 1562 γε
517 1530 571 1556 τῶν
589 1531 779 1565 αἱρετιζόντων
795 1534 936 1569 ἐπικειμέ-

991 1529 1121 1565 ejusmodi
1136 1529 1261 1556 sortitum
1281 1528 1470 1559 vocationem,
1487 1535 1549 1554 cum
1563 1532 1669 1554 satores
1687 1526 1775 1553 haere-

150 1581 204 1599 νων
221 1574 267 1599 καὶ
286 1574 335 1608 τῆς
350 1575 474 1601 ἐντεῦθεν
494 1576 591 1611 ἀχλύος
609 1577 805 1613 ἐπισκοτούσης
822 1581 855 1614 τῇ
879 1581 939 1606 Ἐκ-

150 1619 260 1655 κλησίᾳ,
275 1621 354 1654 μόνος
365 1621 419 1647 τῶν
430 1622 549 1654 πάντων,
563 1622 657 1658 ὥσπερ
669 1624 747 1656 ἀετὸς
763 1625 792 1650 ἐν
801 1625 938 1659 νεφέλαις,

149 1665 197 1691 τοῦ
209 1665 343 1697 κλύδωνος
355 1666 511 1702 ὑπερσχὼν,
522 1667 657 1703 διε-(ώτερος
673 1669 750 1704 ὤφθη
765 1670 820 1696 τῶν
834 1672 938 1698 ἐκεῖθεν

149 1713 284 1746 διαύλωνς
302 1714 355 1739 Καὶ
373 1713 421 1748 μὲν
443 1715 490 1739 καὶ
510 1714 673 1749 Χρυσάνθην
692 1714 734 1746 τίς
752 1716 801 1742 οὒκ
822 1717 853 1742 31v
873 1718 940 1750 ἁγά-

152 1767 246 1791 σαιτο,
261 1759 310 1785 οὐκ
328 1759 469 1791 εὐσεϐείας
485 1759 579 1786 εἵνεκα
595 1760 674 1793 μόνον
692 1762 738 1786 καὶ
752 1758 784 1796 ἧς
801 1760 857 1795 εἶχε
875 1762 939 1796 περὶ

150 1804 254 1839 ταύτην
267 1805 397 1840 σπουδῆς,
412 1805 482 1832 ὥστε
495 1805 574 1832 τοῦτο
589 1807 638 1840 μὲν
653 1807 721 1842 αὐτῇ
738 1807 825 1833 πάντα
842 1807 939 1834 παθεῖν

151 1850 241 1885 ἔσχειν
267 1851 382 1885 ἑτοίμως
404 1852 419 1886 ἢ
441 1852 542 1886 ταύτης
570 1853 616 1878 καὶ
642 1853 740 1887 μικρδν
767 1851 937 1888 ἀποστῆναι,

151 1898 229 1924 τοῦτο
246 1898 273 1924 δὲ
293 1898 339 1924 καὶ
355 1899 410 1929 τοῖς
425 1897 526 1930 ἄλλοις,
544 1898 637 1933 ὥσπερ
653 1907 695 1930 τις
710 1899 799 1930 κοινὸς
820 1899 939 1934 μελεδω-

143 1944 195 1974 ¹νὸς
211 1943 362 1975 εὐσεϐείας,
382 1944 576 1976 καθίστασθαι,
595 1944 664 1971 ἀλλὰ
680 1945 726 1971 καὶ
744 1946 792 1980 τῆς
809 1946 862 1973 τῶν
877 1948 940 1983 τρό-

153 1997 212 2016 πω)
230 1989 362 2024 μουσικῆς
383 1991 430 2016 καὶ
447 1991 507 2016 κατ’
522 1990 622 2024 ἀρετὴν
638 1991 770 2025 ἐργασίας
781 1999 787 2006 ·
804 1991 833 2024 ἐξ
849 1989 886 2018 ὧν
906 2002 938 2027 γε

151 2036 301 2071 προσήκειν
313 2034 385 2070 εἶχεν
405 2036 549 2070 Ἀντωνίῳ,
564 2037 609 2062 καὶ
625 2037 673 2072 τῆς
689 2037 811 2071 μεγάλης
825 2040 939 2073 ταυτησὶ

152 2082 282 2116 συζυγίας
297 2081 447 2118 ἀξιόχρεως
459 2080 540 2109 εἷναι.

187 2175 218 2198 ε’.
237 2171 315 2198 Οὕτω
332 2171 359 2198 δὲ
377 2171 480 2206 ἔχουσι,
502 2171 549 2198 καὶ
564 2170 635 2198 οὕτω
651 2172 741 2200 πάντα
760 2172 793 2198 τὰ
812 2172 938 2208 βέλτιστα

153 2217 303 2250 ουνελοῦσι,
323 2218 354 2244 τὸ
370 2217 480 2245 πάντων
498 2218 626 2252 μέγιστον
641 2219 690 2246 καὶ
706 2219 787 2245 οἱονεὶ
804 2219 938 2254 κολοφὼν,

153 2265 200 2291 καὶ
227 2265 344 2299 μάλιστα
361 2265 469 2291 πάντων
485 2262 522 2292 ὧν
539 2264 611 2300 εἶχον
628 2266 748 2297 ἐκείνους
772 2266 904 2300 κοσμοῦν,
922 2267 938 2302 ἠ

154 2310 258 2345 μεγάλη
276 2311 323 2336 καὶ
340 2310 483 2345 θαυμαστὴ
501 2311 636 2346 Θεοδώρα,
658 2311 808 2346 τεκμήριον
824 2311 940 2346 ἐναργὲς

153 2358 321 2392 ἀναφανεῖσα
345 2359 419 2392 σφίσι
443 2358 535 2384 θεόθεν
549 2357 596 2384 τοῦ
620 2357 687 2384 Θεοῦ
704 2358 772 2392 πρὸς
795 2357 894 2389 αὐτοὺς
910 2355 939 2384 εὖ

152 2404 327 2437 διακειμένου
347 2404 385 2438 (Ιι)
402 2404 448 2429 καὶ
465 2403 538 2435 ἵλεω,
558 2403 652 2438 ὥσπερ
668 2402 794 2429 ἐντεῦθεν
811 2403 941 2434 ἐπιεικῶς

153 2449 368 2484 ἐπιδειξαμένου,
379 2449 442 2475 ὅσου
456 2450 528 2480 τινὸς
542 2449 602 2483 ἄγει
617 2449 760 2480 τάκείνων,
772 2449 819 2474 καὶ
832 2448 869 2479 ὡς
882 2448 938 2474 ἀντ’

155 2495 234 2523 ἄλλου
252 2495 322 2527 τινος
339 2496 355 2530 ἢ
372 2495 424 2530 πρὸ
441 2495 538 2526 παντὸς
552 2496 630 2522 ἄλλου
646 2496 733 2530 γέρως
748 2494 848 2521 δέδωκέ
867 2496 944 2529 σφίσι

154 2543 204 2578 τὴν
225 2542 319 2576 παῖδα,
343 2542 388 2568 ἐπὶ
402 2542 645 2577 τοσοῦτον.ἧκουσι
670 2540 873 2574 καλοκαγαθίας
893 2541 943 2567 καὶ

154 2588 201 2615 τοῦ
213 2589 256 2615 διὰ
271 2590 379 2615 πάντων
389 2588 494 2615 ἐλάται.
508 2587 641 2614 Οὖτωδιὰ
655 2586 793 2621 γυναικῶν
807 2587 943 2621 βελτίστη,

155 2634 200 2661 διὰ
214 2634 322 2660 πάντων
336 2634 463 2668 τυγχάνει
473 2643 489 2666 ·,
507 2633 553 2660 καὶ
569 2633 657 2660 πάντα
670 2632 845 2668 καταλλήλως
861 2633 943 2667 ἐσχης

156 2683 253 2716 σαυτῇ,
270 2683 319 2714 τήν
333 2688 362 2707 τε
380 2681 506 2714 πατρίδα,
520 2679 582 2711 τούς
597 2688 626 2706 τε
641 2679 802 2711 τοκέας,ῐνα
818 2687 858 2704 σοι
873 2687 942 2705 παν-

157 2728 271 2763 ταχόθεν
292 2728 334 2763 εἴη
349 2728 378 2754 τὸ
391 2726 519 2761 εὔδαιμον
535 2728 583 2753 καὶ
598 2726 641 2752 διὰ
657 2726 765 2752 πάντων
781 2725 892 2760 νικῴης.
911 2725 942 2751 Εί

157 2775 187 2802 δὲ
205 2776 252 2802 καὶ
270 2775 373 2801 τούτων
391 2774 422 2801 οὐ
444 2773 524 2808 μόνον
542 2774 690 2808 ἀξιέχρεως
705 2772 841 2806 ἀνεφάνης
861 2771 941 2805 αὑτὴ,

989 1583 1052 1603 seou
1069 1574 1198 1602 Ecclesiae
1210 1573 1410 1603 incumberent,
1424 1580 1539 1607 eamque
1554 1572 1642 1599 oli‘usa
1659 1572 1775 1606 caligine

989 1621 1219 1652 obtenebrarent,
1238 1625 1366 1654 tanquam
1383 1619 1473 1654 aquila
1497 1619 1584 1646 nubes
1608 1619 1775 1654 procellosas

990 1667 1198 1698 transcenderis,
1213 1672 1307 1692 eorum
1326 1663 1578 1691 concertationibus
1598 1663 1673 1691 soltts
1689 1671 1775 1696 appa-

989 1713 1045 1740 ruit
1057 1712 1147 1738 altior.
1162 1711 1363 1746 Chrysantham
1380 1717 1463 1744 porro
1474 1709 1536 1744 quis
1549 1716 1602 1735 non
1613 1709 1777 1735 admiratur?

990 1759 1048 1786 Non
1066 1763 1170 1785 tantum
1187 1762 1299 1792 propter
1315 1756 1473 1791 religionem
1490 1755 1587 1789 ipsius,
1598 1758 1624 1781 ct
1638 1759 1692 1782 tam
1707 1754 1777 1784 insi—

990 1812 1042 1839 gne
1059 1811 1122 1837 erga
1142 1801 1268 1830 eamdem
1289 1801 1410 1829 studium
1421 1821 1429 1834 ,
1444 1806 1474 1828 ut
1491 1801 1548 1836 ipsa
1565 1799 1673 1835 quidem
1689 1799 1776 1827 levius

989 1851 1100 1878 duceret
1125 1849 1216 1876 omnia
1240 1848 1343 1883 perpeti
1364 1855 1446 1882 quam
1469 1848 1504 1874 ab
1526 1855 1557 1874 ea
1580 1847 1621 1874 vel
1639 1846 1774 1874 tantillum

990 1896 1133 1928 recedere,
1157 1895 1219 1922 aliis
1242 1902 1307 1921 vero
1330 1898 1459 1928 tanquam
1480 1892 1634 1920 communis
1655 1892 1776 1920 curatrix

991 1943 1100 1980 pietatis
1115 1942 1292 1977 praesideret;
1313 1941 1358 1968 scd
1374 1941 1456 1967 etiam
1472 1943 1583 1974 propter
1597 1938 1775 1972 compositio-

990 1997 1050 2017 num
1067 1988 1260 2016 suavissimam
1281 1993 1401 2017 morum,
1424 1990 1450 2012 et
1468 1985 1599 2012 virtutum
1616 1984 1776 2018 omnlgena-

991 2044 1051 2063 rum
1069 2035 1304 2065 exercitationem,
1320 2039 1434 2068 quarum
1451 2038 1534 2058 causa
1550 2030 1706 2057 merebatur
1722 2028 1776 2056 frui

991 2081 1131 2112 Antonio.
1163 2085 1190 2107 et
1216 2086 1322 2113 magnae
1353 2078 1433 2113 hujus
1462 2076 1664 2110 conjunctionis
1693 2074 1774 2108 digna

990 2127 1086 2156 videri.

1027 2174 1054 2201 5.
1074 2174 1113 2200 ita
1135 2179 1164 2200 se
1190 2171 1352 2198 habentibus
1367 2170 1419 2197 illis
1441 2175 1467 2197 et
1485 2168 1586 2203 optima
1610 2174 1725 2202 quaeque
1747 2165 1776 2193 in

993 2227 1076 2248 unum
1096 2217 1310 2248 conferentibus,
1325 2217 1447 2243 omnium
1461 2209 1623 2246 maiimum,
1641 2220 1673 2240 ac
1692 2211 1789 2250 veluti,

993 2264 1113 2298 coronis,
1130 2268 1157 2291 et
1180 2270 1236 2298 prae
1256 2261 1363 2289 caeteris
1385 2267 1479 2288 eorum
1505 2259 1674 2286 ornamentis
1696 2257 1778 2291 longe

992 2309 1287 2347 prmcellentissitnum,
1300 2313 1396 2341 magna
1409 2311 1491 2340 atque
1501 2303 1671 2332 admirabilis
1685 2302 1778 2330 Theo-

993 2359 1059 2386 dora
1080 2355 1195 2390 obtigit;
1211 2354 1319 2388 signum
1338 2352 1379 2379 eis
1407 2349 1582 2378 manifestum
1599 2348 1723 2382 prazbens
1735 2347 1778 2374 di-

994 2405 1063 2430 vina:
1082 2409 1146 2436 erga
1167 2407 1196 2427 se
1216 2396 1410 2428 miserationis,
1426 2395 1534 2422 abunde
1549 2391 1777 2424 demonstrantis,

995 2447 1089 2482 quanti
1108 2447 1182 2480 ipsos
1197 2445 1308 2475 laceret,
1321 2447 1346 2469 et
1360 2442 1432 2476 quod
1444 2448 1493 2476 pro
1504 2440 1556 2466 alia
1568 2446 1732 2473 quacunque
1752 2442 1779 2465 et

996 2499 1051 2527 prae
1065 2490 1139 2518 omni
1160 2488 1283 2516 mercede
1310 2486 1363 2514 illis
1394 2490 1531 2518 tantopere
1545 2483 1671 2511 virtutem
1685 2482 1780 2509 colen-

996 2537 1069 2564 tibus
1086 2540 1111 2562 et
1127 2542 1175 2570 per
1189 2533 1281 2560 omnia
1298 2532 1430 2567 prolicere
1446 2529 1621 2564 cupientibus
1634 2528 1718 2555 tiliam
1734 2527 1781 2554 de-

996 2583 1077 2610 derit.
1090 2581 1202 2615 Sicque,
1217 2587 1234 2606 o
1248 2578 1392 2605 mulierum
1409 2575 1647 2611 praestantissima,
1663 2573 1736 2600 omni
1747 2579 1779 2598 ex

998 2633 1073 2664 parte
1088 2626 1183 2654 eﬂ'ecta
1195 2633 1225 2652 es
1244 2625 1359 2659 optima,
1376 2627 1402 2650 et
1416 2626 1514 2650 cuncta
1528 2621 1575 2647 tibi
1589 2618 1780 2646 convenientia

998 2673 1127 2704 habuisti,
1143 2673 1270 2707 patriam,
1287 2671 1412 2704 inquam,
1431 2673 1510 2702 atque
1525 2669 1670 2701 parentes,
1688 2669 1718 2690 ut
1731 2671 1782 2690 un-

997 2722 1141 2755 dequaque
1161 2719 1239 2745 beata
1257 2717 1341 2750 fores,
1353 2720 1380 2744 et
1393 2714 1520 2743 omnibus
1533 2720 1580 2747 per
1595 2711 1686 2738 omnia
1704 2710 1783 2744 longe

998 2766 1134 2802 superior.
1151 2763 1248 2792 Utrum
1265 2769 1331 2792 vero
1347 2769 1401 2790 non
1417 2760 1503 2789 solum
1526 2759 1608 2793 digna
1627 2757 1680 2784 illis
1698 2756 1783 2784 tueris

196 2866 234 2902 (tu)
250 2865 385 2901 Scriptum
401 2868 469 2897 erat,
488 2863 534 2890 τοῦ
560 2864 627 2898 προς
655 2862 754 2894 αὐτοὺς
773 2861 854 2890 αὑτοῦ
883 2861 1069 2894 διακειμένου.
