1967 3071
206 124 263 161 759

820 127 971 157 NlCOl.Al
985 126 1185 157 CABASll..E

1785 122 1842 155 πί)

204 187 274 220 ipsa,
287 187 333 215 sed
348 186 433 214 multo
448 186 530 213 etiam
546 185 733 213 admirabilior
749 185 881 220 majorem
896 184 991 211 melio-

1053 185 1111 212 ιλλὰ
1133 187 1181 212 καὶ
1209 184 1299 221 πολλῷ
1326 185 1539 221 θαυμαστοτέρα
1566 185 1613 211 καὶ
1640 183 1763 219 μείζων,
1789 184 1840 209 καὶ

206 240 319 266 remque
330 236 357 259 te
373 232 531 267 probaveris
545 232 578 259 iis
592 239 640 266 per
653 239 715 266 qua;
729 231 918 264 exornabaris,
932 230 994 266 quis

212 277 322 304 denmm
342 283 430 312 potest
449 277 592 312 ignorare?

241 323 267 350 6.
289 323 407 351 lllustria
427 323 509 358 igitur
524 328 568 350 tua
588 324 748 354 certamina,
762 328 789 350 et
799 331 912 358 magnos
923 323 994 350 circa

206 369 406 403 philosophiam
420 377 533 405 agones,
546 370 646 404 quibus
662 370 763 397 mullos
783 371 809 396 in
821 370 916 397 eadem
933 377 994 396 cum

207 416 286 442 laude
303 421 438 448 versatos,
462 415 547 443 victos
562 424 575 442 a
596 421 620 443 te
633 417 766 452 longeque
790 416 860 444 infra
885 416 996 444 relictos

148 466 151 468 '
207 461 360 489 clarissime
385 462 592 494 demonstrasti,
610 463 667 498 jam
694 463 786 490 dicere
810 463 995 498 aggredimur.

207 507 240 535 Et
266 515 297 535 ea
326 508 435 543 quidem
452 516 514 543 quae
548 510 591 536 his
621 510 707 536 instar
737 509 905 536 fundamenti
931 509 996 536 sub-

208 559 305 588 strata,
315 563 348 583 ac
361 555 442 583 veluti
456 556 636 583 maximarum
654 564 743 583 rerum
758 564 835 583 luere
851 557 994 591 prooemia,

208 601 348 635 quomodo
364 609 417 629 non
433 601 460 628 in
476 602 685 629 admirationem
701 607 899 637 stuporemque
912 603 998 630 dedu-

207 652 272 673 cant
288 647 419 681 aliquem,
437 652 464 674 et
481 647 635 674 futurorum
654 646 755 674 faciant
770 647 883 675 minime
898 647 996 674 fal~nm

209 692 317 720 vatem?
330 691 526 720 lnstituebalur
542 693 653 728 quidem
672 693 744 720 inter
755 701 864 728 pucros,
881 694 927 721 sed
946 694 997 721 mi—

208 738 282 765 nime
295 738 427 772 puerilem
443 739 555 772 gerebat
571 746 682 766 sensum
696 758 704 770 ,
723 746 809 773 neque
824 739 856 766 ad
871 747 913 766 res
928 739 997 766 ludi-

209 792 270 812 cras
284 785 507 816 convertebatur,
524 784 693 820 voluptatem
716 785 816 812 exinde
833 785 995 820 captandam

210 829 320 857 virtutis
343 830 403 858 loco
428 830 589 863 aestimans,
614 831 661 858 sed
686 831 785 859 divinis
807 831 997 859 oblectabatur

210 874 467 908 exercitationibus,
484 876 572 904 sacris
584 877 732 904 erudienda
746 876 855 903 litteris.
874 876 998 903 Emula-

209 921 290 948 batur
301 926 404 954 autem,
418 926 445 949 et
459 923 549 950 socias
562 923 660 950 habere
670 922 822 957 expetebat,
836 930 890 949 non
903 929 998 950 assue-

210 969 254 995 tas
273 967 328 995 illis
341 968 479 995 contraria
495 976 587 996 amare
601 972 628 995 et
644 969 722 996 malis
739 968 766 995 in
784 971 866 996 rebus
879 968 995 1000 versari,

209 1013 282 1048 quod
306 1013 362 1040 vitii
381 1017 433 1046 est,
450 1014 496 1041 sed
513 1014 715 1049 adiungebatur
730 1014 854 1049 solisque
870 1015 997 1041 conVive-

210 1059 257 1086 bat
270 1059 313 1091 iis.
330 1067 399 1094 quas
413 1067 492 1087 amor
507 1060 687 1094 philosophiae
711 1060 870 1095 divinaeque:
884 1068 998 1088 conver-

209 1104 323 1132 sationis
341 1105 464 1137 tenehat;
483 1110 576 1140 utpote
592 1113 652 1140 qua:
671 1104 829 1133 felicitalem
847 1107 997 1133 constitue-

209 1150 293 1178 retin
311 1150 365 1178 illis
377 1150 520 1178 dumtaxat
532 1151 626 1182 rebus,
640 1159 701 1185 quae
718 1151 772 1178 Deo
785 1151 903 1185 placent,
915 1156 998 1185 atque

210 1196 244 1224 ad
262 1197 391 1224 virtutem
410 1196 527 1227 ducunt.
545 1201 571 1224 et
587 1196 766 1223 inell‘abilium
784 1196 918 1223 bonorum
934 1204 997 1230 par-

211 1240 397 1276 ticipationem
415 1241 576 1268 conciliant.
601 1241 647 1268 Sic
670 1241 753 1276 igitur
771 1243 863 1267 animo
884 1248 996 1275 compa-

185 1314 189 1319 ,
212 1289 281 1317 rata,
296 1284 424 1319 coniugio
439 1285 549 1320 quidem
567 1293 614 1313 usa
631 1289 683 1318 est,
700 1286 746 1312 sed
765 1293 811 1312 usa
828 1291 868 1312 est
879 1290 996 1318 tantum,

211 1331 240 1355 et
256 1328 324 1355 nihil
339 1329 473 1364 amplius,
488 1336 620 1364 quantum
642 1330 749 1358 scilicet
769 1338 837 1365 opus
859 1337 933 1363 erat,
947 1331 993 1358 alie

211 1381 293 1408 quam
313 1374 346 1402 ad
363 1375 464 1409 optima
483 1382 598 1409 quaeque
611 1377 764 1402 tendentem
792 1376 876 1403 etiam
893 1379 991 1412 conju-

210 1418 256 1453 gio
267 1419 378 1447 subesse
391 1428 398 1446 :
414 1424 443 1447 ut
457 1428 518 1454 quae
531 1425 613 1447 totam
627 1428 656 1447 se
673 1421 793 1448 dedisset
806 1422 996 1456 philosophiae,

211 1471 266 1491 non
282 1464 432 1499 respiciens
446 1464 472 1492 in
487 1465 598 1493 delicias
615 1470 662 1492 aut
675 1466 841 1500 voluptates,
857 1468 997 1503 animique

1021 260 1027 264 ,
1047 222 1203 265 κρείττονας
1213 231 1288 267 σφῶν
1303 233 1393 258 αὐτῶν
1409 231 1547 264 ἁνέδειξας
1557 229 1597 260 οἷς
1611 231 1782 265 ἐκόσμησας,
1796 230 1840 260 τίς

1047 278 1097 303 οὐκ
1111 275 1165 304 οἶδε
1180 278 1235 305 τῶν
1251 278 1379 311 πάντωνς

1083 326 1121 356 ς’.
1139 323 1209 355 Τοὺς
1227 324 1276 358 μὲν
1292 323 1338 350 οὖν
1354 324 1506 359 ὑπερφυεῖς
1526 323 1648 354 ἐκείνους
1665 322 1774 356 ἀγῶνας
1791 322 1840 347 καὶ

1046 370 1081 397 τὰ
1096 370 1201 404 μεγάλα
1215 370 1262 397 ἐπὶ
1277 370 1422 406 φιλοσοφίᾳ
1441 370 1604 404 σκάμματα,
1621 370 1649 395 ὲν
1663 366 1703 399 οἷς
1720 368 1782 394 πολ)
1789 369 1838 398 οὓς

1047 417 1094 444 ἐπὶ
1110 417 1254 452 φιλοσοφίᾳ
1269 416 1493 451 θαυμαζομένους
1508 415 1681 450 ἡττωμένους
1695 414 1742 440 καὶ
1759 413 1838 440 κάτω

1048 463 1204 497 χωροῦντας
1224 462 1325 494 ἔδειξας
1345 461 1515 497 περιφανῶς,
1534 461 1634 487 αὐτίκα
1652 459 1780 495 ἐροῦμεν.
1803 459 1840 485 Ἄ

1047 508 1075 535 δὲ
1096 509 1199 535 τούτων
1217 508 1312 544 ὥσπερ
1330 508 1382 541 πρὸ
1400 507 1506 537 τελείας
1522 507 1640 533 ὑπέθουν
1657 506 1705 532 καὶ
1721 506 1776 532 τῶν
1791 513 1841 538 με·

1048 555 1138 589 γάλων
1155 555 1295 590 προοίμια,
1305 555 1363 585 πῶς
1377 554 1407 580 οὐ
1426 554 1491 587 πρὸς
1508 552 1640 587 ἔκπληξιν
1655 552 1761 582 πάντας
1775 551 1841 577 ἐνά-

1048 609 1091 634 γει
1110 602 1155 628 καὶ
1178 600 1271 635 θαῦμα
1295 601 1342 627 καὶ
1364 601 1419 626 τῶν
1440 600 1478 631 είς
1504 599 1590 626 ἔπειτ’
1618 598 1755 633 ἐσομένων
1773 597 1844 631 μάν-

1048 655 1104 677 τεις
1119 647 1214 680 σαφεῖς
1225 646 1413 672 ἀναδείκνυσιν
1427 654 1434 678 ;
1447 646 1492 677 Εἰς
1505 645 1604 676 παῖδας
1619 645 1669 678 μὲν
1683 642 1729 670 οὖν
1741 643 1841 674 ἐτέλει,

1049 691 1106 719 ἀλλ’
1121 692 1151 718 οὐ
1171 692 1240 719 κατὰ
1257 693 1354 723 παῖδας
1371 689 1426 726 εἶχε
1442 691 1472 718 τδ
1486 691 1622 726 φρόνημα,
1638 691 1693 717 οὐδ’
1711 691 1751 720 εἰς
1767 698 1842 716 παι-

1048 739 1106 770 διὰς
1125 739 1208 774 ἑώρα,
1228 739 1274 765 καὶ
1292 739 1341 773 τὴν
1361 739 1466 764 ἐκεῖθεν
1483 737 1578 772 τέρψιν
1598 737 1649 772 τῆς
1668 737 1769 770 ἀρετῆς
1784 736 1842 762 ὲτι-

1051 785 1136 818 μᾶτοε
1154 785 1210 811 ἀλλ’
1220 784 1313 819 ἔχαιρε
1330 784 1377 818 μὲν
1389 785 1448 815 ταῖς
1464 783 1549 815 θείαις
1560 783 1713 818 summa;
1729 783 1762 808 τὰ
1777 781 1840 808 θεία

1049 831 1245 865 παιδευομένη,
1259 830 1392 864 ἡμιλλᾶτο
1416 829 1445 856 δὲ
1473 829 1520 856 καὶ
1548 828 1631 863 συνῆν
1652 828 1682 854 οὐ
1705 828 1765 858 ταῖς
1783 826 1842 853 τῶν

1052 877 1179 903 ἐναντίων
1201 877 1303 911 ὲρῶσαι
1323 876 1436 907 εἰδυίαις
1455 877 1502 903 καὶ
1519 876 1550 902 τδ
1570 876 1663 907 κακοῖς
1686 875 1839 904 συνοικεῖν,

1052 922 1120 955 πρὸς
1129 920 1323 955 ἐλαττώματος
1338 920 1368 946 δν
1379 929 1387 936 ·
1403 920 1516 947 ἐκείνων
1531 919 1553 946 δ’
1568 919 1700 953 ἐξήρτητο
1714 917 1760 944 καὶ
1775 916 1842 943 ταύ-

1051 977 1111 999 ταις
1128 967 1222 1002 μόναις
1241 965 1355 1001 συνέζη,
1374 965 1406 998 ἃς
1428 967 1442 993 ὁ
1459 965 1619 1000 φιλοσοφίας
1634 964 1703 998 ἔρως
1722 963 1840 996 κατέσχε

1051 1015 1099 1041 καὶ
1109 1014 1155 1040 τοῦ
1170 1015 1288 1040 συνεῖναι
1302 1013 1362 1048 Θεῷ
1373 1022 1378 1028 ·
1391 1013 1476 1048 μόνην
1490 1012 1543 1048 γὰρ
1557 1011 1731 1045 εὐδαιμονίαν
1746 1010 1841 1044 ἡγεῐτο

1051 1060 1068 1087 ἃ
1088 1060 1275 1095 κεχαρισμένα
1293 1059 1422 1094 τυγχάνει
1439 1058 1509 1092 Θεῷ,
1526 1059 1573 1084 καὶ
1591 1057 1658 1092 πρὸς
1676 1055 1775 1091 ἀρετὴν
1790 1054 1840 1089 φέ-

1053 1116 1112 1141 ρει,
1133 1107 1179 1133 καὶ
1203 1105 1258 1132 τῶν
1275 1106 1403 1142 ἀρρήτων
1419 1105 1565 1136 κοινωνοὺς
1586 1102 1741 1138 ἐργάζεται.
1760 1100 1840 1128 Οὕτω

1051 1152 1140 1179 τοίνυν
1151 1152 1200 1187 τὴν
1210 1151 1300 1187 ψυχὴν
1315 1152 1537 1186 παρεσκευακυῖα
1550 1149 1674 1184 ὡμίλησε
1687 1148 1736 1183 μὲν
1744 1147 1840 1182 γάμῳ,

1050 1197 1174 1232 ὡμίλησε
1197 1198 1235 1230 δὲ,
1258 1197 1333 1224 οὐδὲν
1357 1196 1456 1231 μᾶλλον
1470 1204 1477 1211 ·
1495 1196 1562 1222 ἀλλὰ
1584 1194 1711 1221 τοσοῦτον
1730 1192 1841 1228 ἐδέησεν

1052 1243 1159 1276 ὑφεῖναι
1185 1251 1209 1269 τι
1231 1242 1306 1277 παρὰ
1326 1242 1371 1268 τὸν
1389 1241 1477 1276 γάμον
1503 1240 1549 1267 τοῦ
1573 1239 1637 1274 περὶ
1654 1239 1688 1265 τὰ
1714 1237 1842 1273 βέλτιστα

1051 1288 1140 1317 τόνου,
1158 1286 1227 1313 ὥστε
1245 1288 1292 1312 καὶ
1315 1285 1404 1320 πο).λῷ
1424 1285 1525 1320 μείζων
1548 1283 1581 1320 ἦν
1606 1285 1645 1314 είς
1661 1282 1821 1318 φιλοσοφίαν
1833 1289 1841 1296 ·

1051 1333 1102 1359 οὐκ
1117 1334 1157 1364 εἰς
1177 1332 1282 1366 τρυφὰς
1300 1331 1391 1367 ὁρῶσα
1410 1332 1456 1357 καὶ
1474 1331 1569 1366 ἡδονὰς
1589 1330 1636 1356 καὶ
1653 1329 1700 1363 τὴν
1715 1327 1843 1354 ἐντεῦθεν

1052 1378 1204 1414 ῥᾳστώνην,
1221 1378 1280 1403 οὐδὲ
1299 1378 1378 1411 δόξης
1394 1377 1538 1412 ἡττωμένη
1554 1377 1601 1402 καὶ
1615 1375 1742 1402 πῦούτου.
1759 1374 1844 1408 Μὸνῳ

1052 1425 1106 1459 γὰρ
1123 1423 1181 1458 Θεῷ
1197 1425 1245 1450 καὶ
1260 1425 1314 1454 τοῖς
1332 1423 1434 1449 ἐκείνου
1454 1424 1592 1457 προσεῖχε,
1610 1422 1656 1448 καὶ
1675 1421 1725 1455 τὴν
1744 1419 1842 1445 ἐπιθυ-

1056 1469 1119 1504 μίαν
1144 1469 1211 1503 πρὸς
1228 1469 1333 1494 ἐκεῖνον
1355 1468 1440 1494 ἔτεινε
1457 1468 1547 1502 μόνον,
1563 1468 1611 1494 καὶ
1626 1466 1716 1493 πάντα
1727 1465 1762 1492 τὰ
1779 1464 1844 1492 καθ’

211 1509 400 1537 remissionem
419 1518 467 1544 per
481 1518 527 1539 eas
542 1512 704 1546 captandam
717 1532 725 1543 ,
741 1520 830 1547 neque
843 1514 928 1548 gloria
947 1519 995 1541 aut

1053 1514 1135 1549 ιὺτὴν
1151 1515 1257 1541 ἐκείνου
1270 1515 1383 1550 γνώμην
1396 1514 1487 1541 διώκει
1505 1514 1547 1548 (i).

210 1556 313 1584 divitiis
328 1556 496 1585 vinceretur.
516 1557 572 1585 Soli
590 1559 662 1584 enim
676 1557 731 1585 Deo
745 1559 884 1594 rebusque
911 1561 1010 1589 divinis
1036 1561 1199 1594 inhaerebat,
1226 1566 1253 1588 et
1281 1562 1314 1588 ad
1332 1569 1395 1588 eum
1414 1560 1501 1588 solum
1519 1559 1604 1587 animi
1621 1558 1663 1587 sui
1677 1557 1845 1586 extendebat

210 1602 389 1636 desiderium,
408 1611 514 1638 suaque
533 1605 625 1631 omnia
641 1605 674 1632 ad
691 1605 763 1632 illius
779 1605 916 1640 dirigebat
932 1607 1088 1635 arbitrium.

247 1647 274 1673 7.
296 1646 364 1674 Vera
383 1655 426 1674 me
438 1648 540 1680 dicere,
560 1649 600 1675 vel
616 1650 679 1676 hinc
698 1650 812 1683 patebit,
829 1650 901 1684 quod
920 1657 997 1685 post-

211 1699 294 1726 quam
306 1698 416 1727 propter
429 1701 525 1727 graves
541 1694 723 1721 Barbarorum
740 1696 870 1723 incursus
882 1697 997 1731 patriam

211 1739 359 1771 deserens,
385 1732 573 1766 Macedoniam
598 1740 723 1767 habitare
739 1741 838 1775 (-(epit,
858 1747 1000 1777 materque

211 1782 308 1810 eﬂccta
327 1788 385 1817 est,
403 1784 613 1819 primogenilam
629 1785 751 1818 prolem,
773 1785 851 1820 juxta
870 1786 945 1813 Pauli
962 1787 999 1814 le-

213 1835 270 1862 ges,
285 1828 387 1857 dilecto
400 1829 452 1856 sibi
469 1829 524 1856 Deo
540 1830 649 1863 obtulit,
661 1836 812 1865 sanctoque
826 1832 932 1866 piarum
946 1834 997 1858 vire

212 1874 306 1909 ginum
325 1875 506 1903 contubernio
524 1875 605 1902 filiam
629 1876 750 1903 tradidit.
769 1875 876 1904 Etenim
895 1878 917 1905 si
934 1886 999 1912 pos-

213 1919 367 1947 sessionum
388 1925 492 1955 partem
514 1921 580 1948 dare
596 1921 708 1949 Numini
742 1923 830 1957 magni
845 1928 887 1950 est
907 1924 995 1950 meriti

212 1966 365 2000 animaeque
381 1966 465 1993 Deum
485 1966 642 2002 diligentis;
661 1969 799 2002 quomodo
819 1976 872 1996 non
890 1975 997 2004 omnem

212 2011 301 2039 laudis
309 2012 436 2039 humanae
444 2020 586 2039 excessqu
599 2014 795 2041 transcundent
807 2022 911 2049 magnae
920 2016 1000 2050 hujus

213 2063 315 2085 sanctae
327 2058 463 2091 cncomia,
477 2067 536 2094 quae
548 2066 603 2086 non
620 2066 732 2086 suarum
749 2059 921 2088 fortunarum
934 2069 999 2096 por-

213 2104 315 2132 tionem
331 2104 451 2140 aliquam
470 2105 511 2132 vel
526 2105 617 2132 simile
635 2105 789 2140 quidpiam,
808 2105 856 2132 sed
873 2106 999 2141 proprio—

213 2156 273 2176 rum
287 2149 423 2178 viscerum
436 2149 590 2184 genituram
602 2151 773 2177 consecravit
788 2149 862 2177 Deo?
876 2149 922 2178 Sic
935 2157 1000 2184 ergo

214 2195 274 2227 uni,
291 2199 321 2222 ut
335 2195 402 2228 dixi,
417 2192 473 2222 Deo
488 2195 622 2230 rebusque
637 2196 738 2223 divinis
753 2196 912 2228 inhaerebat,
925 2200 952 2223 et
966 2196 998 2223 ad

213 2247 276 2268 eum
287 2241 371 2267 animi
382 2241 424 2268 sul
435 2241 597 2268 extendebat
608 2241 784 2275 desiderium,
795 2249 899 2276 suaque
908 2241 999 2268 omnia

1087 1654 1119 1685 ζ’.
1139 1652 1194 1680 Καὶ
1207 1652 1245 1684 ὡς
1259 1652 1347 1687 ἀληθῆ
1367 1651 1448 1686 λέγω,
1468 1651 1547 1687 δῆλον
1566 1651 1687 1678 ἐκεῖθεν·
1705 1650 1767 1677 ἐπεὶ
1787 1649 1843 1685 γὰρ

1050 1699 1099 1733 τῆς
1115 1699 1244 1734 πατρίδος
1264 1698 1454 1729 ἁπαναστᾶσα,
1471 1698 1525 1723 τῶν
1546 1697 1697 1732 Βαρϐάρων
1717 1695 1842 1730 σφοδρῶς

1050 1743 1266 1778 ἐπιτιθεμένων,
1290 1743 1340 1778 τὴν
1368 1743 1537 1770 Μακεδονίαν
1563 1742 1640 1778 ᾤκει,
1668 1743 1716 1768 καὶ
1745 1742 1841 1776 μήτηρ

1051 1789 1176 1823 ἐγένετο,
1208 1789 1238 1815 τὸ
1267 1789 1364 1824 πρῶτα.
1394 1789 1509 1823 τεχθὲν,
1543 1788 1613 1814 κατὰ
1640 1788 1705 1819 τοὺς
1732 1786 1841 1813 Παύλου

1051 1834 1179 1869 θεσμοὺς,
1198 1834 1266 1870 πρὸς
1282 1834 1327 1862 τὸν
1349 1834 1517 1868 ποθούμενον
1533 1833 1594 1867 ἄγει
1615 1833 1691 1870 Θεὸν,
1711 1833 1758 1859 καὶ
1777 1832 1840 1867 ἱερᾷ

1053 1879 1175 1915 συνοικίᾳ
1187 1880 1330 1915 παρθένων
1343 1880 1428 1913 ἁγίων
1440 1880 1524 1914 φέρου
1530 1888 1562 1906 πα
1572 1879 1618 1906 τὸν
1629 1878 1711 1905 παῖδα
1719 1878 1838 1904 δίδωσιν.

1053 1925 1082 1950 Εἰ
1097 1923 1188 1950 τοίνυν
1204 1925 1234 1950 τὸ
1253 1927 1400 1960 κτημάτων
1415 1925 1565 1959 ἀπονεῖμαι
1585 1924 1683 1959 μοῖραν
1698 1923 1757 1958 Θεῷ
1773 1923 1839 1950 πολ-

1051 1969 1097 1996 λοῦ
1121 1978 1192 2002 τινος
1212 1968 1287 2003 ἄξιον
1308 1971 1356 1997 καὶ
1378 1970 1555 2005 θεοφιλούσης
1580 1968 1623 2004 εἴη
1649 1969 1755 2004 ψυχῆς·
1781 1969 1841 2000 πῶς

1050 2016 1112 2051 οὐχὶ
1136 2017 1228 2043 πᾶσαν
1249 2017 1368 2043 ἐπαίνων
1387 2017 1542 2052 ὑπερϐολὴν
1560 2016 1721 2051 ὑπερϐαίνει
1739 2015 1774 2042 τὰ
1789 2015 1842 2050 τῆς

1052 2061 1185 2096 μεγάλης,
1195 2061 1225 2087 οὐ
1237 2061 1384 2096 κτημάτων
1395 2060 1493 2096 μοῖραν
1504 2061 1557 2088 οὐδ’
1568 2061 1633 2088 ἄλλο
1646 2070 1673 2087 τι
1683 2061 1737 2087 τῶν
1750 2061 1841 2087 τοιού-

1051 2117 1113 2139 των,
1139 2106 1207 2133 ἀλ).ὰ
1230 2107 1260 2133 τδ
1284 2108 1412 2143 μέγιστον
1437 2109 1557 2139 πάντων,
1580 2108 1630 2138 τὰς
1650 2107 1705 2134 τῶν
1729 2107 1839 2133 οίκείων

1052 2153 1212 2188 σπλάγχνων
1232 2154 1313 2187 γονᾶς
1335 2149 1562 2188 προσαγαγούσης
1579 2153 1657 2188 Θεῷ;
1675 2152 1784 2185 Οὕτως,
1801 2153 1840 2184 ὡς

1051 2199 1128 2235 ἔφην,
1147 2200 1218 2235 μόνῳ
1233 2200 1292 2234 Θιῷ
1313 2201 1360 2226 καὶ
1374 2201 1431 2231 τοῖς
1446 2200 1550 2226 ἐκείνου
1568 2201 1707 2235 προσεῖχε,
1723 2200 1771 2226 καὶ
1790 2199 1840 2234 τὴν

1052 2245 1201 2281 ἐπιθυμίαν
1218 2245 1286 2281 πρὸς
1306 2247 1408 2272 ἐκεῖνον
1425 2245 1510 2272 ἔτεινε
1528 2246 1619 2280 μόνον,
1634 2246 1682 2272 καὶ
1698 2245 1787 2272 πᾶντα
1806 2246 1839 2271 τὰ

215 2285 249 2312 ad
268 2285 490 2321 illiusvdirigebat
505 2287 666 2320 arbitrium;
686 2287 726 2314 sic
761 2287 921 2314 bonurabile
935 2295 996 2313 san-

1053 2291 1114 2318 καθ’
1134 2291 1218 2326 αὐτὴν
1233 2291 1305 2317 κατὰ
1318 2291 1369 2326 τὴν
1386 2291 1492 2318 ἐκείνου
1507 2290 1620 2327 γνώμην
1635 2292 1739 2318 διώκει.
1760 2290 1840 2317 Οὕτω

220 2334 354 2365 clumque
369 2331 525 2366 coniugium
541 2336 568 2359 et
581 2337 668 2359 lorum
682 2332 889 2360 immaculatum
902 2340 996 2360 secun-

1053 2336 1141 2370 τίμιον
1153 2336 1200 2362 καὶ
1215 2335 1293 2370 ἆγιον
1306 2337 1354 2362 καὶ
1366 2337 1498 2371 ἀμίαντον
1511 2337 1583 2364 κατὰ
1594 2337 1643 2372 τὴν
1658 2336 1765 2363 Παύλου
1781 2344 1839 2368 φωι

214 2375 279 2402 dum
291 2374 367 2403 Pauli
395 2383 487 2404 vocem
507 2377 642 2410 exhibuit,
661 2385 779 2414 eumque
790 2382 877 2406 totum
892 2378 945 2406 Deo
958 2387 1002 2405 re-

215 2421 345 2449 servavit.

1052 2382 1101 2416 νὴν
1124 2381 1170 2408 τὸν
1195 2381 1284 2416 γάμον
1309 2381 1455 2414 ἀνέδειξεν,
1477 2382 1537 2408 ὅλον
1558 2381 1686 2414 καθάπαξ
1708 2381 1840 2409 ἀναθεῖσα

1051 2426 1122 2462 Θεῷ.

931 2505 1046 2535 CAPUT
1065 2504 1097 2534 ll.

713 2565 773 2593 Vita
790 2568 936 2595 monastica
945 2573 969 2596 et
986 2569 1098 2596 virtutes
1112 2569 1141 2597 S.
1163 2569 1318 2597 Tlteodorte.

249 2623 275 2651 8.
296 2623 442 2656 Postquam
466 2628 556 2651 autem
580 2623 622 2650 vir
645 2623 704 2656 ejus
728 2631 743 2651 e
766 2624 835 2651 vivis
862 2625 997 2659 excessit,

213 2670 307 2698 statim
326 2669 371 2697 illa
389 2677 441 2697 non
463 2669 519 2703 jam
544 2669 626 2696 filiam
645 2676 738 2701 suam,
763 2678 816 2697 non
837 2676 996 2699 extraneum

215 2716 317 2752 aliquid
329 2736 336 2748 ,
351 2715 399 2743 sed
421 2715 598 2749 semetipsam
620 2714 721 2741 obtulit
737 2715 804 2748 Deo,
822 2716 938 2744 hostiam
959 2718 998 2745 vi-

261 2786 280 2822 i)
300 2786 379 2813 Addit
395 2794 447 2813 ms.
460 2786 505 2813 καὶ
521 2786 589 2818 ὅλως
603 2785 710 2822 ἐκεῖθεν
724 2786 757 2812 τὰ
775 2786 824 2822 τῆς
848 2788 999 2822 σωτηρείας

261 2787 280 2822 i)
300 2787 379 2813 Addit
395 2794 447 2813 ms.
460 2787 505 2813 καὶ
521 2787 589 2818 ὅλως
603 2787 710 2812 ἐκεῖθεν
724 2787 757 2812 τὰ
777 2787 824 2821 τῆς
848 2788 996 2822 σωτηρείας

213 2787 261 2856 Ι.ξῆ
284 2821 477 2855 πιεπάσμασα,
494 2829 553 2855 qua:
563 2821 734 2856 nequivimus
749 2821 782 2848 ad
800 2829 895 2850 sanum
913 2823 996 2850 ullum

212 2863 322 2885 sensum
339 2856 484 2891 adducere,
498 2856 615 2894 ideoque
630 2855 782 2884 omisimus.

1090 2631 1124 2662 η’.
1144 2627 1205 2654 Εῐεν
1220 2627 1305 2654 ταῦτα
1323 2630 1372 2663 μὲν
1388 2628 1419 2663 δὴ
1435 2628 1546 2655 τοιαῦτα
1564 2627 1612 2663 (Ir).
1627 2626 1682 2654 Τοῦ
1697 2626 1726 2653 δὲ
1743 2626 1840 2662 ἀνδρὸς

1053 2673 1213 2704 ἀπελθόντος
1229 2673 1258 2707 ἑξ
1272 2674 1433 2708 ἀνθρώπων.
1449 2675 1531 2706 εὐθὺς
1545 2674 1636 2709 ἐκείνη
1647 2673 1738 2700 οὐκέτι
1753 2674 1839 2700 παῖδα

1053 2719 1108 2745 οὐδ’
1124 2719 1189 2746 ἄλλο
1204 2728 1230 2746 τι
1245 2719 1299 2746 τῶν
1315 2719 1426 2754 ἔξωθεν,
1445 2720 1502 2747 ἀλλ’
1520 2720 1620 2754 ἑαυτὴν
1635 2719 1732 2746 θυσίαν
1748 2719 1840 2751 ζῶσαν

1088 2789 1124 2823 (k)
1146 2789 1178 2816 Et
1203 2791 1259 2817 haec
1275 2790 1383 2825 quidem
1403 2791 1465 2817 talia
1491 2790 1603 2818 fuerint.
1620 2789 1668 2816 Est
1695 2789 1766 2817 enim
1783 2786 1841 2815 εἷεν

1053 2826 1184 2860 particula
1202 2826 1362 2860 pcrmissiva
1377 2830 1404 2854 et
1417 2827 1450 2853 ad
1462 2825 1514 2853 alia
1530 2825 1692 2853 festinantis.
