1967 3071
113 121 165 155 761

726 127 814 156 νιΤΑ
837 129 867 158 S.
881 128 1107 160 THEUDORKE.

1682 132 1735 163 7‘2

113 182 257 218 προσάγει,
279 181 370 215 ἁγίαν,
395 181 585 217 εὐάρεστον,ὴ
614 184 661 210 καὶ
678 183 794 218 πρόσθεν
821 184 897 211 οὐδὲν

953 191 1072 218 ventem,
1093 190 1217 213 sanctam
1230 207 1238 216 .
1260 186 1327 212 bene
1343 186 1494 220 placentem
1509 186 1678 222 (quanquam
1697 189 1734 216 nil

113 226 195 264 ἧττον
213 228 343 262 ἀνειμένη
359 227 429 263 Θεῷ,
452 229 498 254 καὶ
515 229 583 263 μετὰ
604 230 654 264 τῆς
673 230 767 261 παιδὸς
783 230 898 264 γίνεται,

114 275 162 302 καὶ
182 274 263 310 τρίχα
286 275 391 309 τέμνει,
410 266 457 302 καὶ
475 275 509 302 τὰ
527 275 576 310 τῆς
592 275 664 304 θείας
682 277 842 310 φιλοσοφίας
855 277 900 304 διὰ

112 322 223 348 πάντων
243 320 376 352 τελεῖται,
403 321 536 356 χαίρουσα
567 323 617 356 μὲν
641 323 689 349 καὶ
713 323 900 358 συγχαίρουσα

114 367 199 401 ἑαυτῇ
215 367 265 401 τῆς
281 366 346 401 περὶ
358 366 446 392 πάντα
457 366 491 392 τά
505 366 807 402 κάλλισταέὒδρομίας,
819 367 857 401 τῷ
872 368 901 394 δὲ

113 411 173 446 Θεῴ
191 411 272 446 χάριν
291 412 377 438 εἰδυῖα
392 412 441 446 τῆς
461 411 624 447 θαυμαστῆς
649 414 766 448 ταυτησὶ¹
783 413 901 448 κηδεμο-

113 457 190 488 νίας,
207 457 240 491 ἢν
256 456 320 491 περὶ
336 457 420 491 αὐτὴν
438 457 653 493 μεγαλοπρεπῶς
672 458 840 492 ἐπεδείξατο,
860 456 898 486 ὧν

113 503 143 536 ἐξ
169 503 256 537 ἀρχῆς
282 503 346 538 ἦρα,
377 503 423 529 καὶ
449 503 483 530 δι’
510 503 593 538 εὐχῆς
619 504 744 536 ἐποιεῖτο,
765 506 812 531 καὶ
837 505 901 540 περὶ

113 549 236 580 πλείονος
250 547 301 584 ἦγε
313 549 365 577 τῶν
383 550 519 582 ἁπάντων,
534 550 637 577 τούτων
652 550 799 578 ἀπολαύειν
813 560 903 587 παρα-

114 596 261 627 σκευάσας.
291 595 322 622 Ὴ
348 596 397 630 μὲν
425 596 471 623 οὖν
502 597 686 630 ὑπογενναίως
709 598 902 632 ἀποδυσαμένη

115 641 182 675 πρὸς
197 640 260 673 τοὺς
277 641 349 668 κατὰ
364 641 523 675 φιλοσοφίαν
540 641 659 676 ἀγῶνας,
676 643 723 669 καὶ
735 642 820 674 οὕτως
835 643 900 669 ἑαυ-

115 687 164 721 τὴν
181 687 463 722 παρασκευασαμένη,
479 687 516 718 ὡς
537 689 585 722 οὺχ
602 688 664 714 ὅσον
678 689 747 722 πρὸς
766 685 836 723 αἷμα
856 689 902 714 καὶ

117 732 216 766 σάρκα,
235 731 304 758 ἀλλὰ
319 732 366 758 καὶ
381 732 449 767 πρὸς
461 732 549 768 ἀρχάς
569 733 615 759 καὶ
629 734 695 768 πρὸς
715 733 841 766 ἐξουσίας
856 735 904 760 άν-

114 777 326 810 ταγωνίσασθαι.
350 778 391 811 ἐφ’
410 777 480 804 οὕτω
502 786 542 804 τοι
561 778 664 813 προέϐη
681 779 729 813 τῆς
745 778 839 814 τύχης,
856 780 902 806 καὶ

114 821 189 849 οὕτω
203 822 242 858 τῷ
258 823 311 849 τῶν
330 822 443 856 ἀγώνων
460 823 595 858 ὑπερφυεῖ
613 823 716 855 πάντας
736 818 881 859 ἐξέπληξεν
892 845 898 856 ,

115 870 163 896 καὶ
179 869 246 903 πρὸς
269 869 395 896 τοσοῦτον
411 869 499 904 ἤγαγε
516 869 664 904 θαύματος,
681 869 751 897 ὥστε
769 871 841 903 ἔδοξε
858 880 901 904 μι-

114 913 183 948 κροῦ
207 915 254 941 καὶ
273 915 319 940 τὸν
341 915 483 950 άνθριυπον
509 915 694 950 ύπερῦαίνειν.
720 916 829 951 Πρῶτον
853 917 902 950 μὲν

114 961 161 988 οὖν
172 961 421 997 ταπεινοφροσύνην
434 963 481 989 καὶ
490 963 600 997 ἀγάπην
609 963 711 998 (διώκει
720 962 775 998 [1]),
786 962 836 994 τὰς
848 962 902 988 τῶν

114 1006 225 1040 ἀγαθῶν
241 1007 349 1034 πάντων
365 1007 453 1039 αἰτίας
464 1016 470 1022 ·
486 1007 519 1040 ἃς
535 1009 648 1043 ἐπείπερ
664 1009 694 1035 οὺ
714 1008 793 1043 μόνον
807 1007 901 1034 πασῶν

115 1053 317 1088 ὑπερκειμένας
339 1053 429 1088 ἑώρα,
446 1054 513 1081 ἀλλὰ
536 1055 584 1081 καὶ
602 1054 737 1089 κρηπῖδας
754 1054 902 1088 συμπάσης

114 1100 232 1134 ταυτησὶ
246 1099 296 1134 τῆς
311 1098 387 1130 θείας
403 1100 572 1135 φιλοσοφίας,
589 1100 668 1126 τοῦτο
687 1100 735 1134 μὲν
750 1099 804 1126 τῶν
821 1098 900 1125 θείων

115 1144 311 1180 ἐπιταγμάτων
327 1145 554 1180 νομοθετούντων,
571 1146 650 1172 τοῦτο
664 1146 692 1171 δὲ
708 1146 754 1171 ναὶ
768 1145 836 1180 πρὸς
853 1143 901 1170 αύ-

114 1189 165 1224 τῆς
179 1191 247 1224 αὐτῇ
262 1189 340 1215 τοῦτο
357 1190 511 1220 πεισθεῖσα,
527 1190 564 1221 ὡς
581 1189 626 1225 ἄρ’
642 1190 692 1216 οὐκ
707 1189 781 1216 ἐστιν
800 1189 901 1216 οἰκοδο-

117 1236 179 1270 μεῖν
193 1236 231 1270 μὴ
246 1235 300 1261 τῶν
311 1236 452 1271 κρηπίδων
468 1236 668 1270 ὑποκειμένων.

151 1282 185 1309 0’.
207 1281 282 1307 Ἐπεὶ
304 1282 393 1308 τοίνυν
408 1282 510 1314 ταύτας
532 1281 603 1308 οὕτω
622 1281 753 1316 μεγίστας
772 1279 900 1306 καὶπολ-

114 1328 162 1354 λοῦ
177 1336 248 1358 τινος
261 1327 338 1359 άξίας
354 1327 437 1363 ἑώρα,
452 1328 537 1359 οὔτως
552 1327 698 1362 ὑπερφυῶς
714 1327 829 1353 ὑπέθετο
845 1326 899 1352 τῶν

113 1373 228 1408 ἀγώνων
244 1374 291 1401 καὶ
310 1374 381 1401 οὕτω
397 1374 577 1408 κατώρθωκεν
588 1394 594 1404 ,
613 1374 649 1404 ὡς
666 1373 749 1407 μηδὲν
767 1372 900 1398 ἐλλείπειν

114 1423 168 1449 τῶν
192 1423 351 1458 γινομένων.
375 1421 428 1448 Καὶ
452 1421 560 1454 πρῶτον
584 1419 633 1453 μὲν
650 1419 696 1445 οὖν
714 1419 745 1445 τὸ
772 1418 900 1453 τοιαύτην

113 1469 198 1496 οὖσαν
215 1469 262 1495 καὶ
277 1468 349 1495 οὕτω
366 1468 433 1493 πᾶσι
450 1467 506 1497 τοῖς
523 1465 675 1496 καλλίστοις
696 1463 900 1499 σεμνυνομένην

114 1515 162 1541 καὶ
178 1515 282 1540 συνέσει
298 1513 344 1540 καὶ
358 1512 482 1547 ἀγχινοίᾳ
499 1511 574 1546 παρὰ
590 1510 682 1537 πασῶν
697 1511 850 1545 φερομένην
868 1510 898 1536 τδ

113 1560 225 1595 κράτος,
243 1560 327 1586 ἔπειθ’
347 1558 391 1592 ὑφ’
406 1558 487 1593 ἑτέρᾳ
498 1557 604 1584 τάττειν
616 1557 735 1589 ἑλέσθαι,
750 1557 797 1583 καὶ
811 1556 899 1593 ταύτῃ

114 1607 184 1642 μόνῃ
208 1606 241 1632 τὰ
267 1605 315 1640 τῆς
343 1604 478 1638 σωτηρίας
504 1603 653 1630 πιστεύειν.
677 1602 760 1637 Δῆλον
787 1602 801 1629 ὃ
830 1603 901 1636 λέγω

112 1654 187 1680 ποιεῖ
200 1661 206 1668 ·
220 1652 316 1678 ἔπειτα
336 1652 365 1677 τὸ
380 1651 435 1680 τοῖς
450 1649 581 1683 νεύμασιν
595 1649 701 1683 ἐκείνης
716 1648 900 1675 ἀκολουθοῦσα

113 1699 181 1734 μηδὲ
201 1698 254 1724 τῶν
286 1695 484 1723 εὐτελεστάτων
502 1694 590 1729 ἔργων
603 1694 764 1729 ἀπέχεσθαι,
777 1695 845 1721 ἀλλὰ
858 1703 902 1720 το-

112 1746 209 1772 σοῦτον
227 1745 274 1771 καὶ
295 1744 400 1772 τούτοις
421 1741 576 1776 προσέχειν,
599 1742 660 1767 ὅσον
676 1741 763 1772 οὐδεὶς
784 1742 846 1772 ,τοῖς
863 1741 900 1773 ὡς

110 1791 215 1826 ἑτέρως
231 1791 321 1825 ἔχουσι
332 1799 339 1806 ·
356 1791 404 1817 καὶ
419 1790 457 1825 μὴ
474 1790 553 1824 μόνον
567 1790 606 1821 είς
621 1790 725 1825 ἀγοράν
742 1790 899 1825 ὲμῆάλλειν,

111 1840 161 1866 καὶ
174 1838 343 1866 διατίθεσθαι
355 1857 362 1870 ,
376 1838 424 1864 καὶ
437 1837 565 1863 ὠνεῖσθαι
581 1833 618 1863 ὧν
633 1837 686 1863 ἔδει
707 1837 739 1871 τῇ
758 1836 880 1870 συνοικίᾳ
891 1855 898 1868 ,

111 1885 186 1912 ἀλλὰ
198 1884 244 1911 καὶ
261 1884 342 1919 ἄχθος
359 1885 453 1918 φέρειν
468 1882 633 1917 δεῆσαν,καὶ
649 1880 712 1915 πύρ’
720 1881 898 1912 ἀναπάλλειν,

110 1932 162 1958 καὶ
173 1931 274 1966 χύτραν
289 1930 376 1965 ἕψειν,
389 1930 437 1956 καὶ
447 1929 515 1959 ὅλως
529 1929 562 1955 τὰ
573 1929 660 1955 πάντα
675 1929 804 1962 πράττειν
816 1927 834 1954 ἃ
845 1928 900 1958 τοῖς

111 1976 314 2007 εὐτελεστάτοις
336 1977 452 2010 ἐφεῖται.
476 1974 640 2013 Ἔπειτέπὶ
660 1974 725 2000 πᾶσι
745 1973 850 2003 τούτοις
863 1974 900 2008 μὴ

112 2023 197 2058 μόνον
213 2023 243 2048 τὸ
261 2022 345 2057 μηδὲν
359 2022 463 2056 ’ἑαυτὴν
477 2021 613 2055 ἡγεῖσθαι,
627 2020 694 2046 ἀλλὰ
709 2020 755 2046 καὶ
772 2019 901 2054 σκώληκα

112 2070 161 2095 καὶ
175 2068 275 2099 δνειδος
287 2067 438 2102 ἀνθρώπων
446 2066 493 2093 καὶ
502 2067 536 2092 τὰ
548 2066 660 2093 τοιαῦτα
673 2066 899 2101 προσαγορεύειν,

116 2115 173 2146 πῶς
181 2115 211 2141 οὐ
221 2113 472 2148 ταπεινοφροσύνης
487 2113 608 2146 μείζονος
625 2113 640 2148 ἢ
656 2112 899 2147 παραϐάλλεσθαις

111 2161 150 2187 "ll
162 2169 204 2193 γε,
219 2160 268 2194 τῆς
284 2159 384 2194 ἀρετῆς
398 2159 619 2193 προκαλουμένης
634 2159 679 2184 ἐπὶ
693 2158 732 2193 τῷ
746 2159 791 2185 καὶ
800 2158 899 2193 ἑτέρων

110 2207 158 2233 ἐπὶ
175 2205 318 2240 φιλοσοφίᾳ
333 2205 506 2239 προστατεῖν,
519 2205 567 2231 καὶ
583 2204 692 2231 πάντων
705 2205 744 2235 είς
757 2203 836 2230 τοῦτο
850 2213 901 2230 πα-

111 2251 314 2288 ρακαλούντων,
337 2250 390 2276 οὐδ’
406 2249 501 2285 ἄκροις
523 2249 574 2277 ὠσὶ
596 2250 626 2276 τὸ
643 2250 759 2285 πρᾶγμα
773 2250 899 2283 ἐδέξατο,

111 2298 184 2333 ὑπὲρ
199 2296 297 2332 ἑαυτὴν
311 2293 380 2323 εἶναι
394 2295 543 2330 νομίσασα·
559 2294 684 2327 τοσοῦτος
699 2292 734 2330 ἦν
747 2296 840 2331 ἐκείνῃ
854 2304 868 2322 τ
878 2295 901 2321 Γὖ

114 2343 229 2379 μετρίου
247 2342 337 2376 λόγος.

150 2476 176 2501 ι’,
199 2471 255 2506 Τῆς
269 2470 297 2498 δὲ
319 2471 383 2506 περὶ
406 2470 437 2497 τὸ
453 2469 528 2496 Θείον
550 2469 660 2504 ἀγάπης
687 2469 734 2496 καὶ
753 2468 832 2495 τοῦτο
855 2469 903 2504 μὲν

113 2520 252 2552 ἀπόδειξις
276 2518 412 2554 ἐναργὴς,
432 2517 462 2544 τὸ
483 2517 571 2544 πάντα
590 2518 676 2543 ταῦτα
693 2517 787 2552 φέρειν
801 2517 844 2544 διὰ
858 2518 903 2544 τὸν

113 2567 180 2601 περὶ
193 2565 274 2592 αὑτὸν
290 2565 390 2599 ἔρωτα,
404 2563 452 2589 καὶ
468 2563 505 2599 μὴ
528 2563 569 2590 ὅτι
588 2571 621 2596 γε
642 2562 831 2598 δυσχεραίνειν
848 2565 903 2595 τοῖς

113 2610 289 2647 δυσχερέσιν,
305 2610 374 2637 ἀλλὰ
389 2611 438 2636 καὶ
457 2609 643 2644 δυσχεραίνειν
658 2609 699 2635 ὅτι
715 2609 753 2644 μὴ
768 2609 853 2636 πλείω
869 2611 902 2636 τὰ

113 2658 232 2694 δυσχερῆ
243 2665 252 2674 ⁸
268 2657 316 2684 καὶ
327 2656 379 2691 πρό
390 2664 422 2690 γε
432 2655 533 2682 τούτων
543 2656 590 2682 καὶ
603 2655 672 2690 μετὰ
686 2657 789 2682 τούτων
804 2656 834 2682 τὸ
845 2657 902 2687 τοῖς

115 2703 284 2738 ὑπερφυέσιν
297 2701 453 2729 ἐπιϐάλλειν
469 2701 556 2735 άγῶσι
570 2701 616 2728 τοῦ
632 2702 700 2736 πρὸς
714 2701 796 2728 αὑτὸν
809 2702 901 2728 εἵνεκα

114 2751 212 2782 πόθου,
225 2749 273 2776 καὶ
287 2748 334 2776 νῦν
350 2750 398 2783 μὲν
411 2749 549 2783 νηστείαις
564 2747 611 2774 καὶ
623 2747 800 2783 ἀγρυπνίαις,
817 2748 862 2775 νῦν
875 2748 903 2775 δὲ

953 229 1043 256 minus
1059 234 1137 257 antea
1150 230 1307 263 obtulerat),
1324 230 1437 264 lllimqne
1454 237 1483 257 se
1500 231 1631 265 jungens,
1647 237 1675 259 et
1691 240 1738 260 co-

952 283 1023 302 mam
1041 276 1182 310 deponens
1194 296 1200 307 ,
1224 280 1307 303 totam
1324 276 1385 303 ses‘e
1400 276 1499 303 divinae
1521 276 1631 305 tradidit
1648 279 1738 312 philo-

951 321 1065 355 sophiae,
1083 321 1205 355 gaudens
1220 321 1330 356 quidem
1349 321 1456 355 sibique
1478 322 1619 355 gratulans
1634 324 1667 350 de
1681 329 1735 350 tam

952 366 1022 394 felici
1037 367 1070 394 ad
1084 374 1199 402 quaeque
1212 367 1395 401 pulcherrima
1411 374 1493 394 cursu
1506 387 1514 399 ,
1533 367 1587 395 Deo
1601 376 1665 396 vero
1676 377 1738 404 gra-

953 413 1005 441 tias
1019 421 1118 446 agens,
1137 421 1186 448 pro
1204 418 1257 441 tant
1280 413 1435 441 admirabili
1457 415 1639 449 providentia,
1655 424 1737 450 quam

951 467 1014 493 erga
1030 458 1116 493 ipsam
1138 460 1279 493 magnifice
1300 460 1503 488 demonstraret
1518 481 1525 493 ,
1549 461 1583 488 iis
1599 461 1653 488 frui
1672 466 1754 488 con-'

953 506 1068 538 cedens,
1086 513 1146 539 qum
1158 513 1172 532 a
1189 505 1324 540 principio
1340 512 1500 539 amaverat,
1517 511 1544 534 et
1560 507 1586 534 in
1605 507 1674 534 votis
1691 508 1739 534 ha-

954 552 1066 583 buerat,
1088 557 1168 585 atque
1187 552 1269 578 rebus
1289 551 1418 578 omnibus
1438 552 1501 579 aliis
1518 552 1604 586 pluris
1624 553 1738 579 fecerat.

954 596 999 624 Sic
1014 597 1096 632 igitur
1109 596 1201 622 animo
1216 600 1385 630 comparata,
1401 601 1483 630 atque
1498 604 1599 631 agones
1618 597 1739 631 philoso-

952 643 1049 678 phicos
1066 643 1200 676 ingressa,
1216 649 1269 668 non
1289 646 1417 677 tanquam
1437 642 1570 669 adversus
1585 650 1694 669 carnem
1712 647 1740 669 et

953 690 1133 723 sanguinem,
1158 688 1205 715 sed
1228 687 1360 714 adversus
1387 687 1524 722 principes
1544 692 1571 715 et
1591 693 1740 723 potestates

954 735 1126 762 tenebrarum
1143 733 1239 760 harum
1259 737 1416 766 certatura,
1439 741 1501 760 eum
1520 733 1615 760 habuit
1631 741 1740 760 succes-

953 787 1025 812 sum,
1039 784 1067 806 et
1081 779 1121 806 sie
1141 779 1247 806 labores
1263 779 1419 813 superavit,
1440 784 1469 805 ut
1488 786 1583 806 omnes
1602 779 1629 805 in
1644 783 1740 813 stupo-

953 833 1007 852 rem
1033 829 1149 852 verteret
1175 824 1459 859 admirationemque,
1485 825 1560 852 velut
1585 832 1648 859 qua:
1671 832 1740 859 pene

953 871 1070 898 hominis
1082 871 1266 898 conditionem
1281 877 1354 898 esset
1370 878 1559 906 supergressa.
1573 870 1605 897 Et
1618 871 1737 905 primum

952 917 1061 951 quidem
1077 917 1256 944 humilitatem
1271 922 1352 951 atque
1367 917 1553 948 dilectionem,
1571 917 1642 944 velut
1653 917 1740 944 bono-

953 971 1012 990 rum
1037 963 1159 990 omnium
1182 963 1385 991 eonciliatrices
1411 967 1515 991 sectala
1530 966 1591 996 est;
1615 971 1685 998 quas
1700 963 1740 989 vi—

952 1009 1034 1036 debat
1047 1017 1099 1036 non
1116 1009 1204 1037 solum
1220 1009 1326 1036 cuitctis
1340 1017 1401 1036 esse
1416 1010 1634 1043 praestantiores,
1650 1009 1696 1036 sed
1713 1013 1740 1036 et

952 1056 1130 1083 fundamenta
1148 1056 1233 1082 totius
1251 1055 1332 1090 hujus
1349 1056 1448 1082 dit-inte
1465 1055 1664 1090 philosophiae:
1683 1059 1739 1082 tum

952 1100 1016 1134 quia
1031 1100 1071 1127 sic
1087 1099 1134 1126 Dei
1152 1100 1279 1127 mandata
1300 1100 1505 1135 przecipiebant,
1521 1105 1577 1128 tum
1592 1108 1656 1135 quia
1677 1108 1740 1134 per-

952 1155 1034 1175 suasa
1046 1152 1105 1175 erat
1115 1147 1167 1176 sibi
1181 1148 1330 1176 convenire
1340 1148 1451 1176 nonnisi
1464 1148 1650 1176 fundamentis
1659 1147 1740 1184 jactis

951 1194 1099 1222 aedificare.

986 1281 1013 1308 9.
1031 1278 1086 1308 Has
1103 1288 1167 1316 ergo
1185 1281 1318 1308 maximas
1333 1279 1471 1315 longeque
1490 1280 1668 1315 dignissimas
1682 1280 1740 1307 vir-

952 1330 1025 1354 tutes
1039 1334 1099 1353 esst:
1113 1326 1304 1358 considerans,
1319 1326 1387 1353 adeo
1404 1333 1535 1360 generose
1548 1326 1650 1354 subivit
1664 1326 1740 1353 labo-

952 1380 995 1399 res
1012 1372 1232 1403 exercitationis,
1251 1372 1374 1406 adeoque
1395 1377 1468 1399 recte
1485 1372 1557 1407 egit.
1575 1378 1604 1399 ut
1620 1373 1647 1399 in
1666 1372 1739 1399 nulla

951 1426 1063 1446 suarum
1080 1418 1220 1445 actionum
1236 1413 1376 1445 deficeret.
1397 1417 1464 1445 Nam
1486 1426 1548 1445 cum
1568 1419 1630 1445 talis
1649 1423 1740 1446 tanta-

950 1473 1003 1500 que
1017 1470 1099 1496 esset,
1113 1468 1139 1491 et
1156 1464 1262 1491 eunetis
1275 1464 1442 1491 ornamentis
1472 1471 1559 1498 usque
1576 1465 1644 1491 adeo
1658 1465 1740 1492 deco-

952 1515 1021 1543 rata,
1038 1510 1206 1545 praecelleret
1217 1517 1313 1537 omnes
1329 1510 1430 1544 ingenii
1447 1510 1642 1545 perspicuitate
1655 1516 1739 1546 atque

951 1558 1119 1592 capacitate;
1141 1557 1191 1584 sibi
1216 1557 1267 1592 ipsi
1292 1557 1428 1591 persuasit
1453 1557 1532 1584 alteri
1560 1564 1620 1585 sese
1643 1562 1739 1590 sponte

951 1604 1096 1638 subjicere,
1113 1604 1192 1638 eique
1208 1603 1258 1630 soli
1274 1602 1387 1630 credere
1405 1602 1521 1630 salutent
1542 1610 1632 1630 suam.
1648 1602 1740 1636 Quare

951 1655 976 1677 et
989 1650 1119 1676 minimos
1136 1646 1272 1683 magistrae
1286 1653 1371 1676 nulus
1385 1649 1558 1679 observabat.
1573 1653 1600 1676 et
1613 1656 1647 1676 ne
1664 1649 1741 1676 vilis-

951 1696 1021 1722 sima
1036 1696 1144 1730 quidem
1159 1702 1241 1730 opera
1254 1694 1492 1729 subterfugiebat;
1508 1693 1556 1721 sed
1572 1693 1616 1721 his
1631 1701 1740 1728 quoque

951 1748 1056 1769 tantum
1073 1741 1252 1775 alliciebatur,
1269 1745 1402 1777 quantum
1422 1740 1493 1768 alius
1513 1747 1595 1767 nemo
1609 1739 1741 1775 digniori-

950 1788 1024 1815 bus:
1042 1795 1130 1823 neque
1145 1788 1233 1815 solum
1254 1795 1308 1814 non
1326 1786 1526 1821 dedignabatur
1542 1785 1574 1812 ad
1589 1783 1679 1812 lorum
1694 1785 1741 1812 de-

952 1833 1034 1864 ferre,
1056 1833 1097 1860 vel
1116 1840 1215 1859 venum
1234 1839 1390 1866 exponere,
1410 1835 1458 1858 aut
1476 1838 1567 1858 emere
1589 1837 1621 1857 ea
1641 1830 1740 1865 quibus

950 1882 1023 1905 esset
1045 1885 1114 1912 opus
1137 1876 1327 1903 communitati
1345 1896 1352 1907 .
1379 1876 1425 1903 sed
1449 1883 1538 1909 neque
1561 1875 1634 1909 ligna
1656 1874 1738 1906 ferre,

951 1922 1042 1950 focum
1062 1926 1184 1954 struere,
1206 1921 1281 1949 cibos
1298 1928 1427 1956 coquere,
1445 1925 1491 1947 aut
1508 1919 1611 1954 aliquid
1629 1919 1740 1946 omnino

950 1976 1044 1996 eorum
1060 1968 1160 1999 facere.
1178 1976 1239 2003 qua:
1258 1968 1352 1995 inlimu
1368 1967 1468 2002 cuique
1491 1970 1604 2000 possent
1623 1965 1737 1999 imponi.

952 2015 991 2043 Ad
1006 2016 1062 2043 haec
1074 2023 1136 2050 quae
1147 2023 1201 2042 non
1213 2019 1318 2042 tantum
1330 2013 1447 2048 seipsam
1460 2012 1576 2040 faciebat
1587 2011 1677 2042 nihil'.,
1692 2010 1739 2038 sed

951 2069 1070 2088 vermcm
1086 2065 1168 2096 atque
1180 2060 1356 2095 opprobrium
1368 2060 1510 2087 hominum
1525 2057 1632 2092 aliaque
1645 2056 1740 2091 hujus-

953 2107 1027 2134 modi
1042 2107 1196 2142 appellabat
1209 2113 1280 2139 sese,
1295 2105 1434 2141 quomodo
1449 2112 1502 2131 non
1516 2104 1668 2130 aestimetur
1681 2109 1740 2129 ma-

951 2154 1018 2189 joris
1034 2153 1119 2181 fuisse
1135 2152 1307 2184 humilitatis.
1320 2159 1401 2187 quam
1414 2151 1458 2178 cui
1473 2149 1739 2185 possitcomparatio

916 2199 1032 2234 Ddigna
1053 2199 1190 2226 inveniri?
1210 2198 1310 2225 Eadem
1337 2205 1402 2224 vero
1426 2204 1488 2224 cum
1515 2195 1622 2223 virtutis
1644 2196 1739 2222 merito

954 2249 1146 2280 provocaretur
1173 2244 1205 2271 ad
1234 2243 1348 2270 aliarum
1381 2243 1407 2269 in
1437 2241 1627 2277 philosophico
1651 2239 1762 2267 stadio‘

953 2290 1142 2326 prirlectnram
1158 2289 1374 2324 suscipiendam,
1387 2293 1414 2315 et
1429 2295 1525 2314 omnes
1538 2287 1613 2314 illam
1633 2286 1665 2313 ad
1687 2287 1738 2313 hoc

951 2337 1115 2370 invitarent,
1144 2344 1179 2364 ne
1203 2336 1320 2364 summis
1339 2336 1450 2370 quidem
1476 2335 1589 2362 auribus
1615 2333 1675 2368 ejus
1700 2333 1739 2360 rei

953 2382 1065 2410 admisit
1081 2383 1260 2415 mentionem,
1277 2389 1357 2416 supra
1374 2389 1434 2409 sese
1450 2381 1476 2408 id
1491 2388 1550 2408 esse
1566 2385 1643 2413 rata;
1663 2383 1739 2407 tanta

955 2428 979 2454 ei
992 2432 1051 2454 erat
1064 2427 1261 2464 mediocritatis
1275 2434 1352 2454 cura.

990 2473 1033 2500 to.
1052 2472 1158 2505 Quanta
1178 2480 1243 2507 erga
1261 2473 1344 2499 Deum
1365 2471 1483 2501 ferveret
1504 2471 1661 2501 dilectione,
1680 2470 1739 2496 evi-

955 2520 1030 2546 denti
1046 2524 1159 2554 apparet
1174 2519 1410 2547 demonstratione
1421 2526 1469 2553 per
1484 2519 1546 2549 hoc,
1562 2516 1634 2551 quod
1647 2515 1738 2542 omnia

954 2567 1005 2594 ista
1022 2574 1071 2601 pro
1086 2566 1160 2594 illius
1175 2573 1269 2593 amore
1287 2565 1380 2597 ferret,
1395 2572 1483 2600 neque
1499 2564 1525 2590 in
1540 2563 1624 2597 ipsius
1656 2560 1739 2586 mole-

955 2614 1014 2641 stiis
1028 2613 1141 2641 sentiret
1154 2614 1319 2645 molestiam,
1330 2612 1382 2641 nisi
1395 2612 1456 2647 quia
1468 2619 1519 2638 non
1532 2611 1607 2645 plura
1615 2612 1641 2635 et
1651 2606 1738 2642 magis

956 2658 1072 2686 molesta
1096 2658 1268 2693 patiebatur:
1285 2658 1414 2693 quodque
1438 2660 1535 2692 praeter
1552 2655 1603 2682 ista
1626 2657 1653 2681 et
1676 2659 1738 2678 cum

955 2705 1027 2736 istis,
1051 2711 1112 2732 sese
1131 2708 1259 2731 attereret
1276 2704 1417 2731 laboribus
1442 2699 1606 2731 immodicis,
1629 2701 1740 2733 propter

955 2756 1014 2776 eam
1032 2756 1085 2785 qua
1100 2756 1163 2784 erga
1180 2749 1270 2784 ipsum
1287 2749 1423 2777 ferebatur
1439 2746 1611 2775 charitatem.
1632 2741 1738 2771 Etenim

154 2837 186 2873 (Ι)
208 2836 307 2866 Deesse
321 2837 373 2865 hoc
397 2840 487 2864 autem
506 2835 594 2864 simile
619 2836 741 2870 verbum,
758 2844 791 2863 ex
816 2843 898 2865 sensu
919 2835 1011 2872 liquet.
