1967 3071
159 128 212 162 Ἱοῑῦ

155 189 303 224 καρτερίαν
313 197 319 206 ·
332 189 379 216 ἐπὶ
387 189 441 224 γὰρ
452 189 531 216 πέντε
545 190 591 217 καὶ
601 189 665 216 δέκα
678 190 811 220 ἐνιαυτοῖς
820 192 867 217 καὶ
880 191 948 225 πρὸς
963 196 984 223 Α

153 237 201 262 τὺν
216 236 299 263 παῖδα
316 237 346 263 τὸ
362 238 440 272 σιγᾷν
454 237 596 272 ἐκέχρητο,
609 238 657 264 καὶ
671 236 758 264 ταῦτα
772 238 832 269 ταῖς
848 238 944 269 αὑταῖς

154 283 247 318 ἐκείνῃ
269 283 398 317 χρωμένη
419 283 585 317 διατριίαῖς·
604 283 699 309 ἔπειτα
718 285 766 310 καὶ
780 284 793 310 ὁ
813 284 944 318 μέγιστος

155 330 257 360 ὲιλεῖνος
272 329 320 356 καὶ
331 330 422 355 πᾶσαν
439 328 612 360 ἀντεξέτασεν
623 329 797 364 ὑπερὸαίνων
813 330 881 365 πρὸς
898 330 944 356 τὸν

155 375 279 410 χειμῶνα
305 375 360 401 τῶν
389 374 528 409 στοιχείων
554 374 639 408 ἀγών.
668 375 746 401 Οὕτω
768 374 813 402 διὰ
836 375 945 402 πάντων

155 422 275 453 ὑπέταξε
292 421 341 457 τὴν
355 421 443 456 σάρκα
462 421 501 456 τῷ
519 422 664 456 πνεύματι,
682 422 728 448 καὶ
749 422 786 458 μὴ
805 422 883 456 μόνον
895 421 946 456 ἄρ·

155 477 203 503 γον
219 467 346 501 καθάπαξ
370 467 521 503 ἀπέφηνεν,
538 467 607 494 ἀλλὰ
625 468 671 494 καὶ¹
687 468 758 494 κατὰ
773 468 803 494 τὺ
816 468 946 503 φρόνημα

154 514 201 542 τοῦ
214 515 368 549 πνεύματος
385 511 437 549 ἦγε
449 513 494 540 τοῦ
512 514 584 541 κατὰ
607 514 689 548 φύσιν
705 515 875 549 ὲκστήσασα.
892 514 947 540 Καὶ

155 561 211 592 τοῖς
229 560 278 595 μὲν
293 560 383 590 ἄλλοις
400 560 543 594 ἀγαπητδν
556 560 586 586 τὺ
603 561 640 595 μὴ
657 561 717 591 ταῖς
732 561 833 595 σαρκὸς
852 560 947 586 ἐπιθυι

157 607 232 642 μίαις
244 606 293 642 τὴν
305 606 394 642 ψυχὴν
405 606 576 639 ὑπάγεσθαι·
588 606 714 641 Θεοδώρᾳ.
728 606 756 632 δὲ
771 606 873 637 οὐκέτι,
889 606 947 633 ἀλλ’

155 655 180 680 εἰ
198 654 235 688 μὴ
248 654 294 680 καὶ
308 653 357 688 τὴν
372 653 460 688 σάρκα
474 653 637 688 μεταϐάλλοι
652 653 702 688 τὴν
719 652 811 687 φύσιν,
829 654 874 679 καὶ
888 654 948 685 ταῖς

155 699 316 734 ἐπιθυμίαις
335 699 381 726 τοῦ
406 699 563 734 κρείττονος
585 699 699 726 ἔπεσθαι
721 700 946 734 παρασκευάσαι,

154 746 206 772 οὐκ
223 745 336 772 ἀνεκτὸν
352 744 413 772 οὐδὲ
427 745 496 781 πρδς
511 746 596 780 αὐτῆς
614 746 718 780 ἡγεῖτο.

192 795 237 826 ιγ’.
260 791 401 819 Ἐντεῦθεν
417 792 464 819 καὶ
483 792 660 827 σωφροσύνης
676 791 748 819 οὕτω
765 792 833 828 μετὰ
850 792 948 819 πολλοῦ

156 838 299 872 περιόντος
327 839 367 869 εἰς
393 839 478 873 ἄκρον
503 839 607 874 ἦλασε·
631 839 661 865 τὸ
676 839 730 874 γὰρ
750 839 795 866 τδν
819 839 867 874 μὲν
887 839 948 867 νοῦν

154 868 210 912 τῶν
232 868 326 912 παθιῦν
342 868 533 921 αιίτοκράτορα
558 868 740 920 καταστῆσαι,
753 868 898 920 αἰσθησεις
921 885 949 912 δὲ
966 868 985 895 Β

156 932 201 959 καὶ
214 931 263 967 τὴν
280 931 404 958 ἐντεὺθεν
418 932 541 966 ἀνάγκην
557 931 629 958 οὕτω
647 932 778 966 ρυΟμίσαι
790 933 837 959 καὶ
858 941 950 959 κατοι-

155 977 268 1011 στεῖλαι,
286 977 323 1009 ὼς
340 978 411 1013 μήτε
443 978 498 1008 τοῖς
516 977 668 1013 ὀφθαλμοῖς
683 978 722 1009 εἰς
737 978 755 1005 ἃ
772 978 809 1012 μὴ
827 978 950 1013 προσῆκε

156 1023 316 1058 κεχρῆσθαι.
336 1024 405 1058 μήτε
422 1024 508 1058 ἀκοὴν
519 1024 635 1058 ἑτέροις,
651 1024 743 1057 μόνοις
757 1024 786 1050 δὲ
805 1026 860 1054 τοῖς
876 1024 952 1050 λυσι-

156 1069 333 1100 τελεστάτοις
348 1070 482 1103 ἀνοίγειν,
497 1071 543 1097 καὶ
556 1071 624 1101 ὅλως
639 1070 731 1102 πάσας
745 1071 792 1102 τὰς
810 1069 952 1103 αἰσθήσεις

157 1115 228 1142 κατὰ
240 1115 270 1141 τὸ
283 1115 378 1141 δοκοῦν
392 1116 469 1149 ἄγειν
482 1116 522 1150 τῷ
537 1115 585 1150 νῷ,
600 1115 613 1142 ὅ
626 1116 676 1150 τῆς
695 1116 826 1151 μεγίστης
844 1123 952 1148 σωφρο.⁶

159 1160 243 1195 σύνης
257 1161 319 1195 ὅρον
335 1161 456 1192 ἅπαντες
467 1161 559 1195 ἴσμεν,
572 1162 625 1188 τίνι
636 1162 688 1188 τῶν
699 1161 786 1187 ἄλλων
798 1161 845 1187 καὶ
859 1161 950 1187 πάντα

156 1207 205 1233 καὶ
222 1205 282 1240 μεθ’
294 1206 450 1242 ὑπερϐολῆς
465 1206 537 1233 οὕτω
549 1206 747 1241 κατώρθωται;
765 1206 844 1233 οὕτω
860 1207 952 1232 τοίνυν

155 1252 256 1284 τελέως
269 1252 411 1288 ἀποστάσῃ
425 1252 479 1278 τῶν
494 1252 646 1287 σαρκικῶν,
663 1253 710 1280 καὶ
724 1253 770 1279 τὸν
783 1253 846 1287 περὶ
863 1251 951 1278 ταῦτα

157 1297 250 1325 πᾶσαν
277 1298 468 1332 προσπὰθειαν
492 1299 540 1332 ἀφ’
560 1299 660 1333 ἑαυτῆς
682 1298 812 1330 καθάπαξ
833 1306 952 1332 ποιησα-

159 1344 238 1378 μένη,
258 1344 305 1370 καὶ
320 1343 394 1370 τοῦτ’
410 1344 522 1375 εἰκότως
539 1345 568 1376 ἐξ
584 1345 708 1379 ἀνάγκης
722 1344 841 1379 ἀπήντα,
861 1344 952 1378 μόνων

158 1388 206 1423 μὲν
222 1388 351 1422 γενέσθαι
366 1389 422 1415 τῶν
441 1390 506 1423 περὶ
522 1389 552 1415 τδ
573 1389 652 1416 Θεῑον
669 1388 789 1424 ἐρώτων,
802 1389 849 1415 καὶ
868 1389 952 1423 μόνης

157 1434 328 1469 ἐξηρτῆσθαι
344 1436 394 1469 τῆς
415 1434 520 1461 ἐκεῖθεν
538 1434 659 1465 ἀκτῖνος,
675 1433 783 1468 ἐρῶσαν
800 1433 828 1460 δὲ
841 1433 883 1459 ἀεὶ
896 1435 953 1464 τοῖς

158 1480 303 1514 λογισμοῖς
325 1480 533 1515 συντυγχάνειν,
559 1479 607 1505 καὶ
631 1479 756 1514 καθαρὰν
777 1480 815 1514 τῷ
840 1479 952 1514 καθαρῷ

157 1525 346 1560 συγγὶνεοθαι,
367 1526 416 1552 καὶ
437 1525 491 1553 τῶν
512 1525 618 1552 ἐκεῖθεν
646 1525 759 1560 ἀγαθῶν
785 1525 946 1558 ἀπολαύειν,
962 1540 983 1567 c

156 1572 347 1599 ἀπολαύουσαν
370 1573 398 1600 δὲ
418 1573 606 1605 διπλασιάζειν
626 1570 706 1604 αὖθις
725 1572 755 1599 τὸ
779 1572 844 1606 περὶ
867 1571 949 1598 αὑτὸν

156 1619 278 1655 φίλτρον,
294 1618 388 1655 ὥσπερ
404 1620 433 1646 ὲν
442 1620 545 1656 κύκλῳ.

796 133 883 164 Vl'l‘A
903 134 932 164 Ξ,
949 135 1052 165 ΤΗΕΟ
1058 135 1168 166 DOR/E

1737 138 1790 169 766

1001 194 1128 228 quamvis
1147 194 1173 221 in
1192 195 1287 221 eodem
1303 202 1365 221 cum
1381 195 1439 228 ipsa
1455 195 1565 223 virtutis
1577 195 1666 223 stadio
1682 203 1792 223 exerce-

998 244 1084 267 retur.
1102 240 1174 267 Idem
1189 245 1305 267 testatur
1323 241 1441 268 maxima
1455 246 1482 268 et
1496 242 1571 269 omni
1584 243 1792 276 comparatione

998 286 1084 320 major
1101 287 1176 313 lucta
1198 284 1329 314 advenis
1353 287 1546 322 intemperiem
1568 288 1791 317 elementorum:

998 340 1108 359 carnem
1124 341 1241 367 namque
1253 333 1362 368 spiritui
1378 334 1545 362 omnimodis
1559 335 1688 367 subjecit,
1700 342 1791 370 neque

999 383 1152 413 promptam
1177 379 1311 406 duntaxat
1340 379 1435 407 habuit
1464 384 1490 407 et
1516 381 1729 415 obsequentem,
1746 382 1791 408 sed

997 424 1079 451 etiam
1093 424 1201 458 spiritui
1217 426 1446 458 consentientem,
1460 431 1590 460 tanquam
1607 432 1712 454 natura:
1725 434 1793 454 con-

998 470 1128 497 ditionem
1155 478 1278 505 egressa.
1304 472 1371 499 Nam
1395 472 1456 499 aliis
1484 473 1594 507 quidem
1619 473 1738 507 optabile
1753 480 1793 501 est

999 517 1233 550 concupiscentiis
1251 518 1345 545 carnis
1363 526 1417 545 non
1432 518 1531 552 subjici
1548 519 1690 553 spiritum;
1705 519 1796 546 Theo-

999 563 1072 589 dorte
1095 567 1186 590 autvm
1210 571 1387 598 nequaquam
1411 564 1538 591 sullicere
1560 565 1650 592 visum
1667 571 1721 596 est,
1741 566 1793 592 nisi

1001 609 1087 643 ipsius
1102 609 1195 636 carnis
1213 610 1372 637 immutaret
1389 617 1528 641 naturam.
1545 617 1572 638 et
1589 612 1677 646 ipsatu
1694 612 1794 639 faceret

1000 655 1073 682 ultro
1091 654 1124 682 ad
1143 655 1257 683 meliora
1275 655 1352 684 ferri.

1038 789 1082 817 l5.
1102 788 1160 817 Hoc
1172 797 1237 825 ergo
1253 791 1334 818 modo
1348 791 1380 818 ad
1398 793 1583 827 temperantia:
1599 793 1705 820 culmen
1733 801 1796 828 pcr-

1002 836 1096 864 venit:
1119 836 1163 863 cui
1188 837 1260 863 enim
1281 837 1398 864 aliarum
1422 838 1537 873 contigit
1559 838 1611 865 sibi
1633 844 1795 872 comparare

1003 886 1057 908 tam
1075 882 1232 909 absolutum
1249 881 1425 910 affectionum
1438 883 1603 918 imperium;
1619 891 1719 911 sensus
1731 891 1796 910 vero

1001 934 1152 963 eorumque
1168 928 1324 956 violentiam
1337 929 1376 957 sic
1392 936 1533 960 coercere,
1553 934 1580 955 ut
1599 936 1687 963 neque
1705 929 1794 956 oculis

1002 981 1092 1008 neque
1109 974 1224 1000 auribus
1244 974 1431 1007 permittatur,
1452 975 1513 1002 aliis
1531 975 1622 1006 rebus,
1638 982 1719 1008 quam
1737 975 1796 1009 qui-

1002 1021 1054 1047 bus
1068 1020 1209 1051 couveuit,
1220 1021 1369 1053 interesse;
1386 1021 1432 1047 sed
1446 1020 1513 1048 solis
1527 1021 1639 1048 utilibus
1652 1021 1796 1055 congruis-

1002 1073 1055 1100 que
1078 1070 1189 1100 patere,
1218 1074 1307 1102 neque
1329 1066 1408 1093 aliter
1422 1067 1536 1094 omnino
1553 1074 1634 1101 quam
1659 1067 1796 1102 quomodo

1003 1119 1081 1138 mens
1097 1113 1271 1139 constituerit
1288 1114 1341 1148 agi,
1359 1113 1431 1148 quod
1445 1120 1506 1140 csse
1522 1121 1681 1147 supremum
1695 1117 1796 1147 tempe-
1825 1136 1830 1140 ,

1003 1158 1099 1185 ranliaa
1122 1159 1227 1193 apicem
1245 1166 1341 1186 omnes
1365 1159 1512 1186 novimus?
1537 1159 1595 1194 Ipsa
1614 1165 1703 1186 autem
1726 1159 1796 1185 adeo

1003 1204 1126 1239 perfecte
1148 1205 1286 1231 carnalem
1306 1212 1417 1232 omnem
1431 1205 1605 1232 aﬂ'ectionem
1625 1205 1711 1237 exuit,
1728 1205 1797 1231 adeo

1004 1252 1083 1287 longe
1095 1259 1109 1278 a
1125 1259 1154 1278 se
1167 1252 1319 1278 naturalem
1333 1251 1366 1278 ad
1377 1259 1424 1278 eas
1436 1251 1645 1286 propensionem
1668 1252 1794 1282 removit.

1003 1302 1034 1325 ut
1049 1302 1147 1332 sponte
1163 1298 1291 1332 ultroque
1304 1298 1328 1324 ei
1345 1302 1512 1328 occurreret,
1531 1298 1596 1324 solis
1610 1297 1720 1332 quidem
1733 1305 1797 1332 erga

1004 1350 1048 1369 res
1068 1342 1174 1370 divinas
1194 1343 1336 1369 amoribus
1358 1343 1504 1377 occupari,
1521 1348 1547 1370 et
1563 1350 1657 1369 earum
1678 1350 1796 1370 corusco

1003 1388 1100 1415 lumini
1121 1389 1225 1416 haerere
1242 1388 1348 1414 aﬂixam
1361 1409 1367 1421 ,
1390 1393 1526 1415 amantem
1544 1397 1608 1415 vero
1625 1395 1687 1415 cum
1706 1393 1798 1415 alnato

1006 1434 1060 1461 Deo
1076 1442 1184 1468 semper
1207 1435 1366 1461 conversari
1386 1439 1478 1461 mente
1490 1455 1496 1465 ,
1513 1441 1598 1468 seque
1617 1442 1712 1468 puram
1728 1442 1798 1468 puro

1004 1482 1144 1516 applicare
1155 1500 1162 1512 .
1184 1487 1211 1508 et
1226 1481 1305 1508 bonis
1323 1481 1384 1515 ejus
1401 1480 1474 1513 frui;
1493 1480 1626 1508 fruentem
1642 1488 1724 1516 porro
1739 1487 1799 1506 rur-

1005 1535 1068 1555 sum
1089 1527 1249 1562 duplicare,
1268 1527 1342 1554 velut
1360 1535 1408 1561 per
1422 1526 1571 1560 circulum,
1592 1527 1635 1553 sui
1651 1534 1714 1562 erga
1734 1533 1798 1554 euut

1005 1573 1109 1601 amoris
1119 1572 1259 1600 ardorem.

878 1686 995 1715 CAPUT
1019 1685 1065 1714 Ill.

487 1745 610 1773 Laudum
625 1745 654 1773 S.
673 1745 819 1772 Theodorei
834 1745 955 1780 lynopsis
973 1750 998 1772 et
1015 1752 1075 1772 cum
1095 1744 1158 1771 alii:
1169 1744 1272 1772 mnm’s
1286 1744 1462 1779 comparatio.

193 1803 233 1831 ιδ’.
255 1801 344 1834 Οὕτω,
361 1798 383 1828 ὦ
402 1801 463 1829 θεία
483 1802 606 1836 κεφαλήῐ
625 1802 669 1828 δια
688 1802 797 1828 πάντων
816 1802 870 1828 τῶν
888 1801 951 1836 βελ-

157 1850 275 1882 τίστων,
299 1851 347 1876 καὶ
374 1849 451 1883 παρὶι
475 1848 534 1883 Θεῷ
561 1849 609 1875 καὶ
635 1848 791 1883 ἀνθρώποις
820 1848 949 1883 μεγάλων

158 1896 317 1931 ἀξιωμένων
334 1895 522 1930 πραγμάτων,
543 1896 613 1929 μετὰ
643 1894 742 1921 πολλοῦ
759 1895 805 1921 τοῦ
825 1895 950 1930 μείζονος

156 1940 237 1978 ἧκες,
252 1943 299 1969 καὶ
315 1941 386 1969 κατὰ
396 1941 493 1968 πασῶν
504 1943 532 1968 ὲν
543 1941 649 1971 τούτοις
661 1941 693 1967 τὸ
705 1941 807 1976 κράτος
819 1941 934 1975 εἴληφας
944 1950 950 1955 ·

157 1988 221 2016 οὔτε
235 1989 289 2024 γὰρ
306 1988 389 2020 ἔστιν,
402 1988 452 2014 οὐκ
470 1987 544 2014 ἐστιν
562 1987 664 2022 ἀρετῆς
678 1984 748 2018 εἶδος
764 1987 852 2019 οὐδὲν,
869 1983 898 2012 οὗ
916 1988 953 2021 μὴ

161 2037 285 2070 μετεῖχες
307 2035 503 2069 διαφερὸντως,
523 2035 572 2060 καὶ
589 2035 694 2065 πάντας
720 2034 784 2066 τοὺς
800 2033 953 2068 ἀκολουθή-

1043 1801 1088 1828 H.
1108 1800 1160 1827 Per
1176 1803 1269 1830 omnia
1285 1803 1387 1837 itaque,
1405 1809 1422 1829 ο
1437 1803 1551 1829 charum
1565 1803 1619 1830 Deo
1637 1807 1729 1838 caput,
1746 1810 1803 1831 rma

1005 1847 1100 1874 litibus
1137 1848 1351 1883 hominibusque
1378 1849 1560 1883 aestimabilia,
1578 1854 1605 1876 et
1626 1851 1652 1877 in
1673 1851 1801 1878 omnibus

1008 1894 1090 1927 longe
1106 1896 1207 1928 primas
1224 1895 1388 1923 obtinuisti:
1408 1888 1496 1931 neque
1516 1903 1588 1923 enim
1606 1896 1658 1923 fuit
1674 1897 1727 1923 ulla
1745 1897 1800 1924 vir-

1009 1942 1076 1968 tutis
1095 1941 1209 1976 specics,
1227 1950 1309 1977 quam
1327 1951 1380 1969 non
1397 1943 1570 1978 acquisieris,
1588 1943 1670 1978 idque
1690 1944 1802 1971 diverso

1003 1988 1038 2014 ab
1053 1988 1113 2015 aliis
1130 1989 1228 2020 modo,
1252 1992 1278 2015 et
1296 1989 1367 2016 ultra
1384 1997 1466 2024 quam
1483 1989 1583 2024 aliquis
1606 1996 1668 2024 post
1684 1998 1802 2025 sequer

1002 2033 1083 2060 tium.
1106 2033 1167 2060 Sola
1188 2034 1289 2069 quippe
1313 2035 1457 2069 complexa
1475 2043 1522 2068 es,
1545 2029 1605 2069 quae
1624 2036 1730 2070 singula
1748 2043 1798 2068 po-

160 2090 270 2114 σαντας,
299 2082 347 2108 καὶ
377 2081 444 2116 μόνη
473 2080 638 2116 συνείληφας
659 2080 676 2107 a
701 2081 757 2112 τοῖς
781 2080 873 2111 ἄλλοις
901 2079 949 2116 ἰδίᾳ

1005 2079 1120 2106 luissem
1134 2078 1196 2106 aliis
1209 2087 1258 2114 pro
1279 2083 1379 2106 ornatu
1395 2080 1534 2110 suliicere;
1553 2088 1584 2107 ex
1607 2080 1715 2115 illisque
1733 2085 1801 2115 pro'

158 2129 261 2161 κόσμος
281 2128 473 2154 καθέστηκεν·
497 2127 526 2159 ἐξ
551 2124 589 2154 ὧν
610 2136 643 2161 γε
667 2127 776 2153 πάντων
803 2127 949 2161 μοναδικήν

1006 2125 1093 2160 priam
1116 2126 1264 2160 quamdam
1284 2126 1530 2160 admirabileinque
1554 2126 1754 2158 Substantiam,
1772 2131 1800 2153 et

158 2183 221 2201 τινα
243 2175 291 2201 καὶ
322 2174 402 2208 ξένην
425 2174 519 2201 οὐσίαν
549 2172 651 2204 καλοῦ,
681 2172 831 2207 συμπάσης
850 2173 949 2207 ἀρετῆς

1007 2172 1160 2206 omnigva
1189 2172 1296 2199 virtutis
1325 2172 1513 2199 habitaculum
1542 2172 1674 2206 elfecisti;
1700 2172 1799 2204 vitam,

159 2221 263 2254 ἑστίαν,
288 2221 334 2246 τὸν
361 2220 463 2254 σαυτῆς
491 2219 657 2251 ἀποδείξασα
682 2218 739 2253 βίον
767 2219 835 2245 πᾶσι
859 2218 949 2253 παρά-

1006 2219 1132 2253 inquam,
1154 2223 1245 2250 tuam,
1269 2219 1378 2246 cunctis
1398 2218 1425 2246 in
1444 2219 1599 2253 exetnplum
1616 2219 1797 2254 propositam,

160 2265 259 2299 δειγμα
283 2264 454 2300 προύθηκας,
475 2265 506 2290 ὲκ
521 2263 643 2298 κεφαλῆς
665 2263 705 2294 εἰς
728 2264 812 2295 πόδας
832 2264 862 2290 τὺ
887 2263 951 2299 περὶ

159 2311 250 2337 πάντα
265 2310 408 2345 γινόμενον
432 2309 563 2342 σώζοντα.
585 2310 624 2335 Οὐ
644 2310 697 2344 γὰρ
713 2309 760 2335 νῦν
779 2310 840 2343 μὲν,
865 2310 912 2337 νῦν
929 2309 952 2336 δ’

159 2356 205 2383 οὗ·
223 2357 284 2383 οὐδὲ
308 2356 359 2383 νῦν
374 2356 424 2390 μὲν
438 2356 549 2390 μᾶλλον,
564 2356 611 2382 νῦν
624 2356 646 2382 δ’
658 2353 739 2390 ἦττον
755 2356 891 2392 (καθάπερ
906 2356 953 2383 ἄλ-

160 2402 217 2433 λοις
228 2402 299 2429 τισὶν
312 2401 462 2436 ἐξεγένετο)
491 2402 570 2434 λόγον
597 2402 675 2436 ἔσχες
700 2402 748 2436 τῆς
779 2402 879 2437 ἀρετῆς
905 2402 952 2429 καὶ

159 2448 208 2475 τοῦ
233 2448 293 2476 κατ’
318 2449 403 2482 αὐτὴν
428 2448 595 2475 πολιτεύειν·
619 2448 678 2474 οὐδὲ
701 2448 755 2474 τῶν
775 2449 824 2484 μὲν
851 2448 952 2484 ταύτης

159 2493 249 2526 εἰδῶν,
266 2493 320 2519 τῶν
336 2493 358 2519 δ’
379 2492 409 2519 οὔ
421 2501 427 2508 ·
444 2493 504 2519 οὐδὲ
521 2494 574 2519 τῶν
590 2494 640 2528 μὲν
663 2493 779 2527 μᾶλλον,
796 2493 849 2520 τῶν
865 2492 886 2521 δ’
900 2491 950 2530 ἦτ-

160 2549 206 2566 τον
221 2548 227 2554 ·
244 2540 302 2566 ἀλλ’
314 2539 342 2571 ἐξ
358 2539 412 2573 ἄρα
429 2539 549 2574 πρώτης,
565 2540 602 2571 ὠς
619 2540 717 2571 εἰπεῖν,
734 2539 783 2575 τῆς
794 2541 886 2575 τριχὸς
905 2540 952 2567 καὶ

161 2587 312 2621 προοιμίων
328 2586 426 2617 αὐτῶν,
446 2586 526 2620 μέχρι
550 2587 595 2612 καὶ
616 2585 702 2620 μυχοῦ
722 2587 814 2621 γήρως
834 2587 880 2612 καὶ
897 2587 951 2613 τῶν

164 2632 299 2666 ἐπιλόγων
315 2632 361 2658 τοῦ
378 2631 448 2666 βίον,
465 2632 572 2658 πάντων
588 2631 715 2664 καθάπαξ
729 2633 774 2658 καὶ
792 2632 851 2666 μεθ’
869 2632 952 2667 ὑπερ-

160 2677 242 2712 ῦολῆς
261 2677 315 2704 τῶν
333 2677 477 2712 βελτίστων
492 2676 608 2712 ἀκριῆὴς
630 2677 734 2711 ἐφάνης
749 2677 886 2712 ἐργάτης,
903 2677 951 2704 καὶ

164 2723 233 2758 μὸνη
243 2723 320 2759 παρὰ
334 2723 426 2750 πασῶν
442 2724 470 2748 ὲν
486 2724 568 2750 πᾶσιν
583 2723 660 2758 ἔσχες
674 2723 705 2749 τὺ
718 2723 931 2758 συγκεχωρηκὸς
941 2743 949 2756 ,

161 2769 233 2796 οὓτω
249 2769 291 2795 διὰ
309 2769 418 2795 πάντων
432 2768 570 2800 ἀνεφάνης
583 2767 697 2793 νικῶσα.

199 2813 238 2842 ιε’.
254 2815 291 2842 Οὐ
307 2815 362 2849 γὰρ
374 2813 453 2842 εὐθὺς
467 2814 515 2846 μὲν
528 2814 559 2840 ἐκ
575 2814 668 2844 ποιᾶς
680 2813 804 2844 τοσοῦτος
815 2811 848 2848 ἦν
858 2814 950 2850 ἐκείνῃ

161 2861 239 2896 λόγος
256 2861 305 2896 τῆς
323 2861 351 2887 ἐν
365 2860 438 2896 ψυχῇ
457 2861 514 2887 κατ’
533 2859 634 2895 ἀρετὴν
654 2860 794 2894 ἐργασίας,
809 2861 893 2887 ἐπειδ¹
913 2861 935 2887 ὼ

1007 2270 1162 2299 cunctaque
1178 2265 1300 2291 membra
1315 2272 1330 2291 a
1345 2265 1433 2299 capite
1445 2272 1531 2299 usque
1543 2265 1575 2292 ad
1592 2265 1672 2299 pedes
1687 2272 1800 2292 servan-

1007 2314 1072 2337 tctn.
1088 2310 1141 2337 Nec
1154 2311 1227 2337 enim
1244 2310 1326 2337 modo
1339 2310 1451 2345 quidem
1465 2310 1515 2342 sic,
1533 2310 1613 2337 modo
1626 2315 1717 2337 autem
1732 2318 1797 2343 non;

1006 2356 1048 2383 vel
1066 2356 1148 2383 modo
1163 2355 1271 2387 minus,
1290 2356 1370 2383 modo
1387 2356 1474 2391 magis
1492 2356 1532 2391 (ut
1555 2357 1718 2390 quibusdam
1739 2356 1800 2383 aliis

1006 2403 1076 2430 solet
1097 2402 1277 2437 contingere)
1300 2401 1393 2428 virtuti
1417 2401 1617 2436 consequenda
1642 2402 1802 2437 impendiin

1007 2453 1050 2481 te;
1067 2455 1155 2482 neque
1173 2448 1240 2481 unis]
1256 2448 1365 2483 quidem
1390 2447 1464 2475 illius
1488 2448 1632 2482 speciebus
1652 2447 1798 2480 llllmeiSli,

1007 2495 1076 2522 alias
1099 2500 1190 2521 autent
1209 2494 1372 2529 neglexisti;
1396 2499 1444 2521 aut
1468 2494 1530 2522 tlnis
1546 2495 1720 2526 contentius,
1736 2493 1799 2520 aliis

1005 2541 1148 2568 remissius
1161 2545 1185 2567 te
1195 2540 1349 2576 applicuisti
1362 2549 1370 2573 ;
1384 2540 1432 2567 sed
1447 2548 1460 2566 a
1474 2540 1587 2573 teneris,
1601 2545 1628 2568 ut
1639 2540 1678 2567 sic
1690 2539 1797 2574 loquar,

1007 2587 1163 2623 unguiculis
1181 2587 1306 2622 ipsisque
1321 2587 1383 2614 vitae
1399 2587 1567 2621 primordiis,
1585 2594 1672 2621 usque
1689 2587 1724 2613 ad
1738 2586 1798 2620 epi-

1006 2635 1098 2669 logum
1113 2634 1172 2669 ejus
1182 2639 1208 2661 et
1223 2639 1373 2661 extremam
1387 2639 1568 2666 senectuti-tn,
1579 2635 1701 2667 omnium
1713 2634 1796 2661 simul

1006 2681 1157 2711 bonorum,
1182 2680 1264 2715 idque
1296 2681 1530 2708 excellent'ssimo
1558 2681 1677 2714 quodam
1703 2680 1795 2712 modo,

1006 2725 1143 2760 operatrix
1164 2724 1258 2757 fuisti,
1275 2729 1302 2752 et
1320 2725 1377 2752 sola
1397 2726 1424 2752 in
1441 2725 1568 2753 omnibus
1585 2731 1667 2759 atque
1683 2725 1717 2752 ab
1734 2732 1796 2753 0m-

1005 2772 1087 2799 nibus
1102 2771 1205 2803 primas
1219 2771 1317 2799 tulisti.

1034 2816 1077 2843 l5.
1099 2814 1157 2842 Non
1173 2816 1244 2843 enim
1266 2816 1311 2843 hic
1330 2817 1378 2844 tibi
1395 2817 1427 2844 ab
1449 2816 1562 2843 infantia
1587 2815 1697 2850 quidem
1715 2823 1790 2843 exer-

1005 2862 1097 2891 cenda:
1109 2861 1162 2890 fuit
1181 2862 1290 2890 virtutis
1305 2863 1385 2895 ratio,
1413 2867 1555 2898 postquam
1574 2867 1665 2890 autem
1684 2862 1794 2899 alligata
