1967 3071
156 151 209 184 7-69

779 151 868 183 VlTA
888 152 919 183 S.
941 152 1172 184 THEODORA‘}.

1732 154 1786 187 770

157 217 216 240 κεν,
230 207 305 234 οὐδὲν
319 207 388 244 πρὸς
402 208 541 243 τδνιλόγον
551 217 557 224 ·
571 208 586 235 ὃ
600 207 655 243 γὰρ
669 208 765 235 τούτου
783 209 873 244 πολλῷ
890 210 950 244 μεῖο

1007 210 1163 244 decertavit,
1175 215 1205 238 ut
1216 210 1378 239 admirabile
1392 211 1478 246 ipsius
1486 211 1627 239 silentium
1641 211 1788 248 ipsumque

157 253 221 284 ζον.
237 254 306 289 πρὸς
322 253 418 289 ἄγριον
437 255 539 281 τούτων
561 254 682 290 χειμῶνα
696 254 744 282 καὶ⁵
757 255 806 289 τὴν
819 254 946 281 ἐντεῦθεν

1000 256 1129 283 comitata
1148 257 1269 291 prodigia
1288 262 1404 284 taceam.

158 299 283 334 ἀνάγκην
304 300 375 335 μετὰ
396 300 495 327 πολλοῦ
515 300 562 327 τοῦ
584 302 726 336 περιόντος
741 301 947 336 ἀπεμαχέσατο.
968 302 1022 328 Καὶ
1045 305 1139 330 σιωπῶ
1159 304 1208 339 τὴν
1228 305 1354 339 ὑπερφυῆ
1374 305 1496 341 σιωπὴν,
1523 305 1571 332 καὶ
1609 305 1668 341 μετ’
1703 307 1788 341 αὐτὴν

160 346 303 380 τεράστια.

197 397 243 429 ιη’.
265 393 325 421 Ἰὼσ
339 395 389 429 τὴν
405 396 469 430 περὶ
482 395 516 422 τὰ
531 395 605 422 δεινὰ
622 396 770 431 καρτερίαν
787 396 951 431 θαυμάσασα

162 440 289 466 τοσοῦτον
306 440 516 474 ύπερεὸάλλετο,
532 441 594 467 ὅσον
606 441 620 467 ό
636 441 684 476 μὲν
698 441 744 467 ἐπὶ
763 441 878 476 σμικρὸν
888 442 953 477 χρό-

162 493 216 518 νον,
236 486 252 520 ή
273 485 302 512 δὲ
317 485 360 512 διὰ
378 486 437 521 βίου
458 486 558 518 παντὸς
577 487 680 521 ταύτην
703 487 888 527 κατώρθωσε,
905 489 953 515 καὶ

161 530 274 565 προσέτι
285 539 292 546 ·
312 531 359 557 καὶ
381 528 419 558 ὧν
434 532 537 563 ἐκεῖνος
552 532 601 566 οὐχ
624 531 695 558 ἑκὼν
711 532 869 567 ἐγυμνώθη,
888 532 952 559 τού-

159 583 215 602 των
232 575 337 611 ἀπέστη
353 577 408 608 τοῖς
424 577 521 612 πένησι
537 577 673 613 Θεοδώρα,
689 578 803 613 μηδενὸς
817 577 893 609 ὄντος
906 578 963 605 τοῦ-

161 619 332 655 βιαζομένου.
351 620 442 648 Ἠλίου
457 622 507 658 τὴν
519 622 637 657 ἐρημίαν
651 622 697 649 καὶ
711 623 760 657 τὴν
775 623 898 649 ἐντεῦθεν
909 631 954 657 φι-

160 664 291 698 λοσοφίαν
312 666 416 700 μεταξὺ
433 667 539 693 πολλῶν
554 667 742 702 κατωρθώκει,
758 667 796 699 ὡς
816 670 863 694 καὶ
879 668 951 695 κατὰ
981 663 986 667 ’

159 710 206 738 τὸν
220 711 304 738 Δαϐὶδ
325 712 415 746 λέγειν
433 712 523 748 ἐχειν,
549 722 559 740 ι
584 714 748 749 Καταμόνας
767 715 826 749 είμὶ
851 714 917 748 ἐγώ.
938 723 947 740 ι

167 755 235 782 Ἀλλ’
249 757 280 783 οὐ
300 758 437 793 κεκήρυξε
454 758 504 794 μὲν
526 758 624 793 ’Λμνδν
644 759 691 785 τοῦ
707 759 775 786 Θεοῦ
788 779 795 791 ,
815 760 885 786 κατὰ
905 759 950 786 τὸν

168 800 293 836 Ἰωάννην
302 810 310 817 ·
325 802 376 836 τὴν
387 803 415 829 δὲ
426 803 532 829 ἐκείνου
546 803 709 838 φιλοσοφίαν
721 805 759 839 (ρ)
774 804 801 830 εἰ
812 813 854 835 τις
867 813 952 839 μιμη-

162 847 266 882 σαμένη
283 847 392 880 ἐδέξατο
401 848 508 881 τοῦτον,
523 849 571 876 καὶ
585 849 652 881 νεὼς
667 850 774 884 ἐγένετο
786 850 866 882 θεῖος,
880 850 894 876 ὃ
904 851 951 876 τοῦ

163 893 279 927 κηρύξαι
293 893 368 920 οὐδὲν
394 894 504 920 ἔλαττον
518 894 555 926 ὥς
570 895 596 929 γ’
610 895 665 929 ἐγὼ
695 895 807 930 νομίζω.
822 896 852 922 El
867 896 894 922 δὲ
913 897 951 931 μὴ

162 940 209 966 καὶ
234 941 303 966 κατὰ
321 941 385 972 τοὺς
411 941 577 973 ἀποστόλους
603 942 692 969 πᾶσαν
714 942 764 976 τὴν
788 943 951 978 οίκουμένην

161 985 240 1022 διῄει,
265 987 299 1014 τὰ
322 987 444 1023 σωτήρια
460 988 544 1014 πᾶσιν
562 987 720 1014 ύποτιθεῖσα
732 996 740 1004 ·
765 988 822 1014 ἀλλ’
842 986 882 1020 οἷς
902 989 949 1014 καὶ

162 1033 250 1068 λόγοις
273 1036 323 1069 μὲν
341 1035 416 1062 ἔστιν
431 1036 486 1068 ὅτε,
505 1035 595 1070 πολλῷ
609 1035 636 1062 δὲ
653 1035 734 1062 πλέον
749 1037 777 1063 ὲν
792 1036 882 1071 ἔργοις
902 1037 949 1064 καὶ

162 1079 195 1114 τῇ
218 1079 323 1106 ἐκεῖθεν
338 1081 428 1107 πειθοῖ
444 1078 477 1118 (ᾗ
494 1081 542 1116 τῆς
560 1082 593 1108 ὲκ
608 1081 663 1109 τῶν
680 1081 767 1116 λόγων
783 1082 872 1118 πολλῷ
890 1084 948 1114 τοῖς

162 1124 233 1156 ὅλοις
251 1125 371 1160 ἀμείνων
386 1127 454 1161 πρὸς
470 1127 500 1153 τὴ
513 1128 653 1162 συμφέρον
670 1129 775 1160 πάντας
787 1129 891 1164 ὸδήγει)
909 1130 948 1160 είς

164 1172 253 1198 πᾶσαν
268 1172 318 1208 τὴν
331 1173 383 1207 γῆν
399 1175 458 1200 κατ’
472 1174 569 1206 αὐτοὺς
585 1177 631 1202 τὸν
652 1174 777 1210 φθόγγον,
790 1176 948 1210 ἐξήνεγκεν.

163 1215 241 1243 Οὕτω
258 1218 373 1252 μεγίστη
387 1219 482 1246 πασῶν
498 1219 569 1255 (q)...
589 1221 652 1252 τοὺς
673 1221 841 1256 προῦχοντας
855 1222 901 1248 καὶ
916 1221 950 1248 τὰ

165 1262 270 1297 μεγάλα
284 1265 360 1298 παρὰ
375 1264 436 1300 Θεῷ
451 1265 625 1300 δυναμένους,
641 1267 703 1298 τοὺς
722 1267 771 1302 μὲν
788 1268 894 1302 κάκρας
907 1276 950 1303 μι-

167 1308 321 1344 μησαμένη,
340 1310 403 1342 τοὺς
424 1310 452 1336 δὲ
474 1307 514 1342 οἷς
535 1311 604 1346 ἔφην
628 1313 846 1348 παρενεγκοῦσα.
869 1314 905 1340 Σὺ
928 1312 953 1341 δ’

165 1354 260 1382 ἔπειτα
272 1356 318 1383 καὶ
333 1357 401 1392 πρὸς
415 1358 461 1384 τὸν
474 1359 612 1394 Δεσπότην
622 1360 744 1394 ἐποιήσω
758 1360 808 1395 τὴν
821 1359 950 1394 ἅμιλλαν,

167 1402 388 1436 συσταυρωθεῖσα
401 1403 447 1429 καὶ
462 1406 638 1438 συνταφεῐσα,
650 1404 693 1430 ἵνα
709 1405 755 1431 καὶ
769 1407 949 1441 συναναστῇς,

167 1447 214 1474 καὶ
227 1448 419 1483 συνὼξασθῇς,
438 1449 486 1476 καὶ
504 1449 734 1484 συμσασιλεύσῃς.

203 1542 245 1569 ιθ’.
268 1542 300 1569 Ἡ
317 1543 365 1577 μὲν
384 1542 430 1569 οὖν
446 1542 518 1570 οὕτω
533 1543 660 1579 μεγίστη,
677 1543 743 1570 Θεοῦ
760 1544 828 1579 πρὸς
845 1542 952 1579 ἀνθρώ-

166 1597 227 1620 ποις
252 1589 404 1624 φιλοτιμίᾳ,
423 1591 550 1624 φανεῖσα,
575 1590 681 1616 καὶτὸν
701 1589 751 1624 τῆς
767 1589 867 1625 ἀρετῆς
890 1590 952 1624 ὅρον

1037 395 1082 423 18.
1103 395 1165 422 Jobi
1182 395 1209 422 in
1225 395 1347 422 adversis
1363 395 1460 422 mirata
1477 396 1675 428 constantiam,
1692 395 1787 423 eadem

1001 442 1110 468 videtur
1123 449 1299 476 supergressa
1312 450 1318 467 :
1333 441 1396 476 quia
1409 449 1461 468 non
1471 442 1505 468 ad
1520 442 1667 474 modicum,
1679 442 1725 469 sed
1740 449 1789 476 per

1001 495 1111 514 onmem
1129 487 1213 514 vitam
1228 487 1255 513 in
1267 494 1299 513 ea
1312 487 1512 522 perseveravit;
1526 493 1553 514 et
1563 487 1664 522 quibus
1677 487 1722 515 ille
1732 494 1788 514 non

1002 541 1051 561 sua
1070 538 1167 567 sponte
1181 537 1280 559 exutus
1294 537 1336 559 est
1346 552 1353 564 ,
1370 533 1427 559 haec
1442 532 1584 559 Theodora
1600 532 1706 560 dimisit
1721 539 1788 566 pau-

1003 576 1115 614 peribus
1127 597 1134 610 ,
1155 578 1263 605 nemine
1278 585 1336 605 eam
1353 578 1386 605 ad
1401 577 1427 604 id
1441 582 1567 612 cogente.
1581 577 1647 605 Elia!
1660 578 1787 605 solitudi-

1003 633 1064 652 nem
1082 625 1163 659 eique
1180 624 1319 658 propriam
1339 623 1558 657 philosophiam,
1574 623 1655 650 etiam
1677 623 1704 650 in
1719 630 1788 650 con-

1001 672 1087 698 sortio
1107 670 1246 706 plurium,
1272 669 1312 697 sic
1334 669 1429 702 coluit,
1446 672 1476 695 ut
1492 673 1582 703 posset
1603 676 1666 695 cum
1688 668 1789 696 Davide

1001 716 1111 748 dicere,
1130 714 1262 742 Solitaria
1282 722 1339 741 sum
1357 722 1404 749 ego
1426 713 1446 741 ¹.
1470 714 1601 747 Quamvis
1624 718 1714 741 autem
1733 722 1787 741 non

1001 762 1200 798 pradicaverit,
1216 762 1287 788 velut
1311 761 1447 793 Joannes,
1477 760 1524 788 Dei
1551 760 1677 795 Agnum;
1703 760 1789 794 ipsius

1003 813 1093 835 tamen
1117 808 1341 835 exercitationem
1366 808 1389 834 si
1411 807 1474 841 quis
1496 807 1567 834 alius
1591 807 1707 839 imitata,
1725 814 1788 833 eum

1002 855 1130 889 suscepit,
1144 854 1260 888 ejusque
1271 853 1394 880 divinum
1408 852 1479 879 facta
1490 857 1531 880 est
1546 850 1675 886 templum
1685 861 1692 885 ;
1703 853 1788 887 quod,

1002 904 1031 926 ut
1056 906 1106 934 ego
1133 898 1243 933 quidem
1265 897 1414 929 existimo,
1441 897 1529 924 nihilo
1554 901 1597 924 est
1621 897 1788 931 praedicandi

1003 953 1117 973 munere
1132 945 1256 972 inferius.
1267 943 1325 971 Non
1338 944 1384 971 illa
1398 943 1508 978 quidem
1523 943 1617 970 orbem
1630 943 1787 970 universum

1003 991 1087 1018 obivit
1102 998 1164 1018 cum
1183 990 1331 1025 apostolis,
1348 990 1456 1017 cunctis
1471 989 1604 1016 salutaria
1620 996 1786 1024 suggerens:

1002 1036 1050 1064 sed
1069 1037 1158 1064 verbis
1173 1036 1284 1071 quidem
1306 1036 1465 1071 aliquando,
1482 1036 1569 1063 multo
1589 1040 1680 1062 autem
1702 1035 1789 1070 magis

1001 1083 1143 1117 operibus,
1159 1087 1185 1109 et
1201 1081 1330 1127 suasione
1344 1089 1376 1108 ex
1391 1081 1434 1108 his
1447 1088 1528 1116 quam
1545 1081 1599 1108 illis
1608 1081 1687 1116 longe
1700 1080 1790 1108 efﬁca-

1003 1129 1084 1161 ciori,
1097 1136 1193 1156 omnes
1203 1129 1340 1156 deducens
1350 1128 1378 1154 in
1390 1127 1461 1154 viam
1474 1127 1582 1159 salutis,
1597 1127 1624 1154 in
1634 1128 1790 1154 universam

1004 1178 1125 1206 terram,
1152 1174 1385 1209 quemadmodum
1411 1179 1439 1201 et
1461 1173 1529 1208 ipsi,
1554 1173 1645 1200 emisit
1678 1180 1789 1206 sonum,

1004 1221 1097 1257 itaque
1112 1222 1234 1248 omnium
1251 1222 1381 1253 maxima,
1404 1220 1649 1248 excellentissimos
1666 1227 1791 1255 quosque

1004 1272 1031 1295 et
1049 1275 1147 1302 magna
1163 1267 1234 1302 apud
1252 1266 1337 1294 Deum
1355 1266 1441 1302 gratia
1460 1266 1593 1297 valentes,
1610 1266 1710 1299 partim
1728 1265 1791 1301 qui-

1005 1313 1066 1341 dem
1084 1313 1281 1348 perfectissime
1295 1313 1401 1339 imitata
1417 1316 1468 1343 est,
1483 1312 1581 1346 partim
1599 1311 1633 1339 iis
1652 1319 1720 1346 quas
1736 1311 1791 1339 dixi

1005 1360 1153 1387 virtutibus
1165 1364 1372 1394 przetergressa.
1388 1358 1523 1391 Quoniam
1541 1365 1606 1385 vero
1618 1357 1707 1392 ipsum
1724 1364 1792 1392 quo-

1004 1414 1058 1440 que
1073 1405 1217 1433 Dominum
1245 1405 1436 1435 aemulabatur,
1453 1404 1526 1431 cruci
1548 1403 1655 1431 conﬁxa
1673 1411 1737 1430 cum
1758 1411 1792 1432 eo

1005 1457 1033 1480 et
1049 1451 1207 1486 cousepttlta
1221 1455 1273 1483 est,
1291 1455 1319 1477 ut
1332 1457 1394 1477 cum
1413 1457 1444 1476 eo
1460 1454 1617 1483 resurgeret
1631 1450 1657 1475 in
1676 1449 1792 1484 gloriam

1004 1502 1032 1525 et
1049 1496 1251 1531 congloriticata
1266 1503 1327 1522 cum
1343 1495 1439 1522 eodem
1455 1499 1591 1529 regnaret.

1043 1541 1090 1569 l9.
1109 1541 1175 1574 Qua:
1200 1541 1282 1575 igitur
1305 1540 1356 1566 hoc
1372 1539 1453 1567 modo
1476 1546 1589 1574 prorsus
1605 1538 1705 1566 eximia
1721 1538 1793 1567 inter

1007 1595 1103 1615 omnes
1114 1608 1130 1621 ,,
1146 1594 1192 1621 per
1214 1586 1334 1612 divinam
1360 1592 1424 1619 erga
1448 1584 1573 1611 homines
1593 1583 1792 1618 dignationem,

167 1635 260 1669 σαφῶς
283 1635 486 1670 ὲπιδειξαμένη,
512 1636 558 1663 καὶ
577 1632 632 1662 οἷον
656 1634 726 1663 εἷναι
748 1636 802 1670 χρὴ
820 1637 872 1663 κάν
896 1637 951 1667 τοῖς

1007 1633 1126 1664 ell'ulsit,
1149 1637 1176 1660 et
1198 1631 1308 1659 virtutis
1329 1631 1438 1658 culmen
1456 1635 1511 1656 tam
1530 1629 1675 1658 manifeste
1694 1630 1792 1662 tenuit,

166 1681 256 1716 ἔργοις
264 1681 309 1707 τὸν
324 1680 406 1717 (νοῦν)
422 1681 482 1708 κατ’
497 1681 589 1708 εἰκόνα
603 1682 733 1715 γεγονότα
746 1681 821 1708 θείαν
833 1682 878 1717 (ν)’
892 1682 953 1708 ἐπεί

166 1735 199 1761 γε
224 1727 274 1754 οὐκ
296 1727 349 1754 ἀπὸ
362 1727 414 1761 γῆς
441 1726 489 1762 τὴν
512 1727 619 1760 γένεσιν
636 1727 725 1762 ἔσχεν,
754 1727 808 1754 οὐδ’
828 1727 953 1754 ἐντεῦθεν

167 1770 241 1800 εἷλκε
255 1773 288 1800 τὸ
305 1774 393 1808 γένος,
410 1773 468 1800 ἀλλ’
481 1775 513 1800 ὲκ
529 1773 625 1809 (Θεοῐν
645 1773 693 1800 τοῦ
704 1773 745 1808 δ’)
760 1773 814 1809 ἄρα
828 1773 894 1800 Θεοῦ
907 1773 953 1800 καὶ

166 1819 222 1846 τῶν
246 1819 384 1854 Ὀλύμπου
408 1820 579 1856 πραγμάτων
599 1819 739 1852 ἐποθείτο,
755 1820 803 1846 καὶ
825 1819 952 1855 καθαρῶς

166 1863 319 1897 ἀπαλλάξαι
343 1865 398 1892 τῶν
415 1866 507 1897 κάτω,
527 1863 566 1891 ὼν
583 1865 630 1891 καὶ
647 1864 765 1900 πρόσθεν
780 1862 857 1890 οὐδὲν
873 1862 955 1898 ἦττον

169 1918 292 1946 μετηρε,
312 1909 444 1938 λαϐέσθαι
460 1911 487 1937 δὲ
505 1910 559 1937 τῶν
576 1910 632 1938 ἄνω
649 1911 696 1937 καὶ
709 1909 779 1945 αὐτῇ
798 1909 954 1945 προσηκόν-

166 1965 230 1984 των.
252 1958 307 1984 Kal
322 1957 411 1984 τοίνυν
429 1959 457 1984 ἐν
474 1957 619 1993 βαθυτάτῳ
639 1957 686 1984 καὶ
703 1956 776 1992 μάλα
791 1957 866 1983 πίονι
882 1957 955 1991 γήρᾳ

169 2004 299 2030 καταλύει
312 2004 357 2030 τὸν
373 2004 441 2039 βίον,
456 2005 502 2031 καὶ
516 2004 562 2031 νῦν
577 2004 652 2030 ἐστιν
665 2005 694 2030 ὲν
707 2004 763 2034 τοῖς
777 2003 901 2038 οὐρανοῖς
916 2001 955 2037 τῷ

117 2071 122 2076 .
168 2049 355 2085 καθαρωτάτῳ
372 2050 419 2076 καὶ
435 2049 661 2084 ἀκραιφνεστὰτῳ
678 2049 725 2075 καὶ
739 2048 873 2084 τρισηλίῳ
890 2057 955 2074 συν-

168 2095 237 2122 οῦσα
252 2097 340 2131 φωτὶ,
357 2097 404 2123 καὶ
418 2097 478 2127 ταῖς
495 2095 600 2122 ἐκεῖθεν
620 2096 727 2122 ἀκτῖσιν
746 2095 794 2129 ὅλη
819 2094 953 2130 γενομένη

170 2143 327 2179 φωτοειδὴς,
343 2141 628 2178 ἐναργεῖςπὰποδείξεις
644 2141 768 2176 ἐκφαίνει
779 2141 895 2176 ταυτησὶ
906 2140 955 2174 τῆς

170 2189 384 2225 μακαριότητος,
397 2189 428 2215 τὸ
444 2189 525 2223 σῶμα
538 2188 569 2214 τὸ
584 2187 654 2214 θεῖον
667 2186 763 2222 μύρων
776 2186 956 2214 ἁναδεικνῦσα

170 2236 345 2310 πηδῖΐλνῖΑλλκ
360 2276 383 2306 ὦ
399 2279 442 2305 διὰ
459 2278 567 2305 πάντων
583 2277 708 2313 βελτίστη
731 2277 836 2310 πασῶν,
854 2276 901 2303 καὶ
919 2275 957 2311 μὴ

171 2325 254 2360 μόνον
276 2326 366 2356 πάσας
387 2324 611 2359 ὑπερϐαλλομένη
633 2324 688 2354 τοϊς
711 2322 799 2354 ὅλοις,
826 2322 894 2348 ἀλλὰ
911 2314 977 2349 καὶ”

170 2372 352 2408 διαφερόντως
369 2371 544 2406 κοσμήσασαί
565 2378 587 2397 ω
597 2369 650 2396 τῶν
666 2368 824 2403 ἁσκητικῶν
839 2368 958 2404 ἱδρώτων

170 2417 233 2452 ὃρος
257 2418 303 2443 καὶ
327 2417 410 2447 τύπος
430 2417 513 2443 πᾶσιν
532 2415 714 2449 ἀναφανεῖσα,
735 2414 782 2440 καὶ
805 2412 850 2440 διὰ
871 2413 959 2440 ταῦτα

171 2462 320 2498 ἀξιόχρεως
339 2463 388 2498 τῆς
401 2463 515 2500 Τριάδος
530 2463 618 2496 ἑστία,
635 2462 681 2489 καὶ
699 2462 753 2488 τῶν
769 2461 872 2496 ταύτης
888 2461 957 2495 πρὸς

228 2555 236 2571 ¹
258 2554 330 2583 Psal.
347 2562 424 2588 cvm,
438 2554 465 2582 8.

211 2662 256 2699 (pl
271 2661 320 2699 Ili_c
342 2668 451 2699 quogpe
468 2667 522 2687 non
536 2659 594 2686 sine
611 2659 721 2690 mendo,
738 2657 962 2692 iuterponebatur

173 2694 276 2731 aliquid
292 2697 329 2727 ὡς
345 2694 361 2722 κ
377 2694 404 2722 οἷ
416 2695 447 2722 δ’.

209 2728 247 2767 (ξι)
267 2732 384 2759 Omnino
402 2731 526 2757 videnlur
549 2729 593 2756 llic
617 2729 708 2767 aliqua
733 2728 903 2756 desiderari:
927 2728 964 2767 sit

173 2763 246 2796 enim
264 2768 296 2794 ad
314 2767 400 2800 ipsam
427 2771 550 2793 sanctam
572 2763 852 2800 apostrophepquam
879 2763 959 2790 omisi

174 2803 271 2830 Latine
296 2798 460 2836 exprimere,
491 2801 553 2834 quia
582 2807 638 2836 non
662 2799 729 2826 satis
745 2798 859 2836 delinire
883 2804 961 2836 pote-

175 2845 235 2864 ram
263 2833 338 2871 quid'
357 2833 528 2870 potissimum
563 2835 713 2868 supplendo
749 2833 840 2861 sensui
878 2833 961 2860 adde-

176 2879 232 2899 rem
238 2891 244 2899 ι

1004 1680 1180 1713 ostenditque
1196 1679 1273 1713 ipsis,
1288 1678 1360 1704 sicut
1372 1676 1527 1712 oportebat,
1540 1676 1682 1711 operibus,
1693 1677 1794 1705 habere

1004 1726 1129 1760 spiritum
1155 1725 1188 1752 ad
1207 1723 1327 1751 divinant
1347 1726 1469 1750 creatum
1485 1723 1630 1758 imaginem
1645 1722 1794 1758 (trecenim

1004 1779 1038 1799 ex
1053 1776 1126 1798 terra
1142 1769 1328 1804 generationis
1341 1775 1398 1796 suae
1413 1767 1578 1802 principium
1592 1768 1682 1800 habet,
1698 1769 1746 1796 sed
1760 1776 1794 1796 ex

1005 1816 1085 1850 Deo),
1099 1816 1220 1843 coelestia
1230 1814 1367 1842 adamavit
1376 1821 1468 1848 opera,
1478 1821 1563 1848 seque
1577 1815 1682 1842 studuit
1697 1822 1793 1848 puram

1006 1869 1117 1891 servare
1130 1863 1164 1888 ab
1182 1861 1284 1888 inlimis
1301 1860 1386 1892 hisce,
1401 1860 1501 1895 quibus
1518 1867 1567 1887 nec
1587 1864 1666 1886 antea
1682 1859 1793 1893 quidem

1004 1916 1034 1936 se
1049 1909 1220 1943 permiserat,
1235 1911 1262 1934 et
1276 1906 1481 1941 apprehendere
1508 1912 1628 1940 superna
1656 1910 1738 1940 atque
1758 1905 1793 1932 ad

1004 1955 1120 1983 salutem
1144 1954 1275 1989 prolicua.
1302 1953 1396 1987 Itaque
1423 1959 1449 1979 In
1467 1951 1603 1986 profunda
1623 1957 1704 1987 atque
1717 1951 1794 1979 uberi

1006 2005 1147 2030 senectute
1160 2008 1175 2028 e
1191 2000 1260 2026 vivis
1281 1999 1359 2031 abiit,
1376 2004 1403 2026 et
1418 2006 1491 2026 nunc
1507 1999 1535 2026 in
1556 1999 1633 2026 cmlis
1652 1998 1795 2026 cocxsistit

1006 2047 1156 2083 purissimo
1168 2053 1200 2073 ac
1212 2045 1413 2080 perfectissimo
1425 2045 1547 2072 trisolari
1557 2045 1654 2072 lumini
1664 2054 1672 2078 ',
1684 2052 1796 2072 manan-

1006 2094 1133 2128 tibusque
1149 2101 1181 2120 ex
1196 2099 1228 2119 eo
1247 2092 1333 2119 radiis
1347 2096 1402 2119 tota
1417 2090 1513 2118 ell‘ecta
1528 2090 1692 2124 luciformis,
1707 2090 1796 2118 claras

1006 2140 1258 2167 demonstrationes
1277 2138 1378 2174 pnebet
1397 2137 1470 2164 illius
1486 2144 1543 2164 sua:
1560 2136 1715 2169 beatitatis,
1732 2143 1796 2164 cor-

1007 2194 1058 2221 pus
1070 2194 1150 2214 suum
1168 2193 1277 2214 sacrum
1291 2184 1412 2213 elliciens
1427 2184 1531 2211 fontem
1543 2188 1758 2218 unguentorum.

1045 2278 1091 2306 20.
1114 2278 1227 2309 Verum,
1243 2285 1260 2305 ο
1279 2277 1424 2304 mulierum
1441 2275 1682 2311 praestantissima,
1700 2280 1798 2304 etnon

1007 2325 1097 2354 solum
1115 2331 1211 2352 omnes
1224 2330 1400 2359 supergressa
1414 2322 1502 2358 quoad
1518 2323 1622 2356 omnia,
1637 2322 1684 2350 sed
1700 2330 1798 2350 omnes

1008 2372 1091 2399 ctiam
1113 2371 1298 2399 diversimode
1313 2369 1467 2397 exornans!
1484 2367 1507 2396 Ο
1521 2369 1648 2396 laborum
1665 2368 1800 2396 ascetico-

1006 2426 1068 2445 rum
1088 2416 1239 2451 exemplar,
1257 2421 1284 2443 et
1299 2422 1395 2442 norma
1410 2414 1518 2442 cunctis
1531 2414 1681 2450 proposita,
1697 2421 1800 2450 perque

1010 2464 1086 2499 ipsos
1113 2462 1209 2491 cﬂ'ecta
1236 2462 1348 2496 dignum
1375 2460 1518 2489 Trinitatis
1541 2460 1747 2492 habitaculum,
1771 2463 1800 2486 et

1051 2659 1086 2693 (r)
1108 2657 1213 2685 Mallem
1239 2663 1310 2693 nunc
1325 2656 1422 2684 Latine
1436 2656 1476 2683 sic
1501 2653 1564 2693 legi,
1581 2662 1590 2679 ι
1605 2657 1798 2693 summamque

1011 2687 1207 2728 perfectionem
1238 2692 1399 2727 praeferens,
1427 2687 1567 2728 ostendit,
1598 2687 1704 2728 qualem
1725 2693 1799 2728 'esse

1011 2724 1136 2763 oporteat
1159 2724 1246 2760 eum,‘
1260 2727 1306 2763 qui
1332 2727 1481 2754 secundum
1503 2724 1622 2763 divinam
1650 2724 1798 2763 imaginem

1010 2757 1099 2792 factus
1125 2767 1183 2795 est;
1209 2757 1338 2796 quoniam
1355 2769 1370 2788 a
1389 2767 1462 2788 terra
1477 2759 1609 2796 originem
1633 2764 1686 2784 non
1703 2757 1796 2796 habet,

1011 2790 1098 2833 neque
1113 2790 1270 2832 inde'ge'nus
1287 2797 1368 2833 traxit
1381 2797 1429 2833 sed
1447 2803 1480 2822 ex
1496 2790 1563 2827 Déo;
1578 2793 1694 2828 ideoque
1709 2790 1794 2818 Deum

1009 2839 1035 2861 et
1055 2831 1100 2861 res
1114 2831 1241 2860 caelestes
1261 2831 1442 2860 desiderabat.
1461 2840 1471 2857 ι
