1967 3071
242 153 297 185 775
697 141 704 147 '
835 148 1061 180 cascoarus
1079 148 1262 179 PALAMAS.
1488 166 1490 169 -
1815 143 1874 176 776

244 209 428 245 tnetropolita
446 207 640 235 Euehaitarum
655 215 663 234 :
680 205 756 234 Isaac
775 206 957 242 Madytarnm,
975 205 1134 233 Theodulus
1150 204 1226 232 Rosii
1248 203 1401 240 (Ῥωσίου),
1416 203 1513 231 Esaias
1528 202 1659 239 Seiybrize
1675 206 1703 230 et
1719 202 1872 236 Gregorius

247 253 462 288 Pompeiopolis.
483 251 599 285 Incipit:
626 250 732 282 Ὀντως
757 250 846 282 οὐδεὶς
873 249 963 281 οὕτως
977 250 1023 284 ἀρ)

1097 257 1159 275 των.
1185 248 1251 275 Item
1276 253 1367 275 tomus
1382 252 1410 274 et
1436 247 1655 274 anathematismi
1671 245 1697 272 in
1718 245 1873 279 Pulamam,

245 298 310 324 editi
337 303 429 323 mense
453 295 528 322 Julio
551 295 674 330 ejusdem
702 294 778 326 anni,
797 302 868 330 quos
891 295 1005 322 exhibet.
1019 293 1115 321 Graece
1140 296 1168 319 et
1196 291 1292 319 Latine
1318 291 1454 322 Allntius,
1480 289 1565 318 Grec.
1591 289 1732 317 orthodox.
1753 295 1822 316 tom.
1853 288 1874 319 I,

249 349 276 375 p.
292 339 414 367 788-805
426 347 433 371 ;
451 342 477 365 et
494 338 530 365 De
542 346 681 370 consensu,
694 345 721 373 p.
735 338 797 365 803.
812 337 907 372 Incipit
921 337 1025 365 ίἈκούγ

1097 360 1098 364 η
1112 336 1194 370 φυλαὶ
1206 335 1256 370 τῆς
1270 336 1330 369 γῆς.
1345 334 1465 369 Denique
1477 338 1567 361 tomus
1581 338 1676 360 contra
1690 332 1873 366 Nicephorum

248 384 398 418 Gregoram
417 388 444 410 et
460 383 530 409 alios
545 382 679 409 Barlaami
696 378 870 417 et‘Acindyni
887 385 1117 416 propugnatores,
1143 379 1235 407 editus
1256 386 1349 406 mense
1375 379 1498 412 Angusto
1515 385 1582 405 ann.
1601 377 1679 408 1551,
1696 377 1743 411 qui
1761 377 1875 407 quidem

249 432 342 454 tomus
358 427 409 454 sub
424 427 503 453 titulo
519 426 743 461 pseudo-synodi
759 425 928 452 I‘alamiticze
944 424 1037 452 Graece
1056 430 1083 450 et
1097 423 1191 450 Latine
1205 426 1294 450 exstat
1308 421 1334 448 in
1351 421 1481 449 Auctario
1507 421 1660 447 novissimo
1677 420 1746 446 Bibl.
1763 419 1877 446 Graeco-

250 478 310 497 rum
328 469 441 497 Patrum
454 469 666 500 Corubeiisiauo,
682 473 760 503 parte
785 469 881 500 altera,
907 476 933 503 p.
953 467 1070 495 155-176
1096 465 1193 501 [Μοιιεὶ
1215 470 1282 492 tom.
1298 464 1394 497 XXVI,
1420 472 1447 500 p.
1479 464 1542 496 1'27,
1567 463 1635 499 sq.],
1663 463 1765 490 additis
1790 463 1876 490 etiam

249 514 343 541 notis:
364 520 391 541 et
409 513 437 540 in
455 513 508 540 vol.
531 513 629 540 ultimo
648 513 830 540 conciliorum
843 512 910 539 edit.
935 511 1083 541 Harduiui.
1101 517 1127 544 p.
1143 509 1207 541 285.
1224 509 1271 544 qui
1295 513 1384 540 notat,
1409 509 1493 542 hujus
1508 507 1574 535 torni
1594 507 1754 533 meminisse
1772 506 1876 532 Canta-

249 565 396 589 cuzenum,
415 557 460 589 IV,
475 558 510 584 9.5
525 557 595 584 Hist.
612 556 709 591 Incipit
724 565 731 584 :
749 556 820 583 Οὖτε
835 557 884 590 τὴν
900 557 971 582 κατὰ
991 556 1023 589 τῆ

1102 554 1228 588 minata;
1254 552 1301 579 τοῦ
1321 552 1412 579 κοινοῦ
1441 552 1583 586 πολεμίου.
1608 550 1792 578 Subscribunt
1814 554 1878 584 post

250 601 444 634 imperatorem
473 600 606 627 Joannem
637 600 860 628 Cantacuzennm
889 605 915 626 et
943 599 1127 634 patriarcham
1166 596 1248 624 CPol.
1295 595 1460 628 Callistum,
1491 594 1674 629 metropolita:
1702 595 1732 624 5.
1760 596 1788 620 et
1818 593 1878 628 cpi-

250 644 327 679 scopi
358 644 386 670 5.

288 698 522 732 Archiepiscopus
537 697 796 725 Thessalonicensis
819 697 963 724 ordinatus
988 700 1031 723 est
1044 695 1154 722 Palama
1174 694 1254 728 jussu
1280 693 1466 720 Cantaeuzeni
1495 693 1561 727 imp.
1579 691 1651 726 apud
1679 686 1761 726 quem
1781 690 1879 726 singu-

251 741 346 768 lariter
358 741 496 776 gratiosus
509 741 572 774 fuit,
587 743 622 768 ab
637 740 743 768 Isidoro
759 741 812 768 ΟΡ.
827 741 901 768 circa
919 748 984 767 ann.
1002 739 1082 771 1519,
1107 738 1154 766 sed
1171 745 1184 764 a
1203 737 1342 772 praefectis
1356 737 1432 764 urbis
1451 737 1524 764 haud
1540 737 1678 763 admissus
1695 735 1730 770 (j)
1747 735 1774 761 in
1792 733 1878 761 Lern-

251 792 317 811 num
335 784 453 811 insulam
473 785 597 817 secessit,
624 790 706 820 atque
729 785 793 812 inde
817 791 947 811 reversus
970 782 1083 813 CPolin,
1108 781 1213 816 synodo
1229 781 1394 811 aun.1351.
1419 781 1453 807 de
1478 787 1532 814 qua
1555 780 1612 813 jam
1638 779 1707 810 dixi,
1735 777 1875 805 interfuit.

253 825 381 854 Defuncti
401 827 497 854 laudes
517 828 683 862 panegyrica
700 828 826 855 oratione
847 826 996 854 celebravit
1014 825 1175 853 Philotheus
1198 824 1354 858 patriarcha
1379 823 1462 850 CPol.
1483 823 1604 857 Incipit:
1620 822 1771 857 Γρηγόριος
1793 821 1846 856 μὲν
1863 821 1877 847 ὁ

253 871 342 904 μέγας
358 871 539 906 πανηγύρεως
554 871 692 903 ὑπόθεσις.
709 871 779 899 Bibl.
795 871 956 898 Coislinian.
973 878 1001 905 p.
1021 869 1029 896 1

1104 868 1215 895 Cantica
1229 867 1351 902 ejusdem
1368 866 1505 894 Philothei
1520 867 1574 894 duo
1587 865 1705 901 στιχηρὰ
1720 865 1747 892 ἰιι
1764 865 1875 892 laudem

252 914 369 942 Palama:
384 914 584 949 thaumaturgi,
601 922 655 942 una
671 923 732 943 eum
749 909 899 949 ἀκολουθίᾳ
914 914 973 941 sire
988 912 1078 940 oﬂicio
1094 913 1119 938 iu
1140 912 1266 939 cutndem
1293 919 1344 939 ms.
1371 911 1398 938 in
1415 911 1484 949 bibl.
1501 911 1638 938 Caesarea.
1655 910 1802 936 Canticum
1819 908 1878 943 pri-

252 965 326 984 tuum
341 958 436 993 incipit
448 967 454 985 :
466 948 618 992 Eucppsiivoo
635 959 663 984 ὲν
678 958 784 993 Κυρίῳ,
799 958 875 988 πόλις
887 948 1028 984 Θεσσαλονι

1099 957 1217 984 Alterum
1227 965 1234 983 :
1246 955 1370 991 Χαιροις,
1382 948 1431 989 τῆξ
1446 955 1586 986 εὐσεϐείας
1597 954 1720 993 φωστῄρ.
1731 952 1875 980 Oﬂicium:

255 1001 345 1036 Πάτερ
372 991 429 1036 ἱερὲ
443 991 590 1037 Γρηῗόριε,
610 1002 642 1028 σὺ
658 1001 703 1028 τὸν
724 991 794 1028 θέδν
813 1002 845 1027 ἐκ
869 1001 965 1032 παιδὸς
984 991 1132 1036 ἀγαπήσας
1156 999 1289 1034 ὲξέφυγες
1312 999 1409 1034 ὑλικὴν
1424 998 1625 1034 προσπὰθειαν.
1654 991 1721 1024 Vide
1742 996 1877 1034 Lambec.

255 1044 286 1078 V,
304 1052 331 1079 p.
347 1045 398 1072 195
413 1053 471 1080 seq.
488 1045 527 1081 [ρ.
539 1045 591 1072 406
609 1053 669 1079 sqq.
684 1044 736 1073 460
753 1050 779 1072 et
795 1044 856 1077 600,
873 1044 916 1072 ed.
936 1044 1019 1080 Koll.]

291 1090 463 1125 Nicephorus
480 1091 617 1125 Gregoras
643 1091 689 1117 lib.
713 1098 790 1122 xxnt.
805 1097 832 1125 p.
850 1089 912 1123 699,
932 1095 1048 1117 testatur
1078 1090 1217 1118 Palamam
1237 1090 1307 1118 ultra
1332 1089 1473 1123 sexaginta
1499 1086 1822 1122 ldyougcomposuisse,
1844 1086 1878 1113 ad

254 1142 336 1170 quem
352 1135 442 1161 locum
464 1133 545 1160 Joan.
563 1134 694 1161 Boivinus
715 1134 741 1160 in
762 1134 847 1166 notis,
866 1140 893 1168 p.
912 1133 975 1164 805,
994 1133 1131 1165 observat,
1153 1135 1178 1161 in
1203 1141 1258 1162 uno
1279 1134 1374 1161 codice
1391 1133 1477 1168 (regio
1496 1132 1577 1167 2104)
1598 1132 1726 1159 homilias
1746 1131 1880 1165 variaque

254 1179 386 1213 opuscula
402 1178 521 1206 Palamaz
537 1178 672 1205 contineri
688 1178 748 1211 plus
762 1186 845 1212 quam
864 1177 1047 1212 septuaginta.
1062 1177 1107 1213 [V.
1124 1178 1208 1213 paull.
1227 1183 1298 1212 post,
1324 1177 1358 1204 ad
1379 1185 1406 1204 n.
1423 1176 1482 1212 21.]
1497 1176 1557 1203 Alia
1579 1183 1633 1202 non
1654 1182 1740 1210 pauca
1766 1179 1879 1201 exstare

255 1223 334 1249 obvia
353 1223 380 1249 in
396 1222 457 1249 aliis
473 1222 627 1249 codicibus.
645 1221 739 1256 Itaque
756 1226 844 1256 putat,
859 1222 1008 1257 Gregoram
1025 1226 1129 1248 tantum
1148 1221 1221 1254 loqui
1235 1220 1268 1247 de
1286 1220 1332 1252 iis,
1349 1227 1410 1254 quae
1427 1219 1460 1246 de
1477 1220 1560 1246 rebus
1574 1217 1760 1246 controversis
1774 1217 1878 1252 scripta

255 1274 270 1293 a
287 1265 396 1293 I’alama
412 1269 499 1297 erant,
513 1273 629 1300 quorum
649 1266 732 1292 multa
751 1265 872 1293 continet
886 1266 971 1293 codex
984 1267 1075 1302 regius
1087 1265 1168 1292 2409.
1186 1265 1214 1290 ln
1236 1264 1269 1291 iis
1289 1268 1351 1291 sunt
1369 1270 1376 1289 :

290 1309 311 1336 l.
333 1309 406 1336 Libri
429 1313 520 1335 contra
537 1309 702 1344 Acindynum
719 1309 806 1335 decent
823 1309 949 1339 continui.
967 1310 1011 1344 qui
1029 1316 1126 1336 omnes
1147 1308 1267 1342 exceptis
1295 1308 1381 1335 tribus
1406 1307 1613 1343 Ἀντιρρητικοὶ
1632 1307 1832 1335 inscribuntur.
1848 1305 1877 1333 In

257 1353 351 1380 codice
374 1353 550 1386 Seguieriano
566 1351 728 1387 [s.Coislin.
757 1351 872 1388 XCVIII]
894 1356 995 1386 septem
1020 1352 1226 1388 ἀντιρῤητικοῖς
1243 1351 1443 1385 praemittuntur
1458 1351 1524 1383 duo,
1547 1358 1619 1378 unus
1640 1350 1674 1378 ad
1696 1350 1876 1377 Athanasium

255 1397 346 1431 Cyzici
365 1397 615 1430 archiepiscopum,
636 1396 670 1422 de
690 1396 800 1430 scriptis
814 1396 960 1430 Acindyni,
974 1403 1038 1423 num
1059 1403 1119 1423 cum
1137 1394 1280 1422 Barlaamo
1303 1394 1511 1421 conCordarent.
1536 1389 1651 1428 Incipit:
1667 1393 1795 1428 Πυνθάνῃ
1813 1392 1877 1427 περὶ

257 1441 314 1467 τῶν
329 1440 377 1467 τοῦ
402 1439 559 1466 Ἀκινδύνου
576 1440 813 1474 συγγραμμάτων.
828 1439 904 1466 Alter
913 1439 953 1474 .de
972 1439 1033 1466 disti

1099 1439 1195 1465 onibus
1216 1438 1242 1464 in
1264 1437 1319 1464 Deo
1335 1438 1487 1465 secundum
1506 1439 1664 1473 hypostases
1679 1441 1706 1464 et
1724 1436 1875 1463 secundum

255 1482 441 1516 operationes.
456 1481 552 1514 Incipit
568 1489 575 1506 :
594 1481 732 1511 Διονύσιος
752 1482 765 1507 ὁ
791 1481 878 1515 μέγας
894 1481 1029 1514 αὐτήκοος

1100 1481 1175 1513 ὀνὼς
1195 1481 1242 1515 τῆς
1258 1481 1313 1507 τῶν
1337 1481 1509 1507 Ἀποετόλων
1530 1481 1633 1516 φωνῆς.
1652 1479 1760 1507 Tertius
1781 1480 1876 1507 ultimo

257 1527 317 1553 loco
338 1526 483 1560 subjicitur
502 1526 536 1553 de
551 1525 645 1553 multis
662 1525 848 1560 impietalibus
863 1525 994 1552 Barlaami
1013 1524 1032 1552 ἀ

1100 1524 1346 1560 :indyui,'Ex05<n;
1361 1524 1412 1558 τῆς
1433 1525 1487 1550 τῶν
1505 1524 1639 1558 Βαρλαὰιι
1654 1524 1702 1550 καὶ
1719 1523 1876 1550 ’Δχινδύνιυ

255 1570 469 1604 δυσσεϐημάτων
493 1569 639 1596 ἀλλοκότου
662 1569 793 1604 πληθύος.
810 1568 929 1604 Incipit:
953 1568 1175 1604 Ἀποὸαλλόμεθα
1191 1568 1240 1604 τὴν
1253 1568 1439 1600 ἀσεϐεστάτην
1462 1569 1607 1594 ἀλλόκοτον
1632 1567 1748 1601 πληθύν.
1766 1566 1876 1600 Septem

257 1615 388 1641 librorum
403 1614 616 1649 ἀντιρῤητικῶν,
629 1614 675 1649 qui
692 1615 719 1640 in
737 1615 826 1648 capita
843 1615 943 1648 singuli
959 1615 1040 1642 divisi
1059 1619 1133 1645 sunt,
1148 1618 1303 1640 accuratam
1327 1613 1514 1639 rerensionem
1531 1617 1557 1639 et
1572 1613 1741 1647 singulorum
1756 1612 1878 1645 capitum

256 1664 414 1691 argumenta
431 1657 541 1684 exhibet
554 1656 768 1684 Montiauconus
782 1657 808 1683 in
828 1657 899 1684 Bibl.
912 1657 1087 1690 Coisliniana,
1102 1666 1129 1693 p.
1144 1658 1275 1685 156-167.
1294 1658 1394 1693 (nam)
1411 1657 1507 1685 Plures
1519 1657 1694 1685 Coislinianae
1713 1657 1780 1684 bibl.
1802 1658 1880 1684 cod:-

255 1707 312 1733 ces,
331 1701 379 1736 qui
394 1701 534 1728 continent
550 1700 667 1728 Palamae
685 1709 747 1736 opp.
767 1706 945 1728 recensentur
961 1707 988 1728 et
1002 1703 1171 1737 singulorum
1187 1707 1347 1737 argumenta
1361 1702 1504 1737 diligenter
1518 1701 1676 1728 indicantur
1690 1709 1704 1727 a
1726 1700 1878 1729 Monuauc.

257 1744 274 1770 l.
292 1751 331 1776 c.,
345 1751 360 1770 a
380 1744 460 1771 nobis
483 1751 548 1771 vero
564 1744 592 1770 h.
609 1744 627 1770 ι.
642 1752 695 1771 non
711 1749 800 1780 potest
819 1745 989 1780 singulorum
1006 1748 1107 1774 mentio
1129 1748 1211 1781 repeti
1230 1755 1238 1780 ;
1257 1754 1284 1773 n.
1311 1754 1338 1781 p.
1357 1747 1406 1773 I50
1419 1761 1454 1766 —
1474 1746 1536 1777 157,
1557 1747 1618 1773 cod.
1634 1746 1668 1773 97
1687 1746 1713 1772 in
1733 1753 1788 1780 quo
1804 1754 1880 1781 repe-

257 1790 366 1817 riuntur
384 1789 500 1817 Palama:
516 1789 726 1817 lromiliaztsexta
741 1797 828 1826 usque
840 1791 873 1817 ad
888 1790 1004 1818 ιχιωιω
1020 1791 1153 1826 (quinque
1169 1791 1242 1817 enim
1258 1791 1363 1825 priores
1388 1790 1517 1818 abscissa
1539 1789 1615 1825 sunt)
1643 1790 1766 1824 sequitur
1785 1798 1814 1816 n.
1832 1790 1879 1822 62,

258 1833 365 1861 libellus
377 1833 490 1861 moralis
504 1834 640 1869 ἀκέφαλος
653 1835 698 1862 cui
723 1834 831 1869 praeﬁxa
854 1840 896 1862 est
915 1835 1028 1870 epistola
1051 1836 1084 1863 ad
1107 1837 1239 1871 virginem
1260 1836 1422 1870 quamdam;
1446 1840 1475 1863 et
1493 1844 1521 1863 n.
1537 1836 1582 1868 66,
1602 1837 1725 1870 epistola,
1748 1844 1831 1871 quam
1846 1844 1881 1863 ex

257 1880 333 1913 Asia,
347 1879 471 1915 captivus
491 1886 553 1906 cum
568 1883 651 1913 esset,
667 1880 701 1906 ad
722 1879 872 1907 Ecclesiam
896 1888 972 1907 suam
992 1879 1117 1914 scripsit;
1144 1884 1201 1906 tum
1225 1887 1251 1914 p.
1272 1879 1405 1913 155-177,
1425 1880 1451 1906 in
1477 1881 1538 1907 cod.
1563 1881 1598 1907 98
1616 1880 1643 1907 in
1668 1888 1723 1914 quo
1744 1879 1882 1907 habentur

258 1923 375 1951 Palama:
393 1930 457 1958 opp.
481 1923 626 1957 permulta,
641 1928 732 1951 tomus
750 1924 854 1958 primus
868 1924 925 1958 (qui
945 1928 988 1951 est
1002 1924 1063 1951 cod.
1081 1923 1277 1958 Seguierianus
1291 1943 1298 1955 ,
1321 1930 1336 1950 a
1364 1923 1490 1950 Fabricio
1525 1923 1661 1957 laudatus)
1680 1923 1776 1950 ultimo
1796 1923 1880 1957 capiti

257 1968 370 1994 adnexae
384 1971 447 1994 sunt
465 1967 525 1993 dua:
542 1965 665 2001 Gregorii
681 1967 820 2001 epistolae;
838 1967 923 1994 altera
938 1967 971 1994 ad
988 1967 1148 1994 Damianum
1162 1967 1372 2002 philosophum;
1388 1968 1474 1994 altera
1485 1967 1518 1994 ad
1531 1967 1705 2002 Dionysium,
1721 1975 1783 2002 qua:
1799 1968 1881 2001 paulo

258 2016 330 2046 post.
348 2011 362 2047 ς
377 2011 405 2043 6,
423 2011 504 2038 ctiam
522 2011 670 2038 adduntur.
690 2011 820 2046 Sequitur
840 2011 979 2044 Expositio
999 2012 1132 2045 stupenda:
1148 2012 1325 2038 multitudinis
1342 2012 1508 2046 impietatum
1525 2012 1666 2039 Barlaami
1686 2018 1711 2039 et
1729 2013 1879 2047 Acindyni;

259 2057 314 2084 inc.
338 2055 573 2092 ’Λποὸαλλόμεθα,
588 2056 637 2090 τὴν
653 2055 840 2090 ἀσεϐεστάτην
852 2056 995 2082 ἀλλόκοτον
1010 2056 1035 2082 π]

1102 2065 1124 2081 ν.
1140 2069 1175 2074 -
1192 2054 1313 2090 Denique
1330 2054 1450 2089 Gregorii
1472 2054 1534 2082 Vita
1549 2064 1595 2090 per
1609 2055 1776 2084 P/ulotlreum
1792 2057 1878 2090 patri-

258 2101 368 2128 arcltam
378 2107 388 2127 .‘
406 2100 467 2127 init.
480 2099 630 2135 Γρηγόριος
647 2099 698 2134 μὲν
713 2101 728 2126 ὸ
745 2099 833 2134 μέγας
848 2105 900 2128 etc.
916 2112 945 2120 -
960 2100 1034 2127 Postt

1118 2100 1247 2132 167-171,
1262 2101 1288 2128 in
1302 2101 1364 2128 cod.
1377 2101 1412 2128 99
1433 2104 1475 2128 εει
1493 2105 1584 2128 toruus
1605 2102 1674 2129 alter
1693 2109 1759 2137 opp.
1777 2101 1879 2135 Grego-

259 2147 290 2174 rii
308 2146 342 2173 XI
361 2146 477 2173 Palama:
493 2151 590 2173 contra
612 2145 796 2181 Aciudynum,
814 2153 932 2180 quorum
953 2145 1073 2173 Iudicem
1099 2144 1208 2179 plenum
1225 2145 1300 2172 dedit
1320 2145 1469 2174 Montfauc.
1488 2146 1518 2173 In
1532 2146 1586 2174 illis
1607 2154 1671 2181 opp.
1691 2151 1754 2174 sunt
1769 2154 1882 2181 quoque

261 2191 386 2223 epistola:
407 2189 535 2222 Palamae,
552 2198 566 2216 a
585 2189 711 2216 Fabricio
725 2188 739 2224 ᾗ
755 2188 788 2215 VI
812 2189 938 2216 laudatae.
954 2204 988 2209 ——
1006 2189 1071 2217 Dein
1088 2197 1114 2225 p.
1133 2190 1259 2224 171-175,
1279 2191 1306 2218 in
1327 2191 1390 2221 cod‘.
1408 2191 1439 2224 (ὲ,
1463 2196 1552 2219 exstat
1575 2196 1665 2219 tomus
1698 2192 1796 2219 tertius
1816 2199 1880 2227 opp.

253 2227 389 2259 'I’alamae.
405 2234 508 2268 Agmen
525 2232 628 2260 claudit
641 2233 793 2267 Synodicus
809 2237 899 2260 tomus
914 2238 1010 2260 contra
1034 2240 1093 2266 eos,
1117 2236 1163 2270 qui
1182 2235 1318 2264 Barlaami
1339 2241 1366 2264 et
1389 2237 1524 2272 Acindyni
1546 2245 1668 2265 errorem
1694 2238 1783 2265 secuti
1805 2244 1881 2272 sunt,

261 2279 362 2315 Ephesi
380 2287 476 2314 nempe
491 2284 517 2306 et
531 2279 599 2306 Garri
611 2279 733 2313 episeop.
747 2277 895 2312 Gregoram
911 2284 939 2306 et
957 2279 1080 2312 Dexium,
1092 2284 1120 2306 et
1130 2280 1212 2312 alios,
1225 2280 1259 2307 ab
1272 2280 1305 2307 iis
1321 2288 1414 2308 secum
1431 2281 1573 2308 adductos.
1588 2283 1654 2308 Acta
1667 2287 1708 2309 est
1724 2282 1782 2310 I180
1799 2290 1882 2318 syno-

260 2326 312 2353 dus
332 2332 396 2351 ann.
411 2323 461 2351 Ch.
488 2324 568 2357 1551,
591 2323 671 2357 eique
688 2323 765 2350 multi
783 2323 1017 2357 subscripserunt.
1033 2337 1069 2344 --
1088 2322 1160 2350 Idem
1177 2328 1269 2350 tomus
1287 2328 1328 2352 est
1348 2324 1374 2351 in
1395 2325 1456 2352 cod.
1474 2325 1538 2353 101.
1552 2324 1584 2352 V.
1601 2325 1750 2353 MontIauc.
1780 2333 1808 2360 p.
1830 2326 1883 2354 276

260 2377 318 2404 sa-q.
334 2367 441 2395 Fabric.
459 2367 529 2395 infra
546 2368 573 2394 in
593 2368 647 2394 vol.
665 2367 737 2397 XIII.
754 2375 779 2402 p.
796 2367 860 2400 815,
880 2367 913 2393 de
937 2366 1013 2394 hisce
1036 2366 1117 2394 codd.
1131 2367 1243 2394 Coislin.
1261 2368 1298 2395 ita
1315 2369 1426 2403 scripsit
1441 2378 1449 2396 :
1472 2378 1480 2394 ι
1497 2369 1665 2404 llypotheses
1679 2373 1706 2397 et
1720 2377 1883 2404 argumenta

260 2420 372 2447 operum
391 2412 512 2438 omnium
529 2411 652 2446 Gregorii
671 2411 787 2438 Palama:
804 2411 832 2437 in
848 2411 969 2446 quinque
985 2410 1163 2445 amplissimis
1182 2411 1266 2438 Coisl.
1291 2411 1462 2439 bibliotheca:
1478 2413 1540 2439 voll.
1565 2413 1592 2439 in
1619 2413 1667 2440 fol.
1688 2414 1882 2446 continentur,

261 2465 288 2484 n.
301 2456 345 2486 97,
360 2455 405 2486 98,
417 2454 461 2487 99,
475 2454 526 2482 100
536 2460 563 2482 et
577 2455 638 2482 101.
653 2453 700 2482 Illa
716 2462 798 2489 porro
810 2459 971 2488 argumenta
986 2454 1013 2481 in
1027 2459 1144 2489 quatuor
1157 2455 1355 2488 posterioribus
1369 2456 1450 2483 codd.
1468 2461 1553 2483 totam
1566 2457 1684 2484 Palamre
1698 2458 1772 2485 circa
1788 2459 1884 2486 lumen

260 2499 445 2527 'I‘hahoricum
463 2503 489 2525 et
504 2498 597 2526 lumen
612 2497 659 2525 Dei
675 2498 827 2525 doctrinam
841 2497 1071 2532 complectuntur,
1090 2505 1140 2525 nec
1162 2505 1216 2524 non
1232 2498 1444 2533 disceptationes
1459 2499 1579 2534 ejusdem
1596 2506 1690 2528 contra
1708 2502 1882 2537 Acindynum

260 2548 287 2571 et
302 2542 473 2570 Barlaamum
488 2542 661 2569 adversarios
677 2548 752 2568 suos.
769 2539 865 2567 Totam
881 2541 973 2574 itaque
987 2541 1061 2569 illam
1083 2542 1111 2569 in
1127 2541 1232 2570 Graecia
1251 2543 1384 2571 celeberr.
1399 2546 1577 2579 quaestionem
1603 2547 1629 2573 in
1645 2546 1688 2574 his
1709 2549 1883 2582 argumentis

261 2587 453 2622 perspicimus.
468 2584 604 2620 Incipiunt
619 2588 779 2619 argumenta
793 2591 819 2618 p.
835 2583 897 2616 I55,
908 2584 1074 2612 clauduntur
1089 2593 1154 2613 vero
1167 2594 1194 2620 p.
1210 2586 1270 2613 177.
1288 2585 1316 2613 In
1335 2587 1431 2614 ultimo
1448 2592 1539 2615 autem
1557 2590 1618 2616 cod.
1634 2590 1771 2618 habentur
1784 2590 1881 2619 Philo-

262 2632 317 2659 thei
334 2630 496 2665 patriarcha
510 2629 541 2656 C.
556 2628 586 2656 Ρ.
603 2629 675 2655 circa
688 2629 811 2655 eamdem
826 2628 1004 2662 quaestionem
1027 2634 1122 2656 contra
1140 2628 1288 2664 Gregoram
1309 2629 1482 2658 Barlaamum
1504 2637 1531 2659 et
1549 2633 1720 2668 Acindynum
1734 2643 1742 2661 :
1758 2643 1810 2663 nec
1827 2644 1881 2664 non

261 2674 394 2710 Synodici
412 2673 479 2700 tomi
501 2677 557 2700 tres
571 2677 665 2699 contra
679 2672 801 2698 eosdem.
818 2670 898 2698 Initio
922 2671 983 2698 cod.
1002 2672 1049 2699 101
1072 2674 1126 2700 duo
1151 2673 1214 2700 folia
1238 2674 1271 2701 ad
1288 2675 1517 2710 compingendum
1539 2676 1661 2704 adhibita
1683 2683 1760 2711 sunt,
1777 2680 1884 2708 decimo

260 2719 362 2746 smculo
392 2723 514 2749 exarata,
526 2717 571 2743 ubi
586 2716 766 2750 fragmentum
787 2713 899 2747 Vitom's,
914 2714 1036 2748 Βίτωνος

1108 2717 1189 2748 libro,
1201 2718 1245 2744 cui
1263 2718 1371 2751 titulus,
1403 2719 1574 2755 Κατασκευὴ-
1585 2721 1742 2756 πολεμικῶν
1756 2723 1884 2758 ὀργάνων

261 2763 308 2789 καὶ
321 2761 542 2789 καταπελτικῶν.
559 2761 588 2788 ln
607 2760 653 2786 illo
674 2760 826 2794 iragmento
841 2764 1050 2793 repraesentatur
1064 2762 1149 2796 lignra
1168 2762 1254 2796 gruis,
1273 2762 1448 2791 instrumenti
1464 2764 1749 2801 bellici‘aliquautum
1773 2769 1885 2796 diversa

301 2853 333 2888 (j)
349 2853 517 2888 Nicephorus
534 2853 679 2890 Gregoras,
697 2853 755 2888 XII,
769 2855 797 2888 3,
819 2855 888 2883 (list.
