1967 3071
122 158 189 192 759'
820 163 1007 199 INOTITIK.
1691 171 1758 204 790*
1770 181 1772 184 '

158 216 283 245 Clemens
302 218 489 254 philosophus,
508 219 537 254 V,
554 221 579 247 4.

162 262 276 291 Divinos
288 264 413 294 Cosmas.
431 265 474 299 Vl,
491 267 517 294 4.
533 266 645 295 Canoue
661 267 721 295 festi
756 267 1016 303 transilgurationis,
1038 268 1081 302 VI,
1097 268 1126 300 6,
1143 269 1169 296 7.
1189 269 1218 296 In
1235 270 1268 298 iis
1283 277 1343 305 qua
1359 270 1386 297 in
1413 268 1530 298 mediam
1562 270 1752 298 Ponti-.costetr

121 315 268 343 canuntur,
287 310 332 343 VI,
350 310 378 338 6.

158 354 276 390 Cyrillus
296 355 373 384 Alex.
390 355 435 389 Ill,
454 355 489 388 5;
507 354 575 389 VIII,
591 356 634 383 1ο.
651 355 678 383 In
693 355 840 388 thesauris,
857 354 901 388 IV,
915 355 952 388 9;
978 354 1033 388 VII,
1051 355 1078 388 2,
1093 356 1128 387 5-,
1153 355 1200 389 IX,
1217 357 1244 383 ϐ.
1264 357 1345 385 Libro
1359 359 1458 392 primo,
1474 358 1521 391 IX,
1546 358 1579 390 f';
1598 359 1670 390 libro
1698 368 1740 392 ηπ,

120 400 210 434 capite
225 398 383 434 quarto,.X,
395 399 427 433 9;
449 400 519 427 libro
533 408 588 432 xtv,
604 399 651 431 IX,
671 400 697 431 6,
710 399 737 432 8,
753 399 805 433 1ος
824 399 894 427 libro
910 405 952 431 xv,
977 398 1023 430 IX,
1043 399 1080 432 6;
1097 399 1167 427 libro
1178 408 1237 433 Ill,
1257 401 1303 432 IX,
1318 402 1352 432 8;
1369 401 1441 429 Iihro
1456 411 1531 434 nu,
1553 402 1588 434 Χ,
1606 404 1640 436 2;
1671 404 1740 432 libro

122 451 208 476 sun,
223 442 257 475 Χ,
273 443 299 477 T,
320 444 408 478 capite
423 443 470 475 55,
489 443 536 476 IX,
554 444 584 477 5‘,
596 443 635 476 7:
658 443 729 471 libro
741 450 834 475 xutv,
853 442 887 474 Χ,
905 442 933 470 7.
945 442 1090 471 Disserens
1102 443 1136 471 de
1151 443 1255 479 Spiritu
1270 450 1376 476 sancto.
1392 445 1446 478 VII,
1464 447 1492 477 2,
1507 447 1534 479 5,
1550 447 1588 479 5;
1603 446 1649 480 IX,
1668 448 1695 480 6,
1711 448 1739 475 7.

121 487 319 521 Explanationo
333 487 360 514 in
381 486 495 520 Lucam,
510 487 555 520 VI,
579 488 606 515 4.
621 487 704 514 Libro
724 487 812 520 primo
827 487 860 514 ad
881 486 1031 518 let-titiam,
1045 485 1091 518 IX,
1103 487 1130 514 τ.
1148 486 1230 515 Libro
1245 488 1344 523 quinto
1366 488 1505 526 Dialogor.
1531 491 1564 516 ad
1587 489 1739 522 Hermiam,

119 529 167 562 IX',
182 530 210 558 7‘.
229 529 315 558 Libro
326 531 555 566 septimorcorum
566 529 833 567 quosmoredialogi
849 530 969 566 scripsit,
984 529 1030 561 Vl.
1044 529 1070 558 7.
1088 530 1171 558 Libro
1185 532 1301 566 septimo
1328 532 1504 568 Dialogorum
1530 533 1568 562 ad
1588 534 1742 567 Iit-ratium,

122 577 177 612 VII,
195 578 296 612 4;,IX,
311 578 403 613 στι,
415 579 443 607 5.

154 635 272 671 arma.
285 636 422 664 Hiemi.
432 635 460 664 in
477 635 683 668 ϐιωοὴθεῑιωι.
696 633 751 667 VII,
769 633 796 666 1,
813 634 919 662 decima
938 634 1091 667 Catechesi,
1109 635 1153 667 VI,
1167 635 1194 662 ι.

156 679 271 708 Divinos
285 679 441 707 Diadoehus
454 683 482 706 et
496 678 602 706 IiIeotif
613 678 753 714 magister,
769 677 838 710 VIII,
854 678 882 706 8’.
898 679 908 711 (
921 676 1000 705 Libro
1014 677 1045 705 de
1059 679 1220 712 perfectione
1230 679 1366 713 ψει-εινπῆ
1377 681 1474 707 citam
1485 689 1500 707 α
1515 680 1649 708 Turriauo
1660 681 1739 707 scito-

119 723 164 750 Iit's
179 724 214 751 ad
229 723 264 757 X,
322 724 468 758 Episcopo:
480 723 606 752 Photicu
622 723 650 751 itt
663 722 756 758 Epiro,
770 730 847 757 quem
865 722 895 750 s.
910 720 1046 749 Maximus
1062 723 1144 749 citare
1156 727 1180 749 et
1195 724 1269 758 sequi
1282 723 1358 756 solet,
1375 723 1443 751 libro
1463 732 1543 751 aureo
1561 725 1738 759 quwsliouum

118 767 152 795 do
163 767 254 795 animo
269 773 393 802 separata
405 773 430 794 et
445 767 557 802 angelis,
572 775 647 803 qum
664 767 800 800 inscripsit
818 766 1006 801 Apocalypsin,
1027 766 1065 793 id.
1081 766 1102 802 ).

156 810 302 846 Dionysius
314 811 481 846 Areopagita
495 810 607 845 passim
617 818 666 845 per
682 815 768 838 totum
785 817 865 845 opus.
889 808 1056 844 Theologus,
1075 810 1143 844 VIII,
1161 811 1202 838 III.

155 854 303 891 Dionysius
318 855 395 883 Alex.
410 855 523 883 schoiiis
536 855 569 883 ad
588 848 749 891 Dionysium
764 853 967 889 Areopagitam,
982 853 1002 887 I,
1016 853 1027 881 I
1045 863 1053 887 ;
1072 853 1105 888 II,
1124 854 1151 882 2.

154 900 184 928 Β.
203 901 327 935 Ephrtem
342 901 466 928 oratione
482 901 509 928 in
525 900 806 934 transﬂgnrationem,
820 897 865 931 VI,
882 898 910 926 4.

155 943 185 972 S.
204 944 349 980 Epiphsnii
365 945 489 979 panaria,
503 943 548 978 III,
567 943 598 977 4;
617 943 651 977 V,
662 943 690 970 2.
705 948 800 971 contra
817 942 933 970 Itzresin
948 940 1158 975 Marcoslorum,
1175 941 1242 975 VII,
1264 943 1305 970 I0.
1319 942 1423 972 IImrest
1437 949 1530 971 contra
1543 944 1741 978 Ptolemaeltas,

154 1031 305 1059 Eunomius
325 1030 353 1057 in
369 1029 403 1057 iis
418 1037 478 1064 quas
492 1033 587 1056 contra
605 1027 736 1056 Basilium
753 1036 884 1064 magnum
900 1028 1006 1063 scribit,
1023 1027 1056 1063 Χ,
1074 1029 1103 1057 4.

153 1075 294 1107 Eusebius
303 1073 494 1105 Caesariensis,
511 1072 555 1106 111,
572 1073 599 1100 4.

153 1121 291 1157 Enthytnii
307 1120 458 1155 dogtnatica
473 1119 611 1155 panoplia,
627 1118 673 1151 III,
687 1119 715 1146 2.

156 1167 274 1194 Sanctus
287 1173 319 1192 ac
333 1164 443 1192 divinus
454 1164 608 1192 Germanus
624 1164 650 1191 in
666 1163 841 1198 Expositione
855 1163 927 1197 iidei,
945 1163 1014 1196 VIII,
1034 1164 1077 1192 I0.

153 1209 312 1245 Gregorius,
331 1208 483 1242 theologus.
501 1207 521 1240 Ι,
539 1208 573 1240 5;
589 1207 634 1239 IV,
653 1207 687 1241 8;
707 1206 750 1238 Vl,
766 1207 792 1239 7.
810 1207 836 1236 9.
851 1207 933 1236 Libro
949 1208 1037 1243 primo
1050 1209 1083 1237 de
1101 1208 1181 1243 Filio,
1199 1209 1267 1244 VIII,
1289 1211 1298 1238 I
1313 1219 1321 1244 ;
1338 1210 1385 1242 IX,
1399 1211 1416 1238 5
1431 1220 1439 1245 ;
1456 1211 1487 1243 Χ,
1505 1211 1534 1245 ‘2,
1553 1212 1580 1239 5.
1597 1211 1681 1239 Libro
1696 1220 1742 1241 se-

116 1254 220 1287 cundo,
237 1253 283 1286 VI,
296 1253 322 1280 6.
339 1254 415 1279 Orat.
430 1252 464 1280 de
478 1252 580 1286 Spiritu
597 1257 703 1285 sancto,
721 1250 765 1284 IIl,
782 1251 817 1285 4;
833 1251 888 1286 VII,
906 1253 933 1279 5.
948 1252 1075 1280 Sccnnio
1092 1253 1125 1280 de
1143 1254 1278 1289 theologia
1291 1255 1371 1288 libro,
1389 1254 1410 1285 I.
1428 1255 1462 1289 6;
1478 1255 1512 1287 II,
1532 1256 1558 1288 ι,
1575 1256 1601 1288 5,
1614 1256 1641 1289 'I,
1656 1256 1683 1289 8,
1701 1256 1739 1290 9;

116 1297 163 1330 III,
183 1299 216 1329 4;
235 1297 280 1330 VI,
297 1297 324 1328 6,
338 1296 378 1329 9',
390 1295 458 1327 VIII,
471 1295 510 1327 8",
525 1294 571 1327 IX,
585 1295 612 1322 5.
626 1295 709 1322 Libro
727 1296 807 1322 tertio
823 1296 964 1331 theologize
979 1304 1046 1329 sum,
1071 1296 1106 1327 Χ,
1123 1297 1166 1324 10.
1186 1297 1334 1332 Disputans
1350 1303 1444 1325 contra
1459 1299 1634 1333 Ennomiunt,
1651 1299 1695 1332 III,
1713 1300 1738 1326 I.

116 1343 155 1371 De
175 1343 316 1370 divinitate
332 1341 365 1369 ad
381 1341 526 1375 Evagrium
543 1340 722 1372 monachum,
743 1340 787 1372 IV,
805 1340 841 1373 8;
859 1339 917 1372 VII,
930 1339 957 1367 4.
973 1340 1102 1367 Oratione
1116 1348 1177 1367 cum
1192 1340 1281 1368 factus
1305 1345 1347 1368 est
1363 1341 1516 1377 presbyter,
1537 1341 1569 1374 V,
1590 1342 1617 1370 9.
1637 1343 1673 1370 Do
1691 1344 1740 1370 ba-

115 1388 225 1422 ptismo.
241 1387 286 1419 Vl,
302 1387 331 1418 5,
346 1386 399 1420 I0;
417 1385 462 1418 IX,
480 1386 507 1413 5.
520 1385 561 1412 Ad
577 1384 724 1417 Heronem,
745 1383 789 1415 VI,
807 1384 833 1411 5.
851 1384 879 1411 In
896 1391 1021 1411 sermone
1047 1383 1215 1418 Epiphanio,
1231 1384 1275 1416 IV,
1294 1385 1319 1411 I.
1347 1385 1430 1412 Lihro
1445 1385 1478 1412 de
1493 1390 1565 1413 statu
1594 1387 1724 1421 episcopo

114 1439 190 1464 rum,
206 1430 250 1462 IIl.
267 1430 294 1459 6.
312 1431 348 1458 De
362 1429 562 1457 constituendis
578 1428 724 1464 episcopis,
742 1427 789 1460 IX,
806 1428 834 1459 2,
859 1427 884 1454 5.
904 1427 934 1455 In
949 1426 1071 1454 Natalem
1091 1427 1209 1460 Domini,
1230 1427 1275 1460 Vl,
1290 1428 1327 1461 7;
1359 1427 1426 1455 VIII.
1445 1428 1575 1455 Oratione
1602 1428 1636 1456 de
1664 1429 1737 1457 bon)

114 1476 211 1502 ordine
230 1474 393 1505 disserendi,
407 1473 451 1504 VI.
466 1473 493 1503 5.
510 1472 536 1500 6.
555 1472 680 1500 Secunda
697 1471 730 1499 de
747 1479 825 1507 pace,
841 1470 899 1503 VII,
912 1470 940 1498 9.
955 1470 1048 1498 Tertia
1066 1470 1112 1503 IX,
1129 1471 1155 1498 5.
1173 1471 1201 1498 In
1223 1470 1417 1503 Pentecosten,
1445 1471 1501 1504 VII,
1516 1471 1545 1499 9.
1569 1472 1597 1498 In
1628 1472 1738 1500 laudem

114 1517 237 1552 Gregorii
253 1516 382 1554 Nysseni,
396 1516 441 1548 IX,
461 1516 487 1543 7.

151 1573 299 1602 Gregorius
313 1571 464 1607 Nyssenus,
483 1570 514 1602 II,
531 1570 565 1602 5;
585 1569 631 1602 IV,
647 1569 675 1602 8,
693 1570 709 1597 9
720 1579 733 1603 μ
744 1568 801 1601 VII,
816 1569 843 1602 8,
862 1569 894 1597 I0
907 1577 919 1603 ',
933 1568 979 1601 IX,
999 1571 1022 1602 I,
1036 1570 1067 1603 2,
1079 1570 1106 1603 4,
1122 1569 1147 1597 5.
1165 1570 1241 1600 Orat.
1262 1571 1295 1598 ad
1308 1569 1491 1604 Pulchcriatn,
1508 1571 1553 1604 IX,
1584 1571 1611 1599 6.
1636 1571 1737 1600 Contra

115 1617 294 1647 Emnomium,
311 1616 356 1648 IV,
374 1615 407 1648 5;
424 1616 455 1647 V,
474 1616 490 1643 9
504 1623 518 1648 ι
530 1614 597 1647 VIII,
612 1614 639 1642 (ἰ.
654 1613 739 1641 Libro
757 1613 803 1648 qui
823 1613 919 1648 incipit
934 1613 1028 1640 Prima
1038 1615 1156 1648 quidem,
1175 1615 1196 1646 I,
1219 1614 1245 1642 6.
1263 1613 1346 1643 Libro
1374 1615 1473 1650 primo,
1508 1615 1541 1649 V,
1557 1615 1593 1650 9;
1614 1614 1672 1648 VII,
1700 1616 1741 1650 8;,

115 1662 161 1692 IX.
175 1662 245 1694 5,6;
264 1660 296 1693 IL,
315 1661 341 1692 4,
359 1660 392 1689 5:
411 1659 499 1693 capite
515 1666 572 1689 ιιι,
594 1657 680 1690 Χ,9;
707 1658 778 1685 lihro
807 1657 941 1690 secundo,
966 1655 1009 1687 III,
1029 1658 1062 1692 5;
1090 1658 1124 1691 V,
1137 1660 1165 1686 9.
1198 1658 1298 1687 Contra
1332 1658 1494 1687 Eunomium
1527 1668 1611 1693 nono,
1633 1660 1680 1694 IX,
1704 1662 1737 1692 ις

113 1706 223 1733 decium
239 1706 328 1736 tertio,
342 1703 386 1735 ιν,
400 1703 433 1736 6;
447 1703 481 1735 Χ.
500 1703 534 1730 Δ,
547 1702 630 1730 Libro
644 1702 677 1729 de
695 1701 862 1731 Abraltamo.
881 1701 889 1728 I

962 1723 968 1730 .
986 1702 1023 1729 De
1035 1705 1089 1730 vita
1108 1702 1200 1736 Mosis,
1214 1704 1246 1737 Il,
1259 1703 1295 1734 8:
1315 1703 1384 1735 VIII,
1410 1703 1436 1731 8.
1454 1705 1653 1740 Explanatione
1667 1705 1737 1733 Can—

113 1751 162 1778 ticl
175 1750 307 1778 canticor.
321 1748 365 1780 ιν,
381 1749 416 1778 5;
433 1747 489 1780 VII,
502 1748 536 1779 4;
553 1747 597 1777 IX.
612 1747 638 1774 7.
653 1747 725 1778 1,7.
741 1746 769 1772 III
786 1745 861 1776 illud,
878 1745 1009 1773 Adueniet
1031 1755 1140 1782 regnum
1155 1753 1240 1781 tuum,
1263 1747 1310 1780 IX,
1324 1748 1349 1781 7,
1367 1749 1395 1776 9.
1413 1749 1498 1784 Epist.
1511 1750 1543 1777 ad
1557 1749 1736 1785 Theophilum

113 1795 192 1822 Alex.
210 1797 306 1820 contra
319 1792 530 1828 Apollinarium,
546 1791 591 1823 VI,
606 1791 633 1818 6.
649 1790 732 1818 Libro
746 1789 835 1824 primo
854 1789 881 1817 in
900 1788 1096 1823 Ecclesiasten,
1112 1790 1157 1823 VI,
1175 1791 1201 1818 7.
1219 1791 1418 1826 Explanatione
1439 1792 1651 1827 beatitudinum,
1667 1794 1739 1828 VIII,
1768 1785 1772 1788 ’

113 1839 135 1866 8-
159 1839 240 1865 Libro
254 1838 401 1872 inscripto,
416 1844 477 1872 qum
491 1837 528 1863 sit
543 1835 694 1863 Christiani
719 1834 871 1868 professio,
882 1833 928 1865 IX,
941 1834 969 1861 2.
982 1833 1012 1860 In
1028 1833 1216 1864 Catechetico.
1241 1834 1288 1867 IX,
1302 1835 1340 1867 5;
1355 1835 1391 1868 Χ,
1409 1836 1436 1863 8.

151 1883 181 1910 S.
198 1881 335 1909 IIin-rothci
351 1881 443 1908 divina
457 1879 602 1914 principia,
620 1879 676 1911 Vlk
691 1879 710 1905 2
724 1878 734 1913 (
748 1886 786 1906 οι
799 1877 928 1913 Dionysio
943 1878 1079 1913 Areopag.
1099 1877 1128 1911 ).;
1148 1879 1242 1912 hymni
1259 1879 1396 1911 amatorii,
1419 1879 1489 1913 VIII,
1507 1880 1534 1908 1.

150 1926 269 1954 Joannes
282 1926 480 1957 Damascenus,
496 1925 539 1954 III.
552 1924 628 1957 5;V.
645 1924 681 1955 9.;
699 1923 743 1955 VI.
756 1923 790 1954 θ’,
805 1921 860 1954 VII.
878 1921 890 1948 ί
906 1930 913 1954 ;
933 1921 1000 1953 VI".
1017 1921 1070 1954 I0:
1088 1921 1133 1951 IX.
1153 1921 1164 1948 1
1180 1930 1187 1953 ;
1209 1921 1244 1953 Χ.
1262 1922 1288 1953 Ι.
1305 1922 1332 1953 2.
1351 1923 1378 1950 3.
1394 1923 1560 1958 Theologus,
1579 1923 1622 1956 III,
1637 1924 1672 1956 7;
1691 1925 1740 1956 IV.

115 1971 150 2004 8‘;
175 1969 242 2001 VIII.
261 1970 289 1997 Ξ.
306 1969 510 2000 Divinissimns,
529 1968 573 2000 VI,
594 1968 621 1995 ι.
640 1968 668 1995 In
691 1966 972 2002 transtlgttrationem,
989 1965 1033 1997 VI,
1051 1966 1079 1992 4.
1095 1965 1190 2000 Capito
1217 1966 1250 1993 de
1266 1966 1413 2000 'I‘rinitate,
1434 1966 1480 1999 IX,
1496 1968 1522 1995 9.
1541 1967 1613 1994 Libri
1645 1975 1675 1994 III
1701 1968 1736 1994 de

113 2015 265 2042 orthodoxa
280 2013 341 2045 title,
357 2019 439 2048 caput
450 2013 495 2045 12-,
511 2012 543 2044 V,
554 2013 591 2044 9;
606 2016 690 2046 caput
702 2010 748 2042 62;
765 2010 808 2041 Ill.
823 2011 863 2041 4;
881 2013 964 2044 caput
975 2009 1021 2042 65,
1043 2008 1089 2042 IX,
1106 2009 1133 2037 4.
1155 2009 1268 2037 Canone
1284 2010 1310 2037 in
1334 2011 1616 2046 transtigurationem,
1637 2010 1683 2044 VI,
1705 2011 1731 2038 7.

114 2058 251 2086 Sermone
265 2057 396 2091 insrripto
408 2057 440 2083 de
458 2055 670 2090 proprii-talibus
685 2054 801 2086 Christi,
817 2053 853 2086 Iit,
869 2054 898 2082 4.

151 2113 181 2140 5.
200 2112 337 2142 Iustinus.
354 2111 537 2146 philosophus
549 2114 577 2137 et
591 2115 705 2145 martyr,
731 2109 801 2141 VIII.
816 2109 862 2137 10s
880 2109 1010 2138 Oratione
1036 2111 1071 2139 de
1087 2116 1160 2140 recta
1176 2110 1361 2143 confessione.
1390 2111 1457 2146 VIII,
1474 2113 1498 2145 I,
1516 2113 1543 2141 8.
1559 2113 1588 2141 In
1615 2114 1648 2141 iis
1674 2121 1739 2148 qua)

114 2157 230 2185 Photius
243 2156 396 2190 patriarcha
412 2163 445 2182 ex
466 2162 499 2182 eo
515 2154 622 2187 recitat;
639 2153 687 2181 HL.
706 2154 734 2181 ι.

150 2201 269 2228 Sanctus
282 2201 388 2232 Justus,
406 2200 438 2232 V,
456 2199 483 2226 8.
505 2198 543 2225 Ex
559 2198 690 2233 Dionysio
702 2205 726 2225 c.
747 2198 790 2231 Il,
807 2198 846 2225 De
861 2198 960 2225 diuinis
976 2198 1140 2226 nominibut.

151 2244 299 2279 (Leontius
319 2243 383 2279 Byz.
399 2249 492 2270 contra
509 2242 771 2276 Aphthurtodacetas,
788 2243 887 2269 ritalur
902 2242 928 2268 in
943 2243 1049 2270 scltolt'it
1066 2243 1194 2271 Turrlam'
1211 2245 1247 2271 ad
1267 2243 1352 2278 VI”,
1365 2245 1392 2277 9,
1416 2250 1510 2272 auctor
1533 2246 1669 2274 eruditi».
1687 2246 1735 2274 lib.

113 2289 215 2317 Contra
231 2287 390 2314 Nestorium-
398 2292 422 2313 et
437 2286 583 2321 Eutychen,
597 2285 632 2318 ad
646 2284 698 2317 IX,
715 2285 744 2314 9.
759 2286 768 2321 )

151 2344 160 2378 (
178 2342 286 2370 Μαηιιει
300 2342 420 2373 Calceus,
433 2342 501 2368 libro
523 2341 560 2368 De
571 2341 704 2369 T'n'm'tale
716 2341 816 2368 citatur
830 2341 857 2368 in
874 2340 1002 2370 Τιαννίαηί
1021 2343 1138 2375 ιεήοιίἕε,
1158 2344 1194 2370 ad
1210 2343 1242 2375 Χ,
1260 2343 1327 2379 ωδ).

152 2387 182 2415 S.
203 2386 337 2413 Maximus
354 2386 387 2413 ad
404 2386 512 2421 Dinnys.
538 2386 747 2420 Areopagitam,
767 2385 838 2418 1.1;
861 2385 904 2416 Ill.
921 2386 948 2418 8,
971 2387 999 2419 9,
1021 2393 1074 2415 etc.
1098 2388 1298 2423 Explanatione
1328 2388 1422 2416 subtili
1449 2390 1628 2423 preCationls,
1654 2391 1735 2419 Pater

113 2437 215 2464 noster,
244 2430 291 2470 IX,
309 2431 334 2457 5.
355 2430 382 2457 In
397 2430 568 2464 lItcoIogIcis,
588 2429 619 2462 II,
638 2430 665 2462 5,
683 2430 711 2463 4,
723 2430 750 2462 6,
767 2430 794 2461 7,
810 2430 844 2463 9;
863 2429 908 2463 VI,
925 2429 952 2457 9.
965 2430 1102 2458 Ccnturia:
1121 2439 1139 2461 I,
1156 2433 1247 2466 capite
1262 2432 1388 2467 septimo,
1413 2431 1447 2464 Χ.
1474 2432 1501 2459 9.
1524 2433 1619 2468 Capite
1645 2436 1680 2462 58
1707 2441 1735 2462 (ιι

113 2475 149 2504 59
168 2475 298 2503 centuria!
312 2474 423 2509 ῳιῐηιπιι,
438 2473 493 2503 VII.
509 2473 535 2500 5.
552 2474 625 2507 Disp.
648 2479 743 2501 contra
765 2474 910 2509 Pyrrhum,
931 2474 975 2506 III,
993 2475 1027 2508 5;
1052 2475 1081 2507 V,
1099 2475 1135 2506 9;
1151 2475 1185 2506 Χ,
1205 2476 1232 2503 4.
1249 2477 1275 2502 In
1290 2477 1434 2503 sententiis
1450 2477 1574 2511 Gregorii
1599 2479 1732 2513 theologi,

115 2518 160 2550 III,
181 2518 215 2548 '2;
235 2517 302 2548 VIII,
328 2517 352 2543 I.
380 2516 573 2550 Spreulmione
586 2517 672 2552 magis
687 2516 798 2544 diiatata
817 2517 850 2544 de
870 2519 1124 2553 transtigurationo,
1139 2519 1181 2551 γη
1197 2519 1224 2546 5.
1250 2519 1369 2548 Basilius
1384 2520 1522 2548 adnotatis
1536 2528 1551 2547 a
1569 2521 1597 2549 S.
1613 2522 1733 2549 Maximo

114 2563 148 2589 de
169 2561 278 2595 enrrgia
293 2565 387 2588 contra
410 2561 613 2594 Monothelitus,
636 2560 679 2593 III,
701 2561 727 2588 4.
748 2560 840 2591 Libro,
858 2562 930 2595 quod
948 2562 975 2588 in
990 2562 1101 2589 Clu-isto
1118 2568 1164 2591 cst;
1178 2571 1281 2596 rerum,
1302 2563 1328 2590 id
1343 2569 1384 2590 est
1401 2564 1631 2595 substantiarutn,
1652 2566 1732 2593 diII'e-

115 2605 260 2636 rentia,X-,
277 2605 304 2631 8.
323 2605 418 2639 (Iapite
433 2604 449 2631 9
463 2605 594 2632 centuriae
620 2610 726 2640 quarta:
741 2606 774 2632 de
800 2606 944 2638 cltaritate,
968 2606 1022 2638 VII,
1048 2606 1074 2633 9.
1096 2607 1123 2634 In
1142 2608 1273 2635 centuriis
1294 2608 1467 2642 tlieologicis,
1492 2613 1599 2636 centur.
1624 2617 1666 2640 III.
1686 2617 1731 2637 ca-

111 2650 168 2685 pite
183 2650 272 2680 Iettio,
289 2648 323 2680 Χ,
336 2649 369 2680 8;
390 2652 500 2683 quarto,
516 2648 549 2679 Xa,
571 2649 609 2680 7:
626 2649 754 2684 septimo,
771 2648 825 2681 VII,
848 2649 893 2681 I0;
908 2657 969 2683 cap.
987 2649 1032 2679 42,
1048 2651 1112 2676 ibid.
1127 2658 1136 2681 ,'
1152 2651 1274 2677 centuria
1291 2651 1388 2685 prima,
1406 2658 1467 2685 cap.
1483 2653 1511 2683 2,
1534 2651 1601 2684 VIII,
1620 2652 1630 2678 I
1645 2661 1653 2685 ;
1668 2661 1731 2688 cap.

113 2694 159 2727 55,
181 2692 249 2722 VIII.
268 2694 302 2724 4;
321 2700 381 2727 cap.
403 2692 418 2719 ϐ
444 2693 538 2731 .Icrtite
558 2693 696 2723 rentur-im,
719 2692 787 2724 VIII,
808 2694 835 2720 2.
856 2693 957 2720 Octava
973 2693 1113 2723 Cv-ntmia.
1133 2702 1198 2728 cap.
1215 2695 1260 2725 88,
1285 2694 1350 2727 VIII,
1371 2696 1408 2727 ις
1431 2702 1490 2729 cap.
1523 2695 1568 2728 87,
1601 2695 1670 2729 VIII,
1702 2697 1730 2724 5.

113 2738 227 2765 Centur.
246 2744 275 2763 tu
296 2737 330 2764 de
343 2736 487 2768 charitate,
504 2744 566 2771 cap.
586 2737 636 2769 21,⁴
653 2736 719 2769 VIII,
741 2737 775 2769 5.;
799 2745 860 2771 cap.
882 2738 927 2768 27,
950 2737 1018 2770 VIII,
1034 2738 1068 2770 7;
1095 2745 1154 2772 cap.
1176 2738 1222 2771 29,
1246 2739 1312 2770 VIII,
1331 2740 1359 2767 9.
1386 2738 1516 2766 Centuria
1539 2748 1576 2770 Vl.
1599 2747 1660 2774 cap.
1683 2741 1730 2773 84,

114 2780 182 2811 VIII,
204 2780 231 2808 6.
253 2781 381 2808 Ceuturia
398 2789 436 2814 tv,
456 2789 516 2816 cap.
544 2781 596 2808 Ict
613 2781 639 2813 4,
656 2780 702 2814 IX,
720 2781 769 2814 I0;
785 2789 846 2817 cap.
867 2782 893 2816 8,
910 2782 944 2815 Χ,
966 2782 975 2809 1
994 2791 1001 2815 ;
1027 2782 1202 2810 adnotatione
1230 2783 1401 2811 extrinsecus
1428 2783 1517 2819 posita
1546 2784 1579 2811 ad
1610 2788 1691 2819 caput
1714 2784 1732 2812 ξ

113 2825 251 2853 Centuria:
264 2823 369 2859 primae,
391 2824 424 2857 Χ,
440 2825 466 2852 4.

151 2878 252 2906 Phtedo
270 2878 457 2914 pltilOsopltus,
479 2878 550 2907 inira
566 2879 592 2907 itt
614 2879 730 2915 synodo.
