1963 3066
108 153 160 184 853

114 205 209 240 ’Λδρᾶς
227 204 370 241 μετασχὼν
389 204 437 239 τῆς
453 203 580 230 ἀνουσίου
593 203 680 237 πλάνη
688 212 708 234 :.

111 252 163 278 Καὶ
181 252 231 286 τῆς
243 251 376 285 ταπεινῆς
391 249 520 281 ἐσπακὼς
537 250 607 283 ἄγαν
632 249 719 280 Ῥέας,

110 296 160 323 Καὶ
175 296 229 331 γὰρ
244 296 393 331 καταρρεῖν
409 297 458 326 τὰς
473 295 623 329 ὑφειμέναις
637 295 711 328 λέγει

115 342 161 368 Ἐκ
177 342 227 377 τῆς
245 341 360 377 ῥεούσης
372 341 497 377 οὐδαμῶς
512 341 649 374 ὲξουσίαε,

112 389 161 419 ’Ᾱς
185 387 319 422 nomen;
336 389 383 414 τοῦ
403 387 470 414 Θεοῦ
489 387 588 422 μοίρας
599 388 688 423 λέγει,

115 432 245 467 Ἐπείπερ
262 433 312 459 οὐκ
329 433 425 459 ἄποιον
440 433 533 459 οὐσίαν
545 433 620 468 ἄγει,

109 478 170 505 Οὐδ’
182 478 243 505 αὖτ’
255 478 356 514 ἔνεργῆ
371 479 421 513 τὴν
433 478 591 514 ὑπερτάτην
608 479 700 513 φύσιν.

113 524 143 550 '0
157 524 179 551 δ’
193 524 274 556 αὐτὸς
283 525 364 552 αὑτὸν
378 526 502 559 ἐκφανῶς
513 525 583 552 οὓτω
596 527 722 561 γράφων,

113 571 258 597 Ἀκτιστον
272 570 309 602 ὡς
323 571 345 597 δ’
357 571 475 606 ἄναρχον
486 571 631 606 ἀνθρώπου
646 571 757 606 σπόρον,

110 614 161 641 K7."
176 615 287 649 σπέρμα
304 617 410 647 νυκτίς,
429 617 474 642 καὶ
492 616 597 652 φθορᾶς
612 616 692 651 ἔργον
707 617 798 650 φύσει,

112 661 166 687 Καὶ
184 661 287 695 βρῶσιν
307 663 420 698 οίχτρὰν
435 663 490 689 τῶν
509 663 624 690 ὀδόντων
640 662 688 689 τοῦ
702 663 800 698 χρόνου

111 707 142 733 Εἰ
158 708 213 733 κάκ
229 707 330 743 μέρους
349 708 448 743 ἔσχηκε
465 708 501 744 μὴ
517 709 688 744 τεθνηκέναι,

111 753 170 779 Κᾶν
188 752 323 788 ἐξαναστῇ
341 755 388 780 καὶ
401 754 431 780 τὸ
446 754 494 781 νῦν
511 754 652 790 διαρρέον,

111 799 166 832 Τῆς
181 799 298 834 ἐσχάτης
313 799 462 834 σάλπιγγος
475 801 682 836 ἐκκαλουμένης

111 843 211 870 Τοῦτον
227 844 270 875 τίς
293 844 378 871 εἰπὼν
393 845 492 879 εὐσεὸἦ
509 846 611 880 φρένας
631 847 727 882 φέρεις

112 888 169 915 Οὐκ
185 889 244 915 ἐστι
263 889 352 922 τοῦτο,
369 890 427 922 πῶς
443 891 497 926 γὰρ
513 892 561 918 οὐκ
577 892 635 920 ἔστι
653 903 659 926 ;
678 895 778 928 πόθενς

111 934 190 960 Οὖτω
204 934 340 969 κατῆλθεν
357 935 398 966 είς
411 935 441 962 τὸ
464 937 519 963 πᾶν
535 938 622 964 κακοῦ
640 938 731 973 βάθος.

113 977 171 1005 Εἶθ’
184 979 198 1004 ὁ
216 979 354 1015 φρονήσας
376 981 425 1015 οὐχ
440 981 585 1016 ἁμαρτεῖν,
601 983 648 1009 καὶ
664 984 783 1019 φράσας,

113 1024 181 1051 Θεὸν
196 1025 260 1061 παρ’
278 1026 352 1061 αὐτῷ
366 1028 554 1063 προσκυνητὺν
569 1029 618 1055 οὐκ
633 1029 701 1064 ἔχει,

119 1071 164 1102 Ὠς
183 1072 216 1098 ἂν
230 1072 260 1098 τὺ
274 1072 388 1108 βροντῆς
400 1074 517 1108 ἐκραγὲν
534 1075 609 1109 ῥῆμα
624 1076 738 1110 φράσαι,

66 1136 70 1139 ι
114 1117 210 1144 Καίτοι
226 1119 373 1154 καταρρεῖν
387 1128 454 1155 φησι
472 1121 521 1152 τὰς
542 1121 692 1156 ὑφειμέναις

119 1161 238 1196 ’Λνδρῶν
251 1163 378 1198 θεαυγῶν
395 1165 420 1191 οί
438 1165 568 1201 θεηγόροι
587 1167 673 1201 λόγοι,

118 1206 163 1239 Ὠς
183 1209 229 1234 καὶ
246 1209 381 1243 μεθεκτὰς
395 1211 426 1237 οὗ
438 1212 483 1237 τὶν
499 1213 582 1239 αὐτόν
596 1221 627 1247 γε
642 1214 752 1249 τρόπον,

114 1254 218 1288 Ὀνπερ
231 1255 366 1289 μεθεκτήν
379 1264 445 1291 φασι
461 1257 510 1292 τὴν
528 1258 640 1293 πρώτην
657 1259 750 1293 φύσιν,

114 1295 213 1335 Τὴνόὐ
237 1300 382 1336 μεθεκτὴν,
399 1302 463 1335 τοὺς
477 1304 640 1340 ὑφειμένους
657 1305 788 1340 τρόπους.

120 1345 190 1371 Ἀλλ’
201 1345 247 1372 οὖν
261 1347 377 1382 γενητάς
391 1357 457 1383 φασι
471 1350 524 1376 τῶν
539 1350 634 1386 δώρων
649 1351 747 1383 δόσεις.

121 1391 192 1417 ’Λλλ’
210 1392 270 1428 οὐχὶ
284 1392 425 1428 θειότητας
442 1396 599 1428 ἀκτίστους.
613 1397 696 1424 Πόθεν
709 1406 716 1430 ;

115 1437 155 1463 Οὐ
169 1437 222 1473 γὰρ
237 1439 345 1474 κινητὸν
363 1441 401 1475 μὴ
421 1442 521 1476 γενητὴ
541 1441 658 1477 θειότης.

116 1483 171 1510 Ποῦ
183 1484 236 1519 γὰρ
253 1486 350 1521 κινηθῇ
367 1495 374 1519 ;
392 1487 443 1514 ποῦ
459 1488 515 1524 γὰρ
533 1489 582 1515 οὐκ
594 1489 651 1516 ἔστι
670 1499 676 1522 ς
702 1491 822 1526 Φράσον.

116 1529 180 1556 Οὐδ’
193 1531 233 1562 είς
251 1530 311 1565 ἴσην
324 1531 468 1567 ἅνθρωπος
485 1533 564 1565 ἀξίαν
581 1535 678 1569 φθάνει

116 1575 162 1611 Τῷ
177 1576 348 1614 δημιουργῷ,
370 1579 418 1605 καὶ
433 1580 568 1616 παναιτίῳ
584 1581 695 1616 κράτει,

115 1672 264 1697 essentiam
280 1671 354 1702 dicit,
372 1672 437 1699 illud
451 1673 560 1708 quidem
573 1674 666 1708 vitam,
683 1676 758 1705 istud
779 1685 843 1706 vero
866 1685 908 1706 es-

117 1717 213 1744 sentia:
227 1718 366 1751 virtutem,
378 1723 405 1745 ct
421 1719 530 1747 aliunde
545 1720 689 1749 scientiam
702 1724 909 1760 sapientemque

118 1763 165 1790 Dei
189 1764 348 1798 potentiam,
361 1765 418 1792 sive
432 1765 484 1793 alia
497 1774 612 1802 quaeque
628 1768 674 1796 Dei
691 1769 822 1798 attributa
840 1778 905 1805 pro-

118 1808 221 1842 ferens,
239 1816 287 1843 per
306 1809 454 1844 inaequales
467 1811 568 1846 gradus
581 1812 756 1841 Divinitatetn
771 1820 907 1848 recenset,

117 1856 307 1889 promiscuum
332 1857 446 1884 deorum
471 1865 570 1892 genus,
588 1863 617 1885 ut
632 1867 716 1894 supra
734 1859 802 1893 dixi,
821 1861 906 1896 parti-

118 1906 190 1935 tum,
206 1909 259 1929 non
277 1903 416 1936 partitum,
428 1911 510 1938 opus,
523 1905 691 1939 operarium,
706 1906 824 1940 visibile,
838 1907 910 1934 invi-

118 1947 208 1978 sibile,
229 1954 261 1974 ac
275 1947 374 1975 deinde
391 1955 587 1977 concurrentes
622 1950 704 1978 etiam
739 1951 908 1985 fundatores,

118 1996 323 2019 atlennatorum
355 2001 469 2028 quoque
498 2002 614 2023 numero
641 1997 733 2030 magni
765 1996 811 2024 Dei
842 2006 910 2032 pra:-

119 2038 280 2064 stantiorem
313 2042 438 2065 naturam
464 2039 576 2073 prabet,
609 2045 636 2067 et
666 2041 724 2068 haec
758 2043 909 2077 orbemque

119 2087 207 2108 totmn
221 2083 330 2116 partim,
343 2083 534 2118 praestantiora
553 2085 666 2120 insuper
679 2086 726 2113 Dei
742 2094 822 2120 opera
836 2087 911 2123 (heu,

118 2126 304 2154 Itttltculabilis
324 2126 431 2161 error!)
452 2127 478 2154 in
499 2131 538 2155 tot
552 2132 580 2155 et
595 2132 684 2157 tantos
708 2130 821 2165 abyssos
847 2139 909 2166 gur-

119 2172 244 2205 gites-que
268 2171 414 2200 demersitl
441 2172 528 2200 virum
554 2181 584 2201 se
607 2179 704 2202 natura
734 2175 806 2202 haud
824 2176 911 2203 imbe-

688 148 913 179 GR.ECORUM
932 147 1169 178 SENTENTLE.

1683 145 1738 177 855

909 210 931 233 Α
949 201 1008 228 Κᾶν
1022 202 1037 234 ἡ
1050 202 1167 236 Παλαμᾶ
1181 201 1385 237 δυσσεὸεστάτη
1403 201 1489 235 πλάνη

948 248 1073 274 Μανείσα
1090 247 1184 279 δεινῶς
1196 248 1257 274 οὐδὲ
1271 247 1344 274 τοῦθ’
1361 247 1511 281 ﬁmo-mihi].

950 294 1096 321 Ἀκτιστον
1113 294 1131 329 ἢ
1152 293 1210 328 φῶς
1227 301 1310 328 φησιν
1325 293 1356 320 οὐ
1369 293 1479 328 βλέπειν
1496 294 1594 329 μόνονν

956 340 1025 366 Ἀλλ’
1040 339 1122 366 αὐτον
1138 337 1208 366 εἶναι
1225 339 1271 366 καὶ
1291 339 1357 366 Θεδν
1373 340 1449 373 παρὰ
1461 340 1560 367 κτίσιν.

950 386 981 411 Εἰ
992 385 1014 411 δ’
1026 384 1059 412 αὖ
1075 387 1223 420 καταρρεῖν
1239 386 1316 420 φασὶ,
1329 386 1375 412 καὶ
1394 386 1501 421 χεῖσθαι
1514 385 1589 412 κάτω

949 430 1016 457 Θεοῦ
1032 430 1109 464 λόγον
1122 431 1318 466 πάνταρχον,ἢ
1335 430 1444 466 πνεῦμα
1460 431 1590 465 κράτους,

950 477 987 503 Of;
1004 477 1151 511 προσφυῶς
1169 477 1305 511 λέγουσιν,
1318 477 1378 504 οὐδὲ
1395 477 1510 511 κυρίως.

957 523 1025 550 Ἀλλ’
1037 524 1074 556 ὠς
1093 523 1153 556 ἔθος
1169 523 1275 559 ἔχουσιν
1296 525 1361 559 ἡμῖν
1376 525 1524 559 nava/apro;

958 572 1005 598 Ἐκ
1033 573 1087 598 τῶν
1102 572 1167 607 παρ’
1181 573 1247 607 ἡμῖν
1263 573 1309 598 καὶ
1326 572 1451 607 γενητῶν
1471 572 1643 606 πραγμάτων

952 619 1012 645 Τῶν
1030 619 1060 645 οὐ
1076 619 1196 654 γενητῶν
1209 619 1365 653 ὲξομιλοῠσι
1386 619 1460 655 πέρι.

958 663 1088 698 Ἐπείπερ
1098 664 1147 690 οὐκ
1159 662 1197 699 ,ἦν
1214 664 1340 698 οὐδαμῶς
1352 664 1440 695 ἄλλως
1455 665 1545 699 λέγειν

952 708 1041 743 Αὐτῆς
1056 709 1165 744 ἐκείνης
1177 709 1225 745 τῆς
1243 709 1373 744 οεαρχίας
1389 711 1465 745 πέρι.

954 754 1042 786 Ὀλως
1057 754 1110 789 γάρ
1125 764 1207 789 φασιν
1228 756 1314 790 αὐτὴν
1328 756 1501 792 ὲξῃρημένην

953 798 1056 830 Εῐδους,
1074 799 1158 834 ἁφῆς,
1171 800 1230 832 νοῦ,
1249 801 1493 835 μυσταγωγοῦντος
1509 802 1601 834 λόγου,

954 844 989 870 Τὸ
1004 844 1068 878 γοῦν
1083 845 1144 871 καθ’
1159 846 1243 880 αὐτὴν
1254 847 1277 872 οῑ
1291 847 1368 880 σοφοὶ
1387 847 1564 881 μυστοπόλοι,

953 883 1049 916 Καίτοι
1065 892 1190 925 παρεῖναι
1205 892 1344 926 πανταχοῦ
1358 893 1460 927 ταύτην
1477 893 1555 926 λόγος

953 935 1010 961 Οὐκ
1026 936 1058 962 ὲκ
1076 936 1176 971 μέρους
1190 937 1335 971 δήπουθεν,
1354 938 1488 972 αλλ-’ὃλην
1508 939 1590 971 ὅλοις.

955 981 1049 1013 Οὕτως
1063 981 1294 1017 ὑπεροαύμαστον
1312 984 1328 1018 ἠ
1346 984 1405 1010 ὓεία
1420 985 1513 1019 φύσις,

954 1027 1010 1054 Καὶ
1024 1027 1104 1053 πάνθ’
1127 1028 1197 1064 ὑπὲρ
1213 1028 1287 1060 νοῦν,
1307 1030 1355 1056 καὶ
1370 1031 1513 1064 λογισμὸν,
1533 1031 1580 1058 καὶ
1595 1031 1685 1066 λόγον,

954 1073 1064 1100 Μᾶλλον
1081 1075 1170 1110 σιωπῇ
1183 1074 1230 1101 τοῦ
1248 1075 1328 1108 λόγου
1344 1077 1500 1112 τιμωμένη,

956 1119 986 1145 Εἰ
999 1120 1022 1146 δ’
1037 1119 1071 1147 αὖ
1082 1121 1158 1147 δοκεί
1173 1122 1245 1148 νοεῖν
1257 1130 1310 1153 τις,
1325 1123 1356 1149 οὐ
1370 1124 1515 1158 νοουμένη.

955 1166 1058 1198 Γνῶσις
1072 1166 1126 1202 γὰρ
1143 1167 1228 1203 αὐτῆς
1252 1168 1327 1195 ἐστιν
1342 1170 1452 1202 ἀγνοίας
1468 1170 1559 1204 βάθος,

959 1213 1010 1238 Ἤν
1026 1213 1157 1248 ἀκριϐοῦν
1177 1222 1218 1244 τις
1234 1213 1284 1249 τὴν
1298 1214 1428 1242 θεοπτίαν
1453 1215 1528 1251 θέλῃ.

957 1257 995 1284 Οὐ
1005 1257 1061 1292 γὰρ
1075 1258 1182 1284 δίδωσιν
1196 1258 1324 1293 οὐδαμῶς
1339 1259 1425 1292 οὕτως
1443 1259 1517 1295 ῐχνος

963 1302 1007 1329 Ἐν
1017 1303 1055 1337 τῷ
1071 1303 1242 1340 νοεῖσθαι¹τῷ
1257 1306 1328 1331 νοεῖν
1344 1307 1517 1341 πειρωμένῳ.

962 1349 992 1375 '0
1008 1348 1056 1375 νῦν
1078 1348 1106 1375 δὲ
1120 1349 1225 1382 καινὸς,
1239 1351 1286 1376 καὶ
1304 1351 1381 1381 κενὸς
1401 1350 1533 1386 οεηγόρος

964 1395 1011 1420 Ἐκ
1027 1395 1081 1421 τῶν
1099 1395 1159 1422 κατ’
1173 1395 1258 1430 αὐτὴν
1277 1397 1360 1431 φησὶν
1374 1397 1460 1432 αὐτὴν
1476 1397 1575 1424 εἰδέναι

958 1440 1019 1466 Τῶν
1033 1440 1183 1473 οὐσιωδῶν,
1195 1441 1233 1473 ὡς
1246 1442 1432 1477 ὖπερκόμπως
1447 1443 1533 1477 λέγει,

957 1486 999 1512 Τὰ
1011 1486 1066 1521 γὰρ
1081 1487 1142 1513 κατ’
1156 1487 1254 1522 αὐτὴν,
1269 1488 1326 1521 εἴγε
1339 1488 1419 1515 ταυτί
1432 1498 1478 1524 μοι
1494 1489 1586 1525 λέγῃς,

959 1532 992 1559 Τί
1006 1532 1082 1559 ταῦτ’
1097 1533 1170 1567 ἐρεῖς
1182 1542 1223 1565 τε,
1241 1535 1290 1560 καὶ
1308 1535 1479 1570 προσείποις,
1497 1536 1624 1569 γεννάδα,

960 1578 1067 1611 Ταύτας
1078 1579 1101 1606 δ’
1119 1579 1260 1614 ὑφεῖσθαι,
1275 1580 1321 1606 καὶ
1333 1581 1483 1616 καταρρεῖν
1499 1582 1612 1617 κυρίως,

958 1674 1012 1698 tem
1031 1670 1144 1698 minime
1159 1671 1272 1699 tribuat.
1289 1671 1340 1699 llic
1356 1679 1431 1704 vero,
1449 1672 1507 1706 ipse
1524 1672 1641 1708 scipsum
1656 1679 1748 1708 aperte

959 1716 1038 1744 talem
1054 1717 1218 1751 praedicans,
1235 1717 1386 1745 increatum
1406 1718 1520 1753 quidem
1538 1726 1571 1746 ac
1587 1719 1670 1746 veluti
1687 1721 1749 1754 pri--

958 1770 1031 1790 mam
1050 1762 1169 1791 hominis
1185 1767 1353 1796 sementem;
1369 1767 1397 1791 et
1408 1763 1497 1791 noctis
1513 1763 1586 1797 l'ons,
1612 1768 1640 1791 et
1653 1765 1748 1792 mortis

960 1815 1028 1843 opus
1053 1813 1166 1842 naturae,
1189 1812 1216 1836 et
1228 1809 1306 1836 triste
1331 1808 1459 1843 pabulum
1497 1809 1626 1843 temporis
1654 1809 1747 1837 edacis

959 1854 1088 1882 dentibus
1103 1853 1220 1886 videtur,
1244 1854 1294 1881 etsi
1316 1853 1532 1882 immortalitatis
1550 1855 1652 1882 donum
1669 1855 1749 1882 sortiv

962 1903 1004 1926 tus
1023 1899 1070 1932 sit,
1094 1899 1145 1927 etsi
1169 1898 1312 1933 superbire
1335 1899 1433 1926 audeat
1460 1907 1523 1926 mox
1546 1899 1747 1931 dissolvendus,

961 1944 1056 1971 ultima
1071 1948 1184 1971 vocante
1198 1944 1273 1971 tuba.
1292 1944 1358 1977 Quis
1374 1944 1437 1971 talia
1455 1944 1549 1972 dicens
1563 1949 1638 1972 recte
1651 1952 1749 1980 sapere

961 1990 1103 2017 videatur?
1127 1989 1223 2017 Nonne
1253 1990 1289 2017 ita
1306 1990 1362 2017 llch
1377 1989 1389 2016 'l
1406 1990 1496 2024 Quare
1521 1998 1574 2017 non
1599 1990 1653 2017 ita?
1675 1990 1750 2023 Quo-

962 2036 1063 2063 modo?
1078 2035 1113 2063 Ita
1128 2039 1288 2063 cunctorum
1303 2035 1435 2063 malorum
1451 2036 1477 2063 in
1492 2036 1657 2070 profundum
1670 2037 1751 2064 devck

962 2083 1019 2115 nit;
1036 2082 1101 2114 imo,
1116 2090 1144 2109 se
1159 2090 1213 2110 non
1231 2090 1344 2116 peccare
1362 2087 1462 2117 putans
1478 2089 1510 2109 ac
1532 2083 1636 2114 dicens,
1665 2083 1750 2109 Deum

962 2135 977 2154 a
994 2135 1024 2155 se
1040 2127 1149 2154 adorari
1174 2127 1287 2155 miniute
1311 2127 1444 2162 indigere.
1469 2128 1588 2155 tonitrua
1606 2135 1671 2155 voce
1695 2129 1751 2155 cla-

963 2173 1060 2200 mitare
1085 2180 1169 2201 ausus
1192 2179 1243 2200 est.
1267 2173 1394 2201 Attamen
1426 2173 1527 2201 divinis
1553 2173 1751 2208 inspiratorum

119 2217 209 2244 cillem
233 2223 344 2252 putans,
361 2225 446 2253 seque
459 2218 515 2254 jam
535 2227 617 2254 supra
635 2220 748 2247 modum
761 2222 909 2255 extollens,
924 2216 950 2247 D
963 2219 1104 2247 hominum
1116 2219 1288 2248 sermonibus
1299 2219 1413 2247 humiles
1426 2219 1522 2254 spiritu
1541 2219 1664 2247 madidos
1673 2221 1749 2251 dicit,

121 2264 226 2298 majora
258 2264 292 2291 de
307 2272 336 2291 se
361 2264 494 2296 sentiens,
520 2272 581 2300 quze
604 2273 637 2293 ex
663 2265 721 2301 ipso
736 2271 840 2301 patent,
863 2276 912 2295 nec

120 2311 193 2337 intra
210 2310 316 2345 regulas
332 2311 454 2339 inclusus
466 2318 591 2345 manens,
608 2312 719 2347 quibus,
745 2312 791 2340 Dei
805 2314 913 2348 placitis

121 2365 219 2383 omnes
244 2356 410 2392 diriguntur.
428 2357 474 2385 Sic
495 2358 596 2384 mentis
620 2365 697 2386 error
720 2363 799 2386 extra
817 2360 912 2386 modos

121 2403 255 2437 cogitare,
288 2410 320 2429 ac
349 2402 435 2430 Nosce
464 2404 580 2438 teipsum
605 2412 657 2431 non
688 2405 806 2439 amplius
832 2406 913 2432 corde

123 2449 289 2483 recogitate,
313 2449 397 2479 unde,
423 2457 471 2483 per
492 2449 626 2476 inlinitam
657 2450 790 2477 malorum
812 2451 912 2478 seriem

122 2495 262 2529 dcltpstls,
286 2502 315 2522 se
332 2502 380 2521 nec
399 2499 532 2527 creatum,
559 2503 608 2523 nec
632 2496 741 2523 initimn
767 2497 912 2524 habentem

122 2541 210 2571 dicit,
234 2540 306 2574 quod
331 2547 397 2567 Sane
425 2541 474 2568 soli
500 2542 741 2576 superspirituales
769 2543 911 2571 auderent.

124 2586 186 2620 Ipse
206 2593 269 2613 tero
281 2586 391 2613 Pulanta
408 2586 448 2613 vir
463 2587 588 2615 mortalis
603 2588 725 2622 quidem,
741 2590 848 2616 tametsi
865 2598 913 2617 no-

124 2633 166 2666 lit,
198 2632 273 2666 impii
311 2632 575 2668 crrmis‘particcps
609 2633 732 2667 eﬂertus,
753 2643 808 2670 quo
833 2635 914 2663 misc-

124 2678 238 2704 randam
261 2678 331 2704 hanc
351 2682 452 2704 terram
474 2678 529 2705 late
549 2678 660 2713 premit,
681 2679 704 2705 si
735 2679 844 2713 quidem
871 2679 914 2706 in-

124 2724 239 2751 iri-iores
256 2732 385 2759 pz'rsonns
400 2732 432 2751 ex
448 2725 631 2756 emanatione,
662 2725 772 2752 minime
794 2732 858 2752 vero
881 2733 913 2752 ex

124 2771 288 2803 substantia,
305 2772 450 2805 procedere
462 2771 539 2804 dicit,
557 2778 626 2805 quas
651 2775 740 2797 tamen
755 2771 914 2799 essentiales

127 2816 173 2843 Dei
201 2820 289 2850 pattes
309 2816 464 2849 conlitctur,
488 2817 594 2844 tametsi
612 2817 709 2842 harum
733 2816 912 2844 substantiam

129 2862 285 2889 sensibilezn
306 2862 398 2891 ducat.
415 2862 534 2892 ipsisque
549 2870 683 2894 suprema'
701 2867 804 2889 natura:
829 2864 913 2890 virtn~

963 2271 990 2294 ct
1006 2266 1101 2294 horum
1117 2266 1198 2293 etiam
1214 2266 1359 2301 participes
1375 2266 1442 2297 ﬁeri,
1456 2265 1567 2293 ntinime
1578 2274 1641 2293 vero
1656 2267 1753 2294 eodem

965 2311 1044 2338 modo
1061 2319 1116 2346 quo
1132 2311 1249 2345 primam
1266 2316 1393 2338 naturam
1410 2310 1569 2345 participem
1586 2311 1697 2344 dicunt;
1720 2319 1753 2338 ea

964 2356 1036 2385 cnim
1055 2357 1166 2384 minime
1180 2357 1317 2391 particeps
1332 2357 1422 2391 quoad
1446 2356 1564 2384 humiles
1582 2362 1686 2392 partes.
1701 2358 1750 2384 Sin

964 2407 1054 2429 autem
1083 2402 1232 2436 gratiarum
1264 2402 1333 2429 dona
1356 2407 1481 2436 generata
1512 2402 1614 2434 dicunt,
1642 2402 1755 2429 minime

965 2455 1027 2474 vero
1043 2448 1190 2475 increatam
1208 2449 1348 2475 Deitatent.
1373 2448 1481 2481 Quare?
1500 2448 1613 2475 lmmola
1633 2456 1754 2483 namque

965 2500 1102 2530 pertuanct
1118 2503 1170 2522 non
1189 2501 1318 2530 generata
1338 2495 1438 2523 Deitas.
1462 2495 1522 2528 Quo
1539 2496 1610 2523 enim
1629 2503 1751 2522 movere-

966 2541 1029 2569 tur?
1046 2541 1161 2569 Uhinam
1179 2542 1268 2568 absit?
1281 2542 1412 2577 Loquere.
1429 2542 1489 2569 Non
1506 2542 1600 2569 eadem
1617 2549 1684 2569 sane
1707 2542 1750 2567 di-

965 2586 1068 2621 gnitate
1093 2589 1203 2620 przcstat
1229 2585 1323 2618 homo,
1358 2594 1411 2620 qua
1439 2591 1546 2613 creator
1577 2593 1609 2612 nc
1629 2585 1751 2611 omnium
1801 2622 1803 2624 _

966 2631 1105 2659 l'undatrix
1124 2631 1256 2666 potentia,
1283 2631 1333 2658 etsi
1349 2631 1464 2658 Palama:
1477 2631 1688 2658 scelestissimus
1701 2638 1746 2657 er-

966 2686 1021 2708 ror,
1047 2677 1131 2704 rabiei
1157 2677 1246 2712 impar
1273 2677 1337 2704 illud
1369 2685 1493 2705 asserere
1520 2685 1573 2703 non
1602 2676 1752 2703 erubuerit.

967 2724 1116 2751 lncrcatuxn
1129 2723 1200 2749 enim
1215 2724 1303 2750 lumen
1321 2730 1373 2749 non
1388 2726 1492 2749 tantum
1506 2730 1535 2750 se
1546 2729 1658 2749 cernere
1675 2723 1755 2755 dicitI

967 2770 1014 2798 sed
1039 2770 1119 2797 etiun
1148 2769 1235 2804 ipsum
1252 2776 1311 2796 esse
1332 2774 1358 2796 ct
1385 2769 1467 2795 Deum
1483 2769 1560 2803 juxta
1581 2772 1756 2801 creaturam;

967 2816 988 2842 si
1007 2815 1116 2842 aliunde
1144 2815 1302 2848 procedere,
1318 2814 1445 2848 infraque
1458 2813 1576 2840 deﬂuere
1599 2812 1692 2840 dicunt
1708 2813 1754 2841 llui

968 2862 1089 2895 \‘CIbUIIl,
1109 2868 1268 2897 supremum
1287 2860 1443 2893 Dominum,
1461 2860 1517 2888 sive
1543 2860 1654 2887 virtutis
1670 2861 1750 2895 bllltl-
