1963 3066
200 181 255 213 δερ

202 239 239 266 Στι
251 238 299 266 τοῦ
319 239 472 274 φυτουργοῦ
485 238 529 266 τὴν
541 239 668 275 φραγμὸν
689 239 738 274 τῆς
754 240 890 274 ἀμπέλου,

203 285 283 316 Τίνος
302 285 465 319 φυτουργοῦ,
482 285 530 312 καὶ
546 286 619 316 τίνος
632 285 680 319 τῆς
692 286 815 320 ἀμπέλου
832 295 840 319 ;

204 330 271 356 Τίνα.
286 330 413 364 φραγμὸν
429 330 467 360 δὲ.
482 330 529 356 καὶ
541 331 583 361 τίς
602 330 684 362 αὐτὸς
698 330 735 357 ὢν
748 333 851 367 φράσον

211 373 415 410 Ἀνεπτερώθης
430 374 468 406 ὡς
482 375 640 402 διασπάσων
655 376 722 407 ὅλως
737 385 745 407 ς

204 418 336 453 Ὀκνηρδν
351 418 428 445 οὐδὲν
442 419 568 452 ἐμπιδὼν
584 420 652 454 πρὸς
663 421 693 447 τὸ
709 421 809 456 θράσος
822 411 827 419 Ἃ

205 465 236 490 Εἰ
250 465 297 491 καὶ
309 464 364 500 γὰρ
377 465 457 499 ἡμεῖς
470 466 502 492 ὲκ
515 465 612 499 γένους
632 468 829 502 κτηνοτρόφου,

205 511 258 536 Καὶ
271 510 400 546 χωρικῶς
415 510 523 546 ἔχοντος
540 512 578 543 ὡς
590 513 794 548 νκτηνοτρόςρου,

210 556 256 587 Ὠς
269 555 397 591 λοιδορῶν
414 557 446 583 σὺ
462 557 508 583 καὶ
527 552 701 593 κάθυϐρῐζων
718 559 819 592 λέγεις,

212 601 307 636 Ἣμῶν
317 602 332 627 ό
343 602 469 636 λαμπρὸς
484 602 534 634 τὰς
547 604 674 638 ἀφορμὰς
688 603 734 630 τοῦ
749 605 856 638 γένους,

207 642 243 681 ’ῼ
256 646 302 672 καὶ
318 646 364 672 τὸν
377 647 417 678 εἰς
429 647 565 680 Λῐγυπτον
579 648 611 673 ὲκ
626 647 812 684 Παλαιστίνης

208 691 337 718 Ἐλθόντα
352 693 440 726 τιμῶν
454 693 599 728 εὐπρεπῶς
618 695 815 729 κτηνοτρόφον,

209 737 267 762 Οὐκ
282 737 351 763 ἀλλὰ
365 738 413 763 καὶ
426 738 491 772 πρὶν
508 738 634 773 Ἀϐραὰμ
652 739 700 766 καὶ
715 740 761 766 τὸν
775 741 864 774 γόνον.

216 781 286 807 Ἀλλ’
303 782 363 808 οὐδὲ
382 782 485 817 Μωσῆς
503 783 615 818 εὐκλεὴς
635 785 721 820 κτήνη
737 786 857 820 τρέφων,

211 827 330 862 Βόσκων,
346 829 483 863 ἀμέλγων,
502 830 620 864 ἐξάγων,
630 832 831 865 καθειργνύων,

210 875 264 900 Καὶ
277 875 356 901 πάνθ’
366 876 380 901 ὁ
390 875 493 910 ποιμὴν
504 876 623 904 ἐκτελῶν
637 879 692 909 τοῖς
713 878 854 914 θρέμμασι

210 919 302 951 Δαιυϊδ,
325 920 414 955 Ἀμώς
427 929 457 947 τε
475 922 515 948 σοὶ
530 921 670 955 βδελυκτοὶ
684 924 824 958 ποιμένες,
838 942 840 946 τ

218 967 262 997 Ὠς
277 967 338 993 οὐδὲ
355 969 409 997 τοῖς
421 967 559 1002 Αἴγυπτον
572 969 678 996 οἰκοῦσι
697 971 792 1002 πάλαι,

212 1013 243 1038 Ol
257 1012 357 1044 ζῶντες
370 1013 407 1045 ὡς
419 1012 453 1048 ἦν
469 1015 595 1049 χωρικῶς
610 1016 642 1042 ἐκ
661 1016 837 1051 θρεμμάτων.

211 1058 295 1084 Ταῦθ’
307 1059 473 1095 ήσυχαστὴς,
487 1062 535 1087 καὶ
556 1061 651 1087 παθῶν
669 1062 857 1098 αὐτοκράτωρ,

218 1102 247 1129 Ὀ
258 1103 312 1129 τῶν
330 1104 467 1138 μεγίστων
487 1105 535 1131 τοῦ
551 1106 618 1132 Θεοῦ
629 1107 822 1141 χαρισμάτων.

212 1149 246 1174 ΤΕ
261 1150 347 1175 ταῦτα
362 1150 474 1184 φάσκων
489 1152 594 1185 ἀγνοεῖν
611 1152 687 1179 ἐοικά
703 1161 742 1184 σε,

218 1195 248 1222 '0
261 1197 310 1230 τὴν
324 1196 392 1231 ὑπὲρ
406 1196 467 1223 νοῦν
481 1198 611 1232 ἐμφανῶς
626 1198 704 1230 δόξαν
716 1198 760 1232 βλέ
767 1208 823 1225 πων
838 1208 844 1231 ;

216 1242 250 1268 Τί
264 1242 318 1277 δρῶ
332 1242 361 1269 δὲ
377 1244 424 1269 καὶ
437 1242 496 1274 νῦν,
510 1243 578 1270 ἀλλὰ
592 1243 630 1279 μὴ
640 1243 712 1277 λέγω
726 1244 756 1270 τὶ)
771 1245 834 1276 πᾶν,

221 1287 266 1319 Ὠς
280 1287 313 1314 ἂν
332 1287 441 1322 φθονῶν
457 1297 498 1315 σοι
512 1289 558 1315 τοῦ
579 1289 648 1317 Θεοῦ
663 1290 713 1324 τῆς
728 1290 818 1322 ὰξῖας,

223 1333 253 1359 Ὀ
267 1332 305 1368 μὴ
320 1334 443 1369 γενητὸς,
457 1335 471 1360 ὸ
487 1336 602 1369 σπαρεὶς
620 1335 689 1370 ὑπὲρ
704 1335 796 1370 φύσιν,

218 1374 264 1411 Ἐξ
274 1375 304 1406 οὗ
314 1379 407 1414 φυγὼν
420 1381 548 1416 γέννησιν
561 1381 675 1416 εὑρέθης
693 1382 784 1416 μόνος,

219 1425 256 1451 'H
269 1424 331 1460 μηδ’
347 1425 474 1452 ὁπωσοῦν
484 1426 516 1452 ἐκ
532 1427 636 1461 σπορᾶς
654 1426 723 1458 ὅλως
740 1427 821 1462 ἓφυς;

219 1471 253 1496 Ἢ
265 1471 427 1497 πωσποτοῦν
437 1471 563 1503 ἄκτιστος
578 1471 694 1507 εὑρέθης
711 1474 791 1506 μόνος
807 1482 814 1506 ;

216 1517 271 1544 Τοῦ
285 1518 340 1553 γὰρ
355 1518 481 1553 γενέσθαι
498 1519 633 1555 μηδαμῶς
645 1520 728 1554 φάσις
744 1520 812 1547 τόδε.

783 183 833 213 DE
852 182 1051 213 GREGORIO
1068 183 1219 214 PALAMA

1775 180 1831 215 8ὓο

1006 241 1028 269 Α
1045 241 1116 276 Πλὴν
1128 241 1188 268 οὐδὲ
1206 241 1260 268 τῶν
1276 241 1330 268 σῶν
1345 241 1462 276 εὖγενῶν
1477 237 1554 276 οἶμαι
1573 238 1690 274 σπόρων.

1045 287 1077 313 ἸΙ
1094 287 1161 322 μηδὲ
1175 287 1222 322 τῆς
1245 288 1294 322 σῆς
1307 287 1455 321 δυστυχοῦς
1466 286 1594 317 ἁκτισίας

1043 334 1148 365 Κινεῖν,
1159 333 1290 368 διασπᾷν,
1303 332 1426 368 εὐχερῶς
1446 332 1611 367 ἀνατρέπειν

1044 380 1096 406 Τὸν
1113 380 1236 416 θριγγδν,
1255 380 1286 406 ὃν
1303 380 1363 414 χεὶρ
1378 380 1394 414 ἡ
1413 378 1554 412 παναλκὴς
1570 379 1599 404 ἐν
1613 377 1704 412 κύκλῳ

1047 425 1181 460 Ἐστησεν
1197 424 1357 459 ὲξεέργουσσ
1369 423 1472 458 θηρίων
1491 423 1605 458 βλάϐας,

1046 470 1094 496 Ἐκ
1103 471 1157 496 τῶν
1168 470 1306 497 ἐκλεκτῶν
1320 469 1365 496 τοῦ
1381 468 1449 495 Θεοῦ
1465 469 1658 503 φυτευμάτων,

1049 517 1097 547 Ὃς
1111 516 1129 543 ἃ
1140 516 1308 551 προσάπτεις
1323 517 1357 550 τῇ
1372 515 1440 542 Θεοῦ
1460 515 1540 549 φύσει
1554 515 1643 549 μόνος,

1047 561 1102 587 Καὶ
1113 561 1216 593 πάντας
1235 560 1328 591 ἁπλῶς
1343 560 1387 586 τοῦ
1399 560 1467 586 Θεοῦ
1482 560 1568 590 κινεῖς
1588 558 1700 592 νόμους.

1048 605 1215 640 Ἐϐουλόμην
1228 606 1276 640 μὲν
1294 605 1423 640 ἐμϐαλεῖν
1439 606 1478 636 εἰς
1493 604 1618 635 εὐθύνας,

1055 651 1098 681 Ὠς
1110 650 1143 677 ἄν
1158 659 1190 684 με
1208 651 1303 686 μηδεὶς
1316 651 1371 677 τῶν
1385 650 1479 677 κακῶν
1490 652 1563 684 φύγῃ
1581 649 1670 674 τόκων
1689 656 1695 662 ο

1056 697 1125 723 Ἀλλ’
1142 697 1172 723 οὐ
1186 698 1239 731 γὰρ
1258 697 1386 732 εὐχέρεια
1401 697 1448 722 τοῦ
1463 696 1553 723 πάντα
1567 696 1695 730 γράφειν.

1051 743 1169 778 Kal-{sp
1190 743 1218 770 τδ
1232 743 1318 769 δεινὸν
1337 744 1378 774 εἰς
1389 743 1518 777 ἀπειρίαν
1536 741 1637 776 τρέχει.

1052 788 1136 820 Φύσις
1150 788 1203 823 γὰρ
1223 787 1293 822 αὕτη
1307 788 1344 822 τῷ
1362 788 1440 822 κακῷ
1456 787 1566 818 πάντως
1585 787 1648 820 ἔφυ,

1054 830 1088 869 ’ῼ
1103 834 1140 869 μὴ
1157 834 1237 868 φύσις
1253 835 1386 869 πάρεστιν
1409 833 1504 864 οὐσίας
1519 834 1604 868 ῐχνος,

1054 878 1216 905 Συνεκτικόν
1229 887 1260 912 γε
1271 879 1320 913 τῆς
1336 878 1424 913 κικῆς
1439 878 1580 913 ἀπειρίας.

1056 927 1109 953 Καὶ
1129 925 1265 961 τμητικῆς
1281 924 1398 960 μάλιστα
1414 924 1468 950 τῶν
1483 923 1647 958 ὴνωμένων.

1057 972 1126 1006 "po;
1145 971 1175 998 ἓν
1192 972 1221 997 το
1235 972 1340 1006 τριττδν
1355 970 1405 1005 τῆς
1423 970 1550 1005 θειρχίας
1570 969 1683 1004 κράτος,

1057 1020 1086 1045 Ei
1101 1019 1155 1053 γὰρ
1173 1018 1302 1052 συνῆκτο,
1318 1016 1368 1043 κᾶν
1382 1017 1500 1043 τέτακτο
1515 1015 1582 1049 προς
1598 1015 1679 1048 λόγον

1057 1064 1231 1099 Τεταγμένον
1245 1064 1272 1089 δὲ
1289 1064 1342 1089 πᾶν
1357 1064 1476 1096 πεφυκὸς
1493 1061 1633 1095 τυγχάνει.

1059 1113 1126 1147 (Οὐκ
1143 1112 1200 1138 ἔστι
1213 1111 1235 1137 δ’
1248 1111 1323 1137 οὐδὲν
1337 1110 1367 1136 οὐ
1387 1109 1466 1136 καλὸν
1482 1109 1564 1143 φύσιν
1583 1107 1677 1142 φέρον,

1062 1159 1166 1189 Ἀλλως
1178 1167 1207 1184 τε
1220 1157 1266 1184 καὶ
1277 1157 1400 1191 πέφυκεν
1418 1157 1434 1190 ἡ
1450 1156 1579 1181 συνουσίαι

1060 1206 1149 1241 ’ἰσχύς
1166 1214 1208 1235 τις
1221 1202 1293 1231 εἶναι
1310 1204 1364 1230 τῶν
1374 1204 1442 1230 ὅλων
1455 1202 1650 1238 συνημμένα-ν.

1061 1252 1133 1278 Ἀλλ’
1148 1251 1262 1285 ἀδρανὲς
1280 1249 1404 1284 πέφυκεν
1420 1249 1436 1283 ἡ
1452 1249 1580 1282 πονηρία,

1063 1298 1194 1332 Ἐπείπερ
1209 1297 1283 1323 ἐστὶν
1301 1296 1426 1331 οὐδαμῶς
1440 1297 1591 1331 ὴνωμενον.

1064 1342 1142 1368 Οὕτω
1156 1342 1209 1376 γὰρ
1224 1340 1310 1372 οὕτως
1325 1341 1399 1367 ἐστὶν
1414 1341 1610 1376 ἐστερημένον,

1065 1390 1120 1424 Τῆς
1132 1389 1179 1415 τοῦ
1200 1387 1283 1415 καλοῦ
1296 1396 1325 1414 τε
1341 1387 1464 1421 κάγαθοῦ
1479 1386 1636 1422 μετουσίας.

1062 1436 1152 1470 Ἰτχὺς
1165 1435 1220 1469 γὰρ
1236 1434 1261 1460 el
1268 1443 1310 1465 τις
1327 1433 1366 1468 τῷ
1377 1433 1456 1466 κακῷ
1470 1432 1576 1466 προσῆν
1593 1432 1673 1462 ὅλως,

1066 1482 1144 1518 Αὐτῷ
1160 1481 1212 1516 πρὸ
1232 1480 1332 1511 παντὸς
1349 1480 1381 1506 ἂν
1399 1479 1494 1514 βοηθὸν
1506 1479 1639 1514 εὖρέθη.)ξ

1066 1530 1122 1556 Καὶ
1144 1528 1233 1555 ταῦτα
1251 1527 1301 1563 μὲν
1313 1525 1346 1562 δὴ
1361 1527 1414 1552 τῶν
1425 1525 1581 1560 ἀναγκαίων
1595 1524 1676 1559 πέρα.

1019 1573 1040 1602 C

219 1618 396 1653 ctum,’juxta
411 1618 486 1645 hunc
502 1618 631 1646 thronum
648 1618 674 1646 in
688 1627 743 1654 quo
756 1620 814 1655 ipse
829 1621 939 1654 sedens,
957 1621 1014 1648 bla-

220 1662 440 1696 sphematoribus
462 1670 580 1697 pmnam,
595 1663 651 1698 jam
671 1665 794 1698 minaris,
812 1672 920 1700 pcenam
949 1674 1014 1693 vero

220 1715 364 1743 pugnarum
396 1708 518 1735 omnium
541 1709 757 1742 acerbissimam,
781 1714 856 1743 tune,
884 1710 1008 1746 inquam,

222 1753 264 1780 vir
288 1754 423 1787 mortalis,
450 1758 568 1782 aiternas
602 1755 685 1789 leges,
705 1763 773 1790 quas
810 1757 905 1784 statuit
931 1757 1013 1790 Deus,

221 1806 329 1826 mutare
347 1799 515 1828 decrevisti?
530 1799 608 1828 Tune
636 1801 805 1829 fundamenti
824 1802 1013 1830 inconcussam

224 1850 340 1879 petram,
375 1845 456 1873 veluti
481 1849 558 1872 vecte
596 1846 775 1879 sublevando.
799 1854 912 1876 cunctas
946 1848 1015 1883 lapi-

223 1893 271 1920 des
297 1900 349 1919 una
382 1892 520 1920 movebis?
537 1892 575 1920 Tu
585 1900 675 1925 sepem
709 1892 792 1921 vinea:
817 1894 939 1927 cultoris,
965 1903 1015 1922 ett-

221 1934 329 1974 j’usnam
345 1946 410 1966 vero
425 1938 547 1970 cultoris,
564 1947 595 1966 ac
614 1940 756 1974 culusnam
776 1940 883 1967 vinem?
899 1941 1014 1975 [Quam-

224 1992 285 2011 nam
303 1983 414 2012 demum
434 1991 536 2020 sepem,
552 1992 583 2011 ac
601 1985 690 2019 qualis
716 1985 786 2019 ipse,
805 1985 887 2012 veluti
902 1987 1015 2012 omnino

224 2031 368 2058 avulsurtts
384 2030 553 2058 occurristi?
581 2030 725 2065 Responde
755 2031 834 2058 mihi.
869 2031 1015 2059 Effrenattn

226 2077 336 2104 tandem
362 2081 415 2104 tua1
433 2076 555 2103 audaciae
578 2076 647 2103 nihil
674 2077 786 2106 obstare
812 2077 894 2108 valet,
912 2077 934 2104 si
956 2077 1016 2111 qni-

225 2124 286 2151 dem
305 2131 357 2151 nos
369 2130 401 2150 ex
421 2131 519 2158 genere
544 2127 684 2157 pastorum
716 2122 817 2157 gregis,
849 2130 880 2149 ac
899 2124 1012 2155 rustice,

226 2170 310 2197 veluti
323 2170 412 2204 gregis
428 2174 560 2204 pastores.
572 2168 756 2202 nosmetipsos
770 2176 867 2201 gerere
886 2169 1016 2203 injuriose

228 2222 260 2242 ac
271 2215 414 2242 ludibriter
427 2214 526 2248 passim
542 2221 664 2244 accusas.
676 2213 756 2240 nobis
771 2221 834 2241 vero
844 2213 944 2241 claram
961 2215 1016 2241 ori-

229 2261 319 2295 ginem
345 2260 453 2292 tribuis,
472 2267 533 2286 cum
559 2267 669 2294 gregum
689 2264 824 2293 pastorem
845 2267 877 2286 ex
896 2259 1015 2286 Palaesti-

228 2314 264 2334 na
288 2306 435 2342 Egyptum
454 2309 588 2340 petentem
609 2305 692 2340 digno
708 2305 812 2332 honore
829 2306 959 2340 prosequi
975 2306 1017 2332 di-

230 2351 363 2379 dicimus:
382 2359 462 2378 secus
484 2351 555 2378 enim
573 2355 600 2377 et
626 2351 764 2378 Abraham
781 2355 808 2378 et
824 2352 885 2385 ejus
917 2352 1018 2386 posteri

226 2397 308 2429 ‘olim,
330 2405 410 2424 secus
423 2396 497 2432 Moys
508 2405 527 2423 's
543 2397 635 2423 clarus
650 2397 714 2422 olitn
732 2404 843 2430 gregum
858 2401 963 2431 pastor,
974 2404 1019 2423 ar—

230 2448 321 2471 menta
332 2451 458 2478 pascens,
473 2443 608 2476 tnulgeus,
627 2442 777 2474 deducens,
791 2443 850 2470 sive
866 2442 899 2468 ad
914 2442 1020 2469 stabula

230 2491 387 2522 recludens,
403 2489 498 2522 David,
510 2495 536 2516 et
549 2489 641 2520 Amos.
657 2488 785 2523 gregibus
797 2489 891 2515 munia
905 2488 1023 2523 pastoris

233 2537 321 2564 ollieia
338 2537 500 2572 praebentes,
515 2535 649 2562 fastidiosi
676 2539 802 2569 pastores
821 2535 867 2561 tibi
885 2535 1023 2561 videntur.

233 2578 293 2611 Non
309 2583 345 2610 ita
361 2584 448 2609 visunt
467 2587 507 2608 est
523 2581 585 2608 olim
602 2580 710 2615 {Egypli
724 2580 832 2612 ineolis,
848 2580 894 2614 qui
912 2587 1023 2615 gregum

236 2629 451 2656 fruetibusmore
463 2627 562 2661 agresti
576 2626 1025 2658 vescebantur,sieutonachus,sic

237 2675 396 2710 passionum
420 2673 561 2704 Dominus,
579 2671 831 2706 praestantissimum
851 2672 1025 2706 prmstautin-

239 2727 299 2746 rum
310 2720 356 2745 Dei
374 2721 518 2745 uto:iorum.
529 2717 566 2743 Te
581 2724 643 2743 vero
655 2715 697 2742 illa
709 2716 825 2747 dicente,
836 2716 861 2741 in
875 2715 1027 2749 ignorantia

241 2767 337 2794 sedere
368 2773 402 2792 ac
423 2772 489 2792 sane
505 2764 619 2798 gloriam
640 2770 722 2796 supra
751 2767 869 2788 mentem
901 2761 1027 2796 prosequi

243 2813 308 2839 inihi
335 2811 445 2839 videris.
466 2811 595 2839 Prmseuti
620 2817 747 2837 sermone
761 2808 862 2843 aliquid
878 2815 945 2835 sane
962 2815 1024 2841 ege-

244 2865 306 2890 r.tn,
320 2858 369 2884 etsi
384 2862 481 2884 cuncta
495 2857 607 2884 tiiCL'lltlﬂ
625 2864 677 2883 tton
696 2855 797 2886 dicunt,
812 2854 862 2881 etsi
876 2858 901 2880 lc
916 2853 961 2880 Dei
977 2854 1030 2887 glo-

247 2903 292 2930 rix
312 2903 431 2930 invidere
457 2907 572 2936 taceam,
591 2907 617 2930 tu
638 2902 786 2931 incrratus,
806 2905 832 2927 tu
851 2906 930 2934 supra
952 2903 1028 2924 natu~

1067 1616 1124 1635 ram
1136 1607 1273 1639 sublatus,
1289 1607 1371 1638 unde,
1389 1605 1572 1641 generationis
1583 1611 1680 1639 evpers
1693 1603 1768 1630 Solus
1782 1603 1852 1630 inre-

1066 1653 1145 1685 niris,
1177 1653 1234 1680 sive
1261 1651 1335 1678 nullo
1352 1651 1467 1678 omnino
1496 1657 1595 1685 genere
1622 1654 1701 1676 ortus
1728 1648 1778 1676 sis.
1798 1649 1859 1675 sire

1067 1701 1159 1734 aliquo
1175 1699 1257 1726 modo
1273 1698 1414 1724 inereatus
1431 1697 1505 1723 solus
1522 1695 1643 1723 haberis.
1661 1694 1720 1721 Illic
1733 1694 1806 1721 enim
1823 1694 1858 1720 de

1065 1745 1240 1780 generatione
1265 1743 1336 1770 nulla
1364 1750 1482 1777 unquam
1503 1750 1554 1769 vox
1576 1741 1669 1768 habita
1695 1745 1747 1767 est.
1782 1740 1858 1767 Nihil

1070 1790 1181 1825 quidem
1198 1789 1232 1816 de
1246 1789 1320 1816 clara
1345 1793 1388 1815 tua
1407 1788 1525 1822 origine,
1557 1786 1627 1814 nihil
1644 1786 1678 1814 de
1696 1785 1797 1813 infelici
1811 1790 1857 1812 tua

1067 1835 1246 1870 generatione
1263 1841 1373 1861 movere
1387 1834 1430 1860 vel
1447 1833 1593 1860 detrahere
1609 1832 1712 1866 cogito,
1729 1831 1781 1859 etsi
1795 1838 1859 1857 mu-

1067 1882 1198 1908 nitionem
1217 1882 1295 1908 istmn
1313 1879 1441 1915 perfacile
1457 1886 1553 1906 eruere
1564 1885 1660 1904 manus
1679 1877 1725 1904 illa
1740 1877 1857 1907 valeret,

1066 1935 1127 1962 quae
1143 1934 1228 1962 prope
1244 1930 1329 1958 stans,
1347 1925 1495 1952 bestiarum
1511 1931 1619 1951 morsus
1641 1923 1676 1950 ab
1700 1923 1796 1950 electis
1811 1922 1860 1951 Dei

1066 1973 1166 2008 plantis
1192 1971 1291 2006 saepius
1320 1971 1428 1998 avertit.
1447 1969 1487 1997 'l‘u
1502 1970 1581 1997 solus
1604 1969 1651 1995 Dei
1673 1969 1862 2002 naturamag-

1066 2019 1140 2053 gredi
1157 2026 1240 2045 ausus
1252 2025 1281 2045 es
1294 2026 1302 2051 ;
1317 2023 1345 2045 tu
1359 2017 1435 2045 solus
1455 2021 1553 2044 cuncta
1571 2015 1616 2042 Dei
1629 2019 1732 2042 statuta
1747 2015 1862 2042 omnino

1066 2064 1211 2091 subvertis.
1244 2062 1375 2097 Equidem
1396 2063 1527 2089 rationem
1552 2061 1602 2088 abs
1629 2065 1654 2087 te
1679 2061 1860 2094 poposcerim.

1067 2117 1184 2144 namque
1203 2116 1284 2143 prava
1301 2109 1392 2135 omnia
1417 2107 1533 2135 consilia
1552 2111 1645 2141 aperte
1669 2113 1774 2139 nosco;
1795 2106 1861 2138 mihi

1068 2163 1131 2182 vero
1144 2155 1222 2182 deest
1242 2159 1360 2189 tetnpus,
1387 2161 1441 2188 quo
1458 2158 1556 2180 cuncta
1589 2152 1718 2180 referam.
1744 2151 1861 2185 Jamjatn

1066 2203 1139 2229 cuitu
1171 2209 1218 2236 per
1241 2201 1374 2228 infinitum
1404 2201 1481 2227 ruina
1510 2199 1628 2226 festinat.
1657 2197 1760 2225 Natura
1788 2199 1862 2224 enim

1033 2265 1053 2292 ο
1069 2248 1127 2283 ipsa
1158 2248 1231 2274 omni
1261 2247 1331 2274 malo
1352 2247 1464 2278 infecta,
1490 2246 1557 2272 heu!
1584 2245 1687 2272 nullum
1711 2244 1768 2278 jam
1798 2245 1864 2271 sub-

1070 2295 1176 2321 stantiae
1196 2293 1337 2328 vestigium
1360 2293 1417 2327 ipsa
1446 2293 1559 2326 pnebet,
1588 2291 1635 2318 seti
1664 2290 1748 2317 veluti
1779 2291 1865 2324 quotl-

1069 2342 1130 2368 (lam
1148 2341 1230 2367 totius
1259 2339 1385 2374 nequitisn
1414 2338 1604 2369 eotnmistttm,
1632 2336 1706 2371 quod
1730 2336 1866 2370 imprimis

1070 2385 1193 2413 ordinata
1203 2393 1317 2420 quaeque
1341 2384 1492 2419 perturbat.
1503 2382 1530 2409 In
1549 2390 1632 2409 unum
1644 2383 1717 2408 enim
1731 2382 1865 2416 triplicem

1071 2440 1203 2467 supremae
1215 2431 1364 2467 majestatis
1393 2431 1518 2456 virtutem
1529 2429 1712 2461 commiscuit,
1726 2428 1779 2454 etsi
1795 2427 1869 2454 ordi-

1074 2487 1121 2505 nes
1138 2479 1166 2505 in
1179 2478 1236 2513 ipsa
1250 2479 1355 2504 ratione
1367 2482 1520 2506 serventur,
1530 2482 1562 2501 ac
1575 2474 1614 2501 sie
1631 2474 1756 2501 ordinata
1770 2478 1868 2500 cuneta

1075 2531 1231 2559 procreasse
1247 2523 1383 2550 credatur.
1401 2522 1446 2548 Est
1468 2522 1553 2552 enim,
1570 2525 1609 2547 est
1622 2528 1688 2547 sane
1703 2520 1805 2545 bonum
1819 2519 1871 2545 ali-

1075 2571 1146 2605 quod
1159 2576 1282 2597 naturatu
1298 2576 1452 2603 procreatis,
1466 2575 1554 2598 sI-eus.
1564 2575 1622 2594 eam
1635 2565 1791 2592 commistio
1805 2573 1853 2599 pm
1863 2579 1871 2585 -

1076 2616 1224 2648 duxit;est
1238 2615 1329 2649 aliqua
1356 2614 1442 2641 totius
1470 2613 1574 2640 ordinis
1590 2612 1688 2643 virtus,
1711 2618 1803 2643 secus,
1819 2611 1871 2635 im-

1079 2662 1182 2689 becillis
1197 2661 1317 2695 nequitia
1333 2660 1472 2695 produxit,
1495 2659 1560 2685 nihil
1576 2658 1648 2685 enim
1673 2657 1778 2691 absque
1795 2656 1872 2690 priu-

1079 2709 1150 2744 cipio
1167 2709 1280 2736 omnino
1296 2708 1466 2735 ordinatum.
1484 2707 1521 2733 Ita
1538 2713 1616 2736 vero,
1634 2705 1670 2731 ita
1688 2703 1797 2730 honesti
1818 2710 1871 2729 nec

1080 2764 1133 2782 non
1148 2755 1209 2782 boni
1228 2754 1438 2783 coadunatione,
1467 2752 1560 2780 omnia
1578 2750 1650 2778 haud
1666 2750 1776 2777 difﬁcile
1792 2756 1870 2775 com-

1082 2807 1230 2836 ponuntur.
1247 2799 1324 2833 Quod
1337 2800 1358 2826 si
1371 2799 1443 2826 enim
1455 2798 1527 2824 malo
1541 2798 1626 2824 \irttts
1641 2797 1766 2831 quaedam
1781 2796 1871 2829 reipsa

1083 2848 1163 2878 foret,
1176 2848 1203 2874 in
1218 2846 1346 2873 omnibus
1358 2845 1407 2879 ipsi
1420 2843 1574 2871 auxilialrix
1592 2843 1688 2870 saltent
1705 2842 1820 2868 adesset.
1838 2840 1874 2866 Et

1085 2895 1143 2922 lure
1161 2893 1270 2928 quidem
1289 2891 1354 2920 satis
1371 2895 1397 2918 et
1409 2890 1480 2917 ttltra
1499 2889 1565 2916 mihi
1589 2887 1725 2915 videntur.
1744 2885 1785 2913 Tn
1806 2894 1873 2911 tero
