1963 3066
118 194 168 228 861

118 253 157 279 Σὺ
165 251 187 279 δ’
197 251 290 285 ἐξελοῦ
307 261 340 288 με
358 253 407 289 τῆς
422 253 728 290 Παλαμναίας¹πλάνης,

119 299 250 325 Κάκεῖνον
265 298 348 326 αὐτοῦ
365 299 415 334 τῆς
433 301 492 334 μεθ’
507 301 601 333 αὑτοῦ,
615 300 717 337 Χριστέ
734 310 795 336 μου,

119 342 204 378 Τριὰς
218 342 300 377 μονὰς
317 344 419 379 πρόσου
435 353 468 379 με
488 344 535 372 σοῦ
552 346 635 382 μόνης
650 347 763 382 λάτρην,

118 435 153 462 de
183 433 300 462 Palamae
327 442 420 462 errore
443 435 512 463 educ
548 443 602 468 me,
632 435 770 463 Palamam
801 436 903 471 ipsum.

119 481 225 509 Christe
232 481 279 514 mi,
289 488 304 508 a
315 481 435 516 nequitia
451 489 526 510 erue.
543 482 661 510 Trinitas
672 482 700 509 iu
713 481 815 510 unitate
824 482 897 510 salva

555 578 1663 592 _.___——__.—_—_________

696 199 917 230 GIUECORUM
936 201 1173 233 ΞΕΝΤΕΝΤῙᾹΞ.

1689 200 1748 239 επὶ

918 262 943 291 Α
957 255 996 294 ⁷ῌ
1014 259 1089 285 πᾶσι
1105 259 1292 295 προσκύνησις
1307 260 1341 287 ὲκ
1353 259 1464 288 πάντων
1478 261 1546 298 μόνῃ

957 304 1011 330 Καὶ
1024 303 1098 336 δόξα,
1113 305 1160 332 καὶ
1176 304 1319 341 λάτρεῃσις
1335 307 1376 338 εἰς
1405 307 1479 334 ἅπαν
1493 307 1595 341 πρέπει

957 444 1011 469 me,
1028 437 1067 464 tui
1083 437 1168 464 solius
1180 437 1348 465 adoratorem
1363 446 1370 464 :
1385 442 1411 465 te
1425 438 1510 465 solam
1525 438 1613 466 omnis
1623 438 1744 467 adoratio

951 482 1040 514 decet.
1056 487 1082 510 et
1099 482 1194 516 gloria,
1206 487 1230 510 et
1248 483 1371 511 adoratio
1387 483 1416 510 in
1431 484 1541 511 saecula.

567 664 660 720 EX
698 662 954 720 LEONIS
1006 664 1292 721 ALLATII

742 777 1062 809 DISSERTATIONE
1077 778 1105 808 ιι

474 866 533 896 DE
563 864 703 896 LIBRIS
735 861 1087 896 ECCLESIASTICIS
1127 865 1384 898 GRzECORUM.

154 1024 233 1052 Plura
261 1023 289 1050 in
311 1023 364 1050 hoc
386 1021 516 1058 synodico
540 1020 628 1048 notari
645 1021 799 1056 lpoterant.
832 1022 899 1055 Quia

958 1030 1018 1050 nere
1031 1027 1212 1058 compactam,
1230 1022 1322 1057 πηγὴν
1336 1022 1472 1057 βρύουσαν
1486 1022 1617 1057 ίῑαμάτων
1634 1024 1743 1058 νάματα

120 1075 210 1098 tamen
227 1068 320 1096 omnia
339 1075 372 1095 eo
387 1067 547 1102 respiciunt,
565 1071 595 1093 ut
615 1065 688 1094 illius
703 1066 831 1094 Ecclesize
846 1067 905 1094 lau-

121 1122 197 1143 tores
221 1120 315 1142 contra
343 1113 492 1140 Romanam
510 1112 669 1144 Ecclesiam,
698 1116 826 1147 tanquam
854 1113 905 1140 viri

120 1161 211 1197 probi,
228 1166 255 1188 et
277 1159 420 1188 orthodoxi
445 1150 573 1187 omnibus
594 1158 696 1186 Christi
718 1158 852 1189 lidelihus.
878 1163 906 1187 et

121 1207 260 1238 laudandi,
278 1210 305 1233 et
320 1204 443 1232 imitandi
459 1209 657 1239 proponantur.
676 1210 729 1230 non
748 1208 790 1231 est
805 1205 831 1230 in
851 1204 905 1232 illis

121 1251 296 1280 recensendis
311 1250 414 1278 diutius
428 1249 630 1277 immorandum
646 1257 653 1275 :
669 1256 757 1283 eoque
769 1249 905 1283 praecipue

122 1298 194 1332 quod
217 1298 244 1324 in
260 1297 317 1324 hxec
338 1303 433 1324 novem
448 1296 535 1330 capita
557 1295 648 1322 omnia
668 1295 761 1323 referri
779 1302 904 1330 possunt.

121 1344 211 1377 Quare
227 1348 325 1371 caetera
339 1349 547 1378 prosequamur.

160 1390 260 1417 Sextus
275 1390 367 1423 itaque
380 1395 458 1416 error
481 1391 535 1419 est,
550 1395 628 1422 quem
647 1387 806 1415 Philotimus
821 1387 906 1421 patri-

121 1434 204 1463 archa
220 1433 550 1468 Constantinopolitanus,
563 1437 593 1460 ut
607 1432 735 1459 factionis
751 1440 806 1460 sua:
821 1432 907 1459 homi-

121 1487 184 1508 nem
207 1480 344 1517 laudando
363 1477 539 1514 opinionibus
563 1484 671 1512 quoque
686 1477 754 1508 suis,
775 1484 807 1504 ac
823 1477 907 1504 illler-

121 1527 199 1554 sibus
210 1526 399 1553 auctoritatem
412 1524 533 1556 adderet,
546 1524 572 1550 in
584 1522 735 1550 Ecclesiam
748 1522 904 1550 Graecorum

123 1571 241 1599 intrusit.
259 1571 318 1606 ipse
338 1571 409 1598 enim
428 1569 637 1608 exemplo-novo
661 1568 797 1595 hominem
815 1568 899 1594 haere-

123 1625 190 1645 seon
226 1620 478 1652 propugnatorem,
514 1619 712 1649 proptereaque
749 1618 904 1640 accusatum

123 1663 206 1691 etiam
232 1667 259 1690 et
281 1662 490 1690 condemnatum
512 1668 526 1687 a
550 1660 698 1695 plerisque,
720 1660 746 1687 in
773 1660 903 1695 Spiritum

958 1070 1063 1100 πιστοῖς
1085 1068 1187 1096 fontem
1206 1068 1398 1095 scaturientem
1423 1067 1571 1095 sanitatum
1596 1068 1697 1096 ﬂuenta
1718 1071 1745 1096 li-

957 1114 1080 1147 delibus,
1111 1113 1275 1148 Ἐκκλησίας
1296 1113 1468 1147 διδάσκαλον,
1492 1114 1620 1142 Ecclesiae
1641 1115 1745 1150 magis-

957 1163 1041 1192 trum,
1059 1159 1147 1193 φωτδς
1159 1158 1233 1185 θείου
1249 1158 1368 1193 κήρυκα,
1384 1159 1496 1187 luminis
1511 1159 1596 1186 divini
1613 1160 1745 1187 buccina-

959 1212 1055 1237 torem,
1073 1205 1279 1240 οὐρανομύστην
1291 1205 1342 1240 τῆς
1357 1205 1487 1240 Τριάδος,
1509 1206 1647 1233 εωιθειοιη
1665 1205 1746 1234 Tria-

957 1252 1000 1279 dis
1014 1255 1140 1287 mystem,
1149 1251 1283 1287 φωοτῆρα
1296 1250 1466 1286 ὀρθοδοξίας,
1483 1257 1565 1278 recta:
1578 1252 1639 1279 ﬁdei
1651 1252 1743 1287 splen-

958 1297 1061 1329 dorem,
1086 1297 1250 1332 Ἐκκλησῐας
1273 1298 1415 1333 στήριγμα
1435 1298 1484 1324 καὶ
1506 1297 1678 1331 διδάσκαλον,
1693 1298 1744 1326 Ec-

957 1344 1048 1372 clesiae
1062 1343 1177 1371 fulcrum
1193 1347 1222 1371 et
1234 1343 1407 1377 magistrum,
1428 1343 1538 1377 κήρυκα
1555 1343 1605 1378 τῆς
1622 1343 1746 1378 χάριτος,

957 1397 1110 1424 praeconem
1125 1389 1229 1423 gratiae,
1244 1389 1340 1415 στῦλον
1354 1388 1405 1423 τῆς
1418 1388 1552 1422 πίστεως,
1584 1389 1645 1416 lidei
1669 1388 1745 1416 colu-

957 1442 1060 1466 mnam,
1079 1434 1209 1468 καύχημα
1232 1434 1279 1461 καὶ
1301 1434 1441 1468 στήριγμα
1460 1434 1587 1468 μέγιστον
1603 1434 1657 1459 τῶν
1668 1435 1748 1468 ὀρθα-

957 1480 1050 1513 δόξων,
1067 1479 1180 1514 gloriam
1205 1484 1233 1506 et
1249 1479 1399 1506 maximum
1415 1479 1631 1505 orthodoxorum
1650 1478 1744 1505 firma-

959 1529 1090 1557 mentum,
1101 1523 1232 1558 Θεολόγον
1243 1523 1381 1559 δεύτερον,
1397 1523 1566 1558 Theologum
1582 1523 1744 1553 secundum.

957 1569 1011 1596 τῶν
1037 1568 1205 1595 διδασκάλων
1233 1568 1381 1604 ἀκρότητα.
1408 1567 1600 1602 Magistrorum
1628 1567 1746 1603 apicem,

958 1614 1092 1648 θεολόγων
1104 1615 1134 1640 τὸ
1149 1614 1246 1648 στόμα,
1262 1612 1467 1648 Theologorum
1480 1620 1522 1642 os.
1541 1612 1574 1640 Et
1587 1614 1653 1648 quid
1671 1622 1723 1640 non
1734 1614 1747 1641 3

958 1660 1051 1688 omnia
1073 1659 1237 1687 laudationis
1261 1660 1362 1694 capita,
1379 1667 1440 1694 quae
1456 1659 1519 1687 aliis
1533 1659 1661 1687 Patribus
1677 1660 1747 1687 divi-

124 1714 260 1739 sanctum.
286 1715 318 1735 ac
346 1706 495 1735 Ecelesiam
523 1706 645 1733 Latinam
673 1705 813 1740 iniurium,
843 1712 904 1733 cum
921 1701 942 1732 c
959 1706 1011 1734 sim
1026 1706 1062 1734 ab
1073 1706 1134 1733 aliis
1148 1706 1317 1737 tribuuntur,
1335 1705 1362 1732 in
1386 1706 1460 1733 hune
1478 1705 1567 1733 solum
1585 1705 1746 1733 Philotheus

123 1754 232 1789 scriptis
245 1752 325 1780 editis
342 1756 436 1780 contra
451 1751 599 1779 catholicos
612 1751 697 1783 viros,
711 1751 784 1778 illius
802 1758 834 1778 ex
853 1750 905 1778 Pa—

125 1804 166 1828 tre
191 1798 249 1826 solo
277 1798 481 1833 processionem
507 1796 667 1828 defenderit,
693 1801 722 1823 ut
737 1803 768 1824 ex
786 1796 846 1830 ejus
871 1795 905 1823 ad

123 1845 206 1873 Veeei
219 1844 414 1880 inscriptiones
430 1842 674 1872 confutationibus.
686 1842 786 1876 quihus
798 1841 906 1868 abunde

122 1890 255 1918 satisfecit
275 1889 403 1917 Bessario
421 1888 578 1920 cardinalis,
592 1892 620 1914 et
637 1880 704 1914 aliis.
719 1887 824 1914 duabus
840 1887 906 1914 Ora-

122 1936 254 1966 tionibus,
280 1942 347 1969 quas
368 1935 425 1968 ipse
447 1933 667 1964 Ἀποδεικτιχοὺς
689 1933 781 1965 λόγουί
809 1937 905 1959 contra

123 1981 235 2008 Latinos
251 1979 426 2011 nuncupavit.
441 1978 555 2005 Londiui
568 1977 660 2004 Graece
674 1977 827 2011 publicatis,
844 1984 903 2003 ma-

123 2026 253 2054 nifestum
267 2030 319 2058 cst,
334 2025 404 2051 inter
418 2024 493 2050 divos
509 2022 609 2054 retulit,
624 2027 651 2049 et
665 2022 724 2056 ejus
741 2021 901 2048 memoriam

121 2075 209 2100 ollicio
223 2074 256 2099 de
271 2079 341 2099 novo
361 2072 527 2105 conscripto,
545 2069 618 2105 quod
640 2069 667 2096 in
684 2069 815 2097 Ecclesiis
827 2068 904 2102 caui,

121 2118 352 2153 qtn-mznlmodnm
371 2121 397 2144 ct
415 2117 440 2143 in
464 2116 579 2142 aliorum
596 2120 752 2142 sanctorum
778 2115 906 2141 solemni-

121 2162 223 2189 talibus
237 2161 333 2192 voluit,
347 2160 503 2193 celebravit,
517 2168 578 2195 pag.
591 2159 626 2187 96
637 2167 663 2186 a.
676 2167 700 2186 c.
715 2167 751 2186 m.
765 2164 789 2185 et
801 2166 840 2186 ss.
850 2158 903 2186 Pa-

121 2209 199 2248 lzjma:
213 2215 278 2234 vero
305 2206 399 2233 laudes
423 2207 458 2233 ita
477 2211 636 2240 prosecutus
658 2209 712 2236 est,
729 2209 757 2231 ut
778 2205 834 2239 jam
850 2205 905 2231 Na-

120 2254 268 2281 zianzenus
278 2272 285 2283 ,
315 2251 455 2286 Nyssmus
467 2272 474 2284 ,
510 2251 624 2278 Basilius
635 2271 642 2283 ,
672 2250 885 2285 Chrysostomus
896 2270 904 2282 ,

121 2298 298 2330 Athanasius,
319 2303 469 2332 caalcraque
496 2297 625 2324 Ecclesia:
648 2297 748 2324 Graecae
772 2297 903 2329 culmina,

120 2344 222 2378 quibus
243 2351 303 2371 cum
327 2348 432 2370 tantum
457 2343 544 2370 scelus
562 2343 718 2373 committit,
742 2342 809 2370 nihil
836 2343 902 2374 sint,

121 2390 190 2416 nihil
209 2390 236 2416 in
257 2389 382 2417 Ecclesia
395 2389 540 2416 Utilitatem
555 2389 670 2423 egerint.
688 2389 753 2422 Pag.
767 2389 839 2415 enim
855 2389 900 2415 96.

119 2441 147 2461 ct
161 2435 231 2462 infra
246 2440 324 2462 vocat
339 2443 401 2462 eum
417 2435 636 2469 θαυματουργδνι,
654 2434 845 2461 miraculorum
864 2433 904 2461 ef-

121 2481 261 2511 fectorem,
285 2480 424 2514 Θεολογίας
441 2480 597 2513 σάλπιγγα,
620 2479 773 2514 Theologic
800 2479 903 2511 tubam,

120 2525 273 2560 πυρίπνουν
299 2525 386 2558 στόμα
406 2525 455 2558 τῆς
479 2525 590 2559 χάριτος
618 2524 705 2558 ignem
732 2523 840 2558 spirans
873 2531 904 2551 os

119 2572 225 2605 gratiae.
254 2570 410 2604 πνεύματος
433 2570 546 2604 δοχεῖον,
564 2570 676 2602 spiritus
689 2569 905 2603 receptaculum,

120 2615 216 2641 στῦλον
228 2615 277 2649 τῆς
304 2614 467 2649 Ἐχχλησίας
487 2614 665 2648 anesum.
679 2614 835 2640 columnam
854 2613 904 2640 Ec-

116 2660 207 2688 clrsim
238 2661 445 2690 inconcussam.
476 2658 618 2690 εὐσεϐείας
647 2659 822 2693 ὺπέρμαχω,
857 2660 904 2685 καὶ

116 2706 245 2736 ἀσεϐείας
257 2705 413 2737 ἀντίπαλον,
429 2705 537 2739 pietatis
553 2710 793 2739 propugnatorem,
808 2704 905 2739 impie-

117 2752 181 2778 tatis
195 2754 421 2785 oppugnatorem,
441 2750 558 2781 πίστεως
583 2750 750 2784 προστάτην,
773 2750 834 2777 ﬁdei
855 2750 901 2778 dc-

116 2797 265 2827 t‘eusnrcm,
286 2797 373 2831 μέγαν
396 2796 573 2831 καοηγεμόνα
596 2796 641 2822 καὶ
659 2795 829 2829 διδάσκαλον,
846 2803 904 2823 tua-

116 2851 201 2878 gnum
231 2842 325 2870 ducem
354 2847 381 2870 et
408 2843 578 2877 magistrum,
603 2843 688 2877 λύραν
714 2843 899 2878 παναρμόνιον

118 2889 274 2922 πνξύματος
295 2889 407 2922 spiritus
426 2889 507 2923 lyram
534 2889 606 2915 omni
634 2889 838 2916 harmoniat‘utn
856 2898 901 2924 ge.

959 1752 1010 1779 iste
1025 1751 1173 1787 congessit.
1187 1751 1219 1778 Et
1236 1759 1271 1778 ne
1295 1752 1433 1779 videretur
1447 1752 1532 1779 etiam
1555 1751 1624 1779 divre
1640 1752 1747 1787 Virgini

958 1796 1082 1829 inferior,
1099 1797 1230 1830 hymnum
1248 1796 1286 1823 illi
1310 1804 1418 1824 sacrum
1430 1817 1437 1829 ,
1459 1801 1486 1824 et
1504 1797 1611 1824 recitari
1635 1797 1745 1824 solitum

957 1842 986 1870 in
1007 1842 1096 1869 otiicio
1111 1841 1243 1869 Acathisti
1269 1842 1310 1868 sic
1324 1841 1405 1874 dicti,
1425 1841 1497 1875 quod
1512 1849 1649 1876 nunquam
1668 1842 1694 1868 in
1713 1849 1747 1869 eo

958 1887 1094 1919 sedeatur,
1110 1887 1144 1914 ob
1158 1887 1335 1915 reverentiam
1353 1887 1484 1922 Deiparaz,
1499 1887 1576 1922 cujus
1588 1887 1682 1914 laudes
1698 1895 1749 1922 pro

959 1931 1099 1959 beneﬁciis
1123 1932 1242 1966 acceptis
1262 1933 1424 1961 recitantur.
1445 1940 1507 1966 pag.
1534 1932 1585 1959 £58
1601 1933 1627 1964 h,
1644 1940 1667 1959 e.
1686 1940 1704 1963 I,
1724 1933 1744 1960 l.

959 1976 1021 2004 inde
1036 1976 1170 2008 avulsum,
1191 1982 1218 2004 et
1236 1977 1331 2011 paucis
1347 1976 1510 2007 immutatis.
1526 1984 1574 2011 per
1591 1976 1744 2010 parodiam,

959 2021 986 2049 in
1009 2023 1081 2049 hunc
1097 2021 1246 2053 Palamam.
1273 2030 1324 2049 non
1352 2023 1411 2049 sine
1434 2022 1553 2049 maxima
1582 2022 1743 2049 temeritatis

959 2074 1028 2096 nota
1049 2070 1209 2097 transvexit.
1229 2069 1363 2096 Praeterea
1383 2070 1410 2096 in
1434 2069 1493 2104 ejus
1507 2069 1668 2104 Synaxario,
1693 2069 1740 2096 ubi

959 2114 1076 2142 Palamae
1090 2115 1173 2142 vitam
1190 2115 1383 2149 compendiose
1399 2115 1572 2149 exsequitur,
1586 2114 1657 2140 inter
1674 2114 1742 2147 alia,

959 2160 1024 2187 dum
1045 2161 1104 2195 ejus
1121 2161 1148 2187 in
1173 2161 1324 2189 har-resibus
1344 2161 1544 2196 oppugnandis,
1570 2168 1601 2187 ac
1621 2160 1673 2187 lide
1697 2167 1746 2188 ca-

958 2206 1059 2233 tholica
1081 2208 1252 2241 propaganda
1278 2207 1398 2234 studium
1422 2210 1534 2239 narrat,
1561 2207 1630 2233 nihil
1655 2207 1742 2239 aliud,

958 2253 1009 2279 nisi
1039 2253 1111 2279 illius
1131 2254 1157 2279 in
1181 2252 1330 2280 Romanam
1354 2252 1504 2280 Ecclesium
1535 2253 1690 2286 machinas,
1715 2253 1744 2280 iu

959 2298 1070 2326 Latinos
1086 2299 1158 2329 odia.
1174 2306 1223 2333 pro
1238 2299 1394 2326 asserendis
1407 2298 1563 2326 Graacorum
1582 2300 1723 2327 erroribus
1735 2319 1744 2332 ,

957 2351 989 2371 ac
1005 2343 1058 2371 illis
1075 2343 1280 2374 continuandis,
1299 2344 1454 2371 evertendis
1471 2344 1631 2371 Latinorum
1645 2344 1747 2370 verita-

958 2388 1040 2419 tihus,
1058 2393 1085 2415 et
1105 2388 1242 2422 prwcipue
1258 2387 1292 2414 de
1316 2388 1492 2422 processione
1512 2388 1630 2422 Spiritus
1657 2389 1746 2415 sancti

958 2441 990 2459 ex
1005 2433 1084 2460 Patre
1106 2437 1133 2460 et
1147 2433 1216 2460 Filio
1231 2441 1353 2468 cperant,
1377 2434 1427 2461 etsi
1456 2435 1568 2462 subdole
1583 2436 1694 2461 nomina
1719 2440 1746 2461 et

958 2478 1180 2505 circumstantias
1192 2482 1289 2511 taceat,
1301 2480 1429 2513 proponit
1445 2487 1505 2514 pag.
1520 2479 1570 2512 98,
1588 2488 1635 2514 per
1651 2484 1745 2507 totam.

959 2523 1075 2551 Palamze
1088 2529 1236 2558 praeterea.
1249 2533 1310 2559 quae
1326 2525 1386 2559 ipse
1401 2525 1428 2552 in
1454 2525 1563 2552 Latinos
1579 2525 1611 2552 de
1628 2525 1746 2559 Spiritus

961 2570 1046 2597 sancti
1069 2570 1262 2604 proccssionne
1275 2570 1383 2602 ell‘utiit,
1407 2571 1474 2598 alias
1490 2570 1669 2604 inThcologia
1691 2576 1747 2595 tia-—

961 2622 1038 2642 rcses
1061 2619 1088 2642 et
1110 2615 1237 2649 ineptias,
1263 2624 1364 2650 casquc
1389 2617 1606 2650 quamplurimas
1629 2623 1662 2641 ex
1687 2622 1748 2647 ejus

960 2661 1070 2693 SCriptis
1087 2660 1216 2687 collectas
1231 2660 1284 2687 late
1299 2661 1476 2696 prosequitur
1493 2661 1581 2687 libello
1598 2660 1631 2687 de
1648 2660 1699 2686 hac
1716 2668 1744 2686 te

959 2707 1030 2734 edito
1045 2707 1196 2734 Demetrius
1211 2707 1358 2743 Cydonius.
1382 2708 1471 2741 Quare
1489 2708 1531 2734 hic
1546 2707 1623 2741 plura
1641 2705 1746 2732 rcfcrt'c

958 2753 1132 2788 supersedeo.
1151 2753 1274 2781 Andreas
1289 2754 1369 2781 etiam
1393 2753 1564 2781 Colossvusis
1586 2752 1698 2785 Dialogo
1716 2759 1744 2778 In

957 2799 1040 2826 Marci
1057 2799 1185 2834 Ephesini
1202 2800 1356 2834 epistolam.
1379 2804 1475 2826 contra
1493 2799 1561 2826 ritus
1577 2798 1740 2825 Latinorum

955 2846 1099 2874 nonnullas
1116 2836 1230 2880 hujusce
1244 2846 1360 2873 Palatina:
1377 2847 1402 2873 iu
1417 2853 1502 2872 unum
1516 2844 1625 2879 collegit
1639 2852 1744 2879 pravas

959 2896 984 2919 cl
998 2899 1011 2918 a
1025 2891 1075 2919 ﬁde
1087 2891 1220 2918 catholica
1232 2892 1333 2918 alienas
1342 2891 1504 2924 sententias,
1517 2899 1586 2926 quas
1599 2890 1643 2918 hic
1659 2894 1748 2917 trans
