1963 3066
220 133 272 165 867

825 135 872 164 DE
893 131 1095 165 GREGORIO
1118 134 1270 164 PALAMA

1797 130 1846 163 868

224 192 343 228 μάλιστα
357 191 384 217 δὲ
403 191 450 217 καὶ
463 190 551 221 καλῶς
565 190 634 221 οῖδα,
653 188 700 215 καὶ
723 188 893 225 τεοάῥρηκα,
907 190 953 216 καὶ
966 197 1013 215 πε-

1065 187 1249 222 estinfragilis
1264 186 1367 214 Christi
1384 185 1491 220 Petrus,
1503 189 1530 214 et
1547 185 1745 221 discipulorum
1762 193 1824 221 apex
1838 196 1845 218 ;

223 239 371 269 πίστευκα,
386 238 444 267 ταῖς
459 236 504 262 τοῦ
519 237 646 270 Σωτῆρος
663 235 841 269 ἐπαγγελίαις
862 235 1011 270 πιστούμε-

222 293 280 315 νος.
305 284 402 317 Ἡμεῖς
416 281 496 316 δὲτῷ
511 281 672 316 κηρύγματι
696 281 750 308 τῶν
768 280 935 312 ἀποστόλων.
965 281 1010 308 καὶ

223 332 279 361 τοῖς
296 330 412 364 δόγμασι
424 328 478 354 τῶν
507 328 637 363 Πατέρων
668 327 808 362 ἑπόμενοι,
827 329 875 355 καὶ
904 328 1012 355 πάντων

223 376 320 409 ἁγίων,
352 375 382 401 οὐ
410 374 603 408 θεολογοιῖμεν,
635 373 692 400 ἀλλ’
716 373 951 406 ἀνασκευάζοντες
977 373 1012 400 τὰ

223 422 339 457 βδελυρὰ
353 422 488 455 δόγματα,
504 420 679 454 κηρύττομεν
694 421 742 446 καὶ
769 420 885 455 λέγομεν
912 419 1010 452 οὕτως’

223 467 392 501 Πιστεύομεν
405 467 444 498 είς
461 466 583 500 Πατέρα,
612 465 687 497 Υἰὶιν,
711 466 758 491 καὶ
785 464 862 497 ἆγιον
887 464 1010 499 Πνεῦμα,

222 513 296 547 τρεῖς
316 512 460 548 ίδιότητας,
479 513 542 546 μίαν
571 511 704 546 Θεότητα,
735 511 808 545 τρεῖς
838 511 1011 543 ὑποστάσεις,

224 559 290 592 μίαν
303 559 428 593 Osi-rma,
446 558 509 593 τρία
532 558 678 592 πρόσωπα,
701 557 765 592 μίαν
794 556 919 592 θεότητα,
949 557 1013 587 μίαν

221 604 327 635 οὐσίαν,
347 605 411 638 μίαν
428 604 508 639 φύσιν
522 604 620 638 ἁπλῆν,
651 604 723 638 ἴσην,
742 602 902 638 ἀδιαίρετον,
930 603 1013 637 ἀσύγ-

222 657 315 683 χυτον,
332 649 447 680 ἑνιαίαν,
463 649 567 684 Τριάόα
590 649 619 674 ὲν
644 648 751 682 μονάδι,
779 648 828 674 καὶ
859 647 960 682 μονάδα
983 649 1012 674 ὲν

223 694 319 728 Τριάδι
334 694 588 729 προσκυνουμένην.
604 694 651 720 καὶ
683 694 844 729 σεϐομένην.
868 693 1012 728 Ἀλλοτρίῳ

224 740 252 767 δὲ
265 741 294 765 οὐ
314 740 351 774 μὴ
364 740 598 774 ἀκολουοήπομεν.
617 739 685 766 Οὐδὲ
701 740 755 774 γὰρ
767 740 880 775 οἴδαμεν
895 739 943 775 τὴν
955 749 1013 773 φω-

224 787 273 822 νὴν
298 787 351 812 τῶν
368 787 515 819 ἀλλοτρίων
531 787 690 814 ἀκολουθεῖν
707 796 714 802 ·
753 787 813 814 οὐδὲ
845 788 887 814 σοι
905 788 943 822 τῷ
966 787 1013 823 λῃ-

225 831 346 865 στρ.κῶς
363 831 512 865 ἀλλαχόθεν
530 831 715 863 ἀναϐαίνοντι,
731 832 778 858 καὶ
796 831 833 867 μὴ
842 832 885 858 διὰ
899 832 948 866 τῆς
964 833 1013 859 ού-

225 884 276 910 ρας
306 876 346 907 εἷς
375 875 424 910 τὴν
457 876 541 911 αὐλὴν
568 877 750 912 εἰσερχομένῳ
780 878 835 904 τῶν
857 878 1012 913 προϐάτων.

223 921 302 948 Οὕτω
314 921 342 947 δὲ
360 922 591 956 προσκυνοῦντες,
607 922 678 950 οὕτω
701 923 869 957 δοξάζοντες,
885 925 934 951 καὶ
943 925 1014 952 οὕτω

225 967 368 1003 σεϐόμενοι
384 968 432 1003 τὴν
449 968 514 1003 μίαν
527 969 555 994 ἐν
584 968 659 1003 τρισὶ⁴
691 969 852 1004 προσώποις
881 970 1012 1007 Θεότητα,

224 1014 272 1040 καὶ
284 1014 333 1045 τὰς
346 1015 515 1049 ἐπαγγελίας
533 1018 633 1046 πιστὰς
654 1016 764 1051 ἔχομεν,
781 1016 895 1051 ὄψεσθαι
912 1016 1015 1052 ταύτην

223 1059 389 1096 τελεώτερὸν
404 1069 432 1087 τε
451 1061 498 1087 καὶ
512 1060 718 1097 καθαρώτερον,
734 1062 784 1089 οὐκ
801 1063 830 1089 ὲν
855 1062 1013 1098 αἰνίγμασι,

223 1106 369 1140 πρόσωπον
383 1107 412 1133 δὲ
430 1107 497 1142 πρὸς
513 1107 659 1143 πρόσωπον
672 1109 700 1135 ὲν
719 1109 812 1145 ἐκείνῃ
838 1110 870 1144 τῇ
888 1109 1015 1146 ἀθανάτῳ

223 1152 359 1189 βασιλείᾳ,
393 1154 438 1180 καὶ
457 1153 606 1181 ἀπολαύσει
631 1154 685 1181 τῶν
728 1155 851 1188 δικαίων,
875 1153 908 1191 ἧς
927 1156 1015 1191 ὅψεως

219 1199 333 1239 γγένοιτο
350 1199 454 1230 πάντας
471 1200 544 1234 ἡμᾶς
572 1200 722 1235 ἐπιτυχεῖν,
751 1201 798 1228 καὶ
829 1202 859 1228 σὲ
879 1203 1014 1238 μετανοή-

227 1254 326 1278 σαντα,
343 1246 436 1281 χάριτι
451 1247 499 1272 καὶ
516 1247 681 1282 οἱκτιρμοίς,
694 1247 742 1274 καὶ
763 1248 953 1285 φιλανθρωπίᾳ
969 1250 1016 1277 τοῦ

223 1292 324 1325 Κυρίου
339 1291 418 1326 ἡμῶν
439 1292 527 1326 Ἰησοῦ
542 1291 675 1326 Χριστοῦ,
690 1302 711 1327 ῳ
731 1294 832 1329 πρέπει
849 1296 925 1322 πᾶσα
939 1295 1013 1328 δόξα,

222 1337 300 1371 τιμὴ,
313 1337 361 1363 καὶ
376 1337 570 1372 προσκύνησις,
592 1338 641 1364 σὺν
652 1337 691 1373 τῷ
704 1331 815 1373 sisne
834 1339 916 1366 αὑτοῦ
929 1341 1016 1375 [Iath

221 1383 261 1419 τῷ
279 1383 352 1419 μόνῳ
374 1384 466 1418 αἰτίῳ,
480 1384 528 1410 καὶ
550 1383 589 1419 τῷ
618 1383 757 1419 παναγιῳ,
774 1384 822 1411 καὶ
849 1385 954 1420 ἀγαθῷ,
970 1387 1017 1413 καὶ

221 1431 347 1466 ζωογονῷ
356 1430 437 1457 αὐτοῦ
447 1430 514 1456 ῐΙνεύ
519 1431 628 1464 par-cmi:
637 1430 738 1465 μιᾷριαὶ
743 1430 886 1466 ἀδιαιρέτῳ
894 1431 1002 1466 Θεότητι
1008 1453 1015 1466 ,

222 1476 489 1509 νῦνκαὶάεὶ,καὶεῐς
507 1476 570 1508 τοὺς
589 1475 691 1508 αἰῶνας
715 1476 768 1502 τῶν
782 1477 898 1504 αἰώνων.
916 1472 1022 1513 ’Λμὴνξ

225 1531 236 1548 ι
252 1521 416 1556 Disceptatio
430 1521 571 1556 cujusdam
588 1521 638 1548 viri
655 1522 765 1553 eruditi,
782 1528 808 1549 et
826 1523 979 1558 philosophi
1001 1531 1015 1550 e
1029 1531 1051 1561 ρ

222 1568 310 1594 sacris
323 1567 430 1594 litteris.
447 1566 545 1595 Vidisti
565 1575 662 1602 pugnae
677 1575 709 1597 ac
723 1568 903 1595 certaminum
922 1577 1013 1597 remu-

223 1614 403 1640 nerationem.
423 1612 520 1641 Vidisti
545 1621 606 1648 quae
632 1614 675 1641 hic
693 1613 769 1641 facta:
794 1621 858 1642 sunt
884 1623 916 1642 ex
935 1616 1013 1643 beata

223 1658 334 1691 Triadc,
356 1667 408 1686 non
432 1667 464 1686 ex
490 1660 648 1694 operatione
674 1659 934 1689 demonstrationes.
964 1661 1014 1690 Hic

222 1710 265 1732 est
288 1713 386 1733 sensus
408 1705 548 1737 Ecclesiae,
572 1706 629 1733 haec
653 1710 725 1733 recte
739 1707 916 1734 sentientium
934 1707 1012 1742 ﬁdes,

225 1751 417 1785 Apostolorum
445 1752 620 1786 praedicatiof,
643 1752 754 1779 Patrum
775 1753 917 1788 dogmata,
941 1763 1014 1781 mar-

225 1802 315 1832 tyrum
337 1797 440 1829 catdcs,
465 1797 652 1824 confessurnm
682 1797 816 1831 facinora,
839 1800 1012 1827 sacerdotum

226 1844 319 1875 decor,
337 1848 531 1878 prmeeplorunl
549 1843 581 1871 de
603 1843 658 1870 Βυο
684 1844 812 1871 scientia.
829 1844 932 1872 Cecidit
954 1852 1014 1873 tuo-

227 1898 287 1917 rum
304 1891 460 1924 «loguiatnm
475 1889 595 1921 culmen,
609 1889 708 1917 donius
724 1890 831 1922 collisa,
851 1889 1013 1919 fundamen-

226 1943 282 1963 tum
302 1943 438 1967 eversum,
467 1942 546 1970 sepes
561 1939 669 1966 exusta,
686 1935 769 1963 veluti
784 1936 866 1969 cinis,
886 1940 913 1963 ct
927 1937 1014 1971 pulvis

225 1987 240 2006 a
254 1979 362 2006 turbine
379 1984 423 2005 tua
449 1977 618 2014 subterfugia
636 1979 780 2014 dissipata,
805 1980 875 2007 muri
893 1980 1012 2015 disjecti,

226 2025 427 2060 propugnacula
445 2024 558 2055 abolita,
587 2024 764 2060 funditusque
788 2027 920 2054 convulsa
937 2031 1013 2055 sunt.

225 2071 295 2103 Quid
320 2075 347 2098 ιιι
370 2071 528 2098 interimis?
553 2078 617 2098 nunt
633 2071 724 2099 verbis
749 2071 835 2104 hisce,
867 2077 895 2099 et
914 2073 1014 2100 divinae

227 2117 374 2152 Scriptura:
393 2117 556 2145 testimoniis
579 2117 726 2145 suaderis?
742 2118 765 2145 si
781 2118 942 2151 suademus,
960 2119 1013 2147 Deo

226 2163 320 2196 gratia:
343 2162 474 2190 habendae
502 2167 578 2196 sunt,
605 2162 651 2197 qui
677 2163 837 2198 desperatos
861 2164 896 2191 ab
919 2173 1012 2192 errore

1063 233 1109 260 sed
1125 240 1179 260 non
1200 232 1378 260 obliviscetur
1402 233 1428 259 in
1452 232 1532 259 linem
1556 232 1694 267 pauperis,
1719 239 1847 267 pauperes

1062 279 1135 307 enim
1149 279 1212 307 facti
1225 286 1332 312 sumus,
1342 283 1369 307 et
1380 279 1480 307 divina:
1493 279 1596 314 gratiae,
1609 279 1631 306 si
1643 286 1760 313 usquam
1773 278 1846 310 alias,

1062 330 1171 360 propter
1182 330 1274 353 nostra
1287 329 1409 360 peccata,
1421 325 1516 360 indigi.
1529 325 1599 353 Audi
1614 325 1705 360 itaque
1719 333 1727 352 :
1742 325 1765 352 Ι.
1780 324 1846 353 Cum

1064 371 1136 398 dicis
1153 370 1270 399 Deltates
1291 372 1397 399 inlinile
1412 372 1541 402 inlinitas.
1557 380 1620 399 cum
1636 371 1783 405 gentilibus
1794 379 1850 398 om-

1063 417 1143 444 nibus
1160 417 1340 445 consociaris.
1369 417 1398 444 2.
1416 417 1482 445 Cum
1496 417 1575 449 dicis,
1594 418 1662 446 duas
1679 417 1794 446 Deitates
1808 418 1848 445 vi-

1063 462 1169 490 sibilem
1185 467 1211 490 et
1226 463 1403 497 invisibilcm,
1419 464 1690 498 comprehensibilem
1704 469 1730 491 et
1746 464 1847 492 incom—

1063 508 1275 543 prchensibilem
1291 509 1385 542 Deum,
1399 510 1426 537 in
1439 510 1533 537 eadem
1547 517 1607 536 cum
1619 510 1731 537 Platone
1744 516 1849 538 senten-

1064 555 1099 581 tia
1113 561 1153 588 es,
1165 555 1211 589 qui
1223 555 1320 582 asserit
1330 556 1399 583 duos
1409 555 1487 590 deos,
1506 556 1617 583 landum
1639 556 1848 591 nefandnmque,

1063 600 1197 627 visibilem
1210 605 1237 628 et
1256 601 1430 629 invisibile-n.
1442 602 1468 629 5.
1484 601 1549 629 Cum
1562 602 1631 630 dicis
1641 603 1709 630 duas
1721 603 1848 636 Deitates.

1063 646 1318 674 commnnicabilem
1328 667 1336 680 ,
1351 651 1378 674 et
1394 647 1680 675 incommunicabilem
1692 670 1699 681 ,
1713 648 1741 675 in
1756 649 1848 676 eadem

1064 700 1125 719 cum
1142 691 1299 720 Manichmis
1316 694 1444 728 opinione
1457 701 1497 726 es,
1516 694 1563 729 qui
1578 694 1646 722 duas
1661 694 1789 729 Deitates,
1805 695 1851 722 bo-

1064 745 1127 764 nam
1147 743 1174 765 et
1198 739 1297 766 malam
1323 739 1479 766 adstruunt.
1507 740 1534 766 ι.
1559 740 1626 767 Cum
1652 740 1678 767 in
1708 740 1850 769 Divinitate

1065 788 1182 818 quatuor
1196 791 1293 818 ponas,
1308 783 1428 816 Patrem,
1445 783 1554 816 Filium,
1567 785 1711 820 Spiritum,
1722 792 1748 814 et
1756 794 1851 822 opera-

1067 829 1180 862 tionem,
1201 837 1263 856 cum
1287 830 1438 865 Pythagora
1455 831 1550 862 sentis,
1565 831 1611 866 qui
1630 838 1748 866 quatuor
1767 832 1850 860 Deunt

1064 882 1125 902 esse
1141 880 1291 907 asseverat,
1304 877 1488 911 enunciatque
1501 878 1708 911 quaternionem
1722 879 1850 912 perennis

1064 926 1168 949 natura;
1184 922 1297 950 fontem.
1313 923 1340 950 5.
1356 922 1423 950 Cum
1440 923 1481 950 ais
1495 923 1633 951 hominem
1651 924 1812 958 increalum,
1825 931 1853 954 et

1065 967 1124 994 sine
1146 967 1280 1002 principio
1299 973 1325 995 et
1340 968 1403 1000 fine.
1417 969 1592 996 Aristotelem
1607 977 1663 1004 prae
1678 976 1704 998 te
1721 970 1787 1005 fers,
1807 972 1854 1006 qui

1065 1012 1198 1039 mundum
1211 1013 1305 1040 statuit
1316 1013 1374 1040 sine
1386 1013 1520 1049 principio
1529 1019 1556 1042 et
1575 1014 1638 1042 line.
1651 1014 1677 1042 6.
1691 1014 1758 1042 Dum
1772 1024 1853 1044 unam

1067 1057 1198 1085 Deitatcm
1217 1058 1243 1085 in
1262 1060 1430 1093 superiorem
1446 1065 1473 1087 et
1488 1060 1647 1088 inferiorem
1664 1061 1775 1094 dividis,
1791 1070 1852 1090 cum

1069 1103 1209 1131 insensato
1225 1104 1290 1131 Ario
1306 1105 1436 1138 affirmas,
1451 1113 1565 1140 compar
1578 1106 1742 1141 principium
1762 1108 1854 1141 unius,

1067 1149 1235 1185 aequalisque
1261 1150 1382 1184 Deitatis,
1405 1151 1431 1178 in
1458 1152 1584 1186 superius
1608 1152 1777 1188 inferinsque
1798 1154 1856 1181 dis-

1067 1197 1166 1230 cerpis.
1181 1196 1207 1224 7.
1223 1196 1290 1224 Cum
1304 1204 1398 1225 omnes
1412 1197 1532 1233 Spiritus
1547 1199 1733 1233 operationes,
1750 1200 1778 1227 in
1790 1207 1857 1236 ope-

1066 1241 1201 1269 rationem
1221 1241 1387 1275 inferiorem,
1412 1251 1508 1279 nempe
1531 1243 1663 1272 Deitatem
1687 1246 1804 1281 accipis,
1830 1252 1857 1275 et

1069 1287 1200 1323 Spiritum
1223 1289 1394 1323 operatione,
1420 1297 1496 1324 mque
1518 1298 1550 1318 ac
1572 1296 1726 1318 creaturam
1752 1292 1857 1327 privas,

1070 1341 1123 1360 non
1148 1334 1282 1362 absimilis
1306 1343 1333 1362 es
1361 1335 1479 1370 Spiritus
1501 1337 1573 1364 hosti
1600 1337 1759 1366 Macedonio
1782 1338 1859 1376 δῆξι-

1069 1379 1166 1413 manti,
1180 1381 1385 1409 sanctissimum
1404 1381 1536 1417 Spiritum
1551 1383 1610 1411 sine
1623 1385 1783 1419 operatione
1797 1393 1859 1414 esse

1068 1432 1178 1452 servum
1197 1425 1319 1461 ejusdem
1349 1435 1409 1455 cum
1439 1427 1521 1455 Patre
1548 1433 1576 1456 et
1605 1428 1676 1457 Filio
1706 1431 1858 1459 facultatis.

1070 1470 1097 1498 8.
1119 1470 1186 1498 Cum
1202 1471 1345 1499 dissimilia
1361 1472 1388 1500 in
1406 1473 1534 1508 simplici,
1552 1482 1616 1507 una,
1630 1483 1661 1502 ac
1678 1476 1734 1503 sola
1753 1477 1860 1505 Dcitale

1068 1517 1220 1547 introducis
1233 1537 1241 1550 ,
1260 1517 1367 1546 visibile
1389 1524 1415 1546 et
1437 1520 1589 1553 invisibile,
1606 1522 1858 1556 comprehensibile

1066 1568 1093 1591 et
1110 1564 1395 1599 incontprchensibiie,
1413 1566 1641 1595 communicahile
1657 1573 1684 1595 ct
1701 1569 1860 1598 incommu-

1066 1609 1192 1642 nieabile,
1219 1610 1305 1645 magis
1330 1616 1358 1639 et
1382 1611 1484 1643 minus,
1509 1614 1610 1641 asseris
1634 1622 1695 1641 eum
1718 1615 1858 1644 Eunomia

1066 1663 1150 1682 unum
1169 1654 1277 1684 Triadis
1300 1656 1440 1685 Christum
1467 1657 1612 1686 Dominum
1637 1659 1711 1688 Patri
1734 1661 1859 1698 inaequa-

1068 1701 1129 1728 lem.
1145 1701 1171 1729 9.
1188 1702 1255 1729 Cum
1272 1703 1425 1737 contrahis,
1445 1708 1472 1731 et
1489 1704 1616 1733 decurtas
1644 1706 1671 1734 in
1690 1714 1774 1735 unam
1801 1712 1860 1736 tres

1067 1745 1222 1776 Divinitatis
1233 1755 1375 1783 personas,
1390 1750 1423 1776 ab
1435 1750 1529 1785 eisque
1542 1753 1643 1780 asseris
1655 1754 1858 1788 operationem,

1066 1801 1118 1820 non
1134 1794 1240 1822 alienus
1257 1803 1286 1822 es
1304 1803 1318 1822 a
1341 1795 1459 1824 Sabellio
1474 1798 1520 1832 qui
1545 1803 1599 1825 tres
1615 1798 1713 1832 Patris,
1732 1799 1813 1833 Filii,
1832 1807 1860 1828 et

1066 1838 1184 1873 Spiritus
1201 1842 1287 1868 sancti
1313 1849 1456 1876 personas,
1476 1843 1501 1869 in
1520 1851 1600 1870 unam
1619 1844 1701 1879 impie
1721 1851 1858 1874 coarctat.

1065 1886 1108 1913 10.
1125 1887 1193 1914 Cum
1209 1887 1339 1922 ntajorem
1360 1891 1547 1924 minoremqnc
1573 1883 1717 1923 Deitatetn,
1738 1894 1858 1926 primatu

1065 1939 1097 1959 ac
1108 1933 1256 1960 secundam
1274 1934 1421 1968 proﬁteris,
1438 1943 1499 1962 cum
1516 1936 1684 1970 Apollinario
1695 1944 1734 1969 es,
1753 1939 1800 1973 qui
1817 1938 1860 1965 in-

1065 1978 1220 2010 confusam,
1237 1983 1319 2014 atque
1334 1980 1568 2015 incorruptibilcm
1580 1985 1728 2015 gnaturam,
1749 1983 1775 2010 in
1800 1985 1858 2018 pri-

1066 2030 1150 2055 mam,
1166 2028 1194 2050 ct
1208 2026 1370 2058 Secundam,
1381 2030 1407 2052 et
1419 2026 1525 2053 tertiam
1540 2034 1696 2061 personam,
1710 2030 1857 2064 majorem,

1065 2070 1212 2102 minorem,
1229 2076 1255 2098 et
1278 2071 1367 2099 adhuc
1386 2072 1518 2100 minoem
1542 2073 1702 2103 subdividit.
1721 2075 1765 2102 Η.
1787 2077 1858 2104 Cum

1065 2114 1148 2142 Deum
1165 2123 1197 2143 ex
1214 2117 1360 2144 contrariis
1376 2117 1540 2152 quibusdam
1558 2119 1715 2147 visibilibus
1736 2125 1764 2147 et
1784 2121 1860 2148 inti-

1068 2161 1206 2193 sil.ilibus,
1221 2163 1514 2197 comprehensibilibus
1525 2169 1551 2191 et
1567 2164 1862 2200 incomprehensibili-

226 2209 369 2240 convertit,
391 2213 418 2236 et
442 2217 496 2236 non
512 2208 568 2235 vult
592 2214 706 2236 mortem
731 2209 892 2244 peccatoris,
916 2211 963 2238 sed
984 2216 1013 2238 ut
1029 2206 1051 2236 D
1066 2207 1127 2237 bus.
1145 2215 1245 2235 conum
1258 2209 1420 2236 n.canilibns
1433 2213 1460 2236 ct
1475 2210 1799 2243 incommunicabilibns,
1814 2221 1863 2240 su-

227 2258 411 2284 convertatur,
428 2257 455 2280 et
475 2253 566 2280 vivat:
584 2256 606 2281 si
628 2261 682 2280 non
707 2254 845 2286 suaderis,
871 2261 946 2282 tuum
962 2256 1014 2283 crit

227 2297 317 2324 animo
332 2297 452 2330 volvere,
483 2298 509 2324 in
531 2304 607 2333 quot,
624 2304 651 2326 et
676 2304 792 2333 quantas
810 2300 925 2327 hane-ses
946 2300 1013 2327 inci-

226 2343 286 2373 das,
298 2343 344 2377 qui
357 2343 504 2372 animabus
519 2349 545 2371 et
561 2345 607 2371 Dei
625 2344 753 2372 Ecclesia:
776 2352 893 2379 praeesse
908 2345 1014 2373 institu-

228 2395 272 2415 tus
295 2396 342 2422 es,
362 2390 485 2424 judiciis,
509 2398 569 2425 qua!
602 2391 746 2418 ineii'abilis
771 2391 815 2418 ille
832 2392 925 2425 novit,
952 2391 1014 2420 licet

227 2439 336 2469 propter
359 2435 430 2462 illius
455 2436 566 2463 nimiam
585 2437 770 2468 tolerantiam.
795 2437 930 2471 Ecclesia,
954 2438 1014 2465 ani-

227 2488 332 2515 matque
345 2481 393 2508 tibi
409 2482 573 2509 concredita:
587 2490 639 2509 non
655 2483 720 2510 sint.
737 2483 838 2511 Omnes
852 2483 944 2518 itaque
958 2483 1013 2511 ine-

227 2533 301 2553 rcses
316 2534 362 2555 per
376 2531 486 2554 sanctos
501 2526 594 2555 Patres
610 2529 690 2555 morti
704 2528 819 2560 traditae,
838 2529 1012 2564 abolitaeque,

227 2573 299 2600 sicca
319 2580 382 2601 ossa
406 2573 516 2600 redditae
534 2578 609 2606 sunt,
631 2574 736 2609 absque
752 2574 892 2606 carnibus,
910 2576 1013 2608 nervis,

227 2619 385 2654 reliquaque
406 2627 547 2654 compage,
566 2627 630 2647 ecce
648 2624 674 2646 tn
697 2620 755 2655 ipse
770 2621 948 2655 regeneratis,
970 2621 1012 2648 in-

227 2665 410 2700 stauratisque
442 2666 534 2693 stultis
563 2667 618 2692 tuis
644 2666 830 2702 dogmatibus,
859 2668 1010 2702 spiritum,

226 2720 356 2744 carnem,
382 2717 463 2747 atque
487 2713 675 2748 compagincm
704 2713 881 2748 impertiens,
907 2713 1012 2746 vivms,

229 2760 396 2792 animatum,
422 2763 447 2787 et
476 2767 505 2787 se
529 2754 642 2787 movens
668 2767 770 2795 corpus
794 2759 936 2788 effecisti:
965 2767 1014 2794 pro

229 2806 320 2832 anima
351 2805 463 2833 deorum
489 2806 691 2833 multitudinem
720 2806 845 2839 habens,
871 2810 897 2832 ct
925 2806 1013 2841 ignem

229 2852 358 2878 adversus
372 2851 417 2879 Dei
429 2851 575 2880 Ecclesium
587 2852 705 2888 spirans,
718 2851 796 2888 cujus
805 2851 1013 2880 fundamentum

1065 2254 1217 2287 pcrioribus
1242 2259 1269 2281 ct
1289 2255 1465 2282 inferioribus
1495 2257 1651 2291 componis,
1679 2265 1744 2284 cum
1770 2257 1863 2285 Paulo

1065 2300 1246 2326 Samosaleno
1270 2301 1416 2333 convenis,
1441 2301 1523 2328 Deum
1548 2302 1730 2337 compositum
1764 2308 1864 2331 astru-

1066 2350 1138 2371 cntc.
1158 2344 1201 2371 12.
1220 2344 1287 2372 Cum
1306 2346 1346 2373 ais
1363 2345 1408 2372 Dci
1427 2345 1576 2374 Ecclesiam
1594 2347 1620 2374 in
1641 2347 1745 2374 Christi
1762 2349 1865 2376 lucar-

1066 2390 1177 2418 natione
1200 2391 1348 2426 perfectam
1370 2401 1459 2419 rerum
1484 2394 1697 2427 thenlogicarum
1719 2396 1867 2430 cognitio-

1067 2444 1127 2462 nem
1144 2444 1196 2463 non
1219 2437 1358 2470 habuisse,
1371 2437 1419 2465 sed
1438 2446 1510 2466 nunc
1522 2440 1694 2474 postmodum
1706 2445 1753 2468 tua
1765 2447 1867 2472 astate,

1066 2489 1128 2508 eum
1146 2482 1251 2509 Maneto
1267 2485 1431 2516 concordas,
1448 2484 1568 2518 seipsunt
1583 2484 1753 2513 Paracletutu
1781 2495 1867 2515 asse-

1066 2532 1163 2561 rente;
1179 2529 1280 2555 etenim
1305 2529 1327 2555 si
1346 2527 1456 2556 Christo
1475 2530 1617 2557 incarnato
1639 2539 1686 2565 per
1706 2540 1771 2559 cum
1802 2541 1870 2567 per-

1066 2572 1136 2600 fecte
1155 2573 1304 2608 theologica
1326 2582 1380 2601 non
1401 2582 1498 2602 sumus
1519 2576 1649 2608 assecuti,
1673 2577 1721 2604 sed
1739 2583 1789 2606 tuo
1810 2579 1869 2608 hoc

1066 2626 1135 2651 mvo,
1155 2619 1332 2647 manifestum
1355 2625 1468 2655 apparet
1483 2628 1567 2648 unum
1585 2620 1728 2650 Trinitatis
1745 2630 1772 2652 te
1786 2633 1866 2658 esse,

1065 2665 1234 2692 Paracletum
1247 2666 1398 2699 scilicet,et
1408 2674 1468 2702 qua:
1479 2667 1590 2695 deerant
1602 2667 1670 2695 Filio
1679 2669 1866 2706 adimplesse.

1068 2712 1110 2739 15.
1121 2711 1189 2739 Cum
1202 2712 1339 2740 hominem
1354 2713 1504 2740 increatum
1517 2721 1578 2741 esse
1590 2715 1747 2748 contendis,
1762 2718 1866 2744 cadent

1066 2765 1125 2793 qua!
1139 2762 1165 2785 et
1183 2757 1367 2786 Monethclitae
1387 2759 1457 2787 dicis
1472 2768 1478 2786 :
1504 2759 1640 2794 siquidem
1655 2761 1678 2788 si
1704 2761 1791 2789 homo
1820 2765 1848 2788 in

1066 2809 1176 2832 creatus
1192 2810 1246 2838 est,
1261 2809 1288 2832 et
1301 2812 1366 2832 caro
1380 2805 1488 2833 Domini
1509 2806 1644 2840 incrcata,
1661 2813 1688 2835 et
1704 2809 1867 2835 secundum

1068 2854 1216 2886 utrumque
1237 2851 1388 2885 increatus,
1414 2856 1440 2880 et
1467 2852 1573 2887 cadent,
1602 2858 1629 2881 et
1648 2862 1700 2882 una
1719 2856 1868 2883 voluntas.
