1963 3066
119 142 147 175 73
674 136 894 180 GBrECORUM
916 135 1151 166 SENTENTLE.

1674 131 1727 163 871

105 201 175 236 pulis,
187 201 216 226 'ct
239 197 369 233 apostolis
384 197 467 230 illius,
485 204 592 224 necnon
615 197 703 224 sacris
730 195 882 230 prophetis,
899 196 921 223 Α
936 198 962 220 et
979 192 1129 220 Macedonii
1144 218 1150 229 ,
1168 197 1195 219 ct
1210 192 1434 219 Massalianorum
1447 212 1453 224 ,
1479 196 1505 219 et
1524 191 1727 226 Bogomilorum

105 246 251 280 divinisque
277 243 400 279 svnmlis,
415 248 441 270 ct
465 243 594 270 omnibus
609 242 720 269 deiferis
745 241 883 272 Patribus,

104 297 128 319 et
148 290 284 325 magistris
299 290 377 316 nobis
392 289 493 315 tradita
513 288 589 320 ﬁdes,
606 292 633 315 et
649 288 738 322 pietas
756 287 885 314 omnibus

105 343 155 362 eam
171 333 386 369 possidentibus,
401 333 545 360 manifesta
571 339 614 360 est
624 336 651 360 et
665 337 766 367 aperta.
779 331 829 365 [ibi
843 340 886 365 ,ue

104 382 168 409 enim
183 388 279 408 onmes
296 380 458 415 proﬁtentur
483 380 564 407 Deum
581 387 665 406 unum
678 379 706 406 in
724 379 811 406 tribus
829 386 888 413 per-

104 426 181 458 sonis,
198 424 345 452 visibilium
361 425 483 451 omttium
502 429 529 451 et
545 423 726 452 invisibilium
744 423 886 456 factorem,

103 471 327 506 quemadmodum
346 471 373 497 in
392 477 473 497 sacro
490 470 550 497 ﬁdei
578 470 703 505 symbolo
731 471 887 497 astruitur:

104 517 188 549 Pater,
203 517 303 548 Filius.
319 520 347 544 et
362 516 482 551 Spiritus
498 521 621 548 sanctus,
638 520 693 543 tres
714 516 886 551 hypostases,

105 571 151 590 una
171 563 270 595 Deitas,
287 562 404 594 simplex
417 582 424 593 .
446 562 602 594 invisibilis,
629 562 766 594 informis,
784 562 887 589 nullam

105 609 210 644 ﬁguram
229 609 375 644 recipiens,
393 608 544 639 individua,
561 608 687 640 indivisa,
703 608 805 643 ubique
821 615 889 642 pra:-

103 665 170 688 sens,
187 656 279 684 omnia
307 655 432 690 explens,
460 659 491 682 et
515 655 606 681 omnia
636 654 755 681 efﬁciens
774 662 781 679 :
802 655 829 681 in
857 661 888 681 ea

105 711 185 737 neque
206 709 336 737 magnum
353 706 404 732 est,
421 708 510 736 neque
525 708 637 735 parvum
650 721 658 733 ,
673 700 844 735 inaequalitas
862 705 890 728 et

104 748 292 777 dissimilitudo
320 748 393 775 nulla
409 769 416 780 ,
444 747 491 774 sed
509 755 588 782 alqua
607 747 698 774 ornnia
725 753 751 775 et
776 748 886 776 similia.

104 797 161 824 llaec
187 796 279 830 itaque
297 799 399 822 sancta:
423 793 471 820 Dei
509 794 651 821 catholicae
678 798 705 821 et
732 794 889 829 apostolica}

938 241 1046 267 decreta
1064 239 1192 267 stabiliat.
1218 239 1301 266 Plane
1322 239 1394 266 enim
1416 238 1532 265 Satanas
1552 238 1635 265 menti
1653 237 1726 265 illius

939 287 1066 313 tenebras
1080 285 1188 318 offudit,
1206 290 1232 312 et
1244 285 1327 312 variis
1343 285 1511 320 imaginibus
1527 284 1644 317 obsedit,
1657 290 1682 311 et
1700 284 1726 310 in

939 333 1050 362 multas,
1078 340 1146 366 quas
1169 331 1292 358 intuetur
1313 331 1442 363 Deitates,
1458 335 1484 358 et
1501 330 1595 365 plures
1616 331 1728 365 spiritus

939 378 1100 413 dispartitus
1115 383 1167 405 est.
1181 378 1213 405 Et
1231 377 1332 409 lumen,
1349 378 1421 413 quod
1437 377 1495 412 ipse
1510 377 1593 410 videt,
1610 377 1729 404 tenebrae

939 430 1012 455 sunt,
1030 432 1091 451 cum
1109 424 1228 452 Satanas
1249 424 1318 457 apud
1344 424 1432 458 ipsum
1458 424 1485 450 in
1506 424 1630 458 angelum
1659 423 1729 450 lucis

940 470 1165 502 transformatur,
1183 475 1213 497 ut
1236 470 1274 497 ait
1289 470 1446 504 Apostolus.
1465 470 1496 496 Et
1512 477 1572 504 qua:
1588 470 1646 504 ipse
1662 477 1730 496 con-

940 517 1021 551 spicit
1035 517 1178 551 corporeis
1192 516 1300 548 oculis;
1322 516 1479 550 fateturque
1501 523 1562 543 esse
1585 514 1641 542 Deo
1663 514 1731 541 infe~

940 564 1014 591 riora
1031 563 1136 590 inﬁnite
1152 562 1291 593 inﬁnities,
1309 563 1538 596 quemadmodum
1559 565 1585 587 et
1601 566 1732 588 creaturae

941 611 988 638 Dei
1004 610 1110 642 tribuit,
1130 615 1262 644 vocatque
1276 607 1442 638 essentialia.
1460 612 1487 635 et
1503 606 1639 634 naturalia
1662 605 1709 633 Dei
1723 627 1729 637 ,

941 657 1118 692 praecipitque
1137 656 1226 687 nobis,
1245 659 1274 682 ut
1285 662 1316 682 ea
1333 661 1506 686 veneremur,
1522 658 1651 688 tanquam
1666 654 1732 680 deos

942 703 1091 735 inereatos,
1109 708 1136 730 et
1161 701 1278 729 Deitates
1302 709 1310 728 ξ
1329 706 1356 728 ct
1376 701 1416 728 sic
1433 709 1488 728 non
1511 704 1615 727 tantum
1638 701 1665 727 in
1683 699 1734 726 int-

941 757 1050 777 manem
1068 748 1271 776 multitudinem
1287 768 1295 781 ,
1310 752 1338 775 et
1354 747 1542 782 prodigiosam
1558 747 1733 782 partitiOnem

942 797 1048 824 Numen
1064 795 1144 824 dictis
1162 794 1221 822 suis
1237 793 1378 828 disrerpit,
1394 801 1489 821 verum
1508 794 1588 820 etiam
1606 794 1734 828 simplex.

105 842 228 870 Ecclesia:
247 841 324 874 ﬁdes,
343 848 391 875 per
405 844 461 867 tres
477 840 588 867 Deitatis
603 841 764 876 hypostases
781 840 891 868 Judaeu-

948 844 1103 873 mdivisum,
1120 841 1233 876 sequale
1247 845 1329 875 atque
1344 841 1472 870 informe.
1490 841 1686 874 compositum,
1706 846 1735 867 ut

106 897 161 916 rum
180 888 351 922 opinationes
376 885 516 918 convellit,
533 885 578 920 qui
590 887 705 913 credunt
720 886 891 922 fatenturque

105 933 195 962 Deum.
216 937 244 959 at
262 939 318 958 non
337 931 364 958 in
389 931 478 958 tribus
503 931 712 966 hypostasibus,
739 932 788 959 sed
816 939 889 965 una;

104 987 149 1014 per
162 979 292 1006 unitatem
311 977 397 1012 ipsius
423 977 610 1010 individuam,
640 978 719 1012 plttra
747 977 890 1012 gentilium

105 1025 212 1052 numina
243 1023 391 1059 proﬁigat:
415 1031 519 1050 necnon
538 1023 614 1056 Arii,
636 1023 819 1058 Eunomiique
841 1024 892 1051 im-

105 1071 207 1106 piorum
235 1070 424 1097 haereticorum
442 1069 557 1097 Deitatis
574 1070 771 1097 concisionem.
787 1060 892 1097 Recens

104 1125 168 1144 vero
179 1115 361 1143 Interesiarcha
378 1116 488 1142 nomine
501 1115 637 1147 Palamas,
650 1115 778 1142 universa
793 1122 893 1143 sanctae

106 1163 150 1191 Dei
177 1162 308 1189 Ecclesia:
326 1162 472 1198 dogmata,
491 1166 529 1188 et.
542 1161 621 1188 ﬁdem
643 1165 764 1188 nostram
783 1161 893 1188 univer-

104 1217 172 1238 sam.
187 1208 245 1235 suis
259 1207 435 1235 exseerandis
463 1215 494 1234 ac
514 1207 686 1241 itnpiissimis
712 1207 885 1243 dogmatibus

104 1260 131 1283 ct
153 1253 284 1282 doctrinis
301 1252 463 1286 confundit,
487 1253 678 1280 haereticorum
696 1253 818 1280 omnium
845 1261 894 1280 uc-

104 1301 261 1337 quissimus.
281 1300 334 1333 Qui
357 1299 446 1334 palam
463 1299 509 1326 hic
528 1299 555 1326 in
574 1299 695 1326 Ecclesia
711 1299 757 1326 Dei
783 1307 894 1334 compa-

105 1355 178 1378 rens,
197 1346 278 1381 paulo
297 1351 360 1373 ante
375 1351 506 1380 tanquam
522 1345 675 1372 membrum
691 1345 855 1376 marcidum,
867 1351 895 1372 et

105 1393 268 1421 medicinam
293 1400 347 1419 non
369 1391 529 1423 admittens,
548 1390 582 1418 ab
600 1391 695 1418 eadem
713 1391 817 1425 ejectus
840 1396 893 1418 est.

106 1439 261 1467 Commovit
278 1442 369 1465 autem
397 1438 454 1472 ipse
471 1437 555 1464 multa
575 1441 686 1471 propter
714 1442 824 1472 peccata
847 1445 895 1464 no-

104 1491 173 1519 stra,
190 1486 255 1520 quin
272 1485 338 1517 imo,
354 1489 382 1511 ut
397 1483 502 1519 probati
522 1483 658 1511 manifesti
676 1483 752 1516 ﬁant,
764 1483 896 1518 quemad-

942 896 1007 919 sunt
1024 889 1084 917 alite
1104 892 1247 919 creaturze,
1265 886 1340 914 facit.
1357 887 1389 913 Et
1404 887 1505 914 cultum
1521 887 1646 914 exhibuit
1661 894 1736 914 crea-

943 942 1020 969 turae,
1033 940 1059 963 et
1074 942 1129 962 non
1145 933 1282 964 Creatori,
1300 934 1386 960 ntulto
1403 932 1561 966 immanius,
1577 941 1658 968 quam
1671 941 1737 969 gen-

943 983 1004 1009 tiles
1023 980 1085 1016 ipsi,
1097 979 1246 1007 insaniens.
1264 978 1354 1013 Neque
1365 979 1438 1005 enim
1454 986 1486 1006 e0
1501 979 1649 1013 impietatis
1665 979 1733 1006 ada-

943 1029 979 1056 cti
1000 1032 1065 1055 sunt
1087 1027 1232 1054 nttminutn
1250 1025 1435 1057 multitudine,
1452 1030 1482 1052 ut
1501 1025 1583 1052 Deum
1603 1030 1737 1053 creatura:

944 1074 1138 1105 assimilarent,
1153 1076 1179 1099 et
1198 1072 1368 1106 angelorum,
1391 1077 1561 1105 sanctorum,
1576 1078 1658 1108 atque
1675 1072 1736 1100 ani-

945 1128 1051 1147 marum
1064 1119 1183 1147 essentia
1200 1118 1359 1145 inferiorent
1381 1118 1556 1153 pejoremque
1573 1123 1734 1146 statuerenl.

944 1164 1067 1199 Namque
1079 1168 1176 1191 natura
1188 1163 1348 1198 angelorum
1362 1163 1466 1198 perpici
1479 1171 1533 1190 non
1546 1165 1627 1196 valet,
1640 1171 1737 1198 quem-

945 1211 1092 1238 admodum
1111 1217 1200 1244 neque
1216 1209 1325 1236 animae.
1347 1209 1472 1236 Palamas
1492 1218 1556 1237 vero
1574 1210 1630 1244 ait,
1651 1210 1736 1238 Dento

945 1257 1063 1292 speciem
1076 1257 1176 1283 habere
1191 1255 1337 1288 visibilem,
1350 1255 1501 1283 naturalem
1520 1257 1570 1292 ipsi
1595 1263 1622 1284 et
1643 1265 1737 1285 essen-

938 1303 1049 1329 tialcm.
1070 1301 1210 1329 lnvisibile
1231 1309 1313 1336 porro
1332 1303 1417 1329 multo
1442 1308 1484 1330 est
1509 1303 1610 1330 visibili
1640 1304 1737 1331 melius
1770 1301 1773 1306 ”

946 1356 978 1375 ac
993 1347 1188 1383 praestabilius.
1204 1348 1297 1382 Neque
1316 1348 1367 1375 hac
1382 1348 1487 1376 ratione
1501 1349 1588 1376 solmn
1611 1350 1637 1376 in
1654 1349 1738 1377 Deum

947 1395 1047 1428 impitts
1064 1394 1125 1426 fuit,
1141 1393 1189 1421 sed
1216 1399 1243 1421 et
1268 1393 1387 1428 scipsum
1415 1395 1497 1421 Deum
1519 1395 1686 1427 inereatum,
1712 1400 1739 1421 et

946 1441 1050 1474 absque
1070 1439 1204 1474 principio
1221 1446 1282 1466 esse
1300 1439 1441 1471 decrevit;
1458 1447 1520 1466 nam
1540 1441 1649 1471 asserit,
1667 1441 1738 1468 infe-

948 1486 1029 1513 rioris
1047 1485 1159 1512 Deitatis
1176 1485 1302 1512 homines
1317 1486 1470 1519 participes.
1485 1494 1545 1521 quae
1557 1494 1604 1514 eos
1619 1487 1738 1517 deitieat.

106 1532 215 1560 nimium
230 1531 342 1558 divinus
361 1530 398 1557 ait
413 1530 572 1564 Apostolus.
586 1529 653 1556 Nam
670 1537 732 1556 eum
748 1537 830 1556 unam
841 1529 893 1564 ipsi
908 1526 929 1556 C
946 1536 1090 1560 cernentes
1103 1532 1194 1559 lumen
1210 1531 1276 1559 illud
1295 1531 1378 1558 Deum
1395 1533 1554 1560 inferiorem
1570 1534 1659 1562 oculis
1673 1543 1737 1562 eor—

107 1577 238 1605 Dcitatem
260 1577 288 1603 in
314 1576 402 1603 tribus
426 1575 620 1611 hypostasibus
633 1574 812 1602 conﬁteamur
828 1575 896 1602 sim-

105 1625 201 1659 plicem
220 1628 302 1658 atque
317 1622 476 1654 indirisam,
492 1622 537 1648 ille
553 1621 653 1648 multas
671 1621 790 1648 Deitates
807 1620 896 1656 palam

104 1669 236 1705 praedicat
249 1676 347 1704 parvas
360 1673 387 1696 et
403 1674 528 1701 magnas.
544 1673 569 1694 et
593 1668 663 1695 hanc
677 1675 758 1694 unatn
774 1667 801 1694 in
825 1667 898 1694 mul-

105 1720 147 1742 tas
163 1714 304 1749 tlisccrpit,
325 1719 351 1741 et
363 1721 444 1740 uttatn
458 1714 566 1746 quidem
583 1713 763 1746 superioran
778 1713 897 1747 reliquas

103 1760 260 1797 inferiores,
277 1759 335 1787 sive
352 1767 383 1787 ca
402 1759 534 1790 minores,
554 1759 636 1786 sicuti
652 1764 793 1786 creaturas
821 1759 897 1792 facit,

103 1811 131 1834 et
151 1805 320 1841 superiorem
348 1805 497 1832 essentiaut
519 1804 564 1831 Dei
593 1804 721 1838 appellat,
748 1804 898 1831 inferiarcs

103 1851 270 1880 essentiales
286 1851 473 1886 operationes,
492 1857 519 1877 et
534 1850 679 1877 facultates
696 1851 778 1882 illius,
793 1856 820 1876 ct
835 1851 900 1877 cha-

105 1898 232 1927 rismata.
252 1904 313 1931 quae
336 1901 477 1931 operatur,
503 1901 594 1923 creata
618 1903 727 1930 nempe,
751 1901 778 1922 et
804 1905 899 1923 rursus

98 1942 241 1975 ‘increata,
257 1946 397 1978 quodnon
418 1947 523 1970 [autent
540 1942 682 1977 gentilium
696 1947 746 1974 est,
761 1947 787 1968 ct
799 1943 899 1970 inuitos

103 1991 174 2018 deos
201 1991 306 2017 inducit
329 1999 335 2016 :
356 1990 464 2016 unicam
491 1990 563 2016 enim
590 1988 721 2015 Deitatem
747 1989 773 2015 in
800 1989 900 2016 nmltos

103 2041 171 2068 deos
189 2039 327 2067 concidit:
342 2039 389 2065 sed
407 2038 490 2065 ctiam
506 2038 656 2064 vanitatum
680 2037 787 2072 plenum
804 2043 856 2068 εει,
875 2041 902 2064 et

103 2094 118 2113 θ
135 2091 227 2113 mente
253 2085 370 2112 consilio
381 2092 424 2118 pte
440 2084 519 2118 plane
533 2084 683 2110 diductum.
698 2084 742 2110 Ait
757 2091 902 2118 corporeo-

103 2140 167 2159 rum
190 2132 335 2159 oculorum
354 2130 462 2157 obtutui
488 2129 587 2163 subjici
604 2129 756 2156 naturalem
775 2129 820 2156 Dei
844 2129 902 2156 for-

102 2188 190 2210 mam,
205 2184 232 2205 et
248 2178 393 2208 Deitatem,
404 2184 487 2211 quant
503 2175 661 2203 inferiorem
675 2175 806 2202 Deitatem
819 2184 902 2203 enun-

949 1579 1051 1613 poreis.
1066 1577 1121 1604 ﬁeri
1138 1578 1203 1605 deos
1234 1578 1368 1606 increatos
1385 1583 1412 1606 et
1436 1579 1496 1607 sine
1521 1580 1666 1615 principio.
1684 1581 1741 1609 [loc

949 1629 1038 1649 autem
1055 1631 1108 1649 non
1126 1623 1205 1658 longe
1220 1624 1296 1650 abest
1310 1624 1344 1650 ab
1359 1631 1402 1654 eo.
1417 1625 1490 1659 quod
1515 1625 1662 1660 aliquando
1680 1627 1741 1654 dia-

950 1670 1029 1696 bolus
1048 1677 1132 1697 ausus
1151 1673 1202 1701 est,
1219 1678 1281 1697 cum
1299 1670 1386 1697 dixit:
1401 1678 1410 1696 α
1431 1670 1533 1698 Ponam
1546 1672 1636 1700 sedem
1652 1681 1741 1701 mem)

951 1723 1034 1749 super
1051 1716 1136 1742 nubes
1148 1736 1155 1746 .
1173 1720 1199 1742 rt
1216 1724 1264 1744 ero
1281 1717 1379 1744 similis
1397 1716 1550 1745 Altissimo.
1576 1728 1584 1744 ι
1604 1718 1675 1746 Sane
1693 1720 1743 1748 hac

951 1760 1092 1795 itrpietato
1119 1761 1192 1788 nulla
1219 1767 1307 1796 potest
1338 1764 1488 1792 excoaitari
1514 1765 1644 1796 atrocior,
1663 1774 1742 1800 quam

954 1814 1017 1834 cum
1043 1814 1071 1833 se
1103 1807 1184 1834 homo
1203 1807 1285 1835 Deum
1304 1808 1454 1836 ineteatum
1477 1815 1503 1836 ct
1527 1810 1586 1837 sine
1608 1812 1743 1845 principio

953 1852 1011 1879 ﬁeri
1023 1853 1117 1887 jactat.
1135 1854 1166 1880 Et
1187 1854 1212 1880 id
1228 1859 1270 1881 est
1285 1855 1356 1888 quod
1378 1855 1441 1881 olim
1460 1856 1593 1883 Dominus
1610 1857 1744 1892 praedixe—

951 1905 1004 1931 rat,
1026 1909 1034 1925 ι
1057 1900 1171 1926 Venient
1198 1901 1398 1934 pseudocltristi
1423 1906 1448 1927 et
1476 1902 1720 1938 pseudopropln-ta-
1735 1925 1742 1936 ,

952 1951 977 1973 ct
996 1947 1096 1972 dabunt
1121 1946 1200 1980 signa
1216 1951 1242 1973 et
1257 1947 1380 1981 prodigia
1396 1948 1421 1974 in
1436 1949 1535 1982 populo
1554 1957 1560 1974 :
1579 1953 1605 1975 et
1626 1950 1648 1976 si
1667 1951 1744 1978 vobis

952 1993 1082 2024 dixerint,
1100 1992 1167 2020 Ecce
1184 1993 1228 2020 hic
1239 1993 1364 2021 Christus
1379 1997 1430 2025 est,
1444 1997 1484 2021 vel
1501 2003 1564 2021 ecce
1578 1996 1625 2027 ibi,
1639 2004 1672 2024 ne
1685 2005 1745 2024 crc-

953 2038 1022 2064 datis
1042 2037 1106 2064 illis.
1125 2048 1133 2063 ι
1152 2038 1183 2065 Hi
1203 2039 1295 2072 itaque
1309 2043 1414 2065 tanluttt
1434 2047 1486 2065 non
1503 2040 1554 2067 hoc
1569 2040 1682 2073 dicunt,
1698 2050 1744 2069 ve-

954 2092 1013 2111 rum
1036 2084 1166 2111 [)eitatcm
1183 2092 1244 2112 esse
1262 2085 1331 2119 apud
1350 2085 1423 2119 ipsos
1438 2087 1578 2120 corporeis
1601 2087 1688 2114 oculis
1704 2089 1745 2115 vi-

955 2138 1026 2163 sam,
1041 2138 1125 2164 seque
1148 2131 1221 2165 ipsos
1252 2139 1310 2157 esse
1337 2130 1402 2158 deos
1429 2131 1574 2159 increatos.
1601 2132 1657 2160 lloc
1683 2142 1746 2160 vero

956 2175 1056 2202 Paulus
1086 2175 1120 2202 de
1147 2176 1318 2203 Antichristo
1343 2176 1506 2204 enuntiavit.
1537 2187 1546 2203 ε
1570 2178 1638 2205 Cum
1669 2187 1746 2206 reve-

101 2231 165 2257 ιηη,
183 2229 209 2252 ει
223 2223 310 2251 Deum
325 2222 488 2253 secundum,
504 2226 530 2249 et
544 2229 669 2256 part-um,
686 2221 719 2248 ad
740 2229 791 2249 nos
812 2230 899 2256 usque
917 2225 936 2251 ί)
953 2221 1054 2248 labitur
1069 2221 1158 2251 exlex.
1176 2222 1296 2256 seipsum
1314 2229 1396 2256 super
1407 2229 1516 2249 omnem
1535 2224 1639 2250 cultum
1655 2225 1744 2252 extol-

100 2271 324 2307 pervcnientem,
348 2274 374 2296 ct
398 2268 478 2296 nobis
502 2268 645 2295 visibilem.
671 2267 746 2300 Quod
764 2269 900 2303 superior,

101 2317 209 2351 inquit,
225 2315 352 2342 excelsus
366 2318 417 2346 est,
435 2322 484 2341 nec
501 2314 570 2341 visui
591 2319 674 2348 patet.
691 2313 740 2341 llic
756 2322 821 2342 vero
834 2315 902 2341 infe-

104 2364 168 2390 rior
192 2362 276 2395 Deus,
298 2362 343 2396 qui
369 2362 488 2394 videtur,
505 2365 532 2388 et
554 2361 614 2388 aliae
636 2361 766 2393 Deitates,
789 2361 902 2394 acqualis

102 2418 173 2437 cum
191 2417 225 2436 eo
240 2408 392 2440 facultatis,
407 2415 477 2442 quas
495 2413 646 2442 nuncupat,
661 2412 687 2434 et
703 2407 822 2442 Spiritus
838 2415 901 2434 san-

102 2456 353 2487 ctos,ctincreata
382 2455 434 2481 alia
458 2460 559 2481 sanctae
575 2453 695 2486 Triadis,
719 2461 806 2488 eaque
832 2454 902 2480 infc-

103 2503 184 2529 riora
200 2501 308 2528 inﬁnite
324 2500 443 2533 inﬁnita,
461 2501 511 2527 hoc
527 2505 569 2527 est
591 2501 695 2535 absque
716 2500 768 2527 ulla
789 2508 902 2534 compa-

101 2549 216 2576 ratione
231 2547 264 2574 ad
284 2555 326 2580 ea,
344 2547 574 2582 quemadmodum
591 2551 618 2573 ct
642 2546 754 2580 reliqu
771 2551 902 2573 creatura:

101 2595 306 2622 desciscentia.
323 2594 378 2621 Has
399 2594 492 2628 itaque
511 2594 642 2624 Deitates.
660 2597 687 2619 et
704 2593 754 2619 hos
770 2593 901 2627 Spiritus,

100 2646 133 2668 et
149 2640 286 2668 visibilem
305 2640 437 2667 Deitatom
457 2639 494 2666 ait
511 2639 539 2666 in
569 2638 705 2665 Creaturis
721 2646 798 2672 atque
822 2642 904 2672 atque

101 2688 201 2722 ipsum
221 2686 306 2713 Deum
332 2687 451 2720 operari,
468 2686 548 2712 aliam
571 2685 737 2716 illuminare,
758 2684 838 2711 aliam
855 2692 902 2711 cx-

100 2741 236 2768 purgarc,
254 2732 334 2759 aliam
355 2732 506 2764 viviﬁcare,
523 2732 603 2758 aliam
630 2731 685 2758 alio
711 2732 791 2759 modo
810 2739 902 2758 rerum

100 2786 205 2807 Curat!)
221 2786 325 2812 gerere,
338 2783 364 2804 et
383 2785 603 2812 unamquamque
618 2777 757 2811 proprium
770 2785 838 2811 opus
853 2777 904 2803 sibi

102 2827 152 2852 vin
168 2826 271 2857 licare,
297 2830 323 2851 ct
350 2825 456 2859 operari
475 2833 481 2851 :
499 2830 527 2850 ut
555 2831 608 2850 non
636 2828 739 2850 tantum
766 2823 904 2857 gentilium

101 2874 229 2908 plurima
242 2873 355 2898 numina
372 2871 538 2901 introducat,
552 2870 597 2897 sed
612 2875 637 2896 ct
649 2868 715 2903 Arii,
730 2873 756 2897 et
769 2869 905 2900 Eunotnii,

238 2921 374 2950 l‘A'rnot.
395 2917 453 2946 Gtt.
470 2916 516 2946 CL
529 2935 534 2941 .

954 2267 1022 2299 lens,
1036 2273 1064 2294 et
1078 2267 1183 2294 sedebit
1197 2267 1223 2294 in
1242 2268 1352 2302 templo,
1370 2267 1466 2295 dicens
1480 2276 1509 2295 se
1522 2268 1610 2303 ipsum
1629 2268 1740 2298 Deum.)

953 2313 1023 2346 Quid
1037 2314 1109 2340 enim
1130 2314 1217 2348 magis
1231 2313 1358 2348 jactabit,
1374 2322 1434 2341 cum
1452 2314 1496 2341 ille
1507 2315 1632 2342 venerit?
1643 2320 1670 2342 et
1681 2318 1745 2351 quid

954 2363 980 2388 in
997 2362 1193 2388 sublimitatem
1214 2361 1259 2388 Dei
1277 2361 1404 2393 insanict,
1419 2366 1443 2389 et
1458 2362 1746 2397 hlas—phemabitalro—

954 2408 1024 2439 cius,
1048 2416 1129 2442 quam
1149 2416 1210 2433 eum
1227 2416 1256 2434 se
1277 2407 1342 2434 dicit
1368 2407 1451 2434 Deum
1477 2408 1627 2435 incrcatum
1645 2414 1671 2436 et
1689 2410 1761 2443 sine.

955 2453 1111 2488 principio?
1130 2453 1201 2487 quod
1217 2461 1290 2479 nunc
1304 2452 1430 2480 Palamas
1444 2454 1599 2484 afﬁrmavit,
1613 2460 1639 2481 et
1653 2463 1746 2481 coram

954 2501 1082 2526 ouilibus
1110 2499 1213 2526 doluit.
1233 2500 1322 2531 Quare
1347 2505 1393 2525 aut
1418 2499 1462 2526 hic
1488 2500 1603 2526 Satanas
1625 2505 1675 2532 est,
1701 2505 1749 2527 aut

956 2553 1109 2581 priccursor
1127 2545 1209 2577 illius,
1228 2553 1289 2572 cum
1305 2545 1360 2579 jam
1377 2551 1404 2572 et
1429 2546 1491 2573 linis
1517 2546 1608 2572 sicculi
1625 2566 1632 2577 ,
1659 2551 1695 2577 et.
1721 2552 1748 2573 ut

955 2592 1013 2626 ipse
1034 2593 1143 2625 opinor,
1166 2591 1321 2618 immutatio
1339 2592 1459 2618 universi
1477 2600 1558 2626 prope
1574 2592 1618 2623 sit,
1633 2597 1659 2618 et
1682 2592 1747 2618 hea-

957 2643 1011 2669 tus,
1029 2637 1075 2671 qui
1093 2637 1221 2663 mandata
1241 2637 1352 2669 (lliristi,
1367 2642 1393 2663 et
1410 2637 1483 2663 illitis
1498 2637 1706 2671 discipulorum,
1721 2643 1747 2664 et

957 2684 1068 2711 Patrum
1089 2685 1197 2711 decreta
1217 2689 1290 2710 satia
1313 2688 1383 2710 tecta
1401 2685 1521 2711 servabit
1535 2704 1542 2715 ,
1557 2688 1584 2710 et
1607 2684 1641 2709 ab
1656 2691 1749 2711 errore

956 2730 1206 2760 l’alami‘arum,ut
1225 2730 1258 2756 ab
1275 2729 1336 2764 igne
1363 2734 1389 2755 et
1411 2729 1522 2756 culuhro
1540 2729 1640 2755 intacta
1660 2729 1748 2755 luchi-

957 2781 1011 2806 tur,
1039 2779 1110 2810 quot
1134 2776 1191 2802 huc
1210 2776 1244 2801 sit
1261 2776 1377 2809 pessima
1398 2775 1524 2802 Ecclesiae
1542 2783 1628 2806 noxa,
1648 2780 1674 2802 et
1691 2785 1750 2802 om-

958 2823 1034 2849 nium
1054 2822 1101 2856 qui
1118 2829 1237 2855 unquam
1250 2827 1328 2848 a-ntt‘a
1346 2822 1456 2853 fuerint,
1469 2830 1547 2848 error
1562 2822 1749 2856 itnpiis‘simus.

960 2868 1044 2902 idque
1064 2871 1114 2901 est,
1137 2872 1167 2894 ut
1183 2875 1254 2901 reor,
1270 2869 1339 2902 quod
1358 2868 1382 2894 in
1404 2875 1524 2894 errorem
1541 2867 1648 2895 inducet
1667 2869 1749 2895 etiam

883 2957 962 2964 VA»,
