1963 3066
140 140 191 170 8δῆ

715 138 735 167 G
743 137 932 167 “ECORUM
956 137 1192 169 SENTENTLE.

1702 133 1754 166 886

139 197 200 230 ὅρια.
217 194 344 229 Ηατὲριιιν
359 195 394 230 μὴ
409 195 539 230 piniger
576 196 801 231 τίιιιιιιρῡυμένῡις.
821 195 919 230 Ἐ’ίρὰ-

983 195 1024 221 llis
1036 195 1124 221 inesse
1137 202 1150 220 a
1166 193 1265 220 dcitate
1277 192 1334 223 Dei,
1350 190 1393 226 qui
1409 198 1456 226 per
1469 189 1583 226 gratiam
1597 197 1660 217 suas
1677 199 1752 217 crea-

140 250 175 274 φη
193 242 206 266 ὁ
229 240 324 274 παρὼν
348 241 435 274 Τόμος
463 241 526 274 μηνὶ
548 238 659 276 Ἰουλίῳ,
684 240 858 272 Ἰνδικτιῶνος
880 243 918 267 ιε’.

144 285 270 317 lAlltiil“,
289 286 376 312 tritus
392 290 468 312 teme
482 290 508 312 cl
521 286 629 320 lingum.
646 283 740 320 gentes
753 293 847 312 omnes
863 293 922 320 qum

141 332 271 358 habitatis
285 332 334 358 sub
346 332 426 360 cmlo.
442 332 597 366 quicunque
611 332 713 359 scilicet
728 331 810 358 Deum
827 339 921 358 verum

141 379 245 407 mlunt,
258 383 283 404 et
302 385 383 404 unam
399 377 528 404 Deitatent
543 378 569 404 in
588 378 674 404 tribus
692 377 816 412 personis
839 377 919 410 glori-

143 425 261 450 l‘tratam.
278 423 386 453 Audite,
404 424 449 457 qui
466 427 560 450 sancto
575 424 696 457 peruncti
711 423 777 450 estis
792 423 924 458 sanguine

142 470 252 503 pretiosi
266 469 343 502 Agni.
356 470 401 502 qui
424 469 538 495 clhnicxe
554 468 692 503 religienis
706 477 839 500 errorem,
857 469 925 496 mul—

142 521 180 541 tos
200 516 264 540 deos
289 519 465 547 astrnentem,
481 514 615 545 disstit,
639 519 668 541 ut
682 522 751 541 unus
769 515 838 542 Dcus
857 522 925 542 una—

141 569 193 594 ιμιι-
208 561 290 586 licitas
306 561 441 587 coleretur
458 561 490 587 ab
511 560 545 587 iis
565 561 611 594 qui
631 561 656 587 in
673 560 812 587 Christum
832 560 925 587 Domi-

144 613 207 631 num
229 610 352 632 nostrum
377 606 527 633 credidere.
554 606 663 638 Audite,
689 613 748 639 qua:
766 611 924 641 tempestas,

141 649 202 682 quis
218 651 308 679 tut-bo.
323 657 381 684 quae
396 650 512 676 tenebrm
525 669 532 680 .
553 650 637 677 multo
657 650 790 685 (Egyptiis
806 651 860 677 illis
873 651 922 676 im-

144 695 290 724 trnninres,
306 694 461 721 Grzecorum
479 695 626 722 Ecclesium
646 701 852 730 oppresserunt.
875 696 924 722 Ne-

142 747 195 772 que
210 740 282 766 enim
298 739 404 767 sulieCit
432 740 540 767 diabolo
557 741 664 774 generis
693 741 779 768 nostri
796 741 828 767 ad
845 742 927 767 inter—

144 784 284 810 m-t-ioncm
313 785 430 815 eversio,
449 792 541 819 quam,
565 792 624 811 cum
655 784 788 811 homicida
808 789 879 811 esset
893 783 926 810 ab

144 831 230 857 I'tilio.
257 831 414 864 procuravit
432 838 478 865 per
497 829 676 857 defectionem
703 834 730 856 et
749 830 924 856 rebellionem

143 883 314 910 ςτνυρι-ηιιηιιιι
340 876 585 902 instrumentorum
600 884 606 907 ;
632 883 681 902 nec
693 875 759 902 satis
782 875 819 902 illi
836 875 924 901 visunt
941 865 962 892 Β

143 927 196 951 est,
217 926 257 947 tut
279 921 388 947 urbium
423 925 450 947 ct
467 919 608 953 regionum
637 919 765 954 proditio,
800 927 850 946 nec
872 927 925 945 non

143 967 359 992 (thristinnorttltt
391 966 479 993 caldus
506 971 532 992 ct
558 966 738 999 captivitates,
770 969 797 991 ct
820 964 927 1000 generis

144 1011 263 1037 universi
281 1019 312 1037 ac
328 1012 413 1037 astatis
444 1011 621 1044 direptiones,
653 1010 705 1037 nisi
722 1009 804 1037 etiam
830 1009 927 1036 ferreis

143 1057 265 1082 vectibus
284 1057 433 1083 Ecclesium
455 1056 502 1083 Dei
531 1061 697 1087 concuteret,
717 1055 828 1087 adeont
847 1055 927 1081 simul

143 1101 232 1127 omnia
249 1101 275 1127 in
292 1102 464 1136 prccipilinm
494 1105 597 1136 ageret,
615 1107 640 1128 et
658 1102 683 1128 in
700 1101 864 1135 profundum
882 1102 928 1128 tle-

145 1153 290 1181 mergeret,
309 1148 527 1182 dogmataJegcs
542 1155 634 1175 sacras
651 1152 679 1175 et
692 1148 798 1174 Patrum
811 1148 927 1179 sancita,

144 1202 239 1228 parum
257 1195 320 1229 quid
345 1194 378 1220 ad
394 1195 569 1222 tantas‘vires
582 1195 659 1221 dirus
690 1195 741 1221 iste
757 1193 884 1228 Sophista
902 1199 928 1220 ct

148 1240 234 1266 hostis
249 1241 396 1267 existimat.
422 1241 489 1273 Quid
509 1241 580 1267 enim
605 1234 688 1268 fa'eit?
705 1241 788 1267 Paulo
811 1244 883 1271 ante,
901 1245 929 1266 ut.

146 1294 161 1310 o
175 1294 242 1312 rues
257 1286 354 1318 nostis,
373 1287 522 1314 exsuscitat
533 1287 659 1314 homines
673 1286 819 1321 quosdam.
837 1293 929 1312 mona-

144 1331 258 1357 chorum
279 1339 322 1358 res
337 1331 482 1358 ementitos
499 1337 525 1358 ct
542 1335 636 1358 mutuo
664 1332 844 1363 decertantes,
862 1335 930 1358 etut

145 1377 236 1410 aptius
250 1378 350 1408 dicam,
383 1378 409 1404 in
427 1377 508 1404 rectis
524 1378 632 1411 pictatis
649 1377 830 1412 dogmatibus,
847 1377 928 1402 vt~lnti

146 1423 262 1455 Munia,
282 1428 389 1454 enatos,
405 1428 432 1449 et
456 1423 570 1457 probum
591 1422 651 1449 fidei
676 1429 768 1448 semen
785 1423 928 1454 lanientcs;

145 1469 190 1502 qui
204 1469 263 1495 licet
278 1470 455 1502 sibimetipsis
473 1469 656 1502 discrepantia
677 1473 704 1495 et
717 1469 796 1502 longe
811 1469 928 1498 diversa.

145 1516 323 1542 consonantia
341 1515 520 1542 nihilominus
541 1523 636 1542 eorum
661 1515 757 1541 ntotori
776 1514 860 1549 impio
875 1515 929 1541 dae-

974 241 1113 267 turas-sibi
1130 239 1306 273 cognomines
1322 238 1396 269 facit,
1411 245 1497 271 neque
1509 240 1652 271 propterea
1671 236 1747 262 multi

974 286 1020 316 dii,
1041 293 1126 319 neque
1142 284 1260 312 Domini.
1279 291 1365 318 neque
1390 283 1504 309 deitatcs
1522 281 1633 308 inﬁnita:
1658 289 1753 306 serun-

974 332 1037 358 dum
1052 331 1125 365 ipsos
1145 329 1350 363 operationibus
1365 332 1601 358 cmutuctmtrata‘,
1617 327 1662 354 sed
1683 334 1754 353 unus

976 377 1056 407 Deus,
1074 384 1143 402 unus
1161 376 1302 406 Dominus,
1321 382 1373 401 una
1400 374 1501 405 Deitas,
1516 378 1544 413 ut
1561 373 1669 400 divinus
1685 373 1752 398 Pau<

976 423 1018 449 lus
1036 422 1133 456 inquit,
1151 421 1331 455 pluralitalcm
1350 420 1436 446 vitatis
1451 428 1457 450 ;
1477 428 1508 445 ne.
1525 420 1550 445 in
1568 418 1753 453 gentilismum

975 469 1115 495 abeamus.
1132 467 1177 494 Sic
1188 475 1218 494 cx
1238 459 1380 501 supposito
1398 466 1467 491 lutili
1483 465 1559 496 moti,
1574 465 1664 491 statim
1683 472 1756 489 com-

976 513 1146 547 parationum
1169 511 1341 542 cntinentias,
1359 514 1384 537 ct
1399 510 1532 540 defectus.
1550 514 1576 535 et
1590 508 1755 543 suppositio-

977 564 1034 588 ncs,
1052 555 1287 589 etde-pressiones,
1301 555 1422 582 sineulla
1439 554 1552 585 ratione,
1571 554 1754 581 recentiorum

977 602 1072 628 harum
1095 600 1228 627 Deitatum
1248 599 1423 630 concludunt,
1452 599 1601 625 referentes
1617 599 1649 625 ad
1667 599 1755 625 Deita-

977 652 1041 678 lem,
1057 654 1117 680 quae
1133 646 1254 680 analogia
1272 646 1345 672 onmi
1365 650 1389 672 el
1405 645 1562 672 habitudine
1573 650 1599 671 ct
1613 652 1756 679 compara-

978 693 1051 719 tione
1064 692 1190 726 superior
1208 696 1249 718 est
1263 700 1270 723 ;
1290 690 1522 725 quemadmodum
1541 697 1658 722 superne
1672 689 1755 715 divini

977 745 1118 766 sermones
1134 738 1278 769 intonant;
1295 744 1381 770 nequc
1398 737 1456 763 ﬁeri
1470 736 1567 770 potuit,
1582 744 1614 762 ex
1631 743 1685 769 quo
1696 740 1758 761 nata

978 789 1041 811 sunt
1057 783 1155 810 smcltla
1174 783 1261 809 donec
1284 783 1340 816 ipsa
1359 789 1455 808 rursus
1472 782 1630 816 depereant,
1647 774 1698 807 alia
1715 787 1758 805 ra-

979 831 1051 857 tione
1061 829 1171 857 sentire.
1186 829 1305 859 Necntm,
1317 828 1389 862 quod
1400 827 1521 854 omnium
1534 825 1758 853 absurdissimum

977 881 1029 908 est,
1039 875 1267 910 quemadmodum
1278 874 1470 909 prophetarum
1483 873 1589 905 eloquia
1599 871 1758 898 enuntiaut:

980 921 1065 948 «Dixit
1083 921 1163 953 Deus,
1193 920 1299 947 locutus
1317 924 1358 946 est
1374 918 1512 950 Dominus,
1527 923 1554 944 et
1578 917 1629 944 hoc
1651 922 1678 943 et
1695 916 1757 942 illud

977 967 1097 1001 praecipit
1117 966 1303 1001 Omnipotens,
1321 974 1329 990 ι
1349 969 1375 992 et
1390 972 1482 991 vocem
1498 969 1579 997 atque
1594 970 1760 994 sermonctn,

978 1012 1023 1045 qui
1039 1019 1120 1045 supra
1137 1017 1291 1038 sermonem
1310 1013 1363 1040 cst,
1382 1009 1438 1035 Dco
1455 1015 1567 1042 prorsus
1594 1007 1756 1041 appinguut,

978 1057 1014 1082 ita
1028 1059 1052 1082 et
1070 1055 1095 1082 bi
1109 1063 1239 1090 personas
1255 1054 1398 1088 cllingunt,
1429 1058 1455 1080 ct
1469 1054 1496 1080 in
1512 1053 1693 1080 substantiam
1712 1059 1760 1085 pa-

979 1102 1031 1127 lam
1050 1105 1133 1135 agunt
1146 1099 1285 1127 naturales
1298 1100 1346 1126 bas
1362 1099 1406 1126 Dei
1418 1098 1601 1133 operationes,
1612 1105 1672 1132 qua:
1686 1101 1761 1123 extra

980 1146 1160 1172 substantiam
1189 1147 1339 1172 seettndum
1361 1152 1390 1172 se
1406 1149 1481 1176 sunt,
1509 1148 1535 1170 ct
1552 1143 1636 1177 loqui,
1654 1147 1680 1169 et
1696 1150 1762 1169 con-

979 1200 1115 1223 sucsccre,
1132 1199 1163 1219 ac
1181 1192 1204 1218 si
1223 1191 1278 1218 vita
1295 1191 1413 1226 praedita:
1440 1196 1542 1222 essent,
1559 1198 1620 1217 cum
1638 1189 1690 1216 illis
1706 1189 1752 1223 qui

979 1245 1072 1263 eorum
1092 1238 1178 1264 sacris
1196 1236 1293 1263 initiati
1312 1241 1378 1263 sunt
1396 1235 1541 1270 spondent,
1567 1238 1594 1262 et.
1609 1235 1635 1261 in
1659 1234 1764 1260 increa-

980 1287 1034 1308 tzuu
1064 1287 1189 1308 naturam
1211 1289 1306 1308 corum
1333 1281 1482 1316 participes
1512 1281 1665 1307 immutare.
1691 1279 1762 1312 Quin

979 1328 1033 1354 imo
1042 1332 1069 1354 et
1082 1327 1279 1355 lu‘nel‘actrices
1292 1332 1388 1354 vocant
1404 1327 1507 1354 similes
1519 1326 1648 1358 deitates,
1665 1326 1764 1352 beneﬂ-

980 1380 1036 1405 cas,
1053 1372 1207 1406 cuicunque
1224 1372 1275 1398 illre
1291 1371 1438 1401 voluerint,
1451 1370 1560 1404 proprio
1575 1369 1692 1404 quodam
1709 1376 1764 1393 nio<

980 1419 1024 1445 do.
1042 1417 1337 1451 Supersubstantialcm
1356 1424 1420 1443 vero
1439 1416 1571 1442 Dcitatem
1599 1422 1693 1449 parum
1717 1418 1764 1440 aut

982 1463 1049 1489 nihil
1067 1463 1099 1490 ad
1115 1462 1215 1490 similia
1230 1462 1325 1488 dicunt
1346 1460 1482 1488 conferre.
1514 1459 1576 1486 Haec
1594 1464 1621 1486 et
1635 1459 1764 1492 pleraque

981 1509 1033 1535 alia
1062 1508 1158 1542 partim
1177 1507 1264 1541 palam
1290 1506 1406 1533 rccitant
1422 1509 1450 1532 et
1466 1503 1670 1531 commentariis
1684 1511 1764 1530 matt-

146 1561 220 1586 moui
241 1561 425 1595 praedicabant
439 1568 471 1587 ac
488 1559 652 1587 sentiebant.
668 1559 792 1593 Namque
807 1567 839 1586 ex
862 1559 928 1592 ipsis
942 1560 962 1587 c
980 1555 1054 1584 dant.
1070 1554 1166 1588 partim
1184 1553 1338 1580 clanculum
1366 1552 1527 1586 loquuntur.
1541 1557 1603 1578 cum
1619 1549 1719 1584 quibus
1736 1549 1763 1576 in

146 1607 257 1640 quidam
275 1606 334 1633 ausi
350 1611 423 1637 sunt,
439 1606 508 1633 idem
524 1606 670 1634 essentiam
687 1605 731 1633 Del
749 1611 775 1632 et
794 1605 930 1640 operatio-

146 1661 206 1679 nem
220 1653 388 1685 existimare,
402 1657 459 1686 aut,
476 1653 498 1680 si
520 1653 706 1687 operationem
723 1652 796 1679 aliud
816 1659 877 1678 esse
893 1656 930 1678 te-

146 1699 264 1725 nendum
282 1704 334 1731 est,
351 1706 406 1725 nou
433 1704 596 1726 coaztcruam
619 1699 694 1725 illam
720 1698 822 1729 dicere,
843 1705 930 1731 neque

145 1745 266 1778 ejusdem
289 1744 413 1779 principii
432 1752 493 1772 cum
514 1745 680 1778 sempiterno
695 1749 721 1771 et
735 1744 869 1778 principio
883 1751 930 1770 ca-

148 1794 224 1816 ι-«ιιιιθ
250 1789 314 1822 Deo,
342 1789 390 1816 sed
414 1794 533 1816 creatam
561 1794 587 1816 et
601 1789 817 1824 curruptibilem,
845 1793 930 1815 utres

146 1843 241 1861 tltllllcs
257 1839 354 1861 creata:
369 1835 459 1869 qualis
474 1835 501 1861 in
518 1834 651 1861 Thaborio
679 1834 827 1861 divinitatis
841 1833 930 1867 splen-

147 1883 197 1907 dor
219 1882 357 1915 apparuit,
376 1887 424 1908 aut
439 1882 495 1913 illa,
513 1889 575 1915 qua:
596 1881 753 1915 pastoribus
772 1880 871 1911 illuxit,
888 1880 929 1906 vel

145 1935 313 1962 qmecunqne
341 1928 394 1954 alia
412 1927 457 1954 Dei
482 1927 615 1962 apparitio
632 1926 692 1953 fuit.
719 1925 752 1953 Et
776 1926 803 1952 hi
821 1926 929 1960 quidem

148 1975 197 2000 itzlt'
218 1974 332 2000 ratione.
346 1974 397 2000 Alii
415 1980 493 2008 aequo
521 1980 615 2000 errore
635 1971 777 2006 implicati,
807 1971 861 1997 into
875 1970 931 2004 pri-

148 2028 207 2047 mos
219 2028 348 2054 superare
365 2020 571 2050 contendentes,
591 2027 608 2046 o
628 2019 748 2045 animam
765 2022 791 2044 ct
809 2017 928 2051 linguam

146 2073 173 2093 et
193 2074 301 2093 manutn
321 2066 489 2100 intemperiis
510 2066 614 2093 actam!
642 2064 744 2098 scripto
760 2063 852 2090 miseri
878 2067 932 2090 tra-

146 2114 224 2143 dunt,
242 2120 294 2139 non
310 2119 325 2140 e
340 2112 409 2139 cu-lo
428 2112 588 2143 fabulantes,
610 2111 657 2139 sed
673 2118 705 2138 ex
720 2114 802 2141 terra,
820 2113 849 2136 ut
865 2116 932 2135 ven-

149 2159 284 2192 Iriloqu:t:,
305 2158 379 2184 velut
406 2158 491 2184 Isaias
507 2156 600 2189 tradit,
625 2156 717 2190 spuria
734 2155 858 2190 quaedam
882 2162 930 2180 nec

149 2211 276 2238 germana
293 2204 430 2237 dogmata,
447 2211 507 2237 quae
534 2210 621 2237 neque
636 2202 729 2228 Patres
744 2201 829 2228 nostri
848 2208 930 2226 nove-

148 2255 220 2280 runt,
237 2253 265 2275 ut
278 2249 369 2276 divino
386 2249 495 2283 eloquio
529 2253 649 2279 utamur,
677 2254 764 2281 neque
778 2247 856 2273 nobis
874 2251 930 2272 tru-

148 2295 293 2321 diileruut:
318 2302 369 2321 nec
393 2294 509 2321 audiunt
526 2300 652 2327 magnum
671 2291 783 2319 Paulum
803 2291 931 2326 profanas

150 2348 247 2367 \‘ttt'lllll
261 2340 393 2367 novitates
416 2339 534 2374 abjicere
554 2338 765 2373 praecipientem,
784 2345 871 2372 neque
886 2345 931 2370 sa-

149 2387 268 2421 pientem
289 2385 484 2412 Salomouem:
506 2383 582 2411 (Noli
607 2390 704 2417 sapere
730 2390 932 2416 supervacanea

148 2439 173 2460 ct
190 2437 286 2468 praeter
296 2440 403 2459 usuth
418 2431 540 2465 Namque
551 2429 840 2464 supersubstantinletu
851 2435 932 2454 unam

150 2479 292 2511 Deitatcm,
308 2478 365 2505 sive
375 2485 458 2504 unum
476 2476 558 2503 Deum
570 2477 595 2503 in
613 2476 710 2502 Triadc
726 2475 784 2502 sine
800 2474 933 2500 divisnone

149 2525 279 2555 divisum,
299 2531 368 2549 nova
381 2522 512 2549 divisione
528 2521 732 2549 subdividentes
747 2522 864 2546 audaces
877 2519 932 2550 isti,

150 2572 249 2597 multas
262 2569 394 2604 quasdam
415 2569 530 2596 deitatcs
541 2575 610 2599 esse,
623 2572 648 2593 et
663 2566 762 2592 multos
776 2566 852 2597 deos,
867 2571 935 2598 pra:-

151 2623 190 2643 ιρι·
201 2624 262 2642 vera
277 2616 415 2650 dogmata,
427 2614 629 2648 impndenterct
643 2611 785 2639 temerarie
798 2611 933 2637 sanciunt.

150 2664 232 2689 Aiunt
245 2663 356 2696 quippe,
370 2662 506 2688 naturales
520 2665 548 2687 et
563 2659 721 2686 essentiales
738 2657 782 2684 Dei
796 2658 934 2691 operatio-

153 2717 200 2735 ιινέ
228 2709 381 2735 divinorum
402 2708 498 2734 horum
515 2712 541 2733 ct
556 2705 778 2732 admiramlm'um
794 2703 934 2730 numinum

153 2763 205 2780 non
223 2755 313 2781 minus
324 2753 469 2788 participes
484 2760 554 2780 essm
567 2751 618 2778 Nec
635 2751 698 2777 illud
713 2759 726 2777 ιι
743 2750 832 2776 divina
845 2750 937 2783 Scrip-

153 2806 212 2826 tura
229 2800 432 2829 intellexerunt,
461 2803 507 2825 aut
524 2797 611 2824 cdocti
637 2802 709 2828 sunt,
733 2797 757 2822 tit
767 2804 797 2822 os
813 2802 839 2820 et
852 2795 938 2821 domvi-

156 2855 217 2877 an,
241 2846 351 2880 angelos
368 2845 446 2872 simul
463 2849 487 2871 et
507 2845 629 2870 hominm
650 2844 714 2874 tliri,
733 2847 755 2868 rt
777 2847 937 2876 putatam-tn

983 1599 1148 1634 colloquium
1160 1599 1283 1630 veniunt,
1301 1597 1531 1625 homuncionibus
1542 1599 1568 1623 et
1582 1594 1763 1626 mulierculis,

982 1651 1082 1673 temere
1101 1645 1165 1672 hinc
1179 1645 1242 1671 inde
1258 1645 1388 1671 collectis.
1418 1642 1618 1670 Testimonium
1637 1640 1765 1668 exhibent

982 1700 1035 1718 non
1054 1691 1132 1726 pauci
1147 1698 1241 1718 eorum
1254 1690 1300 1725 qui
1313 1689 1483 1724 spiritualem
1498 1694 1591 1715 curam
1605 1687 1758 1714 animarum

982 1743 1090 1772 gerunt,
1107 1745 1121 1764 a
1137 1737 1238 1764 delusis
1252 1744 1299 1771 per
1318 1737 1391 1771 ipsos
1407 1743 1462 1762 rem
1481 1738 1686 1768 extorquentes,
1704 1737 1761 1759 tum

982 1784 1089 1811 demum
1106 1783 1137 1810 ad
1153 1790 1203 1809 nos
1231 1782 1393 1810 referentes.
1422 1780 1475 1808 Sed
1498 1780 1577 1814 primi
1601 1779 1651 1810 illi,
1669 1778 1764 1812 quales

982 1832 1060 1855 erant
1077 1827 1212 1854 Barlaami
1229 1834 1374 1861 sequaces,
1402 1826 1450 1860 qui
1471 1825 1503 1852 ad
1523 1825 1604 1852 Italos
1619 1832 1703 1859 genus
1720 1831 1763 1850 rc-

985 1873 1100 1904 lcrebat,
1119 1878 1156 1903 et,
1177 1879 1238 1906 qua
1250 1872 1378 1898 ltalorum
1391 1875 1466 1902 sunt,
1480 1870 1598 1901 furebat,
1625 1868 1764 1902 congressi

981 1926 1042 1945 cum
1062 1918 1122 1944 istis
1139 1917 1166 1944 in
1179 1916 1285 1950 judicio
1301 1923 1391 1947 sacro,
1410 1915 1449 1942 uti
1474 1922 1523 1949 par
1539 1918 1608 1947 erat,
1629 1913 1692 1940 victi
1708 1913 1764 1940 dis-

982 1967 1133 1991 cesserunt.
1159 1962 1277 1989 Secundi
1309 1966 1399 1988 autcm
1429 1960 1456 1986 hi
1490 1961 1620 1989 victores,
1649 1966 1712 1984 cum
1729 1959 1762 1984 ad

983 2014 1088 2044 tempus
1115 2016 1208 2036 eorum
1233 2015 1348 2035 examen
1373 2005 1537 2036 diﬂ‘erretur,
1570 2005 1675 2031 interim
1705 2012 1765 2030 sese

982 2055 1145 2087 retinebant,
1163 2062 1211 2081 nec
1226 2053 1252 2080 in
1263 2053 1399 2088 publicum
1414 2059 1524 2080 suarum
1537 2050 1765 2084 blasphemiarum

982 2106 1089 2136 partum
1110 2100 1234 2130 edebant,
1253 2107 1287 2125 nc
1301 2098 1444 2133 gentilium
1471 2097 1677 2131 superstitione,
1702 2103 1763 2128 quae

984 2147 1085 2174 multos
1104 2146 1170 2172 deos
1182 2145 1298 2176 colebat,
1327 2143 1420 2170 iniecti
1439 2150 1471 2168 ac
1491 2141 1616 2174 iudicati,
1635 2140 1767 2174 lapidibus

984 2201 1032 2219 ora
1044 2193 1261 2219 obstruerentur.
1277 2189 1345 2222 Quid
1362 2195 1444 2223 porro
1455 2188 1516 2214 inde
1529 2187 1704 2214 subsecutum
1715 2186 1767 2213 est?

949 2223 969 2250 υ
985 2239 1052 2266 Cum
1082 2242 1186 2272 partem
1215 2236 1402 2262 adversantem
1419 2233 1557 2261 debellare
1578 2232 1629 2259 nisi
1643 2231 1768 2261 fuissent,

982 2285 1100 2318 etsigna
1128 2283 1247 2310 victoriae
1276 2280 1421 2316 synodalcs
1439 2279 1543 2306 litteras
1566 2278 1768 2312 deportassem,

983 2332 1076 2358 statim
1094 2330 1206 2356 victoria
1231 2327 1307 2359 elati,
1325 2326 1441 2360 primum
1460 2325 1570 2359 quidem
1587 2324 1667 2354 clam,
1691 2326 1768 2356 post-

984 2377 1093 2404 modum
1110 2375 1260 2410 propalam,
1275 2376 1453 2407 praaeeptores
1465 2378 1513 2405 per
1532 2378 1563 2398 se
1579 2370 1662 2397 creati
1677 2369 1770 2395 ris-ita-

985 2425 1020 2451 tis
1039 2422 1230 2452 ostenduntur,
1257 2424 1285 2447 et.
1303 2426 1388 2446 novos
1404 2425 1523 2449 errores,
1549 2417 1632 2444 veluti
1664 2415 1767 2442 semina

985 2478 1079 2506 prava,
1097 2469 1259 2495 miserorum
1277 2465 1417 2492 botninum
1430 2463 1529 2491 animis
1545 2463 1719 2490 inseminant.
1738 2460 1771 2487 ιτῖι

986 2518 1052 2548 hare,
1070 2520 1212 2550 postquam
1231 2515 1265 2540 ab
1281 2511 1399 2539 Ecclesia
1413 2511 1467 2538 illis
1496 2510 1661 2544 iniunctum,
1680 2515 1769 2541 neque

986 2565 1012 2590 in
1025 2567 1161 2597 [testarum
1177 2561 1303 2594 dogmata
1317 2558 1398 2588 ferre,
1417 2564 1506 2591 neque
1522 2557 1640 2586 docere;
1659 2554 1700 2580 sin
1719 2553 1770 2579 mi-

987 2617 1049 2640 nus,
1077 2605 1316 2634 exsecrationibus
1331 2611 1410 2638 atque
1439 2599 1771 2630 exeuntmunicaliomltus

988 2654 1070 2680 l'nturi
1084 2657 1174 2679 essent
1185 2651 1307 2678 obnoxii.
1323 2650 1390 2676 Tum
1402 2649 1486 2682 magis
1497 2656 1528 2674 ac
1537 2645 1621 2680 magis
1632 2644 1658 2671 iu
1669 2643 1772 2671 malitia

989 2699 1160 2734 ptolicienIt-s
1174 2719 1180 2730 ,
1198 2706 1215 2724 o
1230 2695 1464 2723 im-cn-cmnliam!
1499 2692 1600 2726 nuptiis
1627 2690 1771 2718 hominum

992 2753 1090 2772 manus
1111 2743 1254 2777 itjiciuut;
1271 2743 1385 2776 juvenes
1401 2740 1527 2766 mulieres
1547 2746 1562 2764 a
1585 2736 1651 2764 viris
1666 2739 1693 2762 et
1709 2734 1772 2762 liliis

998 2791 1137 2825 intrcpidc.
1151 2798 1206 2823 pert
1216 2789 1299 2824 grinis
1316 2788 1374 2814 suis
1386 2792 1465 2820 atque
1478 2783 1605 2812 absurdis
1623 2782 1771 2813 doctrinis,

995 2841 1152 2872 reputanti-5
1165 2856 1171 2867 ,
1188 2834 1301 2862 facinori
1317 2833 1417 2859 addunt
1434 2836 1562 2857 tonsuras
1580 2828 1774 2856 temetatinsrt
