1963 3066
237 147 291 178 $87

830 156 878 185 DE
898 157 1097 187 GREGORIO
1121 160 1270 191 PALAMA

1804 163 1850 195 888

237 203 465 255 iprmtsidcratas.
485 215 515 233 ex
534 214 621 240 prtmo
638 214 731 237 nostro
760 219 858 245 genere
876 213 1016 246 jttvcnum.
1033 214 1054 241 A
1071 215 1246 248 inbrcrercnt,
1260 218 1388 246 audacter
1409 219 1523 255 mystica
1548 219 1683 247 sacriﬁcia
1704 220 1731 247 in
1745 220 1849 248 latebris

238 249 449 284 l'rraguntvcro
466 252 532 282 lucc,
550 261 581 280 ac
599 255 620 280 si
638 261 760 289 pastores
775 257 834 284 urbi
854 264 1014 292 praeessent,

239 295 387 330 licerctque
401 298 476 332 ipsis,
498 300 627 334 quidquid
652 302 757 329 libitum
779 303 869 337 fuerit,
894 305 1017 332 commit-

241 347 306 369 tere.
337 342 538 377 Verumtamen,
561 348 606 381 qui
639 353 702 376 tunc
719 355 831 383 praeerat
852 351 1017 384 patriarcha,

239 389 354 422 primum
366 391 474 425 quidem
490 400 537 419 eos
549 394 646 421 similia
659 395 726 422 clam
740 395 829 423 facere
841 397 1016 431 perspiciens,

238 439 330 468 prstea
351 437 376 463 in
395 438 483 464 lucem
508 446 644 471 exserere,
661 441 830 474 adhortatur,
847 448 873 470 et
889 445 1017 476 consulit,

237 485 267 506 ut
283 488 343 508 sese
358 483 524 516 contineant,
549 486 665 512 absurda
682 486 739 513 haec
763 495 823 514 esse
839 488 944 519 dicens,
962 494 988 516 et
1003 497 1018 515 a

238 527 371 554 canonico
401 529 495 556 ordine
513 530 612 562 aliena,
643 536 669 558 et
683 533 853 560 confusionis
869 542 900 560 ac
918 535 1019 562 tumul-

239 579 316 600 tnum
347 582 445 602 causas
473 576 601 604 Ecclesite
627 579 817 611 communiter,
848 586 874 607 ct
894 581 1018 615 privatim

237 620 377 647 omnibus.
398 621 465 648 Cum
495 630 559 650 vero
581 624 660 650 enixe
675 625 829 660 strp'usque
844 627 873 653 id
895 632 1020 660 repetens

239 666 314 692 nullo
333 667 412 693 modo
427 667 550 696 homines
564 669 590 696 in
607 674 722 697 mentem
747 671 837 698 redire
857 672 1019 704 intueretur,

241 720 328 746 neque
343 713 376 739 ab
393 713 458 740 inita
472 714 523 741 sibi
539 715 682 743 inscientia
702 717 848 749 removeri,
865 725 914 744 nec
928 718 960 744 de
978 726 1020 744 re-

241 760 299 785 ditu
320 759 352 786 ad
379 760 488 794 propria
516 762 692 794 monasteria,
724 763 768 789 ubi
783 771 888 790 comam
915 764 1020 790 detnusi

242 811 403 836 permanere
421 805 612 838 promiserant,
627 806 756 839 cogitare,
769 810 895 840 tanquam
907 806 1022 833 circula-

242 855 324 883 tores,
343 854 370 877 et
388 850 541 883 seditiosos,
560 851 742 886 cldogmatun
759 860 789 879 ac
803 860 916 886 operum
942 860 1022 879 nova—

240 899 322 924 tores.
340 895 407 922 urbe
423 895 520 929 pellere
533 901 657 923 conatur.
673 897 724 924 Sed
743 897 768 924 lti
783 898 1021 932 persentiscentes,

239 948 298 974 qua:
307 947 385 968 erant
395 942 559 975 pcrpcssuri,
570 943 601 969 ad
611 950 736 977 magnum
750 944 877 979 templum
889 943 932 970 Dei
946 943 1024 970 Verbi

238 985 382 1019 Sapientize
396 986 567 1021 confugiunt,
579 987 623 1015 ubi
637 996 730 1021 parum
747 988 832 1015 abfuit
853 990 917 1022 quiu
930 988 1025 1022 lapidi-

239 1033 288 1059 btts
303 1033 501 1065 obruerentur;
517 1037 544 1060 et
559 1034 649 1060 obruti
662 1033 786 1065 fuissent.
803 1034 854 1061 nisi
874 1042 951 1061 sacer
981 1033 1025 1060 ille

238 1080 315 1107 locus
339 1084 453 1107 conatus
481 1081 678 1116 interrupisset.
695 1081 733 1107 lbi
759 1081 791 1107 ad
813 1085 928 1115 tempus.
941 1081 1021 1109 Veluti

238 1126 264 1153 in
278 1126 696 1161 custodia,permanseruntsed
716 1126 777 1153 inde
790 1132 884 1161 postea
897 1128 1023 1159 extracti,

237 1173 284 1206 qui
303 1174 405 1208 primas
420 1173 445 1200 in
461 1174 606 1200 novatione
620 1173 776 1200 obtinebant
796 1174 899 1200 carceri
917 1173 1023 1200 mattei-

238 1224 338 1253 pantur
353 1227 360 1251 ;
377 1219 422 1246 alii
437 1219 488 1246 hac
503 1223 584 1253 atque
599 1219 660 1246 illac
682 1219 861 1253 dissipantur.
890 1217 1022 1252 Deinceps

239 1265 374 1300 professio
389 1265 463 1297 fidei,
490 1270 545 1291 tum
563 1264 596 1292 ab
613 1263 817 1297 ecclestasticis,
838 1270 893 1290 tum
915 1264 948 1291 ab
962 1264 1022 1291 aliis

240 1310 287 1343 qui
299 1310 325 1336 in
339 1310 471 1343 dignitate
483 1313 571 1341 erant,
585 1310 753 1343 exposcitur.
773 1308 805 1336 lli
817 1314 919 1336 tantutu
935 1317 950 1336 a
965 1309 1021 1344 pie-

237 1358 292 1380 tate
307 1354 453 1381 asserenda
471 1353 638 1388 rcfugerunt,
651 1358 780 1388 quantum
794 1354 958 1388 impietatem
971 1355 1017 1382 alii

237 1401 364 1428 oderunt.
382 1399 437 1427 imo
455 1407 562 1427 rursum
581 1406 606 1427 et
624 1400 723 1434 saepius
749 1401 774 1427 in
791 1400 842 1428 hoc
856 1401 924 1427 ident
939 1408 1022 1428 com—

237 1447 320 1480 pulsi,
336 1453 397 1473 cum
414 1446 447 1472 de
477 1446 549 1473 fastu
576 1454 628 1473 tton
648 1447 829 1476 remitterent,
848 1446 879 1473 ad
903 1446 1021 1473 tribunal

237 1498 381 1525 vocantur,
399 1497 427 1519 ut
442 1492 475 1519 dc
491 1492 524 1520 iis
539 1501 655 1526 quorum
672 1493 874 1520 insimulantur.
886 1492 1017 1520 rationem

238 1539 366 1566 reddant.
388 1537 440 1565 Sed
458 1546 545 1573 neque
571 1538 621 1566 hac
643 1539 749 1565 rati0nc
774 1539 914 1569 obediunt,
932 1545 1019 1572 neque

238 1592 396 1619 comparere
407 1585 516 1611 audent.
533 1585 610 1617 Quod
622 1585 712 1618 itaque
729 1585 880 1611 faciendum
895 1588 1020 1618 propter-

239 1639 268 1657 ea
284 1635 344 1658 erat
369 1630 489 1658 Ecclesia
512 1638 572 1657 cum
591 1630 726 1664 spirituali
752 1631 914 1656 auctoritate
929 1629 1019 1660 efficit,

238 1681 265 1703 et
280 1677 395 1711 primum
415 1677 520 1708 statim,
536 1677 582 1710 qtti
599 1676 800 1711 hypOpsephius
826 1682 883 1703 erat
902 1676 1020 1703 sauctis-

240 1723 316 1749 sima:
329 1722 511 1756 metropolcos
520 1722 720 1752 Monembasize.
732 1722 877 1753 lsidorum,
887 1726 1021 1748 conantur

238 1776 253 1794 a
269 1767 380 1794 Palama
401 1773 428 1795 et
446 1767 521 1794 illius
544 1768 669 1795 factionis
691 1767 864 1802 dogmatibus
891 1767 1017 1793 avellere.

238 1813 362 1848 Namque
389 1805 530 1841 dict-batur
556 1818 581 1840 cl.
599 1814 657 1846 ipse
680 1822 750 1841 ttnus
773 1820 834 1841 esse
860 1821 892 1840 ex
919 1813 952 1840 iis
971 1812 1016 1847 qui

237 1860 331 1887 eadem
352 1867 383 1887 ac
399 1860 444 1887 ille
468 1860 609 1891 sentirent,
625 1860 687 1888 licet
709 1860 896 1895 imprudenter
912 1859 1018 1886 antisti-

238 1913 294 1934 tutn
309 1907 420 1935 calculis
432 1907 566 1935 obnoxius
583 1907 686 1939 fuerit;
703 1914 810 1939 verum,
829 1907 873 1933 tibi
892 1906 1018 1934 eumdem

238 1953 392 1986 prmdurum
409 1958 437 1979 ct
453 1953 530 1988 plane
547 1942 716 1980 obstinatum
733 1952 910 1982 invenissent,
924 1955 1019 1978 saneto

222 1999 348 2034 _bemate
374 1998 488 2032 pellunt,
504 2003 687 2032 pra‘paratum
705 1997 759 2032 jam
780 1997 813 2024 ad
828 2004 936 2023 sacrum
956 2004 1018 2023 cum

238 2044 390 2078 patriarcha
418 2044 570 2071 faciendum
592 2052 600 2076 ;
619 2048 674 2070 tum
703 2044 728 2070 itt
749 2043 881 2077 judiciutn
910 2046 1019 2073 vorant,

236 2091 282 2125 qui
300 2091 388 2125 palam
405 2091 538 2122 enuntiat,
552 2097 690 2124 nunquam
711 2096 740 2117 se
757 2097 787 2117 ea
806 2089 1016 2122 abnegaturum,

237 2138 283 2164 sed
300 2137 418 2164 animam
429 2137 517 2171 potius
535 2136 697 2164 traditurum
712 2143 772 2162 cum
789 2135 923 2167 Ecclesia,
936 2143 1018 2168 quam

1068 263 1222 291 offerentes.
1236 264 1288 291 Sed
1301 273 1361 292 eum
1373 265 1428 298 jam
1443 270 1535 300 pacata
1551 271 1625 293 esset
1639 265 1769 296 Ecclesia,
1779 272 1802 293 et
1813 274 1851 293 res

1070 310 1257 344 tranquillatte,
1277 310 1517 346 immanisquidam
1529 313 1608 339 turbo
1616 313 1744 341 exoritur.
1758 319 1771 338 a
1781 312 1852 338 Sata-

1070 362 1110 381 nae
1121 355 1208 382 ventis
1223 355 1367 388 excitatus,
1382 357 1427 390 qui
1441 359 1537 384 evertit
1552 357 1655 387 omnia,
1681 357 1851 390 imtnutatquc

1071 401 1097 426 in
1116 401 1259 428 immanem
1285 403 1444 436 procellam.
1457 408 1484 430 et
1508 411 1555 430 eos
1565 403 1609 437 qui
1625 403 1692 429 adeo
1706 403 1849 436 blasphemi

1070 447 1194 478 fuerunt,
1210 447 1277 474 adeo
1289 448 1410 475 veritatis
1424 449 1525 481 hostes,
1542 449 1573 475 ad
1585 449 1670 483 prima
1681 448 1853 483 gubernacula

1071 492 1165 519 sedere
1177 492 1250 525 facit,
1263 501 1457 529 sacrorumque
1465 495 1715 527 administratores,
1729 493 1852 521 nefando-

1070 545 1129 564 rum
1140 545 1251 572 operunt
1265 540 1392 574 opiﬁces.
1405 545 1432 567 et
1443 540 1567 571 rebelles,
1586 541 1744 574 dogmatum
1758 547 1851 575 propu-

1072 589 1198 618 gnatores
1210 605 1217 617 ,
1234 592 1265 612 ac
1282 585 1454 613 adversarios
1484 586 1583 621 legum,
1597 587 1749 614 animarum
1767 586 1853 613 mode-

1072 635 1187 657 ratores.
1203 629 1291 657 Causa
1302 638 1332 657 ca
1349 631 1414 658 fuit:
1428 633 1473 666 qui
1487 640 1558 659 nunc
1575 632 1689 666 itnperlo
1700 631 1851 660 Graecorum

1073 677 1184 710 potitur,
1196 677 1315 704 Joannes
1339 676 1558 709 Cautacuzenus,
1585 685 1641 712 jam
1662 678 1780 704 maxima
1813 685 1853 705 ur-

1073 720 1147 748 bium
1173 726 1319 755 occupata,
1345 727 1371 749 et
1408 722 1522 756 imperio
1550 722 1705 749 absolutius
1735 727 1852 758 arrepto,

1073 774 1134 793 cum
1153 768 1303 801 patriarcha
1322 768 1348 795 in
1366 775 1492 803 magnum
1503 768 1674 796 sacerdotum
1687 768 1785 796 solium
1799 776 1855 804 pro-

1074 813 1224 840 movendos
1237 818 1320 845 (εδει-ι,
1336 814 1419 846 quod,
1437 814 1482 848 qui
1496 819 1551 841 tum
1561 821 1629 847 erat,
1644 823 1659 842 e
1675 816 1766 843 medio
1780 824 1852 843 exes-

1075 863 1158 891 serat,
1174 867 1244 886 nova
1263 868 1306 888 res
1323 861 1450 893 audetur,
1462 865 1559 895 pratter
1583 862 1739 889 sanctiones
1768 865 1851 890 eccle-

1077 904 1210 936 siasticas,
1227 905 1342 940 etleges
1367 906 1446 937 alias,
1465 913 1533 939 quas
1564 906 1649 933 divini
1675 907 1797 940 Apostoli
1826 912 1851 934 et

1077 950 1259 978 Ecclesiarum
1276 955 1411 985 pastores,
1425 952 1626 986 quasistabiles
1647 953 1779 986 quosdam
1805 958 1853 980 ter—

1075 995 1165 1023 minos
1176 996 1368 1030 prazlixerunt;
1385 1005 1514 1032 namque,
1526 998 1558 1024 ad
1572 999 1726 1033 eligendum
1742 999 1852 1033 patriar-

1075 1042 1152 1067 cham
1169 1043 1267 1074 vocati,
1282 1050 1295 1069 a
1315 1043 1439 1070 sreculari
1471 1043 1598 1072 facultate
1626 1045 1850 1080 impediebantur,

1075 1095 1107 1113 ne
1121 1095 1182 1114 eum
1210 1096 1433 1122 promoveremus
1463 1097 1544 1124 quem
1571 1090 1663 1117 divina
1689 1092 1776 1126 gratia
1803 1099 1850 1118 una

1074 1142 1135 1160 cum
1152 1141 1285 1161 consensu
1302 1133 1424 1162 fraterno
1443 1135 1581 1169 elegisset,
1594 1136 1640 1163 sed
1665 1144 1746 1170 quem
1778 1137 1852 1164 nobis

1074 1179 1292 1214 proposuissent.
1304 1179 1359 1208 Nos
1370 1188 1466 1208 omnes
1477 1181 1550 1208 hisce
1561 1182 1734 1216 opponimur,
1750 1188 1776 1209 et
1789 1190 1852 1216 prte-

1073 1232 1114 1252 ter
1127 1234 1256 1258 canones,
1271 1232 1298 1253 et
1315 1227 1522 1255 inconsiderata;
1537 1228 1665 1263 jussioni,
1693 1230 1789 1262 paucis
1813 1237 1853 1256 as-

1074 1273 1258 1300 sentatoribus
1273 1274 1403 1307 exceptis,
1422 1278 1449 1301 et
1474 1282 1548 1301 more
1563 1275 1763 1309 mancipiorum
1792 1283 1852 1309 pcr-

1074 1319 1179 1351 trartis,
1197 1319 1384 1346 adversamur.
1399 1320 1455 1352 Ille,
1484 1324 1612 1355 tanquam
1627 1321 1761 1356 dogmati,
1792 1329 1852 1348 sett-

1074 1364 1163 1391 lettllzn
1178 1372 1234 1391 sua:
1248 1364 1359 1397 insistit,
1375 1373 1447 1392 nunc
1459 1365 1544 1396 hunc,
1562 1367 1718 1393 nuncillum
1729 1366 1758 1393 in
1776 1365 1853 1400 patri-

1073 1408 1209 1435 archicam
1223 1408 1382 1444 dignitatem
1400 1410 1554 1437 immediate
1569 1415 1596 1437 et
1609 1411 1734 1438 insubide
1749 1417 1852 1445 promo-

1071 1461 1147 1481 vens.
1164 1454 1195 1480 Et
1211 1455 1275 1489 quid
1286 1460 1402 1489 opuscst
1413 1456 1489 1489 plura
1506 1456 1539 1483 de
1553 1456 1667 1484 dissidin
1682 1458 1728 1484 illo
1742 1457 1849 1484 dicere?

1032 1513 1053 1542 ρ
1070 1499 1189 1527 Tandem
1207 1501 1239 1528 ad
1261 1501 1397 1529 Palamam
1421 1507 1501 1536 atque
1521 1502 1668 1542 lsidorum’
1683 1503 1850 1537 proscriptos

1074 1551 1156 1580 atque
1171 1546 1282 1581 ejectos,
1297 1547 1600 1582 patriarchicamdcfert
1628 1548 1801 1581 dignitatem.
1821 1548 1850 1574 Et

1074 1596 1181 1626 tempus
1212 1593 1237 1620 in
1264 1594 1306 1620 bis
1335 1593 1557 1625 consuntebatur.
1584 1603 1617 1622 eo
1647 1595 1759 1629 quidem
1793 1602 1850 1621 cttm

1074 1639 1236 1667 auctoritate
1264 1647 1321 1667 rem
1350 1645 1547 1674 pertractante,
1575 1641 1654 1668 nobis
1677 1647 1772 1668 contra
1804 1647 1850 1675 pro

1074 1685 1178 1712 viribus
1201 1686 1400 1720 resistentibus,
1427 1687 1695 1722 opponentibusque,
1724 1687 1847 1722 injuriaut

1074 1730 1131 1757 fieri
1146 1731 1334 1759 sanctionibus
1344 1732 1537 1760 ecclesiasticis
1547 1737 1575 1759 et
1590 1732 1679 1766 legum
1691 1732 1849 1760 siuceritnti.

1075 1775 1147 1803 Vicit
1162 1777 1270 1803 tandem
1282 1777 1409 1804 voluntas
1419 1778 1512 1806 carnis
1527 1782 1554 1805 et
1568 1779 1723 1813 sanguinis.
1739 1783 1776 1810 et,
1788 1785 1850 1812 qua.

1076 1823 1111 1850 lia
1123 1823 1208 1850 solent
1235 1830 1296 1850 esse
1310 1822 1416 1857 ljudicia
1445 1823 1502 1857 Dei,
1524 1824 1648 1859 pluribus
1675 1825 1804 1852 abscissis
1826 1828 1850 1850 ct

1074 1871 1207 1904 separatis
1222 1870 1395 1904 praesulibus.
1410 1869 1564 1904 patriarcha
1581 1870 1618 1902 fit,
1634 1879 1650 1898 ο
1668 1871 1715 1898 Dei
1728 1872 1799 1906 leges
1826 1875 1851 1897 et

1074 1915 1234 1942 tribunalia!
1261 1914 1391 1950 lsidorus,
1419 1915 1548 1943 omnibus
1575 1917 1795 1950 patriarcharum
1825 1919 1850 1942 et

1074 1962 1224 1989 antistitttm
1244 1961 1355 1989 calculis
1371 1962 1512 1996 depositus
1528 1971 1535 1996 ;
1554 1967 1580 1989 et
1595 1963 1671 1990 sedet
1702 1964 1730 1991 in
1757 1969 1850 1997 magno

1074 2008 1182 2038 throno,
1201 2007 1247 2041 qui
1259 2014 1307 2034 nec
1319 2007 1410 2041 pusilli
1428 2008 1571 2042 cujusdam
1588 2008 1685 2043 dignus
1716 2009 1850 2043 judicatus

1073 2058 1115 2081 est
1131 2054 1223 2084 homo,
1234 2052 1463 2087 quemadmodum
1479 2054 1524 2086 qui
1543 2053 1611 2080 bene
1634 2061 1696 2080 eum
1710 2058 1738 2080 et
1753 2053 1815 2080 olim
1828 2059 1850 2078 et

1074 2106 1146 2127 nunc
1155 2103 1267 2130 norunt,
1283 2107 1339 2134 prae
1350 2099 1411 2127 aliis
1426 2099 1547 2131 stultior,
1563 2107 1662 2131 vanus,
1679 2106 1770 2127 mcntc
1782 2098 1849 2125 nulla

1073 2153 1136 2173 curn
1150 2146 1210 2172 aliis
1226 2152 1406 2172 consuescere
1422 2144 1546 2178 nescius,
1558 2152 1611 2172 non
1624 2145 1722 2172 melius
1735 2153 1749 2172 a
1770 2143 1850 2178 pejuri

239 2190 291 2209 non
305 2190 365 2210 cum
381 2182 490 2209 Palama
507 2182 694 2217 opinaturum.
713 2180 740 2208 Si
757 2181 818 2216 quis
838 2181 891 2207 vim
911 2179 1018 2212 inferat,

1074 2191 1241 2222 discernere,
1260 2194 1290 2217 ttt
1302 2190 1416 2217 aliorum
1441 2190 1582 2225 praefectos
1594 2191 1726 2218 addecet:
1750 2194 1785 2217 ita
1809 2196 1849 2216 res

236 2229 377 2255 renuntiat
402 2228 559 2262 pra-sulatui
590 2232 617 2255 et
644 2227 782 2258 Ecclesia,
808 2227 887 2263 cujus
914 2227 1019 2255 electus

237 2273 325 2300 fuerat
343 2272 499 2307 episcopus.
514 2273 628 2307 Propter
642 2273 668 2300 id
683 2273 805 2308 synodali
826 2273 960 2300 sententia
973 2273 1020 2300 de-

237 2319 358 2352 ponitur,
377 2323 404 2346 et
417 2318 487 2346 alius
507 2326 561 2346 non
583 2319 696 2346 multum
711 2324 771 2353 post
788 2323 895 2354 tempus
912 2319 951 2345 llll
967 2318 1020 2346 Ec-

237 2367 327 2394 clesia)
344 2366 501 2402 praeficitur.
517 2369 618 2395 Auctor
628 2374 692 2394 vero
702 2372 727 2394 et
746 2372 932 2401 propugnator
948 2366 1021 2393 blasn

237 2413 406 2448 phentiarum
434 2412 567 2445 Palatnas,
595 2413 676 2440 simili
701 2417 727 2440 et
740 2413 798 2448 ipse
823 2412 929 2439 calculo
954 2419 1016 2439 cum

236 2459 364 2486 universa
393 2465 442 2486 sua
459 2458 578 2486 factione
606 2459 804 2486 condemnatus
823 2466 931 2492 ;neque
946 2458 1017 2485 enim

235 2507 270 2534 de
288 2505 462 2533 contentioue
490 2505 590 2539 aliquid
609 2505 775 2537 remittebat,
801 2512 888 2539 neque
904 2505 931 2532 in
948 2512 1019 2539 quo-

235 2560 316 2588 quam
333 2559 347 2578 a
362 2551 503 2578 temeraria
521 2551 565 2577 illa
583 2551 748 2585 loquacitate
760 2551 890 2582 cedebat;
906 2552 940 2579 ab
958 2552 1012 2579 Ec-

235 2599 316 2626 clesia
329 2597 375 2625 Dei
395 2597 588 2631 proscribitur,
607 2602 633 2623 ct
649 2597 801 2624 sacerdotio
830 2598 972 2631 spoliatur,
989 2603 1018 2625 ut

233 2645 300 2672 Acta
316 2645 348 2671 de
362 2644 412 2670 hac
429 2651 456 2669 re
474 2648 548 2678 gesta
575 2647 800 2674 commemorant,
830 2651 844 2669 ιι
865 2644 1016 2677 patriarcha

235 2697 299 2718 tunc
330 2690 461 2724 temporis
491 2690 588 2724 reg'nre
616 2689 723 2715 urbium
751 2688 904 2723 obsignata,
935 2694 962 2717 et
984 2690 1017 2718 ab

232 2737 415 2767 Autiocheno,
449 2741 476 2763 et
500 2735 627 2762 omnibus
658 2735 826 2763 antistitibus
861 2741 916 2762 tum
945 2745 1016 2764 tmttc

233 2781 277 2808 hic
309 2780 499 2816 pmsetttibus,
526 2784 591 2822 tum.
610 2781 635 2806 in
669 2780 793 2814 proprias
812 2781 890 2808 sedes
907 2790 1014 2817 regres-

233 2828 281 2854 sis.
308 2827 342 2853 Et
367 2826 408 2854 sic
437 2827 506 2853 facta
539 2831 581 2853 est
616 2833 710 2853 eorum
743 2826 856 2860 privatio
887 2833 912 2855 ct
934 2829 1017 2862 depo-

233 2872 307 2905 sitio,
324 2873 386 2900 licet
411 2873 462 2906 ipsi
481 2873 557 2901 niltili
574 2872 704 2902 facientes
720 2880 838 2908 pmnam,
855 2875 1007 2904 sacerdotio

1074 2241 1258 2272 pertractans,
1268 2234 1351 2263 veluti
1361 2239 1389 2262 et
1400 2234 1520 2263 fornicas
1540 2243 1588 2269 per
1601 2240 1700 2263 terram
1717 2238 1848 2270 repentes.

1073 2282 1194 2309 ludicrus
1208 2281 1288 2316 plane
1303 2280 1452 2312 universis,
1467 2281 1513 2316 qui
1543 2280 1577 2308 de
1597 2288 1630 2308 eo
1665 2281 1747 2309 ludos
1766 2281 1847 2308 facere

1072 2329 1186 2363 cupittnt
1198 2335 1205 2359 ;
1219 2334 1246 2355 et
1257 2327 1329 2362 quod
1341 2326 1418 2361 pejus
1429 2331 1481 2360 est,
1491 2334 1579 2361 neque
1591 2327 1754 2354 obedientite
1764 2327 1846 2361 legum

1072 2381 1184 2409 gnarus,
1198 2381 1286 2408 neque
1297 2373 1324 2400 in
1340 2373 1467 2401 emnobio
1477 2373 1624 2405 enutritus,
1639 2374 1687 2401 sed
1702 2374 1729 2400 in
1743 2373 1848 2400 urbibus

1071 2424 1098 2447 et
1113 2420 1195 2447 rebus
1223 2419 1339 2454 publicis
1368 2419 1541 2451 commistus,
1572 2424 1599 2446 ct
1626 2419 1796 2455 pa-dagogus,
1823 2422 1848 2444 et

1071 2473 1217 2501 puerorum
1231 2465 1396 2499 ptedotriba;
1413 2465 1511 2498 hincet
1535 2473 1679 2500 separasse
1708 2467 1794 2497 aiunt,
1821 2469 1847 2491 ιιι

1072 2513 1200 2543 diximus,
1226 2511 1412 2538 mulierculam
1446 2519 1460 2537 a
1482 2516 1608 2539 consorte
1637 2516 1664 2539 et
1688 2512 1751 2539 libis
1780 2509 1845 2546 apud

1071 2557 1305 2588 Thessalotticam,
1321 2557 1552 2592 quemadmodum
1569 2558 1677 2592 etapud
1692 2558 1844 2593 Byzantium

1070 2603 1164 2635 aliam,
1182 2603 1270 2637 qualis
1283 2601 1371 2629 fuerat
1384 2602 1497 2637 Cydouii
1515 2601 1579 2633 lilia,
1596 2603 1686 2636 qualis
1703 2602 1842 2637 szracar;

1070 2653 1186 2684 quantas
1203 2656 1266 2675 vero
1279 2648 1387 2675 easdem
1403 2648 1499 2674 doceat
1520 2647 1546 2674 itt
1571 2649 1687 2676 occultis
1707 2646 1845 2682 colloquiis

1070 2695 1201 2723 nefandas
1213 2699 1240 2722 et
1259 2694 1391 2722 absurdas
1425 2694 1575 2726 doctrinas,
1612 2695 1791 2729 relinquimus
1815 2692 1844 2718 iis

1069 2742 1114 2776 qui
1130 2741 1309 2775 spiritualiecr
1320 2749 1351 2768 ea
1381 2741 1584 2772 exatninarnnt,
1600 2749 1634 2767 nc
1649 2748 1739 2767 aerem
1762 2739 1843 2772 ipsum

1068 2787 1245 2820 blasphemiis
1269 2787 1439 2821 impleamus.
1464 2787 1532 2819 Quid
1560 2787 1631 2813 cnitn
1660 2787 1726 2814 recti
1753 2786 1844 2812 docere

1068 2833 1175 2867 poterit,
1193 2833 1239 2867 qui
1256 2834 1362 2867 penitus
1372 2833 1472 2868 jejunii
1486 2834 1544 2861 dies
1572 2841 1625 2860 non
1653 2831 1799 2862 discernit,
1819 2833 1842 2855 t‘l

1064 2886 1078 2905 a
1092 2878 1160 2906 cibis
1174 2886 1204 2906 ac
1220 2878 1327 2908 Dotibus
1340 2878 1531 2911 abstinentias,
1554 2886 1616 2905 cutn
1630 2885 1697 2911 opus
1714 2876 1804 2904 fuerit.
1818 2879 1842 2901 ct
