  <div class='ocr_page' id='page_1' title='image "/cluster/home/n/w/nwhite01/storage/ocr_20150623/150/njp.32101077773180/458.png"; bbox 0 0 1963 3066; ppageno 0'>
   <div class='ocr_carea' id='block_1_1' title="bbox 117 142 171 172">
    <p class='ocr_par' dir='ltr' id='par_1_1' title="bbox 117 142 171 172">
     <span class='ocr_line' id='line_1_1' title="bbox 117 142 171 172; baseline 0 0"><span class='ocrx_word' id='word_1_1' title='bbox 117 142 171 172; x_wconf 68' lang='grc'><strong>889</strong></span> 
     </span>
    </p>
   </div>
   <div class='ocr_carea' id='block_1_2' title="bbox 692 145 1180 176">
    <p class='ocr_par' dir='ltr' id='par_1_2' title="bbox 692 145 1180 176">
     <span class='ocr_line' id='line_1_2' title="bbox 692 145 1180 176; baseline 0.006 -3"><span class='ocrx_word' id='word_1_2' title='bbox 692 145 714 174; x_wconf 80' lang='lat' dir='ltr'>G</span> <span class='ocrx_word' id='word_1_3' title='bbox 723 145 742 173; x_wconf 71' lang='grc'><strong>11</strong></span> <span class='ocrx_word' id='word_1_4' title='bbox 750 145 918 175; x_wconf 66' lang='grc' dir='ltr'><strong>ᾸΞΟΟΗΠΜ</strong></span> <span class='ocrx_word' id='word_1_5' title='bbox 940 145 1180 176; x_wconf 78' lang='lat' dir='ltr'><strong>SENTENTLE.</strong></span> 
     </span>
    </p>
   </div>
   <div class='ocr_carea' id='block_1_3' title="bbox 1689 147 1743 179">
    <p class='ocr_par' dir='ltr' id='par_1_3' title="bbox 1689 147 1743 179">
     <span class='ocr_line' id='line_1_3' title="bbox 1689 147 1743 179; baseline 0.056 -2"><span class='ocrx_word' id='word_1_6' title='bbox 1689 147 1743 179; x_wconf 68' lang='lat'><strong>890</strong></span> 
     </span>
    </p>
   </div>
   <div class='ocr_carea' id='block_1_4' title="bbox 117 196 1745 236">
    <p class='ocr_par' dir='ltr' id='par_1_4' title="bbox 117 196 1745 236">
     <span class='ocr_line' id='line_1_4' title="bbox 117 196 1745 236; baseline 0.007 -15"><span class='ocrx_word' id='word_1_7' title='bbox 117 204 210 224; x_wconf 79' lang='lat' dir='ltr'><strong>nuaes</strong></span> <span class='ocrx_word' id='word_1_8' title='bbox 225 196 282 223; x_wconf 89' lang='lat' dir='ltr'><strong>dies</strong></span> <span class='ocrx_word' id='word_1_9' title='bbox 297 196 480 226; x_wconf 74' lang='lat' dir='ltr'><strong>iniliﬂcreutes</strong></span> <span class='ocrx_word' id='word_1_10' title='bbox 495 204 618 233; x_wconf 89' lang='lat' dir='ltr'><strong>usurpat,</strong></span> <span class='ocrx_word' id='word_1_11' title='bbox 639 205 667 226; x_wconf 88' lang='lat' dir='ltr'><strong>ut</strong></span> <span class='ocrx_word' id='word_1_12' title='bbox 685 200 776 228; x_wconf 85' lang='lat' dir='ltr'><strong>facere</strong></span> <span class='ocrx_word' id='word_1_13' title='bbox 794 205 896 232; x_wconf 81' lang='lat' dir='ltr'><strong>amant,</strong></span> <span class='ocrx_word' id='word_1_14' title='bbox 911 203 938 233; x_wconf 73' lang='grc' dir='ltr'><strong>Α</strong></span> <span class='ocrx_word' id='word_1_15' title='bbox 951 203 1101 236; x_wconf 68' lang='lat' dir='ltr'><strong>prmpcditi,</strong></span> <span class='ocrx_word' id='word_1_16' title='bbox 1117 203 1151 230; x_wconf 87' lang='lat' dir='ltr'><strong>ab</strong></span> <span class='ocrx_word' id='word_1_17' title='bbox 1185 211 1278 230; x_wconf 82' lang='lat' dir='ltr'><strong>eorum</strong></span> <span class='ocrx_word' id='word_1_18' title='bbox 1297 202 1488 230; x_wconf 90' lang='lat' dir='ltr'><strong>communione</strong></span> <span class='ocrx_word' id='word_1_19' title='bbox 1503 202 1689 236; x_wconf 70' lang='lat' dir='ltr'><strong>abstinemus;</strong></span> <span class='ocrx_word' id='word_1_20' title='bbox 1717 205 1745 232; x_wconf 92' lang='lat' dir='ltr'><strong>id</strong></span> 
     </span>
    </p>
   </div>
   <div class='ocr_carea' id='block_1_5' title="bbox 117 242 901 281">
    <p class='ocr_par' dir='ltr' id='par_1_5' title="bbox 117 242 901 281">
     <span class='ocr_line' id='line_1_5' title="bbox 117 242 901 281; baseline 0.009 -14"><span class='ocrx_word' id='word_1_21' title='bbox 117 243 162 276; x_wconf 85' lang='lat' dir='ltr'><strong>qui</strong></span> <span class='ocrx_word' id='word_1_22' title='bbox 180 242 324 269; x_wconf 90' lang='lat' dir='ltr'><strong>barbaram</strong></span> <span class='ocrx_word' id='word_1_23' title='bbox 340 244 422 271; x_wconf 84' lang='lat' dir='ltr'><strong>vitam</strong></span> <span class='ocrx_word' id='word_1_24' title='bbox 438 244 552 272; x_wconf 89' lang='lat' dir='ltr'><strong>ducunt.</strong></span> <span class='ocrx_word' id='word_1_25' title='bbox 568 245 625 272; x_wconf 86' lang='lat' dir='ltr'><strong>Non</strong></span> <span class='ocrx_word' id='word_1_26' title='bbox 646 254 791 281; x_wconf 80' lang='lat' dir='ltr'><strong>possumus</strong></span> <span class='ocrx_word' id='word_1_27' title='bbox 815 247 901 275; x_wconf 88' lang='lat' dir='ltr'><strong>verbo</strong></span> 
     </span>
    </p>
   </div>
   <div class='ocr_carea' id='block_1_6' title="bbox 117 286 899 325">
    <p class='ocr_par' dir='ltr' id='par_1_6' title="bbox 117 286 899 325">
     <span class='ocr_line' id='line_1_6' title="bbox 117 286 899 325; baseline 0.012 -15"><span class='ocrx_word' id='word_1_28' title='bbox 117 286 278 318; x_wconf 50' lang='lat' dir='ltr'><strong>«iriirimere,</strong></span> <span class='ocrx_word' id='word_1_29' title='bbox 312 295 481 322; x_wconf 69' lang='lat' dir='ltr'><strong>qumcnnque</strong></span> <span class='ocrx_word' id='word_1_30' title='bbox 499 289 545 316; x_wconf 85' lang='lat' dir='ltr'><strong>alii</strong></span> <span class='ocrx_word' id='word_1_31' title='bbox 570 290 597 317; x_wconf 90' lang='lat' dir='ltr'><strong>in</strong></span> <span class='ocrx_word' id='word_1_32' title='bbox 621 291 739 318; x_wconf 89' lang='lat' dir='ltr'><strong>tnedium</strong></span> <span class='ocrx_word' id='word_1_33' title='bbox 771 291 899 325; x_wconf 64' lang='lat' dir='ltr'><strong>alterunt,</strong></span> 
     </span>
    </p>
   </div>
   <div class='ocr_carea' id='block_1_7' title="bbox 118 331 900 371">
    <p class='ocr_par' dir='ltr' id='par_1_7' title="bbox 118 331 900 371">
     <span class='ocr_line' id='line_1_7' title="bbox 118 331 900 371; baseline 0.009 -14"><span class='ocrx_word' id='word_1_34' title='bbox 118 331 161 364; x_wconf 85' lang='lat' dir='ltr'><strong>qui</strong></span> <span class='ocrx_word' id='word_1_35' title='bbox 180 339 223 358; x_wconf 87' lang='lat' dir='ltr'><strong>res</strong></span> <span class='ocrx_word' id='word_1_36' title='bbox 238 332 310 359; x_wconf 90' lang='lat' dir='ltr'><strong>illius</strong></span> <span class='ocrx_word' id='word_1_37' title='bbox 324 334 480 361; x_wconf 71' lang='lat' dir='ltr'><strong>traducunt.</strong></span> <span class='ocrx_word' id='word_1_38' title='bbox 495 334 548 362; x_wconf 85' lang='lat' dir='ltr'><strong>Sed</strong></span> <span class='ocrx_word' id='word_1_39' title='bbox 577 343 658 370; x_wconf 86' lang='lat' dir='ltr'><strong>super</strong></span> <span class='ocrx_word' id='word_1_40' title='bbox 686 337 738 363; x_wconf 90' lang='lat' dir='ltr'><strong>hoc</strong></span> <span class='ocrx_word' id='word_1_41' title='bbox 764 338 900 371; x_wconf 90' lang='lat' dir='ltr'><strong>pulridum</strong></span> 
     </span>
    </p>
   </div>
   <div class='ocr_carea' id='block_1_8' title="bbox 119 377 901 413">
    <p class='ocr_par' dir='ltr' id='par_1_8' title="bbox 119 377 901 413">
     <span class='ocr_line' id='line_1_8' title="bbox 119 377 901 413; baseline 0.01 -12"><span class='ocrx_word' id='word_1_42' title='bbox 119 377 335 408; x_wconf 46' lang='lat' dir='ltr'><strong>Iu‘ulatncntum,</strong></span> <span class='ocrx_word' id='word_1_43' title='bbox 355 379 455 405; x_wconf 88' lang='lat' dir='ltr'><strong>mahun</strong></span> <span class='ocrx_word' id='word_1_44' title='bbox 477 381 548 406; x_wconf 85' lang='lat' dir='ltr'><strong>aliud</strong></span> <span class='ocrx_word' id='word_1_45' title='bbox 571 381 766 413; x_wconf 59' lang='lat' dir='ltr'><strong>exa3dificatur,</strong></span> <span class='ocrx_word' id='word_1_46' title='bbox 797 387 824 409; x_wconf 81' lang='lat' dir='ltr'><strong>et</strong></span> <span class='ocrx_word' id='word_1_47' title='bbox 849 383 901 409; x_wconf 92' lang='lat' dir='ltr'><strong>ini-</strong></span> 
     </span>
    </p>
   </div>
   <div class='ocr_carea' id='block_1_9' title="bbox 119 423 902 458">
    <p class='ocr_par' dir='ltr' id='par_1_9' title="bbox 119 423 902 458">
     <span class='ocr_line' id='line_1_9' title="bbox 119 423 902 458; baseline 0.01 -11"><span class='ocrx_word' id='word_1_48' title='bbox 119 423 208 455; x_wconf 76' lang='lat' dir='ltr'><strong>quitas</strong></span> <span class='ocrx_word' id='word_1_49' title='bbox 225 423 489 458; x_wconf 81' lang='lat' dir='ltr'><strong>:uldituriniquitati,</strong></span> <span class='ocrx_word' id='word_1_50' title='bbox 506 427 656 453; x_wconf 88' lang='lat' dir='ltr'><strong>secttndum</strong></span> <span class='ocrx_word' id='word_1_51' title='bbox 668 428 789 455; x_wconf 91' lang='lat' dir='ltr'><strong>divinum</strong></span> <span class='ocrx_word' id='word_1_52' title='bbox 806 428 902 456; x_wconf 89' lang='lat' dir='ltr'><strong>David.</strong></span> 
     </span>
    </p>
   </div>
   <div class='ocr_carea' id='block_1_10' title="bbox 118 468 903 505">
    <p class='ocr_par' dir='ltr' id='par_1_10' title="bbox 118 468 903 505">
     <span class='ocr_line' id='line_1_10' title="bbox 118 468 903 505; baseline 0.009 -12"><span class='ocrx_word' id='word_1_53' title='bbox 118 468 416 503; x_wconf 78' lang='lat' dir='ltr'><strong>Auctorimprobitatis</strong></span> <span class='ocrx_word' id='word_1_54' title='bbox 428 471 631 504; x_wconf 67' lang='lat' dir='ltr'><strong>perditiSsimus</strong></span> <span class='ocrx_word' id='word_1_55' title='bbox 656 471 781 500; x_wconf 88' lang='lat' dir='ltr'><strong>Palamas</strong></span> <span class='ocrx_word' id='word_1_56' title='bbox 800 482 807 505; x_wconf 88' lang='lat'><strong>;</strong></span> <span class='ocrx_word' id='word_1_57' title='bbox 826 473 903 500; x_wconf 85' lang='lat' dir='ltr'><strong>Pala-</strong></span> 
     </span>
    </p>
   </div>
   <div class='ocr_carea' id='block_1_11' title="bbox 120 513 904 547">
    <p class='ocr_par' dir='ltr' id='par_1_11' title="bbox 120 513 904 547">
     <span class='ocr_line' id='line_1_11' title="bbox 120 513 904 547; baseline 0.011 -10"><span class='ocrx_word' id='word_1_58' title='bbox 120 520 189 544; x_wconf 83' lang='lat' dir='ltr'><strong>tuas,</strong></span> <span class='ocrx_word' id='word_1_59' title='bbox 204 513 283 544; x_wconf 73' lang='lat' dir='ltr'><strong>cuius</strong></span> <span class='ocrx_word' id='word_1_60' title='bbox 300 514 340 540; x_wconf 84' lang='lat' dir='ltr'><strong>vel</strong></span> <span class='ocrx_word' id='word_1_61' title='bbox 355 515 411 541; x_wconf 83' lang='lat' dir='ltr'><strong>sola</strong></span> <span class='ocrx_word' id='word_1_62' title='bbox 439 515 627 543; x_wconf 75' lang='lat' dir='ltr'><strong>recordalione</strong></span> <span class='ocrx_word' id='word_1_63' title='bbox 640 517 748 545; x_wconf 88' lang='lat' dir='ltr'><strong>animus</strong></span> <span class='ocrx_word' id='word_1_64' title='bbox 765 517 847 545; x_wconf 89' lang='lat' dir='ltr'><strong>simul</strong></span> <span class='ocrx_word' id='word_1_65' title='bbox 877 523 904 547; x_wconf 86' lang='lat' dir='ltr'><strong>et</strong></span> 
     </span>
    </p>
   </div>
   <div class='ocr_carea' id='block_1_12' title="bbox 120 558 904 597">
    <p class='ocr_par' dir='ltr' id='par_1_12' title="bbox 120 558 904 597">
     <span class='ocr_line' id='line_1_12' title="bbox 120 558 904 597; baseline 0.01 -15"><span class='ocrx_word' id='word_1_66' title='bbox 120 565 195 584; x_wconf 61' lang='lat' dir='ltr'><strong>mins</strong></span> <span class='ocrx_word' id='word_1_67' title='bbox 220 558 351 592; x_wconf 70' lang='lat' dir='ltr'><strong>cxp’anda</strong></span> <span class='ocrx_word' id='word_1_68' title='bbox 380 564 431 586; x_wconf 88' lang='lat' dir='ltr'><strong>est.</strong></span> <span class='ocrx_word' id='word_1_69' title='bbox 460 559 507 587; x_wconf 87' lang='lat' dir='ltr'><strong>Hic</strong></span> <span class='ocrx_word' id='word_1_70' title='bbox 538 562 725 596; x_wconf 78' lang='lat' dir='ltr'><strong>nequissimus</strong></span> <span class='ocrx_word' id='word_1_71' title='bbox 753 563 904 597; x_wconf 90' lang='lat' dir='ltr'><strong>hominum,</strong></span> 
     </span>
    </p>
   </div>
   <div class='ocr_carea' id='block_1_13' title="bbox 120 603 905 643">
    <p class='ocr_par' dir='ltr' id='par_1_13' title="bbox 120 603 905 643">
     <span class='ocr_line' id='line_1_13' title="bbox 120 603 905 643; baseline 0.011 -15"><span class='ocrx_word' id='word_1_72' title='bbox 120 603 269 630; x_wconf 65' lang='lat' dir='ltr'><strong>&#39;l‘hrssalia:</strong></span> <span class='ocrx_word' id='word_1_73' title='bbox 286 605 446 639; x_wconf 86' lang='lat' dir='ltr'><strong>metropolis</strong></span> <span class='ocrx_word' id='word_1_74' title='bbox 461 606 576 634; x_wconf 85' lang='lat' dir='ltr'><strong>antistes</strong></span> <span class='ocrx_word' id='word_1_75' title='bbox 604 613 723 642; x_wconf 78' lang='lat' dir='ltr'><strong>creatur,</strong></span> <span class='ocrx_word' id='word_1_76' title='bbox 751 610 796 643; x_wconf 86' lang='lat' dir='ltr'><strong>qui</strong></span> <span class='ocrx_word' id='word_1_77' title='bbox 829 610 905 643; x_wconf 85' lang='lat' dir='ltr'><strong>prius</strong></span> 
     </span>
    </p>
   </div>
   <div class='ocr_carea' id='block_1_14' title="bbox 119 650 905 689">
    <p class='ocr_par' dir='ltr' id='par_1_14' title="bbox 119 650 905 689">
     <span class='ocr_line' id='line_1_14' title="bbox 119 650 905 689; baseline 0.008 -14"><span class='ocrx_word' id='word_1_78' title='bbox 119 651 259 683; x_wconf 63' lang='lat' dir='ltr'><strong>dvposltus</strong></span> <span class='ocrx_word' id='word_1_79' title='bbox 273 650 482 686; x_wconf 84' lang='lat' dir='ltr'><strong>fueratpropter</strong></span> <span class='ocrx_word' id='word_1_80' title='bbox 500 661 541 683; x_wconf 83' lang='lat' dir='ltr'><strong>ea,</strong></span> <span class='ocrx_word' id='word_1_81' title='bbox 563 661 682 687; x_wconf 80' lang='lat' dir='ltr'><strong>quorum</strong></span> <span class='ocrx_word' id='word_1_82' title='bbox 702 662 784 681; x_wconf 78' lang='lat' dir='ltr'><strong>causa</strong></span> <span class='ocrx_word' id='word_1_83' title='bbox 820 655 905 689; x_wconf 88' lang='lat' dir='ltr'><strong>depo-</strong></span> 
     </span>
    </p>
   </div>
   <div class='ocr_carea' id='block_1_15' title="bbox 119 697 905 736">
    <p class='ocr_par' dir='ltr' id='par_1_15' title="bbox 119 697 905 736">
     <span class='ocr_line' id='line_1_15' title="bbox 119 697 905 736; baseline 0.008 -14"><span class='ocrx_word' id='word_1_84' title='bbox 119 697 189 724; x_wconf 71' lang='lat' dir='ltr'><strong>situs</strong></span> <span class='ocrx_word' id='word_1_85' title='bbox 204 703 244 724; x_wconf 91' lang='lat' dir='ltr'><strong>cst</strong></span> <span class='ocrx_word' id='word_1_86' title='bbox 261 706 313 724; x_wconf 89' lang='lat' dir='ltr'><strong>nou</strong></span> <span class='ocrx_word' id='word_1_87' title='bbox 337 699 450 726; x_wconf 90' lang='lat' dir='ltr'><strong>mullum</strong></span> <span class='ocrx_word' id='word_1_88' title='bbox 469 705 542 732; x_wconf 93' lang='lat' dir='ltr'><strong>ante,</strong></span> <span class='ocrx_word' id='word_1_89' title='bbox 572 701 708 736; x_wconf 80' lang='lat' dir='ltr'><strong>sacrilegii</strong></span> <span class='ocrx_word' id='word_1_90' title='bbox 739 702 853 729; x_wconf 87' lang='lat' dir='ltr'><strong>crimine</strong></span> <span class='ocrx_word' id='word_1_91' title='bbox 878 702 905 728; x_wconf 91' lang='lat' dir='ltr'><strong>in</strong></span> 
     </span>
    </p>
   </div>
   <div class='ocr_carea' id='block_1_16' title="bbox 122 743 907 781">
    <p class='ocr_par' dir='ltr' id='par_1_16' title="bbox 122 743 907 781">
     <span class='ocr_line' id='line_1_16' title="bbox 122 743 907 781; baseline 0.009 -12"><span class='ocrx_word' id='word_1_92' title='bbox 122 743 265 776; x_wconf 73' lang='lat' dir='ltr'><strong>l‘criblepti</strong></span> <span class='ocrx_word' id='word_1_93' title='bbox 299 745 466 772; x_wconf 86' lang='lat' dir='ltr'><strong>monasterio</strong></span> <span class='ocrx_word' id='word_1_94' title='bbox 483 746 645 778; x_wconf 87' lang='lat' dir='ltr'><strong>obstrictus,</strong></span> <span class='ocrx_word' id='word_1_95' title='bbox 681 755 741 774; x_wconf 83' lang='lat' dir='ltr'><strong>eum</strong></span> <span class='ocrx_word' id='word_1_96' title='bbox 773 747 907 781; x_wconf 77' lang='lat' dir='ltr'><strong>imagines</strong></span> 
     </span>
    </p>
   </div>
   <div class='ocr_carea' id='block_1_17' title="bbox 121 790 904 827">
    <p class='ocr_par' dir='ltr' id='par_1_17' title="bbox 121 790 904 827">
     <span class='ocr_line' id='line_1_17' title="bbox 121 790 904 827; baseline 0.008 -14"><span class='ocrx_word' id='word_1_97' title='bbox 121 796 259 823; x_wconf 69' lang='lat' dir='ltr'><strong>grassator</strong></span> <span class='ocrx_word' id='word_1_98' title='bbox 278 790 466 824; x_wconf 70' lang='lat' dir='ltr'><strong>exspoliasset,</strong></span> <span class='ocrx_word' id='word_1_99' title='bbox 495 795 522 818; x_wconf 85' lang='lat' dir='ltr'><strong>et</strong></span> <span class='ocrx_word' id='word_1_100' title='bbox 538 799 615 819; x_wconf 87' lang='lat' dir='ltr'><strong>sacra</strong></span> <span class='ocrx_word' id='word_1_101' title='bbox 630 799 708 825; x_wconf 88' lang='lat' dir='ltr'><strong>vasa,</strong></span> <span class='ocrx_word' id='word_1_102' title='bbox 722 800 781 827; x_wconf 75' lang='lat' dir='ltr'><strong>quze</strong></span> <span class='ocrx_word' id='word_1_103' title='bbox 813 793 904 820; x_wconf 88' lang='lat' dir='ltr'><strong>oleum</strong></span> 
     </span>
    </p>
   </div>
   <div class='ocr_carea' id='block_1_18' title="bbox 122 836 905 874">
    <p class='ocr_par' dir='ltr' id='par_1_18' title="bbox 122 836 905 874">
     <span class='ocr_line' id='line_1_18' title="bbox 122 836 905 874; baseline 0.006 -13"><span class='ocrx_word' id='word_1_104' title='bbox 122 836 301 870; x_wconf 60' lang='lat' dir='ltr'><strong>recipiebant,</strong></span> <span class='ocrx_word' id='word_1_105' title='bbox 324 836 508 869; x_wconf 86' lang='lat' dir='ltr'><strong>cnntrivisset,</strong></span> <span class='ocrx_word' id='word_1_106' title='bbox 526 837 607 865; x_wconf 88' lang='lat' dir='ltr'><strong>veluti</strong></span> <span class='ocrx_word' id='word_1_107' title='bbox 635 838 731 871; x_wconf 73' lang='lat' dir='ltr'><strong>Judas,</strong></span> <span class='ocrx_word' id='word_1_108' title='bbox 763 844 905 874; x_wconf 78' lang='lat' dir='ltr'><strong>argentum</strong></span> 
     </span>
    </p>
   </div>
   <div class='ocr_carea' id='block_1_19' title="bbox 121 874 943 917">
    <p class='ocr_par' dir='ltr' id='par_1_19' title="bbox 121 874 943 917">
     <span class='ocr_line' id='line_1_19' title="bbox 121 874 943 917; baseline 0.005 -10"><span class='ocrx_word' id='word_1_109' title='bbox 121 881 171 907; x_wconf 70' lang='lat' dir='ltr'><strong>sibi</strong></span> <span class='ocrx_word' id='word_1_110' title='bbox 189 889 203 908; x_wconf 94' lang='lat' dir='ltr'><strong>c</strong></span> <span class='ocrx_word' id='word_1_111' title='bbox 215 889 351 915; x_wconf 81' lang='lat' dir='ltr'><strong>unparans</strong></span> <span class='ocrx_word' id='word_1_112' title='bbox 366 891 372 908; x_wconf 87' lang='lat'>:</span> <span class='ocrx_word' id='word_1_113' title='bbox 393 889 454 909; x_wconf 76' lang='lat' dir='ltr'><strong>cum</strong></span> <span class='ocrx_word' id='word_1_114' title='bbox 481 890 567 917; x_wconf 83' lang='lat' dir='ltr'><strong>neque</strong></span> <span class='ocrx_word' id='word_1_115' title='bbox 581 883 622 910; x_wconf 89' lang='lat' dir='ltr'><strong>his</strong></span> <span class='ocrx_word' id='word_1_116' title='bbox 636 889 675 910; x_wconf 83' lang='lat' dir='ltr'><strong>tor</strong></span> <span class='ocrx_word' id='word_1_117' title='bbox 692 884 773 911; x_wconf 85' lang='lat' dir='ltr'><strong>miser</strong></span> <span class='ocrx_word' id='word_1_118' title='bbox 805 885 907 911; x_wconf 87' lang='lat' dir='ltr'><strong>rcvcri-</strong></span> <span class='ocrx_word' id='word_1_119' title='bbox 923 874 943 901; x_wconf 70' lang='grc' dir='ltr'><strong>Β</strong></span> 
     </span>
    </p>
   </div>
   <div class='ocr_carea' id='block_1_20' title="bbox 123 926 906 964">
    <p class='ocr_par' dir='ltr' id='par_1_20' title="bbox 123 926 906 964">
     <span class='ocr_line' id='line_1_20' title="bbox 123 926 906 964; baseline 0.008 -13"><span class='ocrx_word' id='word_1_120' title='bbox 123 932 165 952; x_wconf 69' lang='lat' dir='ltr'><strong>IIIS</strong></span> <span class='ocrx_word' id='word_1_121' title='bbox 178 926 275 952; x_wconf 85' lang='lat' dir='ltr'><strong>fuisset</strong></span> <span class='ocrx_word' id='word_1_122' title='bbox 294 927 422 954; x_wconf 87' lang='lat' dir='ltr'><strong>salutaris</strong></span> <span class='ocrx_word' id='word_1_123' title='bbox 437 926 578 955; x_wconf 74' lang='lat' dir='ltr'><strong>Passionis</strong></span> <span class='ocrx_word' id='word_1_124' title='bbox 599 929 668 960; x_wconf 87' lang='lat' dir='ltr'><strong>dies,</strong></span> <span class='ocrx_word' id='word_1_125' title='bbox 685 930 809 956; x_wconf 58' lang='lat' dir='ltr'><strong>maxima)</strong></span> <span class='ocrx_word' id='word_1_126' title='bbox 835 930 906 964; x_wconf 72' lang='lat' dir='ltr'><strong>ioju—</strong></span> 
     </span>
    </p>
   </div>
   <div class='ocr_carea' id='block_1_21' title="bbox 123 974 907 1010">
    <p class='ocr_par' dir='ltr' id='par_1_21' title="bbox 123 974 907 1010">
     <span class='ocr_line' id='line_1_21' title="bbox 123 974 907 1010; baseline 0.006 -12"><span class='ocrx_word' id='word_1_127' title='bbox 123 974 229 999; x_wconf 86' lang='lat' dir='ltr'><strong>uiorum</strong></span> <span class='ocrx_word' id='word_1_128' title='bbox 245 974 432 1007; x_wconf 87' lang='lat' dir='ltr'><strong>hebdomadis,</strong></span> <span class='ocrx_word' id='word_1_129' title='bbox 452 975 569 1002; x_wconf 80' lang='lat' dir='ltr'><strong>lavacris</strong></span> <span class='ocrx_word' id='word_1_130' title='bbox 585 980 613 1002; x_wconf 83' lang='lat' dir='ltr'><strong>et</strong></span> <span class='ocrx_word' id='word_1_131' title='bbox 636 977 773 1004; x_wconf 70' lang='lat' dir='ltr'><strong>alimentis</strong></span> <span class='ocrx_word' id='word_1_132' title='bbox 788 981 814 1004; x_wconf 89' lang='lat' dir='ltr'><strong>et</strong></span> <span class='ocrx_word' id='word_1_133' title='bbox 836 977 907 1010; x_wconf 92' lang='lat' dir='ltr'><strong>poti-</strong></span> 
     </span>
    </p>
   </div>
   <div class='ocr_carea' id='block_1_22' title="bbox 123 1018 908 1056">
    <p class='ocr_par' dir='ltr' id='par_1_22' title="bbox 123 1018 908 1056">
     <span class='ocr_line' id='line_1_22' title="bbox 123 1018 908 1056; baseline 0.006 -13"><span class='ocrx_word' id='word_1_134' title='bbox 123 1020 174 1045; x_wconf 78' lang='lat' dir='ltr'><strong>lius</strong></span> <span class='ocrx_word' id='word_1_135' title='bbox 190 1026 290 1053; x_wconf 83' lang='lat' dir='ltr'><strong>corpus</strong></span> <span class='ocrx_word' id='word_1_136' title='bbox 302 1018 404 1051; x_wconf 87' lang='lat' dir='ltr'><strong>fovere,</strong></span> <span class='ocrx_word' id='word_1_137' title='bbox 419 1020 451 1046; x_wconf 89' lang='lat' dir='ltr'><strong>ad</strong></span> <span class='ocrx_word' id='word_1_138' title='bbox 467 1020 680 1048; x_wconf 77' lang='lat' dir='ltr'><strong>destructionem</strong></span> <span class='ocrx_word' id='word_1_139' title='bbox 698 1022 807 1056; x_wconf 63' lang='lat' dir='ltr'><strong>regulae.</strong></span> <span class='ocrx_word' id='word_1_140' title='bbox 821 1022 908 1048; x_wconf 76' lang='lat' dir='ltr'><strong>otfen-</strong></span> 
     </span>
    </p>
   </div>
   <div class='ocr_carea' id='block_1_23' title="bbox 122 1064 906 1100">
    <p class='ocr_par' dir='ltr' id='par_1_23' title="bbox 122 1064 906 1100">
     <span class='ocr_line' id='line_1_23' title="bbox 122 1064 906 1100; baseline 0.005 -11"><span class='ocrx_word' id='word_1_141' title='bbox 122 1064 224 1090; x_wconf 88' lang='lat' dir='ltr'><strong>sionem</strong></span> <span class='ocrx_word' id='word_1_142' title='bbox 253 1068 280 1090; x_wconf 88' lang='lat' dir='ltr'><strong>et</strong></span> <span class='ocrx_word' id='word_1_143' title='bbox 314 1065 472 1092; x_wconf 78' lang='lat' dir='ltr'><strong>scandalum</strong></span> <span class='ocrx_word' id='word_1_144' title='bbox 493 1066 667 1094; x_wconf 70' lang='lat' dir='ltr'><strong>conscientia:</strong></span> <span class='ocrx_word' id='word_1_145' title='bbox 698 1068 906 1100; x_wconf 85' lang='lat' dir='ltr'><strong>monachorum,</strong></span> 
     </span>
    </p>
   </div>
   <div class='ocr_carea' id='block_1_24' title="bbox 122 1111 906 1147">
    <p class='ocr_par' dir='ltr' id='par_1_24' title="bbox 122 1111 906 1147">
     <span class='ocr_line' id='line_1_24' title="bbox 122 1111 906 1147; baseline 0.006 -12"><span class='ocrx_word' id='word_1_146' title='bbox 122 1116 147 1136; x_wconf 68' lang='lat' dir='ltr'><strong>cl</strong></span> <span class='ocrx_word' id='word_1_147' title='bbox 160 1111 329 1138; x_wconf 85' lang='lat' dir='ltr'><strong>amlicntinm</strong></span> <span class='ocrx_word' id='word_1_148' title='bbox 346 1119 455 1146; x_wconf 81' lang='lat' dir='ltr'><strong>quoque</strong></span> <span class='ocrx_word' id='word_1_149' title='bbox 465 1112 591 1145; x_wconf 81' lang='lat' dir='ltr'><strong>fortasse,</strong></span> <span class='ocrx_word' id='word_1_150' title='bbox 604 1120 653 1140; x_wconf 90' lang='lat' dir='ltr'><strong>nec</strong></span> <span class='ocrx_word' id='word_1_151' title='bbox 665 1121 718 1140; x_wconf 89' lang='lat' dir='ltr'><strong>non</strong></span> <span class='ocrx_word' id='word_1_152' title='bbox 731 1114 906 1147; x_wconf 61' lang='lat' dir='ltr'><strong>praesentium</strong></span> 
     </span>
    </p>
   </div>
   <div class='ocr_carea' id='block_1_25' title="bbox 123 1157 908 1186">
    <p class='ocr_par' dir='ltr' id='par_1_25' title="bbox 123 1157 908 1186">
     <span class='ocr_line' id='line_1_25' title="bbox 123 1157 908 1186; baseline 0.006 -5"><span class='ocrx_word' id='word_1_153' title='bbox 123 1165 153 1181; x_wconf 73' lang='grc'><strong>111·</strong></span> <span class='ocrx_word' id='word_1_154' title='bbox 170 1157 333 1184; x_wconf 83' lang='lat' dir='ltr'><strong>intm-ntium</strong></span> <span class='ocrx_word' id='word_1_155' title='bbox 349 1158 376 1185; x_wconf 87' lang='lat' dir='ltr'><strong>in</strong></span> <span class='ocrx_word' id='word_1_156' title='bbox 395 1158 619 1186; x_wconf 78' lang='lat' dir='ltr'><strong>Rcsurrectionis</strong></span> <span class='ocrx_word' id='word_1_157' title='bbox 634 1159 735 1186; x_wconf 81' lang='lat' dir='ltr'><strong>Christi</strong></span> <span class='ocrx_word' id='word_1_158' title='bbox 749 1158 793 1185; x_wconf 85' lang='lat' dir='ltr'><strong>Dei</strong></span> <span class='ocrx_word' id='word_1_159' title='bbox 816 1159 908 1186; x_wconf 80' lang='lat' dir='ltr'><strong>divino</strong></span> 
     </span>
    </p>
   </div>
   <div class='ocr_carea' id='block_1_26' title="bbox 124 1202 906 1238">
    <p class='ocr_par' dir='ltr' id='par_1_26' title="bbox 124 1202 906 1238">
     <span class='ocr_line' id='line_1_26' title="bbox 124 1202 906 1238; baseline 0.005 -11"><span class='ocrx_word' id='word_1_160' title='bbox 124 1203 313 1232; x_wconf 64' lang='lat' dir='ltr'><strong>monasterio;</strong></span> <span class='ocrx_word' id='word_1_161' title='bbox 335 1202 370 1230; x_wconf 89' lang='lat' dir='ltr'><strong>ibi</strong></span> <span class='ocrx_word' id='word_1_162' title='bbox 383 1205 454 1230; x_wconf 86' lang='lat' dir='ltr'><strong>enim</strong></span> <span class='ocrx_word' id='word_1_163' title='bbox 477 1204 660 1231; x_wconf 78' lang='lat' dir='ltr'><strong>sutfocatoriis</strong></span> <span class='ocrx_word' id='word_1_164' title='bbox 689 1205 793 1238; x_wconf 81' lang='lat' dir='ltr'><strong>potius,</strong></span> <span class='ocrx_word' id='word_1_165' title='bbox 825 1212 906 1238; x_wconf 93' lang='lat' dir='ltr'><strong>quam</strong></span> 
     </span>
    </p>
   </div>
   <div class='ocr_carea' id='block_1_27' title="bbox 123 1248 908 1284">
    <p class='ocr_par' dir='ltr' id='par_1_27' title="bbox 123 1248 908 1284">
     <span class='ocr_line' id='line_1_27' title="bbox 123 1248 908 1284; baseline 0.005 -12"><span class='ocrx_word' id='word_1_166' title='bbox 123 1248 323 1282; x_wconf 68' lang='lat' dir='ltr'><strong>mpnrgaturiis</strong></span> <span class='ocrx_word' id='word_1_167' title='bbox 341 1249 459 1277; x_wconf 73' lang='lat' dir='ltr'><strong>lavacris</strong></span> <span class='ocrx_word' id='word_1_168' title='bbox 493 1257 558 1277; x_wconf 88' lang='lat' dir='ltr'><strong>usus</strong></span> <span class='ocrx_word' id='word_1_169' title='bbox 575 1254 626 1277; x_wconf 86' lang='lat' dir='ltr'><strong>est.</strong></span> <span class='ocrx_word' id='word_1_170' title='bbox 641 1249 673 1276; x_wconf 89' lang='lat' dir='ltr'><strong>Hi</strong></span> <span class='ocrx_word' id='word_1_171' title='bbox 707 1250 798 1284; x_wconf 82' lang='lat' dir='ltr'><strong>itaque</strong></span> <span class='ocrx_word' id='word_1_172' title='bbox 825 1250 908 1276; x_wconf 87' lang='lat' dir='ltr'><strong>veluti</strong></span> 
     </span>
    </p>
   </div>
   <div class='ocr_carea' id='block_1_28' title="bbox 124 1294 908 1327">
    <p class='ocr_par' dir='ltr' id='par_1_28' title="bbox 124 1294 908 1327">
     <span class='ocr_line' id='line_1_28' title="bbox 124 1294 908 1327; baseline 0.004 -8"><span class='ocrx_word' id='word_1_173' title='bbox 124 1294 270 1327; x_wconf 71' lang='lat' dir='ltr'><strong>impietatis</strong></span> <span class='ocrx_word' id='word_1_174' title='bbox 287 1294 461 1322; x_wconf 87' lang='lat' dir='ltr'><strong>fundamenta</strong></span> <span class='ocrx_word' id='word_1_175' title='bbox 495 1295 595 1322; x_wconf 62' lang='lat' dir='ltr'><strong>Cln&#39;lrtl</strong></span> <span class='ocrx_word' id='word_1_176' title='bbox 619 1295 748 1323; x_wconf 67' lang='lat' dir='ltr'><strong>Ecclesiae</strong></span> <span class='ocrx_word' id='word_1_177' title='bbox 777 1296 908 1323; x_wconf 80' lang='lat' dir='ltr'><strong>subtnissi</strong></span> 
     </span>
    </p>
   </div>
   <div class='ocr_carea' id='block_1_29' title="bbox 123 1340 907 1377">
    <p class='ocr_par' dir='ltr' id='par_1_29' title="bbox 123 1340 907 1377">
     <span class='ocr_line' id='line_1_29' title="bbox 123 1340 907 1377; baseline 0.004 -12"><span class='ocrx_word' id='word_1_178' title='bbox 123 1346 171 1366; x_wconf 86' lang='lat' dir='ltr'><strong>aut</strong></span> <span class='ocrx_word' id='word_1_179' title='bbox 188 1340 317 1374; x_wconf 76' lang='lat' dir='ltr'><strong>improbze</strong></span> <span class='ocrx_word' id='word_1_180' title='bbox 333 1340 460 1368; x_wconf 78' lang='lat' dir='ltr'><strong>factionis</strong></span> <span class='ocrx_word' id='word_1_181' title='bbox 487 1341 589 1368; x_wconf 89' lang='lat' dir='ltr'><strong>Christi</strong></span> <span class='ocrx_word' id='word_1_182' title='bbox 611 1341 739 1369; x_wconf 82' lang='lat' dir='ltr'><strong>Ecclesiae</strong></span> <span class='ocrx_word' id='word_1_183' title='bbox 770 1342 907 1377; x_wconf 72' lang='lat' dir='ltr'><strong>prtepositi</strong></span> 
     </span>
    </p>
   </div>
   <div class='ocr_carea' id='block_1_30' title="bbox 124 1386 909 1423">
    <p class='ocr_par' dir='ltr' id='par_1_30' title="bbox 124 1386 909 1423">
     <span class='ocr_line' id='line_1_30' title="bbox 124 1386 909 1423; baseline 0.006 -13"><span class='ocrx_word' id='word_1_184' title='bbox 124 1388 206 1413; x_wconf 76' lang='lat' dir='ltr'><strong>mices</strong></span> <span class='ocrx_word' id='word_1_185' title='bbox 222 1386 418 1419; x_wconf 85' lang='lat' dir='ltr'><strong>improbissimi</strong></span> <span class='ocrx_word' id='word_1_186' title='bbox 437 1387 613 1415; x_wconf 86' lang='lat' dir='ltr'><strong>introducunt</strong></span> <span class='ocrx_word' id='word_1_187' title='bbox 636 1395 683 1414; x_wconf 82' lang='lat' dir='ltr'><strong>eos</strong></span> <span class='ocrx_word' id='word_1_188' title='bbox 698 1389 743 1423; x_wconf 88' lang='lat' dir='ltr'><strong>qui</strong></span> <span class='ocrx_word' id='word_1_189' title='bbox 761 1388 825 1415; x_wconf 89' lang='lat' dir='ltr'><strong>olim</strong></span> <span class='ocrx_word' id='word_1_190' title='bbox 861 1396 909 1415; x_wconf 86' lang='lat' dir='ltr'><strong>ca-</strong></span> 
     </span>
    </p>
   </div>
   <div class='ocr_carea' id='block_1_31' title="bbox 124 1432 908 1469">
    <p class='ocr_par' dir='ltr' id='par_1_31' title="bbox 124 1432 908 1469">
     <span class='ocr_line' id='line_1_31' title="bbox 124 1432 908 1469; baseline 0.003 -11"><span class='ocrx_word' id='word_1_191' title='bbox 124 1432 184 1458; x_wconf 82' lang='lat' dir='ltr'><strong>tb-nt</strong></span> <span class='ocrx_word' id='word_1_192' title='bbox 196 1440 227 1458; x_wconf 89' lang='lat' dir='ltr'><strong>ac</strong></span> <span class='ocrx_word' id='word_1_193' title='bbox 238 1434 286 1467; x_wconf 76' lang='lat' dir='ltr'><strong>ipsi</strong></span> <span class='ocrx_word' id='word_1_194' title='bbox 298 1433 462 1465; x_wconf 81' lang='lat' dir='ltr'><strong>sentiebant,</strong></span> <span class='ocrx_word' id='word_1_195' title='bbox 475 1438 521 1460; x_wconf 91' lang='lat' dir='ltr'><strong>aut</strong></span> <span class='ocrx_word' id='word_1_196' title='bbox 536 1441 608 1460; x_wconf 88' lang='lat' dir='ltr'><strong>uttnc</strong></span> <span class='ocrx_word' id='word_1_197' title='bbox 624 1434 725 1462; x_wconf 82' lang='lat' dir='ltr'><strong>sentire</strong></span> <span class='ocrx_word' id='word_1_198' title='bbox 735 1434 908 1469; x_wconf 89' lang='lat' dir='ltr'><strong>profitentur,</strong></span> 
     </span>
    </p>
   </div>
   <div class='ocr_carea' id='block_1_32' title="bbox 124 1479 908 1516">
    <p class='ocr_par' dir='ltr' id='par_1_32' title="bbox 124 1479 908 1516">
     <span class='ocr_line' id='line_1_32' title="bbox 124 1479 908 1516; baseline 0.003 -11"><span class='ocrx_word' id='word_1_199' title='bbox 124 1480 150 1505; x_wconf 92' lang='lat' dir='ltr'><strong>iu</strong></span> <span class='ocrx_word' id='word_1_200' title='bbox 169 1487 261 1506; x_wconf 84' lang='lat' dir='ltr'><strong>sacras</strong></span> <span class='ocrx_word' id='word_1_201' title='bbox 277 1479 403 1507; x_wconf 64' lang='lat' dir='ltr'><strong>Ecclesiae</strong></span> <span class='ocrx_word' id='word_1_202' title='bbox 429 1481 522 1513; x_wconf 87' lang='lat' dir='ltr'><strong>sedes;</strong></span> <span class='ocrx_word' id='word_1_203' title='bbox 555 1481 689 1512; x_wconf 83' lang='lat' dir='ltr'><strong>homines,</strong></span> <span class='ocrx_word' id='word_1_204' title='bbox 723 1488 792 1516; x_wconf 85' lang='lat' dir='ltr'><strong>quos</strong></span> <span class='ocrx_word' id='word_1_205' title='bbox 821 1488 908 1515; x_wconf 77' lang='lat' dir='ltr'><strong>neque</strong></span> 
     </span>
    </p>
   </div>
   <div class='ocr_carea' id='block_1_33' title="bbox 125 1526 906 1560">
    <p class='ocr_par' dir='ltr' id='par_1_33' title="bbox 125 1526 906 1560">
     <span class='ocr_line' id='line_1_33' title="bbox 125 1526 906 1560; baseline 0.003 -10"><span class='ocrx_word' id='word_1_206' title='bbox 125 1526 196 1551; x_wconf 83' lang='lat' dir='ltr'><strong>unde</strong></span> <span class='ocrx_word' id='word_1_207' title='bbox 206 1526 337 1560; x_wconf 80' lang='lat' dir='ltr'><strong>originem</strong></span> <span class='ocrx_word' id='word_1_208' title='bbox 352 1526 470 1557; x_wconf 81' lang='lat' dir='ltr'><strong>trahant,</strong></span> <span class='ocrx_word' id='word_1_209' title='bbox 483 1534 570 1560; x_wconf 87' lang='lat' dir='ltr'><strong>neque</strong></span> <span class='ocrx_word' id='word_1_210' title='bbox 583 1526 654 1559; x_wconf 86' lang='lat' dir='ltr'><strong>quod</strong></span> <span class='ocrx_word' id='word_1_211' title='bbox 668 1527 729 1554; x_wconf 73' lang='lat' dir='ltr'><strong>vita:</strong></span> <span class='ocrx_word' id='word_1_212' title='bbox 754 1527 906 1554; x_wconf 88' lang='lat' dir='ltr'><strong>institutum</strong></span> 
     </span>
    </p>
   </div>
   <div class='ocr_carea' id='block_1_34' title="bbox 123 1556 944 1606">
    <p class='ocr_par' dir='ltr' id='par_1_34' title="bbox 123 1556 944 1606">
     <span class='ocr_line' id='line_1_34' title="bbox 123 1556 944 1606; baseline 0 -8"><span class='ocrx_word' id='word_1_213' title='bbox 123 1556 270 1602; x_wconf 48' lang='lat' dir='ltr'><strong>ﬂectentur,</strong></span> <span class='ocrx_word' id='word_1_214' title='bbox 287 1571 438 1606; x_wconf 84' lang='lat' dir='ltr'><strong>complures</strong></span> <span class='ocrx_word' id='word_1_215' title='bbox 454 1556 562 1598; x_wconf 70' lang='lat' dir='ltr'><strong>innuat.</strong></span> <span class='ocrx_word' id='word_1_216' title='bbox 582 1556 613 1597; x_wconf 63' lang='grc' dir='ltr'><strong>[ξι</strong></span> <span class='ocrx_word' id='word_1_217' title='bbox 628 1571 755 1606; x_wconf 83' lang='lat' dir='ltr'><strong>impletur</strong></span> <span class='ocrx_word' id='word_1_218' title='bbox 783 1575 908 1606; x_wconf 82' lang='lat' dir='ltr'><strong>propter-</strong></span> <span class='ocrx_word' id='word_1_219' title='bbox 922 1556 944 1587; x_wconf 62' lang='grc' dir='ltr'><strong>Ο</strong></span> 
     </span>
    </p>
   </div>
   <div class='ocr_carea' id='block_1_35' title="bbox 124 1616 909 1651">
    <p class='ocr_par' dir='ltr' id='par_1_35' title="bbox 124 1616 909 1651">
     <span class='ocr_line' id='line_1_35' title="bbox 124 1616 909 1651; baseline 0.005 -10"><span class='ocrx_word' id='word_1_220' title='bbox 124 1625 154 1642; x_wconf 74' lang='lat' dir='ltr'><strong>ca</strong></span> <span class='ocrx_word' id='word_1_221' title='bbox 187 1616 231 1643; x_wconf 85' lang='lat' dir='ltr'><strong>Dei</strong></span> <span class='ocrx_word' id='word_1_222' title='bbox 246 1616 365 1644; x_wconf 85' lang='lat' dir='ltr'><strong>Ecclesia</strong></span> <span class='ocrx_word' id='word_1_223' title='bbox 380 1617 511 1644; x_wconf 85' lang='lat' dir='ltr'><strong>dedecore</strong></span> <span class='ocrx_word' id='word_1_224' title='bbox 536 1622 562 1644; x_wconf 91' lang='lat' dir='ltr'><strong>et</strong></span> <span class='ocrx_word' id='word_1_225' title='bbox 594 1618 715 1650; x_wconf 85' lang='lat' dir='ltr'><strong>infamia,</strong></span> <span class='ocrx_word' id='word_1_226' title='bbox 751 1618 830 1651; x_wconf 85' lang='lat' dir='ltr'><strong>cujus</strong></span> <span class='ocrx_word' id='word_1_227' title='bbox 860 1625 909 1645; x_wconf 87' lang='lat' dir='ltr'><strong>nec</strong></span> 
     </span>
    </p>
   </div>
   <div class='ocr_carea' id='block_1_36' title="bbox 126 1663 908 1697">
    <p class='ocr_par' dir='ltr' id='par_1_36' title="bbox 126 1663 908 1697">
     <span class='ocr_line' id='line_1_36' title="bbox 126 1663 908 1697; baseline 0.005 -10"><span class='ocrx_word' id='word_1_228' title='bbox 126 1663 235 1689; x_wconf 82' lang='lat' dir='ltr'><strong>modum</strong></span> <span class='ocrx_word' id='word_1_229' title='bbox 250 1670 298 1690; x_wconf 89' lang='lat' dir='ltr'><strong>nec</strong></span> <span class='ocrx_word' id='word_1_230' title='bbox 312 1663 469 1697; x_wconf 88' lang='lat' dir='ltr'><strong>qualitatem</strong></span> <span class='ocrx_word' id='word_1_231' title='bbox 487 1663 578 1691; x_wconf 87' lang='lat' dir='ltr'><strong>dicere</strong></span> <span class='ocrx_word' id='word_1_232' title='bbox 599 1664 735 1691; x_wconf 86' lang='lat' dir='ltr'><strong>novimus.</strong></span> <span class='ocrx_word' id='word_1_233' title='bbox 768 1663 800 1690; x_wconf 88' lang='lat' dir='ltr'><strong>Et</strong></span> <span class='ocrx_word' id='word_1_234' title='bbox 816 1663 850 1697; x_wconf 80' lang='lat' dir='ltr'><strong>de</strong></span> <span class='ocrx_word' id='word_1_235' title='bbox 867 1663 908 1691; x_wconf 92' lang='lat' dir='ltr'><strong>bis</strong></span> 
     </span>
    </p>
   </div>
   <div class='ocr_carea' id='block_1_37' title="bbox 126 1708 907 1741">
    <p class='ocr_par' dir='ltr' id='par_1_37' title="bbox 126 1708 907 1741">
     <span class='ocr_line' id='line_1_37' title="bbox 126 1708 907 1741; baseline 0.003 -8"><span class='ocrx_word' id='word_1_236' title='bbox 126 1708 234 1741; x_wconf 83' lang='lat' dir='ltr'><strong>quidem</strong></span> <span class='ocrx_word' id='word_1_237' title='bbox 254 1716 296 1736; x_wconf 91' lang='lat' dir='ltr'><strong>rcs</strong></span> <span class='ocrx_word' id='word_1_238' title='bbox 311 1709 347 1736; x_wconf 88' lang='lat' dir='ltr'><strong>ita</strong></span> <span class='ocrx_word' id='word_1_239' title='bbox 368 1716 396 1736; x_wconf 90' lang='lat' dir='ltr'><strong>se</strong></span> <span class='ocrx_word' id='word_1_240' title='bbox 408 1709 498 1737; x_wconf 83' lang='lat' dir='ltr'><strong>habet.</strong></span> <span class='ocrx_word' id='word_1_241' title='bbox 517 1709 570 1736; x_wconf 78' lang='lat' dir='ltr'><strong>Nos</strong></span> <span class='ocrx_word' id='word_1_242' title='bbox 589 1718 652 1737; x_wconf 87' lang='lat' dir='ltr'><strong>vero</strong></span> <span class='ocrx_word' id='word_1_243' title='bbox 669 1709 752 1736; x_wconf 80' lang='lat' dir='ltr'><strong>semel</strong></span> <span class='ocrx_word' id='word_1_244' title='bbox 766 1710 800 1736; x_wconf 89' lang='lat' dir='ltr'><strong>ab</strong></span> <span class='ocrx_word' id='word_1_245' title='bbox 813 1717 907 1737; x_wconf 91' lang='lat' dir='ltr'><strong>eorum</strong></span> 
     </span>
    </p>
   </div>
   <div class='ocr_carea' id='block_1_38' title="bbox 126 1754 909 1790">
    <p class='ocr_par' dir='ltr' id='par_1_38' title="bbox 126 1754 909 1790">
     <span class='ocr_line' id='line_1_38' title="bbox 126 1754 909 1790; baseline 0.004 -12"><span class='ocrx_word' id='word_1_246' title='bbox 126 1754 291 1780; x_wconf 86' lang='lat' dir='ltr'><strong>commercio</strong></span> <span class='ocrx_word' id='word_1_247' title='bbox 308 1754 437 1788; x_wconf 84' lang='lat' dir='ltr'><strong>separati,</strong></span> <span class='ocrx_word' id='word_1_248' title='bbox 469 1754 559 1788; x_wconf 80' lang='lat' dir='ltr'><strong>quiete</strong></span> <span class='ocrx_word' id='word_1_249' title='bbox 580 1755 696 1790; x_wconf 83' lang='lat' dir='ltr'><strong>egimus,</strong></span> <span class='ocrx_word' id='word_1_250' title='bbox 726 1759 752 1782; x_wconf 87' lang='lat' dir='ltr'><strong>et</strong></span> <span class='ocrx_word' id='word_1_251' title='bbox 777 1755 827 1782; x_wconf 84' lang='lat' dir='ltr'><strong>nisi</strong></span> <span class='ocrx_word' id='word_1_252' title='bbox 861 1762 909 1781; x_wconf 85' lang='lat' dir='ltr'><strong>nos</strong></span> 
     </span>
    </p>
   </div>
   <div class='ocr_carea' id='block_1_39' title="bbox 127 1800 908 1833">
    <p class='ocr_par' dir='ltr' id='par_1_39' title="bbox 127 1800 908 1833">
     <span class='ocr_line' id='line_1_39' title="bbox 127 1800 908 1833; baseline 0.003 -8"><span class='ocrx_word' id='word_1_253' title='bbox 127 1800 288 1833; x_wconf 85' lang='lat' dir='ltr'><strong>impetcntcs</strong></span> <span class='ocrx_word' id='word_1_254' title='bbox 313 1800 338 1826; x_wconf 91' lang='lat' dir='ltr'><strong>in</strong></span> <span class='ocrx_word' id='word_1_255' title='bbox 367 1808 461 1826; x_wconf 87' lang='lat' dir='ltr'><strong>eorum</strong></span> <span class='ocrx_word' id='word_1_256' title='bbox 493 1801 622 1827; x_wconf 86' lang='lat' dir='ltr'><strong>unionem</strong></span> <span class='ocrx_word' id='word_1_257' title='bbox 638 1801 812 1832; x_wconf 79' lang='lat' dir='ltr'><strong>atlraxerint,</strong></span> <span class='ocrx_word' id='word_1_258' title='bbox 837 1800 908 1827; x_wconf 89' lang='lat' dir='ltr'><strong>haud</strong></span> 
     </span>
    </p>
   </div>
   <div class='ocr_carea' id='block_1_40' title="bbox 126 1845 909 1881">
    <p class='ocr_par' dir='ltr' id='par_1_40' title="bbox 126 1845 909 1881">
     <span class='ocr_line' id='line_1_40' title="bbox 126 1845 909 1881; baseline 0.004 -11"><span class='ocrx_word' id='word_1_259' title='bbox 126 1845 297 1872; x_wconf 83' lang='lat' dir='ltr'><strong>tolerandum</strong></span> <span class='ocrx_word' id='word_1_260' title='bbox 333 1853 394 1872; x_wconf 86' lang='lat' dir='ltr'><strong>esse</strong></span> <span class='ocrx_word' id='word_1_261' title='bbox 421 1846 535 1873; x_wconf 87' lang='lat' dir='ltr'><strong>ducunt.</strong></span> <span class='ocrx_word' id='word_1_262' title='bbox 574 1848 676 1879; x_wconf 78' lang='lat' dir='ltr'><strong>Quare,</strong></span> <span class='ocrx_word' id='word_1_263' title='bbox 707 1854 780 1873; x_wconf 88' lang='lat' dir='ltr'><strong>nunc</strong></span> <span class='ocrx_word' id='word_1_264' title='bbox 807 1846 909 1881; x_wconf 80' lang='lat' dir='ltr'><strong>legatos</strong></span> 
     </span>
    </p>
   </div>
   <div class='ocr_carea' id='block_1_41' title="bbox 127 1892 910 1927">
    <p class='ocr_par' dir='ltr' id='par_1_41' title="bbox 127 1892 910 1927">
     <span class='ocr_line' id='line_1_41' title="bbox 127 1892 910 1927; baseline 0.004 -11"><span class='ocrx_word' id='word_1_265' title='bbox 127 1892 251 1924; x_wconf 87' lang='lat' dir='ltr'><strong>mittunt,</strong></span> <span class='ocrx_word' id='word_1_266' title='bbox 265 1897 291 1918; x_wconf 85' lang='lat' dir='ltr'><strong>ct</strong></span> <span class='ocrx_word' id='word_1_267' title='bbox 306 1893 422 1919; x_wconf 79' lang='lat' dir='ltr'><strong>maxima</strong></span> <span class='ocrx_word' id='word_1_268' title='bbox 447 1893 600 1927; x_wconf 84' lang='lat' dir='ltr'><strong>spondent;</strong></span> <span class='ocrx_word' id='word_1_269' title='bbox 618 1901 699 1924; x_wconf 86' lang='lat' dir='ltr'><strong>nunc,</strong></span> <span class='ocrx_word' id='word_1_270' title='bbox 733 1897 836 1920; x_wconf 89' lang='lat' dir='ltr'><strong>mutato</strong></span> <span class='ocrx_word' id='word_1_271' title='bbox 869 1894 910 1919; x_wconf 92' lang='lat' dir='ltr'><strong>in-</strong></span> 
     </span>
    </p>
   </div>
   <div class='ocr_carea' id='block_1_42' title="bbox 126 1938 910 1973">
    <p class='ocr_par' dir='ltr' id='par_1_42' title="bbox 126 1938 910 1973">
     <span class='ocr_line' id='line_1_42' title="bbox 126 1938 910 1973; baseline -0.001 -9"><span class='ocrx_word' id='word_1_272' title='bbox 126 1938 235 1970; x_wconf 72' lang='lat' dir='ltr'><strong>SllllllO,</strong></span> <span class='ocrx_word' id='word_1_273' title='bbox 265 1945 325 1972; x_wconf 70' lang='lat' dir='ltr'><strong>quae</strong></span> <span class='ocrx_word' id='word_1_274' title='bbox 347 1943 552 1972; x_wconf 88' lang='lat' dir='ltr'><strong>persccutorum</strong></span> <span class='ocrx_word' id='word_1_275' title='bbox 581 1943 687 1966; x_wconf 86' lang='lat' dir='ltr'><strong>suntac</strong></span> <span class='ocrx_word' id='word_1_276' title='bbox 719 1943 910 1973; x_wconf 76' lang='lat' dir='ltr'><strong>tyrannorum,</strong></span> 
     </span>
    </p>
   </div>
   <div class='ocr_carea' id='block_1_43' title="bbox 125 1984 911 2020">
    <p class='ocr_par' dir='ltr' id='par_1_43' title="bbox 125 1984 911 2020">
     <span class='ocr_line' id='line_1_43' title="bbox 125 1984 911 2020; baseline 0.003 -10"><span class='ocrx_word' id='word_1_277' title='bbox 125 1984 256 2016; x_wconf 75' lang='lat' dir='ltr'><strong>cilicium,</strong></span> <span class='ocrx_word' id='word_1_278' title='bbox 273 1989 299 2011; x_wconf 83' lang='lat' dir='ltr'><strong>et</strong></span> <span class='ocrx_word' id='word_1_279' title='bbox 314 1985 470 2011; x_wconf 83' lang='lat' dir='ltr'><strong>carceribus</strong></span> <span class='ocrx_word' id='word_1_280' title='bbox 486 1985 551 2012; x_wconf 86' lang='lat' dir='ltr'><strong>tutis</strong></span> <span class='ocrx_word' id='word_1_281' title='bbox 578 1984 733 2017; x_wconf 84' lang='lat' dir='ltr'><strong>includunt,</strong></span> <span class='ocrx_word' id='word_1_282' title='bbox 769 1989 798 2011; x_wconf 87' lang='lat' dir='ltr'><strong>nt</strong></span> <span class='ocrx_word' id='word_1_283' title='bbox 825 1992 911 2020; x_wconf 88' lang='lat' dir='ltr'><strong>neque</strong></span> 
     </span>
    </p>
   </div>
   <div class='ocr_carea' id='block_1_44' title="bbox 125 2030 911 2066">
    <p class='ocr_par' dir='ltr' id='par_1_44' title="bbox 125 2030 911 2066">
     <span class='ocr_line' id='line_1_44' title="bbox 125 2030 911 2066; baseline 0.004 -11"><span class='ocrx_word' id='word_1_284' title='bbox 125 2030 212 2056; x_wconf 69' lang='lat' dir='ltr'><strong>videri</strong></span> <span class='ocrx_word' id='word_1_285' title='bbox 227 2038 314 2063; x_wconf 85' lang='lat' dir='ltr'><strong>neque</strong></span> <span class='ocrx_word' id='word_1_286' title='bbox 329 2030 434 2058; x_wconf 87' lang='lat' dir='ltr'><strong>visitari</strong></span> <span class='ocrx_word' id='word_1_287' title='bbox 448 2030 482 2058; x_wconf 89' lang='lat' dir='ltr'><strong>ab</strong></span> <span class='ocrx_word' id='word_1_288' title='bbox 498 2031 553 2058; x_wconf 94' lang='lat' dir='ltr'><strong>ullo</strong></span> <span class='ocrx_word' id='word_1_289' title='bbox 581 2031 721 2065; x_wconf 89' lang='lat' dir='ltr'><strong>possitnus</strong></span> <span class='ocrx_word' id='word_1_290' title='bbox 738 2040 745 2058; x_wconf 92' lang='lat'><strong>:</strong></span> <span class='ocrx_word' id='word_1_291' title='bbox 780 2032 911 2066; x_wconf 86' lang='lat' dir='ltr'><strong>quemad-</strong></span> 
     </span>
    </p>
   </div>
   <div class='ocr_carea' id='block_1_45' title="bbox 126 2077 910 2113">
    <p class='ocr_par' dir='ltr' id='par_1_45' title="bbox 126 2077 910 2113">
     <span class='ocr_line' id='line_1_45' title="bbox 126 2077 910 2113; baseline 0.003 -10"><span class='ocrx_word' id='word_1_292' title='bbox 126 2078 237 2103; x_wconf 86' lang='lat' dir='ltr'><strong>Inmlutn</strong></span> <span class='ocrx_word' id='word_1_293' title='bbox 254 2078 375 2105; x_wconf 87' lang='lat' dir='ltr'><strong>latrones</strong></span> <span class='ocrx_word' id='word_1_294' title='bbox 403 2085 451 2105; x_wconf 84' lang='lat' dir='ltr'><strong>eos</strong></span> <span class='ocrx_word' id='word_1_295' title='bbox 468 2082 595 2110; x_wconf 83' lang='lat' dir='ltr'><strong>tractant,</strong></span> <span class='ocrx_word' id='word_1_296' title='bbox 620 2078 664 2113; x_wconf 87' lang='lat' dir='ltr'><strong>qui</strong></span> <span class='ocrx_word' id='word_1_297' title='bbox 678 2077 711 2105; x_wconf 90' lang='lat' dir='ltr'><strong>ad</strong></span> <span class='ocrx_word' id='word_1_298' title='bbox 729 2085 823 2105; x_wconf 90' lang='lat' dir='ltr'><strong>eorum</strong></span> <span class='ocrx_word' id='word_1_299' title='bbox 852 2086 910 2105; x_wconf 81' lang='lat' dir='ltr'><strong>Ina-</strong></span> 
     </span>
    </p>
   </div>
   <div class='ocr_carea' id='block_1_46' title="bbox 125 2123 909 2158">
    <p class='ocr_par' dir='ltr' id='par_1_46' title="bbox 125 2123 909 2158">
     <span class='ocr_line' id='line_1_46' title="bbox 125 2123 909 2158; baseline 0.001 -9"><span class='ocrx_word' id='word_1_300' title='bbox 125 2131 179 2149; x_wconf 86' lang='lat' dir='ltr'><strong>nus</strong></span> <span class='ocrx_word' id='word_1_301' title='bbox 191 2123 372 2158; x_wconf 85' lang='lat' dir='ltr'><strong>pervenerint,</strong></span> <span class='ocrx_word' id='word_1_302' title='bbox 386 2129 412 2151; x_wconf 88' lang='lat' dir='ltr'><strong>et</strong></span> <span class='ocrx_word' id='word_1_303' title='bbox 425 2123 591 2157; x_wconf 88' lang='lat' dir='ltr'><strong>deprimunt,</strong></span> <span class='ocrx_word' id='word_1_304' title='bbox 607 2128 742 2158; x_wconf 89' lang='lat' dir='ltr'><strong>quantum</strong></span> <span class='ocrx_word' id='word_1_305' title='bbox 771 2127 886 2158; x_wconf 85' lang='lat' dir='ltr'><strong>possunt</strong></span> <span class='ocrx_word' id='word_1_306' title='bbox 902 2132 909 2150; x_wconf 91' lang='lat'>:</span> 
     </span>
    </p>
   </div>
   <div class='ocr_carea' id='block_1_47' title="bbox 126 2168 912 2204">
    <p class='ocr_par' dir='ltr' id='par_1_47' title="bbox 126 2168 912 2204">
     <span class='ocr_line' id='line_1_47' title="bbox 126 2168 912 2204; baseline 0.004 -12"><span class='ocrx_word' id='word_1_307' title='bbox 126 2175 199 2194; x_wconf 89' lang='lat' dir='ltr'><strong>nunc</strong></span> <span class='ocrx_word' id='word_1_308' title='bbox 214 2168 352 2195; x_wconf 89' lang='lat' dir='ltr'><strong>minantur</strong></span> <span class='ocrx_word' id='word_1_309' title='bbox 371 2174 514 2204; x_wconf 84' lang='lat' dir='ltr'><strong>augmenta</strong></span> <span class='ocrx_word' id='word_1_310' title='bbox 538 2169 765 2201; x_wconf 85' lang='lat' dir='ltr'><strong>inhumanitatis;</strong></span> <span class='ocrx_word' id='word_1_311' title='bbox 796 2173 853 2195; x_wconf 89' lang='lat' dir='ltr'><strong>tum</strong></span> <span class='ocrx_word' id='word_1_312' title='bbox 884 2173 912 2195; x_wconf 87' lang='lat' dir='ltr'><strong>et</strong></span> 
     </span>
    </p>
   </div>
   <div class='ocr_carea' id='block_1_48' title="bbox 127 2211 909 2248">
    <p class='ocr_par' dir='ltr' id='par_1_48' title="bbox 127 2211 909 2248">
     <span class='ocr_line' id='line_1_48' title="bbox 127 2211 909 2248; baseline 0.001 -10"><span class='ocrx_word' id='word_1_313' title='bbox 127 2211 232 2239; x_wconf 88' lang='lat' dir='ltr'><strong>litteras</strong></span> <span class='ocrx_word' id='word_1_314' title='bbox 247 2213 379 2240; x_wconf 83' lang='lat' dir='ltr'><strong>adversus</strong></span> <span class='ocrx_word' id='word_1_315' title='bbox 401 2221 450 2240; x_wconf 88' lang='lat' dir='ltr'><strong>nos</strong></span> <span class='ocrx_word' id='word_1_316' title='bbox 466 2213 601 2240; x_wconf 77' lang='lat' dir='ltr'><strong>malitiose</strong></span> <span class='ocrx_word' id='word_1_317' title='bbox 612 2217 792 2248; x_wconf 89' lang='lat' dir='ltr'><strong>componunt,</strong></span> <span class='ocrx_word' id='word_1_318' title='bbox 806 2213 909 2240; x_wconf 86' lang='lat' dir='ltr'><strong>crimen</strong></span> 
     </span>
    </p>
   </div>
   <div class='ocr_carea' id='block_1_49' title="bbox 124 2258 911 2294">
    <p class='ocr_par' dir='ltr' id='par_1_49' title="bbox 124 2258 911 2294">
     <span class='ocr_line' id='line_1_49' title="bbox 124 2258 911 2294; baseline 0.003 -11"><span class='ocrx_word' id='word_1_319' title='bbox 124 2258 203 2285; x_wconf 92' lang='lat' dir='ltr'><strong>nobis</strong></span> <span class='ocrx_word' id='word_1_320' title='bbox 211 2262 388 2294; x_wconf 84' lang='lat' dir='ltr'><strong>opponentes.</strong></span> <span class='ocrx_word' id='word_1_321' title='bbox 398 2259 469 2293; x_wconf 87' lang='lat' dir='ltr'><strong>qttod</strong></span> <span class='ocrx_word' id='word_1_322' title='bbox 478 2267 539 2286; x_wconf 84' lang='lat' dir='ltr'><strong>cum</strong></span> <span class='ocrx_word' id='word_1_323' title='bbox 554 2259 606 2286; x_wconf 85' lang='lat' dir='ltr'><strong>illis</strong></span> <span class='ocrx_word' id='word_1_324' title='bbox 617 2266 669 2286; x_wconf 78' lang='lat' dir='ltr'><strong>non</strong></span> <span class='ocrx_word' id='word_1_325' title='bbox 679 2258 911 2286; x_wconf 87' lang='lat' dir='ltr'><strong>communicamus</strong></span> 
     </span>
    </p>
   </div>
   <div class='ocr_carea' id='block_1_50' title="bbox 125 2305 912 2340">
    <p class='ocr_par' dir='ltr' id='par_1_50' title="bbox 125 2305 912 2340">
     <span class='ocr_line' id='line_1_50' title="bbox 125 2305 912 2340; baseline 0.001 -9"><span class='ocrx_word' id='word_1_326' title='bbox 125 2313 175 2330; x_wconf 75' lang='lat' dir='ltr'><strong>ncc</strong></span> <span class='ocrx_word' id='word_1_327' title='bbox 189 2305 263 2332; x_wconf 82' lang='lat' dir='ltr'><strong>aliud</strong></span> <span class='ocrx_word' id='word_1_328' title='bbox 276 2309 418 2340; x_wconf 63' lang='lat' dir='ltr'><strong>praetcrea.</strong></span> <span class='ocrx_word' id='word_1_329' title='bbox 434 2305 567 2332; x_wconf 80' lang='lat' dir='ltr'><strong>Praeterea</strong></span> <span class='ocrx_word' id='word_1_330' title='bbox 586 2305 711 2332; x_wconf 87' lang='lat' dir='ltr'><strong>adimunt</strong></span> <span class='ocrx_word' id='word_1_331' title='bbox 724 2305 803 2333; x_wconf 86' lang='lat' dir='ltr'><strong>nobis</strong></span> <span class='ocrx_word' id='word_1_332' title='bbox 825 2305 912 2332; x_wconf 86' lang='lat' dir='ltr'><strong>eccle-</strong></span> 
     </span>
    </p>
   </div>
   <div class='ocr_carea' id='block_1_51' title="bbox 125 2351 912 2384">
    <p class='ocr_par' dir='ltr' id='par_1_51' title="bbox 125 2351 912 2384">
     <span class='ocr_line' id='line_1_51' title="bbox 125 2351 912 2384; baseline 0.003 -7"><span class='ocrx_word' id='word_1_333' title='bbox 125 2351 230 2382; x_wconf 85' lang='lat' dir='ltr'><strong>sias,et</strong></span> <span class='ocrx_word' id='word_1_334' title='bbox 249 2352 281 2378; x_wconf 85' lang='lat' dir='ltr'><strong>ad</strong></span> <span class='ocrx_word' id='word_1_335' title='bbox 314 2352 395 2378; x_wconf 87' lang='lat' dir='ltr'><strong>vitam</strong></span> <span class='ocrx_word' id='word_1_336' title='bbox 421 2352 608 2379; x_wconf 87' lang='lat' dir='ltr'><strong>sustinendam</strong></span> <span class='ocrx_word' id='word_1_337' title='bbox 635 2352 749 2384; x_wconf 87' lang='lat' dir='ltr'><strong>reditus,</strong></span> <span class='ocrx_word' id='word_1_338' title='bbox 778 2355 808 2378; x_wconf 93' lang='lat' dir='ltr'><strong>ut</strong></span> <span class='ocrx_word' id='word_1_339' title='bbox 837 2357 912 2379; x_wconf 87' lang='lat' dir='ltr'><strong>mors</strong></span> 
     </span>
    </p>
   </div>
   <div class='ocr_carea' id='block_1_52' title="bbox 127 2397 911 2432">
    <p class='ocr_par' dir='ltr' id='par_1_52' title="bbox 127 2397 911 2432">
     <span class='ocr_line' id='line_1_52' title="bbox 127 2397 911 2432; baseline 0 -9"><span class='ocrx_word' id='word_1_340' title='bbox 127 2398 246 2425; x_wconf 84' lang='lat' dir='ltr'><strong>violenta</strong></span> <span class='ocrx_word' id='word_1_341' title='bbox 262 2398 390 2432; x_wconf 81' lang='lat' dir='ltr'><strong>abripiat.</strong></span> <span class='ocrx_word' id='word_1_342' title='bbox 405 2398 461 2426; x_wconf 87' lang='lat' dir='ltr'><strong>Nos</strong></span> <span class='ocrx_word' id='word_1_343' title='bbox 475 2405 567 2432; x_wconf 84' lang='lat' dir='ltr'><strong>porro,</strong></span> <span class='ocrx_word' id='word_1_344' title='bbox 596 2406 644 2432; x_wconf 89' lang='lat' dir='ltr'><strong>per</strong></span> <span class='ocrx_word' id='word_1_345' title='bbox 657 2397 766 2432; x_wconf 88' lang='lat' dir='ltr'><strong>aliquod</strong></span> <span class='ocrx_word' id='word_1_346' title='bbox 791 2403 911 2431; x_wconf 82' lang='lat' dir='ltr'><strong>tempus,</strong></span> 
     </span>
    </p>
   </div>
   <div class='ocr_carea' id='block_1_53' title="bbox 126 2444 912 2477">
    <p class='ocr_par' dir='ltr' id='par_1_53' title="bbox 126 2444 912 2477">
     <span class='ocr_line' id='line_1_53' title="bbox 126 2444 912 2477; baseline -0.003 -6"><span class='ocrx_word' id='word_1_347' title='bbox 126 2452 221 2471; x_wconf 81' lang='lat' dir='ltr'><strong>eorum</strong></span> <span class='ocrx_word' id='word_1_348' title='bbox 239 2444 372 2471; x_wconf 79' lang='lat' dir='ltr'><strong>insaniam</strong></span> <span class='ocrx_word' id='word_1_349' title='bbox 386 2445 561 2477; x_wconf 84' lang='lat' dir='ltr'><strong>sustinentes,</strong></span> <span class='ocrx_word' id='word_1_350' title='bbox 579 2451 641 2471; x_wconf 91' lang='lat' dir='ltr'><strong>cum</strong></span> <span class='ocrx_word' id='word_1_351' title='bbox 671 2444 757 2470; x_wconf 91' lang='lat' dir='ltr'><strong>nihilo</strong></span> <span class='ocrx_word' id='word_1_352' title='bbox 789 2444 912 2470; x_wconf 87' lang='lat' dir='ltr'><strong>modera-</strong></span> 
     </span>
    </p>
   </div>
   <div class='ocr_carea' id='block_1_54' title="bbox 127 2490 913 2526">
    <p class='ocr_par' dir='ltr' id='par_1_54' title="bbox 127 2490 913 2526">
     <span class='ocr_line' id='line_1_54' title="bbox 127 2490 913 2526; baseline 0 -10"><span class='ocrx_word' id='word_1_353' title='bbox 127 2491 210 2518; x_wconf 84' lang='lat' dir='ltr'><strong>tiores</strong></span> <span class='ocrx_word' id='word_1_354' title='bbox 226 2492 312 2518; x_wconf 83' lang='lat' dir='ltr'><strong>factos</strong></span> <span class='ocrx_word' id='word_1_355' title='bbox 328 2491 477 2523; x_wconf 83' lang='lat' dir='ltr'><strong>videamus,</strong></span> <span class='ocrx_word' id='word_1_356' title='bbox 494 2491 620 2519; x_wconf 81' lang='lat' dir='ltr'><strong>facimus.</strong></span> <span class='ocrx_word' id='word_1_357' title='bbox 631 2491 714 2526; x_wconf 87' lang='lat' dir='ltr'><strong>quod,</strong></span> <span class='ocrx_word' id='word_1_358' title='bbox 728 2498 789 2517; x_wconf 87' lang='lat' dir='ltr'><strong>Cum</strong></span> <span class='ocrx_word' id='word_1_359' title='bbox 805 2490 840 2517; x_wconf 86' lang='lat' dir='ltr'><strong>illi</strong></span> <span class='ocrx_word' id='word_1_360' title='bbox 854 2497 913 2516; x_wconf 89' lang='lat' dir='ltr'><strong>tna-</strong></span> 
     </span>
    </p>
   </div>
   <div class='ocr_carea' id='block_1_55' title="bbox 127 2538 911 2573">
    <p class='ocr_par' dir='ltr' id='par_1_55' title="bbox 127 2538 911 2573">
     <span class='ocr_line' id='line_1_55' title="bbox 127 2538 911 2573; baseline -0.003 -7"><span class='ocrx_word' id='word_1_361' title='bbox 127 2539 151 2566; x_wconf 60' lang='grc'><strong>11)</strong></span> <span class='ocrx_word' id='word_1_362' title='bbox 163 2547 243 2573; x_wconf 76' lang='lat' dir='ltr'><strong>agere</strong></span> <span class='ocrx_word' id='word_1_363' title='bbox 258 2546 409 2573; x_wconf 74' lang='lat' dir='ltr'><strong>cmpcraut,</strong></span> <span class='ocrx_word' id='word_1_364' title='bbox 428 2547 475 2565; x_wconf 65' lang='lat' dir='ltr'><strong>nos</strong></span> <span class='ocrx_word' id='word_1_365' title='bbox 502 2538 592 2566; x_wconf 84' lang='lat' dir='ltr'><strong>facere</strong></span> <span class='ocrx_word' id='word_1_366' title='bbox 608 2538 784 2569; x_wconf 79' lang='lat' dir='ltr'><strong>debebamus,</strong></span> <span class='ocrx_word' id='word_1_367' title='bbox 799 2542 824 2564; x_wconf 89' lang='lat' dir='ltr'><strong>ct</strong></span> <span class='ocrx_word' id='word_1_368' title='bbox 836 2545 911 2565; x_wconf 88' lang='lat' dir='ltr'><strong>com-</strong></span> 
     </span>
    </p>
   </div>
   <div class='ocr_carea' id='block_1_56' title="bbox 128 2584 910 2619">
    <p class='ocr_par' dir='ltr' id='par_1_56' title="bbox 128 2584 910 2619">
     <span class='ocr_line' id='line_1_56' title="bbox 128 2584 910 2619; baseline -0.001 -8"><span class='ocrx_word' id='word_1_369' title='bbox 128 2593 237 2612; x_wconf 89' lang='lat' dir='ltr'><strong>munem</strong></span> <span class='ocrx_word' id='word_1_370' title='bbox 255 2585 288 2612; x_wconf 85' lang='lat' dir='ltr'><strong>ad</strong></span> <span class='ocrx_word' id='word_1_371' title='bbox 302 2586 375 2619; x_wconf 83' lang='lat' dir='ltr'><strong>ipsos</strong></span> <span class='ocrx_word' id='word_1_372' title='bbox 388 2585 530 2618; x_wconf 37' lang='lat' dir='ltr'><strong>diripimus</strong></span> <span class='ocrx_word' id='word_1_373' title='bbox 559 2584 784 2614; x_wconf 74' lang='lat' dir='ltr'><strong>admonitionem,</strong></span> <span class='ocrx_word' id='word_1_374' title='bbox 813 2584 910 2618; x_wconf 84' lang='lat' dir='ltr'><strong>partim</strong></span> 
     </span>
    </p>
   </div>
   <div class='ocr_carea' id='block_1_57' title="bbox 127 2630 910 2666">
    <p class='ocr_par' dir='ltr' id='par_1_57' title="bbox 127 2630 910 2666">
     <span class='ocr_line' id='line_1_57' title="bbox 127 2630 910 2666; baseline 0.001 -9"><span class='ocrx_word' id='word_1_375' title='bbox 127 2637 266 2664; x_wconf 67' lang='lat' dir='ltr'><strong>rogantes,</strong></span> <span class='ocrx_word' id='word_1_376' title='bbox 278 2632 375 2666; x_wconf 87' lang='lat' dir='ltr'><strong>partitn</strong></span> <span class='ocrx_word' id='word_1_377' title='bbox 391 2632 525 2666; x_wconf 75' lang='lat' dir='ltr'><strong>synodum</strong></span> <span class='ocrx_word' id='word_1_378' title='bbox 552 2631 610 2665; x_wconf 69' lang='lat' dir='ltr'><strong>cogi</strong></span> <span class='ocrx_word' id='word_1_379' title='bbox 625 2630 810 2662; x_wconf 82' lang='lat' dir='ltr'><strong>consiliantcs,</strong></span> <span class='ocrx_word' id='word_1_380' title='bbox 829 2635 855 2657; x_wconf 90' lang='lat' dir='ltr'><strong>ct</strong></span> <span class='ocrx_word' id='word_1_381' title='bbox 887 2631 910 2658; x_wconf 87' lang='lat' dir='ltr'><strong>si</strong></span> 
     </span>
    </p>
   </div>
   <div class='ocr_carea' id='block_1_58' title="bbox 129 2677 912 2711">
    <p class='ocr_par' dir='ltr' id='par_1_58' title="bbox 129 2677 912 2711">
     <span class='ocr_line' id='line_1_58' title="bbox 129 2677 912 2711; baseline -0.003 -7"><span class='ocrx_word' id='word_1_382' title='bbox 129 2686 182 2704; x_wconf 85' lang='lat' dir='ltr'><strong>non</strong></span> <span class='ocrx_word' id='word_1_383' title='bbox 201 2678 334 2709; x_wconf 89' lang='lat' dir='ltr'><strong>omnium,</strong></span> <span class='ocrx_word' id='word_1_384' title='bbox 349 2677 444 2704; x_wconf 83' lang='lat' dir='ltr'><strong>saltent</strong></span> <span class='ocrx_word' id='word_1_385' title='bbox 464 2685 558 2703; x_wconf 91' lang='lat' dir='ltr'><strong>corum</strong></span> <span class='ocrx_word' id='word_1_386' title='bbox 582 2677 626 2711; x_wconf 89' lang='lat' dir='ltr'><strong>qui</strong></span> <span class='ocrx_word' id='word_1_387' title='bbox 652 2677 774 2706; x_wconf 82' lang='lat' dir='ltr'><strong>aderant,</strong></span> <span class='ocrx_word' id='word_1_388' title='bbox 809 2684 912 2711; x_wconf 69' lang='lat' dir='ltr'><strong>prtcsu-</strong></span> 
     </span>
    </p>
   </div>
   <div class='ocr_carea' id='block_1_59' title="bbox 127 2721 909 2756">
    <p class='ocr_par' dir='ltr' id='par_1_59' title="bbox 127 2721 909 2756">
     <span class='ocr_line' id='line_1_59' title="bbox 127 2721 909 2756; baseline -0.001 -7"><span class='ocrx_word' id='word_1_389' title='bbox 127 2724 196 2752; x_wconf 87' lang='lat' dir='ltr'><strong>lum,</strong></span> <span class='ocrx_word' id='word_1_390' title='bbox 212 2726 241 2748; x_wconf 92' lang='lat' dir='ltr'><strong>ut</strong></span> <span class='ocrx_word' id='word_1_391' title='bbox 259 2723 329 2749; x_wconf 84' lang='lat' dir='ltr'><strong>male</strong></span> <span class='ocrx_word' id='word_1_392' title='bbox 356 2722 504 2750; x_wconf 90' lang='lat' dir='ltr'><strong>constituta</strong></span> <span class='ocrx_word' id='word_1_393' title='bbox 531 2721 657 2756; x_wconf 82' lang='lat' dir='ltr'><strong>factaque</strong></span> <span class='ocrx_word' id='word_1_394' title='bbox 677 2722 909 2754; x_wconf 75' lang='lat' dir='ltr'><strong>exanimarentur,</strong></span> 
     </span>
    </p>
   </div>
   <div class='ocr_carea' id='block_1_60' title="bbox 127 2767 912 2803">
    <p class='ocr_par' dir='ltr' id='par_1_60' title="bbox 127 2767 912 2803">
     <span class='ocr_line' id='line_1_60' title="bbox 127 2767 912 2803; baseline -0.001 -7"><span class='ocrx_word' id='word_1_395' title='bbox 127 2768 327 2803; x_wconf 63' lang='lat' dir='ltr'><strong>sicquedivinm</strong></span> <span class='ocrx_word' id='word_1_396' title='bbox 339 2767 464 2796; x_wconf 65' lang='lat' dir='ltr'><strong>Ecclc~iaa</strong></span> <span class='ocrx_word' id='word_1_397' title='bbox 475 2772 564 2803; x_wconf 87' lang='lat' dir='ltr'><strong>partes</strong></span> <span class='ocrx_word' id='word_1_398' title='bbox 580 2768 605 2794; x_wconf 91' lang='lat' dir='ltr'><strong>in</strong></span> <span class='ocrx_word' id='word_1_399' title='bbox 621 2776 704 2795; x_wconf 86' lang='lat' dir='ltr'><strong>unum</strong></span> <span class='ocrx_word' id='word_1_400' title='bbox 715 2768 912 2796; x_wconf 87' lang='lat' dir='ltr'><strong>coalescerent.</strong></span> 
     </span>
    </p>
   </div>
   <div class='ocr_carea' id='block_1_61' title="bbox 126 2813 909 2847">
    <p class='ocr_par' dir='ltr' id='par_1_61' title="bbox 126 2813 909 2847">
     <span class='ocr_line' id='line_1_61' title="bbox 126 2813 909 2847; baseline -0.001 -6"><span class='ocrx_word' id='word_1_401' title='bbox 126 2814 292 2841; x_wconf 82' lang='lat' dir='ltr'><strong>Addidimus</strong></span> <span class='ocrx_word' id='word_1_402' title='bbox 308 2814 503 2843; x_wconf 86' lang='lat' dir='ltr'><strong>adhortationi.</strong></span> <span class='ocrx_word' id='word_1_403' title='bbox 522 2814 604 2845; x_wconf 61' lang='lat' dir='ltr'><strong>de,iis</strong></span> <span class='ocrx_word' id='word_1_404' title='bbox 623 2821 683 2847; x_wconf 69' lang='lat' dir='ltr'><strong>qua:</strong></span> <span class='ocrx_word' id='word_1_405' title='bbox 713 2813 762 2847; x_wconf 90' lang='lat' dir='ltr'><strong>ipsi</strong></span> <span class='ocrx_word' id='word_1_406' title='bbox 788 2818 909 2846; x_wconf 82' lang='lat' dir='ltr'><strong>agerent,</strong></span> 
     </span>
    </p>
   </div>
   <div class='ocr_carea' id='block_1_62' title="bbox 129 2859 909 2895">
    <p class='ocr_par' dir='ltr' id='par_1_62' title="bbox 129 2859 909 2895">
     <span class='ocr_line' id='line_1_62' title="bbox 129 2859 909 2895; baseline 0.001 -7"><span class='ocrx_word' id='word_1_407' title='bbox 129 2865 278 2888; x_wconf 69' lang='lat' dir='ltr'><strong>tractantes</strong></span> <span class='ocrx_word' id='word_1_408' title='bbox 292 2868 385 2889; x_wconf 84' lang='lat' dir='ltr'><strong>sacros</strong></span> <span class='ocrx_word' id='word_1_409' title='bbox 394 2860 554 2895; x_wconf 81' lang='lat' dir='ltr'><strong>divinosque</strong></span> <span class='ocrx_word' id='word_1_410' title='bbox 568 2868 686 2888; x_wconf 79' lang='lat' dir='ltr'><strong>canones</strong></span> <span class='ocrx_word' id='word_1_411' title='bbox 697 2880 704 2892; x_wconf 96' lang='lat'><strong>,</strong></span> <span class='ocrx_word' id='word_1_412' title='bbox 731 2859 831 2894; x_wconf 86' lang='lat' dir='ltr'><strong>quibus</strong></span> <span class='ocrx_word' id='word_1_413' title='bbox 860 2870 909 2889; x_wconf 81' lang='lat' dir='ltr'><strong>nos</strong></span> 
     </span>
    </p>
   </div>
   <div class='ocr_carea' id='block_1_63' title="bbox 953 248 1739 284">
    <p class='ocr_par' dir='ltr' id='par_1_63' title="bbox 953 248 1739 284">
     <span class='ocr_line' id='line_1_63' title="bbox 953 248 1739 284; baseline 0.001 -10"><span class='ocrx_word' id='word_1_414' title='bbox 953 256 1063 283; x_wconf 89' lang='lat' dir='ltr'><strong>quoque</strong></span> <span class='ocrx_word' id='word_1_415' title='bbox 1078 253 1272 282; x_wconf 83' lang='lat' dir='ltr'><strong>protestantes,</strong></span> <span class='ocrx_word' id='word_1_416' title='bbox 1295 249 1345 275; x_wconf 88' lang='lat' dir='ltr'><strong>nisi</strong></span> <span class='ocrx_word' id='word_1_417' title='bbox 1364 249 1503 281; x_wconf 87' lang='lat' dir='ltr'><strong>exquisito</strong></span> <span class='ocrx_word' id='word_1_418' title='bbox 1527 248 1628 282; x_wconf 89' lang='lat' dir='ltr'><strong>judicio</strong></span> <span class='ocrx_word' id='word_1_419' title='bbox 1655 257 1739 284; x_wconf 85' lang='lat' dir='ltr'><strong>perop</strong></span> 
     </span>
    </p>
   </div>
   <div class='ocr_carea' id='block_1_64' title="bbox 953 295 1745 330">
    <p class='ocr_par' dir='ltr' id='par_1_64' title="bbox 953 295 1745 330">
     <span class='ocr_line' id='line_1_64' title="bbox 953 295 1745 330; baseline 0 -8"><span class='ocrx_word' id='word_1_420' title='bbox 953 299 1126 330; x_wconf 88' lang='lat' dir='ltr'><strong>portunoque</strong></span> <span class='ocrx_word' id='word_1_421' title='bbox 1143 296 1262 322; x_wconf 83' lang='lat' dir='ltr'><strong>remedio</strong></span> <span class='ocrx_word' id='word_1_422' title='bbox 1279 295 1360 322; x_wconf 91' lang='lat' dir='ltr'><strong>rebus</strong></span> <span class='ocrx_word' id='word_1_423' title='bbox 1373 295 1512 329; x_wconf 86' lang='lat' dir='ltr'><strong>provisum</strong></span> <span class='ocrx_word' id='word_1_424' title='bbox 1535 295 1642 326; x_wconf 73' lang='lat' dir='ltr'><strong>fuisset,</strong></span> <span class='ocrx_word' id='word_1_425' title='bbox 1675 304 1745 322; x_wconf 90' lang='lat' dir='ltr'><strong>nuu-</strong></span> 
     </span>
    </p>
   </div>
   <div class='ocr_carea' id='block_1_65' title="bbox 953 341 1745 375">
    <p class='ocr_par' dir='ltr' id='par_1_65' title="bbox 953 341 1745 375">
     <span class='ocr_line' id='line_1_65' title="bbox 953 341 1745 375; baseline 0.001 -8"><span class='ocrx_word' id='word_1_426' title='bbox 953 349 1035 375; x_wconf 88' lang='lat' dir='ltr'><strong>qttam</strong></span> <span class='ocrx_word' id='word_1_427' title='bbox 1051 349 1100 368; x_wconf 89' lang='lat' dir='ltr'><strong>nos</strong></span> <span class='ocrx_word' id='word_1_428' title='bbox 1122 349 1182 368; x_wconf 91' lang='lat' dir='ltr'><strong>cum</strong></span> <span class='ocrx_word' id='word_1_429' title='bbox 1212 341 1266 368; x_wconf 90' lang='lat' dir='ltr'><strong>illis</strong></span> <span class='ocrx_word' id='word_1_430' title='bbox 1293 341 1554 372; x_wconf 78' lang='lat' dir='ltr'><strong>communicaturus,</strong></span> <span class='ocrx_word' id='word_1_431' title='bbox 1584 342 1640 372; x_wconf 81' lang='lat' dir='ltr'><strong>sed,</strong></span> <span class='ocrx_word' id='word_1_432' title='bbox 1667 342 1745 375; x_wconf 82' lang='lat' dir='ltr'><strong>juxta</strong></span> 
     </span>
    </p>
   </div>
   <div class='ocr_carea' id='block_1_66' title="bbox 953 386 1742 421">
    <p class='ocr_par' dir='ltr' id='par_1_66' title="bbox 953 386 1742 421">
     <span class='ocr_line' id='line_1_66' title="bbox 953 386 1742 421; baseline 0 -9"><span class='ocrx_word' id='word_1_433' title='bbox 953 386 1124 421; x_wconf 61' lang='lat' dir='ltr'><strong>praescriptos</strong></span> <span class='ocrx_word' id='word_1_434' title='bbox 1165 394 1283 413; x_wconf 86' lang='lat' dir='ltr'><strong>canones</strong></span> <span class='ocrx_word' id='word_1_435' title='bbox 1309 386 1492 420; x_wconf 82' lang='lat' dir='ltr'><strong>apostolorum</strong></span> <span class='ocrx_word' id='word_1_436' title='bbox 1525 389 1552 412; x_wconf 82' lang='lat' dir='ltr'><strong>ct</strong></span> <span class='ocrx_word' id='word_1_437' title='bbox 1586 392 1742 412; x_wconf 87' lang='lat' dir='ltr'><strong>sanctarum</strong></span> 
     </span>
    </p>
   </div>
   <div class='ocr_carea' id='block_1_67' title="bbox 955 431 1743 466">
    <p class='ocr_par' dir='ltr' id='par_1_67' title="bbox 955 431 1743 466">
     <span class='ocr_line' id='line_1_67' title="bbox 955 431 1743 466; baseline -0.003 -8"><span class='ocrx_word' id='word_1_438' title='bbox 955 437 1041 466; x_wconf 87' lang='lat' dir='ltr'><strong>atque</strong></span> <span class='ocrx_word' id='word_1_439' title='bbox 1058 432 1229 459; x_wconf 71' lang='lat' dir='ltr'><strong>(et-umeuica</strong></span> <span class='ocrx_word' id='word_1_440' title='bbox 1238 439 1297 458; x_wconf 92' lang='lat' dir='ltr'><strong>rum</strong></span> <span class='ocrx_word' id='word_1_441' title='bbox 1316 431 1496 466; x_wconf 83' lang='lat' dir='ltr'><strong>synodorum,</strong></span> <span class='ocrx_word' id='word_1_442' title='bbox 1519 431 1605 465; x_wconf 62' lang='lat' dir='ltr'><strong>paruis</strong></span> <span class='ocrx_word' id='word_1_443' title='bbox 1633 433 1743 458; x_wconf 85' lang='lat' dir='ltr'><strong>eosdem</strong></span> 
     </span>
    </p>
   </div>
   <div class='ocr_carea' id='block_1_68' title="bbox 954 476 1745 512">
    <p class='ocr_par' dir='ltr' id='par_1_68' title="bbox 954 476 1745 512">
     <span class='ocr_line' id='line_1_68' title="bbox 954 476 1745 512; baseline -0.003 -8"><span class='ocrx_word' id='word_1_444' title='bbox 954 478 1137 512; x_wconf 72' lang='lat' dir='ltr'><strong>Subiectnros,</strong></span> <span class='ocrx_word' id='word_1_445' title='bbox 1148 478 1312 511; x_wconf 87' lang='lat' dir='ltr'><strong>deponentes</strong></span> <span class='ocrx_word' id='word_1_446' title='bbox 1322 481 1348 503; x_wconf 85' lang='lat' dir='ltr'><strong>et</strong></span> <span class='ocrx_word' id='word_1_447' title='bbox 1357 476 1635 507; x_wconf 82' lang='lat' dir='ltr'><strong>excommunicantcs,</strong></span> <span class='ocrx_word' id='word_1_448' title='bbox 1647 484 1745 510; x_wconf 73' lang='lat' dir='ltr'><strong>qur-m—</strong></span> 
     </span>
    </p>
   </div>
   <div class='ocr_carea' id='block_1_69' title="bbox 955 521 1745 555">
    <p class='ocr_par' dir='ltr' id='par_1_69' title="bbox 955 521 1745 555">
     <span class='ocr_line' id='line_1_69' title="bbox 955 521 1745 555; baseline -0.004 -5"><span class='ocrx_word' id='word_1_449' title='bbox 955 524 1100 550; x_wconf 86' lang='lat' dir='ltr'><strong>admodum</strong></span> <span class='ocrx_word' id='word_1_450' title='bbox 1122 523 1161 550; x_wconf 93' lang='lat' dir='ltr'><strong>illi</strong></span> <span class='ocrx_word' id='word_1_451' title='bbox 1185 523 1344 549; x_wconf 89' lang='lat' dir='ltr'><strong>decernunt.</strong></span> <span class='ocrx_word' id='word_1_452' title='bbox 1361 522 1391 549; x_wconf 81' lang='lat' dir='ltr'><strong>Et.</strong></span> <span class='ocrx_word' id='word_1_453' title='bbox 1420 529 1469 549; x_wconf 87' lang='lat' dir='ltr'><strong>nos</strong></span> <span class='ocrx_word' id='word_1_454' title='bbox 1499 522 1549 548; x_wconf 83' lang='lat' dir='ltr'><strong>ista</strong></span> <span class='ocrx_word' id='word_1_455' title='bbox 1579 521 1745 555; x_wconf 84' lang='lat' dir='ltr'><strong>pertcntavi-</strong></span> 
     </span>
    </p>
   </div>
   <div class='ocr_carea' id='block_1_70' title="bbox 955 568 1743 600">
    <p class='ocr_par' dir='ltr' id='par_1_70' title="bbox 955 568 1743 600">
     <span class='ocr_line' id='line_1_70' title="bbox 955 568 1743 600; baseline -0.004 -4"><span class='ocrx_word' id='word_1_456' title='bbox 955 577 1028 596; x_wconf 83' lang='lat' dir='ltr'><strong>mus.</strong></span> <span class='ocrx_word' id='word_1_457' title='bbox 1042 569 1080 596; x_wconf 91' lang='lat' dir='ltr'><strong>Illi</strong></span> <span class='ocrx_word' id='word_1_458' title='bbox 1097 576 1172 600; x_wconf 91' lang='lat' dir='ltr'><strong>vero,</strong></span> <span class='ocrx_word' id='word_1_459' title='bbox 1187 576 1249 595; x_wconf 91' lang='lat' dir='ltr'><strong>cum</strong></span> <span class='ocrx_word' id='word_1_460' title='bbox 1266 568 1348 595; x_wconf 88' lang='lat' dir='ltr'><strong>semel</strong></span> <span class='ocrx_word' id='word_1_461' title='bbox 1365 576 1379 594; x_wconf 90' lang='lat' dir='ltr'><strong>a</strong></span> <span class='ocrx_word' id='word_1_462' title='bbox 1396 573 1470 594; x_wconf 81' lang='lat' dir='ltr'><strong>recta</strong></span> <span class='ocrx_word' id='word_1_463' title='bbox 1496 568 1537 594; x_wconf 86' lang='lat' dir='ltr'><strong>via</strong></span> <span class='ocrx_word' id='word_1_464' title='bbox 1555 568 1743 599; x_wconf 84' lang='lat' dir='ltr'><strong>abcrrassent,</strong></span> 
     </span>
    </p>
   </div>
   <div class='ocr_carea' id='block_1_71' title="bbox 956 612 1747 647">
    <p class='ocr_par' dir='ltr' id='par_1_71' title="bbox 956 612 1747 647">
     <span class='ocr_line' id='line_1_71' title="bbox 956 612 1747 647; baseline -0.003 -7"><span class='ocrx_word' id='word_1_465' title='bbox 956 615 981 640; x_wconf 89' lang='lat' dir='ltr'><strong>vi</strong></span> <span class='ocrx_word' id='word_1_466' title='bbox 994 613 1044 640; x_wconf 84' lang='lat' dir='ltr'><strong>soli</strong></span> <span class='ocrx_word' id='word_1_467' title='bbox 1058 618 1084 640; x_wconf 89' lang='lat' dir='ltr'><strong>et</strong></span> <span class='ocrx_word' id='word_1_468' title='bbox 1102 613 1227 647; x_wconf 81' lang='lat' dir='ltr'><strong>petestati</strong></span> <span class='ocrx_word' id='word_1_469' title='bbox 1241 612 1369 639; x_wconf 81' lang='lat' dir='ltr'><strong>exteriori</strong></span> <span class='ocrx_word' id='word_1_470' title='bbox 1398 612 1574 644; x_wconf 86' lang='lat' dir='ltr'><strong>confidentes,</strong></span> <span class='ocrx_word' id='word_1_471' title='bbox 1597 612 1669 647; x_wconf 70' lang='lat' dir='ltr'><strong>leges</strong></span> <span class='ocrx_word' id='word_1_472' title='bbox 1701 619 1747 638; x_wconf 89' lang='lat' dir='ltr'><strong>re—</strong></span> 
     </span>
    </p>
   </div>
   <div class='ocr_carea' id='block_1_72' title="bbox 956 657 1748 693">
    <p class='ocr_par' dir='ltr' id='par_1_72' title="bbox 956 657 1748 693">
     <span class='ocr_line' id='line_1_72' title="bbox 956 657 1748 693; baseline -0.003 -7"><span class='ocrx_word' id='word_1_473' title='bbox 956 663 1060 693; x_wconf 88' lang='lat' dir='ltr'><strong>spuunt</strong></span> <span class='ocrx_word' id='word_1_474' title='bbox 1076 664 1103 686; x_wconf 89' lang='lat' dir='ltr'><strong>et</strong></span> <span class='ocrx_word' id='word_1_475' title='bbox 1116 659 1251 692; x_wconf 84' lang='lat' dir='ltr'><strong>justitiam</strong></span> <span class='ocrx_word' id='word_1_476' title='bbox 1271 658 1327 691; x_wconf 87' lang='lat' dir='ltr'><strong>Dei,</strong></span> <span class='ocrx_word' id='word_1_477' title='bbox 1345 663 1371 685; x_wconf 91' lang='lat' dir='ltr'><strong>et</strong></span> <span class='ocrx_word' id='word_1_478' title='bbox 1387 663 1490 684; x_wconf 87' lang='lat' dir='ltr'><strong>armata</strong></span> <span class='ocrx_word' id='word_1_479' title='bbox 1508 665 1588 684; x_wconf 88' lang='lat' dir='ltr'><strong>manu</strong></span> <span class='ocrx_word' id='word_1_480' title='bbox 1617 657 1748 684; x_wconf 75' lang='lat' dir='ltr'><strong>adversus</strong></span> 
     </span>
    </p>
   </div>
   <div class='ocr_carea' id='block_1_73' title="bbox 956 703 1747 739">
    <p class='ocr_par' dir='ltr' id='par_1_73' title="bbox 956 703 1747 739">
     <span class='ocr_line' id='line_1_73' title="bbox 956 703 1747 739; baseline -0.003 -8"><span class='ocrx_word' id='word_1_481' title='bbox 956 712 1006 732; x_wconf 90' lang='lat' dir='ltr'><strong>nos</strong></span> <span class='ocrx_word' id='word_1_482' title='bbox 1039 705 1153 739; x_wconf 77' lang='lat' dir='ltr'><strong>singulis</strong></span> <span class='ocrx_word' id='word_1_483' title='bbox 1185 704 1282 731; x_wconf 87' lang='lat' dir='ltr'><strong>diebus</strong></span> <span class='ocrx_word' id='word_1_484' title='bbox 1307 705 1475 737; x_wconf 88' lang='lat' dir='ltr'><strong>irrumpunt,</strong></span> <span class='ocrx_word' id='word_1_485' title='bbox 1494 703 1586 730; x_wconf 87' lang='lat' dir='ltr'><strong>omnia</strong></span> <span class='ocrx_word' id='word_1_486' title='bbox 1608 707 1747 732; x_wconf 78' lang='lat' dir='ltr'><strong>conantes,</strong></span> 
     </span>
    </p>
   </div>
   <div class='ocr_carea' id='block_1_74' title="bbox 957 747 1746 784">
    <p class='ocr_par' dir='ltr' id='par_1_74' title="bbox 957 747 1746 784">
     <span class='ocr_line' id='line_1_74' title="bbox 957 747 1746 784; baseline -0.004 -10"><span class='ocrx_word' id='word_1_487' title='bbox 957 757 1016 784; x_wconf 71' lang='lat' dir='ltr'><strong>qum</strong></span> <span class='ocrx_word' id='word_1_488' title='bbox 1029 749 1083 776; x_wconf 90' lang='lat' dir='ltr'><strong>illis</strong></span> <span class='ocrx_word' id='word_1_489' title='bbox 1095 749 1127 776; x_wconf 88' lang='lat' dir='ltr'><strong>ad</strong></span> <span class='ocrx_word' id='word_1_490' title='bbox 1147 748 1275 783; x_wconf 73' lang='lat' dir='ltr'><strong>iniuriam</strong></span> <span class='ocrx_word' id='word_1_491' title='bbox 1286 752 1312 774; x_wconf 82' lang='lat' dir='ltr'><strong>ct</strong></span> <span class='ocrx_word' id='word_1_492' title='bbox 1322 747 1462 774; x_wconf 83' lang='lat' dir='ltr'><strong>infamiam</strong></span> <span class='ocrx_word' id='word_1_493' title='bbox 1478 754 1554 774; x_wconf 89' lang='lat' dir='ltr'><strong>mens</strong></span> <span class='ocrx_word' id='word_1_494' title='bbox 1563 747 1746 780; x_wconf 74' lang='lat' dir='ltr'><strong>suggesserit;</strong></span> 
     </span>
    </p>
   </div>
   <div class='ocr_carea' id='block_1_75' title="bbox 958 791 1749 827">
    <p class='ocr_par' dir='ltr' id='par_1_75' title="bbox 958 791 1749 827">
     <span class='ocr_line' id='line_1_75' title="bbox 958 791 1749 827; baseline -0.006 -5"><span class='ocrx_word' id='word_1_495' title='bbox 958 796 1110 822; x_wconf 86' lang='lat' dir='ltr'><strong>nescientes</strong></span> <span class='ocrx_word' id='word_1_496' title='bbox 1127 794 1230 826; x_wconf 77' lang='lat' dir='ltr'><strong>miseri,</strong></span> <span class='ocrx_word' id='word_1_497' title='bbox 1249 794 1339 827; x_wconf 80' lang='lat' dir='ltr'><strong>qualis</strong></span> <span class='ocrx_word' id='word_1_498' title='bbox 1354 797 1380 820; x_wconf 89' lang='lat' dir='ltr'><strong>et</strong></span> <span class='ocrx_word' id='word_1_499' title='bbox 1398 793 1482 827; x_wconf 86' lang='lat' dir='ltr'><strong>cujus</strong></span> <span class='ocrx_word' id='word_1_500' title='bbox 1497 793 1610 826; x_wconf 85' lang='lat' dir='ltr'><strong>spiritus</strong></span> <span class='ocrx_word' id='word_1_501' title='bbox 1638 791 1749 826; x_wconf 81' lang='lat' dir='ltr'><strong>utrique</strong></span> 
     </span>
    </p>
   </div>
   <div class='ocr_carea' id='block_1_76' title="bbox 958 837 1747 875">
    <p class='ocr_par' dir='ltr' id='par_1_76' title="bbox 958 837 1747 875">
     <span class='ocr_line' id='line_1_76' title="bbox 958 837 1747 875; baseline -0.005 -8"><span class='ocrx_word' id='word_1_502' title='bbox 958 841 1052 873; x_wconf 78' lang='lat' dir='ltr'><strong>simus,</strong></span> <span class='ocrx_word' id='word_1_503' title='bbox 1072 848 1160 875; x_wconf 86' lang='lat' dir='ltr'><strong>neque</strong></span> <span class='ocrx_word' id='word_1_504' title='bbox 1180 840 1222 866; x_wconf 76' lang='lat' dir='ltr'><strong>vix</strong></span> <span class='ocrx_word' id='word_1_505' title='bbox 1240 839 1332 866; x_wconf 78' lang='lat' dir='ltr'><strong>animo</strong></span> <span class='ocrx_word' id='word_1_506' title='bbox 1349 839 1491 866; x_wconf 84' lang='lat' dir='ltr'><strong>volventes</strong></span> <span class='ocrx_word' id='word_1_507' title='bbox 1512 838 1626 872; x_wconf 71' lang='lat' dir='ltr'><strong>iustitia:</strong></span> <span class='ocrx_word' id='word_1_508' title='bbox 1642 837 1747 868; x_wconf 83' lang='lat' dir='ltr'><strong>lances,</strong></span> 
     </span>
    </p>
   </div>
   <div class='ocr_carea' id='block_1_77' title="bbox 957 883 1748 920">
    <p class='ocr_par' dir='ltr' id='par_1_77' title="bbox 957 883 1748 920">
     <span class='ocr_line' id='line_1_77' title="bbox 957 883 1748 920; baseline -0.006 -7"><span class='ocrx_word' id='word_1_509' title='bbox 957 891 984 913; x_wconf 90' lang='lat' dir='ltr'><strong>et</strong></span> <span class='ocrx_word' id='word_1_510' title='bbox 1000 886 1065 913; x_wconf 84' lang='lat' dir='ltr'><strong>utin</strong></span> <span class='ocrx_word' id='word_1_511' title='bbox 1082 885 1197 920; x_wconf 81' lang='lat' dir='ltr'><strong>singulis</strong></span> <span class='ocrx_word' id='word_1_512' title='bbox 1213 892 1410 912; x_wconf 84' lang='lat' dir='ltr'><strong>mensuramur</strong></span> <span class='ocrx_word' id='word_1_513' title='bbox 1421 891 1511 910; x_wconf 87' lang='lat' dir='ltr'><strong>rerum</strong></span> <span class='ocrx_word' id='word_1_514' title='bbox 1534 887 1673 918; x_wconf 87' lang='lat' dir='ltr'><strong>gestarum</strong></span> <span class='ocrx_word' id='word_1_515' title='bbox 1699 883 1748 909; x_wconf 90' lang='lat' dir='ltr'><strong>ho-</strong></span> 
     </span>
    </p>
   </div>
   <div class='ocr_carea' id='block_1_78' title="bbox 959 929 1747 965">
    <p class='ocr_par' dir='ltr' id='par_1_78' title="bbox 959 929 1747 965">
     <span class='ocr_line' id='line_1_78' title="bbox 959 929 1747 965; baseline -0.008 -5"><span class='ocrx_word' id='word_1_516' title='bbox 959 933 1100 960; x_wconf 84' lang='lat' dir='ltr'><strong>stimenta.</strong></span> <span class='ocrx_word' id='word_1_517' title='bbox 1120 932 1213 959; x_wconf 85' lang='lat' dir='ltr'><strong>Visqu</strong></span> <span class='ocrx_word' id='word_1_518' title='bbox 1229 931 1319 965; x_wconf 72' lang='lat' dir='ltr'><strong>itaque</strong></span> <span class='ocrx_word' id='word_1_519' title='bbox 1333 930 1411 957; x_wconf 89' lang='lat' dir='ltr'><strong>nobis</strong></span> <span class='ocrx_word' id='word_1_520' title='bbox 1438 930 1500 961; x_wconf 84' lang='lat' dir='ltr'><strong>fuit,</strong></span> <span class='ocrx_word' id='word_1_521' title='bbox 1513 937 1557 956; x_wconf 89' lang='lat' dir='ltr'><strong>res</strong></span> <span class='ocrx_word' id='word_1_522' title='bbox 1588 929 1747 956; x_wconf 82' lang='lat' dir='ltr'><strong>eorumdem</strong></span> 
     </span>
    </p>
   </div>
   <div class='ocr_carea' id='block_1_79' title="bbox 958 974 1746 1010">
    <p class='ocr_par' dir='ltr' id='par_1_79' title="bbox 958 974 1746 1010">
     <span class='ocr_line' id='line_1_79' title="bbox 958 974 1746 1010; baseline -0.004 -6"><span class='ocrx_word' id='word_1_523' title='bbox 958 979 1116 1005; x_wconf 85' lang='lat' dir='ltr'><strong>temerarias</strong></span> <span class='ocrx_word' id='word_1_524' title='bbox 1139 982 1166 1004; x_wconf 89' lang='lat' dir='ltr'><strong>ct</strong></span> <span class='ocrx_word' id='word_1_525' title='bbox 1194 984 1336 1004; x_wconf 85' lang='lat' dir='ltr'><strong>sermones</strong></span> <span class='ocrx_word' id='word_1_526' title='bbox 1350 976 1454 1003; x_wconf 86' lang='lat' dir='ltr'><strong>clarius</strong></span> <span class='ocrx_word' id='word_1_527' title='bbox 1471 975 1655 1010; x_wconf 84' lang='lat' dir='ltr'><strong>proscribere.</strong></span> <span class='ocrx_word' id='word_1_528' title='bbox 1671 974 1746 1007; x_wconf 85' lang='lat' dir='ltr'><strong>Qua-</strong></span> 
     </span>
    </p>
   </div>
   <div class='ocr_carea' id='block_1_80' title="bbox 958 1021 1747 1057">
    <p class='ocr_par' dir='ltr' id='par_1_80' title="bbox 958 1021 1747 1057">
     <span class='ocr_line' id='line_1_80' title="bbox 958 1021 1747 1057; baseline -0.004 -7"><span class='ocrx_word' id='word_1_529' title='bbox 958 1032 997 1055; x_wconf 88' lang='lat' dir='ltr'><strong>re,</strong></span> <span class='ocrx_word' id='word_1_530' title='bbox 1012 1031 1074 1050; x_wconf 89' lang='lat' dir='ltr'><strong>cum</strong></span> <span class='ocrx_word' id='word_1_531' title='bbox 1088 1024 1292 1053; x_wconf 86' lang='lat' dir='ltr'><strong>convenissent,</strong></span> <span class='ocrx_word' id='word_1_532' title='bbox 1307 1023 1354 1057; x_wconf 88' lang='lat' dir='ltr'><strong>qui</strong></span> <span class='ocrx_word' id='word_1_533' title='bbox 1368 1023 1394 1048; x_wconf 93' lang='lat' dir='ltr'><strong>in</strong></span> <span class='ocrx_word' id='word_1_534' title='bbox 1410 1023 1460 1049; x_wconf 87' lang='lat' dir='ltr'><strong>hac</strong></span> <span class='ocrx_word' id='word_1_535' title='bbox 1488 1022 1561 1056; x_wconf 75' lang='lat' dir='ltr'><strong>regia</strong></span> <span class='ocrx_word' id='word_1_536' title='bbox 1588 1021 1657 1048; x_wconf 90' lang='lat' dir='ltr'><strong>urbe</strong></span> <span class='ocrx_word' id='word_1_537' title='bbox 1681 1022 1747 1047; x_wconf 85' lang='lat' dir='ltr'><strong>ade-</strong></span> 
     </span>
    </p>
   </div>
   <div class='ocr_carea' id='block_1_81' title="bbox 958 1066 1748 1101">
    <p class='ocr_par' dir='ltr' id='par_1_81' title="bbox 958 1066 1748 1101">
     <span class='ocr_line' id='line_1_81' title="bbox 958 1066 1748 1101; baseline -0.006 -5"><span class='ocrx_word' id='word_1_538' title='bbox 958 1075 1019 1096; x_wconf 87' lang='lat' dir='ltr'><strong>rant</strong></span> <span class='ocrx_word' id='word_1_539' title='bbox 1033 1068 1181 1098; x_wconf 83' lang='lat' dir='ltr'><strong>antistites,</strong></span> <span class='ocrx_word' id='word_1_540' title='bbox 1196 1075 1312 1094; x_wconf 90' lang='lat' dir='ltr'><strong>numcro</strong></span> <span class='ocrx_word' id='word_1_541' title='bbox 1324 1067 1430 1097; x_wconf 87' lang='lat' dir='ltr'><strong>decem,</strong></span> <span class='ocrx_word' id='word_1_542' title='bbox 1451 1070 1477 1093; x_wconf 86' lang='lat' dir='ltr'><strong>et</strong></span> <span class='ocrx_word' id='word_1_543' title='bbox 1494 1067 1538 1101; x_wconf 87' lang='lat' dir='ltr'><strong>qui</strong></span> <span class='ocrx_word' id='word_1_544' title='bbox 1558 1066 1638 1100; x_wconf 74' lang='lat' dir='ltr'><strong>longe</strong></span> <span class='ocrx_word' id='word_1_545' title='bbox 1659 1070 1748 1097; x_wconf 86' lang='lat' dir='ltr'><strong>erant,</strong></span> 
     </span>
    </p>
   </div>
   <div class='ocr_carea' id='block_1_82' title="bbox 959 1112 1748 1150">
    <p class='ocr_par' dir='ltr' id='par_1_82' title="bbox 959 1112 1748 1150">
     <span class='ocr_line' id='line_1_82' title="bbox 959 1112 1748 1150; baseline -0.005 -8"><span class='ocrx_word' id='word_1_546' title='bbox 959 1124 1006 1150; x_wconf 82' lang='lat' dir='ltr'><strong>pcr</strong></span> <span class='ocrx_word' id='word_1_547' title='bbox 1017 1117 1124 1142; x_wconf 74' lang='lat' dir='ltr'><strong>decreta</strong></span> <span class='ocrx_word' id='word_1_548' title='bbox 1141 1122 1173 1141; x_wconf 83' lang='lat' dir='ltr'><strong>ac</strong></span> <span class='ocrx_word' id='word_1_549' title='bbox 1186 1114 1299 1145; x_wconf 86' lang='lat' dir='ltr'><strong>litteras,</strong></span> <span class='ocrx_word' id='word_1_550' title='bbox 1319 1113 1412 1147; x_wconf 82' lang='lat' dir='ltr'><strong>viginti</strong></span> <span class='ocrx_word' id='word_1_551' title='bbox 1425 1117 1451 1139; x_wconf 89' lang='lat' dir='ltr'><strong>et</strong></span> <span class='ocrx_word' id='word_1_552' title='bbox 1468 1112 1610 1147; x_wconf 85' lang='lat' dir='ltr'><strong>amplius;</strong></span> <span class='ocrx_word' id='word_1_553' title='bbox 1627 1112 1748 1146; x_wconf 86' lang='lat' dir='ltr'><strong>accepis-</strong></span> 
     </span>
    </p>
   </div>
   <div class='ocr_carea' id='block_1_83' title="bbox 958 1158 1748 1195">
    <p class='ocr_par' dir='ltr' id='par_1_83' title="bbox 958 1158 1748 1195">
     <span class='ocr_line' id='line_1_83' title="bbox 958 1158 1748 1195; baseline -0.004 -7"><span class='ocrx_word' id='word_1_554' title='bbox 958 1166 1075 1195; x_wconf 85' lang='lat' dir='ltr'><strong>sentque</strong></span> <span class='ocrx_word' id='word_1_555' title='bbox 1091 1160 1270 1194; x_wconf 85' lang='lat' dir='ltr'><strong>depositionis</strong></span> <span class='ocrx_word' id='word_1_556' title='bbox 1297 1159 1458 1186; x_wconf 87' lang='lat' dir='ltr'><strong>sententiam</strong></span> <span class='ocrx_word' id='word_1_557' title='bbox 1484 1158 1674 1193; x_wconf 59' lang='lat' dir='ltr'><strong>pradictorum</strong></span> <span class='ocrx_word' id='word_1_558' title='bbox 1699 1165 1748 1191; x_wconf 85' lang='lat' dir='ltr'><strong>pa-</strong></span> 
     </span>
    </p>
   </div>
   <div class='ocr_carea' id='block_1_84' title="bbox 960 1204 1749 1239">
    <p class='ocr_par' dir='ltr' id='par_1_84' title="bbox 960 1204 1749 1239">
     <span class='ocr_line' id='line_1_84' title="bbox 960 1204 1749 1239; baseline -0.005 -5"><span class='ocrx_word' id='word_1_559' title='bbox 960 1208 1196 1239; x_wconf 76' lang='lat' dir='ltr'><strong>triarcharum,et</strong></span> <span class='ocrx_word' id='word_1_560' title='bbox 1225 1209 1289 1232; x_wconf 84' lang='lat' dir='ltr'><strong>ante</strong></span> <span class='ocrx_word' id='word_1_561' title='bbox 1318 1205 1411 1232; x_wconf 89' lang='lat' dir='ltr'><strong>omnia</strong></span> <span class='ocrx_word' id='word_1_562' title='bbox 1442 1204 1607 1238; x_wconf 82' lang='lat' dir='ltr'><strong>apostolicas</strong></span> <span class='ocrx_word' id='word_1_563' title='bbox 1619 1209 1645 1231; x_wconf 88' lang='lat' dir='ltr'><strong>et</strong></span> <span class='ocrx_word' id='word_1_564' title='bbox 1660 1208 1749 1238; x_wconf 86' lang='lat' dir='ltr'><strong>pater-</strong></span> 
     </span>
    </p>
   </div>
   <div class='ocr_carea' id='block_1_85' title="bbox 960 1250 1747 1285">
    <p class='ocr_par' dir='ltr' id='par_1_85' title="bbox 960 1250 1747 1285">
     <span class='ocr_line' id='line_1_85' title="bbox 960 1250 1747 1285; baseline -0.005 -5"><span class='ocrx_word' id='word_1_565' title='bbox 960 1261 1008 1280; x_wconf 78' lang='lat' dir='ltr'><strong>nas</strong></span> <span class='ocrx_word' id='word_1_566' title='bbox 1033 1253 1254 1283; x_wconf 75' lang='lat' dir='ltr'><strong>Constitutiones,</strong></span> <span class='ocrx_word' id='word_1_567' title='bbox 1278 1259 1375 1285; x_wconf 83' lang='lat' dir='ltr'><strong>nempe</strong></span> <span class='ocrx_word' id='word_1_568' title='bbox 1393 1250 1426 1277; x_wconf 87' lang='lat' dir='ltr'><strong>de</strong></span> <span class='ocrx_word' id='word_1_569' title='bbox 1456 1250 1629 1277; x_wconf 81' lang='lat' dir='ltr'><strong>ordinatione</strong></span> <span class='ocrx_word' id='word_1_570' title='bbox 1652 1255 1747 1276; x_wconf 86' lang='lat' dir='ltr'><strong>contra</strong></span> 
     </span>
    </p>
   </div>
   <div class='ocr_carea' id='block_1_86' title="bbox 959 1295 1749 1331">
    <p class='ocr_par' dir='ltr' id='par_1_86' title="bbox 959 1295 1749 1331">
     <span class='ocr_line' id='line_1_86' title="bbox 959 1295 1749 1331; baseline -0.005 -5"><span class='ocrx_word' id='word_1_571' title='bbox 959 1306 1080 1326; x_wconf 87' lang='lat' dir='ltr'><strong>canones</strong></span> <span class='ocrx_word' id='word_1_572' title='bbox 1107 1298 1187 1329; x_wconf 82' lang='lat' dir='ltr'><strong>facta,</strong></span> <span class='ocrx_word' id='word_1_573' title='bbox 1215 1297 1402 1331; x_wconf 84' lang='lat' dir='ltr'><strong>apostolorum</strong></span> <span class='ocrx_word' id='word_1_574' title='bbox 1429 1295 1610 1328; x_wconf 86' lang='lat' dir='ltr'><strong>tricesimum,</strong></span> <span class='ocrx_word' id='word_1_575' title='bbox 1634 1295 1749 1322; x_wconf 72' lang='lat' dir='ltr'><strong>Nicmnze</strong></span> 
     </span>
    </p>
   </div>
   <div class='ocr_carea' id='block_1_87' title="bbox 959 1341 1748 1380">
    <p class='ocr_par' dir='ltr' id='par_1_87' title="bbox 959 1341 1748 1380">
     <span class='ocr_line' id='line_1_87' title="bbox 959 1341 1748 1380; baseline -0.006 -9"><span class='ocrx_word' id='word_1_576' title='bbox 959 1345 1054 1380; x_wconf 68' lang='lat' dir='ltr'><strong>prima:</strong></span> <span class='ocrx_word' id='word_1_577' title='bbox 1072 1344 1167 1379; x_wconf 85' lang='lat' dir='ltr'><strong>synodi</strong></span> <span class='ocrx_word' id='word_1_578' title='bbox 1185 1347 1324 1377; x_wconf 85' lang='lat' dir='ltr'><strong>quartum,</strong></span> <span class='ocrx_word' id='word_1_579' title='bbox 1355 1345 1382 1368; x_wconf 88' lang='lat' dir='ltr'><strong>ct</strong></span> <span class='ocrx_word' id='word_1_580' title='bbox 1398 1341 1514 1368; x_wconf 63' lang='lat' dir='ltr'><strong>Nica‘na‘.</strong></span> <span class='ocrx_word' id='word_1_581' title='bbox 1540 1341 1667 1368; x_wconf 64' lang='lat' dir='ltr'><strong>secunda:</strong></span> <span class='ocrx_word' id='word_1_582' title='bbox 1695 1345 1748 1367; x_wconf 82' lang='lat' dir='ltr'><strong>lcr-</strong></span> 
     </span>
    </p>
   </div>
   <div class='ocr_carea' id='block_1_88' title="bbox 960 1387 1750 1423">
    <p class='ocr_par' dir='ltr' id='par_1_88' title="bbox 960 1387 1750 1423">
     <span class='ocr_line' id='line_1_88' title="bbox 960 1387 1750 1423; baseline -0.009 -5"><span class='ocrx_word' id='word_1_583' title='bbox 960 1390 1174 1423; x_wconf 75' lang='lat' dir='ltr'><strong>tium;dei|lis.</strong></span> <span class='ocrx_word' id='word_1_584' title='bbox 1195 1389 1252 1423; x_wconf 90' lang='lat' dir='ltr'><strong>qui,</strong></span> <span class='ocrx_word' id='word_1_585' title='bbox 1280 1389 1314 1415; x_wconf 89' lang='lat' dir='ltr'><strong>ab</strong></span> <span class='ocrx_word' id='word_1_586' title='bbox 1345 1387 1468 1414; x_wconf 84' lang='lat' dir='ltr'><strong>Ecclesia</strong></span> <span class='ocrx_word' id='word_1_587' title='bbox 1495 1387 1622 1420; x_wconf 76' lang='lat' dir='ltr'><strong>depositi,</strong></span> <span class='ocrx_word' id='word_1_588' title='bbox 1652 1394 1750 1412; x_wconf 84' lang='lat' dir='ltr'><strong>rursus</strong></span> 
     </span>
    </p>
   </div>
   <div class='ocr_carea' id='block_1_89' title="bbox 960 1430 1751 1464">
    <p class='ocr_par' dir='ltr' id='par_1_89' title="bbox 960 1430 1751 1464">
     <span class='ocr_line' id='line_1_89' title="bbox 960 1430 1751 1464; baseline -0.013 -1"><span class='ocrx_word' id='word_1_589' title='bbox 960 1436 1093 1464; x_wconf 89' lang='lat' dir='ltr'><strong>audacter</strong></span> <span class='ocrx_word' id='word_1_590' title='bbox 1109 1432 1363 1461; x_wconf 81' lang='lat' dir='ltr'><strong>administrandum</strong></span> <span class='ocrx_word' id='word_1_591' title='bbox 1380 1438 1477 1458; x_wconf 88' lang='lat' dir='ltr'><strong>manus</strong></span> <span class='ocrx_word' id='word_1_592' title='bbox 1490 1430 1641 1464; x_wconf 87' lang='lat' dir='ltr'><strong>intponunt,</strong></span> <span class='ocrx_word' id='word_1_593' title='bbox 1656 1430 1751 1455; x_wconf 78' lang='lat' dir='ltr'><strong>Antio-</strong></span> 
     </span>
    </p>
   </div>
   <div class='ocr_carea' id='block_1_90' title="bbox 960 1477 1748 1516">
    <p class='ocr_par' dir='ltr' id='par_1_90' title="bbox 960 1477 1748 1516">
     <span class='ocr_line' id='line_1_90' title="bbox 960 1477 1748 1516; baseline -0.014 -6"><span class='ocrx_word' id='word_1_594' title='bbox 960 1483 1054 1510; x_wconf 72' lang='lat' dir='ltr'><strong>chenaa</strong></span> <span class='ocrx_word' id='word_1_595' title='bbox 1066 1486 1192 1516; x_wconf 83' lang='lat' dir='ltr'><strong>quartum</strong></span> <span class='ocrx_word' id='word_1_596' title='bbox 1206 1484 1232 1505; x_wconf 80' lang='lat' dir='ltr'><strong>ct</strong></span> <span class='ocrx_word' id='word_1_597' title='bbox 1247 1482 1364 1509; x_wconf 80' lang='lat' dir='ltr'><strong>sextum,</strong></span> <span class='ocrx_word' id='word_1_598' title='bbox 1384 1481 1545 1504; x_wconf 85' lang='lat' dir='ltr'><strong>sanctorum</strong></span> <span class='ocrx_word' id='word_1_599' title='bbox 1563 1477 1748 1509; x_wconf 82' lang='lat' dir='ltr'><strong>apostolorum</strong></span> 
     </span>
    </p>
   </div>
   <div class='ocr_carea' id='block_1_91' title="bbox 961 1521 1750 1556">
    <p class='ocr_par' dir='ltr' id='par_1_91' title="bbox 961 1521 1750 1556">
     <span class='ocr_line' id='line_1_91' title="bbox 961 1521 1750 1556; baseline -0.01 -1"><span class='ocrx_word' id='word_1_600' title='bbox 961 1529 1122 1556; x_wconf 70' lang='lat' dir='ltr'><strong>VlCtESlllllllll</strong></span> <span class='ocrx_word' id='word_1_601' title='bbox 1137 1531 1262 1554; x_wconf 85' lang='lat' dir='ltr'><strong>octavum</strong></span> <span class='ocrx_word' id='word_1_602' title='bbox 1274 1529 1301 1551; x_wconf 86' lang='lat' dir='ltr'><strong>et</strong></span> <span class='ocrx_word' id='word_1_603' title='bbox 1312 1523 1447 1552; x_wconf 89' lang='lat' dir='ltr'><strong>decimum</strong></span> <span class='ocrx_word' id='word_1_604' title='bbox 1467 1522 1519 1549; x_wconf 86' lang='lat' dir='ltr'><strong>:de</strong></span> <span class='ocrx_word' id='word_1_605' title='bbox 1534 1530 1586 1548; x_wconf 91' lang='lat' dir='ltr'><strong>non</strong></span> <span class='ocrx_word' id='word_1_606' title='bbox 1598 1521 1750 1548; x_wconf 71' lang='lat' dir='ltr'><strong>alicr.an:lis</strong></span> 
     </span>
    </p>
   </div>
   <div class='ocr_carea' id='block_1_92' title="bbox 962 1568 1748 1611">
    <p class='ocr_par' dir='ltr' id='par_1_92' title="bbox 962 1568 1748 1611">
     <span class='ocr_line' id='line_1_92' title="bbox 962 1568 1748 1611; baseline -0.013 -9"><span class='ocrx_word' id='word_1_607' title='bbox 962 1575 1080 1611; x_wconf 88' lang='lat' dir='ltr'><strong>propriis</strong></span> <span class='ocrx_word' id='word_1_608' title='bbox 1095 1573 1185 1600; x_wconf 87' lang='lat' dir='ltr'><strong>liliisa</strong></span> <span class='ocrx_word' id='word_1_609' title='bbox 1209 1572 1343 1606; x_wconf 86' lang='lat' dir='ltr'><strong>patribus,</strong></span> <span class='ocrx_word' id='word_1_610' title='bbox 1373 1574 1484 1605; x_wconf 87' lang='lat' dir='ltr'><strong>propter</strong></span> <span class='ocrx_word' id='word_1_611' title='bbox 1511 1568 1748 1599; x_wconf 79' lang='lat' dir='ltr'><strong>exercitationem,</strong></span> 
     </span>
    </p>
   </div>
   <div class='ocr_carea' id='block_1_93' title="bbox 961 1612 1749 1654">
    <p class='ocr_par' dir='ltr' id='par_1_93' title="bbox 961 1612 1749 1654">
     <span class='ocr_line' id='line_1_93' title="bbox 961 1612 1749 1654; baseline -0.014 -6"><span class='ocrx_word' id='word_1_612' title='bbox 961 1619 1127 1654; x_wconf 72' lang='lat' dir='ltr'><strong>Gangrcnsis</strong></span> <span class='ocrx_word' id='word_1_613' title='bbox 1143 1617 1277 1645; x_wconf 83' lang='lat' dir='ltr'><strong>decimum</strong></span> <span class='ocrx_word' id='word_1_614' title='bbox 1303 1615 1447 1650; x_wconf 88' lang='lat' dir='ltr'><strong>quintum;</strong></span> <span class='ocrx_word' id='word_1_615' title='bbox 1471 1614 1503 1640; x_wconf 81' lang='lat' dir='ltr'><strong>dc</strong></span> <span class='ocrx_word' id='word_1_616' title='bbox 1528 1620 1596 1640; x_wconf 71' lang='lat' dir='ltr'><strong>nova</strong></span> <span class='ocrx_word' id='word_1_617' title='bbox 1622 1612 1749 1645; x_wconf 75' lang='lat' dir='ltr'><strong>dogmata</strong></span> 
     </span>
    </p>
   </div>
   <div class='ocr_carea' id='block_1_94' title="bbox 961 1657 1749 1696">
    <p class='ocr_par' dir='ltr' id='par_1_94' title="bbox 961 1657 1749 1696">
     <span class='ocr_line' id='line_1_94' title="bbox 961 1657 1749 1696; baseline -0.015 -3"><span class='ocrx_word' id='word_1_618' title='bbox 961 1665 1149 1696; x_wconf 85' lang='lat' dir='ltr'><strong>inferentibus,</strong></span> <span class='ocrx_word' id='word_1_619' title='bbox 1165 1670 1214 1690; x_wconf 87' lang='lat' dir='ltr'><strong>nec</strong></span> <span class='ocrx_word' id='word_1_620' title='bbox 1230 1670 1283 1689; x_wconf 92' lang='lat' dir='ltr'><strong>non</strong></span> <span class='ocrx_word' id='word_1_621' title='bbox 1297 1668 1378 1688; x_wconf 83' lang='lat' dir='ltr'><strong>sacra</strong></span> <span class='ocrx_word' id='word_1_622' title='bbox 1395 1667 1460 1687; x_wconf 89' lang='lat' dir='ltr'><strong>vasa</strong></span> <span class='ocrx_word' id='word_1_623' title='bbox 1471 1659 1578 1693; x_wconf 86' lang='lat' dir='ltr'><strong>aliaque</strong></span> <span class='ocrx_word' id='word_1_624' title='bbox 1595 1657 1648 1684; x_wconf 83' lang='lat' dir='ltr'><strong>Deo</strong></span> <span class='ocrx_word' id='word_1_625' title='bbox 1660 1658 1749 1683; x_wconf 82' lang='lat' dir='ltr'><strong>dicata</strong></span> 
     </span>
    </p>
   </div>
   <div class='ocr_carea' id='block_1_95' title="bbox 961 1703 1748 1747">
    <p class='ocr_par' dir='ltr' id='par_1_95' title="bbox 961 1703 1748 1747">
     <span class='ocr_line' id='line_1_95' title="bbox 961 1703 1748 1747; baseline -0.011 -9"><span class='ocrx_word' id='word_1_626' title='bbox 961 1709 1180 1747; x_wconf 86' lang='lat' dir='ltr'><strong>profanantihus,</strong></span> <span class='ocrx_word' id='word_1_627' title='bbox 1199 1708 1313 1736; x_wconf 61' lang='lat' dir='ltr'><strong>Nicwna</strong></span> <span class='ocrx_word' id='word_1_628' title='bbox 1343 1707 1469 1734; x_wconf 68' lang='lat' dir='ltr'><strong>secundae</strong></span> <span class='ocrx_word' id='word_1_629' title='bbox 1481 1711 1632 1733; x_wconf 78' lang='lat' dir='ltr'><strong>extremum</strong></span> <span class='ocrx_word' id='word_1_630' title='bbox 1654 1703 1748 1730; x_wconf 77' lang='lat' dir='ltr'><strong>decre-</strong></span> 
     </span>
    </p>
   </div>
   <div class='ocr_carea' id='block_1_96' title="bbox 962 1752 1751 1790">
    <p class='ocr_par' dir='ltr' id='par_1_96' title="bbox 962 1752 1751 1790">
     <span class='ocr_line' id='line_1_96' title="bbox 962 1752 1751 1790; baseline -0.011 -5"><span class='ocrx_word' id='word_1_631' title='bbox 962 1763 1018 1785; x_wconf 87' lang='lat' dir='ltr'><strong>tum</strong></span> <span class='ocrx_word' id='word_1_632' title='bbox 1032 1758 1082 1790; x_wconf 89' lang='lat' dir='ltr'><strong>;a.|</strong></span> <span class='ocrx_word' id='word_1_633' title='bbox 1107 1757 1172 1785; x_wconf 68' lang='lat' dir='ltr'><strong>hinc.</strong></span> <span class='ocrx_word' id='word_1_634' title='bbox 1182 1763 1251 1790; x_wconf 82' lang='lat' dir='ltr'><strong>quas</strong></span> <span class='ocrx_word' id='word_1_635' title='bbox 1260 1754 1342 1782; x_wconf 87' lang='lat' dir='ltr'><strong>divini</strong></span> <span class='ocrx_word' id='word_1_636' title='bbox 1374 1754 1470 1780; x_wconf 83' lang='lat' dir='ltr'><strong>Patres</strong></span> <span class='ocrx_word' id='word_1_637' title='bbox 1496 1759 1590 1786; x_wconf 61' lang='lat' dir='ltr'><strong>poenas</strong></span> <span class='ocrx_word' id='word_1_638' title='bbox 1606 1752 1751 1785; x_wconf 79' lang='lat' dir='ltr'><strong>imponunt</strong></span> 
     </span>
    </p>
   </div>
   <div class='ocr_carea' id='block_1_97' title="bbox 963 1797 1750 1838">
    <p class='ocr_par' dir='ltr' id='par_1_97' title="bbox 963 1797 1750 1838">
     <span class='ocr_line' id='line_1_97' title="bbox 963 1797 1750 1838; baseline -0.01 -9"><span class='ocrx_word' id='word_1_639' title='bbox 963 1804 995 1830; x_wconf 88' lang='lat' dir='ltr'><strong>iis</strong></span> <span class='ocrx_word' id='word_1_640' title='bbox 1012 1802 1057 1838; x_wconf 85' lang='lat' dir='ltr'><strong>qui</strong></span> <span class='ocrx_word' id='word_1_641' title='bbox 1072 1802 1228 1836; x_wconf 61' lang='lat' dir='ltr'><strong>prtcsctipta</strong></span> <span class='ocrx_word' id='word_1_642' title='bbox 1238 1800 1342 1834; x_wconf 73' lang='lat' dir='ltr'><strong>jejunio</strong></span> <span class='ocrx_word' id='word_1_643' title='bbox 1359 1799 1441 1833; x_wconf 86' lang='lat' dir='ltr'><strong>impie</strong></span> <span class='ocrx_word' id='word_1_644' title='bbox 1458 1799 1571 1829; x_wconf 83' lang='lat' dir='ltr'><strong>violant,</strong></span> <span class='ocrx_word' id='word_1_645' title='bbox 1595 1797 1636 1824; x_wconf 83' lang='lat' dir='ltr'><strong>his</strong></span> <span class='ocrx_word' id='word_1_646' title='bbox 1661 1797 1750 1823; x_wconf 84' lang='lat' dir='ltr'><strong>sacris</strong></span> 
     </span>
    </p>
   </div>
   <div class='ocr_carea' id='block_1_98' title="bbox 963 1844 1750 1879">
    <p class='ocr_par' dir='ltr' id='par_1_98' title="bbox 963 1844 1750 1879">
     <span class='ocr_line' id='line_1_98' title="bbox 963 1844 1750 1879; baseline -0.011 -3"><span class='ocrx_word' id='word_1_647' title='bbox 963 1848 1323 1879; x_wconf 85' lang='lat' dir='ltr'><strong>decretis,velutarmatura</strong></span> <span class='ocrx_word' id='word_1_648' title='bbox 1351 1845 1448 1874; x_wconf 87' lang='lat' dir='ltr'><strong>valida.</strong></span> <span class='ocrx_word' id='word_1_649' title='bbox 1481 1844 1552 1873; x_wconf 88' lang='lat' dir='ltr'><strong>fulti.</strong></span> <span class='ocrx_word' id='word_1_650' title='bbox 1566 1844 1601 1869; x_wconf 92' lang='lat' dir='ltr'><strong>ita</strong></span> <span class='ocrx_word' id='word_1_651' title='bbox 1628 1849 1750 1877; x_wconf 86' lang='lat' dir='ltr'><strong>pronun-</strong></span> 
     </span>
    </p>
   </div>
   <div class='ocr_carea' id='block_1_99' title="bbox 964 1888 1750 1926">
    <p class='ocr_par' dir='ltr' id='par_1_99' title="bbox 964 1888 1750 1926">
     <span class='ocr_line' id='line_1_99' title="bbox 964 1888 1750 1926; baseline -0.01 -4"><span class='ocrx_word' id='word_1_652' title='bbox 964 1897 1064 1922; x_wconf 87' lang='lat' dir='ltr'><strong>tiatnus</strong></span> <span class='ocrx_word' id='word_1_653' title='bbox 1080 1901 1143 1920; x_wconf 89' lang='lat' dir='ltr'><strong>cum</strong></span> <span class='ocrx_word' id='word_1_654' title='bbox 1156 1898 1251 1920; x_wconf 83' lang='lat' dir='ltr'><strong>sancto</strong></span> <span class='ocrx_word' id='word_1_655' title='bbox 1264 1891 1378 1926; x_wconf 89' lang='lat' dir='ltr'><strong>Spiritu,</strong></span> <span class='ocrx_word' id='word_1_656' title='bbox 1394 1897 1420 1918; x_wconf 87' lang='lat' dir='ltr'><strong>et</strong></span> <span class='ocrx_word' id='word_1_657' title='bbox 1436 1891 1469 1917; x_wconf 86' lang='lat' dir='ltr'><strong>ab</strong></span> <span class='ocrx_word' id='word_1_658' title='bbox 1483 1898 1515 1916; x_wconf 91' lang='lat' dir='ltr'><strong>eo</strong></span> <span class='ocrx_word' id='word_1_659' title='bbox 1527 1889 1634 1916; x_wconf 77' lang='lat' dir='ltr'><strong>cdortis</strong></span> <span class='ocrx_word' id='word_1_660' title='bbox 1661 1888 1750 1916; x_wconf 77' lang='lat' dir='ltr'><strong>sacris</strong></span> 
     </span>
    </p>
   </div>
   <div class='ocr_carea' id='block_1_100' title="bbox 961 1935 1749 1975">
    <p class='ocr_par' dir='ltr' id='par_1_100' title="bbox 961 1935 1749 1975">
     <span class='ocr_line' id='line_1_100' title="bbox 961 1935 1749 1975; baseline -0.01 -8"><span class='ocrx_word' id='word_1_661' title='bbox 961 1941 1091 1975; x_wconf 88' lang='lat' dir='ltr'><strong>apostolis</strong></span> <span class='ocrx_word' id='word_1_662' title='bbox 1109 1939 1249 1973; x_wconf 78' lang='lat' dir='ltr'><strong>sacrisque</strong></span> <span class='ocrx_word' id='word_1_663' title='bbox 1267 1937 1389 1971; x_wconf 74' lang='lat' dir='ltr'><strong>synodiS,</strong></span> <span class='ocrx_word' id='word_1_664' title='bbox 1407 1935 1552 1965; x_wconf 85' lang='lat' dir='ltr'><strong>lsidorum,</strong></span> <span class='ocrx_word' id='word_1_665' title='bbox 1580 1941 1749 1969; x_wconf 76' lang='lat' dir='ltr'><strong>cognmneu-</strong></span> 
     </span>
    </p>
   </div>
   <div class='ocr_carea' id='block_1_101' title="bbox 963 1980 1748 2018">
    <p class='ocr_par' dir='ltr' id='par_1_101' title="bbox 963 1980 1748 2018">
     <span class='ocr_line' id='line_1_101' title="bbox 963 1980 1748 2018; baseline -0.011 -5"><span class='ocrx_word' id='word_1_666' title='bbox 963 1985 1158 2017; x_wconf 83' lang='lat' dir='ltr'><strong>loBuchiram,</strong></span> <span class='ocrx_word' id='word_1_667' title='bbox 1174 1984 1221 2018; x_wconf 88' lang='lat' dir='ltr'><strong>qui</strong></span> <span class='ocrx_word' id='word_1_668' title='bbox 1247 1983 1357 2017; x_wconf 75' lang='lat' dir='ltr'><strong>indigne</strong></span> <span class='ocrx_word' id='word_1_669' title='bbox 1388 1982 1420 2009; x_wconf 87' lang='lat' dir='ltr'><strong>ad</strong></span> <span class='ocrx_word' id='word_1_670' title='bbox 1449 1981 1630 2016; x_wconf 81' lang='lat' dir='ltr'><strong>patriarebale</strong></span> <span class='ocrx_word' id='word_1_671' title='bbox 1650 1980 1748 2006; x_wconf 73' lang='lat' dir='ltr'><strong>solium</strong></span> 
     </span>
    </p>
   </div>
   <div class='ocr_carea' id='block_1_102' title="bbox 963 2028 1751 2065">
    <p class='ocr_par' dir='ltr' id='par_1_102' title="bbox 963 2028 1751 2065">
     <span class='ocr_line' id='line_1_102' title="bbox 963 2028 1751 2065; baseline -0.01 -5"><span class='ocrx_word' id='word_1_672' title='bbox 963 2033 1094 2065; x_wconf 85' lang='lat' dir='ltr'><strong>ascendit,</strong></span> <span class='ocrx_word' id='word_1_673' title='bbox 1112 2038 1199 2065; x_wconf 85' lang='lat' dir='ltr'><strong>neque</strong></span> <span class='ocrx_word' id='word_1_674' title='bbox 1215 2029 1422 2064; x_wconf 82' lang='lat' dir='ltr'><strong>dcpositionem,</strong></span> <span class='ocrx_word' id='word_1_675' title='bbox 1445 2028 1580 2054; x_wconf 77' lang='lat' dir='ltr'><strong>adversus</strong></span> <span class='ocrx_word' id='word_1_676' title='bbox 1608 2034 1637 2053; x_wconf 85' lang='lat' dir='ltr'><strong>se</strong></span> <span class='ocrx_word' id='word_1_677' title='bbox 1664 2034 1678 2052; x_wconf 87' lang='lat' dir='ltr'><strong>a</strong></span> <span class='ocrx_word' id='word_1_678' title='bbox 1707 2033 1751 2060; x_wconf 72' lang='lat' dir='ltr'><strong>sy~</strong></span> 
     </span>
    </p>
   </div>
   <div class='ocr_carea' id='block_1_103' title="bbox 963 2067 1749 2112">
    <p class='ocr_par' dir='ltr' id='par_1_103' title="bbox 963 2067 1749 2112">
     <span class='ocr_line' id='line_1_103' title="bbox 963 2067 1749 2112; baseline -0.01 -7"><span class='ocrx_word' id='word_1_679' title='bbox 963 2078 1045 2108; x_wconf 89' lang='lat' dir='ltr'><strong>nodo,</strong></span> <span class='ocrx_word' id='word_1_680' title='bbox 1063 2076 1138 2112; x_wconf 89' lang='lat' dir='ltr'><strong>quod</strong></span> <span class='ocrx_word' id='word_1_681' title='bbox 1156 2076 1236 2110; x_wconf 88' lang='lat' dir='ltr'><strong>impia</strong></span> <span class='ocrx_word' id='word_1_682' title='bbox 1249 2067 1535 2108; x_wconf 34' lang='lat' dir='ltr'><strong>sentiretfprolatam,</strong></span> <span class='ocrx_word' id='word_1_683' title='bbox 1551 2071 1683 2098; x_wconf 73' lang='lat' dir='ltr'><strong>reveritus</strong></span> <span class='ocrx_word' id='word_1_684' title='bbox 1696 2075 1749 2100; x_wconf 58' lang='lat' dir='ltr'><strong>est.</strong></span> 
     </span>
    </p>
   </div>
   <div class='ocr_carea' id='block_1_104' title="bbox 964 2114 1746 2160">
    <p class='ocr_par' dir='ltr' id='par_1_104' title="bbox 964 2114 1746 2160">
     <span class='ocr_line' id='line_1_104' title="bbox 964 2114 1746 2160; baseline -0.013 -9"><span class='ocrx_word' id='word_1_685' title='bbox 964 2133 1050 2160; x_wconf 83' lang='lat' dir='ltr'><strong>ncque</strong></span> <span class='ocrx_word' id='word_1_686' title='bbox 1065 2123 1193 2155; x_wconf 85' lang='lat' dir='ltr'><strong>crimina,</strong></span> <span class='ocrx_word' id='word_1_687' title='bbox 1213 2122 1313 2157; x_wconf 88' lang='lat' dir='ltr'><strong>quibus</strong></span> <span class='ocrx_word' id='word_1_688' title='bbox 1327 2128 1388 2148; x_wconf 82' lang='lat' dir='ltr'><strong>sese</strong></span> <span class='ocrx_word' id='word_1_689' title='bbox 1418 2121 1599 2150; x_wconf 87' lang='lat' dir='ltr'><strong>immerserat,</strong></span> <span class='ocrx_word' id='word_1_690' title='bbox 1625 2114 1746 2144; x_wconf 69' lang='grc'><strong>1361151111·-</strong></span> 
     </span>
    </p>
   </div>
   <div class='ocr_carea' id='block_1_105' title="bbox 963 2164 1748 2203">
    <p class='ocr_par' dir='ltr' id='par_1_105' title="bbox 963 2164 1748 2203">
     <span class='ocr_line' id='line_1_105' title="bbox 963 2164 1748 2203; baseline -0.011 -5"><span class='ocrx_word' id='word_1_691' title='bbox 963 2172 1043 2203; x_wconf 89' lang='lat' dir='ltr'><strong>ravit,</strong></span> <span class='ocrx_word' id='word_1_692' title='bbox 1060 2171 1106 2198; x_wconf 90' lang='lat' dir='ltr'><strong>sed</strong></span> <span class='ocrx_word' id='word_1_693' title='bbox 1116 2169 1241 2198; x_wconf 84' lang='lat' dir='ltr'><strong>sa-culari</strong></span> <span class='ocrx_word' id='word_1_694' title='bbox 1255 2167 1375 2202; x_wconf 85' lang='lat' dir='ltr'><strong>potentia</strong></span> <span class='ocrx_word' id='word_1_695' title='bbox 1393 2170 1514 2192; x_wconf 84' lang='lat' dir='ltr'><strong>armatus</strong></span> <span class='ocrx_word' id='word_1_696' title='bbox 1534 2164 1748 2199; x_wconf 86' lang='lat' dir='ltr'><strong>patriarcbatum</strong></span> 
     </span>
    </p>
   </div>
   <div class='ocr_carea' id='block_1_106' title="bbox 964 2210 1750 2252">
    <p class='ocr_par' dir='ltr' id='par_1_106' title="bbox 964 2210 1750 2252">
     <span class='ocr_line' id='line_1_106' title="bbox 964 2210 1750 2252; baseline -0.013 -7"><span class='ocrx_word' id='word_1_697' title='bbox 964 2218 1116 2252; x_wconf 85' lang='lat' dir='ltr'><strong>occupavit,</strong></span> <span class='ocrx_word' id='word_1_698' title='bbox 1135 2220 1161 2243; x_wconf 87' lang='lat' dir='ltr'><strong>et</strong></span> <span class='ocrx_word' id='word_1_699' title='bbox 1187 2219 1281 2249; x_wconf 86' lang='lat' dir='ltr'><strong>postea</strong></span> <span class='ocrx_word' id='word_1_700' title='bbox 1306 2211 1524 2247; x_wconf 75' lang='lat' dir='ltr'><strong>depositionibus</strong></span> <span class='ocrx_word' id='word_1_701' title='bbox 1553 2215 1580 2238; x_wconf 87' lang='lat' dir='ltr'><strong>et</strong></span> <span class='ocrx_word' id='word_1_702' title='bbox 1611 2210 1699 2244; x_wconf 78' lang='lat' dir='ltr'><strong>pcenis</strong></span> <span class='ocrx_word' id='word_1_703' title='bbox 1722 2213 1750 2236; x_wconf 86' lang='lat' dir='ltr'><strong>et</strong></span> 
     </span>
    </p>
   </div>
   <div class='ocr_carea' id='block_1_107' title="bbox 964 2257 1749 2299">
    <p class='ocr_par' dir='ltr' id='par_1_107' title="bbox 964 2257 1749 2299">
     <span class='ocr_line' id='line_1_107' title="bbox 964 2257 1749 2299; baseline -0.011 -8"><span class='ocrx_word' id='word_1_704' title='bbox 964 2262 1202 2299; x_wconf 83' lang='lat' dir='ltr'><strong>pcrsecutionibus</strong></span> <span class='ocrx_word' id='word_1_705' title='bbox 1215 2259 1435 2288; x_wconf 85' lang='lat' dir='ltr'><strong>communionem</strong></span> <span class='ocrx_word' id='word_1_706' title='bbox 1448 2257 1634 2288; x_wconf 83' lang='lat' dir='ltr'><strong>sacerdotum,</strong></span> <span class='ocrx_word' id='word_1_707' title='bbox 1652 2263 1749 2282; x_wconf 82' lang='lat' dir='ltr'><strong>mona-</strong></span> 
     </span>
    </p>
   </div>
   <div class='ocr_carea' id='block_1_108' title="bbox 963 2305 1750 2342">
    <p class='ocr_par' dir='ltr' id='par_1_108' title="bbox 963 2305 1750 2342">
     <span class='ocr_line' id='line_1_108' title="bbox 963 2305 1750 2342; baseline -0.013 -4"><span class='ocrx_word' id='word_1_708' title='bbox 963 2311 1090 2342; x_wconf 79' lang='lat' dir='ltr'><strong>chm&#39;um,</strong></span> <span class='ocrx_word' id='word_1_709' title='bbox 1105 2316 1154 2336; x_wconf 90' lang='lat' dir='ltr'><strong>nec</strong></span> <span class='ocrx_word' id='word_1_710' title='bbox 1169 2315 1223 2335; x_wconf 89' lang='lat' dir='ltr'><strong>non</strong></span> <span class='ocrx_word' id='word_1_711' title='bbox 1242 2306 1407 2338; x_wconf 87' lang='lat' dir='ltr'><strong>antistitum,</strong></span> <span class='ocrx_word' id='word_1_712' title='bbox 1423 2313 1468 2340; x_wconf 86' lang='lat' dir='ltr'><strong>per</strong></span> <span class='ocrx_word' id='word_1_713' title='bbox 1485 2305 1539 2330; x_wconf 88' lang='lat' dir='ltr'><strong>vim</strong></span> <span class='ocrx_word' id='word_1_714' title='bbox 1557 2307 1750 2338; x_wconf 79' lang='lat' dir='ltr'><strong>procurantem</strong></span> 
     </span>
    </p>
   </div>
   <div class='ocr_carea' id='block_1_109' title="bbox 962 2348 1752 2391">
    <p class='ocr_par' dir='ltr' id='par_1_109' title="bbox 962 2348 1752 2391">
     <span class='ocr_line' id='line_1_109' title="bbox 962 2348 1752 2391; baseline -0.011 -8"><span class='ocrx_word' id='word_1_715' title='bbox 962 2361 989 2384; x_wconf 86' lang='lat' dir='ltr'><strong>et</strong></span> <span class='ocrx_word' id='word_1_716' title='bbox 1001 2355 1198 2391; x_wconf 83' lang='lat' dir='ltr'><strong>dcpositioncs,</strong></span> <span class='ocrx_word' id='word_1_717' title='bbox 1221 2354 1269 2380; x_wconf 84' lang='lat' dir='ltr'><strong>has</strong></span> <span class='ocrx_word' id='word_1_718' title='bbox 1283 2352 1392 2386; x_wconf 87' lang='lat' dir='ltr'><strong>quidem</strong></span> <span class='ocrx_word' id='word_1_719' title='bbox 1407 2351 1466 2378; x_wconf 80' lang='lat' dir='ltr'><strong>sine</strong></span> <span class='ocrx_word' id='word_1_720' title='bbox 1478 2349 1584 2384; x_wconf 79' lang='lat' dir='ltr'><strong>judicio</strong></span> <span class='ocrx_word' id='word_1_721' title='bbox 1602 2353 1629 2376; x_wconf 88' lang='lat' dir='ltr'><strong>et</strong></span> <span class='ocrx_word' id='word_1_722' title='bbox 1651 2348 1752 2384; x_wconf 79' lang='lat' dir='ltr'><strong>proba-</strong></span> 
     </span>
    </p>
   </div>
   <div class='ocr_carea' id='block_1_110' title="bbox 964 2396 1750 2432">
    <p class='ocr_par' dir='ltr' id='par_1_110' title="bbox 964 2396 1750 2432">
     <span class='ocr_line' id='line_1_110' title="bbox 964 2396 1750 2432; baseline -0.008 -4"><span class='ocrx_word' id='word_1_723' title='bbox 964 2402 1037 2428; x_wconf 82' lang='lat' dir='ltr'><strong>tione</strong></span> <span class='ocrx_word' id='word_1_724' title='bbox 1053 2401 1235 2432; x_wconf 78' lang='lat' dir='ltr'><strong>intimantom,</strong></span> <span class='ocrx_word' id='word_1_725' title='bbox 1264 2399 1312 2426; x_wconf 87' lang='lat' dir='ltr'><strong>has</strong></span> <span class='ocrx_word' id='word_1_726' title='bbox 1342 2405 1405 2424; x_wconf 84' lang='lat' dir='ltr'><strong>vero</strong></span> <span class='ocrx_word' id='word_1_727' title='bbox 1428 2397 1651 2428; x_wconf 86' lang='lat' dir='ltr'><strong>machinantem;</strong></span> <span class='ocrx_word' id='word_1_728' title='bbox 1675 2396 1750 2423; x_wconf 87' lang='lat' dir='ltr'><strong>hunc</strong></span> 
     </span>
    </p>
   </div>
   <div class='ocr_carea' id='block_1_111' title="bbox 963 2442 1749 2476">
    <p class='ocr_par' dir='ltr' id='par_1_111' title="bbox 963 2442 1749 2476">
     <span class='ocr_line' id='line_1_111' title="bbox 963 2442 1749 2476; baseline -0.006 -3"><span class='ocrx_word' id='word_1_729' title='bbox 963 2447 1128 2474; x_wconf 77' lang='lat' dir='ltr'><strong>Christianis</strong></span> <span class='ocrx_word' id='word_1_730' title='bbox 1159 2446 1288 2472; x_wconf 85' lang='lat' dir='ltr'><strong>omnibus</strong></span> <span class='ocrx_word' id='word_1_731' title='bbox 1323 2444 1521 2470; x_wconf 66' lang='lat' dir='ltr'><strong>offcndirubim</strong></span> <span class='ocrx_word' id='word_1_732' title='bbox 1552 2442 1665 2474; x_wconf 82' lang='lat' dir='ltr'><strong>factum,</strong></span> <span class='ocrx_word' id='word_1_733' title='bbox 1702 2449 1749 2476; x_wconf 65' lang='lat' dir='ltr'><strong>per</strong></span> 
     </span>
    </p>
   </div>
   <div class='ocr_carea' id='block_1_112' title="bbox 963 2489 1752 2528">
    <p class='ocr_par' dir='ltr' id='par_1_112' title="bbox 963 2489 1752 2528">
     <span class='ocr_line' id='line_1_112' title="bbox 963 2489 1752 2528; baseline -0.009 -7"><span class='ocrx_word' id='word_1_734' title='bbox 963 2502 1044 2528; x_wconf 87' lang='lat' dir='ltr'><strong>quem</strong></span> <span class='ocrx_word' id='word_1_735' title='bbox 1059 2493 1249 2519; x_wconf 73' lang='lat' dir='ltr'><strong>t&#39;tllllmlllllOIle</strong></span> <span class='ocrx_word' id='word_1_736' title='bbox 1271 2491 1462 2526; x_wconf 74' lang='lat' dir='ltr'><strong>mysteriorum</strong></span> <span class='ocrx_word' id='word_1_737' title='bbox 1483 2489 1528 2517; x_wconf 86' lang='lat' dir='ltr'><strong>Dei</strong></span> <span class='ocrx_word' id='word_1_738' title='bbox 1545 2494 1571 2517; x_wconf 86' lang='lat' dir='ltr'><strong>et</strong></span> <span class='ocrx_word' id='word_1_739' title='bbox 1594 2489 1752 2516; x_wconf 76' lang='lat' dir='ltr'><strong>sanctifica-</strong></span> 
     </span>
    </p>
   </div>
   <div class='ocr_carea' id='block_1_113' title="bbox 965 2535 1749 2572">
    <p class='ocr_par' dir='ltr' id='par_1_113' title="bbox 965 2535 1749 2572">
     <span class='ocr_line' id='line_1_113' title="bbox 965 2535 1749 2572; baseline -0.008 -6"><span class='ocrx_word' id='word_1_740' title='bbox 965 2541 1047 2570; x_wconf 58' lang='lat' dir='ltr'><strong>tiunn,</strong></span> <span class='ocrx_word' id='word_1_741' title='bbox 1067 2539 1206 2572; x_wconf 48' lang='lat' dir='ltr'><strong>pra-sules.</strong></span> <span class='ocrx_word' id='word_1_742' title='bbox 1222 2538 1392 2566; x_wconf 67' lang='lat' dir='ltr'><strong>sacerdotes.</strong></span> <span class='ocrx_word' id='word_1_743' title='bbox 1417 2535 1556 2568; x_wconf 85' lang='lat' dir='ltr'><strong>monachi,</strong></span> <span class='ocrx_word' id='word_1_744' title='bbox 1572 2541 1599 2562; x_wconf 90' lang='lat' dir='ltr'><strong>et</strong></span> <span class='ocrx_word' id='word_1_745' title='bbox 1627 2535 1687 2561; x_wconf 80' lang='lat' dir='ltr'><strong>laici</strong></span> <span class='ocrx_word' id='word_1_746' title='bbox 1719 2542 1749 2561; x_wconf 79' lang='lat' dir='ltr'><strong>se</strong></span> 
     </span>
    </p>
   </div>
   <div class='ocr_carea' id='block_1_114' title="bbox 964 2582 1749 2621">
    <p class='ocr_par' dir='ltr' id='par_1_114' title="bbox 964 2582 1749 2621">
     <span class='ocr_line' id='line_1_114' title="bbox 964 2582 1749 2621; baseline -0.008 -9"><span class='ocrx_word' id='word_1_747' title='bbox 964 2587 1113 2621; x_wconf 77' lang='lat' dir='ltr'><strong>privarunt,</strong></span> <span class='ocrx_word' id='word_1_748' title='bbox 1131 2589 1185 2611; x_wconf 86' lang='lat' dir='ltr'><strong>toto</strong></span> <span class='ocrx_word' id='word_1_749' title='bbox 1200 2591 1292 2610; x_wconf 78' lang='lat' dir='ltr'><strong>anltno</strong></span> <span class='ocrx_word' id='word_1_750' title='bbox 1305 2589 1330 2610; x_wconf 80' lang='lat' dir='ltr'><strong>et</strong></span> <span class='ocrx_word' id='word_1_751' title='bbox 1342 2589 1441 2610; x_wconf 84' lang='lat' dir='ltr'><strong>conalu</strong></span> <span class='ocrx_word' id='word_1_752' title='bbox 1468 2582 1629 2616; x_wconf 81' lang='lat' dir='ltr'><strong>deponimus</strong></span> <span class='ocrx_word' id='word_1_753' title='bbox 1642 2601 1649 2611; x_wconf 86' lang='lat'><strong>,</strong></span> <span class='ocrx_word' id='word_1_754' title='bbox 1662 2586 1689 2608; x_wconf 89' lang='lat' dir='ltr'><strong>et</strong></span> <span class='ocrx_word' id='word_1_755' title='bbox 1701 2587 1749 2614; x_wconf 81' lang='lat' dir='ltr'><strong>pn-</strong></span> 
     </span>
    </p>
   </div>
   <div class='ocr_carea' id='block_1_115' title="bbox 965 2629 1748 2666">
    <p class='ocr_par' dir='ltr' id='par_1_115' title="bbox 965 2629 1748 2666">
     <span class='ocr_line' id='line_1_115' title="bbox 965 2629 1748 2666; baseline -0.006 -8"><span class='ocrx_word' id='word_1_756' title='bbox 965 2632 1100 2659; x_wconf 83' lang='lat' dir='ltr'><strong>triarchali</strong></span> <span class='ocrx_word' id='word_1_757' title='bbox 1112 2635 1243 2666; x_wconf 91' lang='lat' dir='ltr'><strong>potestate</strong></span> <span class='ocrx_word' id='word_1_758' title='bbox 1252 2630 1360 2664; x_wconf 75' lang='lat' dir='ltr'><strong>indigne</strong></span> <span class='ocrx_word' id='word_1_759' title='bbox 1375 2638 1390 2657; x_wconf 82' lang='lat' dir='ltr'><strong>a</strong></span> <span class='ocrx_word' id='word_1_760' title='bbox 1402 2630 1487 2657; x_wconf 86' lang='lat' dir='ltr'><strong>laicali</strong></span> <span class='ocrx_word' id='word_1_761' title='bbox 1498 2629 1614 2664; x_wconf 79' lang='lat' dir='ltr'><strong>potentia</strong></span> <span class='ocrx_word' id='word_1_762' title='bbox 1629 2629 1730 2654; x_wconf 82' lang='lat' dir='ltr'><strong>circum</strong></span> <span class='ocrx_word' id='word_1_763' title='bbox 1739 2641 1748 2647; x_wconf 91' lang='lat'><strong><em>-</em></strong></span> 
     </span>
    </p>
   </div>
   <div class='ocr_carea' id='block_1_116' title="bbox 963 2674 1748 2712">
    <p class='ocr_par' dir='ltr' id='par_1_116' title="bbox 963 2674 1748 2712">
     <span class='ocr_line' id='line_1_116' title="bbox 963 2674 1748 2712; baseline -0.009 -6"><span class='ocrx_word' id='word_1_764' title='bbox 963 2678 1264 2712; x_wconf 79' lang='lat' dir='ltr'><strong>vcstiluni,spoliatnns</strong></span> <span class='ocrx_word' id='word_1_765' title='bbox 1279 2686 1284 2703; x_wconf 92' lang='lat'><strong>:</strong></span> <span class='ocrx_word' id='word_1_766' title='bbox 1300 2677 1437 2711; x_wconf 84' lang='lat' dir='ltr'><strong>simulque</strong></span> <span class='ocrx_word' id='word_1_767' title='bbox 1466 2684 1527 2704; x_wconf 86' lang='lat' dir='ltr'><strong>cum</strong></span> <span class='ocrx_word' id='word_1_768' title='bbox 1552 2683 1584 2703; x_wconf 87' lang='lat' dir='ltr'><strong>eo</strong></span> <span class='ocrx_word' id='word_1_769' title='bbox 1611 2674 1748 2700; x_wconf 78' lang='lat' dir='ltr'><strong>Palatiiam</strong></span> 
     </span>
    </p>
   </div>
   <div class='ocr_carea' id='block_1_117' title="bbox 963 2720 1751 2759">
    <p class='ocr_par' dir='ltr' id='par_1_117' title="bbox 963 2720 1751 2759">
     <span class='ocr_line' id='line_1_117' title="bbox 963 2720 1751 2759; baseline -0.006 -8"><span class='ocrx_word' id='word_1_770' title='bbox 963 2731 1111 2759; x_wconf 78' lang='lat' dir='ltr'><strong>pavorum</strong></span> <span class='ocrx_word' id='word_1_771' title='bbox 1128 2723 1284 2757; x_wconf 78' lang='lat' dir='ltr'><strong>dogmalum</strong></span> <span class='ocrx_word' id='word_1_772' title='bbox 1299 2727 1451 2753; x_wconf 84' lang='lat' dir='ltr'><strong>auctorem,</strong></span> <span class='ocrx_word' id='word_1_773' title='bbox 1467 2721 1513 2755; x_wconf 88' lang='lat' dir='ltr'><strong>qui</strong></span> <span class='ocrx_word' id='word_1_774' title='bbox 1525 2721 1625 2747; x_wconf 85' lang='lat' dir='ltr'><strong>multas</strong></span> <span class='ocrx_word' id='word_1_775' title='bbox 1646 2720 1751 2747; x_wconf 87' lang='lat' dir='ltr'><strong>oratio-</strong></span> 
     </span>
    </p>
   </div>
   <div class='ocr_carea' id='block_1_118' title="bbox 965 2767 1749 2804">
    <p class='ocr_par' dir='ltr' id='par_1_118' title="bbox 965 2767 1749 2804">
     <span class='ocr_line' id='line_1_118' title="bbox 965 2767 1749 2804; baseline -0.001 -7"><span class='ocrx_word' id='word_1_776' title='bbox 965 2779 1014 2797; x_wconf 85' lang='lat' dir='ltr'><strong>nes</strong></span> <span class='ocrx_word' id='word_1_777' title='bbox 1029 2770 1061 2797; x_wconf 92' lang='lat' dir='ltr'><strong>ad</strong></span> <span class='ocrx_word' id='word_1_778' title='bbox 1079 2769 1202 2804; x_wconf 88' lang='lat' dir='ltr'><strong>putridos</strong></span> <span class='ocrx_word' id='word_1_779' title='bbox 1217 2769 1367 2802; x_wconf 81' lang='lat' dir='ltr'><strong>inanesque</strong></span> <span class='ocrx_word' id='word_1_780' title='bbox 1399 2768 1513 2802; x_wconf 72' lang='lat' dir='ltr'><strong>propriae</strong></span> <span class='ocrx_word' id='word_1_781' title='bbox 1540 2768 1638 2794; x_wconf 76' lang='lat' dir='ltr'><strong>mentis</strong></span> <span class='ocrx_word' id='word_1_782' title='bbox 1665 2767 1749 2796; x_wconf 67' lang='lat' dir='ltr'><strong>foetus</strong></span> 
     </span>
    </p>
   </div>
   <div class='ocr_carea' id='block_1_119' title="bbox 964 2815 1751 2849">
    <p class='ocr_par' dir='ltr' id='par_1_119' title="bbox 964 2815 1751 2849">
     <span class='ocr_line' id='line_1_119' title="bbox 964 2815 1751 2849; baseline 0 -7"><span class='ocrx_word' id='word_1_783' title='bbox 964 2816 1194 2848; x_wconf 84' lang='lat' dir='ltr'><strong>corroborandos,</strong></span> <span class='ocrx_word' id='word_1_784' title='bbox 1207 2821 1230 2843; x_wconf 87' lang='lat' dir='ltr'><strong>et</strong></span> <span class='ocrx_word' id='word_1_785' title='bbox 1249 2815 1296 2842; x_wconf 85' lang='lat' dir='ltr'><strong>Dei</strong></span> <span class='ocrx_word' id='word_1_786' title='bbox 1322 2815 1469 2842; x_wconf 69' lang='lat' dir='ltr'><strong>licclcsiatn</strong></span> <span class='ocrx_word' id='word_1_787' title='bbox 1483 2815 1630 2842; x_wconf 86' lang='lat' dir='ltr'><strong>dcitatibus</strong></span> <span class='ocrx_word' id='word_1_788' title='bbox 1654 2822 1751 2849; x_wconf 86' lang='lat' dir='ltr'><strong>supcr-</strong></span> 
     </span>
    </p>
   </div>
   <div class='ocr_carea' id='block_1_120' title="bbox 965 2859 1748 2896">
    <p class='ocr_par' dir='ltr' id='par_1_120' title="bbox 965 2859 1748 2896">
     <span class='ocr_line' id='line_1_120' title="bbox 965 2859 1748 2896; baseline -0.003 -7"><span class='ocrx_word' id='word_1_789' title='bbox 965 2861 1146 2889; x_wconf 82' lang='lat' dir='ltr'><strong>cmincntibus</strong></span> <span class='ocrx_word' id='word_1_790' title='bbox 1174 2866 1200 2888; x_wconf 89' lang='lat' dir='ltr'><strong>ct</strong></span> <span class='ocrx_word' id='word_1_791' title='bbox 1227 2861 1341 2896; x_wconf 70' lang='lat' dir='ltr'><strong>dr-jcctis</strong></span> <span class='ocrx_word' id='word_1_792' title='bbox 1379 2859 1551 2887; x_wconf 74' lang='lat' dir='ltr'><strong>cvcrtcudam</strong></span> <span class='ocrx_word' id='word_1_793' title='bbox 1587 2861 1748 2895; x_wconf 82' lang='lat' dir='ltr'><strong>composuit,</strong></span> 
     </span>
    </p>
   </div>
  </div>
