1963 3066
227 168 280 199 €93

819 166 868 196 DE
888 166 909 195 ϐ
916 167 939 196 1i
946 165 1042 205 EUQR
1050 165 1086 194 iO
1106 166 1148 194 ΡΛ
1155 166 1197 195 ΙΛ
1204 166 1255 195 ΜΛ

1796 162 1850 194 896

228 232 344 258 namque
356 231 491 251 concusso
509 228 534 250 ct
560 223 730 257 perturbato,
754 223 832 249 cadet
850 223 961 249 omnino
984 225 1010 248 ct
1027 223 1045 249 Α
1066 222 1155 249 randte
1171 227 1312 256 propterea
1333 221 1418 247 sancti
1443 227 1537 246 eorum
1557 219 1662 254 imperii
1690 226 1775 245 sacrae
1801 227 1852 245 ex-

228 270 353 296 ruirersa
372 270 444 296 illius
462 269 646 304 congregatio.
664 269 698 295 Et
711 269 766 303 jam
785 267 938 302 iutclligile.
960 267 1009 293 l‘a-

228 316 314 342 lutnas
336 316 377 342 hic
401 319 481 349 alque
505 315 639 347 Barlaam,
657 319 751 341 mutuo
776 316 959 344 decertantes,
984 317 1012 339 et

229 369 262 387 ne
287 361 436 394 impio-tatis
461 361 575 388 critnitte
598 361 668 387 alius
694 360 775 386 alitttn
802 359 1009 388 insimulantes.

229 406 412 440 diSquisitioni
432 407 554 442 synodali
570 406 724 433 detnandati
751 409 825 433 sunt.
844 404 935 432 Nostis
957 404 1012 430 fere

227 459 333 481 omnes.
353 459 439 486 neque
453 452 585 486 ignm'atis
597 452 746 478 maximum
762 451 837 477 illutn
850 450 876 476 itt
891 449 1011 476 Ecclesia

229 505 417 530 congressum,
434 497 459 523 in
477 505 540 531 quo,
556 497 640 524 stellze
655 497 750 528 instar,
767 495 944 530 praefulgebat
956 495 1012 528 pie-

229 543 292 569 tatis
321 549 507 576 propugnator
535 543 682 574 imperator
707 547 807 573 noster,
838 540 954 568 celebris
981 548 1013 568 ac

230 588 314 615 bcatzc
339 588 490 619 meruerim,
510 592 588 622 pater
607 586 784 620 potentissimi
801 591 827 613 et
851 586 936 612 sancti
961 584 1012 610 mei

230 631 415 663 imperatoris,
443 639 504 658 cum
528 636 639 658 sanatus
655 630 836 664 principibtis.
855 629 887 656 Et
910 629 1014 663 pritnus

229 677 338 709 quidetn
358 675 493 708 Barlaam,
519 680 648 709 tattqnam
665 683 747 710 prava
764 674 884 702 sentiens
908 679 934 700 et
958 674 1014 700 clo-

230 728 328 755 quens.
351 726 407 748 ttttn
428 721 461 748 de
485 720 665 748 inaccessibili
688 719 947 754 Transﬁgurationis
975 719 1015 746 ht-

232 766 314 795 mine,
331 771 386 792 tum
402 765 434 791 de
449 765 573 793 Oratione
587 766 630 792 illa
643 774 650 792 :
667 775 675 791 ι
692 765 805 792 Domine
818 764 880 792 Jesn
895 764 1013 796 Christe,

231 811 281 838 Fili
305 811 362 842 Dei,
387 812 516 839 miserere
542 810 638 843 nostri,
655 820 664 836 I
692 811 901 842 condemnatur,
926 815 952 837 et
975 810 1014 837 sic

231 857 380 884 secundum
394 864 515 884 canones
531 858 563 883 ad
578 856 766 883 accusandum
781 856 888 889 ineptus
906 855 1014 888 iudica-

232 907 285 928 tur.
302 901 368 928 Cum
388 909 449 928 vero
471 901 562 928 statim
582 908 631 928 nos
651 901 678 927 in
691 901 783 928 varias
801 900 882 927 etiam
903 905 1014 927 senten-
1029 890 1049 917 Β

232 947 283 974 tias
297 947 490 978 dividerentur,
508 947 540 973 de
553 946 675 978 Palama,
693 951 821 980 tanquam
839 946 885 980 qui
902 945 970 972 forte
986 945 1012 972 itt

232 992 293 1017 aliis
307 999 412 1017 errasse
424 999 532 1025 quoque
544 990 806 1024 deprehenderetur,
824 991 850 1016 in
867 991 916 1017 ltoc
931 991 1012 1016 etiam

233 1044 325 1063 sacras
345 1036 509 1070 divitiasque
530 1036 602 1071 leges
615 1044 648 1063 au
660 1035 768 1067 lientes,
782 1043 842 1070 qum
861 1036 919 1062 sine
933 1042 1013 1062 accu-

233 1088 323 1109 satore
338 1087 364 1109 et
385 1082 546 1117 probatione
565 1083 701 1109 neminem
717 1083 900 1110 condemnare
917 1082 1014 1116 pracci-

233 1130 325 1163 piuut,
339 1129 391 1156 alio
405 1129 486 1156 modo
501 1137 557 1156 rem
572 1137 632 1156 esse
648 1129 816 1164 dirigendam
831 1129 1013 1156 decrevimus.

232 1175 323 1206 Quare
341 1175 413 1201 illius
434 1182 546 1202 examen
570 1175 596 1201 itt
619 1175 692 1201 aliud
711 1179 817 1208 tcutptts
839 1174 1014 1204 distulimus;

235 1228 289 1246 non
303 1221 337 1246 ita
356 1224 457 1252 tamen,
473 1224 501 1246 ut
516 1220 560 1248 ille
578 1220 646 1247 liber
661 1224 744 1251 esset,
760 1219 910 1253 iisdemque
927 1224 1016 1246 uterc-

236 1271 299 1297 tur;
312 1273 400 1299 neque
413 1266 484 1292 enim
501 1266 616 1300 probum
634 1273 722 1300 neque
737 1265 803 1292 utile
816 1265 950 1292 universa:
966 1265 1016 1291 Ec-

233 1311 325 1338 cl-‘sia:
338 1313 426 1337 visum
443 1315 495 1344 cst,
509 1311 591 1339 licere
606 1311 644 1338 illi
660 1312 752 1339 eadem
769 1311 888 1346 aggredi,
907 1311 940 1338 de
955 1311 1015 1345 qui-

234 1358 284 1384 bus
304 1357 490 1390 dubitabatur,
509 1365 570 1385 cum
587 1366 674 1392 neque
690 1366 703 1385 a
724 1358 875 1385 canonibus
897 1363 1016 1392 potesta-

232 1409 284 1430 tz-m
300 1404 448 1430 habuisset.
464 1403 534 1431 Solis
547 1403 617 1430 enim
632 1411 751 1431 canones
775 1405 934 1438 prtesulibus
958 1404 1014 1435 illa,

231 1457 292 1481 qum
308 1449 415 1483 pietatis
429 1453 504 1481 sunt,
525 1449 656 1483 populum
679 1449 815 1477 instruere
832 1449 993 1484 permittunt
1007 1451 1013 1475 Ξ

230 1496 281 1522 etsi
295 1495 320 1522 in
333 1495 480 1529 Scriptura:
496 1495 585 1522 verbis
601 1495 788 1523 controversia
803 1496 935 1530 quaepiam
952 1499 1013 1522 nata

231 1543 276 1570 sit,
293 1540 521 1575 quemadmodum
542 1548 555 1567 a
582 1540 692 1567 deiferis
709 1540 836 1568 Palribus
851 1545 1013 1575 exponatur.
1030 1552 1051 1580 ο

233 1586 282 1610 l‘to
297 1584 408 1619 quibus,
426 1589 498 1611 tomo
512 1584 616 1619 digesto
631 1593 662 1612 ex
674 1585 795 1620 synodali
807 1586 955 1618 sententia,
973 1593 1015 1613 ex-

231 1630 443 1656 emnmunicatio
467 1630 520 1656 lata
537 1635 665 1665 cst;qua
689 1630 734 1658 ille
756 1631 888 1665 neglecta,
913 1632 1013 1658 malum

232 1675 352 1707 adauxit,
368 1675 528 1709 scriptiones
544 1684 638 1703 rursus
651 1677 760 1703 easdem
774 1681 801 1703 et
817 1677 1014 1711 disputationes

233 1728 380 1755 nunrpans.
400 1729 414 1747 a
428 1722 538 1755 quibus.
556 1726 585 1748 ut
605 1722 718 1748 omnino
733 1722 889 1755 abstineret,
905 1723 1011 1757 iussum

233 1765 330 1792 fuerat.
348 1765 548 1801 Proptereaque
561 1774 592 1794 ex
607 1774 640 1793 eo
654 1771 777 1801 tetnpore
794 1767 820 1794 in
832 1767 960 1802 ambiguo
972 1775 1015 1795 res

233 1813 300 1839 erat,
323 1814 349 1835 et
364 1808 526 1835 sttccrdentc
544 1812 663 1842 tempore
681 1809 768 1844 magis
789 1816 821 1835 ac
841 1809 926 1844 magis
942 1809 1014 1836 circa

233 1854 288 1887 pirt
308 1858 360 1880 tem
388 1853 510 1880 Palamas
538 1854 683 1888 ambiguus
709 1854 862 1887 videbatur,
885 1862 947 1882 cum
965 1863 1016 1882 nec

233 1900 431 1933 professionem
444 1899 504 1926 lidci
514 1900 663 1934 inscriptis,
671 1900 702 1927 ab
712 1900 830 1927 Ecclesia
840 1900 1014 1934 postulatam,

231 1946 382 1972 exhiberet.
394 1945 534 1977 Quomodo
543 1945 633 1979 itaque
645 1945 766 1973 resillins
776 1945 872 1981 negligi
881 1949 1016 1980 poterant,

231 1992 294 2017 dum
310 1991 353 2018 ille
369 1991 538 2025 pervicacius
553 1992 694 2018 inhaereret
713 1993 865 2026 proposito,
885 1999 934 2018 nec
951 2000 966 2019 a
981 1992 1018 2019 si-

232 2037 268 2062 mi
282 2037 342 2063 ibtts
355 2037 560 2062 commentariis
583 2036 743 2067 abstineret,
758 2040 785 2062 et
798 2036 898 2062 tnultos
912 2040 1017 2070 pertur-

233 2083 310 2112 Ivans.
326 2082 358 2108 ad
375 2082 562 2116 expositiones
585 2089 649 2109 suas
672 2082 873 2116 atnplectendas
895 2081 1017 2116 compel-

233 2128 310 2159 |l‘|'t'l,
327 2127 396 2154 male
409 2128 490 2155 etiam
505 2128 582 2154 Tomi
598 2128 729 2154 nonnttlla
747 2131 909 2161 exponeret.
926 2135 1016 2162 neque

234 2173 360 2199 l'Zet-li-siaa
375 2180 405 2200 se
417 2173 588 2201 submitteret
601 2173 736 2206 ?ideoque
748 2180 801 2200 non
814 2173 954 2208 neglectus
964 2178 1014 2204 est,

1065 268 1163 302 pedita!
1183 272 1248 294 Sllll.
1276 266 1306 293 Et
1322 267 1416 300 gratia:
1437 266 1491 292 sint
1517 265 1582 297 Deo,
1605 265 1650 299 qui
1668 265 1746 291 nobis
1765 265 1853 299 impe-

1064 318 1169 340 ratores
1185 313 1360 343 orthotloxos.
1386 317 1412 339 et
1429 311 1559 338 Ecclesiae
1583 316 1800 345 propugnatores
1821 319 1854 337 ac

1064 359 1231 389 defensores.
1257 358 1396 392 elargitnr.
1424 357 1526 384 liottnn
1552 358 1632 384 etiant
1653 365 1702 384 nos
1726 357 1852 383 divinum

1064 405 1152 431 zelunt
1170 410 1197 430 et
1211 405 1336 438 pietatem
1353 403 1568 435 considerantes,
1585 411 1682 429 manus
1694 411 1805 436 srmper
1819 403 1852 428 ad

1064 450 1149 477 Deum
1170 449 1306 483 supplices
1322 449 1472 477 tendimus.
1491 445 1701 482 precamurquc.
1726 449 1852 481 quietttm

1065 495 1120 521 illis
1134 500 1158 521 et
1175 499 1301 526 paratum
1318 494 1462 528 imperium
1478 493 1510 520 ad
1529 501 1615 520 annos
1634 492 1765 527 plurimos
1784 501 1838 518 con

1068 541 1137 566 cedi.
1156 541 1300 574 Reliquum
1317 540 1409 574 itaque
1421 544 1472 571 est,
1490 545 1519 566 ιιι
1536 539 1697 566 verecundia
1711 544 1736 565 et
1751 539 1853 564 confm

1067 586 1144 612 sione
1159 585 1216 619 ipse
1231 590 1257 612 et
1271 592 1403 619 sequaces
1417 589 1443 611 et
1456 584 1577 611 fautores
1592 589 1618 610 et
1633 585 1783 610 root-ordes
1804 584 1856 610 itu-

1066 631 1201 666 pleantur,
1226 631 1270 665 qtti
1293 635 1422 664 tanquam
1445 630 1631 656 venerandum
1649 629 1800 664 quidpiam,
1827 632 1854 655 et

1066 677 1195 704 Ecclesia:
1215 677 1418 707 necessarium.
1437 676 1522 705 illius.
1543 677 1589 710 qtti
1607 675 1775 702 continet-itis
1791 683 1852 708 pr.-

1066 719 1118 750 nis,
1129 724 1156 746 et
1171 720 1205 747 iis
1222 728 1289 754 quas
1300 720 1352 746 sibi
1366 721 1416 754 ipsi
1432 724 1512 746 antea
1529 719 1674 747 indixerat.
1691 719 1854 749 mulctatus.

1066 769 1092 792 et
1105 771 1216 798 propter
1229 766 1282 798 iam
1302 766 1373 792 dicta
1391 766 1416 792 itt
1429 765 1562 799 judicium
1576 769 1686 792 vocatus
1699 765 1855 792 fuerat‘nna

1065 818 1126 838 cum
1154 811 1340 846 hypopsephio
1367 811 1574 841 Monembasize.
1604 811 1803 838 comnn-ntaria
1827 816 1855 837 rt

1066 864 1157 886 voces.
1177 865 1211 883 ne
1225 857 1349 884 dicamus
1365 865 1461 884 recens
1480 861 1540 883 nata
1560 857 1696 890 dogmata.
1713 856 1773 883 aliis
1790 864 1856 890 pro-

1065 907 1180 937 ponunt.
1199 901 1346 929 Damnatus
1359 907 1489 935 prteterea
1501 906 1540 928 est
1554 902 1643 929 dictus
1655 901 1855 929 Monembasia:

1066 948 1267 983 ltypopscpbius
1284 967 1291 978 ,
1307 948 1353 982 qui
1375 949 1469 974 eadem
1487 955 1518 974 ac
1532 947 1658 974 Palamas
1672 948 1809 975 sentiebat
1826 948 1853 974 in

1064 993 1157 1028 pravis
1181 993 1335 1019 divinorum
1366 993 1544 1027 Eloqniorum
1570 993 1799 1026 expositionibus.
1829 998 1853 1018 et

1065 1039 1136 1073 quod
1155 1039 1188 1066 ab
1199 1045 1232 1065 eo
1245 1046 1274 1066 se
1285 1038 1451 1073 disiungere.
1466 1044 1493 1066 et
1511 1038 1708 1073 professionem
1736 1040 1856 1072 propria!

1065 1086 1206 1113 sententiae
1223 1090 1251 1112 et
1274 1086 1364 1113 cultus
1387 1085 1493 1113 tradere
1518 1086 1614 1113 nollet.
1640 1085 1853 1116 Verumtamen,

1067 1132 1168 1166 quibus
1185 1131 1211 1157 id
1227 1131 1253 1157 in
1270 1131 1361 1157 animo
1376 1135 1430 1162 est,
1448 1135 1477 1158 ttt
1494 1131 1628 1157 tnalorutn
1648 1131 1770 1157 omniunt
1805 1139 1857 1158 au-

1065 1177 1150 1203 ctoris
1169 1176 1300 1203 daamouis
1317 1176 1603 1210 telisitnpenetrabiles
1619 1177 1693 1208 tiant,
1706 1177 1781 1203 omni
1797 1181 1857 1203 stu-

1065 1223 1110 1249 dio
1129 1230 1158 1250 se
1174 1229 1338 1256 quacunque
1352 1230 1383 1248 ex
1403 1226 1480 1256 parte
1497 1221 1642 1248 defendere
1658 1221 1774 1248 debent.
1797 1221 1855 1248 Mo-

1066 1267 1118 1295 dus
1133 1268 1233 1302 quippe
1258 1267 1331 1294 illius
1350 1271 1402 1298 est,
1421 1271 1447 1293 et
1464 1267 1559 1302 ingens
1579 1271 1728 1300 certamen,
1744 1274 1856 1302 semper

1066 1313 1192 1340 scandala
1221 1318 1344 1340 serentes
1373 1313 1398 1338 iu
1427 1311 1547 1340 Ecclesia
1573 1312 1696 1339 homines
1718 1313 1852 1340 excitare.

1067 1359 1120 1386 Sed
1137 1367 1184 1385 vos
1210 1359 1236 1386 in
1260 1359 1425 1393 erangt-licis
1449 1363 1475 1386 ct
1498 1358 1659 1392 apostolicis
1680 1363 1707 1385 et
1730 1359 1855 1392 paternis

1068 1404 1262 1431 traditionibus
1279 1405 1393 1435 assueti,
1409 1408 1436 1431 et
1454 1404 1566 1435 exculti,
1584 1408 1611 1430 et
1624 1403 1738 1438 legitimi
1756 1403 1855 1430 Eccle-

1066 1449 1113 1476 size
1126 1449 1183 1480 ﬁlii,
1199 1449 1357 1476 omnimoda
1373 1449 1406 1475 ab
1421 1449 1454 1476 iis
1467 1450 1513 1483 qui
1527 1448 1666 1476 Palamam
1683 1455 1853 1483 sequuntur,

1066 1495 1248 1530 separatione,
1267 1495 1402 1522 itnmttnes
1418 1495 1604 1530 vosmetipsos
1616 1503 1782 1523 conservare
1795 1503 1855 1523 stu-

1068 1541 1139 1568 detc.
1170 1540 1237 1574 Quis
1263 1540 1335 1567 enim
1361 1548 1455 1567 eorum
1485 1541 1644 1567 commercii
1672 1545 1698 1567 et
1723 1541 1854 1568 auditorii

1068 1587 1155 1614 usus?
1177 1585 1262 1619 Cujus
1285 1594 1350 1613 vero
1372 1587 1465 1621 gratia:
1488 1586 1562 1613 fures
1588 1586 1718 1614 Ecclesia;
1741 1588 1853 1621 quidem

1066 1632 1210 1667 imperium
1227 1633 1391 1665 detrectant,
1418 1632 1599 1660 archieratica
1616 1639 1680 1660 vero
1703 1641 1787 1666 opera
1809 1641 1856 1667 ag-

1066 1678 1236 1712 grediuntur,
1253 1683 1402 1713 amantque
1426 1678 1537 1711 docere,
1554 1682 1581 1705 et
1596 1679 1762 1712 persuadere
1784 1687 1854 1706 con-

1066 1723 1191 1754 tendunt,
1207 1723 1277 1749 bona
1296 1731 1356 1750 esse
1371 1730 1432 1756 quas
1449 1723 1484 1750 ab
1500 1723 1567 1758 ipsis
1581 1723 1783 1751 enuntiantur?
1799 1723 1855 1750 No-

1066 1769 1107 1795 bis
1129 1776 1210 1803 porro
1239 1769 1340 1803 saepius
1366 1776 1414 1797 cos
1439 1769 1612 1804 illacrymare
1633 1769 1756 1804 contigit,
1784 1770 1855 1796 mihi

1066 1813 1178 1844 credite,
1190 1814 1437 1846 considerantibus,
1456 1815 1530 1849 quali
1549 1814 1672 1843 veritatis
1687 1815 1729 1842 via
1746 1815 1855 1848 relicta,

1067 1859 1094 1885 in
1118 1864 1250 1894 qttaututn
1275 1867 1304 1886 se
1326 1859 1485 1886 barathrum
1509 1860 1713 1894 prtecipitarint.
1739 1866 1854 1888 conten-

1067 1904 1134 1930 tioni
1146 1903 1269 1935 obnoxii.
1280 1904 1326 1938 qui
1341 1905 1509 1939 negligentes
1525 1904 1551 1931 iu
1568 1904 1764 1939 tranquillitate
1776 1906 1854 1940 cogi-

1068 1949 1200 1976 tationum
1219 1950 1457 1984 gubernationem,
1479 1950 1543 1976 licet
1560 1950 1679 1977 tumultu
1699 1953 1779 1978 suum
1793 1959 1854 1983 cor,

1067 1994 1186 2022 tumultu
1204 2002 1282 2021 suam
1302 1995 1420 2021 animam
1436 1994 1574 2029 oppletum
1591 1995 1742 2027 obtineant,
1758 1996 1855 2023 odiose

1067 2045 1148 2074 atque
1159 2040 1341 2073 contentiose,
1357 2041 1428 2074 quod
1445 2041 1494 2075 ipsi
1510 2045 1675 2075 proponunt,
1688 2041 1854 2069 conﬁrmare

1066 2090 1202 2120 satagunt,
1229 2092 1279 2112 nec
1297 2085 1360 2112 illud
1388 2086 1481 2113 animo
1496 2093 1593 2120 capere
1614 2092 1742 2120 possunt,
1762 2095 1853 2122 neqtte

1068 2131 1182 2166 probum
1201 2139 1288 2166 tteqtte
1309 2131 1412 2165 justum
1427 2139 1498 2163 esse,
1523 2131 1633 2159 Patrum
1652 2133 1786 2160 terminos
1811 2133 1854 2159 di-

1067 2185 1187 2211 movere,
1201 2183 1228 2205 et
1243 2178 1392 2208 adversari,
1408 2183 1435 2205 et
1450 2185 1505 2205 non
1522 2178 1620 2205 cedere
1635 2185 1725 2212 neque
1740 2178 1855 2206 obedire

233 2219 278 2246 sed
289 2224 316 2245 nl
326 2220 460 2246 sententia
471 2221 604 2254 etpietate
612 2219 810 2254 atnbiguttm,et
819 2219 1016 2254 professionem
1034 2219 1055 2246 ἰ)
1068 2224 1197 2251 Ecclesia;
1209 2224 1235 2251 in
1251 2223 1282 2251 iis
1298 2231 1358 2258 qua;
1372 2223 1406 2251 ab
1420 2223 1478 2258 ipsa
1492 2223 1576 2258 probe
1591 2228 1619 2251 et
1639 2224 1793 2251 secundum
1807 2231 1854 2251 ca-

233 2264 361 2297 scriptam
377 2264 482 2291 tradere
498 2269 658 2291 renuentem
671 2283 678 2296 ,
693 2270 722 2292 ttt
736 2265 905 2299 pervicacem
920 2269 946 2291 et
966 2263 1017 2291 Ec-

234 2310 326 2336 elesim
344 2309 390 2336 Dei
409 2309 488 2336 subdi
507 2310 640 2341 nescium,
663 2313 692 2336 ut
709 2310 841 2337 tumultus
856 2314 883 2337 et
905 2314 1018 2337 conten-

235 2355 317 2380 tionis
337 2354 505 2389 potissimam
521 2362 644 2386 causatn,
660 2359 690 2382 ut
714 2362 846 2381 novorum
863 2353 1018 2389 peregrino—

234 2408 350 2435 ntmquc
363 2400 520 2435 dogmatum
537 2405 713 2434 assertoretn,
730 2401 775 2428 Dei
792 2400 913 2427 Ecclesia
930 2400 1016 2426 virum

233 2455 248 2474 a
263 2454 291 2473 se
304 2447 360 2479 ipsa
372 2446 534 2480 proscripsit
544 2454 551 2478 ;
563 2445 636 2480 iuste
647 2446 771 2480 equidem
782 2466 788 2477 ,
810 2444 940 2472 novorum
953 2445 1019 2480 dog-

234 2497 336 2519 matum
351 2496 490 2523 auctores,
507 2491 561 2518 imo
575 2491 600 2517 in
615 2491 682 2518 alias
696 2496 777 2526 atque
790 2491 856 2518 alias
867 2491 1018 2518 sententias

234 2539 334 2573 scripta
354 2538 482 2566 Ecclesim
494 2537 697 2572 detorquentes,
714 2537 878 2564 contumelia
903 2538 1018 2571 probro-

233 2593 286 2620 que
298 2584 432 2616 ‘ailicicns,
447 2589 473 2610 et
488 2583 538 2610 sibi
556 2583 608 2618 ipsi
625 2583 650 2610 iu
671 2583 828 2617 apostolicis
849 2588 876 2610 et
897 2583 1017 2616 paternis

234 2631 427 2658 traditionibus
444 2630 606 2662 profundam
626 2629 849 2664 tranquillitatem
866 2637 896 2655 ac
914 2629 1018 2656 stabili-

234 2680 315 2704 tatem
332 2683 491 2711 procurans.
519 2675 554 2702 De
572 2683 623 2709 qua
646 2683 742 2710 magna
763 2680 788 2702 et
804 2675 899 2710 ingens
915 2675 1017 2702 sollici-

234 2722 299 2749 tudo
316 2722 465 2753 invaserat,
487 2729 500 2748 a
518 2720 571 2748 Deo
583 2726 740 2748 coronatam
758 2720 974 2755 potentissimam
991 2725 1018 2747 et

236 2772 358 2794 sanctam
386 2775 473 2794 mcum
505 2767 656 2797 dominam,
685 2771 713 2794 et
740 2774 754 2794 a
783 2767 837 2794 Deo
864 2767 956 2793 datum
986 2773 1017 2794 ac

238 2812 339 2838 Itttllltlo
356 2813 564 2840 desiderabilem
585 2812 658 2839 illius
684 2814 836 2844 surculum,
859 2811 1017 2846 potentissi-

239 2864 311 2883 tttntn
329 2862 354 2884 ct
370 2864 494 2886 sanetum
511 2867 600 2887 lucum
620 2859 808 2895 imperatorem
823 2866 830 2891 ;
848 2862 876 2884 ut
892 2862 918 2884 et
934 2864 1016 2884 renc-

1068 2276 1154 2297 nones
1177 2269 1269 2297 divina
1287 2269 1373 2304 gratia
1395 2268 1504 2296 decreta
1525 2273 1608 2302 sunt;
1626 2269 1671 2296 sed
1694 2275 1722 2297 et
1739 2270 1854 2297 liberta—

1069 2320 1134 2346 tctn.
1151 2323 1182 2342 ac
1201 2315 1224 2343 si
1245 2315 1286 2343 sui
1299 2319 1391 2343 essent
1402 2315 1486 2350 juris.
1506 2319 1644 2350 usurpant
1656 2322 1718 2350 quae
1738 2316 1771 2342 ad
1786 2316 1854 2343 alios

1068 2361 1216 2397 pertinent,
1233 2361 1285 2395 ipsi
1305 2361 1489 2388 inverecunde
1505 2366 1665 2396 operantur,
1683 2365 1711 2388 et
1727 2369 1791 2388 curn
1811 2362 1854 2389 fa-

1068 2407 1196 2435 cultatem
1224 2407 1327 2433 nttllam
1354 2407 1483 2439 habeant,
1513 2408 1662 2435 monachos
1689 2407 1853 2441 detondent,

1068 2448 1150 2487 idque
1166 2453 1247 2480 etiam
1266 2453 1292 2479 in
1307 2452 1434 2487 juvenem
1451 2453 1580 2485 nobilem,
1598 2453 1691 2480 mttltis
1705 2453 1854 2487 pellet-tum

1069 2499 1221 2530 fraudibus,
1238 2506 1291 2525 non
1316 2499 1377 2525 sine
1401 2499 1514 2525 audacia
1539 2499 1735 2533 praestiterunt.
1755 2499 1795 2526 Ab
1813 2500 1856 2526 his

1068 2545 1158 2579 itaque
1174 2549 1231 2570 toto
1249 2552 1295 2570 vos
1314 2544 1405 2570 animo
1425 2548 1573 2574 sentovele,
1588 2543 1748 2570 ortltudoxis
1762 2543 1855 2570 Eccle-

1068 2591 1113 2617 δίη
1125 2590 1298 2623 dogmatibus
1310 2589 1489 2617 adiuero-ntus.
1501 2590 1567 2616 Cum
1581 2589 1672 2622 itaque
1681 2591 1854 2622 pri-pterjattt

1068 2638 1156 2664 dictas
1173 2644 1271 2664 causas
1290 2633 1458 2670 proscriptus
1473 2636 1509 2663 sit
1525 2636 1558 2662 ah
1573 2635 1693 2662 Ecclesia
1715 2636 1852 2665 l‘alatuas.

1067 2683 1162 2710 eodem
1181 2690 1212 2709 ac
1237 2682 1281 2708 ille
1306 2682 1386 2708 tnodo
1411 2681 1556 2716 proscripti
1583 2686 1646 2708 sunt
1669 2690 1779 2712 otttnrs,
1808 2681 1852 2715 qui

1068 2737 1144 2763 aque
1159 2737 1190 2755 ac
1205 2729 1249 2755 ille
1266 2728 1386 2755 sentiunt
1400 2737 1406 2760 ;
1426 2727 1524 2762 quippe
1542 2727 1596 2754 illis
1613 2727 1748 2759 ert-dunt;
1768 2735 1854 2759 neque

1068 2780 1106 2801 est
1120 2775 1254 2802 sitnililnts
1265 2783 1326 2809 pars
1336 2775 1388 2801 tilla
1398 2775 1455 2802 sive
1469 2775 1618 2805 han-editas,
1629 2774 1719 2807 quoad
1729 2775 1852 2800 eamdem

1069 2821 1230 2846 Sententiaut
1249 2825 1398 2847 sectantur.
1411 2820 1542 2854 Separatc
1559 2819 1650 2853 itaque
1665 2827 1715 2845 vos
1730 2820 1764 2844 ub
1780 2819 1850 2849 istis,

1068 2866 1195 2894 licclesim
1213 2866 1388 2900 obcdicutcs,
1406 2866 1610 2901 acquiesccntcs
1627 2869 1854 2900 perseverante:-
