1963 3066
129 128 181 160 837

700 134 920 164 GRAElCURUM
939 134 1174 165 SENTENTLE.

1680 141 1741 172 .893

127 195 178 221 quo
191 187 217 213 in
232 187 400 222 Evangelieis
411 193 434 214 ct
449 189 606 223 apostolicis
629 190 834 218 trmlitiouibus.
848 191 911 218 Ete—
926 196 946 222 Α
964 193 990 216 et
1007 190 1243 223 procaeissintum,
1265 191 1310 224 qni
1329 198 1436 225 semper
1452 192 1613 228 scriptorum
1631 197 1702 222 mole
1717 201 1744 222 et

128 234 194 265 nim,
211 233 273 260 licet
286 241 339 260 non
355 234 422 262 tales
438 240 532 263 essent
548 237 654 270 pietate.
672 238 792 266 ambigui
803 237 909 265 scilicet

128 282 153 303 et
169 278 257 311 palum
273 278 364 306 hostes
375 284 402 306 et
414 280 575 313 adversarii,
588 287 614 309 et
628 283 662 310 ab
677 283 800 311 Ecclesia
816 284 907 318 ejecti,

127 323 305 352 nihilominus
322 332 410 359 neque
434 327 484 354 hac
508 328 612 356 ratione
636 330 662 356 in
679 329 853 364 dogmatibus
882 335 908 356 et

127 369 251 396 doctrina
269 371 302 397 de
324 371 424 405 pietate
445 373 498 399 illis
522 375 632 401 credere
657 375 772 408 debetis,
799 383 861 403 cum
883 376 908 402 id

129 415 284 447 ministerii,
300 420 330 442 ut
340 417 398 451 jam
415 417 545 450 diximus,
562 419 594 446 ad
608 421 744 449 antistites
759 422 907 456 pertineat,

127 461 226 495 quibus
248 461 307 488 sine
328 462 381 488 ulla
402 464 561 498 exceptione
583 465 837 500 obedire'debetis,
860 476 909 495 nec

129 506 184 533 ullo
212 508 292 534 modo
310 508 472 542 adversari;
497 517 559 537 cum
584 510 639 538 sint
659 519 674 539 a
697 512 752 540 Deo
778 518 908 548 tanquam

128 553 263 580 meonemi
281 553 357 580 vobis
370 554 462 582 traditi
477 556 584 588 salutis,
603 561 631 584 et
645 557 779 586 rationem
797 566 846 593 pro
864 567 910 586 vo-

129 597 170 625 bis
193 598 335 626 reddituri.
357 599 423 632 Quae
445 601 516 627 ratio
539 601 633 635 fuerit,
660 603 742 631 hosce
766 605 910 639 ambiguos

129 644 216 671 locum
240 646 309 680 apud
328 654 374 672 vos
399 648 546 681 possidere,
570 656 625 684 quo
646 650 797 684 periculum
813 653 909 679 anima:

129 690 248 718 subeatis
277 697 302 719 et
326 693 494 720 excidium?
521 693 606 723 Nemo
630 695 738 724 interim
761 697 907 730 existimet,

129 743 239 771 propter
255 738 335 765 aliam
354 746 465 766 causam
490 739 640 774 Palamam,
666 742 794 778 illiusque
817 744 908 772 socios

128 785 160 810 ab
177 785 296 813 Ecclesia
312 787 425 821 ejeetos.
441 796 523 823 quam
536 790 571 816 ob
588 790 738 817 adulterata
753 790 839 821 ipsius
856 791 907 818 Ec-

128 830 215 857 clesia:
238 831 384 866 dogmata:
413 841 476 860 cum
499 839 526 861 et
541 835 591 868 ipsi
615 835 775 870 deprehensi
800 836 855 863 sint
880 836 906 862 in

127 877 273 910 nonnullis,
296 879 359 905 torni
377 879 469 912 verba,
484 885 513 906 ut
527 880 582 915 jam
602 881 732 913 diximus,
749 882 906 909 adulteran-

127 926 178 952 tes.
197 928 224 949 et
246 923 271 949 in
290 931 401 958 pravam
418 926 615 960 expositionem
637 927 787 954 trahentes.
805 927 905 961 Quare,

127 968 148 993 si
166 968 244 995 nobis
265 974 354 996 vestra
369 971 472 999 utilitas
491 976 516 999 et
537 973 669 1000 securitas
684 973 759 1000 cordi
779 979 831 1005 est,
846 981 908 1000 om-

127 1013 191 1041 nino
208 1022 255 1041 eos
273 1016 366 1047 vitate.
383 1017 495 1051 paciﬁce
510 1021 536 1045 et
556 1019 702 1054 tranquille
718 1020 788 1046 inter
802 1027 848 1046 vos
866 1020 907 1054 ip-

125 1067 178 1093 sos,
205 1068 254 1088 nec
275 1069 329 1089 non
346 1068 373 1089 et
396 1063 475 1096 alios,
500 1063 632 1097 viventes,
655 1065 787 1100 complete
813 1073 906 1100 opera,

125 1114 184 1140 quae
196 1109 229 1134 ad
243 1112 359 1135 vestram
372 1109 487 1136 salutem
502 1111 656 1138 necessaria
667 1117 730 1138 sunt
743 1120 750 1138 :
764 1111 843 1146 cujus
857 1111 909 1139 uti-

76 1164 80 1165 ν
127 1160 187 1179 nam
202 1158 340 1188 compotes
356 1154 427 1182 ﬁalis
440 1156 466 1182 in
477 1155 598 1190 Christo,
609 1158 686 1192 cujus
698 1160 783 1193 gratia
796 1158 832 1186 sit
845 1167 907 1186 cum

127 1198 208 1226 vobis
223 1200 363 1227 omnibus.
379 1210 388 1226 ι
409 1201 442 1228 Et
457 1202 515 1229 hare
530 1202 562 1230 de
581 1203 691 1231 Palama
709 1204 836 1240 illiusque
851 1205 907 1232 ha:-

125 1245 233 1273 resibus
258 1246 286 1273 in
307 1248 453 1281 praesentia
469 1249 535 1276 satis
559 1250 632 1283 sint;
655 1250 759 1285 reliqua
778 1255 909 1285 opportu-

126 1292 203 1319 niore
223 1297 344 1328 tempore
364 1301 570 1329 prosequentur.
590 1295 716 1324 Palamas
733 1298 825 1332 itaque
841 1296 908 1324 Gre—

124 1338 229 1373 gorius,
244 1344 271 1367 ut
287 1339 371 1372 vides,
386 1347 439 1367 non
462 1341 586 1376 proprias
604 1342 721 1369 hzereses
738 1348 855 1375 tantum,
871 1344 907 1370 ob

122 1391 192 1418 quas
214 1384 296 1412 etiam
313 1386 346 1412 ab
364 1386 431 1421 ipsis
446 1386 558 1419 Grmcis,
581 1388 761 1421 plurimarum
785 1390 906 1424 synodo-

123 1437 182 1457 rum
199 1431 316 1465 calculo,
328 1431 472 1460 damnatus
485 1439 536 1465 est,
551 1433 617 1460 iuvit
629 1440 655 1461 et
667 1435 824 1469 propagavit
837 1444 843 1466 ;
858 1435 905 1462 sed

121 1475 278 1503 Graecorum
292 1477 374 1504 etiam
389 1485 497 1506 errores
512 1479 644 1506 adversus
660 1479 783 1512 Latinos,
798 1480 907 1515 scriptis

121 1522 215 1554 editis,
240 1526 343 1550 tutatus
359 1528 409 1551 est.
427 1523 513 1551 Edita:
538 1530 601 1552 sunt
624 1525 740 1552 Londini
763 1525 941 1562 Orationesc

121 1567 344 1595 demonstrativae
358 1569 428 1601 duae,
446 1569 481 1596 De
496 1571 660 1604 processione
683 1570 798 1604 Spiritus
822 1573 907 1599 sancti

120 1616 216 1638 contra
233 1610 357 1644 Latinos,
373 1612 466 1640 Graece
487 1618 603 1640 tantum.
627 1615 744 1649 Scripsit
760 1617 843 1643 etiam
859 1615 908 1643 Rc-

120 1657 265 1692 futalianes
285 1659 319 1685 ad
336 1658 450 1686 Joannis
469 1659 543 1686 νει-εἱ
561 1659 726 1695 Epigruphas
737 1681 744 1693 ,
761 1662 794 1688 de
810 1662 905 1689 eodem

120 1707 295 1738 argumento,
314 1704 402 1731 editas
421 1704 513 1732 Grrcce
530 1711 556 1732 ct
572 1705 679 1739 Latine,
697 1707 845 1742 interprete
858 1709 907 1734 Ar-

119 1749 213 1781 cudio,
232 1756 293 1776 cum
309 1749 544 1785 Responsionibus
563 1751 743 1780 Bcssarionis.
759 1753 817 1780 Alia
835 1761 905 1788 quo-

118 1801 174 1830 que
197 1796 341 1832 scripsisse
356 1804 410 1824 non
428 1797 523 1825 dubito
537 1797 676 1826 hominem
689 1800 903 1835 nugacissimum

961 235 1192 270 multiloquentia,
1209 245 1261 263 non
1278 243 1498 271 argumentorum
1520 241 1627 273 robore,
1644 241 1742 268 adver-

959 282 1046 308 sarios
1072 282 1224 316 opprimere
1245 289 1379 310 conatur:
1408 284 1496 312 nullas
1515 285 1596 312 habet.
1619 290 1748 318 veneres,‘

961 327 1064 353 nullum
1087 327 1187 361 ingenii
1205 335 1318 354 acutnen
1334 337 1340 354 :
1364 329 1430 355 satis
1446 330 1482 356 illi
1499 335 1548 362 est,
1566 331 1599 363 si,
1625 340 1684 364 quae
1698 333 1742 359 ahi

960 377 1022 398 ante
1036 373 1122 406 ipsum
1135 373 1268 404 dixerant,
1284 374 1459 402 lutulentiore
1471 376 1575 403 calamo
1588 384 1742 411 percurrat,

960 423 986 444 et
1000 418 1102 444 chartis
1115 417 1219 450 illinat;
1237 419 1289 445 sub
1307 420 1416 453 pictatis
1432 421 1533 454 specie,
1549 422 1650 458 ubique
1665 432 1746 452 vene-

961 470 1024 489 num
1048 463 1148 497 spirat.
1168 463 1200 490 Et
1215 468 1304 490 tamen
1318 465 1390 492 hunc
1406 465 1640 500 improbissituum
1658 470 1744 496 humi-

960 515 1033 539 nem,
1048 515 1079 535 ac
1094 508 1116 535 si
1134 516 1203 535 unus
1218 514 1242 535 et
1257 509 1410 544 praecipuus
1424 518 1456 537 ex
1473 513 1575 539 sanctis
1589 519 1616 540 et
1629 515 1745 541 doctori-

961 554 1012 580 hus
1027 552 1108 587 foret,
1123 554 1247 581 nonnulli
1264 562 1297 581 ex
1313 554 1415 583 Graecis
1437 556 1509 583 inter
1532 563 1642 586 sanctos
1660 560 1745 587 collo-

960 604 1065 633 carunt,
1089 605 1125 632 et,
1142 601 1250 637 hymnis
1265 608 1297 629 ac
1314 601 1375 629 aliis
1400 603 1516 631 canticis
1540 605 1632 637 editis,
1648 606 1673 632 in
1696 606 1745 633 Ec-

960 646 1043 673 clesia
1059 647 1243 679 celebrarunt,
1259 651 1286 674 et
1300 655 1374 674 nunc
1389 656 1499 683 quoque
1514 649 1662 677 celebrant.
1679 651 1744 684 Qua:

960 691 986 718 in
1003 691 1113 719 Triodio
1130 692 1163 719 de
1178 693 1223 720 illo
1240 693 1405 726 atteruntur,
1428 702 1443 721 a
1459 695 1602 724 Philotheo
1626 698 1741 732 patriar-

959 737 1010 765 cha
1026 738 1328 772 Constantinopolitano
1344 741 1415 780 male
1430 746 1536 774 assuta,
1553 742 1620 770 alibi
1637 744 1744 770 exami-

960 784 1097 811 navimus.
1109 784 1269 812 Collectoris
1285 786 1380 818 etiam,
1396 786 1453 813 sive
1466 787 1579 814 cditoris
1593 788 1744 824 incogitan-

960 830 998 862 tia
1009 830 1108 857 factum
1124 835 1176 862 est,
1192 834 1223 857 ut
1243 830 1271 857 in
1289 830 1374 859 Tomo
1389 831 1422 859 lX
1440 832 1606 861 Bibliotheca:
1622 835 1742 868 Patrum,

959 875 986 901 in
1010 875 1125 902 duarum
1144 876 1300 903 orationum
1323 877 1415 910 titulo,
1433 885 1548 912 quarum
1567 879 1626 913 ipse
1649 886 1743 907 auctor

959 920 1057 952 fuerat.
1083 922 1263 950 sanctissimus
1278 929 1460 957 nuncupelttr.
1474 923 1549 956 Quod
1564 925 1654 951 maxin
1667 933 1681 952 e
1695 926 1744 952 inv.

959 967 1083 1002 probavit
1104 968 1262 996 Gennadius
1289 969 1456 1003 patriarcha,
1476 970 1584 998 Graecos
1598 971 1741 1006 allaquens

959 1020 1008 1047 pro
1027 1013 1145 1041 concilio
1159 1013 1320 1042 Florentino
1337 1024 1344 1042 :
1365 1024 1374 1041 ἰ
1400 1014 1464 1048 Vos,
1479 1015 1599 1048 Graecos,
1615 1018 1741 1052 quamvis

959 1057 1189 1095 ﬂagitiosissimos
1208 1065 1234 1087 et
1252 1061 1439 1093 stultissimos,
1465 1063 1487 1089 si
1506 1062 1593 1089 solum
1612 1063 1743 1090 adversus

959 1103 1070 1132 Latinos
1088 1106 1189 1138 dicant,
1207 1106 1329 1134 omnium
1344 1108 1534 1135 sanctissimos
1550 1108 1720 1136 arbitramini
1734 1117 1742 1141 ;

959 1149 1029 1176 inter
1046 1150 1116 1178 alios
1135 1150 1243 1185 quidem
1261 1151 1373 1184 multos,
1394 1152 1540 1186 quemdam
1559 1153 1603 1188 qui
1630 1158 1743 1180 vocatur

959 1195 1094 1226 Palamas,
1119 1200 1147 1222 et
1167 1195 1268 1230 Ephesi
1285 1197 1419 1228 Marcum,
1444 1197 1582 1225 hominem
1606 1206 1655 1225 nec
1677 1199 1744 1225 satis

960 1241 1058 1268 mentis
1072 1239 1236 1276 compotem,
1251 1242 1299 1269 sed
1317 1243 1450 1269 tumidum
1467 1243 1609 1278 sapientia:
1625 1249 1744 1271 ostenta-

960 1292 1073 1320 torem;
1092 1288 1165 1314 nulla
1186 1288 1284 1316 virtute
1299 1289 1338 1315 vel
1357 1289 1502 1317 sanctitate
1523 1290 1665 1321 subnixos,
1681 1290 1744 1324 quia

959 1333 1107 1368 loquuntur
1126 1339 1153 1361 et
1177 1335 1301 1361 scribunt
1314 1335 1402 1362 solum
1416 1341 1510 1362 contra
1524 1335 1647 1368 Latinos,
1660 1338 1745 1362 extol-

958 1378 1013 1404 litis
1037 1383 1063 1405 et
1086 1379 1240 1410 celebratis,
1264 1387 1415 1414 eorumque
1440 1381 1572 1415 imagines
1588 1381 1740 1414 exornatis,

959 1423 1112 1457 festumque
1133 1430 1243 1458 agentes
1263 1425 1333 1452 diem
1352 1426 1452 1457 colitis,
1475 1432 1501 1453 ct
1523 1427 1606 1454 veluti
1631 1432 1741 1455 sanctos

957 1468 1085 1495 adoratis.
1100 1478 1109 1494 ›
1122 1469 1211 1502 Quod,
1231 1478 1298 1505 pace
1316 1472 1383 1498 tanti
1401 1472 1450 1498 viri
1469 1472 1548 1499 liceat
1563 1472 1675 1505 dixisse,
1694 1473 1743 1499 fal-

958 1522 1017 1542 sum
1036 1519 1086 1542 est.
1104 1514 1222 1550 Excepta
1238 1517 1309 1544 enim
1328 1516 1534 1556 Thessalonica,
1551 1524 1577 1546 et
1595 1519 1736 1546 nonnullis

958 1561 984 1587 in
1008 1566 1098 1588 monte
1118 1562 1190 1588 Atho
1206 1564 1390 1594 monasteriis,
1415 1564 1505 1591 nullus
1516 1573 1547 1592 ex
1564 1564 1665 1592 Grmcis
1690 1566 1742 1593 hoc

957 1606 1018 1638 avi,
1033 1606 1089 1641 jatn
1109 1607 1253 1641 praedictos
1269 1608 1366 1643 dignos
1381 1613 1454 1636 tanta
1480 1611 1742 1639 commemoratione

956 1651 1115 1685 existimat;
1133 1654 1188 1679 into
1204 1653 1285 1680 etiam
1303 1656 1412 1681 decreto
1432 1656 1542 1682 vetitum
1559 1661 1610 1688 est,
1631 1664 1664 1683 ne
1679 1657 1742 1690 quis

955 1697 983 1723 in
1000 1702 1137 1731 posterum
1155 1699 1187 1725 dc
1205 1699 1238 1726 iis
1252 1694 1339 1727 otIicia
1354 1700 1380 1727 in
1397 1700 1518 1728 Ecclesia
1535 1702 1663 1734 celebret,
1679 1703 1741 1729 licet

955 1743 988 1770 de
1006 1743 1115 1770 Palama
1133 1744 1249 1771 ollicium
1264 1745 1298 1771 ab
1311 1745 1383 1772 illius
1402 1746 1589 1781 secttc_aliqu0
1605 1755 1652 1781 per
1667 1755 1744 1774 sunt-

957 1798 1030 1816 mum
1051 1795 1125 1817 uetas
1140 1791 1166 1817 in
1184 1791 1284 1818 Triodo
1299 1791 1403 1818 editum
1416 1791 1508 1819 fuerit.

121 1898 1735 1914 —_——-————_—_...__.__—______

629 1981 702 2024 DE
745 1980 946 2026 EODEM
998 1983 1064 2024 PA
1077 1982 1226 2025 LAMA

239 2085 284 2114 Ex
312 2083 455 2121 ejusdem
484 2083 587 2114 Allatii
614 2092 711 2122 opere
738 2083 780 2112 De
804 2082 951 2113 Ecclesiw
974 2083 1185 2114 Occidentalis
1210 2088 1239 2114 et
1259 2083 1431 2115 Orientalis
1447 2089 1604 2124 perpetua

537 2134 749 2171 consensione,
769 2133 823 2165 lib.
833 2142 866 2171 tt,
884 2142 951 2174 cap.
973 2135 1021 2171 17,
1039 2143 1129 2165 num.
1142 2135 1172 2172 2,
1187 2144 1256 2174 pag.
1279 2135 1348 2187 828.

153 2297 187 2324 ll.
211 2296 264 2324 Sed
281 2304 342 2324 cum
357 2296 473 2329 videam,
491 2295 517 2323 in
534 2296 630 2323 harum
642 2303 735 2323 rerum
749 2295 906 2323 narratione
922 2295 944 2323 Ι)
959 2296 1069 2331 scriptis
1084 2296 1166 2324 etiam
1191 2295 1284 2328 editis,
1304 2302 1398 2324 eorum
1417 2298 1589 2333 aliorumque
1613 2299 1743 2334 plurimo-

119 2351 175 2370 non
192 2349 289 2369 omnes
301 2341 460 2374 convenire,
476 2348 575 2375 neque,
586 2340 653 2375 quid
669 2341 785 2368 senserit
800 2340 909 2367 Barlaa-

118 2397 191 2420 mus,
214 2387 278 2423 quid
296 2388 464 2422 Acindynus,
491 2391 519 2414 et
539 2387 603 2421 quid
627 2387 744 2421 denique
768 2386 904 2420 Palamas,

116 2439 212 2470 aperte
230 2434 333 2466 dicere,
357 2433 404 2460 sed
427 2432 567 2460 veritatem
596 2433 748 2460 mendaciis
766 2433 904 2460 contami-

116 2489 194 2512 nare,
212 2479 412 2506 immorandum
426 2482 468 2506 est
478 2478 617 2513 paululum
631 2479 773 2506 referendo
785 2479 904 2513 negotio,

117 2527 232 2554 minime
245 2525 393 2556 incurioso,
407 2531 458 2551 nec
473 2524 600 2551 omnibus
614 2525 704 2552 obvio.
716 2525 839 2552 Accessit
854 2526 903 2552 ita—

114 2582 169 2607 que
185 2571 344 2607 Bylantium
364 2571 523 2598 Barlaamus
538 2570 664 2602 Calaber,
683 2579 735 2598 non
763 2571 843 2599 rebus
859 2579 903 2598 ec-

113 2617 280 2647 Clcsiasticis
299 2621 417 2650 tantum,
435 2616 481 2644 Sed
495 2615 693 2652 philusophi‘cis
710 2617 791 2644 etiam
810 2618 901 2645 scicn-

114 2667 160 2694 tiis
176 2664 296 2696 nobilis;
314 2663 426 2698 inquirit
439 2663 467 2690 in
483 2663 690 2695 monachorum,
706 2671 801 2691 eorum
816 2665 901 2698 potis~

112 2712 230 2741 simum,
248 2709 294 2744 qui
312 2717 341 2736 se
362 2708 533 2742 Ἦσυχαστὰς
550 2716 565 2734 a
584 2711 685 2742 quiete,
699 2714 724 2736 et
739 2709 830 2735 animo
848 2710 901 2736 im-

112 2756 277 2792 perturbato
288 2753 493 2788 nuncupabant,
507 2753 601 2784 vitam,
616 2753 738 2779 instituta
752 2753 901 2785 examinat,

110 2802 210 2831 orandi
230 2802 313 2828 etiam
331 2800 441 2826 modum
458 2800 621 2834 ‘perpendit,
644 2803 681 2829 ct.
699 2807 760 2826 cum
777 2800 900 2834 quzcdam

111 2849 299 2880 observassel,
322 2853 383 2881 qum
407 2845 459 2880 ipsi
477 2853 530 2872 non
551 2853 636 2880 usque
666 2845 734 2872 adeo
752 2846 899 2880 placerent,

957 2349 1018 2369 rutn
1031 2342 1181 2370 insimulat.
1202 2341 1325 2374 Namque
1341 2349 1399 2375 eos,
1417 2348 1446 2370 ut
1461 2344 1589 2371 Euchitas
1603 2351 1628 2372 et
1641 2345 1744 2373 Marsa-

957 2388 1055 2422 lianos,
1070 2393 1192 2415 veterum
1208 2388 1400 2415 ha'reticorum
1417 2390 1610 2423 appellatione,
1631 2396 1658 2418 et
1675 2400 1742 2420 nova

962 2433 1198 2468 ὀμφαλοψύχους,
1215 2433 1443 2463 Umbilicanimos.
1459 2437 1658 2463 condemnavit.
1673 2438 1743 2469 Quid

956 2479 1078 2506 Euchin
1094 2479 1306 2514 Mass:tlianiquc
1314 2478 1556 2510 fuerint,vcterum
1579 2481 1742 2514 scriptorum

954 2524 1015 2551 libri
1029 2524 1096 2552 satis
1110 2525 1157 2552 tibi
1173 2530 1329 2559 suggerent.
1346 2526 1382 2552 De
1397 2526 1653 2561 Omphalopsyehis,
1668 2529 1741 2561 quod

957 2577 1010 2597 non
1025 2570 1061 2597 ita
1082 2578 1111 2598 se
1133 2570 1223 2603 habet,
1241 2570 1345 2605 aliquid
1364 2570 1498 2598 dicemus.
1519 2572 1609 2605 Neque
1621 2573 1692 2599 enim
1707 2574 1743 2600 ita

957 2624 1004 2643 eos
1015 2617 1122 2643 vocavit
1133 2616 1302 2648 Barlaamus,
1312 2617 1393 2643 veluti
1403 2617 1491 2644 ventri
1502 2617 1618 2648 deditos,
1628 2621 1655 2644 et
1664 2617 1742 2651 quasi

955 2664 1073 2690 anitnam
1092 2664 1118 2690 in
1130 2669 1222 2690 ventre
1244 2662 1373 2695 ferentes,
1394 2671 1426 2690 eo
1441 2663 1520 2690 modo
1532 2671 1585 2697 quo
1597 2663 1660 2689 olim
1679 2662 1743 2689 'l‘cr-

956 2710 1098 2740 tulliauus,
1109 2710 1141 2736 ad
1152 2709 1309 2736 Montanum
1323 2714 1522 2746 transgressus,
1531 2710 1664 2744 appellare
1673 2709 1743 2736 sole-

955 2756 1001 2782 bat
1018 2756 1187 2782 orthodoxos
1211 2756 1356 2790 psyclticos,
1383 2755 1525 2788 animales,
1545 2756 1740 2789 voluptuarios,

953 2807 1006 2828 etc.
1016 2805 1044 2828 ut
1063 2800 1252 2835 ὀμφαλόψυχοι
1268 2801 1323 2828 sint.
1337 2800 1520 2836 gastrimargi,
1540 2806 1563 2827 et
1582 2800 1653 2834 quod
1671 2801 1742 2833 Apo-

953 2846 1039 2874 stolus
1053 2846 1101 2879 ait,
1124 2846 1228 2874 Venth
1245 2848 1323 2882 pigri.
1341 2847 1416 2876 Licet
1438 2847 1508 2874 cuitu
1533 2846 1666 2882 Gregoras
1679 2854 1742 2873 cos-
