1963 3066
238 186 293 220 903

837 175 1107 210 DETGREGOP‘IO
1128 175 1279 208 PALAMA

1816 170 1863 202 903

239 245 327 272 ταῦτα.
358 243 501 277 δεξάμενοι
525 240 708 275 ἀπεριέργως.
735 238 774 265 Τὰ
797 239 852 273 γὰρ
875 237 929 264 τῶν
944 237 1030 271 ἁγίων

1089 241 1143 270 post
1158 235 1273 262 Tomum
1290 234 1392 261 editum
1405 231 1658 260 circumferuntur?
1686 230 1782 256 Comiti
1805 234 1865 255 sunt

238 291 295 321 τοῖς
311 289 397 323 ἁγίως
415 289 464 321 μὲν
476 287 522 313 καὶ
546 286 666 317 εὐσεϐῶς
686 285 777 312 νοοῦσι
795 285 842 311 καὶ
867 284 1024 318 δεχομένοις

239 337 298 370 φῶς
315 336 389 361 ἐστιν
415 333 544 368 ἀληθείας
561 333 630 368 πρὸς
648 332 694 359 τὸν
715 331 793 363 eam,
811 332 867 362 τοῖς
881 331 903 357 δ’
924 331 1024 364 ἑτέρως

238 382 348 416 ἔλεγχος
366 381 413 407 καὶ
428 380 600 414 κατάκριμα.
617 379 689 413 Πλὴν
701 378 761 405 οὐδὲ
777 376 1027 413 ἰσχυρογνωμονοῦ-

240 436 300 462 μεν,
317 428 344 454 εί
361 436 387 454 τι
404 427 451 454 καὶ
468 427 512 453 ἐπ’
539 426 631 457 αὐτοῖς
649 427 705 456 τοῖς
723 425 809 459 ἁγίων
829 424 919 459 ῥητοῖς
939 424 1027 448 εἰπεῖν

238 473 295 508 ἔχει
309 482 361 506 τις,
378 473 459 499 ἅτινα
484 472 578 504 ἁπλῶς
597 472 646 498 καὶ
663 471 851 504 ἀνεξετάστως
875 468 1028 503 ἐδεξάμεθα

237 520 276 550 ὡς
297 519 392 552 ἁγίων.
413 519 461 545 Ἐν
477 519 531 554 γάρ
548 519 623 544 ἐστιν
648 519 714 553 ἡμῖν
737 517 769 544 τὸ
784 515 964 551 ζητούμενον,
984 514 1029 541 ἵνα

239 567 273 601 τῇ
305 565 455 601 Ἐκκλησίᾳ
476 565 544 591 Θεοῦ
565 564 600 591 τὰ
626 565 715 590 οἰκεῖα
742 563 866 598 δόγματα.
887 561 1029 596 ἀκραιφνῆ

239 613 404 648 ὗιατηρηθῇ,
422 612 470 639 καὶ
487 611 578 642 καθὼς
592 612 672 646 ἡμεῖς
690 612 719 637 ὲν
732 610 835 641 τούτοις
851 608 1028 642 διεδεξάμεοα

240 659 337 693 αὐτὴν,
349 658 421 685 οὕτω
438 659 485 685 καὶ
504 658 572 692 πρὸς
591 658 654 687 τοὺς
676 656 734 691 μεθ’
750 657 823 690 ἡμᾶς
841 654 1029 689 παραπέμψω-

245 714 304 740 μεν,
322 705 411 740 ἀμιγῆ
437 704 539 735 παντὸς
560 703 639 730 νόθου
664 703 711 729 καὶ
737 702 857 736 ἐκφύλου
885 701 1032 736 δόγματος.

241 752 279 778 Οὐ
303 751 355 786 μὴν
367 750 436 777 ἀλλὰ
454 750 531 785 καὶὴ
549 750 621 775 κατὰ
642 748 690 775 τοῦ
706 748 864 783 ὑποψηφίου
883 747 1033 781 Μονεμόα-

244 798 306 828 σίας
333 796 459 831 συνοδικὴ
486 795 586 830 πρᾶξις
614 795 728 830 ἀρκέσει
764 795 820 825 τοῖς
848 792 1033 826 ὲνδοιάζουσι,

242 845 357 871 κάκεῖνα
372 843 441 878 μετὰ
457 843 512 870 τῶν
533 841 622 870 ἄλλων
636 841 690 868 τῶν
713 841 759 867 ἐπὶ
775 841 808 876 τῇ
825 838 960 874 καταδίκῃ
978 839 1033 864 αὑ-

242 889 288 916 τοῦ
306 890 444 924 φέρουσα,
461 889 501 915 ὅτι
528 887 641 918 δύσνους
658 886 724 921 περὶ
750 885 781 912 τὸ
803 885 938 920 βασίλειον
965 883 1033 918 ὕψος

243 937 416 971 πεφώραται,
432 935 479 962 καὶ
495 934 535 961 ὅτι
552 934 642 968 χαίρει
659 932 707 959 καὶ
725 932 887 967 πρόσκειται
904 932 971 963 τοῖς,
991 929 1031 961 οἷς
1049 921 1069 947 Β

243 981 401 1017 δογματίζει
418 982 431 1008 ὁ
445 981 578 1015 Παλαμᾶς
595 979 664 1014 μετὰ
676 979 725 1013 τὴν
745 977 793 1005 τοῦ
818 978 907 1013 Τόμου
924 977 1032 1003 ἔκθεσιν

242 1028 290 1055 καὶ
304 1028 353 1062 τὴν
373 1027 407 1054 δι’
422 1025 505 1054 αὑτοῦ
529 1025 602 1052 κατὰ
626 1025 681 1052 τῶν
706 1024 835 1051 τοιούτων
860 1024 1030 1058 ἐπιτίμησιν.

243 1069 425 1101 tl‘atriarehte
437 1074 469 1100 de
482 1072 578 1100 Tomo.
591 1071 682 1099 Palam
698 1076 737 1098 est
754 1079 784 1098 ex
799 1071 857 1105 ipso
872 1070 967 1099 Tomo,
982 1070 1033 1096 nisi

242 1121 304 1155 quis
314 1128 346 1147 ex
364 1119 464 1147 invidia
481 1124 564 1154 atque
581 1118 644 1145 odio
658 1125 703 1145 res
720 1117 873 1151 diiudicare
902 1116 977 1146 velit.
999 1115 1033 1142 de

243 1166 352 1193 duobus
364 1170 454 1192 tamen
470 1164 606 1198 ‘capitulis
640 1163 774 1197 judicium
805 1167 895 1189 actum
925 1169 987 1188 esse
1007 1165 1034 1188 et

243 1212 517 1244 determinationem;
540 1210 573 1237 de
586 1209 678 1236 divino
698 1208 802 1235 lumine
815 1207 842 1234 in
858 1211 947 1233 monte
962 1205 1034 1232 Tha.

245 1257 333 1289 horio,
351 1256 423 1283 etde
441 1255 577 1286 oratione,
596 1259 626 1282 ut
639 1253 707 1280 infra
724 1260 913 1287 exponemus;
942 1256 970 1278 et
985 1259 1034 1285 pro

198 1325 206 1334 .
244 1303 352 1330 duobus
364 1302 439 1329 hisce
454 1300 581 1335 capitulis
607 1299 830 1330 condemnatum,
862 1298 1035 1332 ejectumque

249 1348 434 1380 Barlaamum,
453 1353 604 1382 poenasque
617 1345 644 1372 in
657 1344 743 1372 Tomo
754 1343 905 1378 appositas,
930 1343 963 1370 ad
988 1345 1035 1369 de-

247 1394 398 1421 l'cnsionem
424 1394 623 1420 monachorum
652 1390 686 1418 ob
709 1391 766 1417 haec.
780 1391 833 1417 duo
863 1388 1036 1416 solummodo

244 1439 338 1471 capita
359 1438 475 1465 indictas
485 1444 555 1464 esse.
569 1435 647 1464 Nunc
664 1443 728 1463 vero
753 1435 846 1467 audio,
871 1434 1036 1462 contendere

244 1483 406 1520 eosjudicio
420 1491 450 1511 se
463 1483 605 1510 absolutos
624 1482 709 1509 fuisse
722 1481 755 1509 de
775 1481 915 1512 omnibus.
934 1487 993 1514 qua:
1011 1483 1036 1505 et

245 1535 309 1557 ante
326 1533 352 1556 et
368 1533 461 1564 postea
488 1528 676 1555 decreverant.
693 1526 749 1554 Hoc
763 1534 861 1560 purum
886 1529 979 1559 pntutn
996 1528 1037 1550 est

247 1575 420 1602 mendacium
442 1579 469 1601 et
490 1574 638 1601 calumnia.
657 1573 780 1605 Quanam
813 1577 903 1599 autem
930 1571 1035 1598 ratione

246 1628 295 1648 eos
311 1620 460 1647 defendere
485 1625 513 1646 et
533 1626 705 1653 propugnare
730 1624 892 1645 conaremur
925 1623 974 1650 pro
992 1616 1036 1647 iis,

247 1673 310 1700 quae
337 1665 458 1692 nondum
479 1668 557 1691 erant
584 1663 727 1690 enuntiata
753 1663 780 1689 in
809 1662 924 1697 synodo,
950 1669 1038 1695 neque

246 1710 422 1739 examinata?
436 1709 509 1736 Nant'
523 1710 549 1736 itt
567 1708 692 1744 synodali
721 1708 754 1736 de
774 1708 824 1734 hac
847 1715 876 1734 re
901 1707 1037 1740 examine,

248 1758 275 1785 itt
292 1765 346 1792 quo
370 1756 566 1783 celeberrimus
584 1760 610 1782 et
628 1755 714 1782 beata:
729 1754 868 1781 memoria:
894 1754 1040 1787 imperator

249 1812 299 1831 sua
317 1805 458 1837 praesentia
476 1802 562 1829 voluit
587 1805 772 1836 propugnator
798 1808 869 1834 esse,
889 1806 970 1834 atque
992 1800 1040 1827 ad-

249 1856 361 1878 vocatus
373 1848 499 1876 Ecclesta:
510 1848 566 1880 Dei,
583 1853 712 1882 tanquam
728 1852 865 1874 rectorum
882 1847 1038 1881 dogmatum

249 1900 312 1922 ante
324 1895 392 1922 alios
405 1900 524 1922 sectator
540 1899 566 1921 et
581 1894 736 1929 piissimus,
756 1895 858 1920 missus
877 1897 919 1920 est
934 1893 1041 1919 Barlaa-

252 1949 325 1973 mus,
341 1945 370 1967 ut
390 1940 496 1975 publice
514 1940 547 1967 de
586 1939 729 1966 monachis
755 1939 873 1966 ediceret
898 1946 929 1965 ea
949 1938 1040 1965 omnia

249 1994 366 2020 quorum
385 1986 493 2013 eosdem
511 1985 691 2013 insimulabat
707 1993 715 2013 ε
734 1985 778 2012 ille
800 1985 881 2012 aliam
901 1984 1041 2019 ingressus

249 2032 333 2062 viam.
347 2031 527 2066 proponebat,
547 2038 608 2065 qua:
619 2030 670 2056 sibi
684 2029 860 2061 adhibebant,
875 2030 907 2056 de
925 2029 1042 2063 dogma-

252 2079 325 2106 tibus
339 2078 518 2112 quazstiones,
534 2084 604 2111 quas
621 2077 672 2104 sibi
689 2076 756 2104 solvi
773 2084 787 2103 a
807 2076 884 2103 nobis
903 2075 1042 2110 poscebat,

250 2124 297 2158 qui
318 2123 453 2157 repulsam
469 2130 578 2158 passus,
598 2130 649 2149 non
667 2127 770 2149 tantum
785 2122 853 2156 ipse,
878 2124 923 2148 sed
953 2126 980 2149 et.
999 2121 1043 2148 hic

253 2170 311 2204 ipse
332 2169 470 2200 Palamas,
485 2168 683 2202 iubibitusque,
700 2175 732 2195 ne
746 2168 780 2195 de
796 2167 970 2202 dogmatibus
989 2167 1044 2194 dis-

250 2219 363 2243 sereret.
380 2214 468 2240 allatis
484 2213 615 2248 lectisque
628 2213 661 2240 de
676 2214 726 2240 hoc
742 2221 774 2240 ex
789 2214 874 2240 sacris
891 2212 1045 2247 divinisque

251 2258 413 2290 cauonibus,
429 2266 600 2294 quaecunque
631 2258 701 2285 lecta
721 2258 877 2286 sunt.Cunt
904 2266 968 2286 vero
997 2266 1046 2286 nec.

254 2303 330 2329 hisce
341 2303 447 2330 cederet
463 2303 635 2335 Barlaamus,
658 2311 691 2331 ett
721 2303 808 2338 ipsius
830 2303 1043 2330 Commentariis

254 2349 335 2375 allata
349 2353 374 2375 et
387 2349 454 2376 lecta
478 2355 554 2381 sunt,
592 2358 652 2384 qua:
677 2350 711 2377 de
730 2349 832 2377 lumine
870 2356 896 2377 et
920 2351 1044 2377 oratione

255 2395 456 2430 pertractabat;
479 2401 506 2422 et
524 2396 575 2423 hac
588 2404 638 2423 sua
666 2395 818 2430 scriptione
846 2396 1044 2423 condemnatus

255 2446 308 2472 est,
331 2440 358 2466 in
371 2449 463 2467 errore
475 2441 672 2475 deprehensus,
690 2442 838 2478 etveniam
854 2442 940 2476 petiit.
956 2441 1045 2469 Lectte

255 2486 331 2513 fuere
345 2493 452 2520 quoque
478 2486 566 2512 oratio
585 2487 672 2513 sancti
684 2486 799 2514 Joannis
819 2487 998 2520 Datnasceni,
1018 2491 1046 2514 et

256 2532 344 2559 oratio
358 2532 444 2559 sancti
463 2532 577 2558 Andreas
592 2532 755 2566 Cretensis;
777 2541 846 2567 quas
863 2533 898 2560 illi
916 2533 1047 2560 111001111-

258 2579 345 2606 nicant
360 2585 418 2604 sani
429 2582 462 2604 tm
473 2577 573 2603 Christi
587 2577 845 2613 Transiigutationis
861 2580 1046 2607 celebritatem

256 2629 482 2660 composuerunt.
509 2623 602 2657 Neque
618 2624 681 2650 inde
707 2630 799 2658 postea
815 2633 977 2652 concessum
1006 2631 1049 2652 est

258 2672 308 2701 Illi.
326 2676 356 2697 ut
380 2669 482 2704 aliquid
500 2670 632 2696 adversus
652 2671 804 2698 monachos
832 2672 945 2699 diceret.
963 2672 999 2698 De
1016 2672 1048 2698 iis

259 2719 351 2752 itaque
367 2724 414 2750 pro
431 2717 530 2750 quibus
554 2724 642 2751 neque
655 2724 715 2742 eum
730 2723 915 2744 accusatorem
935 2718 1049 2745 admisi-

259 2771 332 2794 mus,
345 2770 433 2797 ncqtte
448 2763 500 2796 ipsi
527 2763 737 2796 responsionem
763 2763 880 2797 aliquam
906 2764 1049 2794 dederunt.

260 2807 400 2842 quomodo
445 2808 627 2835 universalcm
669 2808 868 2835 absolutionem
908 2810 1050 2836 consecuti

260 2859 334 2884 sunt,
347 2858 373 2880 et
387 2853 558 2887 potissimum
577 2854 609 2880 de
624 2853 657 2881 iis
683 2861 742 2887 qua:
773 2858 898 2888 tanquam
923 2855 1050 2890 dogmata

258 2899 446 2934 protuleruttt,
463 2899 608 2927 Barlaamo
623 2899 772 2933 contraria,
790 2899 820 2927 dc
832 2900 865 2927 iis
880 2901 973 2933 etiam,
990 2908 1052 2935 quze

1076 282 1158 310 etiam
1191 281 1338 310 secundam
1367 280 1501 316 synodum
1536 286 1632 314 cogere
1663 279 1713 305 sub
1742 281 1863 310 prieteatu

1077 328 1223 362 Aciudyni,
1253 317 1379 354 saeculari
1411 330 1546 361 potestate
1563 324 1676 355 suilulti,
1693 327 1719 350 ct
1736 329 1864 349 convene-

1078 379 1143 402 runt
1165 375 1192 401 in
1218 373 1422 401 catechumenia
1453 372 1572 399 caelestis
1604 370 1694 404 templi
1717 369 1762 396 Dei
1793 367 1865 394 Verbi

1080 420 1227 455 Sapientia:
1242 419 1383 455 praesules,
1396 423 1422 446 et
1445 423 1556 445 senatus
1584 424 1632 451 pro
1654 416 1704 442 hac
1719 423 1749 442 re
1775 418 1865 448 praeor

1080 466 1246 492 voluntatem
1273 470 1404 496 nostram,
1435 464 1471 490 ita
1504 463 1557 490 illis
1574 460 1804 497 procurantibus:
1823 459 1864 486 scd

1081 511 1156 539 nullo
1182 511 1262 538 modo
1282 511 1307 538 id
1323 515 1365 538 est
1380 518 1395 537 a
1421 510 1499 537 nobis
1514 509 1697 544 permissum:
1729 512 1784 533 ttnn
1801 506 1865 540 qtud

1082 565 1170 592 neque
1187 557 1262 592 prius
1272 564 1361 591 neque
1377 556 1511 591 posterius
1526 563 1614 590 neque
1629 562 1747 588 unquam
1762 554 1865 580 omnino

1082 609 1273 641 consensuset
1286 604 1412 631 voluntas
1430 610 1523 630 nosn‘a
1541 603 1635 635 fuerit,
1661 594 1866 637 quaestiones'de

1082 651 1254 685 dogmatibus
1276 651 1379 678 moveri
1397 651 1423 677 in
1444 651 1567 677 Ecclesia
1598 649 1656 680 llei,
1679 654 1788 684 propter
1813 657 1867 683 qttze

1084 699 1146 725 ittde
1163 701 1315 732 sequuntur
1329 697 1488 724 discrimina
1504 701 1531 723 et
1561 695 1697 730 pericula;
1729 701 1785 722 tum
1802 694 1867 728 quod

1086 744 1310 776 intellexerimus.
1331 751 1392 771 eum
1413 744 1459 778 qui
1480 743 1512 770 ad
1531 744 1582 769 hoc
1604 743 1707 769 aet-itus
1724 743 1821 773 fuerat,
1846 746 1869 767 ct

1087 791 1113 818 in
1133 798 1182 818 nos
1202 791 1437 823 seseinsinuabat,
1450 790 1500 818 sibi
1519 790 1668 821 vindicare,
1681 789 1726 824 qui
1754 789 1817 815 inde
1831 796 1870 814 or-

1088 839 1132 863 tus
1152 835 1258 868 fuisset,
1275 836 1418 867 honorent.
1446 836 1518 870 quod
1541 835 1758 862 imminutionem
1791 835 1870 869 imp“-

1090 883 1164 909 rialis
1180 883 1272 917 gloria!
1301 890 1332 909 ac
1360 882 1510 916 majestatis
1536 882 1737 916 judieal-amus.
1759 881 1871 914 [denque

1085 936 1140 955 rem
1159 936 1212 955 non
1232 928 1406 960 admisimus,
1419 930 1466 956 sed
1480 929 1578 963 objam
1593 928 1678 955 dictas
1687 929 1754 955 duas
1779 935 1843 955 caus
1860 936 1870 953 s

1085 980 1198 1002 conatus
1213 975 1284 1001 illius
1299 975 1490 1008 repressimus.
1517 974 1667 1001 Postulavit
1692 981 1755 1001 vero
1782 974 1871 1000 deinde

1084 1021 1265 1055 etcompulit.
1293 1026 1322 1047 ut
1341 1021 1472 1055 scriptum
1502 1024 1533 1048 t'e
1556 1021 1588 1047 iis
1614 1027 1672 1055 tlltiE
1703 1020 1780 1054 prius
1805 1019 1870 1046 dcta

1086 1069 1369 1104 fueranthmonacbis
1395 1069 1615 1100 concederemus,
1640 1073 1666 1095 et
1688 1074 1793 1094 murem
1817 1074 1871 1101 ges-

1085 1116 1182 1143 simus.
1201 1116 1289 1148 Quare
1303 1116 1392 1143 cdittts
1412 1119 1453 1142 est
1467 1120 1567 1147 tomus,
1581 1115 1685 1142 nullum
1701 1115 1777 1142 aliud
1790 1121 1871 1147 neque

1085 1163 1248 1196 principium
1265 1170 1351 1196 neque
1378 1162 1457 1188 ﬁnem
1482 1161 1594 1193 habens,
1626 1161 1674 1187 nisi
1693 1165 1800 1188 lantttm
1824 1159 1872 1187 duo

1086 1209 1142 1240 illa,
1157 1217 1218 1243 qua:
1234 1208 1260 1235 in
1275 1215 1307 1235 eo
1328 1208 1514 1239 continentur,
1545 1207 1644 1242 capiti,
1657 1207 1740 1234 divini
1768 1208 1871 1241 inquam

1087 1253 1346 1288 Transfigttrationis
1360 1254 1480 1285 luminis,
1495 1254 1677 1285 etoralionis,
1696 1259 1725 1280 ut
1748 1253 1807 1287 jam
1835 1253 1872 1279 tli-

1087 1301 1187 1327 ximtts.
1202 1300 1237 1327 De
1248 1301 1346 1335 quibus
1359 1301 1493 1335 capitibus
1509 1305 1535 1328 et
1545 1301 1615 1341 dicta
1625 1300 1736 1327 Patrum
1751 1300 1871 1336 apposita

1087 1351 1161 1377 sunt,
1178 1346 1252 1373 nulla
1275 1346 1367 1373 addita
1384 1354 1472 1381 neque
1496 1347 1667 1381 expositione
1685 1354 1776 1380 nrquc
1801 1354 1874 1373 enar-

1088 1393 1203 1424 ratione,
1222 1397 1349 1426 tanquam
1377 1399 1438 1427 quae
1465 1397 1623 1419 sanctorum
1648 1392 1718 1419 dicta
1754 1392 1820 1423 sint,
1850 1395 1873 1417 et

1087 1443 1180 1466 sancte
1192 1437 1330 1465 enuntiata
1345 1446 1376 1465 ac
1394 1437 1528 1465 intellecta
1556 1438 1591 1465 ab
1614 1438 1647 1465 iis
1664 1439 1709 1472 qui
1728 1439 1772 1473 pie
1787 1446 1817 1465 ea
1831 1445 1873 1464 ex-

1088 1485 1203 1520 cipiunt.
1227 1485 1294 1511 Cum
1312 1485 1404 1518 itaque
1417 1484 1444 1512 in
1458 1484 1501 1512 his
1517 1484 1626 1512 duobus
1638 1484 1778 1519 capitibus
1789 1491 1872 1512 causa:

1088 1531 1150 1557 linis
1165 1531 1308 1564 imposittts
1326 1531 1434 1560 fuisset.
1457 1538 1508 1557 nos
1534 1530 1652 1565 quietem
1672 1531 1804 1558 Ecclesia!
1833 1529 1874 1556 Dei

1051 1591 1072 1620 ο
1090 1581 1279 1610 procurantes,
1295 1576 1466 1610 gravioribus
1479 1576 1567 1610 pinnis
1585 1576 1797 1609 obstrinximus,
1826 1582 1874 1602 tum

1089 1630 1136 1649 eos
1148 1623 1193 1657 qui
1211 1623 1237 1650 in
1260 1628 1398 1657 posterum
1421 1622 1571 1650 monachos
1598 1630 1730 1650 accusare
1761 1624 1875 1650 niteren-

1089 1672 1143 1700 tur,
1161 1672 1216 1693 tum
1233 1674 1279 1694 eos
1292 1666 1336 1701 qui
1350 1667 1390 1693 vel
1404 1674 1450 1693 ore
1464 1667 1504 1693 vel
1522 1667 1624 1701 scripto
1645 1667 1678 1695 de
1705 1667 1875 1703 dogmatibus

1090 1712 1191 1746 aliquid
1208 1711 1392 1739 tradidissent.
1416 1711 1447 1738 111
1464 1719 1539 1743 vero,
1567 1717 1596 1738 ιιι
1622 1720 1669 1739 ttos
1696 1714 1834 1743 audimus.
1856 1711 1875 1739 si

1090 1759 1152 1793 quis
1168 1766 1208 1790 ea,
1226 1766 1286 1793 qum
1301 1758 1349 1788 ipsi
1361 1766 1421 1785 euttt
1452 1757 1595 1785 Barlaanm
1616 1760 1789 1787 decertantes
1817 1760 1877 1786 scr—

1091 1810 1215 1840 pserunt,
1228 1810 1254 1832 et
1282 1805 1381 1839 saepius
1415 1805 1564 1839 perquisita
1596 1805 1815 1836 absconduntur,
1835 1812 1878 1831 nrc

1091 1851 1293 1885 producuntur,
1309 1858 1340 1877 ea
1358 1857 1478 1884 quoque.
1490 1858 1550 1884 qu:e
1578 1850 1616 1877 illi
1631 1855 1725 1885 postea
1745 1852 1876 1882 dixerunt,

1092 1900 1139 1923 aut
1152 1896 1333 1930 scripScrunt,
1349 1897 1509 1923 adversatus
1521 1895 1614 1927 fuerit.
1627 1902 1654 1923 e'.
1672 1904 1720 1924 eos
1739 1897 1878 1931 reprelien-

1093 1942 1172 1974 derit,
1188 1941 1313 1969 ad-Tonti
1327 1941 1459 1976 judicium
1474 1941 1647 1975 confugiunt,
1661 1945 1688 1968 et
1705 1950 1804 1976 poenas
1823 1949 1877 1976 pro-

1093 1993 1206 2021 ponunt,
1223 1994 1252 2014 ac
1263 1987 1285 2014 si
1301 1987 1360 2013 luce
1374 1986 1432 2021 ipsa
1450 1987 1525 2021 prius
1549 1986 1583 2013 ab
1603 1986 1698 2013 iisdem
1722 1988 1877 2021 composita,

1092 2039 1194 2067 et;quae
1214 2041 1287 2060 nunc
1309 2039 1448 2068 exponunt
1466 2038 1493 2060 et
1522 2033 1674 2068 publicant,
1706 2033 1735 2060 in
1762 2033 1878 2060 examiie

1094 2079 1216 2114 synodali
1237 2080 1374 2114 proposita
1403 2079 1518 2106 fuissent
1535 2079 1629 2113 :ipsus
1660 2087 1724 2105 vcro
1747 2077 1876 2114 prohiberi

1094 2126 1128 2153 ab
1144 2126 1240 2152 iisdem
1254 2125 1342 2160 poenis
1358 2125 1458 2153 similia
1487 2125 1588 2159 eloqui.
1613 2131 1640 2152 et
1668 2125 1771 2152 talibus
1801 2125 1878 2159 prunis

1096 2171 1154 2199 fieri
1166 2172 1311 2204 obnoxios,
1338 2177 1466 2206 tanquam
1497 2171 1696 2205 inobcdicutes,
1727 2173 1763 2200 de
1789 2171 1878 2206 quibus

1097 2226 1184 2253 neque
1195 2218 1280 2253 prius,
1299 2226 1385 2253 neque
1396 2226 1479 2250 nunc,
1493 2226 1580 2250 neque
1594 2218 1670 2252 ipsis,
1682 2226 1775 2253 neque
1793 2225 1877 2244 eorum

1063 2266 1084 2292 D
1099 2265 1347 2300 propugnatoribus
1371 2272 1443 2292 cura:
1460 2264 1522 2291 fuit.
1539 2264 1595 2291 Nos
1609 2272 1685 2299 ergo,
1700 2265 1878 2300 post'l‘omuut

1095 2311 1266 2345 expeditum,
1287 2311 1451 2345 scriptiones
1464 2314 1490 2337 et
1502 2310 1695 2346 responsiones
1726 2311 1761 2338 de
1777 2312 1879 2344 dogma-

1095 2357 1168 2384 tibus
1176 2356 1292 2383 Palamae
1307 2363 1369 2383 cum
1383 2356 1559 2388 vidissemus,
1575 2357 1617 2382 vix
1635 2356 1726 2384 induci
1740 2357 1879 2391 potuimus,

1097 2408 1126 2430 ut
1147 2403 1225 2429 iidetn
1239 2403 1441 2430 adhiberemus.
1457 2402 1547 2436 Quare
1569 2403 1693 2438 pluribus
1712 2404 1802 2430 modis
1828 2410 1880 2427 cum

1096 2448 1130 2475 ad
1147 2456 1197 2475 nos
1215 2448 1376 2480 accivitnus,
1390 2453 1430 2480 ut,
1459 2449 1481 2475 si
1500 2449 1564 2482 quid
1587 2449 1640 2476 tale
1668 2449 1816 2479 acriderat,
1843 2450 1879 2472 aut

1098 2495 1198 2522 factum
1230 2495 1328 2526 fuerat,
1361 2502 1522 2521 curaremus
1548 2499 1574 2521 et
1600 2495 1811 2529 corrigerciuus.
1843 2492 1882 2518 ille

1098 2550 1151 2570 non
1179 2542 1389 2575 obtemperavit,
1411 2541 1465 2574 ,sed
1500 2542 1627 2568 mandata
1653 2540 1822 2567 detrectavit.
1854 2537 1882 2564 ιί

1099 2597 1163 2616 vero
1176 2589 1254 2616 nobis
1269 2589 1395 2621 innotuit,
1409 2588 1444 2614 ita
1458 2588 1552 2615 eodem
1569 2587 1712 2619 referente,
1731 2586 1882 2613 necessitate

1099 2641 1234 2668 coactum,
1252 2641 1279 2662 ut
1293 2636 1350 2670 ipse
1362 2635 1461 2667 aiebat,
1475 2641 1501 2661 et
1515 2635 1587 2668 loqui
1600 2639 1626 2661 et
1644 2634 1766 2661 scribere
1776 2633 1815 2660 si:
1828 2631 1879 2661 ili..;

1099 2687 1136 2715 et,
1153 2682 1175 2709 si
1201 2682 1408 2709 accusatoribus
1438 2681 1576 2708 silentium
1607 2681 1805 2715 imponeretur,
1831 2678 1879 2710 ipse

1100 2736 1208 2763 quoque
1224 2727 1360 2755 scribendi
1379 2727 1563 2762 loquendique
1590 2727 1669 2753 linem
1703 2726 1820 2753 faceret:
1842 2730 1879 2748 ac-

1101 2774 1263 2802 ccrsivintus
1283 2782 1351 2808 quos
1369 2775 1426 2809 ipse
1440 2778 1631 2808 propOsuerat.
1654 2777 1679 2798 et
1693 2771 1879 2805 impermimus

1103 2821 1181 2855 ipsis,
1200 2828 1370 2855 qua-cunque
1388 2821 1466 2847 nobis
1480 2821 1536 2846 visa
1554 2824 1618 2853 sunt
1633 2827 1639 2844 :
1655 2823 1680 2844 et
1697 2817 1878 2844 obedireruut.

1102 2866 1291 2900 dedcrnntque
1304 2865 1513 2900 profrssiuncm,
1530 2866 1567 2892 uti
1583 2865 1749 2900 postulatum
1785 2863 1879 2890 fuerat;

1103 2911 1246 2944 qual'acile
1258 2911 1379 2946 diguosci
1391 2916 1489 2946 potest,
1507 2916 1571 2946 quot
1596 2911 1647 2945 ipsi
1674 2918 1724 2937 sua
1745 2907 1879 2943 sponsione
