1963 3066
133 67 182 97 90':

706 64 756 94 Gil
764 64 928 95 .ECORUM
951 63 1185 94 SENTENTIE.

1712 63 1762 95 005

133 124 324 159 promiserant.
345 124 382 150 ,⁸111
398 126 538 158 propterea
554 121 633 149 ctiam
656 121 746 156 aliquo
758 122 838 148 modo
854 129 916 148 51111-
935 121 956 149 A
971 121 1027 147 itno
1047 120 1177 147 adversus
1194 117 1384 145 llionembasiac
1401 117 1623 153 llypopscphittm
1640 119 1760 154 synoda-

131 171 186 197 11011
213 169 264 196 sibi
289 176 386 204 passus
414 173 453 196 est
476 168 621 194 Palatnas?
648 167 838 202 Nequaquam.
867 167 919 194 Sed

131 214 273 249 1110111.ηυί
303 214 378 249 prius
413 218 482 246 erat,
503 211 670 248 permansit;
697 219 783 246 neque
812 212 844 237 ad
871 219 921 237 nos

131 262 258 290 accedere
285 261 380 292 voluit,
410 261 473 288 licet
499 260 660 292 accersitus,
691 267 778 294 neque
808 259 842 286 de
868 259 920 285 do-

131 309 266 344 gmatibus
285 307 436 334 disserendi
453 308 532 334 tinent
555 306 644 334 facere
662 314 669 339 ;
700 306 826 333 detentus
859 313 923 331 vero

129 363 158 382 ea
170 356 286 385 ratione.
301 362 353 388 qua
370 353 426 380 ﬁeri
445 353 543 388 potuit,
557 360 606 379 nec
619 352 654 379 ita
674 352 788 386 quievit.
809 351 856 378 sed
873 351 922 377 ad-

131 399 183 426 lutc
203 398 289 431 magis
303 406 334 425 ac
349 398 434 432 uagis
451 398 577 432 proprias
593 397 743 425 sententias
757 395 923 431 promulgat-

131 446 161 473 de
176 446 266 480 ptenis
281 445 332 471 sibi
350 444 481 478 injunctis
498 451 594 478 parum
614 443 802 473 sollicitusput
814 450 846 469 ex
863 449 924 469 om—

131 493 208 519 nibus
228 491 348 526 conspici
366 490 511 525 colligique
527 494 614 523 potest
627 497 641 516 a
655 489 776 515 veritatis
793 493 924 519 amatore,

130 546 144 564 a
159 538 306 572 principio.
324 538 441 571 propria:
461 536 604 564 electionis
616 540 642 563 et
660 535 781 563 audacia:
794 539 925 562 etcentu-

974 167 1008 194 lis
1026 166 1096 193 actio
1114 165 1303 192 haesitantibus
1324 166 1389 191 satis
1408 165 1497 196 inruit,
1513 165 1555 192 illa
1571 167 1651 193 etiam
1668 173 1764 200 prater

976 211 1026 238 alia
1041 211 1067 238 in
1084 211 1309 237 condcmuatioue
1323 210 1479 244 prml'erens.
1515 211 1650 245 majostnti
1676 213 1762 246 iarpr-

976 258 1034 285 riali
1052 257 1188 285 infensum
1202 257 1298 287 fuisse,
1314 261 1340 283 et
1358 257 1476 290 gaudere
1493 261 1518 283 et
1543 257 1762 286 addietissimum

976 312 1035 331 esse
1048 304 1188 331 senicnflis
1204 303 1317 330 Palath
1328 308 1389 337 post
1404 303 1518 329 Tnnntm
1531 304 1645 334 editum.
1662 310 1688 331 et
1705 314 1764 339 pte-

978 359 1025 378 11ος
1041 359 1088 386 per
1099 359 1159 377 cuin
1175 356 1267 377 eontra
1286 351 1368 378 hosce
1390 351 1550 385 public-atas.
1565 361 1573 376 1
1593 350 1649 384 liis,
1667 356 1695 378 ut
1708 353 1764 386 jun

977 397 1062 429 vides,
1084 397 1177 428 lt'clnr,
1204 397 1360 424 Barlaamus
1376 398 1572 424 condemnatus
1587 398 1717 425 assritur
1734 400 1767 426 de

977 443 1084 470 duobus
1099 444 1245 477 capitibus.
1265 443 1388 470 Palamas
1405 443 1547 471 absolutus
1563 451 1616 471 non
1633 449 1683 476 est,
1709 450 1764 472 tnui

979 489 1118 515 liarlaatuo
1143 493 1198 515 tum
1225 489 1344 516 Palma:
1365 489 1502 516 silentium
1539 491 1571 517 de
1595 491 1766 525 dogmatibus

979 535 1139 569 imponitur.
1155 535 1354 562 Contlcmnatio
1370 536 1414 563 illa
1430 536 1567 571 quomodo
1581 545 1609 564 se
1629 538 1766 568 habuerit,

131 583 224 610 macine
242 584 378 615 morbum,
395 582 535 609 Paiamam
553 583 578 608 in
597 582 695 610 similia
707 582 841 609 excitasse
862 588 942 608 cuur
978 590 1030 608 non
1047 582 1141 616 liqttet.
1167 582 1236 615 Quid
1252 590 1316 616 ergo
1329 583 1408 610 nobis
1426 583 1636 611 Cantacuzenus
1663 589 1716 611 tant
1734 586 1767 612 ιό

132 629 223 655 omnia
247 628 290 654 vir
313 630 425 661 audeat,
441 629 487 663 qui
514 629 612 655 nedum
633 628 796 656 sententiam
816 635 926 662 permu-

132 676 208 707 tarit,
231 676 277 703 sed
294 675 434 702 mordicus
450 674 502 701 sibi
519 674 586 702 visis
597 674 749 707 aditzerens,
762 674 793 701 ad
806 675 924 708 seipsum

133 721 295 755 compellere
326 721 492 756 traherequc
523 725 639 748 conatur
669 727 849 755 quoscunque
875 720 925 746 hac

133 776 180 796 sua
196 768 326 802 opinione
345 768 464 794 irretitos
478 767 710 794 animadverterit.
734 767 770 794 De
800 774 855 802 quo
888 766 926 793 nil

134 813 234 840 mirum
253 817 306 844 est,
328 813 350 840 si
370 813 452 840 homo
468 813 530 840 talis
548 813 718 848 pervicacia,
730 813 789 840 sine
808 813 864 840 ullo
880 819 923 839 re-

134 860 233 890 medio.
251 859 486 892 perseveretzsed
511 867 637 895 magnum
670 864 698 887 et
729 858 786 887 fere
815 862 922 887 ostento

134 913 188 932 non
202 905 343 937 dissimile,
359 905 381 931 si
397 905 470 940 quis,
498 905 584 932 donec
600 904 645 933 illc
670 905 707 932 ita
722 905 815 935 sentit.
843 912 921 940 opetn

135 950 205 977 ferre
233 950 358 983 voluerit,
386 957 494 986 unaque
519 958 551 978 ac
584 950 628 978 ille
652 951 765 982 sentire,
795 949 923 977 Ecclesiae

136 995 181 1023 Dci
198 996 356 1023 adversaus.
373 995 429 1023 Nos
442 996 526 1028 enim,
547 1000 607 1023 utut
622 1003 651 1023 se
667 995 795 1026 habeant,
810 1003 870 1030 quae
889 995 923 1022 ab

135 1043 228 1071 eodem
244 1050 306 1070 etnn
323 1042 466 1070 Barlaamo
483 1043 641 1070 decertante
657 1045 719 1069 ante
731 1041 846 1069 Tomum
858 1049 923 1068 con-

136 1089 237 1125 scripta
252 1088 370 1122 fuerant,
385 1093 413 1117 et
428 1093 489 1124 post
503 1088 632 1121 Tomum,
656 1092 755 1123 prater
766 1088 824 1123 jam
851 1087 923 1115 dicta

137 1137 191 1164 duo
203 1137 291 1171 capita
313 1136 481 1167 examinata.
494 1142 585 1170 neque
599 1135 727 1163 volumus
740 1141 826 1169 neque
838 1134 924 1162 susti-

137 1190 233 1210 nemus
251 1182 355 1213 audire,
381 1181 428 1209 sed
453 1181 558 1208 abunde
585 1180 664 1208 nobis
686 1179 824 1208 suﬁiciunt
851 1179 923 1207 dicta

137 1228 258 1260 Patrum,
274 1233 304 1255 ut
317 1231 453 1260 tenentur,
480 1226 552 1254 etab
572 1226 696 1254 Ecclesia
719 1225 766 1253 Dei
783 1232 923 1260 exponun-

138 1279 192 1307 tur,
205 1273 351 1302 schismata
372 1272 492 1304 reveriti,
514 1272 604 1307 qualia
632 1271 658 1298 in
680 1271 816 1299 similibus
848 1271 924 1298 nasci

136 1323 331 1348 consuescunt.
347 1318 469 1345 Breviter
479 1325 543 1352 ergo
560 1325 610 1344 nos
637 1317 814 1352 exposuimus
847 1323 924 1343 sum-

138 1374 210 1394 mam
228 1367 254 1393 in
271 1366 322 1393 hac
337 1365 462 1394 veritatis
477 1372 560 1392 causa
575 1363 608 1391 de
626 1362 734 1390 duobus
750 1363 926 1390 solummodo

136 1413 284 1448 capitibus,
296 1412 384 1446 ncc_dc
397 1410 451 1438 ullo
465 1410 519 1438 alio
533 1409 663 1440 svnodale
677 1416 792 1436 examen
806 1408 926 1440 ﬁnitum,

979 629 1119 656 Barlaatuo
1131 637 1210 664 quain
1227 629 1260 656 de
1281 630 1389 657 Palama
1412 630 1480 657 adeo
1494 631 1599 658 diversa
1635 632 1765 659 obtrudit.

980 675 1147 710 Nicrphorns
1165 675 1311 710 Gregnras,
1329 676 1453 704 oculatus
1479 677 1561 703 etiant
1597 677 1653 712 ipse
1679 678 1765 707 testis.

980 721 1073 752 refer»,
1087 721 1120 748 de
1131 722 1256 754 dogmate
1270 721 1336 749 nihil
1353 727 1443 749 actum
1460 730 1531 754 esse,
1548 723 1582 750 ob
1597 724 1767 757 praesentiant

981 768 1113 802 imperite
1126 767 1326 802 multitudinis;
1352 774 1419 801 tum,
1445 769 1637 804 nethcologim
1666 777 1768 804 myste-

981 814 1020 840 ria
1031 813 1155 848 profanis
1176 814 1248 849 vulgi
1266 815 1380 842 auribus
1409 815 1620 850 ingererentur;
1644 821 1712 847 tum,
1737 825 1768 842 ne,

977 858 1112 890 Palatinas,
1124 863 1221 886 contra
1237 858 1394 894 disputante
1414 860 1569 889 [ἔπι-1111111111.
1600 861 1768 895 111οι011010εο

977 907 1108 933 doctrinm
1123 905 1352 939 convinceretur;
1367 907 1502 941 synodum
1530 914 1604 935 vero.
1626 907 1716 933 lumen
1741 908 1766 932 iu

976 950 1123 981 Thaborio,
1148 951 1312 981 lncreatum.
1330 958 1356 978 et
1368 952 1456 986 ipsum
1470 953 1594 979 naturale
1609 952 1654 980 Dei
1676 953 1767 979 ltllllt‘tl

976 996 1070 1028 fuisse,
1085 997 1191 1024 dilhcilc
1202 997 1323 1024 adducor
1334 1002 1362 1024 ut
1373 998 1493 1029 credam,
1520 999 1683 1029 decrevisse,
1707 1006 1768 1025 cnut

976 1042 1073 1070 l‘alsum
1084 1042 1196 1070 omnino
1207 1043 1383 1070 decrevisset.
1393 1043 1528 1077 Quidquid
1542 1044 1613 1070 enim
1623 1043 1770 1071 adversarii

976 1093 1111 1118 asserant.
1126 1088 1198 1124 qttod
1212 1089 1352 1123 corporeis
1368 1089 1455 1117 oculis
1475 1090 1592 1120 videtur,
1620 1090 1770 1116 increatuut

974 1141 1029 1162 non
1038 1139 1094 1162 est:
1106 1134 1197 1162 lutnen
1207 1133 1264 1161 Tha
1270 1134 1374 1161 borium
1386 1134 1526 1169 corporeis
1535 1134 1621 1162 oculis
1630 1142 1645 1161 a
1653 1134 1773 1169 discipu'

977 1182 1009 1208 lis
1022 1182 1110 1209 visum
1125 1186 1183 1210 est:
1196 1187 1265 1213 tum,
1277 1181 1408 1218 quidquid
1425 1182 1562 1216 corporeis
1571 1182 1657 1210 oculis
1667 1182 1746 1209 videt:
1760 1188 1773 1208 l'

976 1232 1097 1256 creatum
1106 1233 1158 1262 est,
1171 1229 1260 1255 lnmcu
1270 1228 1437 1257 Thaborlum
1449 1229 1538 1256 visum
1556 1233 1606 1262 est,
1620 1237 1683 1264 ergo
1696 1237 1774 1256 0110-

978 1280 1035 1303 tum
1047 1280 1098 1307 est,
1116 1279 1144 1302 et
1157 1275 1231 1302 nullo
1247 1276 1326 1302 tnodo
1340 1276 1504 1303 increatum.
1521 1275 1602 1303 Plura
1615 1275 1774 1304 Philotlteus

977 1322 1146 1356 patriarcha,
1160 1326 1188 1350 et
1205 1322 1295 1348 aliide
1309 1323 1359 1349 ltoc
1372 1322 1487 1353 lumine,
1514 1329 1563 1355 pro
1578 1321 1695 1349 Palamzc
1713 1330 1775 1349 sen-

981 1367 1076 1398 tentia,
1090 1367 1172 1394 editis
1185 1367 1267 1395 etiatn
1289 1366 1377 1398 libris,
1393 1367 1580 1394 disseruerunt
1594 1375 1601 1393 :
1617 1368 1665 1394 sed
1687 1375 1775 1401 neque

980 1412 1059 1440 dictis
1071 1413 1241 1446 argumentis
1256 1412 1442 1446 respondent;
1458 1413 1622 1447 ﬁrmumque
1638 1418 1664 1440 et
1679 1413 1775 1440 incon-

136 1465 164 1488 et
185 1464 294 1494 propter
309 1459 367 1486 haec
383 1458 442 1486 sola
459 1458 576 1493 ejectum
591 1457 805 1491 damnatumque
828 1455 928 1483 absur-
944 1461 965 1489 ς.
982 1465 1091 1485 cttssutn
1105 1462 1167 1485 stat.
1181 1457 1320 1492 Quidquid
1334 1462 1385 1490 est,
1407 1462 1453 1484 aut
1469 1459 1537 1485 Deus
1563 1462 1614 1492 est,
1636 1462 1684 1485 aut
1697 1466 1742 1485 cro
1762 1474 1775 1483 .-

139 1505 285 1533 dissitnum
302 1504 488 1536 Barlaamum,
502 1509 529 1530 et
549 1507 652 1531 tantam
676 1510 786 1538 pmnam
799 1502 836 1529 illi
863 1509 878 1529 a
892 1501 929 1529 De

138 1551 260 1581 Ecclesia
278 1551 409 1579 iullictam
440 1549 535 1578 I'ui55e.
552 1550 608 1577 Hos
628 1555 719 1577 autem
731 1554 758 1576 et
777 1550 845 1576 alios
864 1556 927 1576 cttm

137 1599 320 1631 vehementia,
332 1597 529 1632 increpatione,
555 1602 582 1624 et
595 1596 755 1624 austeritate
782 1596 929 1631 spirituali,

139 1645 340 1680 impedivimus,
355 1652 388 1671 ne
401 1644 467 1680 quid
485 1643 598 1671 omnino
611 1647 762 1675 moverent,
776 1647 824 1670 attt
838 1642 930 1678 loque-

139 1698 233 1720 rentur
247 1693 280 1720 de
290 1691 474 1727 dogmatibus,
492 1696 518 1717 et
529 1690 625 1718 turbas
653 1697 686 1716 ac
704 1688 850 1721 tumultus,
880 1696 931 1716 nec

138 1747 192 1767 non
206 1739 354 1767 schismata
371 1737 418 1765 Dei
435 1737 562 1765 Ecclesia:
575 1735 772 1769 conciliarent;
794 1740 821 1763 et
836 1743 930 1764 eorum

138 1793 199 1820 qtue
216 1785 292 1820 prius
301 1784 421 1819 abipsis,
439 1784 503 1811 dum
520 1791 583 1812 cum
596 1783 737 1811 Barlaamo
749 1783 932 1818 disputarem,

139 1837 292 1865 attupostea
311 1830 545 1865 conscripserunt,
562 1829 668 1856 nullum
689 1835 804 1855 examen
830 1828 931 1855 factum

140 1876 226 1903 fuisse
253 1875 414 1903 asserimus.
441 1874 498 1901 imo
527 1874 622 1901 sedulo
656 1873 758 1901 similia
783 1873 932 1908 postttlata,

142 1928 247 1950 tantum
264 1921 361 1954 abfuit,
375 1926 405 1948 ut
421 1921 520 1948 tradita
536 1920 648 1954 fuerint,
664 1919 788 1947 utetiam
804 1924 866 1954 post
878 1919 932 1946 To-

145 1977 219 1996 mum
238 1969 290 1996 alia
306 1968 487 1995 inverecunde
511 1966 680 1995 sanciverint
698 1971 724 1993 et
748 1966 929 1994 decreverint.

140 2015 218 2043 Dicta
243 2024 325 2050 porro
352 2013 462 2042 Patrum
490 2021 544 2041 nou
570 2013 721 2040 adulterata
744 2012 777 2039 ad
798 2012 934 2039 dictorum

139 2065 257 2091 duorum
268 2063 389 2097 capitum
402 2061 559 2090 ﬁrmitatem
575 2060 679 2095 absque
694 2060 747 2086 nlla
759 2060 935 2086 enarratione

140 2116 166 2138 et
185 2109 356 2145 expositione
365 2108 512 2142 amplrxati
526 2114 634 2134 sumus.
649 2105 728 2139 Quod
745 2107 766 2133 si
781 2107 842 2142 quis
854 2115 884 2133 ea
899 2106 933 2133 ad

141 2156 282 2191 proprium
302 2162 414 2189 scopum
436 2153 574 2179 attrahere
602 2152 727 2184 voluerit,
757 2158 784 2178 et
805 2152 934 2186 interpre-

141 2204 206 2235 tari,
224 2207 250 2229 et
265 2209 347 2236 super
364 2200 416 2227 illis
429 2200 542 2232 tit-mari,
557 2199 672 2233 aliisque
702 2199 735 2226 dc
761 2199 860 2235 quibus
895 2198 935 2224 di—

142 2255 218 2277 ctum
245 2254 297 2279 est.
324 2256 378 2275 non
404 2252 545 2283 propterea
574 2247 688 2274 omnino
713 2245 776 2272 ntali
806 2244 934 2272 censendi

141 2303 217 2330 sunt,
233 2297 278 2332 qui
295 2305 325 2324 ea
341 2298 376 2324 ita
398 2297 456 2323 sine
481 2296 534 2325 alio
549 2295 676 2322 examine
698 2299 873 2329 acceperunt.
892 2294 936 2321 Di-

141 2350 186 2373 cta
203 2345 275 2372 enim
293 2350 450 2372 sanctorum
467 2343 500 2370 iis
515 2343 561 2378 qui
578 2347 672 2370 sancte
701 2347 728 2369 et
761 2342 804 2376 pie
836 2342 937 2369 intelli-

142 2394 251 2426 guntet
273 2389 480 2421 ex05culautttr,
506 2388 597 2415 lumen
627 2392 690 2414 sunt
720 2388 842 2415 veritatis
871 2394 934 2422 erga

142 2437 251 2470 Deunt;
270 2436 316 2471 qui
329 2435 382 2462 alio
399 2435 481 2462 tuodo
497 2435 644 2469 accipiunt,
661 2435 693 2461 iis
712 2439 776 2461 sunt
788 2434 935 2469 reprehen-

142 2485 185 2511 sio
200 2489 226 2510 et
238 2484 441 2510 condemnabo.
455 2480 510 2507 Nec
526 2482 608 2508 etiam
638 2481 774 2508 obstinate
803 2481 934 2518 prohibe-

143 2537 217 2561 mus,
232 2537 264 2555 ne
279 2535 361 2562 super
373 2527 440 2562 ipsis
459 2532 617 2553 satu-torum
640 2526 721 2555 dictis
738 2525 841 2561 aliquid
857 2526 936 2561 quis-

144 2577 216 2611 piam
230 2575 315 2607 dicat,
330 2582 390 2609 quat
407 2573 568 2608 simpliciter
579 2578 603 2600 ct
616 2572 673 2600 sine
686 2573 788 2607 prrevio
801 2573 936 2605 examine,

144 2628 274 2656 tanquam
309 2625 478 2651 sanctorum,
513 2621 713 2655 amplectimur.
743 2618 835 2646 Unum
865 2620 936 2646 enim

143 2672 196 2698 est,
214 2667 286 2701 quod
301 2675 314 2692 a
334 2667 412 2694 nobis
428 2670 604 2701 procuratur,
624 2665 812 2693 DeiEcclesim
827 2667 937 2701 propria

144 2715 273 2747 dogmata
290 2719 363 2740 sarta
379 2717 448 2740 tecta
463 2712 630 2744 conSt-rvari,
649 2716 685 2744 et,
706 2712 937 2746 quemadmodum

146 2769 196 2787 nos
212 2768 272 2786 mm
290 2760 457 2794 at-cepimus,
483 2760 517 2785 ita
534 2763 560 2786 et
585 2759 617 2786 ad
651 2763 774 2794 posteros
803 2760 838 2786 ab
863 2759 937 2786 omni

147 2807 282 2834 adultctio
297 2811 323 2833 ct
341 2807 427 2833 alieno
437 2806 561 2840 dogmate
573 2806 720 2833 immunem
737 2805 933 2834 transmittere.

308 2857 441 2886 l‘at‘tttnL.
464 2856 522 2886 CB.
553 2854 609 2889 CL.

981 1508 1060 1536 tura;
1077 1503 1098 1531 si
1110 1502 1192 1535 Deus,
1205 1510 1273 1539 ergo
1286 1510 1338 1530 non
1350 1503 1610 1538 conspicituroculis
1619 1504 1775 1538 corporeis;

982 1551 1004 1578 si
1019 1555 1155 1581 creatura,
1173 1558 1225 1577 non
1246 1557 1310 1585 ergo
1333 1550 1493 1577 incrcatum.
1511 1549 1544 1577 Et
1563 1550 1636 1578 dicta
1652 1550 1774 1583 Patrum,

983 1606 1044 1633 quae
1056 1606 1103 1631 pro
1122 1597 1239 1625 Palatnae
1262 1597 1390 1632 opinione
1420 1598 1619 1633 agglomerant.
1647 1598 1772 1625 Barlaatu

984 1645 1073 1679 potius
1099 1643 1262 1671 sententiam
1281 1643 1402 1676 ﬁrmare,
1415 1636 1547 1671 latissime
1573 1644 1670 1678 probat
1693 1643 1777 1671 Joano

984 1699 1032 1718 nes
1043 1690 1237 1726 Cyparissiata,
1255 1697 1317 1725 cap.
1330 1690 1346 1717 11
1363 1694 1390 1716 et
1402 1689 1418 1716 5
1435 1689 1550 1717 Decadis
1565 1694 1659 1717 sextre.
1677 1689 1778 1723 Queru—

984 1738 1129 1763 azlmodum
1146 1745 1177 1763 ex
1191 1737 1243 1763 alia
1270 1740 1347 1769 parte
1363 1734 1500 1770 Josephus
1516 1735 1681 1770 Bayennius,
1706 1741 1776 1763 orat.

984 1782 1017 1809 de
1030 1781 1279 1817 Transtignratione
1295 1780 1413 1811 Domini.
1428 1781 1586 1808 eorumdetn
1617 1781 1696 1808 dictis
1724 1781 1776 1807 Pa.-

985 1826 1424 1855 1111111050111011111111100110001³1..
1453 1825 1524 1859 Quid
1552 1833 1616 1860 ergo
1634 1826 1776 1853 dicendum

985 1874 1190 1901 est?Patrrsuc
1219 1873 1270 1900 sibi
1296 1873 1411 1899 invicem
1446 1871 1581 1899 contraria
1615 1871 1779 1898 tradidisse?

984 1921 1174 1956 Nequaquam.
1189 1919 1290 1953 Quare,
1312 1920 1349 1947 uti
1365 1919 1390 1946 in
1405 1919 1488 1947 rebus
1506 1919 1577 1949 aliis,
1604 1919 1640 1945 ita
1671 1917 1697 1944 in
1726 1917 1778 1944 hac

984 1974 1104 2002 quoque.
1127 1967 1211 1993 media
1226 1966 1266 1992 via
1280 1965 1506 2001 progrediendum
1526 1970 1578 1995 est.
1594 1972 1626 1991 ue
1639 1972 1653 1991 a
1664 1964 1778 1991 veritate

985 2016 1156 2041 alwrrrmns.
1188 2012 1214 2040 id
1229 2021 1290 2040 cum
1322 2020 1378 2040 11011
1407 2013 1523 2040 aSsecuti
1551 2012 1667 2040 fuissan
1690 2018 1779 2045 neque

986 2061 1243 2095 llarlaauuts‘naquc
1260 2060 1395 2092 Palamas,
1416 2059 1442 2087 in
1460 2060 1548 2087 varios
1576 2066 1684 2086 errores
1711 2058 1779 2093 lapsi

986 2112 1060 2133 sunt.
1075 2106 1262 2141 Erroritaque
1276 2106 1368 2137 fuerit.
1391 2113 1522 2137 asserere,
1556 2105 1645 2133 lumen
1672 2105 1735 2132 illud
1752 2107 1778 2132 in

988 2158 1078 2180 monte
1091 2152 1227 2180 Thaborio
1243 2161 1296 2180 non
1313 2153 1396 2180 fuisse
1419 2153 1528 2180 deitatis
1553 2153 1579 2179 ill
1593 2161 1624 2179 us
1651 2153 1778 2188 gloriam,

986 2207 1012 2228 et
1027 2203 1118 2229 lumen
1134 2203 1288 2238 proprium,
1311 2203 1457 2238 lumenque
1484 2205 1517 2230 ab
1543 2205 1661 2231 essentia
1687 2205 1780 2232 divina

986 2255 1129 2281 cmanans,
1154 2249 1225 2284 quod
1240 2257 1322 2276 111111111
1336 2255 1362 2276 et
1387 2249 1456 2277 idem
1471 2258 1533 2277 cum
1559 2251 1678 2279 essentia
1690 2251 1781 2278 divina

986 2300 1044 2321 erat
1076 2302 1127 2322 nec
1155 2295 1239 2327 aliud,
1265 2300 1294 2322 ut
1323 2301 1451 2323 asserunt
1476 2298 1646 2332 apertissime
1676 2298 1781 2332 Patres.

988 2340 1111 2376 Epitrqu
1135 2341 1231 2377 Syrus,
1264 2341 1382 2370 Joaunrs
1414 2344 1609 2375 Dautasrcntts,
1639 2346 1782 2381 [tiottysuts

989 2388 1166 2422 Arcopagila,
1201 2389 1324 2415 Andreas
1341 2389 1493 2419 Cretensis.
1517 2391 1630 2418 Cosmas
1649 2391 1781 2423 Melodus,

989 2432 1124 2462 Maximus
1139 2434 1291 2465 confessor.
1306 2435 1424 2470 Cyri.lus
1437 2436 1648 2466 Alexandrinus.
1663 2437 1758 2464 Joantu
1770 2446 1782 2464 s

988 2479 1211 2515 ChrysOstomus,
1249 2480 1399 2517 Gregorius
1431 2481 1634 2515 Nazianzenus.
1664 2484 1782 2513 Basilus

989 2527 1103 2562 Magnus
1117 2533 1143 2555 et
1157 2528 1324 2555 Athanasius
1350 2528 1521 2564 Synadenus.
1548 2531 1681 2565 Splendor
1709 2532 1782 2562 enim

989 2574 1046 2606 ille,
1068 2580 1094 2602 ct
1119 2576 1221 2609 lumen,
1237 2576 1296 2611 ipsa
1317 2577 1415 2605 Christi
1433 2579 1517 2607 dcitas
1535 2578 1607 2609 beati
1632 2578 1692 2608 fuit.
1722 2586 1782 2613 qua:

989 2627 1037 2653 per
1052 2620 1212 2647 miraculum
1229 2622 1262 2648 ad
1277 2621 1343 2649 illud
1362 2628 1468 2658 tempus
1480 2628 1559 2655 tecta,
1578 2631 1611 2650 ne
1627 2624 1713 2651 octtlis
1730 2625 1781 2650 liv:-

990 2667 1080 2694 manis
1099 2676 1147 2694 sua
1166 2668 1308 2704 majestate
1325 2669 1454 2702 oliicerct,
1475 2678 1507 2698 eo
1532 2671 1576 2698 die
1598 2675 1722 2699 cessante
1743 2672 1783 2698 111-

990 2717 1034 2740 010
1059 2712 1191 2741 tuiractlio
1211 2716 1347 2750 apparuit,
1367 2721 1393 2743 ct
1418 2717 1603 2751 apostolorum
1619 2717 1712 2746 oculos
1727 2719 1783 2744 cir-

990 2759 1142 2788 cutnl'ulsit.
1165 2760 1196 2787 Et
1219 2768 1408 2795 argumentum
1435 2765 1468 2790 tle
1489 2769 1580 2791 creato
1603 2769 1629 2792 et.
1661 2766 1783 2797 increato

991 2805 1059 2834 nihil
1077 2807 1225 2835 concludit.
1242 2807 1342 2837 Verum
1366 2811 1439 2839 enim
1466 2815 1517 2845 est,
1539 2813 1627 2840 oculis
1643 2813 1783 2848 corporeis

1553 2859 1592 2893 29
