1963 3066
113 146 155 178 961

112 209 154 235 turn
167 205 306 236 facientes,
324 203 424 237 attrigm
436 202 643 230 ratiocinantcnr
663 202 794 236 :quidam
806 211 888 230 vert.-.—
905 207 924 233 Α

113 253 157 282 tori
173 252 231 279 viro
245 250 466 282 ratiocinantem,
483 258 553 285 equo
567 250 610 277 cui
635 242 735 278 insidet
758 251 888 284 concupi-

114 302 238 327 srentem,
263 296 325 322 cani
350 296 466 330 adjutori
495 295 659 323 irascentem
676 300 887 330 comparantes:

113 345 168 378 quin
183 340 265 371 etiam
280 342 401 369 lot'orurn
419 341 628 369 discriminibus
645 342 830 377 sejungentes.
847 350 891 369 ra-

113 390 205 416 liouern
227 392 256 415 ut
278 387 430 421 principem
447 387 473 413 in
491 387 614 418 cerebro,
631 391 761 422 tanquam
778 387 804 413 in
829 394 892 413 arce.

113 442 225 467 summa,
243 441 258 461 e
274 433 429 468 propirrqtto
443 432 521 466 quasi
543 433 673 460 satellitio
684 440 814 460 sensuum
830 440 892 459 mtt-

114 482 190 508 rritam
204 488 236 507 ac
249 480 388 507 defensam
410 488 417 506 :
433 479 501 506 iram
519 479 546 506 in
559 480 653 510 corde.
672 479 850 514 cupiditatem
867 479 893 506 in

115 528 228 561 iecinore
246 527 392 554 collocant.
408 525 522 553 Eximia‘:
537 533 603 554 vero
617 526 759 561 sapientiae
774 526 893 561 Aposto.

115 575 161 605 lus.
176 573 330 600 evidentius
346 573 428 599 animi
440 578 544 607 partem
557 572 671 600 rationis
686 572 845 607 participem
861 572 896 599 ab

115 625 219 654 experte
245 619 428 653 distinguens,
443 618 516 645 illaut
535 619 661 653 spirituum
688 623 715 645 et
738 618 896 645 interiorem

117 667 248 693 hominem
262 685 269 698 ,
286 665 356 692 hanc
371 672 482 691 carnem
505 667 531 690 et
562 665 726 691 exteriorem
757 664 897 690 hominem

117 712 228 747 appellat
240 721 248 744 ;
263 711 363 739 deinde
375 711 597 738 contrarietatem
611 719 705 738 carum
718 709 898 745 patefaciens,

119 757 244 787 «Cerno,
268 755 366 790 inquit,
384 755 496 782 alteram
524 755 608 791 legem
635 763 696 790 quae
715 756 740 782 in
767 755 900 782 membris

117 802 182 829 meis
199 805 252 834 est,
268 805 465 835 repugnantem
490 800 542 835 logi
566 801 664 827 mentis
686 808 764 830 meze.
775 805 802 827 et
815 800 900 834 capti-

116 853 220 875 vantem
238 855 282 874 me
297 847 349 875 sub
366 846 451 881 legem
467 847 602 880 peceati‘.
619 856 629 873 ι
646 846 791 874 Orationes
810 851 899 873 autem

117 902 183 930 quas
197 902 300 930 corpus
313 899 339 921 et
353 902 429 921 mens
451 901 498 920 seu
514 894 620 921 ratione
645 898 735 924 utens.
748 897 775 920 et
793 894 901 928 patiens

117 941 199 968 animi
216 947 291 975 pars,
312 940 432 967 vicissim
449 939 616 970 habuerunt,
631 938 741 966 exiliter
756 938 903 965 admodum

117 988 220 1014 stoicus
244 986 391 1014 Cleanthes
416 991 458 1012 est
474 976 658 1014 commentus.
677 985 716 1012 sic
740 991 787 1012 eas
802 984 905 1012 faciens

117 1034 259 1067 loquentes
269 1032 367 1065 :Quid,
380 1032 531 1064 anime,vis
545 1030 646 1058 factum
657 1030 715 1062 tibi,
729 1030 793 1057 mihi
804 1030 904 1057 indica.

117 1079 254 1114 Quidquid
280 1078 350 1111 fieri,
368 1086 383 1106 ο
399 1078 480 1109 ratio,
499 1077 643 1105 desidero:
660 1077 686 1104 id
704 1077 808 1110 regium
827 1076 907 1111 plane

117 1130 170 1152 est.
185 1124 301 1158 Quidam
316 1125 398 1151 etiam
417 1123 547 1151 Ecclesia:
569 1123 723 1158 sapientum
747 1124 905 1155 doctorum,

117 1172 271 1198 iamborum
302 1171 432 1206 scriptor,
453 1171 492 1197 ait
519 1169 582 1198 alibi
600 1179 607 1197 :
624 1169 686 1196 Tibi
711 1169 777 1204 quid
794 1173 908 1204 exoptas

118 1219 176 1244 ﬁeri
192 1226 200 1247 :
219 1221 335 1244 mentem
367 1225 455 1244 meam
483 1217 558 1244 soleo
588 1223 710 1252 rogare;
732 1216 810 1244 visne
824 1215 907 1251 Gygis

117 1271 164 1291 res
184 1263 233 1290 Iras
250 1268 276 1291 ct
299 1262 381 1291 illas?
397 1263 453 1290 Nos
466 1270 530 1290 vero
552 1262 580 1290 in
607 1261 764 1297 juveniliori
788 1261 907 1297 quodam

658 1430 848 1461 οΕσιΑΙιΑ
855 1431 927 1462 ΤῙΟ

770 145 1012 176 ΡΠΟΞΟΡΗΙἮΠ

1669 143 1725 176 969.
1753 148 1755 150 ’

941 205 1047 231 (ΙὶοιιιιιΙι
1069 213 1166 239 genere
1195 205 1350 239 illijllSlllUtii
1378 204 1545 237 illbiblellit's,
1569 205 1601 232 ad
1617 205 1731 239 judicia—

942 252 993 278 leu
1013 251 1128 278 formant
1147 251 1252 286 dialogi
1281 252 1413 278 rationem
1434 252 1634 284 protendiinus,
1658 257 1686 279 et.
1703 257 1733 279 ut

942 298 979 324 rei
996 298 1099 331 species
1121 298 1262 324 lienestior
1283 297 1425 331 etzequior
1440 302 1524 328 esset,
1542 297 1649 330 judices
1663 298 1733 324 assi-

942 344 1038 370 dentes
1053 343 1258 374 constituimus,
1282 350 1313 369 ae
1330 347 1421 376 partes
1438 342 1607 369 accusatoris
1622 342 1732 370 animus

944 389 1058 415 rationis
1087 389 1233 423 par-tiCeps,
1262 387 1414 414 defensoris
1441 395 1541 422 corpus
1569 388 1734 415 tenet:ltzcc

944 435 1017 461 enim
1039 443 1100 461 cunt
1119 435 1180 461 tit-ta
1195 434 1318 468 qu:edatu
1345 434 1526 461 describenda
1544 438 1607 461 sunt
1623 434 1734 468 pennit—

946 484 1052 506 turttur.
1067 477 1267 512 Neequispiatn
1286 478 1414 505 novitatis
1433 479 1537 506 crimen
1556 478 1655 505 inferat
1671 486 1736 505 ora-

947 525 1025 556 tioni,
1046 525 1115 552 haud
1147 525 1257 552 nescius
1283 533 1337 558 quo
1360 531 1449 559 pacto,
1469 529 1495 551 et
1518 525 1551 551 ad
1572 525 1731 559 imaginum.

947 577 973 598 et
991 571 1022 597 ad
1036 577 1213 605 personarum
1229 571 1357 605 ﬁgmenta
1370 590 1376 602 ,
1393 571 1580 604 sophistarum
1593 578 1624 596 ac
1637 571 1734 597 decla-

949 618 1080 644 rnarrtiurrt
1101 617 1291 644 meditatienrs
1306 621 1441 651 provecta:
1456 622 1529 644 sunt.
1551 616 1628 649 Quod
1645 623 1734 643 autem

949 665 1133 699 assttrnptivns
1158 669 1246 691 status
1275 664 1322 696 sit,
1338 665 1431 699 agnitu
1457 672 1510 691 non
1528 668 1569 691 cst
1590 664 1739 690 eidiliicite

950 711 1035 745 quiin
1059 711 1187 738 civilibus
1214 711 1413 745 quatstionibus
1425 710 1587 738 exercendis
1607 714 1636 736 et
1651 709 1738 736 medi—

952 758 1042 785 tandis
1058 758 1219 792 aliquandiu
1248 763 1374 785 versatus
1388 761 1444 790 est;
1463 757 1555 791 potius
1584 756 1740 790 intelligen-

953 806 1015 831 dum
1042 807 1094 837 est,
1109 812 1171 831 cum
1197 808 1387 837 argumentum
1407 810 1516 838 gravem
1543 801 1740 829 sententiarum

954 851 1096 878 materiam
1124 851 1309 885 suppeditaret
1327 852 1409 884 (stupe
1425 849 1496 876 crriut
1514 854 1621 875 motum
1634 855 1739 875 rerum-

952 905 1004 931 que
1031 902 1135 923 naturzc
1157 895 1414 930 contemplationem
1435 894 1568 929 attingit),
1582 901 1631 921 nos
1651 898 1742 920 tamen

953 942 1041 976 quoad
1060 941 1148 972 licuit,
1170 941 1212 967 ria
1228 941 1389 975 rationeque
1414 939 1572 970 artificiosa,
1583 946 1612 966 re
1625 939 1659 965 ad
1674 938 1743 965 civi-

955 988 1052 1014 lioretn
1074 987 1167 1014 stilum
1194 991 1320 1013 revocata
1344 986 1377 1013 ad
1389 985 1563 1020 iudicialium
1587 983 1742 1011 orationum

955 1035 1072 1068 speciem
1087 1034 1322 1060 accommodassc.
1340 1033 1418 1065 Quod
1435 1033 1457 1060 si
1472 1039 1519 1067 per
1532 1031 1623 1058 omnia
1639 1038 1746 1057 assunt-

958 1080 1024 1116 ptivi
1033 1080 1140 1115 gent-ris
1151 1080 1237 1114 capita
1254 1080 1296 1106 hae
1310 1087 1363 1106 tton
1376 1079 1526 1114 procedant
1538 1077 1689 1107 orationes,
1704 1076 1746 1102 ni-

961 1126 998 1154 hil
1012 1127 1131 1157 mirum;
1145 1132 1208 1152 nam
1232 1132 1283 1152 nec
1305 1125 1331 1151 in
1348 1124 1476 1151 omnibus
1498 1124 1560 1151 aliis
1578 1122 1748 1158 argumentis

961 1173 1052 1199 omnia
1073 1172 1197 1199 incidant
1214 1178 1325 1198 necesse
1340 1175 1400 1202 est;
1420 1172 1476 1197 haec
1487 1177 1553 1204 quae
1563 1168 1752 1204 prmrrteditari.

960 1219 1088 1254 oportuit,
1105 1219 1157 1247 ltoc
1176 1218 1257 1245 modo
1272 1217 1456 1253 prterncditata
1471 1217 1535 1244 sint.

965 1431 1035 1462 ASS
1039 1431 1154 1463 UMPT
1155 1431 1172 1462 1
1178 1429 1235 1462 VA.

156 1525 190 1554 Si
208 1524 279 1560 apud
291 1524 360 1552 alios
373 1524 419 1559 qtti
433 1531 487 1551 non
502 1523 683 1559 intelligerent
694 1529 821 1551 accurate
834 1532 904 1559 quan

967 1521 1029 1541 sura
1043 1514 1075 1541 ad
1089 1521 1120 1541 ea
1139 1514 1264 1541 oratione
1289 1512 1452 1548 explicanda
1471 1519 1531 1546 qua:
1556 1511 1755 1540 contumeliose

116 1573 214 1609 patior
231 1571 426 1599 contumeliam
444 1571 478 1597 ab
492 1571 545 1597 hoc
561 1578 668 1597 mecum
687 1571 834 1606 eorrjngato
851 1579 916 1598 cor-

116 1627 203 1654 pore,
222 1619 272 1645 hoe
293 1625 414 1652 prasens
428 1621 566 1644 certamen
584 1617 766 1648 instituerent,
779 1617 843 1643 rnilti
860 1617 917 1651 ipse

117 1666 308 1694 facesserem,
326 1663 435 1697 illisque
459 1662 606 1690 conﬂarem
638 1663 746 1698 negotia
764 1671 770 1690 :
789 1663 917 1690 nimirum

115 1713 153 1740 ad
175 1719 238 1739 rem
258 1710 396 1744 pertinere
412 1709 529 1741 ducens,
545 1710 567 1736 si
591 1709 750 1743 singulatim
766 1717 797 1736 ca
819 1710 919 1744 quibus

115 1767 164 1785 me
184 1757 273 1784 malis
284 1759 381 1783 onerat
396 1756 455 1783 haec
467 1755 532 1782 tnilri
547 1756 754 1782 contubernalis
767 1755 920 1787 calamitas,

112 1810 305 1839 exponerem.
326 1803 424 1830 Verum
442 1810 503 1829 ctrm
528 1793 599 1835 apud
617 1809 677 1833 vos,
695 1802 817 1828 omnium
835 1803 921 1828 virtu-

114 1855 182 1877 tum
201 1849 337 1879 eultorcs.
355 1848 422 1875 mihi
449 1853 579 1883 quantam
603 1856 701 1882 passus
724 1849 775 1876 sint
792 1848 920 1882 injuriam

112 1896 222 1922 divina
251 1893 424 1921 Providentia
455 1898 484 1920 ut
506 1893 530 1920 id
547 1894 667 1921 facerent
692 1902 853 1921 conccssum
877 1894 922 1926 sit,

114 1943 171 1978 qtti
194 1942 254 1968 hoc
270 1940 331 1974 ipso
348 1939 420 1974 qttod
437 1947 498 1966 cum
516 1947 548 1966 eo
562 1940 654 1967 luetati
685 1940 836 1974 per-iculum
858 1940 923 1966 feci-

114 1989 188 2019 stis.
207 1986 387 2014 manifestum
411 1985 590 2012 dicendorum
609 1990 801 2020 argumentum
824 1992 925 2019 praece-

118 2034 227 2070 pistis,
254 2040 308 2059 non
335 2031 482 2058 admodum
508 2030 574 2057 mibi
591 2030 687 2057 videor
712 2027 858 2064 operosum
879 2034 926 2056 aut

108 2079 235 2114 alioqui
267 2076 410 2104 molestum
436 2075 558 2102 futurum
587 2075 662 2102 vobis
695 2076 748 2103 tale
787 2081 925 2102 certamen

109 2130 272 2159 aggressa.
300 2122 373 2149 Satis
396 2121 526 2148 cninrest
553 2121 626 2148 breri
658 2122 773 2155 quadam
804 2121 927 2148 oratione

106 2166 318 2206 percurrisse,
332 2170 359 2193 et
374 2167 505 2194 duntaxat
519 2166 545 2193 in
565 2166 725 2193 memoriam
749 2166 826 2194 vobis
848 2174 927 2193 revo-

105 2221 217 2244 casse,
236 2218 309 2245 quas
339 2210 405 2236 rtrilri
427 2210 496 2238 solet
522 2210 649 2236 vitiorum
680 2210 876 2244 impressiones
899 2215 927 2238 et

104 2258 299 2287 occasiones
324 2255 465 2288 exhibere,
483 2255 599 2290 indeque
626 2260 656 2282 ut
683 2255 810 2290 suffragia
833 2255 929 2283 feratis

103 2305 289 2341 postulare.
305 2303 399 2337 Itaque
416 2302 557 2337 paululum
575 2307 666 2330 vestro
689 2302 716 2329 in
733 2303 816 2329 rebus
828 2302 928 2330 divinis

102 2349 357 2384 contemplandis
386 2349 546 2376 intermisso
571 2348 674 2381 studio,
697 2348 789 2376 audite
815 2356 869 2381 nte,
882 2356 930 2384 per

103 2403 242 2426 vestros
261 2402 311 2422 vos
328 2395 460 2427 obtestor,
480 2395 589 2422 virttttis
601 2402 665 2429 ergo
681 2399 707 2421 et
719 2395 820 2422 multos
833 2399 859 2421 et
873 2403 932 2422 trra-

101 2451 192 2480 gnos
214 2441 353 2474 sudores,
378 2445 405 2468 et
423 2440 521 2475 jurcue
549 2449 639 2468 meum
666 2448 766 2475 cet-pus
783 2441 931 2475 reprehen-

97 2492 196 2522 dam,
221 2493 333 2519 necne,
349 2490 379 2514 ut
390 2486 485 2513 arbitri
501 2485 608 2521 judices
622 2486 752 2520 judicate,
770 2494 803 2514 ne
819 2486 934 2521 posthac

98 2539 194 2564 inter
216 2539 282 2561 nos
302 2531 484 2559 dissideatnus
498 2537 580 2567 atque
597 2532 784 2559 discortlemus
800 2541 808 2560 :
824 2531 872 2558 Sed
894 2531 935 2558 itt-

96 2583 300 2616 tclligamtts
325 2585 416 2607 utrum
431 2584 556 2605 nostrum
573 2578 691 2605 alterttrn
710 2577 807 2605 alliciat
821 2577 934 2612 injuria.

96 2630 203 2660 Nam,
229 2627 317 2661 quod
335 2626 518 2654 rniscrabilirts
534 2629 585 2658 est,
603 2629 701 2659 praeter
722 2625 847 2652 convicia
871 2623 934 2659 qui-

95 2678 166 2704 bus
189 2671 380 2702 insolcntius
408 2673 434 2700 in
459 2680 502 2699 me
527 2671 723 2702 dcbacclratur,
742 2671 824 2698 etiarn
840 2678 935 2698 eorum

91 2730 175 2759 qua;
214 2719 372 2747 immerito
399 2719 564 2753 indigneque
590 2718 689 2752 patior,
727 2725 770 2744 tne
796 2722 936 2744 auctorem

91 2771 317 2801 causamque
334 2765 425 2794 facere
447 2773 502 2794 non
517 2762 637 2793 veretur.
655 2763 714 2791 Jam
734 2771 797 2791 vero
813 2771 938 2799 progres-

143 2877 150 2891 ¹
173 2874 201 2900 R
221 2879 283 2897 ιιιι.
306 2868 407 2896 \‘tt.55.

967 1565 1060 1587 contra
1075 1569 1118 1587 me
1134 1560 1226 1599 audet,
1250 1559 1316 1586 nihil
1338 1559 1539 1586 incommodius
1567 1558 1671 1586 factura
1690 1557 1756 1586 ιιιῖῖιῖ

967 1606 1072 1638 videor,
1088 1607 1110 1634 si
1134 1607 1214 1641 paulo
1227 1606 1309 1633 altius
1326 1606 1433 1632 inititrm
1448 1612 1567 1632 sumam.

1004 1652 1071 1687 Ego,
1093 1653 1141 1678 viri
1159 1652 1323 1685 beatissimi,
1340 1659 1439 1685 genere
1453 1651 1544 1678 divina
1556 1658 1628 1682 sum,
1642 1655 1669 1678 et
1683 1657 1698 1677 e
1712 1658 1757 1676 su-

969 1705 1051 1733 perna
1075 1698 1121 1725 illa
1146 1698 1230 1724 nobili
1248 1698 1374 1732 prosapia
1404 1697 1537 1731 originem
1559 1697 1636 1729 duxi,
1655 1700 1683 1723 ut
1698 1705 1759 1731 qtrte

971 1744 1022 1771 sim
1039 1743 1085 1770 Dei
1099 1744 1266 1779 spiraculum
1281 1748 1307 1770 et
1322 1744 1411 1778 imago
1424 1742 1564 1777 pritnaria,
1580 1742 1759 1776 omniumque

972 1795 1140 1817 terrenorutn
1153 1789 1255 1824 regina;
1273 1796 1327 1816 non
1345 1788 1417 1815 enini
1432 1787 1466 1814 de
1485 1795 1527 1814 tne
1544 1787 1601 1814 haec
1618 1787 1761 1821 magnifice

973 1835 1120 1869 prmdicare
1136 1835 1259 1863 verebor.
1277 1839 1382 1861 tantum
1400 1836 1584 1860 ne‘ostcntare
1597 1839 1656 1859 mea
1669 1832 1762 1858 videar

973 1882 1044 1916 apud
1060 1889 1109 1908 vos
1123 1881 1225 1915 alioqtti
1247 1880 1431 1914 magniloquo,
1456 1877 1503 1912 qui
1527 1878 1611 1913 probe
1627 1878 1713 1905 nostis
1731 1886 1763 1904 ac

974 1927 1002 1954 in
1020 1928 1122 1954 honore
1139 1935 1224 1953 rtreatn
1243 1926 1379 1953 ltabui~tis
1396 1925 1580 1959 coluistisque
1595 1924 1761 1960 dignitatum

975 1973 1191 2008 amplitudinem.
1228 1972 1375 2007 Postquam
1400 1972 1472 1999 enirn
1509 1971 1554 1999 illa
1591 1979 1651 2006 qua:
1677 1971 1764 1997 nostri

976 2019 1135 2054 priurariutn
1157 2019 1294 2053 exemplar
1314 2023 1355 2046 est
1372 2018 1492 2048 bonitas.
1509 2010 1542 2044 ad
1569 2017 1638 2044 bene
1662 2016 1767 2043 facien-

977 2065 1040 2091 durn
1053 2072 1103 2092 suo
1119 2065 1228 2099 ingenio
1239 2070 1313 2099 apta,
1326 2065 1457 2091 mundum
1471 2063 1664 2098 intelligentem
1677 2067 1702 2089 et
1715 2062 1767 2088 sub

978 2111 1184 2146 intelligentiam
1198 2111 1352 2142 calentem,
1365 2112 1469 2145 bneque
1482 2110 1580 2137 cmlum
1594 2109 1766 2138 universum.

980 2164 1007 2186 et
1021 2166 1138 2194 quorum
1158 2166 1240 2191 capax
1254 2158 1350 2184 cmlum
1370 2162 1420 2189 est,
1440 2155 1601 2191 procreavit,
1619 2156 1725 2181 lauden-
1741 2154 1767 2180 ir

980 2204 1170 2240 compendium
1186 2203 1313 2235 contulit,
1344 2202 1370 2228 in
1388 2207 1525 2235 unamque
1545 2199 1770 2234 tenrpetationem

981 2254 1008 2279 et
1028 2251 1196 2278 molitiouen.
1221 2250 1295 2276 velut
1320 2248 1346 2275 itt
1364 2251 1505 2283 leratcreru
1537 2247 1680 2281 quemdam
1704 2253 1767 2272 con~

983 2298 1065 2325 traxit
1083 2305 1138 2324 rem
1162 2304 1242 2322 untrtn
1266 2295 1341 2322 omni
1366 2302 1465 2329 genere
1489 2301 1579 2320 rerum
1605 2292 1725 2323 nzistatn,
1747 2295 1773 2317 σι

984 2344 1214 2378 multipotcntcrn,
1243 2342 1268 2368 id
1296 2341 1424 2368 nimirum
1451 2340 1523 2374 quod
1554 2343 1580 2366 et
1611 2338 1721 2369 dicitur,
1748 2342 1774 2363 et

984 2396 1026 2419 est
1042 2391 1133 2418 homo.
1154 2390 1221 2417 llinc
1238 2396 1287 2424 ego
1310 2387 1466 2419 intelligens
1484 2392 1510 2413 et
1523 2386 1695 2418 {immortalis
1712 2393 1776 2412 eunt

985 2438 1079 2465 sensili
1106 2443 1133 2464 et
1150 2436 1258 2464 mortali
1285 2435 1411 2469 colligata
1430 2441 1502 2466 sum,
1525 2437 1551 2458 ct
1577 2432 1697 2459 erelcstis
1712 2440 1774 2457 eum

987 2489 1095 2512 terrctro
1113 2483 1248 2519 copulata,
1271 2486 1298 2508 ct
1312 2489 1372 2508 cunt
1388 2479 1486 2507 ancilla
1503 2479 1567 2506 hera
1583 2487 1590 2510 ;
1609 2478 1777 2512 quibusnam

987 2530 1141 2559 rationibus
1157 2530 1191 2556 ita
1208 2529 1263 2555 Deo
1278 2528 1364 2554 \ixum
1386 2527 1498 2558 nescio;
1516 2525 1640 2551 fortassis
1654 2529 1682 2550 ut
1696 2524 1780 2550 ambo

988 2578 1070 2605 simul
1089 2578 1184 2604 eodem
1201 2576 1233 2602 ad
1250 2574 1338 2601 uilicia
1356 2572 1463 2600 tit-tutis
1476 2570 1626 2598 exercenda
1637 2570 1705 2603 jugo
1722 2569 1778 2595 bae-

988 2623 1074 2650 rentia
1095 2621 1348 2655 conspirantiaquc,
1383 2617 1496 2645 alterius
1526 2617 1642 2644 alterum
1680 2620 1778 2641 natura

992 2671 1161 2700 fruerentur;
1194 2667 1272 2697 illud.
1300 2672 1327 2693 ut
1342 2663 1541 2700 praestantioris
1576 2661 1781 2694 conspiratione

993 2716 1175 2746 nobilitatum,
1187 2719 1213 2740 et
1227 2710 1479 2740 communicatione
1495 2716 1556 2735 cum
1571 2706 1720 2734 immortali
1735 2706 1783 2732 de.-

994 2766 1111 2798 gustata,
1126 2759 1359 2787 immortalitatem
1383 2754 1613 2792 super-indueret:
1635 2759 1685 2787 ego
1711 2751 1786 2780 hanc
