1963 3066
210 119 265 152 963

813 117 1002 148 GREGUHII
1024 117 1182 146 l’.\i..\.‘tl.E

1775 117 1826 151 98L

211 183 274 203 cum
292 173 421 202 deteriori
443 172 624 208 copulatione,
638 176 765 205 tanquam
786 171 865 205 cippo
885 169 992 201 reﬂexa,
1011 176 1029 202 Α
1045 170 1186 204 quidpiam
1199 174 1288 197 mente
1301 169 1551 206 dagnttnimiihique
1564 173 1825 208 propriumeﬂict-re.

213 220 318 247 modice
328 221 360 246 dc
371 227 414 246 me
432 217 584 248 sentiendo,
600 221 627 243 et
643 216 805 250 gloriatione
820 216 851 241 (Ιπ-
868 215 875 241 i
890 215 995 248 uaginis

212 265 342 300 dignitate
368 263 518 291 cohibenda
544 262 768 295 reniittcndaque,
785 267 811 288 ct
826 270 878 287 non
899 268 996 294 super-

215 311 322 340 biendo.
338 314 363 336 cl
386 317 399 335 a
419 309 482 341 Deo,
507 312 535 334 ut
555 307 657 342 primus
687 306 805 338 Lucifer,
834 306 994 338 deiicienda,

213 356 259 382 sed
275 354 364 389 potius
388 353 524 380 humiliter
546 358 572 379 et
595 351 713 379 demisse
732 351 784 379 sub
806 351 865 386 ejus
884 359 993 377 manuni

215 399 327 426 validam
352 407 395 425 ine
417 397 595 432 subiiciendo,
620 398 656 424 ita
681 396 737 424 Deo
754 397 920 424 atllirerereni
934 403 994 430 ego,

214 444 280 471 inihi
292 451 406 478 corpus;
423 451 510 477 neque
527 443 653 478 pusillum
669 442 777 477 quidem
796 447 841 469 aut
855 448 905 476 ego
924 448 939 468 a
955 441 996 468 vi-

214 494 267 516 tam
286 493 429 523 praestante
441 496 532 520 causa.
547 494 594 515 aut
609 489 661 515 hoc
675 496 690 515 a
702 497 744 515 me
760 488 897 514 animante
912 487 996 514 abdu-

213 540 331 562 ceretur.
358 535 425 563 lstas
456 535 575 562 rationes
606 535 711 570 opilicis
734 538 913 569 reputantes,
941 541 993 560 non

215 581 298 607 linum
315 580 379 611 lino,
394 581 439 606 sed
463 587 568 614 semper
586 587 615 606 se
628 583 779 606 moventem
801 587 862 606 cum
887 578 996 605 aliunde

215 632 298 658 moto,
317 631 342 652 et
358 626 508 660 SillipiiCt‘ﬂl
529 633 590 652 cum
605 625 699 659 juncto
724 626 887 659 permiscent
904 630 927 650 cl
946 624 996 650 ini-

216 671 400 706 plicant,quid
417 671 490 698 enim
502 671 536 698 ab
552 671 605 698 illis
619 671 822 697 innumerarum
838 678 928 696 rerum
942 677 991 702 po-

215 717 335 744 tentibus
350 717 472 744 connecti
490 716 622 751 nequeat?
640 718 678 743 Ac
699 724 759 751 qua:
781 715 816 742 ab
830 716 888 750 ipso
904 715 994 742 statim

214 767 276 788 ortu
293 761 463 788 incommoda
480 763 579 793 subivi,
596 770 649 789 non
665 767 707 789 est
720 762 800 795 hujus
818 761 948 795 temporis
963 761 995 787 de

216 808 258 834 liis
274 807 419 841 tragmdias
434 807 587 839 excitasse;
607 812 711 834 tantum
734 807 797 834 date
823 807 891 834 mihi
917 812 945 833 ut
963 814 994 833 ca

216 853 309 888 paucis
324 853 475 887 deplorcni.

250 942 335 970 Simul
353 950 384 969 at:
401 949 462 969 cum
481 943 531 967 hoc
547 941 656 967 mortali
678 941 778 973 coalui,
795 949 826 968 ac
849 947 994 976 antequam

214 988 285 1015 fetus
298 988 379 1013 vitam
397 986 510 1020 accepit,
527 985 553 1012 in
573 991 650 1013 utero
666 993 728 1012 cum
752 987 857 1020 sepulto
884 993 936 1013 una
951 993 995 1013 sc-

215 1034 306 1068 pelita,
327 1038 353 1059 et
370 1033 441 1059 Velut
455 1033 480 1059 in
498 1032 597 1066 duplici
620 1032 760 1066 spelunca.
787 1032 860 1059 Sara:
882 1037 995 1060 mortuae

214 1079 329 1106 cadaver
346 1078 480 1104 Abraham
506 1076 638 1111 sepelivit,
655 1077 689 1104 ita
707 1083 733 1103 et
747 1077 806 1112 ipsa
820 1078 921 1112 duplici
939 1085 997 1105 ino-

215 1127 343 1151 numento
364 1122 498 1154 infodior;
514 1130 574 1148 nam
590 1130 621 1149 ex
633 1122 785 1156 sapientum
806 1123 949 1153 sententia,
973 1123 995 1150 si

214 1177 313 1204 corpus
328 1173 369 1195 est
393 1176 482 1195 meum
509 1169 677 1202 sepulcrum.
690 1168 716 1194 id
734 1176 799 1194 vero
819 1168 845 1194 iu
864 1174 940 1196 utero
956 1174 997 1195 tn-

215 1215 343 1246 tnulatur,
363 1213 457 1248 quidni
483 1212 582 1247 duplici
609 1212 708 1245 loculo,
743 1213 796 1239 fetu
827 1220 906 1247 quem
937 1220 996 1240 eni-

218 1261 466 1296 bryouvucqu,-et
492 1265 569 1285 utero
597 1259 784 1294 consepelior?
815 1259 925 1286 Talibus
955 1267 996 1286 me

214 1306 355 1340 complexu
377 1312 425 1331 suo
450 1304 567 1339 primum
599 1309 735 1337 receptam
762 1308 789 1330 et
815 1303 995 1339 auiplexataui

214 1351 332 1378 amicum
348 1358 447 1385 corpus
460 1350 560 1384 excipit
576 1349 752 1377 humanitatis
769 1349 880 1382 ofﬁciis;
898 1349 996 1376 talibus

215 1397 339 1432 hospitiis
355 1401 382 1423 et
396 1396 542 1424 foederibus
555 1396 716 1430 prehensani
730 1395 839 1430 accipit.
854 1395 919 1428 Quae
932 1402 995 1422 vero

214 1443 327 1477 posthac
351 1441 520 1468 succedunt?
544 1447 683 1475 germana,
703 1445 733 1466 ut
749 1440 836 1473 aiunt,
857 1446 885 1467 et
902 1440 995 1467 eodem

213 1488 305 1515 colore
316 1491 493 1517 coiitacta,cx
502 1486 651 1520 eademque
676 1490 734 1513 arte
758 1485 861 1519 figlina,
875 1485 933 1512 sive
948 1493 994 1512 na-

215 1539 276 1560 tura
298 1533 423 1565 ﬁttgt‘ltle.
440 1531 515 1557 llliiic
528 1531 600 1557 enim
612 1531 689 1565 quasi
704 1539 719 1558 e
735 1533 840 1557 tumulo
851 1530 993 1565 'prodcun-

215 1584 256 1605 tes
268 1586 321 1604 una
343 1578 451 1611 sepulti,
471 1577 578 1603 utcrino
600 1576 709 1611 quidem
730 1576 855 1611 sepulcro
869 1575 994 1609 defungi-

215 1633 295 1652 inur:
311 1631 360 1658 ego
379 1631 441 1650 Vero
469 1624 494 1649 in
518 1630 648 1657 corporeo
661 1622 810 1649 etiamnum
828 1622 923 1649 insisto
937 1622 993 1649 lite-

215 1678 324 1703 rcoqnu.
354 1669 439 1702 Atque
463 1667 541 1694 veluti
575 1668 695 1702 ejusdem
729 1668 791 1694 vita:
822 1667 892 1694 facta
924 1668 994 1695 inter

216 1715 330 1741 miseros
356 1712 535 1747 coemptione,
558 1713 744 1739 calamitosum
771 1712 853 1739 vitam
882 1713 993 1739 inchoa-

215 1768 294 1792 mus;
319 1766 368 1786 iicc
385 1758 509 1785 lwtamur
525 1760 600 1792 quasi
622 1765 636 1783 a
651 1757 770 1784 tenebris
786 1756 812 1783 in
829 1758 917 1784 lucem
931 1764 995 1784 cru-

215 1805 345 1841 pcriiiius,
362 1809 388 1832 et
404 1812 497 1830 auram
522 1803 628 1830 vitalem
655 1803 806 1836 trahamus,
834 1807 860 1830 et
893 1803 992 1830 almum

213 1852 298 1880 solem
322 1850 525 1885 aniplexemur;
542 1856 629 1883 neque
645 1849 746 1875 circum
769 1848 927 1884 genitricem
948 1856 996 1876 cii—

214 1897 349 1925 sultaiites
372 1896 541 1927 lasciviinus,
559 1899 588 1920 ut
603 1894 677 1929 agni,
696 1893 785 1927 vituli,
809 1894 914 1921 hinnuli
941 1895 994 1921 cir-

212 1951 275 1971 cuiri
309 1946 419 1974 matres,
449 1941 495 1968 sed
513 1940 588 1973 illud,
607 1947 668 1967 cum
694 1948 725 1967 ex
747 1941 812 1967 locis
843 1940 994 1967 calentibus

213 1993 324 2024 repente
340 1988 366 2014 in
385 1994 474 2014 aerem
494 1985 620 2021 frigidum
636 1986 769 2018 incurrat,
787 1993 820 2013 ex
842 1991 994 2012 commuta-

213 2034 287 2062 tione
312 2033 430 2067 angitur,
448 2038 475 2059 et
500 2031 600 2059 acriori
622 2032 715 2058 dolore
729 2030 900 2058 conflictatur
918 2038 925 2058 :
943 2038 994 2065 ego

212 2087 278 2108 vero
289 2078 477 2114 aegritudinum
493 2078 654 2104 acerbat-um
669 2084 801 2104 consensu
817 2076 874 2111 ipsa
887 2083 995 2111 quoque

213 2127 331 2154 crucior.
346 2126 414 2152 Hinc
434 2129 462 2152 et
475 2124 590 2157 eiulatus
614 2123 744 2163 nataliliis
758 2122 884 2149 cautibus
900 2130 932 2149 ex
948 2123 994 2148 a.l-

1050 217 1160 243 humido
1178 217 1284 251 gurgite
1303 217 1442 244 immersa.

1085 301 1183 328 Verum
1204 303 1346 331 enimvero
1371 304 1438 337 haec,
1463 307 1572 334 tametsi
1593 307 1694 342 alioqui
1718 305 1826 342 misera,

1048 347 1199 374 tolerabilia
1210 353 1309 381 tamen,
1325 355 1353 376 et
1365 351 1456 384 qualia
1467 359 1547 378 nemo
1561 352 1623 387 jure
1638 353 1826 388 reprehendat,

1048 396 1076 418 ut
1091 399 1151 427 quae
1166 398 1270 420 naturai
1285 394 1400 428 legibus,
1414 401 1440 423 et
1454 397 1569 432 originis
1586 398 1747 426 immutabili
1760 401 1828 428 serie

1047 438 1270 473 conuexioneque
1281 440 1466 474 gubernentur
1490 451 1496 469 :
1516 443 1581 470 illud
1606 445 1742 479 miserius,
1758 446 1827 480 quod

1047 491 1079 510 ex
1099 484 1226 512 amentiae
1253 484 1338 513 fundo
1366 493 1479 515 enalans
1507 490 1665 523 aliquando,
1683 498 1709 518 et
1727 492 1827 520 lumine

1047 529 1161 557 rationis
1177 530 1309 558 inchoatis
1331 532 1522 568 circumfundi,
1546 537 1685 569 corporeis
1703 538 1829 565 membris

1047 575 1079 602 ad
1098 576 1286 609 perfectioreni
1301 582 1402 605 statum
1416 582 1634 615 procedentibus,
1659 591 1747 618 neque
1773 590 1826 612 tnui

1047 621 1126 654 plane
1141 629 1205 655 pure
1221 622 1356 650 dementia
1368 625 1519 659 defungor:
1535 630 1764 661 quemadmodum
1780 639 1828 658 nec

1046 673 1076 692 ex
1100 666 1243 699 ebrieate,
1262 669 1302 694 Vl‘i
1317 677 1415 702 sopore
1429 672 1515 704 gravi,
1542 673 1582 699 νιι
1607 680 1717 701 veterno
1729 683 1828 702 conva-

1048 714 1178 739 Iest‘t'lllt's
1193 713 1333 747 νιτιίέίιιθ,
1351 720 1397 741 aut
1412 717 1446 742 ob
1467 718 1561 744 Oculos
1587 719 1686 747 oil’usis
1707 721 1825 749 tenebtis

1046 753 1122 780 illinc
1136 755 1206 781 natis
1223 757 1247 781 in
1263 761 1347 783 totum
1369 758 1462 785 statim
1484 767 1678 795 repurgantur.
1694 763 1828 791 Catteruni

1048 799 1128 826 has-3e
1145 802 1286 828 dementia:
1303 802 1387 830 malas
1412 810 1498 832 sortes
1523 812 1550 833 et
1565 811 1682 842 tempus,
1698 813 1724 836 et
1736 818 1829 843 perce-

1011 848 1031 874 B
1047 846 1102 880 ptio
1114 847 1317 881 disciplinarum
1329 850 1440 877 aliratlat
1463 859 1477 877 a
1496 857 1594 884 incute,
1605 858 1631 880 et
1645 854 1787 882 scientiam
1800 865 1830 883 ac

1047 892 1217 925 prudentiam
1231 894 1378 929 insculpat,
1392 897 1438 923 sed
1458 897 1633 931 imperiosam
1646 901 1769 928 altricem
1788 902 1828 929 fa-

1047 939 1184 971 cultatem,
1196 945 1223 966 et
1237 946 1364 974 perpetua
1385 941 1508 970 ciborum
1520 949 1545 970 et
1563 949 1674 978 potuuni
1691 949 1785 980 quotid
1798 956 1828 974 a-

1047 991 1142 1010 noruni
1157 987 1236 1018 quasi
1252 985 1418 1013 tributorum
1442 996 1537 1022 pensa,
1554 998 1670 1025 quaeque
1689 992 1751 1019 inde
1764 993 1829 1019 mihi

1047 1029 1168 1057 adversa:
1178 1030 1323 1059 facultates
1340 1033 1374 1060 ab
1387 1033 1431 1060 illa
1446 1035 1615 1070 nutriuntur,
1631 1038 1830 1072 concupiscen-

1047 1079 1099 1102 tem
1113 1080 1139 1102 ct
1154 1076 1326 1110 irascentem,
1343 1080 1480 1114 quodnam
1499 1087 1605 1116 tempus
1620 1088 1667 1110 aut
1686 1092 1748 1118 quae
1779 1087 1827 1112 do-

1046 1121 1134 1148 ctrina
1158 1123 1269 1149 o.uniuo
1286 1125 1423 1152 remittere
1446 1132 1602 1155 evertereve
1619 1130 1721 1163 possit?
1735 1131 1830 1158 harum

1046 1167 1200 1194 servitutem
1215 1169 1274 1202 quis
1290 1172 1444 1198 emussisse
1452 1173 1605 1207 glorietur?
1620 1175 1687 1208 Quis
1703 1185 1829 1205 voraceni

1048 1210 1290 1248 inerplebilemquc
1303 1221 1434 1247 ventrem.
1449 1221 1477 1244 et
1497 1218 1588 1253 gulam
1602 1219 1832 1258 furentem,jcjn.

1048 1257 1083 1284 nii
1099 1258 1192 1292 Iupato
1204 1264 1231 1286 et
1246 1261 1322 1287 freno
1345 1263 1520 1290 continentia:
1534 1265 1593 1291 sine
1604 1266 1680 1294 vobis
1691 1268 1830 1301 cohibeat,

1047 1304 1091 1338 qui
1108 1310 1209 1331 natura:
1225 1311 1427 1341 contemptores
1440 1309 1570 1337 inusitata
1583 1313 1725 1345 prudentia
1741 1316 1807 1342 estis
1820 1316 1832 1342 ἓ

1048 1354 1074 1376 ct
1088 1350 1133 1384 qui
1146 1351 1291 1378 collatione
1301 1359 1362 1379 cum
1379 1355 1496 1388 angelis,
1511 1357 1669 1384 mortalibus
1683 1367 1810 1394 cor-pust.
1821 1376 1833 1382 -

1049 1395 1080 1422 lis
1104 1395 1204 1426 induti,
1219 1401 1247 1422 et
1263 1397 1318 1430 jam
1339 1398 1461 1425 divorum
1487 1405 1584 1428 iiatura
1607 1404 1763 1437 superiores
1785 1413 1833 1432 rus

1049 1441 1135 1474 palam
1163 1447 1334 1476 praistantes,
1350 1444 1417 1471 nihil
1448 1446 1509 1473 novi
1536 1449 1623 1480 csl,si
1651 1450 1730 1485 longe
1747 1460 1830 1486 supra

1048 1493 1147 1520 corpus
1174 1488 1347 1516 erolaveritis
1370 1495 1422 1517 :ut
1443 1491 1494 1519 liae
1526 1494 1592 1520 mihi
1622 1494 1678 1522 sint
1703 1498 1832 1526 oratione

1047 1536 1141 1559 vestrae
1159 1540 1203 1560 res
1220 1534 1379 1562 eximendae.
1395 1536 1561 1565 Caeteroruin
1586 1545 1676 1566 autem
1692 1543 1739 1576 qui
1758 1551 1804 1569 nu~
1817 1553 1833 1571 e

1045 1578 1173 1606 mortales
1185 1580 1265 1606 vitam
1279 1580 1391 1614 degunt,
1405 1583 1491 1617 quisa
1502 1585 1696 1620 cupiditatibus
1707 1588 1832 1623 ali0qnin

1044 1622 1150 1650 alienus
1166 1624 1311 1653 irascentis
1329 1626 1413 1653 animi
1429 1628 1565 1656 fremitum
1577 1637 1735 1665 compescat
1746 1633 1757 1659 ?
1769 1622 1834 1666 quis

1045 1668 1084 1694 vel
1101 1668 1241 1703 sapientiae
1258 1671 1406 1705 sapientior
1433 1673 1468 1700 ita
1485 1675 1532 1707 sit,
1553 1680 1583 1702 ut
1597 1677 1742 1711 cupiditati
1759 1680 1835 1706 nihi-

1043 1711 1162 1740 lominus
1174 1721 1255 1748 quam
1267 1715 1529 1750 aspis,mortiferuni
1542 1726 1675 1747 venenum
1684 1721 1834 1755 jaculanu,

1044 1762 1072 1784 et
1096 1759 1128 1785 ad
1158 1761 1360 1794 przecantriceni
1384 1768 1477 1790 vocem
1498 1763 1660 1794 obstinatius
1695 1767 1836 1795 obsiti-de-

1044 1803 1130 1830 scenti
1144 1805 1303 1832 medeatur?
1318 1811 1364 1833 aut
1388 1809 1465 1842 quasi
1488 1816 1535 1836 vas
1552 1809 1616 1837 illud
1632 1812 1787 1844 electionis.
1804 1820 1833 1841 ut

1045 1851 1165 1885 viperam
1189 1852 1419 1881 adlizerescentcm
1437 1857 1576 1883 excutiat?
1592 1859 1652 1892 quis
1675 1863 1836 1891 evangelice

1045 1897 1204 1931 progenitus
1231 1903 1258 1925 et
1272 1899 1415 1932 educatus,
1433 1903 1662 1936 quemadmodum
1678 1905 1792 1933 Azarias
1806 1913 1836 1934 et

1045 1942 1113 1970 socii
1133 1943 1226 1977 puelli,
1252 1952 1306 1971 non
1331 1946 1415 1972 coluit
1438 1954 1633 1982 corporearum
1660 1951 1835 1984 winptatum

1044 1989 1177 2015 asseclam
1208 1989 1367 2024 locupletem
1394 1997 1421 2018 ct
1445 1993 1634 2027 pecuniosum,
1663 2000 1692 2022 ut
1711 1996 1749 2023 illi
1776 2005 1792 2024 ιι
1816 2006 1834 2024 n

1044 2033 1187 2060 coluerunt
1202 2042 1234 2060 ex
1249 2042 1317 2062 auro
1334 2040 1360 2062 ct
1381 2043 1504 2071 argento,
1518 2046 1572 2065 tere
1593 2044 1620 2066 et
1643 2039 1717 2067 ferio
1730 2048 1835 2067 manu-

1044 2077 1145 2105 factuin
1176 2079 1373 2107 simulacrum?
1392 2081 1468 2114 Quis,
1499 2087 1527 2109 ut
1551 2084 1646 2117 paucis
1673 2086 1832 2117 absolvam,

1044 2125 1146 2151 ventris
1167 2124 1308 2159 ingluviei,
1333 2126 1519 2160 scortationis,
1553 2129 1675 2156 avaritiae
1704 2134 1834 2158 cateruam

213 2180 293 2200 verso
309 2171 513 2206 respondentes,
530 2175 556 2197 et
573 2169 693 2203 undique
707 2169 888 2196 devincicnles
902 2168 992 2195 fasc-iit-
1005 2175 1031 2205 ι)
1045 2170 1219 2203 divulsit,nec
1230 2171 1262 2198 iis
1272 2172 1340 2198 inter
1349 2180 1378 2199 se
1388 2173 1508 2200 funiculo
1523 2174 1622 2208 triplici
1637 2175 1785 2210 longoque,
1805 2183 1835 2203 et

211 2224 239 2246 et
256 2218 455 2245 cuuabulorutn
477 2216 595 2248 vincula,
621 2214 817 2251 scpulcralibus
841 2214 994 2249 liganientis

212 2267 338 2297 Cognata,
352 2261 480 2289 etlecuiii
500 2269 547 2288 Seu
559 2266 647 2294 cunae,
667 2260 778 2287 evidens
791 2260 881 2294 imago
901 2266 996 2286 monu-

213 2309 308 2339 iiieuti,
321 2315 349 2334 ut
368 2307 430 2334 hinc
441 2307 522 2334 etiam
536 2306 601 2332 mihi
617 2304 746 2332 molestia:
757 2304 992 2339 cuiitluphCentur.

212 2354 340 2382 secundis
359 2354 400 2380 his
424 2353 489 2380 mihi
515 2358 575 2387 post
603 2353 689 2386 prima
708 2351 823 2378 vinculis
839 2351 992 2385 impositis;

212 2409 265 2428 non
278 2401 349 2428 enim
368 2408 382 2426 a
404 2399 574 2434 sapientibds
592 2397 699 2432 illepide
725 2397 817 2424 multis
835 2397 994 2431 appellatio-

212 2447 292 2473 nibus
311 2450 335 2472 ct
356 2445 508 2479 coniugatis
530 2444 557 2470 id
585 2448 708 2474 rocatur,
724 2443 889 2477 sepulcrum,
903 2449 995 2469 custo-

210 2493 264 2524 dia,
282 2497 406 2523 amictus,
429 2494 643 2521 iminuiiientuni,
656 2489 739 2524 δέμας
752 2489 826 2522 παρὰ
840 2487 883 2514 τὸν
897 2488 995 2523 δεσμόν

211 2540 238 2576 (a
254 2538 420 2571 vinciendo),
431 2541 454 2563 et
467 2535 682 2566 tabernaculum;
699 2535 770 2568 quod
784 2534 810 2560 in
823 2540 857 2560 co
869 2538 994 2568 tanquam

210 2587 237 2614 in
255 2585 365 2612 taberna
380 2584 413 2610 de
430 2584 471 2608 \‘la
491 2581 644 2607 dirersctur
657 2589 663 2606 :
677 2580 774 2606 deinde
785 2579 824 2606 sic
839 2579 904 2606 illud
918 2578 994 2606 colli-

209 2636 313 2668 gatum,
328 2630 395 2655 iacto
412 2627 540 2656 nutritur,
555 2629 579 2652 et
594 2626 696 2652 sensim
711 2629 840 2659 augetur;
857 2631 906 2658 ego
920 2631 993 2655 vero,

211 2681 340 2708 tanquam
359 2673 441 2699 lluti')
459 2671 600 2698 faeculento
627 2669 733 2696 cuidam
747 2668 861 2703 illigata,
879 2668 941 2695 huic
956 2668 996 2694 in-

212 2724 299 2748 valido
316 2719 464 2753 debilique,
485 2722 511 2743 et
535 2718 607 2743 fluxu
625 2720 752 2750 perpetuo
767 2715 886 2741 influenti
912 2720 995 2749 a'que

209 2767 340 2799 «ιίῐιιιειιιί,
357 2766 435 2793 veluti
454 2766 593 2791 submersa
620 2762 763 2797 corripiat",
781 2767 806 2789 et
826 2762 851 2788 ili
866 2768 994 2787 extra-uua

210 2811 353 2838 dementia:
368 2812 482 2838 tundunt
497 2816 616 2845 pra'ci‘ps
629 2808 767 2839 dcrnlvor,
784 2816 807 2833 in
818 2815 831 2832 (·
847 2808 915 2840 potis
933 2816 991 2832 sum

1045 2218 1141 2242 caetera
1158 2215 1222 2242 vitia
1235 2218 1415 2244 contralicnte
1435 2218 1514 2244 nexis
1525 2220 1691 2247 constrictus
1703 2223 1806 2247 tenetur
1823 2221 1835 2246 ?

1045 2261 1089 2287 Ea:
1113 2265 1178 2288 sunt
1201 2261 1285 2294 enim,
1300 2263 1408 2297 opinor,
1433 2263 1503 2297 apud
1530 2263 1702 2291 Salomoneui
1730 2271 1835 2292 amata-

1047 2306 1107 2332 lilia:
1120 2311 1173 2333 tres
1188 2306 1322 2335 hirudinis
1344 2308 1534 2342 sanguinaria,
1555 2310 1579 2336 id
1595 2315 1636 2336 est
1647 2311 1751 2342 carnis,
1769 2319 1833 2346 qua:

1046 2350 1165 2385 sugendo
1177 2351 1306 2386 quidquid
1324 2353 1452 2385 animale,
1486 2353 1617 2388 quidquid
1634 2355 1660 2380 iii
1676 2363 1719 2382 ine
1748 2356 1834 2382 vitale

1046 2397 1078 2422 sit
1089 2396 1258 2423 exhauriant.
1275 2396 1374 2424 llorum
1387 2405 1485 2432 corpus
1495 2399 1599 2432 incuso,
1611 2400 1666 2427 haec
1675 2401 1804 2428 criminor
1826 2412 1832 2428 :

1046 2441 1140 2468 hornni
1162 2442 1272 2468 nomine
1299 2442 1369 2469 hanc
1399 2444 1598 2471 accusationem
1621 2444 1726 2477 factito,
1754 2454 1835 2474 reu-u

1045 2485 1214 2513 contumelia:
1225 2486 1368 2520 etiujuria:
1395 2488 1554 2521 postulans:
1581 2490 1640 2522 quia
1667 2495 1777 2522 natura,
1805 2497 1833 2516 ut

1046 2534 1165 2557 nostrum
1179 2537 1265 2565 genus
1275 2536 1490 2565 conservaretur,
1499 2533 1635 2566 moliente,
1664 2535 1833 2566 permiscen-

1047 2581 1125 2610 Icqnc
1140 2580 1167 2603 et
1185 2577 1324 2609 alimento,
1342 2582 1369 2602 et
1384 2577 1488 2609 generis
1512 2579 1711 2612 propagatiuni,
1745 2581 1835 2606 volu-

1047 2627 1158 2657 ptatem,
1179 2626 1207 2648 ut
1222 2622 1273 2648 hac
1288 2627 1414 2656 tanquam
1431 2631 1491 2650 esca
1518 2623 1648 2658 pellectus
1678 2625 1771 2657 homo,
1798 2626 1837 2652 ad

1045 2670 1166 2696 ciborum
1183 2670 1396 2703 perceptionem,
1411 2673 1437 2696 et
1453 2669 1600 2704 legitimum
1628 2671 1723 2698 cubilis
1737 2673 1838 2699 mulie-

1046 2714 1102 2740 bris
1116 2721 1193 2740 usuin
1210 2712 1403 2740 conciliaretur
1417 2714 1506 2744 vivus,
1524 2718 1550 2739 et
1566 2715 1617 2739 vita
1636 2713 1743 2740 functus
1776 2723 1834 2740 non

1045 2765 1149 2794 periet:
1162 2763 1255 2786 harqu
1271 2767 1361 2786 rerum
1373 2760 1472 2789 nemini
1487 2760 1693 2793 accusabiliuni,
1712 2766 1738 2787 et
1750 2766 1837 2787 natu—

1046 2809 1151 2840 ralium,
1168 2807 1243 2841 quasi
1255 2808 1342 2841 legunt
1361 2814 1412 2834 non
1427 2809 1600 2841 scriptarum,
1621 2807 1733 2842 sedjani
1753 2814 1836 2834 more
