1963 3066
126 146 172 177 965

785 146 1031 178 PROSOPOPCEI
1039 146 1082 177 [Ε.

1691 147 1744 178 91⁵»ίὶ

122 203 272 230 usitatarem
287 206 392 237 captata
409 202 652 235 facileoccasione,
666 210 764 237 corpus
780 203 812 229 ad
827 210 894 237 qna-
913 207 932 232 Α
950 204 1142 236 profundatur,
1161 203 1193 230 ad
1214 203 1239 229 id
1257 207 1347 229 autem
1366 204 1438 237 quod
1456 210 1566 230 sensum
1586 209 1743 236 exasperat.

122 256 173 274 rtnrr
191 248 357 282 roltq'tatnnt
375 249 510 276 licentiam
527 257 579 276 non
590 249 714 276 .elfertnr
730 249 740 275 ?
755 249 897 282 cujusnarn

125 293 248 320 satianda:
269 293 388 321 libidinis
403 295 534 322 terminos
563 302 615 322 n0n
640 301 785 329 CXstlperul
800 294 899 322 ?.\'une

121 339 312 366 esculentoruur
326 338 465 366 satietates
481 339 574 374 exigit,
590 347 661 367 utrnc
675 346 780 366 rursrrnr
793 339 899 365 διιεμίπ-

121 384 190 411 struis
207 388 233 411 et
254 391 348 418 magna
362 383 518 412 dillicnltate
539 385 704 418 parabilibus
721 385 788 412 cibis
810 385 899 411 infor-

122 436 182 462 turtr,
211 429 301 456 facere
337 430 568 464 nonpotestquiu
594 430 717 462 satietur,
748 430 901 464 iterumque

123 476 195 502 rcbus
211 475 311 509 quibus
332 475 450 502 aburtdat
479 476 606 501 obrutum
622 475 755 509 deglutit;
782 479 808 502 ct
835 483 902 510 νην-

122 521 201 548 seutia
223 520 368 555 improbat,
398 519 520 547 absentia
552 519 703 553 desiderat;
732 528 818 555 neque
841 520 900 546 vina

123 574 176 600 qua:
193 565 279 603 patria
300 565 370 597 tulit,
388 565 462 592 cordi
474 570 548 596 sunt.
565 565 612 592 srd
632 570 659 592 ut
672 573 740 598 aqua
761 573 822 600 quae
835 565 899 592 vici'

124 619 168 638 nos
187 619 268 646 agros
283 611 371 644 alluit,
389 611 637 644 nilrilircstinratur,
651 615 676 638 et
694 612 899 646 peregrinorum

122 657 177 683 sitis
188 657 343 683 accenditur
359 665 367 688 ;
386 664 472 690 neque
497 656 659 683 vestimenta
672 664 730 690 quae
743 656 775 682 ad
806 661 902 683 aestum

123 707 146 729 ct
164 702 245 737 frigus
269 701 415 729 arcendum
444 701 589 734 sufficiant,
618 702 703 729 solunt
731 708 901 736 quaeruntur.

124 750 166 775 scd
177 755 238 783 qum
255 749 311 776 sint
324 755 356 775 ex
376 748 488 775 ttrateria
505 748 547 774 vix
560 747 685 782 parabili,
699 753 725 774 et
738 753 796 775 arte
809 755 902 781 strper-

125 802 236 821 vacauca
248 793 380 822 curiosius
396 799 423 820 ct
442 793 584 820 delicatius
599 794 748 826 elaborata,
764 794 795 820 ad
807 803 836 820 ea
863 801 905 821 me

125 842 146 868 vi
163 843 243 876 cogit,
258 845 286 867 ut
299 848 346 876 per
372 840 486 867 ancillas
520 840 692 872 cibariorum,
719 840 903 872 obsurriorum,

954 248 1119 283 indignetur,
1140 249 1173 275 iis
1194 253 1352 275 exerceatur
1365 248 1555 275 aﬂiect’onibus
1572 256 1632 283 qure
1647 257 1679 275 cx
1699 257 1746 276 vo-

953 295 1056 330 luptate
1078 300 1104 322 ct
1118 295 1211 322 dolore
1228 300 1387 321 nascuntur.
1404 295 1472 320 llinc
1481 298 1508 321 et
1521 295 1558 321 ira
1573 295 1643 321 vires
1657 299 1683 321 et
1698 302 1745 329 p0-

955 343 1065 369 tentiartt
1082 342 1107 368 in
1122 342 1214 371 corde,
1235 342 1260 367 in
1274 341 1451 375 jecinoreque
1470 341 1596 375 voluptas
1615 345 1723 368 exercet
1737 350 1744 368 :

955 388 999 421 qui
1022 387 1157 421 principes
1172 386 1287 414 affectus
1309 387 1345 413 ita
1373 387 1501 413 diuturna
1515 387 1746 414 commentatione

955 434 1180 465 cor-roborantur,
1195 437 1225 460 ut
1248 439 1273 459 ct
1299 433 1350 459 mei
1378 437 1482 467 par-tem
1500 432 1614 459 rationis
1638 431 1746 466 partici-

957 488 1016 514 pent
1033 480 1251 506 consentientem
1269 479 1398 510 habeant,
1421 478 1614 511 abducantque
1631 477 1747 509 morige-

956 534 1024 555 rum,
1043 533 1095 551 una
1111 525 1226 558 quatiant
1245 524 1367 556 ratione;
1382 528 1426 549 aut
1442 523 1512 550 enim
1531 523 1604 554 dolo,
1627 526 1674 549 aut
1688 522 1747 548 vio-

958 571 1038 596 lcnria
1054 572 1174 596 ttabunt.
1194 570 1215 596 Ο
1235 570 1343 604 quoties
1359 569 1564 604 intelligentiam
1587 568 1653 594 ntibi
1669 568 1745 594 volu-

959 620 1018 650 ptas
1032 615 1162 642 suflurata
1175 614 1359 649 cstl'quoties,
1373 622 1432 648 qua:
1447 615 1544 640 faciam
1560 621 1610 647 ego
1622 621 1674 639 tton
1686 619 1745 638 sunt

959 663 1090 688 malorum
1111 662 1215 693 nescia,
1229 661 1371 687 consilium
1388 664 1416 687 at
1430 660 1514 686 iratus
1531 666 1619 685 meum
1636 658 1749 692 impedit

959 706 1078 734 animus.
1093 707 1264 734 lracundiant
1279 714 1388 741 quoque
1400 711 1427 732 et
1438 706 1603 739 voluptatem
1621 705 1748 730 univcrsa

959 753 1193 788 perturbationum
1209 754 1285 779 toria
1300 753 1490 787 consequitur.
1515 750 1644 784 Equidem
1663 758 1748 777 conor

960 798 1005 824 uni
1022 797 1086 824 trrilti
1104 797 1283 832 prittcipatrttn
1305 797 1426 823 debitum
1443 798 1587 828 asciscere;
1604 803 1696 821 verum
1714 795 1747 819 ab

962 846 1012 870 bac
1029 843 1152 878 populari
1171 843 1357 869 dominatione
1381 847 1499 874 avertor,
1525 842 1652 875 idemque
1680 839 1746 866 mibi

124 893 148 913 ct
167 886 300 913 textilium
316 886 488 913 administras
507 886 556 912 sibi
577 886 723 920 obsequar,
735 890 761 913 et
791 886 904 913 infinitis
919 883 943 913 Β
957 889 1066 919 accidit,
1087 893 1115 915 nt
1130 889 1151 915 si
1171 895 1225 922 qua
1250 888 1352 914 nobilis
1379 887 1467 921 puclla
1498 886 1656 921 parentibus
1681 886 1746 911 Olitil

124 933 176 960 suis
189 933 307 960 serviam
321 932 484 960 libidinibus
493 932 710 966 suppeditandis,
726 937 752 959 et
764 932 839 958 veluti
857 932 903 958 tti-

125 979 191 1005 ltutis
201 978 374 1006 conferendis
388 979 421 1005 iis
441 985 500 1011 qua:
517 983 614 1012 praeter
628 979 809 1005 necessarium
827 985 903 1005 usum

124 1024 284 1060 exiguntur;
299 1032 350 1051 non
370 1029 397 1050 ut
412 1031 443 1050 ea
460 1023 568 1057 decore,
580 1027 606 1050 et
622 1023 648 1050 in
666 1030 721 1050 rem
734 1032 809 1050 suam
825 1024 904 1050 absu-

124 1076 185 1103 mat,
207 1070 253 1098 sed
274 1070 307 1097 ad
331 1070 457 1098 libidines
470 1069 643 1104 voluptuosas
667 1078 786 1105 przeccps
811 1070 905 1097 abuta-

124 1121 174 1144 tur.

157 1163 242 1196 Quam
258 1162 341 1198 igitur
355 1169 397 1189 me
408 1162 489 1190 vitam
509 1163 616 1191 traltere
635 1163 734 1197 putatis
754 1183 761 1194 ,
778 1162 827 1189 viri
853 1161 906 1188 Deo

123 1209 214 1241 dicati,
229 1217 290 1236 cuttt
303 1217 335 1235 eo
352 1209 388 1236 ita
402 1210 500 1236 misere
529 1209 703 1236 dentctttante
735 1209 906 1235 aberrantem

123 1261 148 1282 cl.
161 1255 376 1282 subservienteut
392 1255 403 1281 'l
420 1259 466 1282 aut
480 1255 581 1290 quibus
606 1254 732 1282 absurdis
760 1253 909 1280 sceleribus

124 1299 279 1335 turpissime
299 1307 352 1326 non
369 1300 559 1335 impingeutcm
572 1299 584 1326 ?
599 1299 686 1326 istane
700 1298 845 1326 rrradiocria
873 1298 909 1324 vi-

122 1346 302 1373 dentur‘laut
325 1353 374 1380 ego
393 1345 494 1373 frustra
522 1351 675 1379 tentcreque
700 1344 802 1379 alioqui
839 1343 910 1370 indi-

123 1393 211 1427 gnor?
226 1392 291 1420 Nam
307 1393 328 1420 si
347 1392 517 1427 quotidiana,
546 1399 632 1427 eaque
656 1391 715 1419 sine
737 1391 837 1425 quibus
857 1397 910 1416 rrutt

124 1444 270 1473 constaret,
290 1439 420 1474 exigeret,
436 1439 658 1473 nonquiritarer:
672 1437 693 1465 si
703 1437 834 1464 uuditatis
849 1443 913 1470 ope-

123 1487 268 1515 rirnentum
285 1486 366 1513 simul
381 1489 408 1512 et
421 1485 455 1512 ab
470 1485 541 1512 aeris
555 1484 695 1511 immensis
715 1483 822 1518 injuriis
845 1490 913 1517 μνω-

122 1533 220 1560 sidium
234 1531 393 1567 postularet,
408 1530 495 1557 libens
504 1530 628 1564 equidem
639 1529 785 1563 praeberem
798 1536 806 1561 ;
817 1527 839 1555 si
853 1527 909 1553 vul-

123 1579 233 1614 garibus
248 1578 417 1609 abuteretur,
433 1575 456 1604 si
477 1576 566 1603 solunt
582 1575 714 1602 modicam
732 1579 759 1601 et
779 1573 911 1608 frugalent
925 1559 947 1591 (ἶ

124 1624 205 1650 vitam
223 1629 322 1650 rectam
343 1627 477 1654 censeret,
498 1628 552 1648 nort
570 1620 675 1654 injuriae
692 1619 751 1648 loco
771 1619 910 1651 ducerem,

125 1669 188 1695 talia
208 1665 391 1703 suppeditare,
417 1675 505 1702 neque
525 1667 660 1694 actionem
673 1666 846 1701 postularem,
866 1673 914 1692 ne-

124 1723 178 1749 que
194 1714 265 1741 diem
280 1713 373 1748 judicii
388 1713 517 1745 dicerem,
528 1716 555 1739 ut
570 1712 620 1738 ltoc
636 1716 708 1739 certe
719 1716 840 1746 tempore
854 1710 915 1745 jure

123 1759 148 1785 fa
169 1758 206 1790 io,
224 1749 325 1792 quippe
341 1756 412 1791 quod
433 1764 496 1784 curn
518 1756 620 1791 impetu
644 1757 701 1784 suis
722 1756 915 1790 cupiaitatibus

124 1809 219 1831 contra
238 1805 394 1830 ntanilatunt
413 1803 547 1837 Apostoli.
571 1803 722 1837 provideat;
737 1803 820 1829 semel
841 1805 914 1829 enim

124 1857 139 1875 a
158 1847 272 1875 rrattrrali
291 1848 451 1874 necessitate
469 1847 719 1874 commodissimam
740 1852 848 1874 nactum
870 1844 917 1874 oc;

123 1896 274 1926 casioncm,
289 1901 396 1920 omnem
415 1900 562 1928 pervagare
577 1893 722 1919 nefandam
751 1892 914 1926 voluptatem

125 1948 180 1967 nott
201 1939 310 1967 desinit.
328 1938 408 1966 Plane
425 1939 497 1965 crtitn
522 1939 593 1973 quod
608 1939 645 1965 ait
661 1937 740 1965 divus
764 1937 865 1966 Paulus
884 1939 916 1966 de

124 1991 255 2022 peccato:
274 1985 324 2012 Per
341 1987 425 2020 legem
440 1986 568 2020 scriptam
591 1984 691 2020 pcpcrit
707 1984 734 2011 itt
753 1992 794 2011 tne
808 1991 916 2011 omnem

124 2032 320 2066 cupiditatem;
349 2035 456 2065 captata
481 2031 553 2056 ertitrt
571 2038 617 2064 per
644 2030 801 2057 tnattdatuut
827 2037 914 2056 occa-

124 2078 216 2108 sione,
233 2077 338 2110 chcpit
364 2084 416 2108 rttc,
443 2080 470 2102 et
484 2076 600 2102 occidit:
620 2074 690 2102 idem
709 2075 789 2103 etiam
816 2075 843 2102 in
866 2082 917 2102 nos

123 2123 263 2154 incurrit;
280 2123 387 2148 ittvcrtta
404 2122 476 2148 enim
494 2121 641 2148 oecasione
656 2129 688 2148 ex
712 2123 768 2155 lege
786 2121 915 2153 naturali,

126 2170 155 2195 id
179 2174 233 2200 est,
254 2167 376 2194 alimenti
402 2173 428 2193 et
451 2167 575 2194 fet-menti
598 2175 660 2198 usu,
680 2174 740 2193 mea
759 2168 916 2198 caruncula,

122 2223 233 2240 omnem
250 2213 275 2239 in
299 2221 341 2239 rttc
365 2213 493 2240 excitavit
510 2213 696 2247 cupiditatem,
709 2219 734 2239 ct
751 2219 859 2247 propter
874 2221 914 2240 re-

123 2268 186 2287 rutrt
213 2259 429 2286 necessariarum
459 2259 646 2293 indigentiam,
671 2260 787 2294 primum
811 2268 854 2287 me
881 2262 913 2287 ad

121 2313 223 2332 eorum
245 2305 395 2339 legitimum
415 2312 493 2331 usuur
510 2305 610 2338 .traltit,
625 2305 723 2332 deinde
747 2306 781 2333 ab
799 2314 848 2333 usu
866 2313 915 2333 tra-

123 2352 208 2377 tt.r.-li
228 2351 260 2377 ad
279 2352 396 2377 alieuuut
423 2358 446 2376 et
474 2351 641 2377 contrarium
671 2357 773 2378 natura:
798 2353 915 2388 abusum

121 2397 270 2431 pertr-altit,
287 2402 342 2423 tum
360 2404 374 2423 a
396 2397 525 2423 corttittuo
540 2402 567 2423 et
582 2396 717 2430 frequenti
734 2398 817 2425 abusu
830 2397 863 2424 ad
877 2398 916 2424 irr-

120 2443 281 2479 gnrgilandi
294 2448 320 2471 ct
335 2443 477 2470 deliciandi
496 2444 616 2470 habitum
631 2452 637 2470 :
653 2445 760 2470 tandem
779 2452 821 2470 me
837 2452 916 2479 prur‘

120 2501 174 2519 sus
193 2492 351 2525 dccipiens,
365 2491 505 2518 interficit.
532 2491 598 2518 Nam
616 2492 721 2519 deliciis
741 2492 842 2518 irrctita
858 2493 916 2520 sive

121 2539 229 2565 lcurina
255 2543 296 2565 est
312 2538 369 2564 sive
405 2545 491 2568 meus.
508 2537 602 2564 vivens
629 2542 736 2564 mortua
763 2543 830 2570 est;
857 2546 916 2565 utea

118 2587 198 2611 enirn
217 2592 289 2610 mors
303 2589 354 2615 est,
370 2583 481 2610 oblitam
500 2584 670 2618 propriarum
686 2584 751 2610 mibi
765 2586 915 2616 actionum,

120 2631 150 2657 in
169 2630 307 2664 pecuariis
323 2629 505 2664 Voluptatibus
519 2629 641 2664 corporis
659 2630 841 2663 percipiendis
857 2637 916 2656 ver-

119 2678 181 2703 sari
196 2686 201 2702 :
220 2677 338 2709 quando,
356 2682 384 2702 ut
397 2677 466 2703 alter
483 2672 622 2710 apostolus
638 2675 741 2707 scribit,
754 2675 876 2701 altrabor
890 2681 916 2703 ct

121 2725 238 2749 int-sror
252 2731 266 2749 a
283 2722 373 2749 carnis
393 2722 556 2757 cupiditate;
574 2721 709 2755 cupiditas
733 2727 823 2748 autent
848 2726 915 2748 cou-

120 2769 194 2804 cipit
219 2775 245 2796 et
266 2769 350 2804 gignit
369 2773 520 2803 peccatum,
538 2772 680 2803 peccatum
695 2772 784 2794 autent
807 2767 916 2794 absolu-

119 2821 184 2843 tunt
200 2820 324 2849 procreat
341 2821 467 2842 mortem.
497 2816 538 2841 Ab
562 2814 693 2841 uberibus
709 2814 779 2840 t‘tlittt
804 2814 867 2847 ipsis
890 2814 915 2840 iu

120 2869 205 2888 nttt'e
221 2860 338 2895 positum
369 2866 420 2892 est,
443 2866 473 2886 ut
499 2868 560 2886 cttnt
588 2859 620 2886 ad
645 2860 794 2894 jucundum
810 2868 843 2894 qn
858 2861 916 2887 dvis

957 935 1144 969 relinquatur:
1157 941 1218 968 quae
1229 941 1288 960 curn
1305 933 1450 960 multarum
1463 933 1622 960 ancillarum
1638 933 1746 958 domina

957 982 1003 1012 sit,
1019 981 1140 1007 nondum
1165 985 1255 1006 autem
1274 981 1408 1014 imperare
1436 979 1573 1011 didicerit,
1596 979 1748 1005 contemni-

960 1031 1015 1057 tttr,
1030 1031 1078 1053 aut
1094 1026 1175 1053 etiam
1192 1026 1329 1053 colludere
1353 1026 1466 1052 docetur
1482 1034 1488 1051 :
1506 1030 1533 1052 at
1558 1025 1648 1052 serius
1664 1032 1748 1057 agnu-

960 1079 1040 1099 sccns
1057 1079 1117 1106 qua:
1134 1072 1297 1106 quibuscum
1324 1077 1529 1105 corrumpatur,
1547 1069 1656 1097 familire
1669 1076 1750 1102 cap-—

959 1119 1010 1146 scit
1025 1118 1179 1152 imperium.
1197 1122 1223 1144 et
1233 1117 1292 1144 illas
1309 1117 1334 1143 in
1349 1117 1472 1144 ordinem
1491 1117 1614 1144 servili-in
1642 1116 1716 1142 redm
1728 1116 1748 1141 it

961 1169 986 1191 et
1000 1164 1132 1197 castigat;
1144 1163 1197 1190 illae
1207 1171 1271 1190 vero
1283 1163 1397 1198 pristina
1410 1163 1518 1189 licentia
1534 1162 1610 1188 lterili
1624 1162 1749 1189 lascivia-

960 1219 1012 1245 que
1032 1209 1146 1242 refertae,
1165 1210 1341 1242 erubescunt,
1362 1215 1389 1236 et
1406 1209 1432 1235 in
1447 1209 1539 1235 iterant
1553 1209 1705 1243 insurgunt;
1720 1213 1750 1236 ut

961 1257 1041 1283 etiam
1053 1256 1162 1290 quidant
1180 1255 1250 1281 servi
1267 1253 1402 1285 feruntur,
1414 1254 1487 1281 beris
1501 1262 1611 1288 percgre
1621 1254 1750 1288 profert-is

963 1301 1196 1335 rnorantibusqtte,
1209 1304 1234 1326 et
1246 1299 1356 1327 familiae
1371 1299 1440 1332 lteri,
1450 1303 1477 1326 et
1491 1306 1608 1326 urorum
1623 1299 1673 1326 viri
1688 1308 1750 1326 suc-

962 1346 1098 1378 cessisse;
1116 1346 1212 1373 deinde
1227 1346 1253 1372 in
1277 1351 1401 1373 reversos
1418 1345 1497 1372 heros
1526 1345 1708 1372 insurrexisse
1722 1351 1749 1371 ct

963 1390 1048 1417 armis
1075 1390 1251 1421 decertasse;
1270 1388 1499 1423 quemadmodum
1516 1389 1579 1415 item
1597 1388 1642 1415 alii
1657 1395 1749 1422 postea

965 1436 1051 1463 Roma
1066 1435 1169 1470 fugitivi
1192 1435 1296 1469 magnis
1323 1435 1422 1469 pra-liis
1437 1442 1498 1461 cum
1520 1435 1748 1468 persequentibus

964 1486 990 1509 et
1006 1481 1169 1516 fugitivariis
1179 1480 1352 1507 dimicarunt.
1368 1479 1432 1506 Tale
1447 1479 1583 1513 quoddam
1599 1484 1693 1506 contra
1707 1487 1750 1506 me

966 1529 1065 1556 senile
1079 1527 1176 1555 belltttrt
1197 1529 1314 1554 concitat
1339 1531 1435 1553 tiatura
1461 1525 1526 1553 inibi
1553 1533 1662 1553 servum
1687 1534 1750 1552 cor-

965 1583 1027 1610 pus,
1041 1579 1087 1601 aut
1102 1575 1182 1601 ctiant
1200 1573 1301 1605 aerius,
1318 1573 1389 1607 quod
1406 1572 1512 1599 illorum
1530 1573 1627 1606 partim
1651 1573 1749 1605 armis,

965 1628 1120 1656 quanquam
1133 1619 1284 1650 difficulter,
1296 1625 1384 1646 tamen
1394 1620 1543 1652 perierunt,
1558 1626 1609 1646 una
1620 1626 1681 1646 cum
1695 1626 1751 1646 scr—

966 1667 1139 1697 vitutevitatu
1152 1673 1260 1701 quoque
1275 1669 1434 1700 posuerunt,
1456 1665 1553 1699 partinr
1570 1665 1672 1692 interea
1685 1673 1737 1700 pug

967 1713 1056 1740 nartdo
1066 1713 1232 1743 restiterunt.
1244 1712 1308 1739 dum
1321 1712 1401 1739 heros
1417 1711 1488 1739 ferro
1502 1710 1661 1739 dimicantes
1677 1712 1727 1738 vid:
1739 1726 1752 1732 -

967 1762 1041 1792 runt,
1054 1763 1081 1786 et
1095 1758 1120 1785 in
1135 1766 1163 1785 se
1176 1758 1276 1792 paritcr
1288 1758 1436 1789 irruentes;
1452 1756 1495 1784 ubi
1509 1762 1598 1783 autem
1614 1756 1651 1783 illi
1665 1757 1751 1791 depo-

968 1805 1055 1830 nenda
1069 1808 1233 1830 censuerunt
1247 1811 1334 1836 artua,
1349 1807 1375 1830 et
1387 1802 1504 1829 inermes
1521 1802 1603 1837 flagra
1620 1802 1751 1829 duntamt

969 1854 1094 1883 tarrquartt
1125 1850 1211 1876 scr-vis
1231 1849 1416 1880 incusserunt,
1442 1847 1532 1882 itaque
1548 1847 1752 1874 rcvocarunt’in

969 1895 1139 1924 memoriam.
1151 1895 1196 1929 qui
1211 1894 1372 1928 quibuscuu
1385 1893 1518 1920 auderent
1530 1896 1624 1927 gerere
1638 1893 1751 1926 bellum,

968 1946 1025 1968 tum
1042 1941 1074 1966 ad
1089 1948 1118 1967 se
1129 1940 1246 1975 denique
1262 1940 1408 1971 redierunt,
1423 1944 1448 1966 et
1468 1939 1610 1974 pristinam
1627 1939 1753 1966 domina-

968 1987 1068 2014 tionem
1084 1989 1261 2021 agnoverunt.
1275 1985 1330 2012 Hoc
1348 1992 1411 2011 vcro
1423 1992 1513 2011 nteutn
1529 1983 1627 2011 servile
1640 1984 1753 2011 lrostilc-

968 2039 1020 2066 qtte
1035 2031 1137 2058 maltrm
1151 2035 1193 2058 est
1216 2030 1391 2063 indomabilc,
1408 2030 1581 2061 seditiosum,
1595 2029 1751 2064 fugitivum,

967 2078 1039 2112 qtrod
1064 2077 1137 2104 nullo
1159 2082 1238 2112 pacto
1255 2077 1280 2105 in
1294 2077 1465 2110 servitutem
1482 2076 1613 2103 adducas.
1631 2075 1687 2102 Nec
1709 2083 1753 2102 ra-

968 2123 1069 2150 tionem
1096 2124 1177 2150 ullam
1204 2127 1292 2154 tcnco.
1311 2130 1362 2157 qua
1381 2122 1503 2156 superior
1528 2121 1663 2154 evadam;
1689 2128 1752 2147 nant

968 2177 1057 2204 neque
1070 2170 1131 2205 jure
1146 2170 1220 2201 belli,
1241 2177 1328 2204 neque
1343 2170 1398 2204 lege
1414 2168 1651 2205 justae‘servitutis
1668 2176 1756 2202 expu—

932 2232 953 2259 Β
970 2222 1052 2248 gnare
1066 2223 1187 2250 possunt,
1208 2214 1253 2241 sed
1272 2221 1381 2249 quoquo
1394 2213 1474 2259 modo
1488 2202 1649 2247 congrediar
1666 2213 1754 2240 ou-ni-

970 2259 1019 2286 bus
1037 2259 1186 2294 proverbiis
1203 2260 1320 2286 obnoxia
1355 2251 1459 2293 teneor‘,
1485 2259 1600 2293 lapidem
1623 2265 1752 2293 coquens,

969 2312 1057 2332 aeretn
1070 2305 1388 2340 verberans,Etlriopent
1403 2305 1542 2338 dealbans,
1555 2305 1688 2332 flammam
1703 2312 1754 2331 ςτε-

969 2351 1047 2384 dens,
1066 2352 1091 2378 in
1124 2351 1201 2386 aquis
1217 2352 1349 2382 scribens,
1372 2359 1403 2378 ex
1431 2359 1515 2378 arena
1528 2351 1678 2378 funiculuttt
1705 2359 1754 2377 nc-

970 2402 1055 2425 cteris.
1072 2397 1201 2425 Ofactunt
1211 2398 1366 2425 incredibile
1381 2398 1388 2425 1
1403 2397 1519 2424 duarum
1535 2405 1624 2425 rerum
1641 2397 1754 2424 rationis

969 2446 1119 2479 cxpertiunr
1139 2450 1257 2480 potestas
1275 2453 1340 2472 mea:
1356 2445 1416 2472 filei
1434 2446 1536 2472 credita
1561 2450 1624 2472 est:
1642 2446 1753 2472 alternis

971 2501 1076 2520 mecuur
1098 2492 1262 2518 intrinsecus
1278 2496 1304 2518 et
1320 2500 1334 2518 e
1351 2492 1513 2525 propinquo,
1539 2491 1650 2518 alterius
1665 2499 1753 2516 remo-

971 2540 1024 2566 tius
1041 2544 1065 2565 ct
1082 2538 1250 2564 extrinsecus
1266 2537 1428 2571 conjunctae.
1449 2536 1546 2564 Vcrunt
1566 2538 1622 2563 haec
1634 2537 1753 2563 exterior

971 2586 1127 2613 scrtitutem
1142 2592 1220 2618 passa
1236 2589 1278 2611 est
1298 2588 1323 2611 et
1339 2583 1499 2617 subjiciendi
1517 2584 1619 2617 legibus
1644 2582 1754 2616 acquie-

971 2631 1023 2663 vit;
1034 2630 1136 2656 nuliuur
1147 2629 1218 2656 enim
1230 2630 1408 2655 animantium
1421 2629 1523 2655 ratione
1539 2627 1753 2661 ,dcstitutorunr,

971 2675 1097 2701 idoncuut
1114 2674 1274 2708 obsequium
1289 2678 1416 2707 pra-stare
1441 2676 1560 2704 recusat,
1585 2671 1632 2698 sed
1659 2670 1753 2705 jugqu

971 2721 1126 2754 impasitutn
1143 2719 1241 2746 cervici
1266 2720 1314 2746 bos
1342 2719 1421 2750 tollit,
1446 2726 1477 2745 ac
1500 2723 1579 2744 terrm
1596 2717 1756 2743 crassitudi—

972 2774 1031 2793 nem
1049 2771 1139 2792 atatro
1154 2765 1305 2799 pcrfringit,
1327 2765 1407 2799 idque
1424 2764 1497 2796 facit,
1521 2762 1674 2790 cervicibus
1692 2769 1756 2790 cor.

970 2821 1056 2840 nuttru
1072 2813 1144 2839 acit-s
1157 2811 1234 2846 quasi
1248 2812 1347 2838 alteras
1358 2811 1451 2837 lrasttts
1470 2814 1617 2844 prwtcnsas
1632 2810 1754 2844 habens;

972 2868 1057 2894 ncquc
1070 2858 1144 2893 ir‘\l||t
1156 2866 1169 2885 ς
1184 2867 1197 2884 e
1208 2865 1268 2892 ,uus
1282 2857 1460 2884 ministerium
1477 2857 1552 2890 fugit,
1568 2866 1579 2882 ς
1591 2857 1612 2879 ~.'
1625 2857 1673 2881 .tia
1698 2866 1701 2871 ο
1718 2855 1754 2882 fe-
