1963 3066
119 97 168 130 €69

780 86 1073 122 l‘ltOSOPOPLEle.

1693 81 1748 114 970

111 151 207 181 llariter
222 157 361 182 assuetum
376 158 445 187 erat,
461 152 586 181 avulsum
604 152 689 188 luget,
708 155 735 179 ct
749 151 894 186 indignans
907 151 931 180 Α
947 148 1109 184 quidquam,
1124 145 1177 172 nisi
1193 145 1255 180 quis
1271 150 1387 172 mortem
1405 143 1538 171 malorum
1553 141 1675 170 omnium
1699 144 1749 170 tto-

110 202 282 237 obstupcscit,
296 201 406 229 morbos
419 206 447 229 et
462 201 563 228 vinculi
578 208 634 236 quo
647 200 718 227 inter
729 205 781 226 nos
789 197 895 232 colligas

110 255 166 275 mur
190 248 412 281 dissolutionem,
432 255 577 276 excessum
605 255 620 275 e
636 246 691 274 vita
714 245 858 280 injustum.
874 247 901 270 et

111 295 142 323 ab
155 294 322 330 agendarum
340 302 432 322 rerum
449 295 549 322 studiis
566 293 747 322 cessationem
763 290 900 325 cogitans.

111 341 173 369 Nam
190 340 264 377 quod
278 341 333 368 haec
344 341 491 368 manifesta
506 340 606 373 ironia,
621 337 834 369 dissimulautia,
849 343 904 364 ter-

113 387 256 424 giversatio
282 391 309 414 et
331 390 441 413 versuta
461 386 599 413 recusatio
624 384 672 416 sit,
696 383 772 410 vobis
792 389 846 409 non
862 385 904 408 est.

112 434 227 469 ignotum
247 432 294 467 qui
315 430 485 466 experiundo
501 429 648 462 didicistis,
671 433 698 456 et
711 428 800 456 edocti
822 426 902 457 estis,

113 485 233 507 naturam
256 477 392 513 corporis,
410 477 437 504 in
461 476 544 504 rebus
560 475 684 503 honestis
699 480 811 508 operam
828 475 855 499 et
865 471 905 499 la-

112 526 202 553 borcm
220 523 412 560 impendendo,
430 523 458 550 in
472 527 598 550 naturam
620 519 799 556 impatibilcm
826 518 904 553 quasi

113 572 212 600 ferrum
229 576 256 599 et
267 572 442 599 adamantem
460 569 646 600 indurescere;
662 566 735 602 quod
762 572 829 592 vero
850 571 905 591 non

112 627 158 654 pro
169 618 273 646 foribus
288 617 345 645 haec
360 616 499 644 contentio
513 615 559 647 sit,
571 614 598 641 id
612 619 720 649 quoque
731 611 905 646 perspicuum

113 665 218 694 tametsi
234 668 288 697 est,
305 663 476 699 argumentis
491 661 629 689 revincam
641 659 853 695 expositumque
879 661 906 684 et

114 712 222 748 planum
246 709 357 737 faciam.
377 707 437 735 Non
457 714 524 735 sane
539 712 656 741 prorsus
679 703 751 739 quod
775 702 908 730 nutriaris

115 765 200 792 neque
217 755 289 792 quod
308 753 458 782 nutriendo
472 752 585 786 laeteris,
600 759 616 779 ο
630 749 770 785 stupidum
796 755 907 782 corpus,

113 802 312 830 criminamur:
342 804 374 826 ea
407 798 589 826 criminamur
617 795 718 831 quibus
746 793 826 821 malis
861 796 908 820 aut

117 847 261 879 atﬁcimur,
285 850 333 873 aut
355 845 508 872 deteriores
536 843 628 871 ﬁmus.
642 842 710 876 Quis
725 841 798 868 enim
817 843 908 867 mente

115 895 255 932 praditus,
271 897 300 921 et
314 896 419 920 naturae
434 891 556 919 rationes
572 890 614 918 vel
640 880 816 916 mediocriter
838 894 907 914 con-

114 940 268 975 templatus,
288 937 440 964 maledictis
452 937 565 971 impetat
582 943 644 962 cum
661 933 729 961 alias
753 932 908 962 facultates.

114 991 170 1014 tum
186 985 304 1012 maxime
319 979 442 1010 altrices?
457 980 586 1009 Alimenti
602 981 718 1007 abusum
734 979 857 1013 exlegem
880 977 908 1004 in

115 1029 219 1058 deliciis
245 1033 272 1055 et
297 1026 512 1062 inesplebilitate
528 1024 767 1060 reprehendimus.
783 1018 842 1050 Non
858 1031 909 1050 au-

115 1078 166 1103 tem
183 1074 252 1109 idem
268 1077 311 1101 est
329 1073 418 1108 τρυφή
435 1071 507 1107 quod
523 1071 621 1106 τροφή,
639 1070 743 1098 delicia:
768 1069 841 1104 quod
857 1068 908 1095 ali-

115 1125 246 1152 mentum,
262 1117 309 1147 sed
324 1118 438 1145 alterum
454 1117 488 1144 ab
500 1116 585 1143 altero
602 1114 774 1150 longioribus
786 1113 910 1141 intersti-

116 1165 159 1192 tiis
171 1163 348 1198 diﬂertquam
358 1162 494 1197 Mysorum
503 1165 530 1188 et
542 1161 679 1196 Phrygum
693 1159 760 1187 lines
770 1158 911 1191 dill'eruut,

117 1210 226 1238 tametsi
254 1209 395 1236 vicinitate
421 1209 566 1236 nominum
583 1215 615 1235 ea
631 1207 827 1242 propemodum
847 1213 912 1234 con-

117 1257 246 1290 veniant;
261 1260 288 1283 tu
302 1263 368 1282 vero
382 1259 430 1282 aut
438 1254 567 1290 stupidis,
582 1257 630 1281 aut
643 1253 773 1288 malignis
788 1252 912 1281 moribus

118 1303 273 1338 prazditum,
291 1301 495 1329 accusationem
512 1300 616 1328 abusus
633 1299 668 1326 ad
684 1298 820 1326 naturalis
845 1305 912 1326 usus

120 1349 286 1377 calumniam
316 1347 484 1375 traduxisti:
501 1347 627 1381 idemque
653 1349 700 1373 aut
716 1344 840 1377 nescisti,
865 1348 913 1371 aut

121 1401 148 1423 te
163 1395 268 1423 nescire
288 1399 395 1422 versute
423 1392 572 1426 simulasti,
600 1391 684 1419 veluti
709 1398 761 1418 nos
786 1390 912 1418 adulterii

119 1441 162 1469 vel
181 1440 322 1469 ebrietatis
339 1445 501 1467 accusantes
520 1437 688 1473 quempiam,
704 1434 913 1463 calumniareris

119 1490 196 1525 quasi
225 1487 358 1516 conviciis
385 1488 494 1522 nuptias
523 1485 638 1520 cupidas
657 1487 685 1511 et
712 1483 835 1511 sobrium
855 1481 914 1509 vini

120 1541 212 1571 potum
228 1534 406 1561 insectemur.
419 1533 514 1567 Itaque
527 1538 615 1566 neque
627 1534 664 1563 te,
681 1536 698 1556 0
711 1535 773 1556 mea
789 1535 867 1560 crux,
883 1527 910 1555 in

119 1581 253 1616 judicium
271 1588 415 1613 vocamus,
429 1580 464 1608 ob
477 1587 568 1607 rerum
585 1578 803 1606 necessariarum
821 1583 912 1609 usum,

120 1629 169 1656 sed
192 1627 256 1663 quia
281 1632 308 1653 tu
327 1628 396 1653 hanc
419 1629 529 1652 nactum
548 1624 701 1659 speciosam
728 1623 912 1654 occasionem,

122 1682 179 1702 non
195 1674 311 1706 desinis,
331 1677 361 1700 ut
376 1672 474 1700 iterum
487 1672 552 1699 illud
568 1671 752 1706 apostolicum
770 1675 913 1704 usurpem,

121 1727 231 1748 omnem
248 1719 277 1746 in
295 1726 338 1746 me
360 1718 536 1753 cupiditatem
560 1716 669 1745 efﬁcere
685 1725 692 1744 :
708 1716 826 1752 primunt
851 1715 914 1750 qui-

123 1769 184 1795 dem
201 1772 279 1793 utens
295 1766 426 1793 alimento
441 1764 515 1792 sicco
532 1763 711 1798 humidoque,
725 1762 824 1790 deinde
845 1769 915 1797 pne-

123 1818 166 1840 ter
181 1817 208 1839 et
220 1816 319 1840 contra
335 1818 416 1846 quam
438 1817 487 1845 par
502 1810 539 1838 sit
551 1809 679 1842 abutens,
695 1816 728 1837 eo
741 1809 914 1840 incumbens,

124 1860 158 1886 ad
173 1858 332 1886 universam
350 1864 515 1891 omnemque
530 1856 679 1891 voluptatis
695 1855 852 1883 lllecebram
867 1856 915 1882 der

123 1905 217 1932 labens
232 1907 260 1931 et
271 1903 392 1934 irruens,
403 1906 430 1929 et
445 1909 498 1928 una
514 1908 557 1928 me
567 1900 732 1935 corripiens,
745 1904 772 1926 et
781 1899 915 1926 exhibens

125 1950 246 1986 negotia.
262 1949 329 1976 Nam
350 1948 454 1983 duplici
480 1954 507 1975 et.
523 1947 593 1982 gulae
612 1951 640 1974 et
663 1946 766 1973 ventris
783 1945 914 1978 intempe-

125 1996 226 2024 ranti-.e
239 1995 304 2022 llatu
320 1994 497 2030 exagitatum.
509 1994 551 2020 vel
567 1993 659 2028 potius
672 1991 770 2027 triplici
785 1991 824 2026 (in
838 1990 918 2017 satie~

124 2043 226 2072 tatibus
242 2042 342 2072 -enim.
369 2040 455 2072 aiunt,
485 2038 577 2067 Venus
605 2043 657 2071 est,
688 2043 820 2073 praetereo
844 2037 915 2064 enim

125 2095 192 2118 tunc
207 2090 303 2116 horum
316 2089 442 2116 comitem
459 2088 592 2115 malorum
608 2086 766 2122 legionem),
782 2084 848 2120 quid
863 2091 917 2111 non

125 2138 194 2165 mibi
210 2135 403 2164 dilticultatum
418 2139 446 2162 et
468 2134 639 2162 miseriarum
655 2132 752 2160 infers?
767 2131 834 2159 Nam
852 2131 917 2159 dum

952 194 1085 220 tnitriceir.
1103 193 1197 225 dicat;
1214 191 1342 218 miserior
1359 198 1423 218 vero
1442 190 1528 217 multo
1554 196 1615 216 sum
1631 188 1748 224 alioqui,

953 240 1025 275 quod
1045 239 1206 274 imprudens
1239 237 1387 272 nesriaque
1415 241 1440 264 te
1459 237 1558 263 malam
1578 236 1693 264 bestiam
1721 235 1749 262 in

953 285 1014 312 sinu
1033 285 1151 315 foveam,
1169 288 1196 310 et
1212 283 1314 318 pullum
1339 282 1504 316 petulantem
1522 289 1582 309 meo
1604 281 1676 308 malo
1689 281 1751 316 pin-

953 329 1118 365 guefaciam.
1139 329 1233 356 Nonne
1249 328 1384 355 initritum
1407 332 1434 355 et
1455 327 1542 354 fotum
1566 327 1666 354 malam
1682 326 1748 353 mihi

955 377 1071 411 gratiam
1091 376 1191 403 refers?
1207 375 1347 407 muniens,
1365 380 1394 402 ut
1415 382 1538 408 serpens,
1559 374 1749 405 calcitrosum,

955 423 1156 451 contumaciter
1193 421 1371 457 ignominiam
1401 421 1526 454 inurens,
1555 428 1606 448 nec
1635 420 1751 454 amplius

955 469 1109 496 domabile:
1134 476 1189 496 non
1218 467 1406 503 persuasionis
1443 467 1583 494 blanditiis
1613 467 1751 498 deliniris,

957 521 1011 540 non
1032 513 1057 539 vi
1076 512 1203 544 frenaris,
1221 520 1275 538 non
1296 512 1440 546 probitatis
1457 520 1521 546 ergo
1536 511 1646 539 labores
1666 512 1752 538 attin-

953 554 1008 594 ‘gis.
1021 559 1090 592 Quid
1107 559 1162 592 aio,
1176 550 1283 586 laborc‘s
1293 566 1346 586 non
1361 559 1484 594 attingis?
1498 558 1631 586 Praeclare
1644 565 1751 585 mecum

957 611 1094 641 ageretur,
1108 606 1130 633 si
1145 611 1240 632 contra
1257 613 1310 632 non
1328 605 1475 638 uitcreris;
1491 606 1513 632 si
1535 605 1568 632 ad
1596 605 1642 632 tibi
1674 610 1751 639 grata

957 652 1106 687 cbaraque.
1119 651 1185 679 mihi
1194 656 1284 679 autern
1299 652 1484 686 ingratissima
1494 651 1750 686 inimicissimaque.

959 708 1014 728 non
1030 700 1162 727 violenter
1189 704 1278 727 tecum
1294 700 1465 733 corriperes;
1482 700 1505 726 si
1521 706 1610 726 meam
1630 698 1751 732 pulchri-

959 747 1083 774 tudinem
1104 746 1250 773 amabilem
1282 747 1349 779 luto,
1368 751 1399 773 ut
1423 746 1492 781 apud
1508 745 1683 773 Salomonem
1706 744 1752 771 illa

961 800 1010 820 sus
1037 800 1150 820 auream
1176 793 1313 826 iuaurem,
1339 800 1393 819 non
1420 792 1590 820 obvolveres.
1617 791 1654 818 Ne
1674 791 1752 824 mihi,

959 845 1063 873 quasso,
1073 838 1152 866 beate
1160 843 1258 870 costus,
1268 839 1470 869 succensearis.
1481 838 1503 866 si
1517 837 1631 865 invcbar
1642 836 1669 864 in
1683 837 1754 863 hanc

960 885 1122 913 indomitam
1140 885 1294 920 malamque
1320 886 1451 920 pecudem
1469 889 1523 912 tam
1544 884 1652 916 acerbe,
1673 884 1753 918 cujus

960 931 1130 966 tyrannicam
1152 930 1340 963 rebellionem,
1357 931 1402 957 ille
1418 937 1528 965 quoque
1544 934 1636 957 tantus
1650 927 1752 956 Paulus

960 977 1065 1005 mundo
1084 977 1244 1011 cruciﬁxus,
1260 985 1316 1004 non
1338 977 1395 1012 jam
1423 977 1527 1007 vivens,
1548 975 1595 1003 scd
1613 975 1640 1002 in
1668 983 1699 1003 se
1712 975 1752 1002 vi-

960 1029 1067 1052 ventem
1083 1029 1110 1051 et
1122 1024 1278 1059 loquentem
1289 1023 1429 1051 Christum
1446 1027 1567 1057 gestans,
1583 1022 1754 1056 circumsp-‘-

961 1071 1033 1099 ctius
1045 1070 1220 1102 observabat,
1229 1075 1255 1098 et
1266 1070 1409 1105 indignans
1418 1069 1500 1097 veluti
1514 1070 1682 1104 deplorabat,
1699 1070 1754 1096 mi-

961 1124 1054 1145 serum
1079 1124 1110 1145 se
1136 1124 1237 1144 vocans
1254 1116 1404 1150 hominem,
1421 1122 1448 1145 et
1470 1118 1570 1145 anxius
1596 1124 1720 1152 quaerens
1738 1125 1753 1143 a

962 1171 1079 1199 corpore
1095 1163 1193 1191 mortis
1211 1162 1292 1198 hujus
1310 1163 1484 1191 liberatorem
1506 1173 1513 1191 :
1534 1164 1561 1191 in
1582 1164 1655 1199 quod
1668 1165 1751 1191 etiam

963 1215 1093 1245 tanquam
1116 1216 1268 1245 generosus
1289 1208 1403 1241 athleta,
1418 1216 1604 1244 coronamque
1634 1217 1753 1238 merens.

963 1255 1153 1283 vehementius
1166 1255 1285 1287 irruens,
1302 1262 1357 1282 non
1372 1255 1451 1289 prius
1471 1255 1551 1283 desiit
1575 1255 1657 1283 ferire
1670 1255 1756 1282 calci—

963 1302 1015 1330 bus
1028 1306 1056 1329 et
1068 1301 1174 1329 crebris
1189 1301 1408 1336 sugillationibus
1427 1306 1531 1333 notare,
1551 1309 1634 1335 quam
1658 1302 1686 1329 in
1701 1309 1755 1329 ser-

965 1349 1076 1376 vitutem
1091 1347 1245 1378 adduxerit,
1263 1347 1486 1382 morigerumque
1502 1348 1607 1376 fecerit.

1000 1395 1064 1422 Esto
1080 1401 1156 1425 sane,
1171 1393 1270 1428 inquit,
1283 1397 1313 1420 at
1334 1393 1383 1421 tibi
1401 1393 1502 1422 licebat
1520 1400 1621 1422 natura
1638 1395 1749 1422 subdito

967 1441 1036 1468 mihi
1053 1441 1214 1468 servitutem
1229 1441 1384 1474 imponere,
1396 1447 1458 1474 quas
1473 1445 1553 1468 notas
1569 1441 1680 1468 inurere
1697 1442 1753 1467 vel-

927 1496 950 1526 c
967 1487 1018 1518 les,
1037 1486 1218 1522 apostolicam
1235 1491 1330 1514 secuta
1356 1486 1486 1519 formam,
1506 1486 1630 1522 illudque
1645 1487 1755 1522 sapiens

963 1537 1148 1569 praeceptum:
1165 1532 1250 1560 Asino
1265 1531 1369 1560 {mnum
1383 1536 1410 1560 et
1423 1532 1560 1567 baculusj,
1584 1539 1664 1560 servo
1677 1533 1756 1568 panis

964 1584 992 1608 et
1006 1578 1102 1614 ﬂagra.
1116 1579 1138 1607 0
1151 1578 1301 1606 ludibrium
1311 1579 1318 1606 ι
1330 1579 1430 1615 quibus
1438 1578 1755 1607 medissimulationibus

965 1626 1082 1659 deludit,
1098 1633 1172 1653 nunc
1188 1626 1283 1654 fateris
1303 1631 1330 1654 te
1356 1627 1422 1654 mihi
1453 1626 1593 1655 subditum
1616 1634 1679 1654 esse
1706 1634 1757 1654 na-

966 1678 1027 1700 tura
1044 1681 1051 1700 :
1071 1679 1145 1700 nunc
1158 1672 1226 1700 mihi
1237 1672 1329 1700 verbis
1337 1672 1520 1707 adblandiris,
1531 1673 1604 1708 quod
1617 1673 1757 1708 subjicere

965 1719 1057 1749 liceat.
1079 1718 1162 1746 factis
1187 1723 1322 1754 perpetuo
1339 1726 1508 1754 repugnans.
1527 1719 1583 1755 Ego
1598 1727 1663 1747 vero
1679 1718 1755 1755 quod

967 1769 996 1793 tu
1009 1765 1084 1793 Velut
1099 1765 1194 1793 asinus
1217 1765 1356 1800 petulans,
1385 1765 1504 1794 fustibus
1527 1767 1687 1794 cedendum
1706 1767 1757 1800 sis,

966 1817 994 1839 et
1014 1817 1044 1839 ut
1059 1811 1148 1838 malus
1167 1818 1277 1844 servus,
1291 1811 1453 1839 verberibus
1474 1811 1662 1844 lacerandam,
1675 1813 1758 1840 intel-

967 1859 1052 1893 ligere
1064 1858 1122 1892 ipsa
1137 1864 1200 1885 sero
1213 1857 1293 1892 ccepi.
1309 1855 1411 1884 Verum
1424 1857 1540 1892 agedum
1555 1858 1623 1885 mitti
1640 1866 1757 1892 percon-

968 1904 1036 1933 tanti
1050 1902 1205 1939 responde:
1217 1902 1339 1938 quando,
1354 1911 1460 1938 quaso,
1472 1911 1580 1939 quaque
1593 1909 1672 1932 atate
1689 1905 1756 1932 mihi

967 1952 1048 1979 datur
1072 1955 1099 1978 te
1113 1950 1278 1987 subiiciendi
1306 1955 1437 1985 potestas,
1457 1959 1520 1978 cum
1532 1959 1673 1987 nunquam
1690 1959 1753 1979 cum

968 1997 1102 2032 Apostolo
1116 1997 1208 2025 dicere
1221 1996 1324 2032 possis,
1340 2002 1366 2025 te
1378 1997 1427 2033 legi
1442 1997 1489 2026 Dei
1505 1997 1661 2032 subjectum
1675 1998 1758 2027 esse?

969 2050 1101 2072 utrumne
1113 2042 1212 2079 puerili
1236 2048 1264 2070 et
1282 2043 1396 2070 adulta?
1415 2043 1450 2070 At
1479 2048 1536 2070 tum
1553 2044 1653 2072 mentis
1669 2044 1757 2079 impo-

970 2091 1053 2118 tentia
1070 2089 1220 2124 desipiens,
1236 2097 1281 2117 me
1293 2089 1351 2124 ipsa
1371 2097 1426 2117 non
1442 2097 1553 2124 possum
1568 2091 1608 2118 uti
1623 2091 1758 2127 intellige-

970 2144 1054 2171 reque
1079 2141 1182 2171 quanto
1197 2135 1246 2163 tibi
1273 2140 1411 2171 praestem.
1440 2137 1481 2163 An
1496 2144 1561 2164 vero
1575 2137 1702 2172 juvenili,
1721 2145 1757 2165 an

125 2190 156 2211 es
173 2183 265 2215 inane,
282 2181 380 2216 repleri
398 2180 559 2213 desideras;
577 2179 621 2206 vix
640 2179 750 2214 plenum
770 2185 811 2211 es,
827 2177 918 2205 denuo
933 2169 956 2198 θ
972 2169 1111 2210 νὶιίίιίρᾸι
1128 2187 1184 2210 tum
1198 2169 1281 2210 omne
1297 2183 1400 2210 malum
1415 2186 1516 2217 erupll,
1536 2187 1564 2210 et
1576 2169 1642 2211 inde
1656 2169 1759 2212 bellum

126 2229 236 2256 laboras
262 2228 405 2260 inanitate,
435 2234 468 2254 ac
495 2226 593 2253 iterum
618 2224 743 2260 exquiris
767 2223 919 2258 compleri;

125 2277 238 2311 quando
253 2274 318 2302 item
339 2272 411 2300 fame
427 2272 577 2305 divcxaris,
592 2271 626 2298 ad
639 2271 793 2298 satietatem
810 2275 836 2297 te
850 2269 920 2297 cibis

125 2321 264 2351 oblectas;
280 2326 344 2346 cum
357 2321 545 2345 exsaturatum
560 2323 601 2348 es,
617 2316 764 2350 voluptatis
778 2315 921 2343 illecebras

125 2367 248 2402 quieris;
265 2366 330 2400 quin
345 2365 447 2400 potius,
462 2369 490 2392 et
504 2363 642 2395 esuriens,
655 2367 683 2391 et
694 2363 816 2398 plenum,
831 2369 922 2397 neque

127 2413 268 2442 satietatis
284 2411 407 2443 modum,
423 2417 511 2445 neque
532 2409 680 2444 voluptatis
696 2409 850 2437 satietatem
871 2416 920 2436 nos

125 2461 182 2492 sti;
201 2459 228 2486 in
244 2465 300 2492 quo
314 2464 366 2492 ego
390 2456 490 2483 misera
516 2463 589 2489 sum,
614 2455 674 2490 pari
701 2463 781 2490 ptena
794 2456 922 2483 damnata

126 2514 183 2542 qua
201 2505 253 2533 illae
266 2504 397 2532 fabulosae
412 2503 559 2536 Danaides,
574 2507 604 2530 ut
616 2504 643 2530 in
655 2502 801 2533 inﬁnitum.
818 2507 848 2529 ut
859 2502 921 2534 illae,

129 2553 181 2581 tibi
200 2552 376 2583 exhauriant,
392 2551 467 2579 dolio
498 2556 611 2586 pertuso
627 2558 636 2581 z
651 2554 698 2578 aut
716 2551 799 2578 etiam
827 2551 922 2577 eadem

128 2600 238 2634 patiens
250 2606 310 2633 qua:
322 2598 432 2625 d'rvinus
442 2598 486 2624 ille
500 2598 594 2629 David.
609 2597 672 2625 huic
682 2596 819 2632 profundo
831 2604 922 2628 caeno,

129 2647 157 2672 in
174 2652 228 2680 quo
246 2651 382 2678 nusquam
400 2644 548 2676 subsistas,
575 2643 689 2678 illigata,
704 2643 737 2670 ad
755 2643 839 2670 imum
859 2649 923 2677 per-

129 2698 216 2728 petuo
234 2693 365 2719 delabens
381 2691 512 2726 fundique
529 2691 664 2722 nescium,
689 2689 761 2725 quod
777 2690 849 2716 enim
875 2696 923 2716 ex-

129 2745 249 2768 tremum
266 2738 428 2773 profundum
441 2743 548 2766 tuarum
572 2737 769 2773 appetitionum
782 2737 923 2764 inventum

131 2790 187 2816 εει.
203 2785 275 2819 quod
292 2785 399 2812 tandem
428 2791 596 2819 postremum
618 2784 761 2815 subsistat,
782 2788 809 2811 et
822 2788 868 2810 tuo
883 2783 925 2810 ul-

132 2831 222 2860 terius
240 2831 422 2867 progredienti
439 2830 557 2858 obsistnt
570 2829 705 2865 hnpetui?
721 2837 774 2857 non
791 2834 833 2857 est
847 2828 921 2856 aliud

296 2880 431 2909 PATBOL.
453 2879 510 2909 Gn.
533 2879 592 2909 CL.

969 2229 1161 2257 vehementius
1176 2229 1335 2262 inchoatur,
1365 2236 1410 2256 me
1428 2229 1485 2264 jam
1511 2229 1646 2265 meipsam
1671 2238 1759 2266 agno-
1800 2258 1803 2263 ,

971 2280 1077 2308 sceute,
1102 2280 1129 2302 et
1142 2275 1309 2303 conveniens
1337 2275 1522 2310 primordium
1549 2275 1715 2310 asciscente,
1732 2281 1759 2305 et

971 2324 1026 2352 alio
1051 2325 1112 2352 vitae
1144 2324 1290 2357 victusque
1315 2329 1417 2356 genere
1434 2321 1542 2349 meliori
1573 2321 1717 2354 utendum.
1733 2328 1761 2350 et

972 2370 1023 2403 legi
1037 2370 1083 2397 Dei
1102 2368 1333 2404 acquiescendum
1353 2374 1414 2395 esse
1430 2372 1582 2396 censente:
1600 2368 1652 2396 hoc
1666 2373 1759 2396 autem

973 2424 1027 2444 sea
1042 2421 1118 2452 grata
1131 2420 1160 2442 et
1174 2421 1268 2442 coava
1293 2414 1497 2441 consuetudine
1517 2413 1611 2442 divelli
1632 2422 1686 2441 non
1713 2422 1761 2450 pa-

976 2463 1072 2494 tiente,
1097 2467 1160 2488 cum
1177 2459 1212 2487 ab
1225 2465 1289 2487 ortu
1302 2460 1336 2487 ad
1357 2459 1516 2488 vicesimum
1539 2467 1627 2495 usque
1654 2467 1758 2488 annum

971 2506 1142 2542 iuventutem
1161 2505 1188 2533 in
1203 2506 1279 2532 omni
1290 2504 1417 2533 libertate
1437 2505 1605 2540 licentiaque
1619 2506 1758 2533 contrive-

973 2554 1020 2585 rit,
1046 2558 1073 2581 et
1088 2553 1193 2580 ventris
1209 2552 1340 2588 ingluviei
1354 2552 1500 2585 studuerit,
1519 2557 1546 2579 et
1560 2552 1647 2580 solam
1661 2552 1760 2587 volup-

975 2603 1058 2626 tatem
1079 2599 1252 2631 exercuerit;
1279 2605 1331 2626 nec
1356 2597 1460 2626 dictum
1487 2597 1568 2626 facile
1595 2602 1648 2630 est,
1677 2605 1760 2632 quam

975 2645 1098 2674 robustis
1115 2645 1263 2679 impetibus
1278 2645 1345 2672 mihi
1360 2646 1440 2680 quasi
1456 2652 1500 2672 res
1523 2651 1608 2672 novas
1623 2643 1761 2676 molienti,

976 2695 1003 2718 et
1015 2695 1113 2726 praeter
1130 2697 1238 2725 a'quum
1269 2690 1434 2723 dominanti,
1450 2690 1605 2723 renitatur;
1632 2697 1665 2717 ac
1695 2689 1762 2717 mibi

975 2737 1134 2764 diuturnam
1171 2736 1412 2768 consuetudinem,
1437 2740 1465 2763 et
1493 2735 1647 2763 naturalem
1675 2735 1761 2770 legem

975 2782 1055 2818 quasi
1072 2789 1180 2810 murum
1192 2783 1336 2817 quemdam
1351 2782 1463 2818 objicit;
1480 2782 1562 2817 idque
1576 2782 1763 2817 potissimum,

976 2829 1040 2865 quia
1054 2835 1152 2857 recens
1171 2829 1277 2857 socium
1294 2829 1486 2864 npitulatorem
1516 2829 1620 2857 ventris
1633 2827 1762 2856 allectum

1544 2878 1581 2907 31
