1963 3066
212 111 263 143 971

846 109 1037 139 GliEGORll
1058 103 1215 138 PALUH’.

1781 109 1832 142 9⁷12

214 177 247 196 eo
263 174 386 203 tempore
403 170 587 197 vehementem
601 172 721 199 nactum,
743 173 766 193 et
786 167 897 200 insuper
916 166 1001 192 avari-
1018 169 1038 194 A
1053 167 1111 198 Quo
1127 167 1270 200 supplicio,
1290 174 1341 200 qua
1359 174 1440 202 pmua
1461 175 1513 194 non
1529 173 1569 196 est
1594 168 1704 204 dignum
1721 171 1773 197 tam
1791 161 1831 197 ve—

215 214 292 246 tiam,
309 214 486 241 ambitionem
503 235 510 247 ,
528 219 555 241 et
572 213 594 241 si
620 213 684 248 quid
701 211 774 238 aliud
796 211 892 237 horum
909 216 1000 237 eomes

216 268 277 287 eum
309 260 355 287 tali
381 265 510 295 tantoque
539 265 610 287 coetu
637 259 704 290 coit,
735 258 798 284 mihi
828 257 999 287 adversatur,

215 307 314 334 astutia
331 306 427 334 bellica
452 306 534 339 fallit,
561 311 588 333 et
613 305 665 332 sub
681 300 784 339 peccati
809 303 894 338 legem
916 301 1002 337 capti-

216 360 275 380 vam
293 353 413 386 abducit,
430 353 631 388 persuadetque
647 356 675 378 ιιι
704 355 728 378 et
747 351 804 385 ipsa
822 349 933 381 faciam,
962 348 1002 374 fa—

212 399 352 433 ricntique
369 399 557 430 consentiant,
575 396 650 432 quati
674 403 762 430 neque
785 396 881 429 probo,
912 400 1002 428 neque

215 445 285 471 ‘t'ulo.
300 444 338 471 Ita
353 452 449 479 parere
460 445 573 476 didicit;
603 445 640 470 ita
661 443 734 477 leges
761 442 905 470 obediendi
923 441 999 468 colit.

215 490 265 517 llic
294 498 383 524 operae
398 491 515 525 pretium
537 491 629 523 l'ucrit,
651 489 731 517 amici
756 488 802 515 Dei
826 489 945 523 jutlices,
971 493 1002 515 ut

215 543 268 562 non
286 536 387 562 credam
417 537 545 567 fustibus,
564 540 592 562 ut
620 536 735 563 asellum
754 541 835 569 agaso
853 534 933 573 solet,
964 534 1001 560 ita

213 586 312 615 prazter
326 587 451 609 naturam
467 582 639 617 superbiens,
653 585 680 608 et
695 581 827 608 ell‘rcnate
843 580 999 612 lasciviens,

213 633 309 654 etnon
341 628 460 662 amplius
489 628 620 663 pecuario
649 627 721 655 fastu
753 632 919 658 tumescens,
951 626 999 653 sed

214 674 332 700 helluino
352 675 462 701 fremitu
486 675 610 709 rugiens,
640 682 687 701 nec
704 674 851 703 rebelians.
871 677 898 699 et
911 672 1000 699 maui-

212 719 469 754 l'estotyranuidem
494 726 650 754 occupans,
676 719 766 754 ﬂagris
794 723 821 746 et
847 718 954 753 pugnis,
972 721 1001 744 ut

216 764 274 792 heri
300 766 387 792 solent
413 765 558 800 mancipia,
584 765 684 793 {cedem
710 774 716 792 :
745 764 793 791 sed
819 764 903 797 ferro,
927 763 1000 798 quod

215 811 301 844 aiunt,
319 812 432 846 igneque
462 812 690 844 animadvertam,
720 816 746 838 et
771 810 886 837 illustris
917 809 999 837 semel

1052 218 1113 238 cors
1137 217 1162 238 et
1189 213 1338 247 ingratum,
1357 219 1383 240 et
1411 213 1437 240 in
1462 221 1505 240 me
1529 215 1769 248 contumeliosum,
1798 218 1830 243 ita

1052 258 1210 284 cli-mentem
1227 263 1252 284 et
1267 259 1416 286 miserabili
1435 260 1735 295 eommiserescentem,
1754 268 1782 290 ut
1803 271 1833 290 ne

1051 303 1197 330 liberorum
1211 305 1318 338 quidem
1332 311 1522 333 amansmater
1533 307 1559 333 in
1575 314 1624 334 sua
1638 307 1724 342 ipsius
1733 309 1834 336 viscera

1051 353 1124 376 esset
1140 349 1258 377 aﬂecta?
1281 351 1315 377 At
1332 350 1369 378 ita
1386 359 1452 379 sane
1474 352 1644 386 adolescens,
1663 353 1701 381 ita
1724 355 1835 392 iuvene-

1051 401 1130 422 scens
1146 400 1172 422 et
1195 395 1298 423 virilem
1318 401 1423 424 aetatem
1448 398 1606 433 attingens,
1631 406 1675 426 me
1697 407 1751 426 non
1770 401 1836 428 solet

1052 443 1215 469 auscultare.
1229 443 1262 468 At
1275 451 1420 471 senescens
1437 445 1502 471 mite
1518 445 1674 480 ductileque
1695 451 1722 473 et
1738 451 1835 473 tracta-

1053 487 1106 514 bile
1117 492 1159 515 est
1171 488 1245 515 adea
1257 497 1317 523 qua:
1327 490 1421 517 decent
1432 490 1643 517 instrumentum
1655 491 1667 518 ἲ
1679 490 1835 519 Undenam?

1052 533 1133 566 Quod
1145 540 1218 562 certe
1239 536 1423 563 membrorum
1439 536 1529 570 vigore
1550 546 1675 571 nexuque
1691 539 1779 566 soluto
1791 561 1798 572 ,
1812 546 1836 566 et

1053 580 1175 614 ingenito
1196 581 1286 608 calore
1309 581 1452 613 exstincto,
1480 583 1613 609 immobili
1635 587 1743 618 torpore
1766 585 1836 611 talie-

1051 626 1152 653 factum
1166 627 1248 654 veluti
1259 628 1442 662 compeditum
1452 633 1503 661 est,
1515 634 1541 656 et
1554 630 1652 657 veteris
1660 630 1765 657 arboris
1775 637 1836 656 exa-

1051 673 1170 700 rescenti
1188 678 1285 699 trunco
1300 673 1400 705 simile,
1413 674 1513 701 SCiiit‘L‘l
1537 675 1590 702 tale
1614 676 1700 709 possit
1723 683 1767 702 res
1793 683 1836 706 ag-

1051 718 1125 753 gredi
1139 719 1225 746 serias
1238 723 1264 745 et
1279 719 1420 752 honestas,
1433 721 1504 754 quod
1517 721 1734 748 sustentantium
1750 726 1777 748 et
1796 730 1836 749 se-

1051 764 1175 792 nescenti
1206 766 1431 795 suecurrentium
1459 766 1571 801 indiget,
1609 769 1740 802 praeclare
1773 776 1836 796 vero

1052 818 1159 838 mecum
1174 814 1310 845 ageretur,
1326 811 1380 839 nisi
1400 814 1480 839 etiam
1499 820 1564 840 suas
1584 814 1649 841 mihi
1665 815 1836 842 calamitates

216 866 333 893 pugnant
362 866 518 892 conseram,
543 859 671 886 cominus
698 858 802 884 hostem
821 864 958 891 aggressa,
972 853 1036 884 etB
1052 856 1183 890 inureret,
1208 862 1235 884 et
1265 858 1363 891 quibus
1388 859 1521 891 abundat,
1548 860 1678 888 senilibus
1698 861 1777 889 malis
1796 870 1837 889 me

215 908 263 931 aut
282 904 372 939 ipsum
395 905 538 932 honestam
565 905 664 939 degens
680 904 764 930 vitam
780 903 935 934 exhibeam,
952 907 999 929 aut

216 949 285 976 idem
306 949 378 984 quod
402 956 550 982 generosus
572 947 690 975 Samson
719 946 818 974 iaciam
845 945 998 986 patiarque,

216 995 382 1026 convellam,
397 995 520 1029 inquam,
537 995 608 1028 quod
629 993 757 1028 iniuriam
774 992 856 1019 faciat
870 1000 878 1018 :
893 995 919 1018 et
937 998 999 1018 cum

216 1041 294 1069 hoste
322 1041 437 1068 cadente
461 1041 522 1068 laeta
546 1040 628 1068 simul
650 1039 792 1067 excedam.
808 1038 838 1065 ln
857 1045 899 1065 me
917 1037 1000 1072 igitur

214 1087 280 1113 illud
295 1093 403 1121 quoque
418 1087 581 1120 quadrabat,
600 1084 672 1120 quod
683 1083 826 1118 proverbio
843 1082 996 1118 quiritatur.

215 1132 271 1159 Ah!
289 1139 369 1166 quam
386 1138 468 1166 grave
491 1135 534 1159 est
558 1131 584 1158 id
612 1130 770 1158 hominibus
796 1128 918 1156 malum?
936 1135 999 1156 cum

216 1179 279 1212 quis
296 1178 374 1205 bonis
389 1185 442 1204 non
471 1177 557 1205 utitur
572 1177 614 1204 bis
644 1184 706 1210 qua:
721 1175 835 1203 noverit.
861 1174 929 1202 Nam
950 1181 999 1210 ego

214 1228 290 1250 certo
316 1225 407 1250 sciens
427 1224 453 1250 in
476 1227 530 1250 tam
556 1221 657 1249 rebelle
685 1228 740 1248 non
759 1228 820 1248 esse
839 1220 999 1248 verberibus

216 1269 503 1301 animadvertendum,
517 1268 564 1296 sed
587 1274 616 1294 ut
629 1267 726 1294 hostile
747 1267 809 1294 odio
832 1273 1000 1302 prosequen-

215 1317 291 1345 dum,
307 1322 361 1341 non
375 1319 466 1341 tamen
481 1314 554 1341 bono
570 1313 622 1340 hoc
637 1313 720 1339 animi
740 1312 856 1339 consilio
875 1316 953 1346 utor;
966 1313 999 1340 ab

215 1360 367 1388 innumeris
396 1359 468 1387 enim
499 1358 691 1387 alectionibus
720 1358 832 1393 depulsa
853 1358 996 1392 impedior.

213 1405 279 1438 Quin
294 1411 358 1432 sunt
375 1406 435 1433 hae?
448 1412 502 1433 non
517 1405 590 1433 enim
606 1412 656 1433 vos
670 1403 776 1432 celabo.
793 1403 884 1431 Pudor
895 1423 903 1436 ,
927 1410 993 1438 par-

213 1453 294 1485 citas,
322 1452 532 1484 misericordia,
555 1457 645 1479 metus
674 1459 728 1479 non
758 1450 921 1485 intrepidus,
950 1449 999 1477 sed

214 1498 334 1526 lethalis.
349 1497 437 1525 Pudet
452 1505 501 1524 me.
514 1497 609 1534 hujus,
637 1501 667 1523 ut
686 1497 824 1529 conservi,
838 1500 864 1523 et
893 1500 923 1523 ut
948 1495 999 1522 ali-

213 1545 323 1579 quando
345 1536 572 1578 me'adju'vantis,
587 1543 610 1570 si
625 1549 682 1569 non
708 1543 760 1569 hoc
784 1541 998 1575 tempore,'l'or-

214 1590 296 1617 tussis
330 1589 358 1615 in
385 1589 519 1620 futurum,
544 1592 573 1614 et;
603 1592 633 1614 ut
664 1586 778 1619 sodalis,
805 1586 898 1618 amici,
918 1586 996 1617 socii,

210 1635 372 1670 coaequans.
392 1634 480 1662 Par-co
497 1634 678 1667 abstineoque
695 1637 824 1666 tauquam
849 1632 884 1659 ab
897 1639 996 1658 mrum-

215 1689 294 1712 nvso,
311 1680 423 1710 infelici,
438 1680 549 1707 misero.
566 1680 605 1706 Ac
625 1686 669 1705 me
692 1679 779 1705 vicem
803 1677 863 1712 ejus
878 1677 997 1713 graviter

216 1728 344 1758 miseret,
375 1726 523 1760 nescioquo
553 1731 674 1760 quonam
701 1724 782 1751 modo
811 1730 873 1750 cum
899 1722 997 1750 alliieto

215 1772 388 1803 eoudolesco,
415 1779 477 1798 cuin
502 1777 633 1805 oppreSso
662 1777 717 1796 una
741 1769 893 1796 molestiam
907 1768 997 1802 capio,

213 1826 275 1845 cum
290 1819 397 1845 dolente
409 1817 576 1845 eohatrcsco.
599 1816 734 1844 Praeterea
751 1822 834 1842 caveo
857 1822 891 1841 ne
914 1814 999 1841 olien-

213 1864 338 1891 sionibus
354 1863 473 1897 acceptis
495 1862 654 1897 imprudens
679 1865 750 1893 ruat,
763 1864 791 1887 et
805 1859 872 1887 mihi
885 1867 997 1887 causam

213 1918 309 1938 earum
324 1917 415 1938 rerum
431 1915 501 1944 quas
516 1910 610 1942 ipsum
627 1907 820 1938 attentaverit,
835 1911 882 1932 aut
899 1905 998 1932 vinetis

213 1955 366 1985 custodiam
382 1954 596 1989 perfodientibus
606 1961 639 1980 ac
657 1952 828 1982 elabeutihu's
841 1955 888 1978 aut
903 1957 998 1978 servos

215 2001 456 2035 cei-rumpentibus
476 1999 702 2034 inquisitionibus
717 2003 745 2025 et.
761 1997 904 2025 tormentis
920 1998 1000 2024 vehe-

217 2047 408 2081 mentioribus,
432 2046 574 2073 attribuat.
601 2045 742 2077 Quantum
767 2044 841 2071 enim
864 2043 950 2070 audax
973 2048 1000 2069 et

215 2097 389 2122 temerarium
410 2098 471 2127 est,
487 2088 597 2127 quando
613 2092 717 2119 lautius
734 2091 854 2118 nutritur
867 2110 875 2123 ,
893 2095 998 2116 tantum

214 2143 248 2168 ab
263 2141 515 2176 wruuma;qualibet
527 2144 688 2167 occurrente
701 2142 838 2169 vexatum,
851 2136 1000 2164 commori-

215 2192 278 2219 lut';
297 2194 349 2213 non
370 2186 452 2216 modo
467 2185 540 2213 cuitu
562 2185 659 2212 morbo
680 2184 819 2215 laborans,
839 2183 886 2210 sed
902 2186 930 2209 et
950 2181 998 2208 l'ri-
1014 2199 1037 2226 Β

214 2240 290 2265 gore,
322 2231 431 2265 vigiliis,
454 2231 557 2262 esurio,
581 2230 682 2264 sitique
706 2229 851 2256 labaseeus
882 2234 914 2254 ae
934 2226 1000 2254 deti-

215 2285 293 2305 etens
305 2276 380 2305 humi
395 2275 575 2310 provolvitur,
594 2276 769 2308 concitatque
795 2274 828 2301 ad
843 2273 999 2300 misericor-

215 2324 289 2350 diam
306 2323 410 2355 hostes,
431 2321 530 2353 nedum
549 2328 592 2348 me
609 2319 740 2348 nascendi
754 2327 787 2346 ac
803 2319 1000 2350 vivisceudi,ct

217 2369 340 2406 profecto
359 2367 521 2401 renascendi
545 2370 628 2402 atque
650 2366 832 2394 reviviscendi
848 2365 951 2393 sociam
974 2369 1001 2391 et

216 2415 387 2452 participem.

250 2509 293 2538 Me
305 2508 453 2539 miseram!
473 2507 537 2542 quid
551 2507 639 2542 patiar
658 2509 705 2533 aut
726 2504 837 2536 factum,
861 2513 923 2532 cum
946 2511 1006 2532 tam.

215 2555 415 2590 multiplicibus
431 2553 512 2581 malis
535 2553 648 2583 praedito
671 2551 748 2579 socio
767 2551 910 2582 conjuncta
923 2569 932 2582 ,
955 2551 1000 2578 iis-

216 2604 333 2638 demque
358 2602 476 2633 al'liceta,
508 2608 569 2627 cum
598 2606 652 2633 qun
674 2605 689 2624 a
705 2597 797 2631 pueris
817 2597 844 2623 in
874 2595 1000 2624 eumdem

216 2651 397 2687 ignorationis
413 2649 526 2677 fundum
544 2647 674 2681 depellor,
693 2649 719 2671 et
744 2651 806 2670 cum
826 2650 881 2676 qtto
894 2641 1001 2676 juveni-

216 2699 278 2726 l'ner
303 2698 336 2724 ad
360 2695 544 2724 contumelias
569 2691 724 2727 prolabenti
747 2688 905 2724 eorripior?
938 2696 1000 2715 cum

218 2745 309 2778 ipsum
332 2742 463 2769 membris
477 2740 550 2774 viget
566 2739 637 2770 suis,
657 2737 785 2771 «quidem
806 2735 915 2768 indigne
936 2735 1004 2767 l'ero,

216 2796 335 2823 cumque
353 2795 396 2814 me
412 2788 444 2814 ad
460 2787 574 2813 nefanda
591 2785 711 2811 l'acmora
725 2782 795 2816 rapit
807 2789 814 2814 ',
827 2789 888 2813 cum
907 2787 1003 2807 rursus

216 2835 346 2869 aﬂligitur
371 2833 480 2865 misere,
494 2830 781 2862 reﬂexadiatorqueor,
797 2832 823 2854 et
837 2834 1006 2854 tuausuesco.

1051 903 1204 936 referciret,
1220 904 1316 932 delirio
1337 905 1459 939 inquam,
1478 913 1572 933 errore
1589 912 1616 934 et
1631 911 1753 935 veterno.
1768 909 1835 936 Nam

1051 949 1074 976 si
1085 957 1180 976 verum
1197 955 1249 983 est,
1264 955 1382 978 utentem
1400 951 1520 980 Tithono
1532 960 1740 986 consenescere,
1752 960 1782 982 et
1797 955 1835 983 bis

1050 1003 1150 1030 pueros
1167 1003 1247 1024 senes
1275 997 1345 1029 lieri,
1374 998 1408 1025 ad
1436 1000 1687 1033 repuerasceudum
1713 1001 1793 1036 profe
1811 1006 1835 1029 to

1050 1042 1160 1066 aetatum
1180 1040 1358 1068 conversione
1373 1043 1555 1075 revertimur;
1574 1051 1605 1070 ac
1616 1052 1715 1078 corpus
1727 1046 1834 1080 quidem

1050 1083 1123 1110 videt
1148 1088 1176 1111 et
1201 1084 1257 1111 odit
1282 1086 1427 1119 obtusius,
1442 1094 1492 1122 ego
1510 1095 1574 1115 vero
1600 1089 1675 1117 senis
1695 1090 1835 1118 delirantis

1051 1128 1212 1163 lippitudine
1230 1130 1406 1165 caecitateque
1420 1136 1548 1166 tanquam
1565 1133 1683 1160 tenebris
1697 1133 1835 1168 oﬂ'undor,

1050 1181 1101 1201 nec
1129 1175 1237 1202 acutius
1258 1175 1313 1210 jam
1339 1183 1451 1204 cernere
1472 1184 1594 1211 possunt.
1623 1178 1654 1206 Et
1683 1179 1752 1206 illud
1777 1188 1835 1207 eum

1051 1219 1166 1247 aliarum
1185 1228 1277 1247 rerum
1290 1221 1484 1254 obliviscatur,
1497 1223 1619 1250 alimenti
1631 1230 1720 1252 tamen
1736 1226 1763 1252 in
1780 1233 1837 1260 per-

1051 1269 1163 1300 petuum
1179 1266 1313 1299 meminit,
1329 1272 1356 1294 et
1366 1269 1493 1302 genuinis
1509 1277 1562 1295 non
1575 1270 1692 1304 amplius
1708 1271 1837 1299 dentibus

1050 1308 1078 1335 in
1105 1309 1218 1337 alveolis
1242 1310 1343 1344 inﬁxis,
1364 1317 1453 1340 tamen
1477 1314 1596 1341 maxillis
1618 1315 1772 1343 molaribus
1793 1317 1838 1343 de-

1050 1354 1154 1382 stitutis
1187 1355 1265 1383 tnolit
1296 1360 1326 1383 ut
1353 1361 1450 1391 potest,
1467 1366 1537 1393 quas
1559 1359 1641 1386 etiam
1660 1362 1837 1395 proverbium

1050 1400 1188 1434 quoddam
1210 1405 1240 1428 ut
1254 1406 1281 1429 et
1297 1402 1465 1437 Scipionem,
1478 1404 1535 1432 seni
1557 1404 1690 1439 largitur:
1705 1414 1758 1441 ego
1775 1415 1837 1434 vero

1051 1454 1104 1473 non
1118 1446 1174 1481 jam
1191 1448 1333 1483 disciplina
1349 1453 1375 1476 et
1392 1450 1525 1477 memoria
1548 1455 1637 1484 utens,
1660 1458 1752 1486 neque
1772 1459 1838 1480 sane

1050 1493 1142 1520 denuo
1158 1499 1187 1521 ut
1201 1493 1294 1526 didici,
1312 1502 1446 1530 praecepta
1456 1495 1616 1529 recordans,
1631 1497 1720 1524 solum
1741 1498 1836 1531 ingur-

1049 1540 1120 1574 gitor
1144 1539 1290 1567 oblivionis
1305 1541 1412 1576 poculo,
1440 1543 1533 1577 itaque
1549 1542 1679 1577 paulatim
1695 1550 1710 1571 e
1725 1544 1836 1571 sublimi

1050 1584 1083 1612 ad
1116 1586 1247 1620 puerilem
1285 1587 1426 1621 regredior
1452 1592 1571 1615 aetatem.
1604 1587 1727 1616 Tametsi
1763 1590 1834 1617 enim

1050 1633 1292 1666 temperationibus
1301 1633 1423 1660 adversis
1438 1633 1525 1660 all‘eeti
1541 1639 1605 1661 sunt
1620 1639 1647 1662 et
1658 1635 1737 1670 pueri
1753 1640 1781 1662 et
1794 1636 1838 1662 de-

1050 1678 1143 1711 crepiti
1157 1686 1248 1708 senes.
1261 1680 1333 1713 quod
1347 1678 1384 1706 illi
1402 1679 1504 1706 humidi
1518 1680 1574 1707 sint
1585 1684 1611 1707 et
1627 1680 1719 1713 calidi,
1736 1681 1764 1708 hi
1774 1680 1837 1708 sicci

1024 1756 1026 1759 ν
1049 1729 1076 1750 ct
1093 1723 1195 1758 frigidi,
1214 1729 1329 1759 utraque
1345 1730 1434 1753 tamen
1457 1729 1524 1753 tetas
1548 1727 1688 1761 sapientiae
1706 1735 1789 1755 usum
1807 1735 1837 1754 ac

1049 1770 1201 1804 prudentia:
1227 1771 1291 1798 mihi
1313 1775 1409 1805 negat;
1436 1772 1579 1806 nimirum,
1595 1773 1705 1807 quando
1734 1774 1839 1809 puerile

1049 1821 1150 1848 corpus
1173 1815 1225 1842 sub
1240 1816 1402 1849 perhumido
1429 1816 1554 1851 sineiptle
1579 1818 1722 1845 cerebrum
1753 1822 1839 1853 gestat

1050 1867 1194 1894 aquosum,
1216 1865 1245 1887 ut
1260 1861 1326 1887 nihil
1343 1862 1496 1896 intelligens
1513 1862 1604 1890 infans
1619 1863 1695 1897 sapio
1708 1873 1716 1891 :
1729 1865 1839 1898 quando

1049 1915 1113 1933 vera
1139 1907 1259 1934 calvaria
1276 1907 1353 1934 senio
1368 1907 1492 1935 eminens
1513 1914 1607 1939 paret,
1633 1909 1700 1936 nihil
1728 1910 1765 1937 ab
1788 1918 1836 1936 uva

1050 1960 1142 1988 passa,
1168 1958 1196 1980 ut
1220 1953 1246 1980 iu
1266 1953 1411 1987 proverbio
1433 1959 1485 1986 est,
1501 1954 1646 1987 absimilis,
1671 1962 1785 1982 rursum
1813 1961 1838 1980 ut

1051 1999 1142 2026 iul‘ans
1160 2003 1282 2033 reputor.
1306 1998 1467 2026 Atrei-tiones
1492 1999 1566 2026 enim
1590 2006 1792 2034 cxsuperantcs
1813 2005 1837 2026 et

1051 2052 1195 2079 corporum
1211 2049 1349 2077 naturam,
1367 2051 1418 2072 nec
1439 2044 1531 2071 minus
1550 2045 1601 2071 mei
1624 2049 1732 2079 partem
1754 2051 1837 2072 ratio-

1052 2093 1190 2120 cinantem
1206 2090 1369 2119 labefactare
1391 2090 1568 2118 vehementer
1583 2095 1708 2126 possunt.
1734 2091 1838 2117 Omitto

1053 2139 1158 2173 reliqua
1173 2145 1316 2166 recensere
1333 2144 1394 2171 quae
1413 2137 1462 2164 has
1476 2140 1579 2168 uitales,
1598 2136 1714 2170 primam
1739 2141 1767 2163 et
1790 2144 1837 2171 po-

1052 2190 1183 2212 stremam
1211 2184 1273 2211 dico
1299 2187 1416 2211 sorores
1450 2190 1594 2217 germanas
1631 2187 1840 2216 consequuntur

1052 2235 1225 2258 excrementa
1242 2229 1389 2264 superﬂua,
1416 2228 1521 2255 calvam
1540 2227 1706 2262 depilatam;
1736 2227 1841 2254 accedit

1053 2279 1106 2305 huc
1120 2284 1151 2304 os
1175 2276 1324 2303 salivosum
1339 2280 1367 2302 et
1387 2274 1558 2305 edentulum,
1580 2274 1728 2308 lacrymosi
1745 2278 1773 2300 et
1790 2272 1839 2299 hu-

1053 2328 1156 2351 mentes
1170 2322 1253 2354 oeuli,
1270 2328 1351 2348 nares
1363 2322 1490 2351 muet‘tsm,
1502 2319 1584 2353 pedes
1592 2318 1690 2352 partim
1703 2319 1838 2348 nondum,

1053 2369 1151 2403 partim
1170 2375 1223 2394 non
1247 2365 1364 2400 amplius
1384 2364 1419 2392 ad
1446 2363 1652 2399 ingrediendum
1683 2362 1792 2390 habiles
1814 2365 1840 2389 et

1054 2416 1108 2450 apti
1122 2424 1129 2442 :
1144 2413 1332 2441 membrorum
1347 2411 1411 2438 item
1438 2410 1554 2437 tremula
1581 2409 1783 2442 inconstantia,
1813 2413 1837 2435 ct

1055 2463 1137 2489 tutius
1151 2459 1275 2494 corporis
1286 2456 1488 2492 conquassatio.
1505 2455 1558 2483 Sed
1570 2462 1716 2490 quousque
1725 2455 1841 2482 recitare

1055 2506 1190 2533 contendo
1206 2503 1331 2538 corporis
1347 2502 1439 2529 omnia
1464 2501 1552 2529 tristia
1567 2501 1637 2528 mala
1656 2501 1763 2535 quibus
1779 2500 1840 2526 alio.

1055 2556 1139 2583 ctum,
1151 2555 1198 2577 aut
1213 2557 1257 2576 me
1274 2549 1373 2576 misere
1389 2548 1423 2574 ad
1437 2546 1684 2574 comlolescertdum
1705 2545 1841 2577 attrahit,

1058 2602 1106 2624 aut
1124 2596 1252 2622 miserius
1269 2595 1300 2621 ad
1318 2593 1508 2621 collmtaudum
1524 2591 1660 2626 corripit?
1678 2589 1843 2625 lgiturmul—

1058 2643 1094 2669 tis
1110 2640 1312 2676 praetermissis,
1327 2647 1360 2665 ac
1378 2639 1538 2665 morborum
1557 2637 1733 2664 examinibus
1751 2642 1842 2669 pra-tu-

1059 2689 1129 2719 ritis,
1154 2694 1169 2713 a
1193 2686 1303 2720 quibus,
1330 2685 1396 2712 dum
1411 2684 1527 2716 fovetur,
1550 2684 1631 2717 riget,
1652 2682 1772 2709 artubus
1790 2686 1842 2707 tor-

1059 2739 1168 2769 quetur,
1190 2737 1227 2765 et,
1245 2736 1273 2758 ut
1287 2731 1381 2766 paucis
1399 2731 1553 2761 absolvam,
1573 2728 1727 2756 dummale
1753 2727 1842 2757 habet,

1060 2779 1241 2811 concrucior;
1263 2777 1422 2804 summatim
1448 2776 1572 2810 colligam
1599 2774 1744 2802 infestiora
1774 2772 1842 2799 mala

1062 2826 1160 2861 quibus
1172 2825 1308 2852 itnmerito
1321 2822 1434 2850 allieior.
1460 2821 1494 2849 Ut
1513 2820 1682 2848 naturalibus
1702 2816 1842 2845 facultati-
