1963 3066
147 135 202 168 973

807 137 1036 170 PROSOPOPCE
1043 139 1098 170 ῐίΕ.

1718 143 1774 176 974

146 194 197 222 bus
226 194 340 220 abusum
372 192 405 219 ad
429 192 554 219 Viltosam
584 192 738 220 satietatem
763 198 788 220 ει
817 193 934 221 delicias
950 199 971 225 Α
988 197 1117 232 injuriam
1142 197 1238 232 patiar,
1264 201 1433 233 permittere.
1457 200 1484 227 Si
1503 201 1575 227 enim
1595 200 1771 235 evangelicus

146 238 238 270 fuerit.
254 237 437 266 demonstravi
450 246 457 264 :
476 243 558 272 utque
572 237 638 264 mihi
654 239 763 265 conanti
777 239 929 273 providere,

144 287 172 313 et
190 286 223 312 ad
239 284 407 312 moderatius
422 284 485 310 vitae
496 292 581 319 genus
593 291 731 317 revocare,
748 285 879 313 restiterit
903 289 931 312 et

145 331 333 362 insnrrcxerit,
365 330 478 357 liberam
507 330 614 356 vivendi
640 331 866 357 consuetudinem
902 336 930 357 ut

145 379 231 413 legem
262 375 427 404 immobilem
458 376 647 410 praetendens.
678 381 704 404 et
729 381 758 403 ut
784 376 931 403 indomitus

144 424 279 459 quispiam
311 422 425 454 vitulus,
455 421 551 456 jugum
579 422 721 449 servitutis
750 422 931 456 ignominioso

143 469 299 504 despiciens
323 471 350 494 et
381 467 511 501 injuriam
533 468 653 501 spirans,
673 473 700 494 et
724 468 834 495 taurino
855 475 932 495 more

143 514 284 542 saeviens:
312 512 443 547 quodque
465 513 597 546 gravius,
628 515 658 538 ut
682 517 787 539 natura:
813 513 880 539 fixas
905 516 931 539 et

984 245 1135 280 illcjudcx,
1152 254 1240 281 neque
1258 248 1340 274 Deum
1361 248 1521 280 formidans,
1541 257 1628 284 neque
1646 249 1771 276 homines

984 293 1128 325 reveritus,
1164 294 1374 321 vindicationem
1412 303 1560 331 aggressus
1586 300 1643 326 est,
1668 299 1771 330 quanto

985 338 1072 371 magis
1100 346 1147 365 vos
1164 339 1339 366 vindicabitis
1353 347 1406 371 me,
1425 341 1471 374 qui
1489 344 1515 366 et
1534 340 1665 375 [eliginnc
1682 341 1770 368 sancti

983 383 1060 416 estis,
1082 388 1109 411 et
1127 391 1215 410 rerum
1236 385 1416 412 humanarum
1441 385 1563 419 providi?
1580 385 1646 412 Nam
1669 387 1693 412 ei
1713 394 1769 412 tne-

984 430 1038 456 rito
1056 437 1090 456 ne
1103 437 1244 464 parcatur,
1259 432 1280 458 si
1305 431 1365 464 ejus
1385 437 1487 459 natura:
1502 433 1575 467 quod
1599 437 1641 459 est
1666 433 1771 459 lnrtuo-

983 483 1045 503 sum
1058 480 1085 503 et
1102 476 1259 503 miserabile
1280 482 1457 505 convertatur
1480 479 1512 505 ad
1530 479 1742 513 supplicandum
1762 489 1768 507 :

983 523 1030 549 sed
1053 522 1088 549 ab
1115 517 1174 556 ejus
1190 523 1323 550 seditione
1338 523 1540 558 manifestaque
1565 525 1708 559 tyrannide
1722 532 1770 552 vos

143 564 233 588 certas
255 559 328 594 leges
345 559 495 585 transiliat.
516 557 584 584 Nam
602 565 663 585 cum
679 563 811 585 statutum
837 559 882 590 sit,
902 564 930 586 ut

983 569 1171 602 abhorrentes,
1195 576 1210 596 a
1236 570 1344 597 duobus
1371 571 1486 598 alterum
1511 571 1584 605 jnste
1614 571 1770 599 faciendum

143 614 188 634 me
200 607 310 636 ducem,
326 613 387 639 qua:
404 604 518 632 rationis
536 611 596 632 sum
608 605 762 640 particeps.
784 609 811 631 et
829 606 860 631 ad
879 606 931 632 im-

143 652 293 687 perandum
310 650 427 677 habilior
439 650 572 685 etaptior,
586 655 728 684 sequatur,
739 651 826 684 ipsum
839 651 931 685 potius

143 699 279 733 imperare
295 696 361 724 mihi
379 696 531 729 contendit,
558 701 586 723 ut
601 697 694 729 velim,
710 697 805 729 nolim,
825 698 858 724 ad
878 704 931 724 una

143 743 344 779 suppeditanda
370 742 521 777 voluptatis
544 741 689 770 eﬂicientia
716 743 878 777 pertrahar.
905 748 931 770 et

142 790 272 818 indecore
286 796 330 816 me
345 796 408 816 cum
425 795 459 816 eo
470 795 575 823 geram,
593 788 677 816 veluti
694 789 813 823 quadam
828 789 929 823 duplici

142 838 197 866 telo
211 845 292 864 manu
303 841 419 870 armata,
436 836 634 863 violentissima
649 837 822 871 captivitate,
839 842 865 864 et
880 837 930 863 irr-

142 890 255 920 postura
270 884 337 911 nihil
354 892 408 911 non
421 884 557 911 alliciente
580 888 727 918 pertracta.
745 883 929 928 bllolestiarom

142 933 224 959 etiam
244 937 314 965 quas
329 929 448 964 aspergit
464 927 544 961 mihi,
573 933 629 956 tum
647 929 673 955 in
705 927 883 962 puerili,tum
904 927 930 954 in

141 981 222 1004 actate
238 975 332 1008 senili,
356 974 407 1002 etsl
436 979 535 1001 natura
551 974 769 1008 inculpabilium,
788 974 928 1000 miseriam

143 1029 236 1051 tamen
264 1021 516 1056 multiplicantium,
541 1019 703 1054 tragoediam
730 1019 818 1046 obiter
841 1019 929 1053 attigi.

139 1069 227 1103 Quasi
244 1069 316 1096 enim
333 1075 387 1094 non
403 1066 559 1094 sufficerent
581 1066 673 1094 aetatis
685 1066 803 1100 vigentis
824 1071 850 1092 et
877 1065 931 1092 fer-

141 1114 278 1143 vcsccntis
293 1113 327 1140 ad
341 1120 385 1140 res
401 1112 576 1147 turpissimas
594 1112 676 1143 mala,
693 1113 776 1139 etiam
794 1119 854 1145 qua:
866 1111 929 1138 huic

143 1160 316 1195 interjacent,
345 1166 410 1186 suas
436 1166 547 1193 quoque
567 1157 737 1185 calamitates
762 1158 815 1184 huc
830 1157 930 1190 ,confe-

143 1211 218 1235 runt.
233 1206 266 1234 Et
277 1206 441 1234 omnibusin
457 1206 540 1233 rebus
558 1210 675 1240 quantas
690 1206 852 1240 quotiesque
862 1205 929 1232 mihi

142 1252 357 1280 coutumeliosas
377 1258 516 1279 aerumnas
534 1251 587 1279 hoc
601 1251 662 1279 lene
681 1258 781 1286 corpus
793 1250 929 1282 infundat,

142 1298 239 1327 leviter
261 1298 367 1332 aperui.
391 1297 430 1326 Ne
465 1297 580 1333 posthac
600 1297 683 1333 igitur
705 1302 760 1324 tam
785 1297 931 1325 inhoneste

142 1345 232 1379 imago
247 1343 295 1371 Dei
310 1343 344 1371 ab
368 1343 419 1371 hac
440 1344 515 1371 lutea
541 1343 656 1378 conjuge
675 1347 811 1378 turpetur,
835 1347 862 1370 et
883 1344 933 1370 do-

142 1391 215 1419 ntiua
242 1390 391 1424 mancipati
416 1389 597 1416 dominatiotti
616 1389 788 1424 subjiciatur,
808 1394 929 1417 vestrum

142 1441 226 1464 estet
243 1436 390 1470 reliquum,
408 1435 527 1470 iudices,
553 1435 680 1470 suil'ragia
702 1436 786 1466 ferre,
809 1436 931 1470 injuria:-

141 1490 196 1517 que
225 1490 270 1510 reo
293 1489 401 1518 poenam
429 1482 609 1514 constituere,
632 1490 682 1509 nec
698 1487 726 1509 ut
741 1489 791 1516 ego
816 1482 930 1517 posthac

984 615 1111 642 statuatis
1129 625 1135 643 :
1152 619 1202 642 aut
1218 619 1247 642 ut
1272 616 1337 642 mihi
1366 617 1445 644 detur
1463 617 1499 644 ita
1517 625 1578 645 meo
1597 617 1770 646 tractandum

984 661 1110 692 arbitrio,
1137 662 1330 696 torquendum,
1356 661 1450 697 ﬂagris
1476 664 1649 696 cmdendum,
1681 665 1770 692 inedia

984 706 1186 740 sull'ocaudum,
1203 702 1275 734 omni
1298 713 1498 736 tormentorum
1519 718 1617 743 genere
1644 712 1772 738 crucian-

984 753 1060 782 dum,
1082 757 1111 779 ut
1133 760 1147 779 a
1174 761 1216 779 me
1235 758 1373 787 gestorum
1402 755 1472 780 ratio
1502 756 1576 782 nulla
1600 762 1770 790 reposcatur,

984 798 1066 824 etiam
1096 798 1118 825 si
1143 797 1306 825 mutilavero
1335 804 1362 826 et
1390 800 1500 827 omnino
1523 800 1696 829 confecero:
1724 807 1771 828 aut

985 845 1132 877 apostolica
1150 845 1335 877 aemulatione,
1358 843 1466 872 Salaria:
1491 847 1642 879 communi,
1659 847 1718 874 dire
1745 854 1772 875 et

984 889 1093 924 publico
1119 890 1215 916 tor-tori
1234 891 1350 918 tradam.
1380 891 1502 924 Quorum
1525 892 1597 918 enim
1626 900 1689 919 vasa
1709 893 1772 920 fera:

982 940 1098 961 terrenae
1111 935 1241 966 incolent,
1257 940 1285 962 ut
1299 941 1341 963 est
1357 937 1383 963 in
1399 937 1512 965 oraculo
1529 937 1665 974 (incolunt
1679 944 1769 966 autem

982 980 1235 1014 perturbationibus
1247 981 1442 1015 incidentibus)
1454 989 1550 1010 eorum
1563 988 1590 1010 et
1611 991 1699 1018 ptume
1716 985 1772 1013 sint

982 1026 1137 1053 mortalium
1157 1026 1355 1054 suﬂ‘ocatrices.
1383 1028 1421 1055 ita
1450 1029 1634 1062 verberatum,
1658 1030 1771 1057 demens

983 1075 1100 1098 mentem
1119 1069 1189 1098 feret
1207 1079 1290 1106 seque
1309 1073 1418 1100 tandem
1443 1079 1582 1108 agnoscet,
1597 1079 1621 1101 et
1646 1082 1661 1101 a
1690 1080 1771 1109 petu-

983 1117 1067 1144 lantia
1079 1119 1209 1150 cessabit,
1225 1126 1258 1146 ex
1284 1127 1372 1155 eoque
1394 1121 1465 1155 quod
1489 1125 1549 1148 erat
1571 1126 1710 1150 armatura
1730 1123 1772 1149 in-

979 1162 1108 1196 justitiae,
1143 1163 1176 1190 ad
1206 1163 1321 1198 iustitiae
1347 1165 1523 1192 commodum
1557 1165 1770 1194 instrumentum

981 1213 1168 1236 convertetur.
1186 1208 1280 1243 itaque
1306 1210 1333 1237 in
1358 1214 1499 1245 posterum
1517 1211 1700 1239 seditionibus
1714 1219 1769 1239 non

983 1255 1160 1289 agitabimur,
1175 1263 1226 1283 nec
1247 1255 1333 1283 altero
1349 1256 1467 1284 alterum
1488 1258 1555 1293 jugo
1570 1258 1706 1291 nitemur;
1723 1260 1770 1286 sed

983 1301 1113 1329 concordi
1128 1302 1331 1336 conspiratione
1346 1307 1373 1330 et
1385 1311 1521 1331 consensu
1541 1304 1654 1338 junctas
1670 1312 1770 1340 operas

985 1347 1011 1373 in
1025 1347 1106 1374 rebus
1130 1347 1250 1375 honestis
1267 1353 1294 1375 et
1306 1349 1386 1377 seriis
1399 1349 1596 1378 collocabimus
1609 1371 1616 1383 ,
1633 1357 1660 1379 et
1676 1352 1770 1386 conju-

983 1398 1103 1427 gatorem
1119 1397 1241 1420 nostrum
1263 1393 1397 1428 colemus,
1417 1402 1448 1422 ae
1466 1396 1546 1423 nobis
1564 1397 1632 1431 ipsis
1654 1398 1772 1431 promis-

984 1446 1042 1465 sam
1078 1439 1151 1465 illam
1182 1440 1401 1473 beatitudinem,
1431 1442 1662 1471 intercedentibus
1693 1445 1769 1471 vobis

982 1484 1093 1511 arbitris
1105 1490 1131 1511 et
1145 1484 1252 1518 legatis,
1269 1487 1452 1520 comparaturi
1469 1494 1576 1514 sumus.

222 1677 389 1709 ALTERA
410 1676 701 1716 MDECLAMATIO
718 1701 726 1715 ,
742 1677 840 1717 QU/E
851 1679 912 1710 ET
924 1679 1020 1710 [PSA
1045 1681 1131 1712 EST
1146 1682 1414 1716 ASSUMPTIVA
1430 1686 1686 1718 REFUTATIO.

779 1777 897 1816 Quibus
913 1777 1015 1809 verbis
1040 1789 1154 1819 corpus

392 1855 650 1888 contra_mentem
669 1853 702 1882 in
714 1852 835 1892 judicio
852 1855 1038 1886 contendens
1053 1865 1158 1886 coram
1175 1856 1340 1896 judicibus
1356 1860 1405 1890 uti
1418 1863 1528 1899 possit.

179 1938 209 1967 In
225 1946 268 1970 me
280 1943 348 1973 quot
375 1938 512 1972 convicia,
533 1943 597 1973 quot
617 1939 807 1971 contumelias,
831 1946 933 1974 quanta

141 1987 240 2015 cavilla
260 1989 391 2020 congesta
412 1990 489 2012 mens
513 1985 564 2012 ista
587 1984 834 2019 graviseﬂ'uderit,
851 1985 931 2020 quasi

141 2032 304 2061 comoediam
320 2030 450 2066 ageretin
462 2030 579 2061 theatro,
597 2038 650 2058 non
662 2036 804 2058 accusaret
817 2032 843 2058 in
859 2032 930 2064 foro,

141 2079 258 2107 audistis
277 2085 355 2111 sane,
371 2077 535 2105 divinissimi
549 2076 679 2111 judices;
704 2077 793 2104 soluta
811 2078 884 2105 enim
905 2082 933 2105 et

141 2126 227 2154 libera
243 2125 347 2160 lingua,
366 2131 400 2151 ne
411 2123 476 2158 quid
492 2123 554 2158 plus
566 2123 692 2156 dixerim,
706 2123 779 2159 large
793 2122 932 2159 effuseque

979 1941 1116 1975 judicium
1128 1943 1322 1977 vilipendebat,
1341 1950 1371 1972 ut
1391 1947 1491 1974 alicubi
1520 1949 1577 1982 ipsc
1593 1949 1693 1985 inquit;
1720 1963 1769 1982 nec

982 1987 1105 2021 profecto
1122 1989 1270 2022 mentitur;
1289 1998 1350 2016 nam
1372 1998 1470 2025 praeter
1485 1992 1536 2020 alia
1555 1994 1625 2022 bona
1646 2003 1671 2024 et
1687 2001 1770 2027 tione»

982 2036 1034 2065 sta,
1061 2033 1143 2060 etiam
1172 2034 1290 2062 hominis
1306 2038 1411 2065 veracis
1439 2040 1625 2068 testimonium
1653 2046 1768 2080 accepit.

982 2077 1076 2113 Neque
1087 2085 1161 2107 certe
1175 2080 1247 2108 Deus
1262 2081 1296 2108 ab
1314 2082 1372 2117 ipso
1388 2082 1440 2111 Job
1454 2085 1481 2112 in
1498 2086 1632 2120 judicium
1643 2077 1767 2125 vocatus,

983 2131 1014 2153 ut
1040 2127 1252 2155 conviciatorem
1274 2130 1460 2164 reprehendit.
1481 2133 1601 2166 Quidni?
1623 2137 1668 2171 qui
1697 2139 1768 2172 apud

142 2179 191 2199 usa
203 2176 254 2204 est,
268 2177 324 2198 non
337 2174 468 2205 tanquam
488 2176 634 2202 conservo,
648 2174 706 2202 aut,
722 2175 752 2197 ut
767 2170 825 2205 ipsa
840 2170 930 2205 loqui-
949 2170 970 2198 D
986 2171 1107 2200 divinum
1135 2172 1244 2209 Isaiam,
1264 2184 1274 2200 ι
1295 2174 1401 2210 Venite,
1418 2178 1515 2213 inquit,
1531 2187 1558 2207 et
1583 2170 1768 2217 disceptamus

141 2223 197 2251 tur,
222 2216 367 2252 conjugato
399 2222 526 2251 parcens,
556 2217 604 2243 sed
632 2220 664 2243 ut
704 2216 731 2242 in
762 2217 928 2250 mancipium

142 2269 256 2300 argento
268 2263 439 2297 redemptum
451 2262 593 2294 invehens,
603 2266 630 2289 ct
642 2265 815 2289 tantumnon
826 2270 931 2298 pugnos

142 2311 255 2338 crebros
285 2309 449 2344 impingens.
484 2307 539 2342 Ego
567 2315 631 2335 vero
663 2313 808 2343 postquam
842 2314 930 2336 vestra

143 2357 209 2384 mihi
238 2355 353 2390 aequitas
377 2354 483 2381 dicendi
506 2353 595 2380 locum
614 2354 669 2386 dat,
688 2354 755 2381 nihil
781 2363 841 2382 sum
864 2355 930 2382 levis

143 2402 272 2429 momenti
285 2400 407 2428 vitiosive
416 2400 567 2433 dicturum;
580 2400 651 2427 bona
663 2401 736 2428 enim
748 2403 829 2428 verba
841 2402 932 2428 dican-

143 2451 189 2474 tur
206 2454 315 2477 neecsse
336 2451 388 2478 est,
409 2447 456 2473 sed
481 2453 542 2481 qua:
555 2446 671 2473 crimina
692 2446 836 2474 intentavit
851 2447 929 2479 mihi,

142 2503 173 2522 ea
188 2498 215 2520 ιιι
230 2498 325 2528 potero
343 2493 494 2520 dissolvere
510 2493 642 2524 conabor,
659 2493 744 2521 semel
770 2499 862 2521 autem
879 2494 931 2521 hoc

144 2547 265 2575 tempore
281 2540 344 2566 milii
360 2546 493 2566 concessa
512 2546 545 2566 ex
561 2547 640 2573 ωψιο
656 2539 764 2567 dicendi
788 2539 929 2572 facultate,

143 2595 192 2614 vos
207 2587 291 2614 orabo
305 2586 524 2620 obtestaborque,
540 2589 570 2612 ut
580 2593 668 2612 meam
679 2585 814 2612 dominam
828 2585 930 2613 interea

144 2634 283 2668 mitigetis.
302 2632 436 2666 siquidem
462 2631 573 2666 indigna
595 2639 624 2659 se
641 2631 695 2665 pati
712 2637 836 2663 censeris,
861 2631 929 2658 irata

145 2687 230 2706 meam
243 2679 318 2705 audit
343 2679 506 2708 orationem,
526 2678 607 2712 idque
634 2677 714 2704 aliam
737 2677 929 2704 contumeliam

143 2726 353 2759 interpretatur,
369 2726 440 2759 quod
455 2723 534 2749 initio
545 2724 596 2750 sim
613 2730 710 2750 ausum
723 2723 927 2750 contradicere:

144 2777 228 2804 utque
239 2769 315 2796 vobis
327 2769 418 2796 veniat
427 2769 454 2794 in
468 2773 586 2794 tuentem
600 2767 829 2803 quemadmodum
841 2776 929 2803 neque

143 2816 193 2845 Job
220 2815 264 2843 ille
293 2815 404 2842 divinus
416 2822 529 2842 suorum
551 2815 637 2849 ipsius
660 2814 823 2841 famulorum
850 2814 884 2842 de
899 2823 929 2842 se

983 2225 1046 2245 cum
1073 2219 1139 2247 viris
1165 2220 1405 2256 delinquentibus;
1427 2234 1438 2250 ι
1472 2231 1500 2252 ct
1536 2229 1606 2262 apud
1639 2237 1767 2263 magnum

986 2263 1112 2292 Davidem
1137 2266 1273 2295 inducitur
1302 2268 1480 2304 justifieatus,
1515 2277 1543 2299 et
1572 2274 1681 2302 vincens
1705 2284 1767 2304 cum

983 2309 1132 2344 judicatur.
1149 2309 1234 2346 Igitur
1249 2317 1276 2339 et
1293 2313 1350 2340 haec
1366 2322 1427 2348 quae
1445 2315 1489 2343 Dei
1507 2310 1588 2345 refert
1611 2322 1768 2356 imaginem,

983 2355 1114 2390 exemplis
1131 2356 1280 2385 bonitatem
1298 2359 1369 2389 illan)
1397 2361 1528 2395 imitetur,
1542 2370 1569 2391 et
1584 2373 1682 2401 magno
1699 2355 1770 2402 piat;

984 2401 1039 2428 dita
1054 2402 1146 2430 animo
1164 2404 1296 2438 patienter
1308 2405 1378 2433 hanc
1390 2407 1448 2434 sive
1459 2408 1656 2442 judirationem
1677 2401 1770 2448 appel-

984 2447 1053 2480 lare,
1071 2449 1129 2476 sive
1143 2449 1224 2476 etiam
1246 2450 1459 2484 disputationem
1475 2460 1593 2489 oportet,
1622 2447 1767 2490 sustinent,

983 2493 1141 2529 eisdemque
1159 2497 1313 2525 rationibus
1327 2499 1410 2526 animi
1432 2500 1533 2534 quibus
1559 2502 1614 2533 ille.
1633 2504 1770 2532 fortitudi-

984 2539 1028 2567 nis
1043 2539 1372 2578 adamantinaauieaque
1387 2550 1486 2578 statua,
1513 2548 1661 2575 fainulares
1676 2556 1769 2578 contra

985 2592 1015 2612 se
1030 2585 1099 2620 juris
1115 2586 1235 2614 actiones
1257 2587 1371 2617 ferebat.
1399 2590 1544 2623 Utrumne,
1568 2593 1658 2621 aiebat
1675 2598 1769 2624 beatus

986 2631 1041 2664 ille,
1069 2639 1122 2659 non
1149 2633 1221 2660 sicut
1249 2639 1275 2661 et
1298 2643 1346 2670 ego
1370 2637 1396 2663 in
1424 2642 1500 2664 utero
1524 2638 1574 2672 fui,
1595 2641 1632 2667 illi
1661 2649 1770 2677 quoque

985 2676 1104 2704 fuerint?
1121 2679 1197 2711 Quod
1214 2680 1237 2707 si
1250 2679 1320 2708 forte
1333 2682 1443 2715 perinde
1457 2685 1613 2712 ratiocinari
1626 2687 1770 2722 dicereque

982 2730 1013 2751 ac
1030 2723 1074 2751 ille
1088 2723 1180 2758 justus
1194 2724 1255 2758 Joh,
1272 2732 1388 2758 recuset.
1406 2735 1434 2756 ut
1449 2738 1500 2764 ego
1511 2731 1605 2757 saltem
1618 2734 1675 2759 vim:
1690 2743 1767 2762 rut-sa

984 2769 1084 2801 dicam,
1098 2771 1251 2803 concedite,
1277 2780 1432 2808 quanquam
1449 2775 1621 2804 dissimiliter
1645 2780 1741 2805 similia
1759 2789 1767 2807 :

982 2823 1036 2850 qua
1064 2816 1117 2843 illic
1135 2817 1217 2845 herus
1234 2825 1298 2850 erga
1319 2820 1435 2848 tinnulos
1450 2823 1577 2856 :cquabili
1603 2825 1695 2852 animo
1712 2830 1770 2853 ute-
