1963 3066
210 114 248 147 τε)
807 111 999 144 GREGORII
1018 112 1180 143 PALAMB

1764 111 1816 144 976

192 169 352 203 batur;hic
377 176 441 205 erga
470 168 608 196 dominam
641 176 692 204 ego
717 175 827 196 servum
858 168 1169 203 IihertateAparticeps
1201 167 1325 202 ejusdem
1358 166 1502 202 dignitatis
1516 174 1580 194 cum
1611 171 1701 196 mente
1731 168 1817 196 conii-

193 220 268 242 utor.
299 214 426 249 Nunquid
449 221 501 240 non
518 218 545 240 ct
570 213 628 247 ipsa
651 221 731 240 mann
757 213 802 239 Dei
818 217 910 239 creata
926 216 978 244 est,

192 265 223 288 ιιι
241 268 291 296 ego
306 259 417 287 fictum?
433 267 487 287 non
503 261 574 286 enint
595 267 625 286 se
652 258 698 286 Dei
727 263 880 286 creaturam
902 265 979 293 nega-

193 308 243 340 bit,
262 306 367 333 tametsi
385 305 512 333 fortassis
537 305 705 340 (igniculum,
720 311 749 332 ut
765 313 826 340 qua:
844 304 934 332 divina
945 305 980 331 sit

193 353 339 387 inspiratio
356 357 364 380 :
380 359 467 386 neque
483 351 554 378 male
568 351 673 378 feriatis
691 351 847 378 hominibus
865 351 978 385 decepta

192 398 366 434 persuadebit
380 405 511 432 unquam,
534 400 606 432 quod
623 398 748 425 essentia:
769 397 867 424 divinae
893 395 978 423 deﬂu-

192 446 265 471 viunt
289 445 335 475 sit,
366 445 412 479 qni
444 444 553 479 quidem
581 449 714 479 quantuni
743 443 925 478 magnifacere
951 446 979 469 ct

188 491 322 519 extollere
335 491 499 518 studuertutt
510 498 581 522 eam,
598 490 721 525 ejusdem
736 498 798 517 cum
817 490 874 517 Deo
893 493 974 516 natu-

189 546 228 566 ra:
252 538 424 570 deﬁnientes,
446 542 548 564 tantum
586 537 770 570 imprudentes
780 536 903 563 eamdem
913 543 979 563 con-

190 583 269 610 viciis
285 582 447 614 allccerunt,
465 582 497 609 ad
513 581 625 613 bestias,
643 582 757 608 frutices
772 588 798 608 et
817 589 976 609 cucumercs

190 628 387 662 deprimentes,
404 634 455 654 nec
468 627 493 653 ei
522 627 610 653 solum
645 625 823 653 imntodicum
845 626 976 653 honorem

190 680 218 703 ct
233 675 386 707 infantiam,
407 674 453 701 sed
477 679 504 701 et
529 681 666 708 suprema:
692 673 729 700 illi
755 678 859 700 natura:
882 679 979 700 contu-

191 722 288 749 melias
307 722 505 755 intorquentes.
523 719 589 746 Nam
625 726 687 746 cum
704 719 892 746 constituisset
907 718 977 746 Deus

192 767 330 794 hominem
347 766 472 801 eilingerc
481 766 524 801 (ad
539 766 647 792 initium
660 765 733 793 enim
751 764 891 799 proprium
908 763 975 790 ntilti

190 813 346 841 revocanda
364 818 406 840 est
422 812 536 845 oratio),
557 819 611 838 non
625 816 714 841 terras,
729 818 782 837 non
793 810 872 845 aquis
882 809 974 844 jussit,

191 865 220 887 nt
236 859 308 886 ltunc
328 866 437 893 quoque
452 858 526 885 sicut
549 863 576 885 et
601 857 653 884 alia
681 856 860 884 animantium
878 863 975 891 genera

191 906 384 940 producerent,
398 904 444 930 sed
455 907 566 937 accepto
579 902 690 937 pulvere
703 902 762 937 ipse
774 901 976 929 conformavit:

190 958 217 979 et
229 957 258 979 ut
269 949 452 978 conformatio
468 948 586 976 divinior
609 953 660 981 cst,
685 948 722 975 ita
740 953 766 975 et
791 954 851 975 mea
871 947 978 982 species

190 997 338 1032 antiquior,
356 1003 409 1024 non
424 995 497 1023 enim
514 994 719 1030 quadrupedem
731 999 758 1021 et
772 1000 885 1028 pronam
902 992 976 1024 fecit,

190 1051 245 1070 non
261 1042 322 1070 alvo
337 1042 481 1077 capiteque
506 1041 533 1068 in
558 1045 658 1068 terrant
680 1044 838 1074 protensam
865 1043 892 1066 et
915 1047 979 1074 prn-

190 1093 302 1116 stratam
320 1095 439 1123 seutper,
459 1089 506 1115 sed
526 1090 631 1114 rectam
654 1090 682 1114 et
707 1090 792 1113 totam
820 1086 976 1119 sublimem,

190 1135 282 1169 parvis
307 1134 417 1168 quidem
437 1133 525 1167 iisque
554 1132 662 1160 duobus
684 1131 836 1166 plantarum
855 1131 978 1167 vestigiis

191 1186 291 1208 terram
316 1180 414 1206 leniter
440 1178 632 1212 attingentcm,
664 1185 774 1205 sursum
792 1181 881 1204 autem
897 1181 978 1212 caput

191 1227 468 1257 atlollentem,aerem
481 1225 618 1258 puriorem
639 1223 800 1258 respirando
811 1227 977 1257 carpentem,

191 1278 219 1298 et
246 1271 373 1298 melus-tes
407 1269 627 1305 pulchritudines
654 1269 883 1301 contemplantem
913 1276 921 1296 :
946 1276 978 1296 ac

191 1319 291 1346 nativis
307 1317 416 1352 quidem
435 1316 537 1343 ttudant
563 1315 745 1348 indumentis,
758 1321 784 1342 et
799 1316 831 1342 ad
848 1323 878 1343 sc
893 1320 976 1343 tuen-

190 1365 253 1392 dam
272 1363 406 1399 prazsidiis
425 1362 568 1393 inermem,
598 1361 726 1388 inanibus
754 1365 843 1388 tamen
857 1368 979 1388 contmn-

191 1409 287 1441 nitam,
305 1409 417 1444 proprio
432 1407 516 1435 anitni
542 1407 657 1435 rationis
683 1407 835 1441 participis,
854 1411 881 1434 et
897 1407 977 1434 indu-

191 1456 260 1483 strio
287 1459 314 1482 et
340 1458 452 1482 versuto
466 1453 628 1481 exercendis
642 1452 747 1480 artibus
768 1453 951 1481 instrumento
968 1461 976 1479 :

1030 213 1129 245 ciente,
1146 212 1274 246 imaginis
1288 213 1424 248 exemplo,
1438 217 1465 239 et
1481 213 1657 240 honestarum
1675 213 1818 241 actionum

1030 259 1164 294 adjuvans
1183 266 1265 286 cauSa
1281 266 1353 287 sum.
1367 258 1466 286 Nixum
1479 260 1552 287 enim
1564 258 1718 294 fretumque
1735 265 1817 286 natu-

1031 312 1067 332 rae
1081 305 1201 332 hominis
1215 305 1320 333 ratione
1334 309 1417 340 atque
1429 304 1624 339 descriptione,
1637 305 1818 333 confirmave-

1031 351 1093 385 rim,
1113 359 1167 379 non
1186 356 1302 379 ntentem
1315 351 1400 379 solam
1417 359 1508 386 neque
1526 358 1627 386 corpus
1653 351 1742 379 solum
1770 352 1819 378 ho-

1030 397 1131 425 minem
1155 397 1219 430 dici,
1242 398 1289 425 sed
1310 402 1455 432 utrumque
1483 397 1582 428 simul.
1600 405 1681 432 quem
1701 397 1734 424 ad
1749 397 1819 424 ima-

1029 444 1116 477 ginem
1133 451 1210 471 suam
1222 443 1320 471 fecisse
1337 443 1408 470 Deus
1420 442 1532 470 dicitur.
1549 441 1697 476 Nimirum,
1720 451 1819 478 quem-

1029 489 1174 517 admodum
1206 497 1269 517 cum
1303 489 1413 516 homine
1451 488 1636 521 communico,
1666 489 1702 516 ita
1733 495 1760 516 et
1784 490 1820 518 ab

1029 535 1148 562 ltumana
1179 534 1312 570 dignitate
1341 534 1485 570 participo.
1514 535 1550 561 At
1577 535 1630 562 tale
1660 542 1723 562 cum
1753 536 1820 569 sim,

1029 588 1073 608 me
1090 585 1180 608 tamen
1193 581 1296 616 optima
1311 588 1386 608 mens
1403 589 1418 608 e
1433 580 1557 615 catalogo
1573 585 1654 608 tanta:
1668 581 1820 609 nobilitatis

1029 626 1170 662 expungit,
1183 632 1212 654 et
1227 627 1308 654 veluti
1322 628 1445 661 spurium
1461 626 1580 658 abdicat,
1597 635 1639 653 me
1652 634 1773 658 servnnt,
1790 635 1820 655 se

1029 673 1147 701 divinam
1163 673 1379 707 inspirationem,
1395 672 1516 707 reginam
1531 677 1558 700 et
1573 680 1661 700 meam
1675 673 1815 700 dominam

1029 720 1180 753 appellans.
1196 718 1235 745 Ac
1253 719 1400 752 potuissem
1416 718 1543 753 equidem
1561 719 1703 753 operosius
1718 724 1745 746 et
1759 719 1819 746 eili-

1028 764 1120 792 cacius
1136 764 1209 791 hunc
1224 769 1340 791 tractare
1352 763 1454 797 locum,
1467 764 1637 798 suadereque
1653 773 1686 792 tte
1699 765 1820 800 amplius

1028 817 1138 837 servum
1157 814 1265 837 vocaret
1282 817 1325 837 me
1342 816 1504 837 conservum
1521 814 1549 837 et
1565 809 1672 845 imperii
1690 819 1817 842 consors.

1028 855 1191 891 virtutisque
1214 855 1350 890 particeps
1369 861 1396 883 et
1418 855 1481 883 vita;
1502 860 1560 884 tum
1585 857 1738 892 praesentis,
1759 863 1818 885 tum

1028 907 1158 937 speratae:
1174 902 1310 930 suilieiant
1326 908 1415 930 tamen
1435 911 1497 938 quae
1512 903 1568 931 dixi
1595 904 1727 933 hactenus
1745 906 1819 940 apud

1028 955 1088 980 vos,
1106 948 1205 982 quibus
1230 949 1263 976 ad
1281 948 1405 976 obeunda
1428 949 1580 977 certamina
1604 950 1662 978 haec
1683 959 1817 987 generosa

1028 1002 1143 1029 corpora
1160 996 1282 1030 exposita
1304 1000 1380 1029 sunt,
1400 999 1431 1023 ut
1447 1003 1480 1023 ne
1501 996 1565 1024 dum
1590 996 1616 1024 in
1644 997 1694 1025 hoc
1716 1000 1820 1026 saeculo

1029 1040 1199 1076 spiritalibus
1219 1041 1310 1074 donis,
1329 1046 1358 1068 ut
1371 1041 1445 1069 socia
1467 1045 1494 1069 et
1518 1043 1655 1071 consortia
1679 1043 1819 1078 laborum,

1029 1085 1167 1118 fruantur,
1178 1094 1272 1114 verum
1287 1087 1369 1115 etiam
1386 1087 1413 1114 in
1429 1092 1585 1123 exspectata
1600 1090 1820 1124 regeneratione,

1029 1134 1111 1161 simul
1126 1142 1188 1161 cum
1206 1134 1293 1162 beatis
1308 1134 1367 1162 suis
1384 1134 1525 1170 spiritibus
1545 1141 1668 1171 regnent,
1686 1141 1713 1164 et
1730 1141 1760 1163 ut
1775 1137 1819 1164 sul

1029 1178 1193 1206 colluceant.
1206 1177 1343 1206 Caeterum
1356 1186 1412 1206 non
1428 1179 1574 1206 admodum
1591 1181 1642 1208 hac
1657 1181 1692 1208 de
1710 1188 1738 1208 re
1752 1189 1820 1208 con-

1030 1225 1151 1253 tendam.
1167 1224 1291 1260 Appellct
1309 1225 1405 1254 utzsibi
1423 1225 1464 1254 fus
1482 1226 1568 1253 visum
1586 1226 1680 1260 fuerit;
1697 1229 1820 1262 potentia

1029 1271 1203 1305 referciatur,
1218 1279 1269 1299 suo
1284 1272 1394 1306 quidvis
1404 1272 1518 1300 arbitrio
1533 1272 1613 1306 ferat,
1629 1279 1707 1308 agat;
1724 1279 1821 1303 utatur

1029 1325 1072 1346 me
1096 1317 1326 1353 quemadmodum
1356 1318 1441 1351 volet,
1465 1318 1597 1346 duntaxat
1617 1327 1650 1346 ne
1667 1320 1734 1347 vitio
1751 1320 1820 1347 mihi

1029 1367 1117 1391 vertat
1140 1363 1264 1396 innoxia,
1289 1371 1378 1399 neque
1405 1372 1449 1392 me
1478 1365 1557 1400 culpa
1586 1372 1687 1394 vacans
1714 1367 1818 1402 culpet.

1029 1411 1152 1438 Audistis
1172 1410 1244 1437 enini
1262 1410 1362 1445 quibus
1381 1410 1415 1438 de
1438 1410 1519 1438 rebus
1539 1416 1650 1438 accuset
1668 1419 1721 1444 me.
1743 1414 1818 1445 quod

1030 1457 1077 1490 ali,
1097 1457 1170 1492 quod
1195 1457 1268 1484 ittdni
1292 1457 1371 1484 velint
1397 1457 1514 1484 animale
1537 1465 1650 1486 manens
1668 1459 1769 1490 adhuc,
1792 1465 1821 1487 et

191 1509 307 1537 quarum
327 1508 409 1535 opera
428 1500 513 1527 tutius
540 1499 663 1526 indi-titur
682 1504 781 1527 contra
805 1499 978 1527 incommoda
992 1504 1013 1534 c
1030 1503 1094 1531 dum
1110 1504 1144 1530 ab
1159 1503 1323 1530 animalibus
1335 1502 1511 1530 facultatibus
1532 1504 1681 1538 gubernor,
1702 1505 1820 1532 necdum

191 1548 294 1578 omnia.
310 1554 392 1581 quam
411 1546 538 1580 lanigera:
555 1549 582 1572 et
597 1545 686 1579 longis
707 1545 770 1580 pilis
790 1545 901 1572 munitm
917 1546 978 1573 ani-

191 1597 319 1624 mantes;
339 1591 507 1625 rectiusque.
525 1597 607 1624 quam
622 1594 754 1625 quotquot
770 1595 816 1616 aut
834 1591 917 1618 coriis
932 1595 980 1618 aut

191 1638 316 1673 squamis
333 1636 434 1663 nativis
455 1635 652 1667 obducuntur;
667 1639 695 1661 et
721 1635 873 1669 pulchrius,
895 1643 977 1671 quam

193 1684 263 1710 bene
275 1682 353 1709 alatne
371 1689 451 1714 aves;
479 1685 585 1708 armata
600 1685 642 1708 est
664 1685 755 1708 autem
771 1681 889 1708 validius
902 1682 935 1709 ad
949 1689 979 1709 se

193 1727 404 1760 defendendam,
429 1726 644 1762 propugnaculis
670 1734 751 1754 manu
781 1727 870 1759 factis,
896 1735 979 1762 quam

192 1783 232 1802 ea:
251 1774 285 1802 iis
303 1781 364 1808 qua:
381 1774 422 1800 vel
440 1773 550 1807 ungulis
569 1772 610 1801 rel
627 1772 758 1800 cornibus
776 1777 898 1808 pugnant
911 1792 919 1804 ,
933 1777 979 1801 aut

193 1820 321 1848 dentibus
335 1823 363 1847 et
380 1819 527 1853 unguibus.
543 1818 583 1845 lta
599 1825 664 1846 vero
677 1818 744 1845 ntihi
756 1819 878 1846 studiose
894 1819 981 1846 artifi-

194 1867 322 1902 ciosequc
333 1865 462 1898 formato,
475 1864 550 1893 Deus
564 1864 627 1892 vita:
641 1864 807 1900 spiraculum
825 1865 979 1900 inspiravit,

194 1917 220 1940 et
236 1913 261 1940 id
280 1920 312 1940 ex
329 1911 465 1940 ambobus
484 1915 680 1946 temperatum,
703 1911 840 1939 hominem
859 1917 886 1939 et
902 1918 979 1940 suant

193 1959 342 1994 imaginem
358 1957 522 1990 nominavit,
538 1962 565 1984 et
583 1961 612 1984 ut
627 1957 811 1992 pedestribus,
824 1957 981 1985 natatilibus

190 2009 221 2032 et
249 2004 405 2031 volatilibus
431 2004 594 2038 imperaret,
623 2002 761 2038 praecepit,
791 2008 818 2030 et
844 2010 894 2038 ego
921 2003 982 2030 sine

196 2054 287 2077 mente
304 2041 446 2084 quidpiam
462 2056 542 2084 agere
557 2049 710 2083 nequirem,
727 2053 757 2076 ut
771 2056 821 2076 nec
837 2056 913 2076 mens
923 2049 982 2076 sine

195 2105 249 2124 me.
266 2096 364 2123 Statim
386 2096 457 2122 enim
477 2102 537 2129 quae
553 2095 689 2130 prmcipua
703 2100 745 2122 est
760 2094 888 2129 imaginis
906 2100 980 2127 nota,

195 2143 222 2169 itt
244 2140 555 2174 animantesimpcrium
576 2148 722 2173 exercere,
744 2140 882 2175 quomodo
900 2148 978 2168 mens

194 2195 308 2222 corpore
326 2187 467 2218 destituta,
483 2191 530 2213 aut
546 2186 624 2213 initio
640 2191 713 2213 recte
731 2174 829 2221 potuit,
841 2191 888 2213 aut
904 2185 930 2213 in
947 2194 979 2214 eo
996 2174 1019 2202 θ

195 2240 288 2270 postea
301 2233 501 2268 perseveravit?
513 2241 565 2267 qua
586 2232 691 2260 ratione
706 2240 873 2260 conscensus
884 2232 981 2259 fuisset

195 2289 293 2315 equus,
311 2279 362 2306 nisi
384 2286 452 2305 mea:
476 2286 573 2305 manus
599 2278 675 2305 frena
700 2277 904 2305 fabricassent:
927 2284 979 2311 qua

196 2327 302 2353 ratione
316 2326 364 2352 hos
379 2325 519 2352 incidisset
534 2324 637 2357 sulcos,
655 2323 708 2351 nisi
735 2323 829 2350 iisdem
845 2323 907 2358 iuga
921 2331 982 2349 ara-

196 2378 293 2406 traque
322 2370 645 2403 conficientibus?Quod
670 2370 693 2398 si
720 2370 820 2396 mentis
843 2370 982 2403 excogita-

195 2419 269 2446 tione
293 2419 351 2445 haec
369 2422 473 2450 reperta
490 2421 566 2449 sunt,
585 2416 651 2444 illud
666 2421 708 2444 est
724 2416 796 2451 quod
812 2423 884 2443 nunc
909 2415 981 2442 dice-

194 2466 269 2498 bam,
285 2464 399 2492 alterius
414 2471 497 2499 opera
510 2470 590 2498 egere
609 2463 724 2490 alterum
738 2472 745 2495 ;
773 2462 816 2489 illa
836 2463 981 2497 excogitat,

195 2518 245 2546 ego
265 2511 337 2546 quod
355 2515 398 2537 cst
412 2510 607 2543 excogitatum,
633 2508 767 2536 industria
783 2516 841 2536 mea
860 2510 980 2543 periicio.

196 2558 255 2594 lpsa
273 2558 394 2585 rationes
409 2556 575 2584 artificiosas
591 2556 664 2583 videt
689 2560 716 2582 ct
732 2557 869 2590 proponit,
884 2563 982 2583 manus

199 2612 264 2631 mea:
281 2603 422 2630 materiam
438 2601 566 2629 ductilem
583 2606 610 2628 et
633 2605 748 2629 tractatu
762 2601 869 2628 facilem
885 2609 984 2636 suppe~

197 2649 326 2681 ditantes,
342 2649 403 2683 ejus
420 2647 491 2682 quod
504 2648 595 2674 animo
611 2646 788 2674 informatum
802 2652 844 2675 est
862 2648 982 2682 speciem

196 2696 345 2722 coniiciunt
360 2703 366 2727 ;
381 2699 407 2722 et
422 2702 476 2721 tton
491 2693 547 2729 jam
561 2701 671 2722 servum
682 2713 689 2725 ,
708 2701 864 2728 quanquam
883 2698 912 2721 ut
926 2701 984 2721 ser-

197 2750 260 2770 vum
276 2747 324 2769 aut
353 2741 569 2769 instrumentum
589 2741 648 2770 haec
663 2741 863 2778 _subministro,
881 2741 928 2769 sed
954 2748 984 2769 ut

235 2835 246 2851 ‘
263 2835 364 2870 Ephcs.
383 2843 409 2866 ι’.
423 2835 469 2862 29.

1029 1550 1057 1577 in
1079 1549 1201 1585 spiritale
1222 1549 1458 1576 transformatunt.
1476 1549 1566 1576 Aliam
1583 1551 1658 1577 enim
1677 1550 1759 1578 vitam
1780 1552 1820 1584 id,

1029 1596 1165 1630 aliamque
1172 1597 1259 1622 victus
1270 1594 1414 1626 rationem,
1429 1598 1459 1620 ut
1474 1595 1500 1621 in
1518 1596 1662 1628 proverbio
1676 1599 1728 1628 est,
1745 1597 1820 1624 desi-

1029 1640 1123 1673 derat;
1141 1648 1214 1668 nunc
1229 1648 1293 1668 vero
1304 1640 1416 1668 ﬂuidum
1432 1649 1494 1668 cutn
1509 1641 1572 1672 sint,
1588 1646 1615 1668 et
1631 1642 1690 1669 sine
1706 1642 1822 1671 faculta-

1029 1687 1103 1714 tibus
1118 1687 1310 1722 appetentibus
1325 1690 1453 1714 constare
1469 1694 1522 1713 non
1540 1688 1654 1721 possint,
1673 1689 1820 1723 quidnam,

1030 1740 1134 1768 quaeso,
1158 1732 1297 1766 delinquo,
1318 1732 1340 1760 si
1364 1736 1468 1759 natura:
1488 1732 1619 1760 instinctu
1643 1733 1766 1761 ciborum
1794 1742 1822 1762 et

1030 1784 1143 1815 potuum
1167 1778 1315 1813 cupiditate
1333 1778 1446 1806 teneor?
1467 1777 1556 1812 Quam
1578 1779 1630 1807 sibi
1649 1782 1823 1809 contumelia

1031 1829 1123 1853 notam
1144 1832 1221 1855 mens
1237 1823 1333 1857 inurit,
1347 1831 1408 1858 qua:
1425 1824 1483 1851 haec
1496 1824 1591 1852 eadem
1609 1825 1675 1852 mihi
1691 1827 1824 1861 suppedi-

1030 1870 1087 1898 tati
1111 1869 1192 1903 Quasi
1218 1876 1272 1896 non
1301 1868 1418 1896 audierit
1444 1869 1604 1904 Apostolum
1627 1869 1792 1898 clamantem
1813 1881 1821 1899 :

1034 1925 1044 1942 ι
1061 1915 1146 1944 Nemo
1163 1922 1240 1943 suam
1254 1922 1362 1942 carnem
1379 1913 1457 1947 odit,
1473 1915 1519 1942 sed
1532 1915 1635 1942 enutrit
1645 1920 1672 1943 et
1687 1915 1793 1944 fovet'.
1809 1926 1821 1943 ι

1031 1962 1092 1996 Quo
1115 1966 1193 1996 pacto
1209 1960 1280 1988 enini
1299 1964 1346 1987 aut
1369 1960 1448 1987 initio
1462 1961 1642 1994 substitisset,
1660 1966 1708 1989 aut
1725 1969 1822 1998 postea

1030 2009 1209 2040 constitisset,
1221 2007 1272 2035 nisi
1285 2005 1449 2034 sufﬁcienter
1461 2006 1598 2034 aleretur?
1609 2008 1715 2043 Quippe
1726 2010 1821 2036 statim

1031 2062 1064 2083 ac
1079 2054 1106 2082 in
1123 2058 1200 2080 utero
1213 2052 1414 2086 formor,quasi
1426 2051 1516 2086 planta
1529 2052 1570 2079 vel
1582 2052 1652 2079 inter
1660 2053 1781 2088 plantam
1795 2060 1824 2082 et

1031 2098 1132 2127 animal
1142 2097 1262 2124 medium
1273 2096 1349 2131 quidI
1373 2103 1421 2131 per
1435 2104 1482 2124 eas
1497 2097 1632 2125 secundas
1644 2105 1714 2132 quas
1729 2101 1823 2134 appel-

1033 2146 1099 2176 lant,
1111 2144 1168 2171 sive
1181 2150 1228 2178 per
1239 2142 1410 2175 untbilicum,
1422 2142 1479 2170 alor
1494 2143 1627 2178 sanguine
1640 2146 1798 2172 menstruali
1812 2155 1821 2174 :

1033 2190 1108 2218 illinc
1121 2193 1211 2216 autent
1223 2195 1397 2223 progressum
1413 2187 1491 2215 lactis
1505 2187 1594 2215 rivulo
1609 2196 1656 2222 per
1670 2197 1822 2219 mammam

1035 2235 1173 2266 nutricor,
1195 2234 1320 2267 adusque
1338 2232 1459 2260 dentium
1482 2237 1583 2261 ortum.
1605 2232 1656 2261 Ubi
1674 2242 1741 2262 vero
1759 2237 1822 2264 ani-

1034 2280 1123 2308 utattdi
1138 2283 1235 2307 natura
1248 2279 1346 2313 cupida
1358 2278 1424 2305 mihi
1435 2278 1562 2306 dentibus
1573 2287 1603 2307 os
1614 2279 1702 2307 acutis
1715 2287 1743 2308 et
1757 2281 1822 2309 latis

1034 2327 1176 2359 instruxit,
1189 2331 1260 2353 utet
1274 2332 1368 2353 secare
1382 2330 1409 2352 et
1424 2325 1558 2353 coniicere
1575 2325 1654 2354 facile
1665 2327 1757 2354 cibum
1774 2337 1823 2363 po-

1033 2372 1142 2405 tuerim,
1159 2377 1215 2399 tum
1230 2370 1349 2405 denique
1366 2377 1488 2398 mensam
1504 2371 1680 2399 solidioribus
1694 2373 1822 2401 esculen-

1034 2419 1068 2445 tis
1081 2417 1228 2448 exstruxit;
1244 2416 1280 2443 ita
1296 2423 1362 2443 sane
1373 2416 1476 2443 naturis
1486 2423 1630 2449 corpormtt
1642 2417 1819 2451 cougenitum

1033 2469 1075 2492 est
1087 2464 1257 2495 alimentum,
1267 2469 1354 2496 eaque
1367 2467 1473 2489 natura:
1487 2462 1613 2496 cognatio
1623 2467 1677 2495 est,
1694 2463 1746 2490 etsi
1765 2472 1819 2492 non

1035 2515 1076 2538 cst
1090 2517 1184 2538 eorum
1198 2508 1287 2535 verbis
1301 2508 1366 2535 iides
1387 2507 1523 2538 ltabenda,
1536 2509 1582 2541 qui
1601 2508 1736 2542 lapidibus
1750 2517 1821 2536 non-

1035 2556 1124 2584 nullos
1142 2555 1176 2582 ali
1197 2555 1284 2585 aiunt,
1304 2553 1375 2587 factu
1395 2558 1484 2580 tamen
1499 2554 1664 2580 credendum
1679 2560 1732 2587 cst,
1747 2556 1821 2589 quod

1036 2603 1217 2631 animatorum
1238 2600 1342 2628 nullum
1360 2602 1451 2627 careat
1468 2598 1607 2632 alimento,
1621 2605 1650 2626 ut
1664 2601 1779 2628 arbores
1795 2607 1823 2628 et

1038 2649 1127 2677 Iterbw
1140 2653 1167 2676 et
1181 2645 1312 2682 quidquid
1333 2645 1470 2672 radicibus
1492 2644 1588 2673 fultuttt
1611 2651 1681 2673 terra
1698 2648 1779 2681 parit,
1795 2654 1822 2675 et

1036 2694 1190 2723 omnimoda
1205 2692 1364 2720 animantia.
1387 2691 1428 2718 An
1445 2698 1511 2719 vero
1526 2691 1661 2720 daemones
1680 2698 1708 2720 et
1730 2694 1822 2722 sidera

1037 2740 1192 2770 iibamentis
1214 2739 1267 2767 illis
1288 2742 1315 2766 et
1334 2736 1475 2771 odoribus,
1499 2737 1719 2766 exltalatiOnibus
1740 2743 1821 2766 terras
