1963 3066
125 160 173 191 977

791 155 1022 188 PROSOPOPCE
1027 157 1035 187 l
1041 157 1083 188 [Ε.

1696 156 1756 189 9'18

123 220 179 247 ha-c
196 214 441 252 enutrianturuid
460 217 626 245 Grateanicis
649 223 682 244 ac
706 216 829 252 profanis
842 223 908 251 poe-
925 221 947 250 Α
961 220 1015 246 est.
1041 223 1102 251 quae
1127 215 1160 242 ad
1190 203 1357 251 propositam
1381 213 1460 243 vobis
1491 222 1572 249 quam
1602 214 1754 249 planiorem

124 266 159 294 tis
184 270 211 293 et
226 263 397 300 philosophis
408 263 571 297 dicentibus,
586 264 657 291 haud
671 262 750 291 facile
764 263 908 290 assentiar.

124 309 191 338 Nam
208 309 246 337 illi
262 314 363 337 emtum
380 309 531 337 daemonum
543 308 726 343 opinabantur
739 315 800 335 esse
814 315 910 343 corpo-

124 364 199 386 reum
222 361 250 384 et
262 355 384 383 materiae
407 354 610 389 voluptatisque
638 354 758 385 avidum,
784 360 811 381 et
833 352 912 381 astris

124 403 229 430 animos
252 400 421 428 tribuebant.
436 399 530 435 Itaque
556 407 618 428 cum
642 399 793 427 animatum
812 406 912 433 corpus

105 446 204 475 'omne
230 447 267 475 sit
300 446 513 479 alimentarium,
537 445 671 481 quidquid
696 445 844 472 attimatum
870 449 914 471 est

125 497 227 520 natura:
248 493 307 528 lege
329 492 467 519 nutriatur
485 495 511 518 et
532 491 606 519 vivat
629 497 740 518 necesse
763 495 823 518 est:
838 490 912 524 quod

127 544 216 567 autem
238 545 295 565 non
317 538 438 565 nutritur
454 545 544 572 neque
563 537 640 569 vivit,
657 537 683 564 id
705 544 739 563 ne
760 536 911 563 animatum

125 585 234 620 quidem
249 590 300 612 est.
315 583 498 617 Quamobrem
514 582 644 611 Servator
656 586 748 610 naster
762 589 814 608 non
831 581 912 608 modo

125 638 194 665 quos
210 635 336 657 mortuos
357 628 391 656 ad
416 629 498 656 vitam
516 628 653 656 revocavit
666 628 746 655 edere
758 627 850 662 jussit,
865 626 913 653 sed

126 680 152 703 et
173 676 232 710 ipse
259 679 384 702 mortuus
410 681 443 702 ac
466 675 524 710 jam
555 674 721 701 reviviscens
742 672 863 700 comedit
886 676 914 700 et

127 722 204 754 bibit,
216 726 408 757 argumentum
420 721 568 749 insolubile
582 720 704 755 repetita:
716 719 778 747 vitae
789 718 913 746 alimenti

126 768 328 803 perceptionem
344 775 514 803 proponens.
529 767 564 794 Et
578 771 675 795 natura
695 766 804 800 quidem
819 772 914 793 scrva-

126 813 176 840 trix
200 812 238 839 ita
268 812 392 847 corporis
415 812 575 846 sanguinem
598 819 757 847 procreatis,
779 810 913 845 sanguine

127 863 252 886 materno
277 858 352 886 fetus
380 865 429 886 ore
458 860 579 886 nondum
604 857 755 893 praeditos,
792 856 912 884 infantes

126 905 284 937 edentulos,
304 904 374 932 lacte
396 904 534 938 perfectos
549 907 576 931 et
592 904 744 936 absolutos,
764 903 839 930 omni
864 910 910 938 ge-

125 957 191 978 nere
210 950 397 984 varielateque
412 949 535 976 ciborum
556 949 618 981 alit;
639 955 700 980 nec,
717 948 782 976 dum
802 946 912 980 crescit,

125 996 278 1034 nutricatur
291 999 319 1023 et
335 995 440 1027 educit.
462 995 584 1022 adultum
604 1001 669 1022 vero
685 999 714 1022 et
728 994 785 1029 jam
803 992 911 1020 inhabi-

124 1043 177 1071 letl
193 1042 345 1070 crescendo
364 1046 470 1069 aetatem
485 1042 623 1076 attingens
636 1040 800 1075 dereliquit:
817 1039 863 1067 sed
879 1039 913 1067 ad

124 1093 294 1117 senectutem
315 1092 343 1116 et
363 1087 530 1122 decrepitam
546 1091 651 1114 aetatem
665 1094 763 1122 usque,
784 1091 912 1121 tanquam

125 1135 194 1162 bona
212 1134 301 1161 nutrix
321 1134 433 1161 ducenti
446 1132 572 1168 spiritum
590 1133 676 1166 adest,
697 1139 837 1168 nunquam
857 1132 914 1159 dis-

124 1180 237 1212 cedens,
266 1187 321 1207 non
353 1184 447 1212 noctu,
470 1185 525 1206 non
557 1178 686 1207 interdiu.
713 1178 913 1206 Dormietttium

124 1226 225 1254 ctenim
251 1233 305 1254 non
329 1225 447 1261 quiescit
471 1225 552 1252 altrix
573 1224 698 1257 facultas,
715 1224 764 1252 sed
782 1224 914 1252 insomnis

124 1277 151 1299 et
166 1271 279 1307 pervigil
295 1272 373 1299 bona:
390 1271 506 1299 nu’tricis
523 1271 620 1304 instar,
643 1271 787 1305 inspiranti
813 1274 914 1306 praesto

125 1323 178 1350 est,
191 1318 314 1353 nunquid
328 1325 382 1345 non
402 1317 472 1345 bona
487 1316 607 1345 iaciens?
619 1324 650 1345 ea
661 1321 735 1345 certe
751 1324 813 1352 quae
824 1324 873 1352 per
882 1323 914 1344 os

127 1363 222 1390 molita
239 1363 266 1390 in
283 1368 405 1390 ventrem
423 1362 615 1394 demittuntur,
631 1369 808 1397 concoquens
826 1369 858 1389 ac
871 1362 914 1389 di-

127 1415 237 1443 gerens,
262 1407 435 1443 primumque
453 1407 480 1435 in
503 1414 601 1435 succos
622 1411 795 1440 convertens,
817 1406 916 1434 deinde

127 1455 162 1483 ad
173 1455 253 1491 jecur
265 1454 408 1482 attrahens
423 1458 450 1481 et
464 1454 493 1481 in
509 1454 671 1489 sanguinem
685 1458 810 1486 mutans;
827 1452 915 1480 illinc-

126 1509 181 1536 que
203 1509 249 1535 per
272 1508 357 1528 venas
386 1500 515 1528 omnibus
538 1507 617 1527 suam
640 1499 739 1534 cuique
762 1499 915 1534 portionem

930 878 955 920 Β.

963 262 1107 297 agitamus,
1124 261 1342 289 controversiam
1360 269 1415 289 non
1437 261 1565 296 pertinet.
1579 260 1608 287 Si
1626 268 1691 288 vero
1707 269 1756 288 na-

963 308 1078 336 turalem
1105 316 1165 343 qua
1197 308 1344 336 nutriendo
1379 308 1544 343 percipitur,
1569 307 1756 341 Voluptatem,

963 354 1100 381 luxuriam
1117 354 1223 387 definit,
1245 354 1330 381 tuulto
1353 354 1429 388 prius
1447 361 1507 387 qua:
1529 353 1555 380 itt
1576 352 1753 388 procreandis

963 399 1057 428 liberis
1071 404 1123 432 est,
1140 399 1303 435 ﬂagitiosum
1325 400 1486 427 nominabit.
1504 400 1540 426 At
1572 407 1660 433 neque
1685 407 1755 433 unp-

964 445 1049 478 tialis,
1066 453 1155 480 neque
1175 446 1258 473 etiam
1275 445 1355 473 altrix
1369 445 1493 479 voluptas
1507 445 1569 472 ullis
1586 451 1676 471 mente
1686 452 1756 478 pra:-

964 491 1031 518 ditis
1056 491 1166 518 crimini
1188 491 1280 522 datur,
1297 491 1363 526 quin
1389 491 1478 525 potius
1499 489 1673 517 admirationi
1701 493 1753 516 est.

967 537 1034 564 Nam
1052 537 1097 564 illa
1113 537 1146 564 de
1165 544 1264 572 genere
1280 537 1352 570 quod
1372 537 1474 564 sensim
1489 536 1584 569 ellluit,
1601 535 1755 563 successio-

964 590 1014 616 ne;
1031 583 1089 611 haec
1111 583 1237 618 corporis
1259 582 1430 615 inanitatem,
1448 582 1576 609 alimento
1599 581 1704 616 supplet
1723 588 1755 607 ac

964 634 1091 664 reparat;
1117 629 1211 664 itaque
1228 636 1318 664 neque
1341 627 1431 655 divina
1452 635 1529 655 mens
1550 635 1565 654 a
1585 635 1635 657 sua
1655 626 1756 654 decidit

964 675 1051 710 ipsius
1066 675 1209 710 dignitate,
1227 681 1317 708 neque
1335 681 1448 709 prorsus
1463 672 1631 701 contumelia
1643 672 1754 699 divexa-

964 725 1020 754 tur,
1036 728 1067 748 ea
1093 719 1248 748 concedens
1267 727 1327 755 quae
1351 727 1366 746 a
1392 723 1491 747 natura
1510 719 1619 747 decreta
1640 723 1706 746 sunt
1727 722 1758 746 et

963 768 1084 800 sancita;
1101 770 1129 795 et
1149 773 1259 802 operam
1277 765 1434 799 conferens,
1450 773 1483 793 ac
1504 773 1559 793 una
1575 766 1753 801 suppeditante

963 819 995 840 ea
1009 819 1070 847 qua:
1086 817 1151 840 sunt
1174 811 1322 848 praecipua,
1337 815 1366 840 et
1387 811 1506 839 maxime
1526 811 1636 847 corpori
1658 818 1754 839 neces-

964 858 1050 892 saria;
1068 858 1121 886 etsi
1136 858 1171 886 de
1188 858 1290 886 talibus
1303 857 1361 885 haec
1373 862 1465 885 erecta
1480 857 1583 890 fremit,
1601 857 1762 892 quibusque

965 903 1130 932 criminibus
1145 903 1263 932 aliorum
1280 907 1356 931 taxat
1369 902 1493 936 delicias,
1509 902 1606 930 iisdem
1623 902 1682 937 ipsa
1696 909 1756 929 ma-

965 949 1007 984 gis
1026 949 1160 978 delicians
1172 949 1333 978 revincitur.
1347 948 1526 978 Considerate
1546 949 1632 982 enim,
1650 956 1755 983 quaeso,

965 999 1068 1030 quanta
1080 995 1180 1031 iactet;
1202 994 1397 1023 contumeliam
1417 999 1446 1022 et
1468 994 1627 1022 servitutem
1642 993 1754 1029 ignobi-

965 1042 1099 1070 lissimam
1115 1045 1210 1070 censet
1221 1040 1294 1076 quod
1307 1040 1385 1069 initio
1402 1040 1454 1068 mei
1468 1047 1563 1068 curam
1578 1044 1665 1075 gerat,
1679 1044 1708 1068 et
1720 1039 1755 1067 ad

966 1088 1109 1116 vivendum
1137 1087 1293 1116 neceSSaria
1317 1092 1473 1122 comparet;
1493 1095 1526 1115 ac
1547 1087 1758 1115 dissimulanter

966 1133 1110 1162 cavillator
1145 1140 1175 1161 se
1207 1132 1445 1168 pratstantioribus
1470 1132 1674 1160 adhaerescendi
1701 1140 1756 1160 non

965 1187 1026 1208 esse
1038 1184 1203 1216 compotem,
1215 1184 1243 1207 et
1257 1179 1404 1207 deterioris
1419 1186 1514 1207 curam
1529 1178 1639 1211 habere,
1653 1178 1757 1206 idcirco

965 1226 1110 1262 cujusdam
1125 1226 1232 1254 ancillae
1248 1225 1431 1261 opsonatricis
1447 1229 1474 1253 et
1491 1225 1616 1260 panificis
1636 1225 1756 1260 speciem

966 1273 1065 1306 induit,
1080 1281 1142 1308 quae
1153 1273 1255 1308 alioqui
1268 1272 1379 1300 domina
1397 1277 1450 1306 est,
1465 1278 1493 1300 ct
1508 1279 1586 1300 suam
1605 1271 1697 1299 studet
1712 1271 1757 1298 in-

966 1320 1094 1347 violatam
1114 1319 1275 1347 felicitatem
1294 1326 1471 1347 conservare.

1000 1366 1081 1401 Atqui
1105 1367 1128 1395 si
1155 1366 1213 1394 haec
1241 1366 1312 1401 apud
1339 1366 1409 1394 alios
1431 1365 1559 1394 desidens
1582 1365 1759 1392 sermonibus

964 1413 1091 1448 iactaret,
1117 1412 1243 1440 fortassis
1267 1411 1310 1439 his
1334 1411 1481 1446 praestigiis
1505 1412 1672 1446 imponeret;
1699 1418 1759 1438 non:

966 1466 1032 1486 vero
1049 1466 1113 1486 cum
1129 1458 1200 1493 apud
1213 1465 1261 1485 vos
1277 1457 1347 1484 nihil
1362 1457 1440 1489 recti,
1460 1456 1527 1484 nihil
1544 1457 1604 1483 sani
1625 1456 1756 1483 dissimu-

966 1504 1013 1536 let,
1033 1504 1176 1530 manifesto
1193 1502 1321 1530 indecore
1343 1502 1419 1529 facit.
1443 1501 1497 1529 Vos
1521 1501 1621 1528 etenim
1642 1501 1686 1535 qui
1712 1501 1755 1527 hic

126 1547 307 1578 distribuens,
322 1549 350 1574 et
360 1545 460 1580 cuique
476 1553 628 1581 congruum
642 1550 669 1572 et
689 1545 829 1580 proprium
843 1551 909 1571 con-

967 1549 1065 1577 sedetis
1088 1554 1227 1581 tacentes,
1246 1548 1488 1583 tergiversationes
1509 1547 1589 1582 hujus
1615 1547 1756 1581 perspicue

126 1595 280 1629 glutinans;
292 1601 324 1621 ac
336 1594 448 1621 multam
463 1594 579 1628 gratiam
592 1592 774 1621 Providentiae
786 1592 849 1619 huic
860 1599 914 1627 qua

126 1649 177 1668 nos
200 1640 438 1672 administramur,
456 1640 600 1671 debemus,
620 1646 669 1673 per
688 1645 769 1673 quam
785 1645 846 1672 qua:
867 1645 915 1672 pc-

127 1687 198 1722 perit
215 1686 303 1719 initio,
320 1685 415 1713 eadem
431 1690 460 1712 et
475 1687 502 1712 in
524 1690 663 1720 posterum
683 1684 818 1712 charitate
838 1691 916 1711 com-

127 1733 269 1769 plectitur,
289 1740 341 1759 nec
354 1732 420 1759 sinit
435 1731 556 1766 disperdi
571 1731 766 1766 dissiparique,
778 1730 915 1758 alimentis

127 1779 290 1813 excogitatis
303 1785 336 1805 ac
352 1777 466 1812 paratis.

163 1823 197 1851 Et
220 1828 317 1850 ttatura
339 1822 462 1856 quidem,
486 1827 515 1848 ut
539 1821 642 1849 dictum
666 1825 719 1854 est,
744 1821 780 1848 ita
804 1820 915 1854 format,

127 1868 295 1899 conformat,
309 1871 491 1901 coagmentat.
505 1865 581 1894 Mens
599 1871 691 1893 autem
713 1866 826 1894 rationis
839 1873 915 1894 com-

127 1922 191 1949 pos,
209 1917 237 1940 ct
262 1919 363 1947 corpus
387 1911 518 1944 incolens,
541 1916 646 1938 naturae
669 1911 820 1938 contrarias
844 1911 917 1946 leges

126 1960 282 1992 constituit,
302 1965 332 1986 ut
351 1959 403 1987 alia
425 1959 561 1994 quaepiam
579 1958 725 1990 imperiosa
741 1958 852 1986 domina
867 1968 874 1986 :
889 1963 916 1986 et

126 2008 193 2042 quia
221 2005 412 2040 quotidianum
432 2012 542 2038 semper
566 2004 725 2031 alimentum
752 2011 856 2039 quaero,
873 2011 917 2031 me

125 2053 252 2088 gulosum
270 2056 296 2078 et
315 2047 483 2085 inexplebile
504 2049 606 2076 dolium
630 2058 637 2076 :
663 2050 725 2083 quia
748 2050 918 2077 nutrimento

127 2100 214 2129 lzetor.
230 2097 402 2124 luxuriosum
422 2101 449 2123 et
469 2096 662 2130 voluptuosum
684 2099 834 2130 nuncupat,
851 2094 918 2122 deli-

125 2144 232 2172 ciarum
251 2141 324 2170 euim
340 2141 441 2169 ﬁnibus
463 2141 624 2168 alimentum
642 2140 763 2172 metitur,
789 2140 861 2174 quod
884 2140 918 2167 iis

127 2197 190 2226 qua
221 2188 390 2216 comedimus
414 2191 442 2215 et
475 2187 597 2214 bibimus
620 2191 718 2213 natura
746 2186 917 2214 dulcedinem

966 1594 1123 1627 revincetis,
1151 1592 1198 1628 qui
1227 1593 1377 1621 nobilitatis
1402 1593 1529 1627 imaginis
1549 1593 1632 1624 illius,
1658 1592 1682 1619 si
1707 1592 1756 1627 qui

967 1639 1012 1666 alii
1040 1640 1138 1667 bonam
1166 1639 1244 1667 vobis
1268 1644 1374 1674 partem
1399 1638 1575 1672 vindicastis,
1598 1644 1625 1666 et
1653 1639 1758 1674 absque

966 1684 1222 1719 perturbationibus
1241 1692 1273 1711 ac
1287 1684 1370 1712 veluti
1390 1684 1458 1711 citra
1475 1684 1596 1712 materia:
1611 1685 1754 1720 contagio-

967 1738 1030 1758 nem
1046 1731 1071 1757 in
1085 1731 1256 1766 corpusculis
1268 1730 1432 1757 mortalibus
1440 1730 1522 1757 vitam
1537 1730 1648 1766 egistis:
1666 1736 1756 1758 tamen

968 1781 995 1804 et
1018 1784 1166 1811 corporum
1190 1784 1223 1804 ex
1256 1781 1333 1811 parte
1355 1784 1449 1804 curam
1471 1777 1580 1812 geritis,
1606 1777 1756 1811 apostolica

950 1860 954 1865 η
967 1823 1142 1850 aemulatione
1160 1822 1238 1850 vobis
1254 1823 1304 1857 ipsi
1319 1827 1511 1857 comparantes
1523 1827 1550 1850 et
1561 1822 1758 1850 administran-

967 1873 1008 1896 tes
1023 1869 1136 1901 idonea;
1155 1876 1245 1903 neque
1259 1876 1405 1903 corporum
1421 1869 1502 1896 talem
1515 1869 1684 1897 aversionem
1700 1873 1757 1896 tam

967 1915 1078 1950 indigne
1101 1914 1213 1947 tulistis,
1232 1922 1313 1949 quam
1337 1915 1490 1942 animorum
1514 1923 1530 1942 ει
1554 1919 1626 1942 statu
1650 1915 1759 1942 meliori

968 1961 1087 1997 lapsum,
1104 1968 1193 1996 neque
1211 1961 1355 1989 verborum
1374 1969 1461 1989 nexus
1484 1965 1512 1988 et
1535 1961 1620 1989 series
1634 1969 1682 1989 vos
1700 1966 1758 1989 tam

968 2009 1000 2034 ad
1023 2007 1291 2035 comutiseratiottem
1317 2008 1410 2039 trahit,
1433 2015 1515 2043 quam
1541 2015 1631 2036 aurea!
1655 2013 1758 2037 catenae

971 2054 1102 2081 virtutum
1121 2054 1174 2081 alia
1189 2054 1299 2088 solutio,
1310 2053 1358 2082 sed
1374 2059 1403 2082 ut
1417 2062 1466 2090 per
1480 2055 1570 2082 omnia
1584 2055 1662 2090 justi,
1672 2055 1757 2090 juste,

968 2099 1122 2127 beatissimi
1140 2099 1260 2135 judices,
1276 2105 1305 2127 et
1322 2107 1468 2135 corporum
1490 2101 1553 2134 jura
1571 2101 1663 2127 divino
1686 2109 1755 2136 prae-

969 2150 1047 2180 cepto
1060 2146 1195 2180 persecuti
1211 2146 1289 2179 estis,
1306 2154 1356 2174 nec
1371 2146 1406 2173 ob
1426 2147 1452 2173 id
1469 2154 1518 2174 vos
1533 2146 1683 2175 deteriores
1697 2155 1758 2174 eva-

970 2191 1038 2218 sisse
1059 2192 1220 2224 censuistis,
1239 2200 1289 2219 nec
1311 2193 1344 2219 ad
1362 2192 1549 2220 conditionem
1565 2199 1714 2227 coqnorum
1730 2199 1759 2221 et

125 2235 260 2272 junxerit,
275 2239 303 2261 ut
318 2233 454 2261 suavitate
467 2232 583 2267 quadam
600 2232 633 2258 ad
652 2231 756 2266 gratius
770 2235 798 2259 et
812 2232 914 2261 avidius

971 2244 1072 2264 mensae
1089 2243 1258 2265 structorum
1275 2238 1462 2271 descendisse,
1483 2244 1512 2265 ut
1535 2247 1569 2266 cx
1589 2247 1647 2266 mea
1668 2244 1760 2268 mente

128 2280 334 2317 percipit-udum
350 2278 443 2305 cibum
463 2277 627 2309 alliciamur,
644 2285 693 2304 uec
715 2277 806 2305 tristes
825 2277 917 2312 quoti-

127 2328 219 2355 dianis
234 2325 371 2352 alimentis
388 2325 556 2352 advehendis
573 2323 809 2351 condoleseamus.
825 2323 916 2351 Novas

128 2374 203 2401 enim
218 2372 303 2407 leges,
324 2378 395 2397 nova
416 2370 526 2397 nomina
548 2369 635 2404 tingit,
651 2368 739 2396 aliena
755 2369 878 2404 quaedam
890 2374 919 2398 et

126 2418 262 2448 absurda,
289 2421 346 2443 tum
378 2416 484 2450 legibus
512 2414 647 2447 ferendis,
674 2418 731 2442 tum
763 2415 919 2443 nominibus

127 2462 300 2498 impone-udis
317 2462 478 2493 decernens,
496 2460 573 2494 quasi
586 2459 662 2487 nefas
676 2460 722 2492 sit,
742 2461 777 2487 ali
791 2468 853 2488 cum
870 2467 918 2487 vo-

125 2510 240 2543 luptate.
257 2507 330 2542 quod
346 2506 407 2533 talis
422 2505 511 2541 τροφὴ
534 2506 635 2541 τρυφή,
651 2505 677 2533 id
696 2510 738 2534 est
758 2506 918 2534 alimentum

125 2555 235 2582 deliciae
249 2554 314 2580 sint.
326 2552 383 2588 Ego
400 2559 464 2579 vero
481 2552 553 2586 quod
569 2556 665 2578 natura
680 2557 838 2587 natumque
851 2552 919 2587 legi-

129 2603 183 2629 bus
201 2601 348 2635 gubernor,
364 2603 392 2625 ut
416 2598 473 2625 alar
489 2597 556 2625 ntilti
574 2598 665 2629 licere,
679 2606 712 2625 ex
728 2599 803 2625 omni
824 2605 918 2625 neces-

129 2649 213 2677 Sit-ate
229 2644 462 2680 consequentibus
481 2649 508 2672 et
530 2644 613 2671 animi
634 2644 768 2671 hilaritate
790 2648 818 2671 et
844 2644 919 2671 voln-

126 2698 212 2730 ptate,
227 2700 345 2720 censeo:
360 2699 410 2719 nec
424 2691 529 2719 deliciae
540 2691 724 2718 criminabiles
736 2698 774 2718 eae
783 2697 858 2723 sunt,
870 2691 917 2718 sed

125 2741 242 2766 charum
266 2737 425 2764 alimentum
443 2741 470 2764 et
490 2741 594 2764 naturae
611 2744 775 2771 congruens.
793 2736 871 2769 Quod
892 2738 915 2764 si

124 2793 189 2819 ([UlS
215 2790 364 2818 oppressus
389 2790 518 2814 tttmrore,
541 2783 583 2809 vel
613 2791 682 2817 pauc
705 2783 777 2810 vesci
803 2791 916 2818 prorsus

123 2829 227 2857 oblitus
241 2827 332 2860 fuerit,
350 2828 390 2855 vel
404 2829 524 2855 cinerem
542 2831 670 2862 tanquam
684 2836 780 2863 panem
793 2830 917 2856 comede-

123 2877 172 2909 xit’,
193 2881 220 2902 ct
239 2879 334 2909 potum
355 2882 416 2901 cum
434 2874 499 2902 lletu
523 2873 671 2907 miscuerit,
687 2874 740 2902 alia
767 2875 836 2903 ratio
859 2875 916 2903 ineo

969 2289 1042 2309 nunc
1053 2282 1178 2310 audistis.
1196 2283 1303 2310 Etenim
1318 2283 1458 2317 equidem,
1471 2283 1552 2311 amici
1574 2283 1620 2311 Dei
1637 2283 1756 2318 iudices,

968 2335 1058 2363 neque
1075 2329 1218 2363 conspicio
1240 2336 1364 2363 quantam
1382 2337 1414 2356 ex
1430 2331 1484 2357 mei
1505 2337 1571 2357 cura
1589 2330 1672 2358 menti
1690 2338 1757 2358 con-

969 2373 1088 2401 tumelia'.
1106 2380 1171 2402 nota
1187 2375 1322 2402 inuratur.
1336 2376 1376 2402 An
1391 2382 1455 2404 vero
1469 2377 1534 2403 hera
1553 2383 1654 2405 curans
1670 2377 1758 2405 ancil-

969 2420 1021 2451 las,
1036 2419 1088 2446 hac
1105 2419 1212 2446 ratione
1226 2419 1309 2447 fuerit
1332 2421 1534 2455 ignominiosa?
1552 2428 1600 2449 aut
1619 2423 1758 2457 guberna-

969 2467 1012 2491 tor
1033 2472 1128 2492 navcm
1146 2466 1297 2493 onerariam
1320 2466 1470 2498 instruens,
1488 2475 1522 2494 ex
1546 2467 1598 2495 hoc
1621 2469 1758 2503 periculo-

968 2510 1027 2538 sius
1041 2511 1196 2546 navigahit;
1216 2517 1262 2539 aut
1280 2512 1358 2539 miles
1373 2520 1448 2540 artua
1467 2514 1600 2541 recudens
1617 2519 1645 2541 et
1662 2522 1760 2549 repur‘

968 2564 1037 2592 gans
1061 2564 1094 2584 ac
1126 2558 1286 2585 bellatorem
1315 2559 1389 2586 alens
1412 2567 1525 2594 equum,
1547 2560 1691 2594 imperitia:
1716 2561 1767 2588 rei.

969 2603 1096 2630 militaris
1114 2603 1217 2631 idcirco
1231 2603 1418 2637 damnabitur,
1439 2611 1486 2633 aut
1506 2606 1577 2633 inter
1595 2606 1694 2634 milites
1709 2608 1757 2634 de-

968 2654 1088 2677 sertores
1111 2650 1337 2677 enumerabizur?
1353 2650 1423 2683 Quid
1449 2658 1502 2678 non
1520 2651 1623 2679 ad'bos
1643 2652 1759 2687 respicis

961 2695 1014 2730 .qni
1035 2696 1061 2722 in
1079 2696 1241 2730 corporibus
1261 2696 1321 2724 sine
1340 2698 1463 2732 corporis
1485 2698 1648 2732 contagione
1671 2698 1758 2725 vitam

969 2740 1117 2774 duxerunt,
1136 2747 1163 2769 et
1195 2749 1310 2776 corpora
1332 2750 1387 2770 non
1418 2743 1545 2776 oderunt,
1571 2743 1636 2777 quin
1662 2744 1757 2779 potius

968 2793 1132 2815 accurarunt
1144 2793 1276 2824 quantum
1291 2790 1423 2824 oportuit;
1436 2796 1457 2816 ον
1468 2789 1569 2817 frustra
1580 2798 1678 2825 corpus
1688 2797 1755 2818 exo-

968 2839 1009 2864 sa,
1026 2834 1263 2869 contentionisque
1278 2842 1355 2862 vana:
1375 2842 1406 2862 ac
1426 2834 1661 2863 'muliiisamans?
1682 2835 1758 2868 Quid

969 2879 1129 2914 nortmagui
1154 2880 1225 2908 illius
1242 2880 1393 2908 recordaris
1411 2881 1544 2916 Apostali;
1563 2882 1654 2918 quiin
1675 2889 1763 2916 pera»
