  <div class='ocr_page' id='page_1' title='image "/cluster/home/n/w/nwhite01/storage/ocr_20150623/150/njp.32101077773180/503.png"; bbox 0 0 1963 3066; ppageno 0'>
   <div class='ocr_carea' id='block_1_1' title="bbox 207 152 274 192">
    <p class='ocr_par' dir='ltr' id='par_1_1' title="bbox 207 152 274 192">
     <span class='ocr_line' id='line_1_1' title="bbox 207 152 274 192; baseline 0 0"><span class='ocrx_word' id='word_1_1' title='bbox 207 152 274 192; x_wconf 51' lang='lat'><strong>979‘</strong></span> 
     </span>
    </p>
   </div>
   <div class='ocr_carea' id='block_1_2' title="bbox 822 159 1192 189">
    <p class='ocr_par' dir='ltr' id='par_1_2' title="bbox 822 159 1192 189">
     <span class='ocr_line' id='line_1_2' title="bbox 822 159 1192 189; baseline 0.003 -1"><span class='ocrx_word' id='word_1_2' title='bbox 822 159 844 189; x_wconf 88' lang='lat' dir='ltr'>G</span> <span class='ocrx_word' id='word_1_3' title='bbox 852 159 1011 189; x_wconf 77' lang='lat' dir='ltr'><strong>REGORI!</strong></span> <span class='ocrx_word' id='word_1_4' title='bbox 1031 160 1076 188; x_wconf 83' lang='lat' dir='ltr'><strong>PA</strong></span> <span class='ocrx_word' id='word_1_5' title='bbox 1082 159 1192 189; x_wconf 54' lang='lat' dir='ltr'><strong>LAMrit</strong></span> 
     </span>
    </p>
   </div>
   <div class='ocr_carea' id='block_1_3' title="bbox 1770 155 1817 188">
    <p class='ocr_par' dir='ltr' id='par_1_3' title="bbox 1770 155 1817 188">
     <span class='ocr_line' id='line_1_3' title="bbox 1770 155 1817 188; baseline 0 0"><span class='ocrx_word' id='word_1_6' title='bbox 1770 155 1817 188; x_wconf 80' lang='lat'><strong>980</strong></span> 
     </span>
    </p>
   </div>
   <div class='ocr_carea' id='block_1_4' title="bbox 210 207 1816 251">
    <p class='ocr_par' dir='ltr' id='par_1_4' title="bbox 210 207 1816 251">
     <span class='ocr_line' id='line_1_4' title="bbox 210 207 1816 251; baseline -0.004 -7"><span class='ocrx_word' id='word_1_7' title='bbox 210 218 299 244; x_wconf 76' lang='lat' dir='ltr'><strong>uisum</strong></span> <span class='ocrx_word' id='word_1_8' title='bbox 315 223 401 251; x_wconf 79' lang='lat' dir='ltr'><strong>usque</strong></span> <span class='ocrx_word' id='word_1_9' title='bbox 413 215 445 243; x_wconf 85' lang='lat' dir='ltr'><strong>ad</strong></span> <span class='ocrx_word' id='word_1_10' title='bbox 462 214 571 242; x_wconf 86' lang='lat' dir='ltr'><strong>tertium</strong></span> <span class='ocrx_word' id='word_1_11' title='bbox 584 214 683 241; x_wconf 81' lang='lat' dir='ltr'><strong>coelum</strong></span> <span class='ocrx_word' id='word_1_12' title='bbox 699 218 794 248; x_wconf 80' lang='lat' dir='ltr'><strong>raptus</strong></span> <span class='ocrx_word' id='word_1_13' title='bbox 806 218 859 246; x_wconf 85' lang='lat' dir='ltr'><strong>est,</strong></span> <span class='ocrx_word' id='word_1_14' title='bbox 871 217 896 240; x_wconf 89' lang='lat' dir='ltr'><strong>ct</strong></span> <span class='ocrx_word' id='word_1_15' title='bbox 908 214 990 240; x_wconf 80' lang='lat' dir='ltr'><strong>verba</strong></span> <span class='ocrx_word' id='word_1_16' title='bbox 1006 216 1030 243; x_wconf 84' lang='grc' dir='ltr'><strong>Α</strong></span> <span class='ocrx_word' id='word_1_17' title='bbox 1043 214 1076 241; x_wconf 87' lang='lat' dir='ltr'><strong>lis</strong></span> <span class='ocrx_word' id='word_1_18' title='bbox 1090 218 1116 241; x_wconf 88' lang='lat' dir='ltr'><strong>et</strong></span> <span class='ocrx_word' id='word_1_19' title='bbox 1133 214 1252 248; x_wconf 80' lang='lat' dir='ltr'><strong>prudens</strong></span> <span class='ocrx_word' id='word_1_20' title='bbox 1265 213 1426 240; x_wconf 74' lang='lat' dir='ltr'><strong>administro</strong></span> <span class='ocrx_word' id='word_1_21' title='bbox 1445 212 1562 241; x_wconf 60' lang='lat' dir='ltr'><strong>familia.</strong></span> <span class='ocrx_word' id='word_1_22' title='bbox 1576 217 1602 239; x_wconf 89' lang='lat' dir='ltr'><strong>ut</strong></span> <span class='ocrx_word' id='word_1_23' title='bbox 1620 207 1676 238; x_wconf 76' lang='lat' dir='ltr'><strong>des</strong></span> <span class='ocrx_word' id='word_1_24' title='bbox 1687 217 1775 238; x_wconf 73' lang='lat' dir='ltr'><strong>eseam</strong></span> <span class='ocrx_word' id='word_1_25' title='bbox 1793 210 1816 237; x_wconf 86' lang='lat' dir='ltr'><strong>in</strong></span> 
     </span>
    </p>
   </div>
   <div class='ocr_carea' id='block_1_5' title="bbox 208 259 989 297">
    <p class='ocr_par' dir='ltr' id='par_1_5' title="bbox 208 259 989 297">
     <span class='ocr_line' id='line_1_5' title="bbox 208 259 989 297; baseline -0.004 -8"><span class='ocrx_word' id='word_1_26' title='bbox 208 269 268 297; x_wconf 68' lang='lat' dir='ltr'><strong>quae</strong></span> <span class='ocrx_word' id='word_1_27' title='bbox 284 269 339 289; x_wconf 89' lang='lat' dir='ltr'><strong>non</strong></span> <span class='ocrx_word' id='word_1_28' title='bbox 358 262 422 289; x_wconf 81' lang='lat' dir='ltr'><strong>licet</strong></span> <span class='ocrx_word' id='word_1_29' title='bbox 439 260 528 295; x_wconf 82' lang='lat' dir='ltr'><strong>eloqui</strong></span> <span class='ocrx_word' id='word_1_30' title='bbox 553 259 709 287; x_wconf 87' lang='lat' dir='ltr'><strong>hominibus</strong></span> <span class='ocrx_word' id='word_1_31' title='bbox 726 259 842 292; x_wconf 75' lang='lat' dir='ltr'><strong>audivit;</strong></span> <span class='ocrx_word' id='word_1_32' title='bbox 857 263 884 286; x_wconf 84' lang='lat' dir='ltr'><strong>ot</strong></span> <span class='ocrx_word' id='word_1_33' title='bbox 897 263 989 286; x_wconf 89' lang='lat' dir='ltr'><strong>tamen</strong></span> 
     </span>
    </p>
   </div>
   <div class='ocr_carea' id='block_1_6' title="bbox 209 305 991 342">
    <p class='ocr_par' dir='ltr' id='par_1_6' title="bbox 209 305 991 342">
     <span class='ocr_line' id='line_1_6' title="bbox 209 305 991 342; baseline -0.005 -9"><span class='ocrx_word' id='word_1_34' title='bbox 209 314 295 342; x_wconf 84' lang='lat' dir='ltr'><strong>usque</strong></span> <span class='ocrx_word' id='word_1_35' title='bbox 312 307 402 334; x_wconf 86' lang='lat' dir='ltr'><strong>denuo</strong></span> <span class='ocrx_word' id='word_1_36' title='bbox 416 312 590 341; x_wconf 78' lang='lat' dir='ltr'><strong>progressus,</strong></span> <span class='ocrx_word' id='word_1_37' title='bbox 607 305 780 332; x_wconf 69' lang='lat' dir='ltr'><strong>contumeliae</strong></span> <span class='ocrx_word' id='word_1_38' title='bbox 796 305 856 331; x_wconf 88' lang='lat' dir='ltr'><strong>loco</strong></span> <span class='ocrx_word' id='word_1_39' title='bbox 872 311 926 331; x_wconf 90' lang='lat' dir='ltr'><strong>non</strong></span> <span class='ocrx_word' id='word_1_40' title='bbox 944 311 991 338; x_wconf 93' lang='lat' dir='ltr'><strong>pu-</strong></span> 
     </span>
    </p>
   </div>
   <div class='ocr_carea' id='block_1_7' title="bbox 208 351 991 386">
    <p class='ocr_par' dir='ltr' id='par_1_7' title="bbox 208 351 991 386">
     <span class='ocr_line' id='line_1_7' title="bbox 208 351 991 386; baseline -0.004 -7"><span class='ocrx_word' id='word_1_41' title='bbox 208 353 284 385; x_wconf 76' lang='lat' dir='ltr'><strong>tavit,</strong></span> <span class='ocrx_word' id='word_1_42' title='bbox 297 353 354 380; x_wconf 84' lang='lat' dir='ltr'><strong>suis</strong></span> <span class='ocrx_word' id='word_1_43' title='bbox 376 352 463 386; x_wconf 82' lang='lat' dir='ltr'><strong>ipsius</strong></span> <span class='ocrx_word' id='word_1_44' title='bbox 489 351 616 378; x_wconf 78' lang='lat' dir='ltr'><strong>manibus</strong></span> <span class='ocrx_word' id='word_1_45' title='bbox 631 351 783 378; x_wconf 81' lang='lat' dir='ltr'><strong>coriaceam</strong></span> <span class='ocrx_word' id='word_1_46' title='bbox 806 354 893 377; x_wconf 85' lang='lat' dir='ltr'><strong>artem</strong></span> <span class='ocrx_word' id='word_1_47' title='bbox 915 356 991 378; x_wconf 83' lang='lat' dir='ltr'><strong>exer-</strong></span> 
     </span>
    </p>
   </div>
   <div class='ocr_carea' id='block_1_8' title="bbox 205 395 991 430">
    <p class='ocr_par' dir='ltr' id='par_1_8' title="bbox 205 395 991 430">
     <span class='ocr_line' id='line_1_8' title="bbox 205 395 991 430; baseline -0.004 -5"><span class='ocrx_word' id='word_1_48' title='bbox 205 405 279 430; x_wconf 83' lang='lat' dir='ltr'><strong>cere,</strong></span> <span class='ocrx_word' id='word_1_49' title='bbox 295 401 322 424; x_wconf 82' lang='lat' dir='ltr'><strong>et</strong></span> <span class='ocrx_word' id='word_1_50' title='bbox 337 397 396 425; x_wconf 81' lang='lat' dir='ltr'><strong>suis</strong></span> <span class='ocrx_word' id='word_1_51' title='bbox 412 404 444 424; x_wconf 85' lang='lat' dir='ltr'><strong>ac</strong></span> <span class='ocrx_word' id='word_1_52' title='bbox 461 397 599 424; x_wconf 86' lang='lat' dir='ltr'><strong>sociorum</strong></span> <span class='ocrx_word' id='word_1_53' title='bbox 615 396 824 423; x_wconf 73' lang='lat' dir='ltr'><strong>necessitatibus</strong></span> <span class='ocrx_word' id='word_1_54' title='bbox 840 395 991 423; x_wconf 84' lang='lat' dir='ltr'><strong>inservien-</strong></span> 
     </span>
    </p>
   </div>
   <div class='ocr_carea' id='block_1_9' title="bbox 205 442 990 479">
    <p class='ocr_par' dir='ltr' id='par_1_9' title="bbox 205 442 990 479">
     <span class='ocr_line' id='line_1_9' title="bbox 205 442 990 479; baseline 0 -9"><span class='ocrx_word' id='word_1_55' title='bbox 205 444 242 470; x_wconf 91' lang='lat' dir='ltr'><strong>do</strong></span> <span class='ocrx_word' id='word_1_56' title='bbox 276 443 431 471; x_wconf 85' lang='lat' dir='ltr'><strong>subvenire.</strong></span> <span class='ocrx_word' id='word_1_57' title='bbox 462 442 592 471; x_wconf 90' lang='lat' dir='ltr'><strong>Oratione</strong></span> <span class='ocrx_word' id='word_1_58' title='bbox 629 444 868 479; x_wconf 76' lang='lat' dir='ltr'><strong>supergrediamur</strong></span> <span class='ocrx_word' id='word_1_59' title='bbox 901 443 990 478; x_wconf 86' lang='lat' dir='ltr'><strong>ipsum</strong></span> 
     </span>
    </p>
   </div>
   <div class='ocr_carea' id='block_1_10' title="bbox 205 485 991 524">
    <p class='ocr_par' dir='ltr' id='par_1_10' title="bbox 205 485 991 524">
     <span class='ocr_line' id='line_1_10' title="bbox 205 485 991 524; baseline -0.001 -8"><span class='ocrx_word' id='word_1_60' title='bbox 205 488 333 522; x_wconf 82' lang='lat' dir='ltr'><strong>Paulum,</strong></span> <span class='ocrx_word' id='word_1_61' title='bbox 348 493 376 516; x_wconf 90' lang='lat' dir='ltr'><strong>et</strong></span> <span class='ocrx_word' id='word_1_62' title='bbox 392 489 452 524; x_wconf 83' lang='lat' dir='ltr'><strong>ejus</strong></span> <span class='ocrx_word' id='word_1_63' title='bbox 466 485 578 516; x_wconf 80' lang='lat' dir='ltr'><strong>tertium</strong></span> <span class='ocrx_word' id='word_1_64' title='bbox 595 488 710 522; x_wconf 73' lang='lat' dir='ltr'><strong>oculum;</strong></span> <span class='ocrx_word' id='word_1_65' title='bbox 725 496 791 516; x_wconf 93' lang='lat' dir='ltr'><strong>num</strong></span> <span class='ocrx_word' id='word_1_66' title='bbox 809 488 880 516; x_wconf 86' lang='lat' dir='ltr'><strong>Deus</strong></span> <span class='ocrx_word' id='word_1_67' title='bbox 896 488 923 515; x_wconf 91' lang='lat' dir='ltr'><strong>in</strong></span> <span class='ocrx_word' id='word_1_68' title='bbox 940 495 991 515; x_wconf 83' lang='lat' dir='ltr'><strong>suo</strong></span> 
     </span>
    </p>
   </div>
   <div class='ocr_carea' id='block_1_11' title="bbox 205 534 990 569">
    <p class='ocr_par' dir='ltr' id='par_1_11' title="bbox 205 534 990 569">
     <span class='ocr_line' id='line_1_11' title="bbox 205 534 990 569; baseline 0 -8"><span class='ocrx_word' id='word_1_69' title='bbox 205 538 278 561; x_wconf 81' lang='lat' dir='ltr'><strong>statu</strong></span> <span class='ocrx_word' id='word_1_70' title='bbox 293 540 400 569; x_wconf 87' lang='lat' dir='ltr'><strong>semper</strong></span> <span class='ocrx_word' id='word_1_71' title='bbox 412 534 568 562; x_wconf 87' lang='lat' dir='ltr'><strong>consistens</strong></span> <span class='ocrx_word' id='word_1_72' title='bbox 583 534 615 561; x_wconf 89' lang='lat' dir='ltr'><strong>ad</strong></span> <span class='ocrx_word' id='word_1_73' title='bbox 630 541 690 562; x_wconf 85' lang='lat' dir='ltr'><strong>sese</strong></span> <span class='ocrx_word' id='word_1_74' title='bbox 702 534 860 567; x_wconf 79' lang='lat' dir='ltr'><strong>reﬂectitur,</strong></span> <span class='ocrx_word' id='word_1_75' title='bbox 871 538 897 562; x_wconf 88' lang='lat' dir='ltr'><strong>et</strong></span> <span class='ocrx_word' id='word_1_76' title='bbox 909 541 990 569; x_wconf 82' lang='lat' dir='ltr'><strong>supra</strong></span> 
     </span>
    </p>
   </div>
   <div class='ocr_carea' id='block_1_12' title="bbox 207 579 990 616">
    <p class='ocr_par' dir='ltr' id='par_1_12' title="bbox 207 579 990 616">
     <span class='ocr_line' id='line_1_12' title="bbox 207 579 990 616; baseline 0 -10"><span class='ocrx_word' id='word_1_77' title='bbox 207 579 277 606; x_wconf 88' lang='lat' dir='ltr'><strong>hanc</strong></span> <span class='ocrx_word' id='word_1_78' title='bbox 289 579 496 616; x_wconf 76' lang='lat' dir='ltr'><strong>universitatem</strong></span> <span class='ocrx_word' id='word_1_79' title='bbox 513 585 622 608; x_wconf 87' lang='lat' dir='ltr'><strong>erectus</strong></span> <span class='ocrx_word' id='word_1_80' title='bbox 638 580 733 608; x_wconf 81' lang='lat' dir='ltr'><strong>sedet?</strong></span> <span class='ocrx_word' id='word_1_81' title='bbox 750 579 887 608; x_wconf 78' lang='lat' dir='ltr'><strong>Utrumne</strong></span> <span class='ocrx_word' id='word_1_82' title='bbox 899 587 990 607; x_wconf 88' lang='lat' dir='ltr'><strong>rerum</strong></span> 
     </span>
    </p>
   </div>
   <div class='ocr_carea' id='block_1_13' title="bbox 206 625 992 660">
    <p class='ocr_par' dir='ltr' id='par_1_13' title="bbox 206 625 992 660">
     <span class='ocr_line' id='line_1_13' title="bbox 206 625 992 660; baseline 0.004 -10"><span class='ocrx_word' id='word_1_83' title='bbox 206 631 266 658; x_wconf 77' lang='lat' dir='ltr'><strong>quae</strong></span> <span class='ocrx_word' id='word_1_84' title='bbox 290 630 351 659; x_wconf 78' lang='lat' dir='ltr'><strong>pest</strong></span> <span class='ocrx_word' id='word_1_85' title='bbox 375 632 438 652; x_wconf 87' lang='lat' dir='ltr'><strong>eum</strong></span> <span class='ocrx_word' id='word_1_86' title='bbox 455 625 597 660; x_wconf 72' lang='lat' dir='ltr'><strong>subiacent</strong></span> <span class='ocrx_word' id='word_1_87' title='bbox 622 626 696 653; x_wconf 86' lang='lat' dir='ltr'><strong>nulla</strong></span> <span class='ocrx_word' id='word_1_88' title='bbox 720 632 795 658; x_wconf 84' lang='lat' dir='ltr'><strong>cura,</strong></span> <span class='ocrx_word' id='word_1_89' title='bbox 811 625 885 653; x_wconf 86' lang='lat' dir='ltr'><strong>nulla</strong></span> <span class='ocrx_word' id='word_1_90' title='bbox 900 626 992 660; x_wconf 87' lang='lat' dir='ltr'><strong>provi-</strong></span> 
     </span>
    </p>
   </div>
   <div class='ocr_carea' id='block_1_14' title="bbox 206 670 990 706">
    <p class='ocr_par' dir='ltr' id='par_1_14' title="bbox 206 670 990 706">
     <span class='ocr_line' id='line_1_14' title="bbox 206 670 990 706; baseline 0.003 -10"><span class='ocrx_word' id='word_1_91' title='bbox 206 670 298 697; x_wconf 83' lang='lat' dir='ltr'><strong>dentia</strong></span> <span class='ocrx_word' id='word_1_92' title='bbox 325 670 455 705; x_wconf 73' lang='lat' dir='ltr'><strong>tangitur,</strong></span> <span class='ocrx_word' id='word_1_93' title='bbox 478 677 568 706; x_wconf 85' lang='lat' dir='ltr'><strong>neque</strong></span> <span class='ocrx_word' id='word_1_94' title='bbox 591 671 673 698; x_wconf 79' lang='lat' dir='ltr'><strong>etiam</strong></span> <span class='ocrx_word' id='word_1_95' title='bbox 706 671 875 699; x_wconf 82' lang='lat' dir='ltr'><strong>infirmarum</strong></span> <span class='ocrx_word' id='word_1_96' title='bbox 900 678 990 698; x_wconf 85' lang='lat' dir='ltr'><strong>rerum</strong></span> 
     </span>
    </p>
   </div>
   <div class='ocr_carea' id='block_1_15' title="bbox 207 716 991 751">
    <p class='ocr_par' dir='ltr' id='par_1_15' title="bbox 207 716 991 751">
     <span class='ocr_line' id='line_1_15' title="bbox 207 716 991 751; baseline 0.003 -9"><span class='ocrx_word' id='word_1_97' title='bbox 207 721 360 744; x_wconf 83' lang='lat' dir='ltr'><strong>nostrarum</strong></span> <span class='ocrx_word' id='word_1_98' title='bbox 374 716 594 751; x_wconf 80' lang='lat' dir='ltr'><strong>procurationem</strong></span> <span class='ocrx_word' id='word_1_99' title='bbox 608 717 709 745; x_wconf 79' lang='lat' dir='ltr'><strong>habet?</strong></span> <span class='ocrx_word' id='word_1_100' title='bbox 725 724 759 744; x_wconf 85' lang='lat' dir='ltr'><strong>an</strong></span> <span class='ocrx_word' id='word_1_101' title='bbox 777 724 844 745; x_wconf 89' lang='lat' dir='ltr'><strong>vero</strong></span> <span class='ocrx_word' id='word_1_102' title='bbox 858 723 991 744; x_wconf 78' lang='lat' dir='ltr'><strong>accuratis</strong></span> 
     </span>
    </p>
   </div>
   <div class='ocr_carea' id='block_1_16' title="bbox 207 761 990 797">
    <p class='ocr_par' dir='ltr' id='par_1_16' title="bbox 207 761 990 797">
     <span class='ocr_line' id='line_1_16' title="bbox 207 761 990 797; baseline 0.001 -9"><span class='ocrx_word' id='word_1_103' title='bbox 207 761 391 796; x_wconf 68' lang='lat' dir='ltr'><strong>providenter,</strong></span> <span class='ocrx_word' id='word_1_104' title='bbox 408 763 446 790; x_wconf 77' lang='lat' dir='ltr'><strong>de</strong></span> <span class='ocrx_word' id='word_1_105' title='bbox 456 770 506 789; x_wconf 86' lang='lat' dir='ltr'><strong>sua</strong></span> <span class='ocrx_word' id='word_1_106' title='bbox 527 763 611 797; x_wconf 79' lang='lat' dir='ltr'><strong>ipsius</strong></span> <span class='ocrx_word' id='word_1_107' title='bbox 624 763 660 790; x_wconf 93' lang='lat' dir='ltr'><strong>ob</strong></span> <span class='ocrx_word' id='word_1_108' title='bbox 675 763 701 790; x_wconf 87' lang='lat' dir='ltr'><strong>id</strong></span> <span class='ocrx_word' id='word_1_109' title='bbox 721 762 852 796; x_wconf 65' lang='lat' dir='ltr'><strong>dignitate</strong></span> <span class='ocrx_word' id='word_1_110' title='bbox 867 767 895 790; x_wconf 91' lang='lat' dir='ltr'><strong>et</strong></span> <span class='ocrx_word' id='word_1_111' title='bbox 907 762 990 796; x_wconf 75' lang='lat' dir='ltr'><strong>gloria</strong></span> 
     </span>
    </p>
   </div>
   <div class='ocr_carea' id='block_1_17' title="bbox 207 807 990 844">
    <p class='ocr_par' dir='ltr' id='par_1_17' title="bbox 207 807 990 844">
     <span class='ocr_line' id='line_1_17' title="bbox 207 807 990 844; baseline -0.001 -9"><span class='ocrx_word' id='word_1_112' title='bbox 207 808 354 843; x_wconf 78' lang='lat' dir='ltr'><strong>quidquam</strong></span> <span class='ocrx_word' id='word_1_113' title='bbox 382 809 486 842; x_wconf 70' lang='lat' dir='ltr'><strong>mittit!</strong></span> <span class='ocrx_word' id='word_1_114' title='bbox 511 809 636 842; x_wconf 83' lang='lat' dir='ltr'><strong>Quonam</strong></span> <span class='ocrx_word' id='word_1_115' title='bbox 664 809 746 844; x_wconf 73' lang='lat' dir='ltr'><strong>igitur</strong></span> <span class='ocrx_word' id='word_1_116' title='bbox 774 810 854 836; x_wconf 89' lang='lat' dir='ltr'><strong>modo</strong></span> <span class='ocrx_word' id='word_1_117' title='bbox 882 807 990 843; x_wconf 83' lang='lat' dir='ltr'><strong>cerpon‘</strong></span> 
     </span>
    </p>
   </div>
   <div class='ocr_carea' id='block_1_18' title="bbox 207 852 988 890">
    <p class='ocr_par' dir='ltr' id='par_1_18' title="bbox 207 852 988 890">
     <span class='ocr_line' id='line_1_18' title="bbox 207 852 988 890; baseline 0 -10"><span class='ocrx_word' id='word_1_118' title='bbox 207 853 349 888; x_wconf 66' lang='lat' dir='ltr'><strong>coniugata</strong></span> <span class='ocrx_word' id='word_1_119' title='bbox 359 858 439 881; x_wconf 83' lang='lat' dir='ltr'><strong>mens</strong></span> <span class='ocrx_word' id='word_1_120' title='bbox 451 860 543 881; x_wconf 85' lang='lat' dir='ltr'><strong>curam</strong></span> <span class='ocrx_word' id='word_1_121' title='bbox 557 852 693 889; x_wconf 79' lang='lat' dir='ltr'><strong>congenili</strong></span> <span class='ocrx_word' id='word_1_122' title='bbox 702 855 838 890; x_wconf 82' lang='lat' dir='ltr'><strong>corporis,</strong></span> <span class='ocrx_word' id='word_1_123' title='bbox 852 853 988 890; x_wconf 73' lang='lat' dir='ltr'><strong>indignum</strong></span> 
     </span>
    </p>
   </div>
   <div class='ocr_carea' id='block_1_19' title="bbox 208 898 991 934">
    <p class='ocr_par' dir='ltr' id='par_1_19' title="bbox 208 898 991 934">
     <span class='ocr_line' id='line_1_19' title="bbox 208 898 991 934; baseline 0.003 -9"><span class='ocrx_word' id='word_1_124' title='bbox 208 905 237 925; x_wconf 83' lang='lat' dir='ltr'><strong>se</strong></span> <span class='ocrx_word' id='word_1_125' title='bbox 254 899 375 926; x_wconf 80' lang='lat' dir='ltr'><strong>studium</strong></span> <span class='ocrx_word' id='word_1_126' title='bbox 389 903 510 934; x_wconf 76' lang='lat' dir='ltr'><strong>reputat,</strong></span> <span class='ocrx_word' id='word_1_127' title='bbox 523 904 553 926; x_wconf 86' lang='lat' dir='ltr'><strong>et</strong></span> <span class='ocrx_word' id='word_1_128' title='bbox 572 900 644 927; x_wconf 83' lang='lat' dir='ltr'><strong>hanc</strong></span> <span class='ocrx_word' id='word_1_129' title='bbox 657 900 741 927; x_wconf 87' lang='lat' dir='ltr'><strong>rebus</strong></span> <span class='ocrx_word' id='word_1_130' title='bbox 755 900 881 927; x_wconf 83' lang='lat' dir='ltr'><strong>secundis</strong></span> <span class='ocrx_word' id='word_1_131' title='bbox 901 898 991 934; x_wconf 85' lang='lat' dir='ltr'><strong>provi-</strong></span> 
     </span>
    </p>
   </div>
   <div class='ocr_carea' id='block_1_20' title="bbox 208 945 989 980">
    <p class='ocr_par' dir='ltr' id='par_1_20' title="bbox 208 945 989 980">
     <span class='ocr_line' id='line_1_20' title="bbox 208 945 989 980; baseline 0.001 -9"><span class='ocrx_word' id='word_1_132' title='bbox 208 945 315 972; x_wconf 78' lang='lat' dir='ltr'><strong>dentem</strong></span> <span class='ocrx_word' id='word_1_133' title='bbox 330 945 469 972; x_wconf 81' lang='lat' dir='ltr'><strong>solertiam</strong></span> <span class='ocrx_word' id='word_1_134' title='bbox 480 946 616 980; x_wconf 79' lang='lat' dir='ltr'><strong>repudiat,</strong></span> <span class='ocrx_word' id='word_1_135' title='bbox 632 953 712 980; x_wconf 81' lang='lat' dir='ltr'><strong>supra</strong></span> <span class='ocrx_word' id='word_1_136' title='bbox 728 953 777 973; x_wconf 87' lang='lat' dir='ltr'><strong>vos</strong></span> <span class='ocrx_word' id='word_1_137' title='bbox 791 945 906 973; x_wconf 72' lang='lat' dir='ltr'><strong>eﬂerens</strong></span> <span class='ocrx_word' id='word_1_138' title='bbox 918 951 989 977; x_wconf 83' lang='lat' dir='ltr'><strong>sese,</strong></span> 
     </span>
    </p>
   </div>
   <div class='ocr_carea' id='block_1_21' title="bbox 209 991 993 1027">
    <p class='ocr_par' dir='ltr' id='par_1_21' title="bbox 209 991 993 1027">
     <span class='ocr_line' id='line_1_21' title="bbox 209 991 993 1027; baseline 0.004 -11"><span class='ocrx_word' id='word_1_139' title='bbox 209 996 327 1024; x_wconf 81' lang='lat' dir='ltr'><strong>quorum</strong></span> <span class='ocrx_word' id='word_1_140' title='bbox 347 991 498 1019; x_wconf 86' lang='lat' dir='ltr'><strong>etiamnum</strong></span> <span class='ocrx_word' id='word_1_141' title='bbox 522 992 595 1019; x_wconf 81' lang='lat' dir='ltr'><strong>humi</strong></span> <span class='ocrx_word' id='word_1_142' title='bbox 619 993 798 1027; x_wconf 60' lang='lat' dir='ltr'><strong>gradientium</strong></span> <span class='ocrx_word' id='word_1_143' title='bbox 820 992 993 1020; x_wconf 78' lang='lat' dir='ltr'><strong>conversatio</strong></span> 
     </span>
    </p>
   </div>
   <div class='ocr_carea' id='block_1_22' title="bbox 209 1037 1003 1072">
    <p class='ocr_par' dir='ltr' id='par_1_22' title="bbox 209 1037 1003 1072">
     <span class='ocr_line' id='line_1_22' title="bbox 209 1037 1003 1072; baseline 0.003 -10"><span class='ocrx_word' id='word_1_144' title='bbox 209 1037 238 1062; x_wconf 88' lang='lat' dir='ltr'><strong>in</strong></span> <span class='ocrx_word' id='word_1_145' title='bbox 261 1037 337 1064; x_wconf 76' lang='lat' dir='ltr'><strong>caelis</strong></span> <span class='ocrx_word' id='word_1_146' title='bbox 355 1037 417 1064; x_wconf 70' lang='lat' dir='ltr'><strong>est?</strong></span> <span class='ocrx_word' id='word_1_147' title='bbox 435 1042 516 1072; x_wconf 84' lang='lat' dir='ltr'><strong>supra</strong></span> <span class='ocrx_word' id='word_1_148' title='bbox 538 1038 594 1071; x_wconf 72' lang='lat' dir='ltr'><strong>jam</strong></span> <span class='ocrx_word' id='word_1_149' title='bbox 616 1038 714 1065; x_wconf 72' lang='lat' dir='ltr'><strong>coelum</strong></span> <span class='ocrx_word' id='word_1_150' title='bbox 733 1038 893 1072; x_wconf 79' lang='lat' dir='ltr'><strong>corporibus</strong></span> <span class='ocrx_word' id='word_1_151' title='bbox 909 1037 1003 1072; x_wconf 72' lang='lat' dir='ltr'><strong>appe-&#39;</strong></span> 
     </span>
    </p>
   </div>
   <div class='ocr_carea' id='block_1_23' title="bbox 209 1083 992 1118">
    <p class='ocr_par' dir='ltr' id='par_1_23' title="bbox 209 1083 992 1118">
     <span class='ocr_line' id='line_1_23' title="bbox 209 1083 992 1118; baseline 0 -10"><span class='ocrx_word' id='word_1_152' title='bbox 209 1087 298 1109; x_wconf 78' lang='lat' dir='ltr'><strong>tentes</strong></span> <span class='ocrx_word' id='word_1_153' title='bbox 321 1083 480 1117; x_wconf 83' lang='lat' dir='ltr'><strong>apostolos:</strong></span> <span class='ocrx_word' id='word_1_154' title='bbox 498 1090 579 1117; x_wconf 81' lang='lat' dir='ltr'><strong>supra</strong></span> <span class='ocrx_word' id='word_1_155' title='bbox 601 1084 731 1111; x_wconf 81' lang='lat' dir='ltr'><strong>bonitatis</strong></span> <span class='ocrx_word' id='word_1_156' title='bbox 748 1084 834 1118; x_wconf 82' lang='lat' dir='ltr'><strong>ipsius</strong></span> <span class='ocrx_word' id='word_1_157' title='bbox 855 1083 992 1118; x_wconf 80' lang='lat' dir='ltr'><strong>exemplar</strong></span> 
     </span>
    </p>
   </div>
   <div class='ocr_carea' id='block_1_24' title="bbox 209 1127 993 1163">
    <p class='ocr_par' dir='ltr' id='par_1_24' title="bbox 209 1127 993 1163">
     <span class='ocr_line' id='line_1_24' title="bbox 209 1127 993 1163; baseline 0.004 -11"><span class='ocrx_word' id='word_1_158' title='bbox 209 1127 284 1158; x_wconf 76' lang='lat' dir='ltr'><strong>itiud,</strong></span> <span class='ocrx_word' id='word_1_159' title='bbox 299 1127 373 1161; x_wconf 87' lang='lat' dir='ltr'><strong>quod</strong></span> <span class='ocrx_word' id='word_1_160' title='bbox 393 1128 466 1154; x_wconf 90' lang='lat' dir='ltr'><strong>omni</strong></span> <span class='ocrx_word' id='word_1_161' title='bbox 489 1128 565 1155; x_wconf 82' lang='lat' dir='ltr'><strong>carni</strong></span> <span class='ocrx_word' id='word_1_162' title='bbox 587 1128 702 1163; x_wconf 75' lang='lat' dir='ltr'><strong>largitur</strong></span> <span class='ocrx_word' id='word_1_163' title='bbox 720 1129 900 1156; x_wconf 90' lang='lat' dir='ltr'><strong>alimentum:</strong></span> <span class='ocrx_word' id='word_1_164' title='bbox 915 1127 993 1162; x_wconf 78' lang='lat' dir='ltr'><strong>cujus</strong></span> 
     </span>
    </p>
   </div>
   <div class='ocr_carea' id='block_1_25' title="bbox 209 1172 991 1209">
    <p class='ocr_par' dir='ltr' id='par_1_25' title="bbox 209 1172 991 1209">
     <span class='ocr_line' id='line_1_25' title="bbox 209 1172 991 1209; baseline 0.004 -12"><span class='ocrx_word' id='word_1_165' title='bbox 209 1179 242 1198; x_wconf 77' lang='lat' dir='ltr'><strong>ex</strong></span> <span class='ocrx_word' id='word_1_166' title='bbox 256 1172 434 1200; x_wconf 77' lang='lat' dir='ltr'><strong>similitudine</strong></span> <span class='ocrx_word' id='word_1_167' title='bbox 452 1173 621 1201; x_wconf 82' lang='lat' dir='ltr'><strong>nobilitatem</strong></span> <span class='ocrx_word' id='word_1_168' title='bbox 643 1175 785 1209; x_wconf 70' lang='lat' dir='ltr'><strong>magniﬁce</strong></span> <span class='ocrx_word' id='word_1_169' title='bbox 799 1175 916 1208; x_wconf 65' lang='lat' dir='ltr'><strong>iactans,</strong></span> <span class='ocrx_word' id='word_1_170' title='bbox 938 1181 991 1200; x_wconf 89' lang='lat' dir='ltr'><strong>non</strong></span> 
     </span>
    </p>
   </div>
   <div class='ocr_carea' id='block_1_26' title="bbox 209 1216 992 1254">
    <p class='ocr_par' dir='ltr' id='par_1_26' title="bbox 209 1216 992 1254">
     <span class='ocr_line' id='line_1_26' title="bbox 209 1216 992 1254; baseline 0.003 -10"><span class='ocrx_word' id='word_1_171' title='bbox 209 1216 336 1244; x_wconf 79' lang='lat' dir='ltr'><strong>similiter</strong></span> <span class='ocrx_word' id='word_1_172' title='bbox 350 1218 383 1245; x_wconf 86' lang='lat' dir='ltr'><strong>ad</strong></span> <span class='ocrx_word' id='word_1_173' title='bbox 401 1218 561 1246; x_wconf 82' lang='lat' dir='ltr'><strong>inferiorum</strong></span> <span class='ocrx_word' id='word_1_174' title='bbox 570 1219 702 1254; x_wconf 77' lang='lat' dir='ltr'><strong>dignitate</strong></span> <span class='ocrx_word' id='word_1_175' title='bbox 715 1220 911 1254; x_wconf 79' lang='lat' dir='ltr'><strong>providentiam</strong></span> <span class='ocrx_word' id='word_1_176' title='bbox 925 1227 992 1246; x_wconf 58' lang='lat' dir='ltr'><strong>con.</strong></span> 
     </span>
    </p>
   </div>
   <div class='ocr_carea' id='block_1_27' title="bbox 211 1265 992 1301">
    <p class='ocr_par' dir='ltr' id='par_1_27' title="bbox 211 1265 992 1301">
     <span class='ocr_line' id='line_1_27' title="bbox 211 1265 992 1301; baseline 0.004 -12"><span class='ocrx_word' id='word_1_177' title='bbox 211 1265 340 1296; x_wconf 76' lang='lat' dir='ltr'><strong>vertitur;</strong></span> <span class='ocrx_word' id='word_1_178' title='bbox 353 1270 380 1291; x_wconf 89' lang='lat' dir='ltr'><strong>et</strong></span> <span class='ocrx_word' id='word_1_179' title='bbox 394 1270 485 1292; x_wconf 87' lang='lat' dir='ltr'><strong>tamen</strong></span> <span class='ocrx_word' id='word_1_180' title='bbox 498 1272 636 1292; x_wconf 81' lang='lat' dir='ltr'><strong>summum</strong></span> <span class='ocrx_word' id='word_1_181' title='bbox 651 1266 716 1293; x_wconf 90' lang='lat' dir='ltr'><strong>illud</strong></span> <span class='ocrx_word' id='word_1_182' title='bbox 733 1266 832 1293; x_wconf 85' lang='lat' dir='ltr'><strong>bonum</strong></span> <span class='ocrx_word' id='word_1_183' title='bbox 849 1266 992 1301; x_wconf 78' lang='lat' dir='ltr'><strong>plusquam</strong></span> 
     </span>
    </p>
   </div>
   <div class='ocr_carea' id='block_1_28' title="bbox 210 1309 993 1345">
    <p class='ocr_par' dir='ltr' id='par_1_28' title="bbox 210 1309 993 1345">
     <span class='ocr_line' id='line_1_28' title="bbox 210 1309 993 1345; baseline 0.005 -11"><span class='ocrx_word' id='word_1_184' title='bbox 210 1309 320 1342; x_wconf 88' lang='lat' dir='ltr'><strong>plenum</strong></span> <span class='ocrx_word' id='word_1_185' title='bbox 338 1314 364 1336; x_wconf 90' lang='lat' dir='ltr'><strong>et</strong></span> <span class='ocrx_word' id='word_1_186' title='bbox 390 1311 491 1337; x_wconf 89' lang='lat' dir='ltr'><strong>nullius</strong></span> <span class='ocrx_word' id='word_1_187' title='bbox 511 1311 623 1338; x_wconf 83' lang='lat' dir='ltr'><strong>omnino</strong></span> <span class='ocrx_word' id='word_1_188' title='bbox 644 1311 780 1345; x_wconf 78' lang='lat' dir='ltr'><strong>indigens,</strong></span> <span class='ocrx_word' id='word_1_189' title='bbox 804 1312 905 1338; x_wconf 86' lang='lat' dir='ltr'><strong>nullius</strong></span> <span class='ocrx_word' id='word_1_190' title='bbox 924 1319 993 1345; x_wconf 86' lang='lat' dir='ltr'><strong>opus</strong></span> 
     </span>
    </p>
   </div>
   <div class='ocr_carea' id='block_1_29' title="bbox 211 1354 992 1390">
    <p class='ocr_par' dir='ltr' id='par_1_29' title="bbox 211 1354 992 1390">
     <span class='ocr_line' id='line_1_29' title="bbox 211 1354 992 1390; baseline 0.004 -10"><span class='ocrx_word' id='word_1_191' title='bbox 211 1361 324 1387; x_wconf 81' lang='lat' dir='ltr'><strong>usquam</strong></span> <span class='ocrx_word' id='word_1_192' title='bbox 349 1354 431 1382; x_wconf 81' lang='lat' dir='ltr'><strong>habet</strong></span> <span class='ocrx_word' id='word_1_193' title='bbox 448 1362 542 1382; x_wconf 91' lang='lat' dir='ltr'><strong>eorum</strong></span> <span class='ocrx_word' id='word_1_194' title='bbox 569 1356 670 1390; x_wconf 84' lang='lat' dir='ltr'><strong>quibus</strong></span> <span class='ocrx_word' id='word_1_195' title='bbox 686 1356 829 1390; x_wconf 74' lang='lat' dir='ltr'><strong>providet:</strong></span> <span class='ocrx_word' id='word_1_196' title='bbox 851 1356 907 1383; x_wconf 77' lang='lat' dir='ltr'><strong>h&#39;ee</strong></span> <span class='ocrx_word' id='word_1_197' title='bbox 929 1363 992 1384; x_wconf 78' lang='lat' dir='ltr'><strong>vero</strong></span> 
     </span>
    </p>
   </div>
   <div class='ocr_carea' id='block_1_30' title="bbox 210 1401 991 1436">
    <p class='ocr_par' dir='ltr' id='par_1_30' title="bbox 210 1401 991 1436">
     <span class='ocr_line' id='line_1_30' title="bbox 210 1401 991 1436; baseline 0.001 -9"><span class='ocrx_word' id='word_1_198' title='bbox 210 1406 397 1434; x_wconf 57' lang='lat' dir='ltr'><strong>meantem</strong></span> <span class='ocrx_word' id='word_1_199' title='bbox 411 1408 453 1427; x_wconf 88' lang='lat' dir='ltr'><strong>tne</strong></span> <span class='ocrx_word' id='word_1_200' title='bbox 474 1406 501 1427; x_wconf 84' lang='lat' dir='ltr'><strong>et</strong></span> <span class='ocrx_word' id='word_1_201' title='bbox 523 1408 552 1428; x_wconf 93' lang='lat' dir='ltr'><strong>ut</strong></span> <span class='ocrx_word' id='word_1_202' title='bbox 570 1402 750 1429; x_wconf 81' lang='lat' dir='ltr'><strong>instrumento</strong></span> <span class='ocrx_word' id='word_1_203' title='bbox 772 1401 896 1429; x_wconf 71' lang='lat' dir='ltr'><strong>famulari</strong></span> <span class='ocrx_word' id='word_1_204' title='bbox 921 1407 991 1436; x_wconf 77' lang='lat' dir='ltr'><strong>eget,</strong></span> 
     </span>
    </p>
   </div>
   <div class='ocr_carea' id='block_1_31' title="bbox 212 1445 993 1482">
    <p class='ocr_par' dir='ltr' id='par_1_31' title="bbox 212 1445 993 1482">
     <span class='ocr_line' id='line_1_31' title="bbox 212 1445 993 1482; baseline 0.003 -11"><span class='ocrx_word' id='word_1_205' title='bbox 212 1450 238 1471; x_wconf 83' lang='lat' dir='ltr'><strong>et</strong></span> <span class='ocrx_word' id='word_1_206' title='bbox 255 1449 283 1471; x_wconf 90' lang='lat' dir='ltr'><strong>ut</strong></span> <span class='ocrx_word' id='word_1_207' title='bbox 301 1445 446 1479; x_wconf 73' lang='lat' dir='ltr'><strong>adjuv::nte</strong></span> <span class='ocrx_word' id='word_1_208' title='bbox 470 1453 553 1474; x_wconf 83' lang='lat' dir='ltr'><strong>causa</strong></span> <span class='ocrx_word' id='word_1_209' title='bbox 572 1454 606 1474; x_wconf 84' lang='lat' dir='ltr'><strong>ac</strong></span> <span class='ocrx_word' id='word_1_210' title='bbox 626 1447 804 1479; x_wconf 85' lang='lat' dir='ltr'><strong>adminiculo,</strong></span> <span class='ocrx_word' id='word_1_211' title='bbox 820 1453 847 1474; x_wconf 91' lang='lat' dir='ltr'><strong>et</strong></span> <span class='ocrx_word' id='word_1_212' title='bbox 869 1455 922 1482; x_wconf 86' lang='lat' dir='ltr'><strong>quo</strong></span> <span class='ocrx_word' id='word_1_213' title='bbox 945 1447 993 1474; x_wconf 83' lang='lat' dir='ltr'><strong>ab-</strong></span> 
     </span>
    </p>
   </div>
   <div class='ocr_carea' id='block_1_32' title="bbox 210 1491 846 1527">
    <p class='ocr_par' dir='ltr' id='par_1_32' title="bbox 210 1491 846 1527">
     <span class='ocr_line' id='line_1_32' title="bbox 210 1491 846 1527; baseline 0.005 -11"><span class='ocrx_word' id='word_1_214' title='bbox 210 1496 286 1516; x_wconf 82' lang='lat' dir='ltr'><strong>sente</strong></span> <span class='ocrx_word' id='word_1_215' title='bbox 303 1491 369 1517; x_wconf 85' lang='lat' dir='ltr'><strong>nihil</strong></span> <span class='ocrx_word' id='word_1_216' title='bbox 384 1499 544 1526; x_wconf 78' lang='lat' dir='ltr'><strong>generosum</strong></span> <span class='ocrx_word' id='word_1_217' title='bbox 565 1493 590 1519; x_wconf 90' lang='lat' dir='ltr'><strong>in</strong></span> <span class='ocrx_word' id='word_1_218' title='bbox 605 1493 699 1526; x_wconf 81' lang='lat' dir='ltr'><strong>primis</strong></span> <span class='ocrx_word' id='word_1_219' title='bbox 716 1493 846 1527; x_wconf 84' lang='lat' dir='ltr'><strong>perficiet.</strong></span> 
     </span>
    </p>
   </div>
   <div class='ocr_carea' id='block_1_33' title="bbox 249 1535 1028 1587">
    <p class='ocr_par' dir='ltr' id='par_1_33' title="bbox 249 1535 1028 1587">
     <span class='ocr_line' id='line_1_33' title="bbox 249 1535 1028 1587; baseline 0.005 -25"><span class='ocrx_word' id='word_1_220' title='bbox 249 1535 300 1562; x_wconf 76' lang='lat' dir='ltr'><strong>Sed</strong></span> <span class='ocrx_word' id='word_1_221' title='bbox 317 1536 443 1564; x_wconf 80' lang='lat' dir='ltr'><strong>fortassis</strong></span> <span class='ocrx_word' id='word_1_222' title='bbox 465 1537 498 1564; x_wconf 87' lang='lat' dir='ltr'><strong>ab</strong></span> <span class='ocrx_word' id='word_1_223' title='bbox 517 1538 560 1564; x_wconf 90' lang='lat' dir='ltr'><strong>bis</strong></span> <span class='ocrx_word' id='word_1_224' title='bbox 576 1538 724 1565; x_wconf 82' lang='lat' dir='ltr'><strong>rationibus</strong></span> <span class='ocrx_word' id='word_1_225' title='bbox 743 1545 877 1572; x_wconf 85' lang='lat' dir='ltr'><strong>repressa,</strong></span> <span class='ocrx_word' id='word_1_226' title='bbox 893 1545 922 1565; x_wconf 88' lang='lat' dir='ltr'><strong>se</strong></span> <span class='ocrx_word' id='word_1_227' title='bbox 937 1545 991 1567; x_wconf 87' lang='lat' dir='ltr'><strong>non</strong></span> <span class='ocrx_word' id='word_1_228' title='bbox 1007 1557 1028 1587; x_wconf 62' lang='grc' dir='ltr'><strong>Ο</strong></span> 
     </span>
    </p>
   </div>
   <div class='ocr_carea' id='block_1_34' title="bbox 211 1581 993 1617">
    <p class='ocr_par' dir='ltr' id='par_1_34' title="bbox 211 1581 993 1617">
     <span class='ocr_line' id='line_1_34' title="bbox 211 1581 993 1617; baseline 0.004 -10"><span class='ocrx_word' id='word_1_229' title='bbox 211 1581 339 1613; x_wconf 87' lang='lat' dir='ltr'><strong>injuriam</strong></span> <span class='ocrx_word' id='word_1_230' title='bbox 353 1581 425 1608; x_wconf 85' lang='lat' dir='ltr'><strong>dicet</strong></span> <span class='ocrx_word' id='word_1_231' title='bbox 447 1589 480 1609; x_wconf 81' lang='lat' dir='ltr'><strong>cx</strong></span> <span class='ocrx_word' id='word_1_232' title='bbox 499 1583 717 1610; x_wconf 84' lang='lat' dir='ltr'><strong>necessariarum</strong></span> <span class='ocrx_word' id='word_1_233' title='bbox 736 1583 803 1610; x_wconf 90' lang='lat' dir='ltr'><strong>mihi</strong></span> <span class='ocrx_word' id='word_1_234' title='bbox 822 1591 912 1610; x_wconf 86' lang='lat' dir='ltr'><strong>rerum</strong></span> <span class='ocrx_word' id='word_1_235' title='bbox 928 1591 993 1617; x_wconf 88' lang='lat' dir='ltr'><strong>sup-</strong></span> 
     </span>
    </p>
   </div>
   <div class='ocr_carea' id='block_1_35' title="bbox 210 1626 994 1663">
    <p class='ocr_par' dir='ltr' id='par_1_35' title="bbox 210 1626 994 1663">
     <span class='ocr_line' id='line_1_35' title="bbox 210 1626 994 1663; baseline 0.006 -12"><span class='ocrx_word' id='word_1_236' title='bbox 210 1626 376 1659; x_wconf 83' lang='lat' dir='ltr'><strong>peditatione</strong></span> <span class='ocrx_word' id='word_1_237' title='bbox 388 1634 508 1661; x_wconf 82' lang='lat' dir='ltr'><strong>passam.</strong></span> <span class='ocrx_word' id='word_1_238' title='bbox 526 1627 572 1655; x_wconf 87' lang='lat' dir='ltr'><strong>sed</strong></span> <span class='ocrx_word' id='word_1_239' title='bbox 593 1628 665 1662; x_wconf 80' lang='lat' dir='ltr'><strong>quod</strong></span> <span class='ocrx_word' id='word_1_240' title='bbox 680 1628 760 1662; x_wconf 78' lang='lat' dir='ltr'><strong>longe</strong></span> <span class='ocrx_word' id='word_1_241' title='bbox 776 1635 857 1663; x_wconf 89' lang='lat' dir='ltr'><strong>supra</strong></span> <span class='ocrx_word' id='word_1_242' title='bbox 873 1629 994 1656; x_wconf 85' lang='lat' dir='ltr'><strong>necessi-</strong></span> 
     </span>
    </p>
   </div>
   <div class='ocr_carea' id='block_1_36' title="bbox 210 1673 992 1708">
    <p class='ocr_par' dir='ltr' id='par_1_36' title="bbox 210 1673 992 1708">
     <span class='ocr_line' id='line_1_36' title="bbox 210 1673 992 1708; baseline 0.004 -11"><span class='ocrx_word' id='word_1_243' title='bbox 210 1675 294 1698; x_wconf 80' lang='lat' dir='ltr'><strong>tatem</strong></span> <span class='ocrx_word' id='word_1_244' title='bbox 309 1677 335 1698; x_wconf 88' lang='lat' dir='ltr'><strong>et</strong></span> <span class='ocrx_word' id='word_1_245' title='bbox 349 1680 427 1699; x_wconf 86' lang='lat' dir='ltr'><strong>usum</strong></span> <span class='ocrx_word' id='word_1_246' title='bbox 444 1673 541 1706; x_wconf 87' lang='lat' dir='ltr'><strong>partim</strong></span> <span class='ocrx_word' id='word_1_247' title='bbox 559 1673 704 1700; x_wconf 71' lang='lat' dir='ltr'><strong>insatiabili</strong></span> <span class='ocrx_word' id='word_1_248' title='bbox 719 1673 877 1708; x_wconf 71' lang='lat' dir='ltr'><strong>cupiditate,</strong></span> <span class='ocrx_word' id='word_1_249' title='bbox 895 1676 992 1707; x_wconf 88' lang='lat' dir='ltr'><strong>partim</strong></span> 
     </span>
    </p>
   </div>
   <div class='ocr_carea' id='block_1_37' title="bbox 210 1717 1013 1753">
    <p class='ocr_par' dir='ltr' id='par_1_37' title="bbox 210 1717 1013 1753">
     <span class='ocr_line' id='line_1_37' title="bbox 210 1717 1013 1753; baseline 0.005 -11"><span class='ocrx_word' id='word_1_250' title='bbox 210 1717 358 1750; x_wconf 68' lang='lat' dir='ltr'><strong>voluptatis</strong></span> <span class='ocrx_word' id='word_1_251' title='bbox 376 1717 502 1745; x_wconf 85' lang='lat' dir='ltr'><strong>aviditate</strong></span> <span class='ocrx_word' id='word_1_252' title='bbox 518 1725 703 1753; x_wconf 81' lang='lat' dir='ltr'><strong>progressum,</strong></span> <span class='ocrx_word' id='word_1_253' title='bbox 722 1719 791 1746; x_wconf 86' lang='lat' dir='ltr'><strong>hanc</strong></span> <span class='ocrx_word' id='word_1_254' title='bbox 808 1727 914 1746; x_wconf 78' lang='lat' dir='ltr'><strong>meeum</strong></span> <span class='ocrx_word' id='word_1_255' title='bbox 930 1728 993 1747; x_wconf 83' lang='lat' dir='ltr'><strong>cor-</strong></span> <span class='ocrx_word' id='word_1_256' title='bbox 1008 1741 1013 1746; x_wconf 90' lang='lat'>.</span> 
     </span>
    </p>
   </div>
   <div class='ocr_carea' id='block_1_38' title="bbox 211 1763 994 1799">
    <p class='ocr_par' dir='ltr' id='par_1_38' title="bbox 211 1763 994 1799">
     <span class='ocr_line' id='line_1_38' title="bbox 211 1763 994 1799; baseline 0.005 -10"><span class='ocrx_word' id='word_1_257' title='bbox 211 1764 320 1797; x_wconf 83' lang='lat' dir='ltr'><strong>ripiam,</strong></span> <span class='ocrx_word' id='word_1_258' title='bbox 333 1768 359 1790; x_wconf 86' lang='lat' dir='ltr'><strong>ct</strong></span> <span class='ocrx_word' id='word_1_259' title='bbox 373 1763 484 1791; x_wconf 91' lang='lat' dir='ltr'><strong>invitam</strong></span> <span class='ocrx_word' id='word_1_260' title='bbox 499 1765 681 1799; x_wconf 55' lang='lat' dir='ltr'><strong>praecipitem;</strong></span> <span class='ocrx_word' id='word_1_261' title='bbox 695 1765 747 1792; x_wconf 89' lang='lat' dir='ltr'><strong>hoc</strong></span> <span class='ocrx_word' id='word_1_262' title='bbox 761 1765 835 1792; x_wconf 87' lang='lat' dir='ltr'><strong>enim</strong></span> <span class='ocrx_word' id='word_1_263' title='bbox 850 1766 906 1794; x_wconf 84' lang='lat' dir='ltr'><strong>fere</strong></span> <span class='ocrx_word' id='word_1_264' title='bbox 921 1767 994 1794; x_wconf 55' lang='lat' dir='ltr'><strong>dite</strong></span> 
     </span>
    </p>
   </div>
   <div class='ocr_carea' id='block_1_39' title="bbox 212 1809 994 1846">
    <p class='ocr_par' dir='ltr' id='par_1_39' title="bbox 212 1809 994 1846">
     <span class='ocr_line' id='line_1_39' title="bbox 212 1809 994 1846; baseline 0.004 -11"><span class='ocrx_word' id='word_1_265' title='bbox 212 1810 265 1839; x_wconf 85' lang='lat' dir='ltr'><strong>bat,</strong></span> <span class='ocrx_word' id='word_1_266' title='bbox 283 1810 392 1843; x_wconf 76' lang='lat' dir='ltr'><strong>quando</strong></span> <span class='ocrx_word' id='word_1_267' title='bbox 408 1817 438 1837; x_wconf 88' lang='lat' dir='ltr'><strong>se</strong></span> <span class='ocrx_word' id='word_1_268' title='bbox 454 1809 636 1844; x_wconf 75' lang='lat' dir='ltr'><strong>voluptatibus</strong></span> <span class='ocrx_word' id='word_1_269' title='bbox 652 1810 779 1838; x_wconf 85' lang='lat' dir='ltr'><strong>absurdis</strong></span> <span class='ocrx_word' id='word_1_270' title='bbox 795 1811 954 1846; x_wconf 82' lang='lat' dir='ltr'><strong>tuancipari,</strong></span> <span class='ocrx_word' id='word_1_271' title='bbox 968 1817 994 1840; x_wconf 88' lang='lat' dir='ltr'><strong>et</strong></span> 
     </span>
    </p>
   </div>
   <div class='ocr_carea' id='block_1_40' title="bbox 211 1853 994 1889">
    <p class='ocr_par' dir='ltr' id='par_1_40' title="bbox 211 1853 994 1889">
     <span class='ocr_line' id='line_1_40' title="bbox 211 1853 994 1889; baseline 0.004 -8"><span class='ocrx_word' id='word_1_272' title='bbox 211 1854 280 1881; x_wconf 74' lang='lat' dir='ltr'><strong>sucis</strong></span> <span class='ocrx_word' id='word_1_273' title='bbox 290 1853 377 1888; x_wconf 81' lang='lat' dir='ltr'><strong>decipi</strong></span> <span class='ocrx_word' id='word_1_274' title='bbox 391 1855 536 1889; x_wconf 69' lang='lat' dir='ltr'><strong>praestigiis</strong></span> <span class='ocrx_word' id='word_1_275' title='bbox 549 1856 733 1883; x_wconf 81' lang='lat' dir='ltr'><strong>asseverabat.</strong></span> <span class='ocrx_word' id='word_1_276' title='bbox 749 1855 777 1882; x_wconf 87' lang='lat' dir='ltr'><strong>1d</strong></span> <span class='ocrx_word' id='word_1_277' title='bbox 795 1864 858 1884; x_wconf 88' lang='lat' dir='ltr'><strong>vero</strong></span> <span class='ocrx_word' id='word_1_278' title='bbox 875 1857 994 1885; x_wconf 81' lang='lat' dir='ltr'><strong>refutare</strong></span> 
     </span>
    </p>
   </div>
   <div class='ocr_carea' id='block_1_41' title="bbox 210 1900 994 1934">
    <p class='ocr_par' dir='ltr' id='par_1_41' title="bbox 210 1900 994 1934">
     <span class='ocr_line' id='line_1_41' title="bbox 210 1900 994 1934; baseline 0.005 -8"><span class='ocrx_word' id='word_1_279' title='bbox 210 1906 319 1934; x_wconf 72' lang='lat' dir='ltr'><strong>quoque</strong></span> <span class='ocrx_word' id='word_1_280' title='bbox 346 1900 424 1927; x_wconf 85' lang='lat' dir='ltr'><strong>facile</strong></span> <span class='ocrx_word' id='word_1_281' title='bbox 446 1905 501 1932; x_wconf 82' lang='lat' dir='ltr'><strong>est,</strong></span> <span class='ocrx_word' id='word_1_282' title='bbox 519 1908 551 1928; x_wconf 85' lang='lat' dir='ltr'><strong>ac</strong></span> <span class='ocrx_word' id='word_1_283' title='bbox 573 1902 670 1930; x_wconf 87' lang='lat' dir='ltr'><strong>docere</strong></span> <span class='ocrx_word' id='word_1_284' title='bbox 693 1902 818 1930; x_wconf 73' lang='lat' dir='ltr'><strong>audaxne</strong></span> <span class='ocrx_word' id='word_1_285' title='bbox 843 1903 949 1931; x_wconf 86' lang='lat' dir='ltr'><strong>facinus</strong></span> <span class='ocrx_word' id='word_1_286' title='bbox 967 1908 994 1930; x_wconf 88' lang='lat' dir='ltr'><strong>et</strong></span> 
     </span>
    </p>
   </div>
   <div class='ocr_carea' id='block_1_42' title="bbox 210 1946 993 1980">
    <p class='ocr_par' dir='ltr' id='par_1_42' title="bbox 210 1946 993 1980">
     <span class='ocr_line' id='line_1_42' title="bbox 210 1946 993 1980; baseline 0.006 -9"><span class='ocrx_word' id='word_1_287' title='bbox 210 1946 383 1973; x_wconf 83' lang='lat' dir='ltr'><strong>temerarium</strong></span> <span class='ocrx_word' id='word_1_288' title='bbox 408 1947 453 1979; x_wconf 86' lang='lat' dir='ltr'><strong>sit,</strong></span> <span class='ocrx_word' id='word_1_289' title='bbox 481 1947 517 1974; x_wconf 86' lang='lat' dir='ltr'><strong>ita</strong></span> <span class='ocrx_word' id='word_1_290' title='bbox 541 1947 599 1974; x_wconf 79' lang='lat' dir='ltr'><strong>sive</strong></span> <span class='ocrx_word' id='word_1_291' title='bbox 625 1947 709 1980; x_wconf 79' lang='lat' dir='ltr'><strong>fastu,</strong></span> <span class='ocrx_word' id='word_1_292' title='bbox 732 1948 789 1975; x_wconf 87' lang='lat' dir='ltr'><strong>sive</strong></span> <span class='ocrx_word' id='word_1_293' title='bbox 809 1948 993 1977; x_wconf 84' lang='lat' dir='ltr'><strong>contendendi</strong></span> 
     </span>
    </p>
   </div>
   <div class='ocr_carea' id='block_1_43' title="bbox 209 1991 993 2029">
    <p class='ocr_par' dir='ltr' id='par_1_43' title="bbox 209 1991 993 2029">
     <span class='ocr_line' id='line_1_43' title="bbox 209 1991 993 2029; baseline 0.003 -11"><span class='ocrx_word' id='word_1_294' title='bbox 209 1991 302 2019; x_wconf 82' lang='lat' dir='ltr'><strong>studio</strong></span> <span class='ocrx_word' id='word_1_295' title='bbox 325 1992 479 2026; x_wconf 84' lang='lat' dir='ltr'><strong>incitatam,</strong></span> <span class='ocrx_word' id='word_1_296' title='bbox 492 2000 524 2020; x_wconf 87' lang='lat' dir='ltr'><strong>ea</strong></span> <span class='ocrx_word' id='word_1_297' title='bbox 550 1994 576 2019; x_wconf 91' lang='lat' dir='ltr'><strong>in</strong></span> <span class='ocrx_word' id='word_1_298' title='bbox 597 2000 641 2020; x_wconf 88' lang='lat' dir='ltr'><strong>me</strong></span> <span class='ocrx_word' id='word_1_299' title='bbox 664 2001 794 2021; x_wconf 82' lang='lat' dir='ltr'><strong>accusare</strong></span> <span class='ocrx_word' id='word_1_300' title='bbox 821 2002 851 2022; x_wconf 88' lang='lat' dir='ltr'><strong>se</strong></span> <span class='ocrx_word' id='word_1_301' title='bbox 877 1995 993 2029; x_wconf 83' lang='lat' dir='ltr'><strong>nescire,</strong></span> 
     </span>
    </p>
   </div>
   <div class='ocr_carea' id='block_1_44' title="bbox 209 2038 992 2075">
    <p class='ocr_par' dir='ltr' id='par_1_44' title="bbox 209 2038 992 2075">
     <span class='ocr_line' id='line_1_44' title="bbox 209 2038 992 2075; baseline 0.005 -11"><span class='ocrx_word' id='word_1_302' title='bbox 209 2045 324 2072; x_wconf 87' lang='lat' dir='ltr'><strong>quorum</strong></span> <span class='ocrx_word' id='word_1_303' title='bbox 338 2038 396 2072; x_wconf 88' lang='lat' dir='ltr'><strong>ipsa</strong></span> <span class='ocrx_word' id='word_1_304' title='bbox 414 2046 458 2066; x_wconf 90' lang='lat' dir='ltr'><strong>rea</strong></span> <span class='ocrx_word' id='word_1_305' title='bbox 473 2039 519 2071; x_wconf 89' lang='lat' dir='ltr'><strong>sit,</strong></span> <span class='ocrx_word' id='word_1_306' title='bbox 530 2047 592 2066; x_wconf 90' lang='lat' dir='ltr'><strong>eum</strong></span> <span class='ocrx_word' id='word_1_307' title='bbox 606 2039 771 2073; x_wconf 84' lang='lat' dir='ltr'><strong>oportuisset</strong></span> <span class='ocrx_word' id='word_1_308' title='bbox 782 2039 902 2075; x_wconf 73' lang='lat' dir='ltr'><strong>integere</strong></span> <span class='ocrx_word' id='word_1_309' title='bbox 916 2041 973 2068; x_wconf 67' lang='lat' dir='ltr'><strong>haec</strong></span> <span class='ocrx_word' id='word_1_310' title='bbox 985 2050 992 2068; x_wconf 91' lang='lat'>:</span> 
     </span>
    </p>
   </div>
   <div class='ocr_carea' id='block_1_45' title="bbox 210 2083 992 2121">
    <p class='ocr_par' dir='ltr' id='par_1_45' title="bbox 210 2083 992 2121">
     <span class='ocr_line' id='line_1_45' title="bbox 210 2083 992 2121; baseline 0.005 -11"><span class='ocrx_word' id='word_1_311' title='bbox 210 2083 256 2110; x_wconf 78' lang='lat' dir='ltr'><strong>sed</strong></span> <span class='ocrx_word' id='word_1_312' title='bbox 269 2083 321 2110; x_wconf 85' lang='lat' dir='ltr'><strong>infa</strong></span> <span class='ocrx_word' id='word_1_313' title='bbox 327 2089 416 2112; x_wconf 87' lang='lat' dir='ltr'><strong>ustum</strong></span> <span class='ocrx_word' id='word_1_314' title='bbox 430 2085 497 2111; x_wconf 86' lang='lat' dir='ltr'><strong>nihil</strong></span> <span class='ocrx_word' id='word_1_315' title='bbox 508 2085 608 2117; x_wconf 76' lang='lat' dir='ltr'><strong>dicam,</strong></span> <span class='ocrx_word' id='word_1_316' title='bbox 618 2086 797 2113; x_wconf 84' lang='lat' dir='ltr'><strong>admiratione</strong></span> <span class='ocrx_word' id='word_1_317' title='bbox 808 2092 870 2113; x_wconf 87' lang='lat' dir='ltr'><strong>vero</strong></span> <span class='ocrx_word' id='word_1_318' title='bbox 881 2087 992 2121; x_wconf 72' lang='lat' dir='ltr'><strong>dignum</strong></span> 
     </span>
    </p>
   </div>
   <div class='ocr_carea' id='block_1_46' title="bbox 210 2130 991 2166">
    <p class='ocr_par' dir='ltr' id='par_1_46' title="bbox 210 2130 991 2166">
     <span class='ocr_line' id='line_1_46' title="bbox 210 2130 991 2166; baseline 0.005 -10"><span class='ocrx_word' id='word_1_319' title='bbox 210 2133 260 2158; x_wconf 77' lang='lat' dir='ltr'><strong>est.</strong></span> <span class='ocrx_word' id='word_1_320' title='bbox 272 2131 318 2164; x_wconf 90' lang='lat' dir='ltr'><strong>qui</strong></span> <span class='ocrx_word' id='word_1_321' title='bbox 339 2130 384 2157; x_wconf 85' lang='lat' dir='ltr'><strong>liat</strong></span> <span class='ocrx_word' id='word_1_322' title='bbox 402 2137 431 2158; x_wconf 88' lang='lat' dir='ltr'><strong>ut</strong></span> <span class='ocrx_word' id='word_1_323' title='bbox 451 2131 502 2158; x_wconf 89' lang='lat' dir='ltr'><strong>sibi</strong></span> <span class='ocrx_word' id='word_1_324' title='bbox 522 2132 660 2158; x_wconf 85' lang='lat' dir='ltr'><strong>contraria</strong></span> <span class='ocrx_word' id='word_1_325' title='bbox 677 2132 804 2166; x_wconf 83' lang='lat' dir='ltr'><strong>loquatur</strong></span> <span class='ocrx_word' id='word_1_326' title='bbox 821 2132 991 2166; x_wconf 84' lang='lat' dir='ltr'><strong>imprudens.</strong></span> 
     </span>
    </p>
   </div>
   <div class='ocr_carea' id='block_1_47' title="bbox 210 2174 992 2211">
    <p class='ocr_par' dir='ltr' id='par_1_47' title="bbox 210 2174 992 2211">
     <span class='ocr_line' id='line_1_47' title="bbox 210 2174 992 2211; baseline 0.005 -9"><span class='ocrx_word' id='word_1_327' title='bbox 210 2174 344 2210; x_wconf 70' lang='lat' dir='ltr'><strong>Nnntquitl</strong></span> <span class='ocrx_word' id='word_1_328' title='bbox 363 2184 415 2203; x_wconf 91' lang='lat' dir='ltr'><strong>non</strong></span> <span class='ocrx_word' id='word_1_329' title='bbox 434 2184 545 2204; x_wconf 84' lang='lat' dir='ltr'><strong>sursum</strong></span> <span class='ocrx_word' id='word_1_330' title='bbox 557 2177 685 2205; x_wconf 86' lang='lat' dir='ltr'><strong>deorsum</strong></span> <span class='ocrx_word' id='word_1_331' title='bbox 703 2185 816 2205; x_wconf 84' lang='lat' dir='ltr'><strong>versans</strong></span> <span class='ocrx_word' id='word_1_332' title='bbox 831 2179 992 2211; x_wconf 86' lang='lat' dir='ltr'><strong>orationem,</strong></span> 
     </span>
    </p>
   </div>
   <div class='ocr_carea' id='block_1_48' title="bbox 209 2220 1032 2259">
    <p class='ocr_par' dir='ltr' id='par_1_48' title="bbox 209 2220 1032 2259">
     <span class='ocr_line' id='line_1_48' title="bbox 209 2220 1032 2259; baseline 0.002 -11"><span class='ocrx_word' id='word_1_333' title='bbox 209 2222 311 2253; x_wconf 80' lang='lat' dir='ltr'><strong>Christi</strong></span> <span class='ocrx_word' id='word_1_334' title='bbox 327 2223 422 2255; x_wconf 83' lang='lat' dir='ltr'><strong>famuli</strong></span> <span class='ocrx_word' id='word_1_335' title='bbox 435 2223 555 2257; x_wconf 85' lang='lat' dir='ltr'><strong>judices,</strong></span> <span class='ocrx_word' id='word_1_336' title='bbox 572 2224 730 2258; x_wconf 84' lang='lat' dir='ltr'><strong>primariam</strong></span> <span class='ocrx_word' id='word_1_337' title='bbox 745 2224 902 2259; x_wconf 76' lang='lat' dir='ltr'><strong>dignitatem</strong></span> <span class='ocrx_word' id='word_1_338' title='bbox 923 2232 992 2259; x_wconf 71' lang='lat' dir='ltr'><strong>prat-</strong></span> <span class='ocrx_word' id='word_1_339' title='bbox 1005 2220 1032 2250; x_wconf 85' lang='lat' dir='ltr'><strong>D</strong></span> 
     </span>
    </p>
   </div>
   <div class='ocr_carea' id='block_1_49' title="bbox 210 2267 994 2305">
    <p class='ocr_par' dir='ltr' id='par_1_49' title="bbox 210 2267 994 2305">
     <span class='ocr_line' id='line_1_49' title="bbox 210 2267 994 2305; baseline 0.006 -12"><span class='ocrx_word' id='word_1_340' title='bbox 210 2267 346 2299; x_wconf 83' lang='lat' dir='ltr'><strong>tendebat,</strong></span> <span class='ocrx_word' id='word_1_341' title='bbox 361 2269 432 2302; x_wconf 81' lang='lat' dir='ltr'><strong>quod</strong></span> <span class='ocrx_word' id='word_1_342' title='bbox 451 2270 539 2304; x_wconf 76' lang='lat' dir='ltr'><strong>imago</strong></span> <span class='ocrx_word' id='word_1_343' title='bbox 560 2270 652 2297; x_wconf 87' lang='lat' dir='ltr'><strong>divina</strong></span> <span class='ocrx_word' id='word_1_344' title='bbox 677 2275 759 2305; x_wconf 88' lang='lat' dir='ltr'><strong>atque</strong></span> <span class='ocrx_word' id='word_1_345' title='bbox 782 2271 866 2297; x_wconf 88' lang='lat' dir='ltr'><strong>totius</strong></span> <span class='ocrx_word' id='word_1_346' title='bbox 887 2271 994 2298; x_wconf 81' lang='lat' dir='ltr'><strong>ratione</strong></span> 
     </span>
    </p>
   </div>
   <div class='ocr_carea' id='block_1_50' title="bbox 215 2313 996 2350">
    <p class='ocr_par' dir='ltr' id='par_1_50' title="bbox 215 2313 996 2350">
     <span class='ocr_line' id='line_1_50' title="bbox 215 2313 996 2350; baseline 0.006 -11"><span class='ocrx_word' id='word_1_347' title='bbox 215 2313 334 2345; x_wconf 79' lang='lat' dir='ltr'><strong>carentis</strong></span> <span class='ocrx_word' id='word_1_348' title='bbox 348 2319 452 2344; x_wconf 69' lang='lat' dir='ltr'><strong>naturae</strong></span> <span class='ocrx_word' id='word_1_349' title='bbox 473 2315 564 2349; x_wconf 68' lang='lat' dir='ltr'><strong>regina</strong></span> <span class='ocrx_word' id='word_1_350' title='bbox 577 2320 661 2350; x_wconf 83' lang='lat' dir='ltr'><strong>esset,</strong></span> <span class='ocrx_word' id='word_1_351' title='bbox 678 2324 709 2343; x_wconf 83' lang='lat' dir='ltr'><strong>ac</strong></span> <span class='ocrx_word' id='word_1_352' title='bbox 731 2324 774 2343; x_wconf 86' lang='lat' dir='ltr'><strong>tne</strong></span> <span class='ocrx_word' id='word_1_353' title='bbox 800 2315 943 2348; x_wconf 82' lang='lat' dir='ltr'><strong>famulum,</strong></span> <span class='ocrx_word' id='word_1_354' title='bbox 965 2324 996 2344; x_wconf 82' lang='lat' dir='ltr'><strong>se</strong></span> 
     </span>
    </p>
   </div>
   <div class='ocr_carea' id='block_1_51' title="bbox 218 2360 997 2395">
    <p class='ocr_par' dir='ltr' id='par_1_51' title="bbox 218 2360 997 2395">
     <span class='ocr_line' id='line_1_51' title="bbox 218 2360 997 2395; baseline 0.004 -9"><span class='ocrx_word' id='word_1_355' title='bbox 218 2360 354 2387; x_wconf 82' lang='lat' dir='ltr'><strong>dominam</strong></span> <span class='ocrx_word' id='word_1_356' title='bbox 370 2361 558 2394; x_wconf 82' lang='lat' dir='ltr'><strong>nuncupabat?</strong></span> <span class='ocrx_word' id='word_1_357' title='bbox 576 2360 699 2393; x_wconf 84' lang='lat' dir='ltr'><strong>Quonam</strong></span> <span class='ocrx_word' id='word_1_358' title='bbox 724 2362 806 2395; x_wconf 70' lang='lat' dir='ltr'><strong>igitur</strong></span> <span class='ocrx_word' id='word_1_359' title='bbox 821 2362 902 2390; x_wconf 86' lang='lat' dir='ltr'><strong>modo</strong></span> <span class='ocrx_word' id='word_1_360' title='bbox 915 2363 997 2389; x_wconf 67' lang='lat' dir='ltr'><strong>tiere-~</strong></span> 
     </span>
    </p>
   </div>
   <div class='ocr_carea' id='block_1_52' title="bbox 215 2405 997 2443">
    <p class='ocr_par' dir='ltr' id='par_1_52' title="bbox 215 2405 997 2443">
     <span class='ocr_line' id='line_1_52' title="bbox 215 2405 997 2443; baseline 0.003 -11"><span class='ocrx_word' id='word_1_361' title='bbox 215 2409 293 2440; x_wconf 76' lang='lat' dir='ltr'><strong>petite</strong></span> <span class='ocrx_word' id='word_1_362' title='bbox 308 2405 379 2433; x_wconf 84' lang='lat' dir='ltr'><strong>facta</strong></span> <span class='ocrx_word' id='word_1_363' title='bbox 396 2407 559 2438; x_wconf 85' lang='lat' dir='ltr'><strong>mutatione.</strong></span> <span class='ocrx_word' id='word_1_364' title='bbox 573 2414 681 2435; x_wconf 85' lang='lat' dir='ltr'><strong>sursum</strong></span> <span class='ocrx_word' id='word_1_365' title='bbox 696 2415 790 2436; x_wconf 88' lang='lat' dir='ltr'><strong>versus</strong></span> <span class='ocrx_word' id='word_1_366' title='bbox 806 2408 916 2435; x_wconf 80' lang='lat' dir='ltr'><strong>liuutina</strong></span> <span class='ocrx_word' id='word_1_367' title='bbox 934 2416 997 2443; x_wconf 86' lang='lat' dir='ltr'><strong>pro-</strong></span> 
     </span>
    </p>
   </div>
   <div class='ocr_carea' id='block_1_53' title="bbox 211 2451 996 2483">
    <p class='ocr_par' dir='ltr' id='par_1_53' title="bbox 211 2451 996 2483">
     <span class='ocr_line' id='line_1_53' title="bbox 211 2451 996 2483; baseline 0.003 -5"><span class='ocrx_word' id='word_1_368' title='bbox 211 2451 311 2479; x_wconf 88' lang='lat' dir='ltr'><strong>cedunt</strong></span> <span class='ocrx_word' id='word_1_369' title='bbox 341 2451 441 2483; x_wconf 87' lang='lat' dir='ltr'><strong>fontes,</strong></span> <span class='ocrx_word' id='word_1_370' title='bbox 469 2459 500 2478; x_wconf 88' lang='lat' dir='ltr'><strong>ac</strong></span> <span class='ocrx_word' id='word_1_371' title='bbox 527 2452 670 2479; x_wconf 86' lang='lat' dir='ltr'><strong>ostendere</strong></span> <span class='ocrx_word' id='word_1_372' title='bbox 702 2457 816 2479; x_wconf 85' lang='lat' dir='ltr'><strong>conatur</strong></span> <span class='ocrx_word' id='word_1_373' title='bbox 843 2460 887 2479; x_wconf 90' lang='lat' dir='ltr'><strong>me</strong></span> <span class='ocrx_word' id='word_1_374' title='bbox 910 2452 996 2480; x_wconf 82' lang='lat' dir='ltr'><strong>veluti</strong></span> 
     </span>
    </p>
   </div>
   <div class='ocr_carea' id='block_1_54' title="bbox 211 2496 997 2532">
    <p class='ocr_par' dir='ltr' id='par_1_54' title="bbox 211 2496 997 2532">
     <span class='ocr_line' id='line_1_54' title="bbox 211 2496 997 2532; baseline 0.003 -8"><span class='ocrx_word' id='word_1_375' title='bbox 211 2496 310 2525; x_wconf 82' lang='lat' dir='ltr'><strong>ducere</strong></span> <span class='ocrx_word' id='word_1_376' title='bbox 325 2505 356 2525; x_wconf 79' lang='lat' dir='ltr'><strong>ac</strong></span> <span class='ocrx_word' id='word_1_377' title='bbox 378 2497 582 2524; x_wconf 84' lang='lat' dir='ltr'><strong>circumducere</strong></span> <span class='ocrx_word' id='word_1_378' title='bbox 607 2497 791 2532; x_wconf 81' lang='lat' dir='ltr'><strong>imperiosius,</strong></span> <span class='ocrx_word' id='word_1_379' title='bbox 812 2504 842 2526; x_wconf 83' lang='lat' dir='ltr'><strong>se</strong></span> <span class='ocrx_word' id='word_1_380' title='bbox 857 2501 948 2525; x_wconf 87' lang='lat' dir='ltr'><strong>autem</strong></span> <span class='ocrx_word' id='word_1_381' title='bbox 966 2503 997 2526; x_wconf 91' lang='lat' dir='ltr'><strong>ut</strong></span> 
     </span>
    </p>
   </div>
   <div class='ocr_carea' id='block_1_55' title="bbox 212 2542 997 2577">
    <p class='ocr_par' dir='ltr' id='par_1_55' title="bbox 212 2542 997 2577">
     <span class='ocr_line' id='line_1_55' title="bbox 212 2542 997 2577; baseline 0 -7"><span class='ocrx_word' id='word_1_382' title='bbox 212 2543 378 2577; x_wconf 84' lang='lat' dir='ltr'><strong>mancipium</strong></span> <span class='ocrx_word' id='word_1_383' title='bbox 396 2542 438 2576; x_wconf 73' lang='lat' dir='ltr'><strong>agi</strong></span> <span class='ocrx_word' id='word_1_384' title='bbox 463 2542 596 2576; x_wconf 83' lang='lat' dir='ltr'><strong>ferrique!</strong></span> <span class='ocrx_word' id='word_1_385' title='bbox 615 2548 641 2570; x_wconf 89' lang='lat' dir='ltr'><strong>et</strong></span> <span class='ocrx_word' id='word_1_386' title='bbox 657 2543 786 2577; x_wconf 87' lang='lat' dir='ltr'><strong>quidquid</strong></span> <span class='ocrx_word' id='word_1_387' title='bbox 798 2543 920 2571; x_wconf 89' lang='lat' dir='ltr'><strong>criminis</strong></span> <span class='ocrx_word' id='word_1_388' title='bbox 936 2552 997 2571; x_wconf 86' lang='lat' dir='ltr'><strong>atu-</strong></span> 
     </span>
    </p>
   </div>
   <div class='ocr_carea' id='block_1_56' title="bbox 211 2586 994 2622">
    <p class='ocr_par' dir='ltr' id='par_1_56' title="bbox 211 2586 994 2622">
     <span class='ocr_line' id='line_1_56' title="bbox 211 2586 994 2622; baseline -0.003 -5"><span class='ocrx_word' id='word_1_389' title='bbox 211 2586 300 2617; x_wconf 78' lang='lat' dir='ltr'><strong>bobus</strong></span> <span class='ocrx_word' id='word_1_390' title='bbox 319 2587 496 2622; x_wconf 84' lang='lat' dir='ltr'><strong>delinquitur,</strong></span> <span class='ocrx_word' id='word_1_391' title='bbox 510 2587 536 2614; x_wconf 87' lang='lat' dir='ltr'><strong>id</strong></span> <span class='ocrx_word' id='word_1_392' title='bbox 557 2587 590 2614; x_wconf 87' lang='lat' dir='ltr'><strong>ad</strong></span> <span class='ocrx_word' id='word_1_393' title='bbox 609 2595 651 2614; x_wconf 89' lang='lat' dir='ltr'><strong>me</strong></span> <span class='ocrx_word' id='word_1_394' title='bbox 665 2592 694 2615; x_wconf 90' lang='lat' dir='ltr'><strong>ut</strong></span> <span class='ocrx_word' id='word_1_395' title='bbox 717 2594 856 2616; x_wconf 85' lang='lat' dir='ltr'><strong>auctorem</strong></span> <span class='ocrx_word' id='word_1_396' title='bbox 878 2589 994 2622; x_wconf 88' lang='lat' dir='ltr'><strong>primum</strong></span> 
     </span>
    </p>
   </div>
   <div class='ocr_carea' id='block_1_57' title="bbox 212 2632 996 2668">
    <p class='ocr_par' dir='ltr' id='par_1_57' title="bbox 212 2632 996 2668">
     <span class='ocr_line' id='line_1_57' title="bbox 212 2632 996 2668; baseline 0.003 -8"><span class='ocrx_word' id='word_1_397' title='bbox 212 2633 318 2668; x_wconf 68' lang='lat' dir='ltr'><strong>reiicit?</strong></span> <span class='ocrx_word' id='word_1_398' title='bbox 341 2632 418 2665; x_wconf 83' lang='lat' dir='ltr'><strong>Quod</strong></span> <span class='ocrx_word' id='word_1_399' title='bbox 440 2632 461 2659; x_wconf 90' lang='lat' dir='ltr'><strong>si</strong></span> <span class='ocrx_word' id='word_1_400' title='bbox 479 2633 538 2667; x_wconf 90' lang='lat' dir='ltr'><strong>ipsa</strong></span> <span class='ocrx_word' id='word_1_401' title='bbox 560 2633 685 2667; x_wconf 87' lang='lat' dir='ltr'><strong>imperat,</strong></span> <span class='ocrx_word' id='word_1_402' title='bbox 708 2641 756 2668; x_wconf 81' lang='lat' dir='ltr'><strong>ego</strong></span> <span class='ocrx_word' id='word_1_403' title='bbox 779 2641 871 2668; x_wconf 81' lang='lat' dir='ltr'><strong>pareo,</strong></span> <span class='ocrx_word' id='word_1_404' title='bbox 887 2638 996 2667; x_wconf 70' lang='lat' dir='ltr'><strong>quantae</strong></span> 
     </span>
    </p>
   </div>
   <div class='ocr_carea' id='block_1_58' title="bbox 211 2678 994 2714">
    <p class='ocr_par' dir='ltr' id='par_1_58' title="bbox 211 2678 994 2714">
     <span class='ocr_line' id='line_1_58' title="bbox 211 2678 994 2714; baseline -0.003 -7"><span class='ocrx_word' id='word_1_405' title='bbox 211 2679 387 2714; x_wconf 56' lang='lat' dir='ltr'><strong>impudentiae</strong></span> <span class='ocrx_word' id='word_1_406' title='bbox 406 2683 447 2705; x_wconf 83' lang='lat' dir='ltr'><strong>est</strong></span> <span class='ocrx_word' id='word_1_407' title='bbox 470 2678 548 2705; x_wconf 88' lang='lat' dir='ltr'><strong>alteri</strong></span> <span class='ocrx_word' id='word_1_408' title='bbox 557 2679 605 2705; x_wconf 69' lang='grc' dir='ltr'>,ειιὶ</span> <span class='ocrx_word' id='word_1_409' title='bbox 630 2678 720 2705; x_wconf 81' lang='lat' dir='ltr'><strong>delicti</strong></span> <span class='ocrx_word' id='word_1_410' title='bbox 736 2683 764 2705; x_wconf 89' lang='lat' dir='ltr'><strong>et</strong></span> <span class='ocrx_word' id='word_1_411' title='bbox 784 2678 886 2712; x_wconf 81' lang='lat' dir='ltr'><strong>peccati</strong></span> <span class='ocrx_word' id='word_1_412' title='bbox 904 2685 994 2705; x_wconf 87' lang='lat' dir='ltr'><strong>notam</strong></span> 
     </span>
    </p>
   </div>
   <div class='ocr_carea' id='block_1_59' title="bbox 211 2723 996 2758">
    <p class='ocr_par' dir='ltr' id='par_1_59' title="bbox 211 2723 996 2758">
     <span class='ocr_line' id='line_1_59' title="bbox 211 2723 996 2758; baseline -0.005 -4"><span class='ocrx_word' id='word_1_413' title='bbox 211 2726 339 2754; x_wconf 78' lang='lat' dir='ltr'><strong>inurere?</strong></span> <span class='ocrx_word' id='word_1_414' title='bbox 361 2725 475 2757; x_wconf 75' lang='lat' dir='ltr'><strong>Roganti</strong></span> <span class='ocrx_word' id='word_1_415' title='bbox 492 2724 564 2750; x_wconf 89' lang='lat' dir='ltr'><strong>enim</strong></span> <span class='ocrx_word' id='word_1_416' title='bbox 580 2724 644 2751; x_wconf 86' lang='lat' dir='ltr'><strong>mihi</strong></span> <span class='ocrx_word' id='word_1_417' title='bbox 661 2723 805 2757; x_wconf 82' lang='lat' dir='ltr'><strong>responde.</strong></span> <span class='ocrx_word' id='word_1_418' title='bbox 817 2731 832 2750; x_wconf 88' lang='grc' dir='ltr'>ο</span> <span class='ocrx_word' id='word_1_419' title='bbox 849 2725 996 2758; x_wconf 87' lang='lat' dir='ltr'><strong>reprehen-</strong></span> 
     </span>
    </p>
   </div>
   <div class='ocr_carea' id='block_1_60' title="bbox 211 2769 997 2805">
    <p class='ocr_par' dir='ltr' id='par_1_60' title="bbox 211 2769 997 2805">
     <span class='ocr_line' id='line_1_60' title="bbox 211 2769 997 2805; baseline -0.004 -5"><span class='ocrx_word' id='word_1_420' title='bbox 211 2771 291 2800; x_wconf 84' lang='lat' dir='ltr'><strong>dendi</strong></span> <span class='ocrx_word' id='word_1_421' title='bbox 304 2775 331 2798; x_wconf 89' lang='lat' dir='ltr'><strong>et</strong></span> <span class='ocrx_word' id='word_1_422' title='bbox 347 2770 493 2798; x_wconf 84' lang='lat' dir='ltr'><strong>accusandi</strong></span> <span class='ocrx_word' id='word_1_423' title='bbox 508 2770 620 2797; x_wconf 83' lang='lat' dir='ltr'><strong>libidine</strong></span> <span class='ocrx_word' id='word_1_424' title='bbox 632 2769 760 2805; x_wconf 73' lang='lat' dir='ltr'><strong>flagrans,</strong></span> <span class='ocrx_word' id='word_1_425' title='bbox 775 2774 840 2797; x_wconf 91' lang='lat' dir='ltr'><strong>tunc</strong></span> <span class='ocrx_word' id='word_1_426' title='bbox 855 2778 870 2796; x_wconf 86' lang='lat' dir='ltr'><strong>a</strong></span> <span class='ocrx_word' id='word_1_427' title='bbox 885 2770 997 2803; x_wconf 85' lang='lat' dir='ltr'><strong>domino</strong></span> 
     </span>
    </p>
   </div>
   <div class='ocr_carea' id='block_1_61' title="bbox 213 2816 997 2850">
    <p class='ocr_par' dir='ltr' id='par_1_61' title="bbox 213 2816 997 2850">
     <span class='ocr_line' id='line_1_61' title="bbox 213 2816 997 2850; baseline 0.001 -8"><span class='ocrx_word' id='word_1_428' title='bbox 213 2816 359 2844; x_wconf 68' lang='lat' dir='ltr'><strong>constituta</strong></span> <span class='ocrx_word' id='word_1_429' title='bbox 372 2823 402 2843; x_wconf 86' lang='lat' dir='ltr'><strong>es</strong></span> <span class='ocrx_word' id='word_1_430' title='bbox 417 2823 477 2850; x_wconf 62' lang='lat' dir='ltr'><strong>quae</strong></span> <span class='ocrx_word' id='word_1_431' title='bbox 498 2822 631 2846; x_wconf 84' lang='lat' dir='ltr'><strong>conservo</strong></span> <span class='ocrx_word' id='word_1_432' title='bbox 649 2819 772 2843; x_wconf 88' lang='lat' dir='ltr'><strong>tnutuum</strong></span> <span class='ocrx_word' id='word_1_433' title='bbox 791 2819 904 2850; x_wconf 76' lang='lat' dir='ltr'><strong>praestes</strong></span> <span class='ocrx_word' id='word_1_434' title='bbox 918 2816 997 2843; x_wconf 85' lang='lat' dir='ltr'><strong>obse-</strong></span> 
     </span>
    </p>
   </div>
   <div class='ocr_carea' id='block_1_62' title="bbox 213 2859 997 2895">
    <p class='ocr_par' dir='ltr' id='par_1_62' title="bbox 213 2859 997 2895">
     <span class='ocr_line' id='line_1_62' title="bbox 213 2859 997 2895; baseline 0.005 -10"><span class='ocrx_word' id='word_1_435' title='bbox 213 2859 321 2894; x_wconf 69' lang='lat' dir='ltr'><strong>quium,</strong></span> <span class='ocrx_word' id='word_1_436' title='bbox 338 2859 408 2894; x_wconf 80' lang='lat' dir='ltr'><strong>quod</strong></span> <span class='ocrx_word' id='word_1_437' title='bbox 421 2865 461 2887; x_wconf 82' lang='lat' dir='ltr'><strong>est</strong></span> <span class='ocrx_word' id='word_1_438' title='bbox 476 2860 503 2886; x_wconf 87' lang='lat' dir='ltr'><strong>in</strong></span> <span class='ocrx_word' id='word_1_439' title='bbox 519 2860 672 2895; x_wconf 74' lang='lat' dir='ltr'><strong>evangelica</strong></span> <span class='ocrx_word' id='word_1_440' title='bbox 688 2860 823 2895; x_wconf 80' lang='lat' dir='ltr'><strong>parabola,</strong></span> <span class='ocrx_word' id='word_1_441' title='bbox 841 2860 917 2895; x_wconf 85' lang='lat' dir='ltr'><strong>quasi</strong></span> <span class='ocrx_word' id='word_1_442' title='bbox 932 2860 997 2889; x_wconf 81' lang='lat' dir='ltr'><strong>lide-</strong></span> 
     </span>
    </p>
   </div>
   <div class='ocr_carea' id='block_1_63' title="bbox 1042 256 1818 294">
    <p class='ocr_par' dir='ltr' id='par_1_63' title="bbox 1042 256 1818 294">
     <span class='ocr_line' id='line_1_63' title="bbox 1042 256 1818 294; baseline -0.006 -7"><span class='ocrx_word' id='word_1_443' title='bbox 1042 260 1184 294; x_wconf 81' lang='lat' dir='ltr'><strong>tempore?</strong></span> <span class='ocrx_word' id='word_1_444' title='bbox 1194 258 1245 291; x_wconf 82' lang='lat' dir='ltr'><strong>Qui</strong></span> <span class='ocrx_word' id='word_1_445' title='bbox 1263 260 1291 286; x_wconf 86' lang='lat' dir='ltr'><strong>iit</strong></span> <span class='ocrx_word' id='word_1_446' title='bbox 1307 259 1388 294; x_wconf 79' lang='lat' dir='ltr'><strong>igitur</strong></span> <span class='ocrx_word' id='word_1_447' title='bbox 1402 263 1431 285; x_wconf 89' lang='lat' dir='ltr'><strong>ut</strong></span> <span class='ocrx_word' id='word_1_448' title='bbox 1443 266 1496 284; x_wconf 84' lang='lat' dir='ltr'><strong>non</strong></span> <span class='ocrx_word' id='word_1_449' title='bbox 1507 258 1621 284; x_wconf 84' lang='lat' dir='ltr'><strong>ﬁdeliter</strong></span> <span class='ocrx_word' id='word_1_450' title='bbox 1634 261 1663 283; x_wconf 85' lang='lat' dir='ltr'><strong>et</strong></span> <span class='ocrx_word' id='word_1_451' title='bbox 1678 256 1818 290; x_wconf 83' lang='lat' dir='ltr'><strong>prudenter</strong></span> 
     </span>
    </p>
   </div>
   <div class='ocr_carea' id='block_1_64' title="bbox 1041 303 1818 340">
    <p class='ocr_par' dir='ltr' id='par_1_64' title="bbox 1041 303 1818 340">
     <span class='ocr_line' id='line_1_64' title="bbox 1041 303 1818 340; baseline -0.006 -8"><span class='ocrx_word' id='word_1_452' title='bbox 1041 306 1208 340; x_wconf 79' lang='lat' dir='ltr'><strong>assignatum</strong></span> <span class='ocrx_word' id='word_1_453' title='bbox 1229 311 1327 331; x_wconf 88' lang='lat' dir='ltr'><strong>munus</strong></span> <span class='ocrx_word' id='word_1_454' title='bbox 1342 304 1528 333; x_wconf 74' lang='lat' dir='ltr'><strong>administros,</strong></span> <span class='ocrx_word' id='word_1_455' title='bbox 1546 303 1647 336; x_wconf 76' lang='lat' dir='ltr'><strong>deaque</strong></span> <span class='ocrx_word' id='word_1_456' title='bbox 1663 306 1784 335; x_wconf 76' lang='lat' dir='ltr'><strong>tempore</strong></span> <span class='ocrx_word' id='word_1_457' title='bbox 1795 304 1818 328; x_wconf 85' lang='lat' dir='ltr'><strong>et</strong></span> 
     </span>
    </p>
   </div>
   <div class='ocr_carea' id='block_1_65' title="bbox 1042 347 1818 383">
    <p class='ocr_par' dir='ltr' id='par_1_65' title="bbox 1042 347 1818 383">
     <span class='ocr_line' id='line_1_65' title="bbox 1042 347 1818 383; baseline -0.008 -5"><span class='ocrx_word' id='word_1_458' title='bbox 1042 353 1123 378; x_wconf 88' lang='lat' dir='ltr'><strong>ntodo</strong></span> <span class='ocrx_word' id='word_1_459' title='bbox 1136 351 1239 382; x_wconf 80' lang='lat' dir='ltr'><strong>cibum.</strong></span> <span class='ocrx_word' id='word_1_460' title='bbox 1255 355 1282 377; x_wconf 89' lang='lat' dir='ltr'><strong>et</strong></span> <span class='ocrx_word' id='word_1_461' title='bbox 1295 355 1324 377; x_wconf 91' lang='lat' dir='ltr'><strong>ut</strong></span> <span class='ocrx_word' id='word_1_462' title='bbox 1340 350 1427 377; x_wconf 81' lang='lat' dir='ltr'><strong>ﬁdelis</strong></span> <span class='ocrx_word' id='word_1_463' title='bbox 1442 350 1567 383; x_wconf 85' lang='lat' dir='ltr'><strong>increpes</strong></span> <span class='ocrx_word' id='word_1_464' title='bbox 1584 347 1702 379; x_wconf 61' lang='lat' dir='ltr'><strong>infitiata,</strong></span> <span class='ocrx_word' id='word_1_465' title='bbox 1719 352 1749 374; x_wconf 86' lang='lat' dir='ltr'><strong>ut</strong></span> <span class='ocrx_word' id='word_1_466' title='bbox 1760 353 1818 380; x_wconf 87' lang='lat' dir='ltr'><strong>pru-</strong></span> 
     </span>
    </p>
   </div>
   <div class='ocr_carea' id='block_1_66' title="bbox 1041 391 1818 431">
    <p class='ocr_par' dir='ltr' id='par_1_66' title="bbox 1041 391 1818 431">
     <span class='ocr_line' id='line_1_66' title="bbox 1041 391 1818 431; baseline -0.009 -7"><span class='ocrx_word' id='word_1_467' title='bbox 1041 397 1110 424; x_wconf 83' lang='lat' dir='ltr'><strong>dens</strong></span> <span class='ocrx_word' id='word_1_468' title='bbox 1133 397 1249 431; x_wconf 76' lang='lat' dir='ltr'><strong>castiges</strong></span> <span class='ocrx_word' id='word_1_469' title='bbox 1273 402 1300 422; x_wconf 89' lang='lat' dir='ltr'><strong>et</strong></span> <span class='ocrx_word' id='word_1_470' title='bbox 1324 395 1454 423; x_wconf 81' lang='lat' dir='ltr'><strong>emendes</strong></span> <span class='ocrx_word' id='word_1_471' title='bbox 1471 394 1639 428; x_wconf 80' lang='lat' dir='ltr'><strong>imprudens.</strong></span> <span class='ocrx_word' id='word_1_472' title='bbox 1660 396 1688 418; x_wconf 87' lang='lat' dir='ltr'><strong>et</strong></span> <span class='ocrx_word' id='word_1_473' title='bbox 1711 391 1818 419; x_wconf 86' lang='lat' dir='ltr'><strong>omnino</strong></span> 
     </span>
    </p>
   </div>
   <div class='ocr_carea' id='block_1_67' title="bbox 1042 437 1817 478">
    <p class='ocr_par' dir='ltr' id='par_1_67' title="bbox 1042 437 1817 478">
     <span class='ocr_line' id='line_1_67' title="bbox 1042 437 1817 478; baseline -0.008 -9"><span class='ocrx_word' id='word_1_474' title='bbox 1042 447 1202 478; x_wconf 82' lang='lat' dir='ltr'><strong>potestatem</strong></span> <span class='ocrx_word' id='word_1_475' title='bbox 1221 443 1247 469; x_wconf 91' lang='lat' dir='ltr'><strong>in</strong></span> <span class='ocrx_word' id='word_1_476' title='bbox 1264 442 1313 469; x_wconf 85' lang='lat' dir='ltr'><strong>tibi</strong></span> <span class='ocrx_word' id='word_1_477' title='bbox 1335 440 1436 469; x_wconf 86' lang='lat' dir='ltr'><strong>credita</strong></span> <span class='ocrx_word' id='word_1_478' title='bbox 1453 438 1691 467; x_wconf 81' lang='lat' dir='ltr'><strong>administratione</strong></span> <span class='ocrx_word' id='word_1_479' title='bbox 1710 437 1817 465; x_wconf 79' lang='lat' dir='ltr'><strong>liberam</strong></span> 
     </span>
    </p>
   </div>
   <div class='ocr_carea' id='block_1_68' title="bbox 1042 483 1817 521">
    <p class='ocr_par' dir='ltr' id='par_1_68' title="bbox 1042 483 1817 521">
     <span class='ocr_line' id='line_1_68' title="bbox 1042 483 1817 521; baseline -0.006 -6"><span class='ocrx_word' id='word_1_480' title='bbox 1042 494 1180 519; x_wconf 81' lang='lat' dir='ltr'><strong>exerceas,</strong></span> <span class='ocrx_word' id='word_1_481' title='bbox 1196 492 1223 514; x_wconf 89' lang='lat' dir='ltr'><strong>et</strong></span> <span class='ocrx_word' id='word_1_482' title='bbox 1246 494 1327 514; x_wconf 82' lang='lat' dir='ltr'><strong>ornes</strong></span> <span class='ocrx_word' id='word_1_483' title='bbox 1348 486 1469 521; x_wconf 79' lang='lat' dir='ltr'><strong>optime?</strong></span> <span class='ocrx_word' id='word_1_484' title='bbox 1488 485 1522 512; x_wconf 88' lang='lat' dir='ltr'><strong>At</strong></span> <span class='ocrx_word' id='word_1_485' title='bbox 1536 490 1562 512; x_wconf 89' lang='lat' dir='ltr'><strong>te</strong></span> <span class='ocrx_word' id='word_1_486' title='bbox 1578 484 1677 518; x_wconf 82' lang='lat' dir='ltr'><strong>corripi</strong></span> <span class='ocrx_word' id='word_1_487' title='bbox 1694 483 1817 510; x_wconf 85' lang='lat' dir='ltr'><strong>violentia</strong></span> 
     </span>
    </p>
   </div>
   <div class='ocr_carea' id='block_1_69' title="bbox 1042 529 1819 565">
    <p class='ocr_par' dir='ltr' id='par_1_69' title="bbox 1042 529 1819 565">
     <span class='ocr_line' id='line_1_69' title="bbox 1042 529 1819 565; baseline -0.006 -4"><span class='ocrx_word' id='word_1_488' title='bbox 1042 534 1091 561; x_wconf 89' lang='lat' dir='ltr'><strong>tibi</strong></span> <span class='ocrx_word' id='word_1_489' title='bbox 1116 533 1218 561; x_wconf 84' lang='lat' dir='ltr'><strong>subditi</strong></span> <span class='ocrx_word' id='word_1_490' title='bbox 1244 532 1323 565; x_wconf 79' lang='lat' dir='ltr'><strong>diris,</strong></span> <span class='ocrx_word' id='word_1_491' title='bbox 1342 531 1554 560; x_wconf 54' lang='lat' dir='ltr'><strong>et&#39;ad&#39;easdem</strong></span> <span class='ocrx_word' id='word_1_492' title='bbox 1582 530 1615 558; x_wconf 87' lang='lat' dir='ltr'><strong>ad</strong></span> <span class='ocrx_word' id='word_1_493' title='bbox 1640 536 1711 565; x_wconf 81' lang='lat' dir='ltr'><strong>quas</strong></span> <span class='ocrx_word' id='word_1_494' title='bbox 1736 529 1819 562; x_wconf 76' lang='lat' dir='ltr'><strong>ipsum</strong></span> 
     </span>
    </p>
   </div>
   <div class='ocr_carea' id='block_1_70' title="bbox 1043 575 1821 616">
    <p class='ocr_par' dir='ltr' id='par_1_70' title="bbox 1043 575 1821 616">
     <span class='ocr_line' id='line_1_70' title="bbox 1043 575 1821 616; baseline -0.009 -8"><span class='ocrx_word' id='word_1_495' title='bbox 1043 581 1161 616; x_wconf 83' lang='lat' dir='ltr'><strong>ineptias</strong></span> <span class='ocrx_word' id='word_1_496' title='bbox 1178 584 1203 607; x_wconf 87' lang='lat' dir='ltr'><strong>te</strong></span> <span class='ocrx_word' id='word_1_497' title='bbox 1219 585 1404 607; x_wconf 81' lang='lat' dir='ltr'><strong>transversam</strong></span> <span class='ocrx_word' id='word_1_498' title='bbox 1421 578 1475 612; x_wconf 72' lang='lat' dir='ltr'><strong>agi.</strong></span> <span class='ocrx_word' id='word_1_499' title='bbox 1487 577 1509 604; x_wconf 84' lang='grc' dir='ltr'>Τ</span> <span class='ocrx_word' id='word_1_500' title='bbox 1512 577 1638 604; x_wconf 87' lang='lat' dir='ltr'><strong>alibusne</strong></span> <span class='ocrx_word' id='word_1_501' title='bbox 1652 575 1821 610; x_wconf 63' lang='lat' dir='ltr'><strong>praetextihus</strong></span> 
     </span>
    </p>
   </div>
   <div class='ocr_carea' id='block_1_71' title="bbox 1042 621 1821 660">
    <p class='ocr_par' dir='ltr' id='par_1_71' title="bbox 1042 621 1821 660">
     <span class='ocr_line' id='line_1_71' title="bbox 1042 621 1821 660; baseline -0.009 -6"><span class='ocrx_word' id='word_1_502' title='bbox 1042 633 1140 654; x_wconf 84' lang='lat' dir='ltr'><strong>censes</strong></span> <span class='ocrx_word' id='word_1_503' title='bbox 1156 631 1191 658; x_wconf 83' lang='lat' dir='ltr'><strong>te,</strong></span> <span class='ocrx_word' id='word_1_504' title='bbox 1209 633 1291 660; x_wconf 85' lang='lat' dir='ltr'><strong>quam</strong></span> <span class='ocrx_word' id='word_1_505' title='bbox 1308 626 1378 652; x_wconf 84' lang='lat' dir='ltr'><strong>male</strong></span> <span class='ocrx_word' id='word_1_506' title='bbox 1401 631 1480 652; x_wconf 88' lang='lat' dir='ltr'><strong>suum</strong></span> <span class='ocrx_word' id='word_1_507' title='bbox 1496 629 1597 651; x_wconf 83' lang='lat' dir='ltr'><strong>munus</strong></span> <span class='ocrx_word' id='word_1_508' title='bbox 1611 621 1724 650; x_wconf 79' lang='lat' dir='ltr'><strong>obeunti</strong></span> <span class='ocrx_word' id='word_1_509' title='bbox 1737 621 1821 648; x_wconf 87' lang='lat' dir='ltr'><strong>mina-</strong></span> 
     </span>
    </p>
   </div>
   <div class='ocr_carea' id='block_1_72' title="bbox 1041 666 1821 702">
    <p class='ocr_par' dir='ltr' id='par_1_72' title="bbox 1041 666 1821 702">
     <span class='ocr_line' id='line_1_72' title="bbox 1041 666 1821 702; baseline -0.008 -5"><span class='ocrx_word' id='word_1_510' title='bbox 1041 675 1086 698; x_wconf 87' lang='lat' dir='ltr'><strong>tus</strong></span> <span class='ocrx_word' id='word_1_511' title='bbox 1107 677 1148 697; x_wconf 86' lang='lat' dir='ltr'><strong>est</strong></span> <span class='ocrx_word' id='word_1_512' title='bbox 1165 671 1210 697; x_wconf 87' lang='lat' dir='ltr'><strong>ille</strong></span> <span class='ocrx_word' id='word_1_513' title='bbox 1221 690 1229 702; x_wconf 90' lang='lat'><strong>,</strong></span> <span class='ocrx_word' id='word_1_514' title='bbox 1246 670 1429 697; x_wconf 82' lang='lat' dir='ltr'><strong>membrorum</strong></span> <span class='ocrx_word' id='word_1_515' title='bbox 1449 668 1630 696; x_wconf 80' lang='lat' dir='ltr'><strong>divulsionem</strong></span> <span class='ocrx_word' id='word_1_516' title='bbox 1662 666 1821 694; x_wconf 73' lang='lat' dir='ltr'><strong>evasuram?</strong></span> 
     </span>
    </p>
   </div>
   <div class='ocr_carea' id='block_1_73' title="bbox 1041 711 1821 750">
    <p class='ocr_par' dir='ltr' id='par_1_73' title="bbox 1041 711 1821 750">
     <span class='ocr_line' id='line_1_73' title="bbox 1041 711 1821 750; baseline -0.008 -7"><span class='ocrx_word' id='word_1_517' title='bbox 1041 716 1123 750; x_wconf 83' lang='lat' dir='ltr'><strong>Atqui</strong></span> <span class='ocrx_word' id='word_1_518' title='bbox 1148 716 1210 743; x_wconf 82' lang='lat' dir='ltr'><strong>talis</strong></span> <span class='ocrx_word' id='word_1_519' title='bbox 1231 715 1322 749; x_wconf 84' lang='lat' dir='ltr'><strong>opinio</strong></span> <span class='ocrx_word' id='word_1_520' title='bbox 1333 723 1402 742; x_wconf 81' lang='lat' dir='ltr'><strong>vana</strong></span> <span class='ocrx_word' id='word_1_521' title='bbox 1416 719 1460 742; x_wconf 79' lang='lat' dir='ltr'><strong>est</strong></span> <span class='ocrx_word' id='word_1_522' title='bbox 1472 718 1500 742; x_wconf 88' lang='lat' dir='ltr'><strong>et</strong></span> <span class='ocrx_word' id='word_1_523' title='bbox 1516 713 1628 745; x_wconf 85' lang='lat' dir='ltr'><strong>inanis;</strong></span> <span class='ocrx_word' id='word_1_524' title='bbox 1645 720 1660 739; x_wconf 77' lang='grc' dir='ltr'><strong>ιι</strong></span> <span class='ocrx_word' id='word_1_525' title='bbox 1672 711 1821 747; x_wconf 78' lang='lat' dir='ltr'><strong>prtncipatu</strong></span> 
     </span>
    </p>
   </div>
   <div class='ocr_carea' id='block_1_74' title="bbox 1041 754 1823 796">
    <p class='ocr_par' dir='ltr' id='par_1_74' title="bbox 1041 754 1823 796">
     <span class='ocr_line' id='line_1_74' title="bbox 1041 754 1823 796; baseline -0.006 -7"><span class='ocrx_word' id='word_1_526' title='bbox 1041 762 1114 789; x_wconf 87' lang='lat' dir='ltr'><strong>enim</strong></span> <span class='ocrx_word' id='word_1_527' title='bbox 1132 762 1208 789; x_wconf 89' lang='lat' dir='ltr'><strong>omni</strong></span> <span class='ocrx_word' id='word_1_528' title='bbox 1230 769 1324 789; x_wconf 86' lang='lat' dir='ltr'><strong>eorum</strong></span> <span class='ocrx_word' id='word_1_529' title='bbox 1341 767 1402 796; x_wconf 63' lang='lat' dir='ltr'><strong>quae</strong></span> <span class='ocrx_word' id='word_1_530' title='bbox 1417 760 1520 788; x_wconf 83' lang='lat' dir='ltr'><strong>subditi</strong></span> <span class='ocrx_word' id='word_1_531' title='bbox 1534 754 1823 796; x_wconf 49' lang='lat' dir='ltr'><strong>péccantprenaseai-</strong></span> 
     </span>
    </p>
   </div>
   <div class='ocr_carea' id='block_1_75' title="bbox 1042 803 1823 843">
    <p class='ocr_par' dir='ltr' id='par_1_75' title="bbox 1042 803 1823 843">
     <span class='ocr_line' id='line_1_75' title="bbox 1042 803 1823 843; baseline -0.006 -9"><span class='ocrx_word' id='word_1_532' title='bbox 1042 811 1142 842; x_wconf 79' lang='lat' dir='ltr'><strong>guntur</strong></span> <span class='ocrx_word' id='word_1_533' title='bbox 1159 807 1237 834; x_wconf 83' lang='lat' dir='ltr'><strong>:sive</strong></span> <span class='ocrx_word' id='word_1_534' title='bbox 1265 807 1467 843; x_wconf 79' lang='lat' dir='ltr'><strong>imperatorem,</strong></span> <span class='ocrx_word' id='word_1_535' title='bbox 1484 807 1543 834; x_wconf 87' lang='lat' dir='ltr'><strong>sive</strong></span> <span class='ocrx_word' id='word_1_536' title='bbox 1560 806 1747 842; x_wconf 68' lang='lat' dir='ltr'><strong>padagogum,</strong></span> <span class='ocrx_word' id='word_1_537' title='bbox 1769 803 1823 830; x_wconf 82' lang='lat' dir='ltr'><strong>sive</strong></span> 
     </span>
    </p>
   </div>
   <div class='ocr_carea' id='block_1_76' title="bbox 1042 847 1819 886">
    <p class='ocr_par' dir='ltr' id='par_1_76' title="bbox 1042 847 1819 886">
     <span class='ocr_line' id='line_1_76' title="bbox 1042 847 1819 886; baseline -0.006 -7"><span class='ocrx_word' id='word_1_538' title='bbox 1042 853 1266 886; x_wconf 39' lang='lat' dir='ltr'><strong>pureuterttrsire</strong></span> <span class='ocrx_word' id='word_1_539' title='bbox 1282 853 1420 880; x_wconf 76' lang='lat' dir='ltr'><strong>doctorem</strong></span> <span class='ocrx_word' id='word_1_540' title='bbox 1441 852 1529 882; x_wconf 84' lang='lat' dir='ltr'><strong>dicas,</strong></span> <span class='ocrx_word' id='word_1_541' title='bbox 1547 851 1599 878; x_wconf 86' lang='lat' dir='ltr'><strong>etsi</strong></span> <span class='ocrx_word' id='word_1_542' title='bbox 1618 849 1718 884; x_wconf 80' lang='lat' dir='ltr'><strong>alioqui</strong></span> <span class='ocrx_word' id='word_1_543' title='bbox 1745 847 1819 883; x_wconf 81' lang='lat' dir='ltr'><strong>probi</strong></span> 
     </span>
    </p>
   </div>
   <div class='ocr_carea' id='block_1_77' title="bbox 1043 894 1825 930">
    <p class='ocr_par' dir='ltr' id='par_1_77' title="bbox 1043 894 1825 930">
     <span class='ocr_line' id='line_1_77' title="bbox 1043 894 1825 930; baseline -0.005 -5"><span class='ocrx_word' id='word_1_544' title='bbox 1043 899 1107 930; x_wconf 77' lang='lat' dir='ltr'><strong>sint,</strong></span> <span class='ocrx_word' id='word_1_545' title='bbox 1124 899 1281 926; x_wconf 86' lang='lat' dir='ltr'><strong>eorumdem</strong></span> <span class='ocrx_word' id='word_1_546' title='bbox 1301 897 1447 925; x_wconf 87' lang='lat' dir='ltr'><strong>criminum</strong></span> <span class='ocrx_word' id='word_1_547' title='bbox 1470 897 1508 924; x_wconf 90' lang='lat' dir='ltr'><strong>rei</strong></span> <span class='ocrx_word' id='word_1_548' title='bbox 1528 901 1602 928; x_wconf 76' lang='lat' dir='ltr'><strong>sunt,</strong></span> <span class='ocrx_word' id='word_1_549' title='bbox 1620 896 1691 923; x_wconf 83' lang='lat' dir='ltr'><strong>utsi</strong></span> <span class='ocrx_word' id='word_1_550' title='bbox 1716 895 1760 922; x_wconf 83' lang='lat' dir='ltr'><strong>vel</strong></span> <span class='ocrx_word' id='word_1_551' title='bbox 1777 894 1825 921; x_wconf 91' lang='lat' dir='ltr'><strong>im-</strong></span> 
     </span>
    </p>
   </div>
   <div class='ocr_carea' id='block_1_78' title="bbox 1043 939 1826 976">
    <p class='ocr_par' dir='ltr' id='par_1_78' title="bbox 1043 939 1826 976">
     <span class='ocr_line' id='line_1_78' title="bbox 1043 939 1826 976; baseline -0.004 -7"><span class='ocrx_word' id='word_1_552' title='bbox 1043 947 1151 976; x_wconf 86' lang='lat' dir='ltr'><strong>perator</strong></span> <span class='ocrx_word' id='word_1_553' title='bbox 1173 949 1233 969; x_wconf 86' lang='lat' dir='ltr'><strong>cum</strong></span> <span class='ocrx_word' id='word_1_554' title='bbox 1259 942 1379 969; x_wconf 75' lang='lat' dir='ltr'><strong>exercitu</strong></span> <span class='ocrx_word' id='word_1_555' title='bbox 1403 942 1512 969; x_wconf 83' lang='lat' dir='ltr'><strong>deserat</strong></span> <span class='ocrx_word' id='word_1_556' title='bbox 1527 941 1624 973; x_wconf 68' lang='lat' dir='ltr'><strong>aciem,</strong></span> <span class='ocrx_word' id='word_1_557' title='bbox 1639 939 1826 974; x_wconf 60' lang='lat' dir='ltr'><strong>autpadago-</strong></span> 
     </span>
    </p>
   </div>
   <div class='ocr_carea' id='block_1_79' title="bbox 1043 985 1826 1022">
    <p class='ocr_par' dir='ltr' id='par_1_79' title="bbox 1043 985 1826 1022">
     <span class='ocr_line' id='line_1_79' title="bbox 1043 985 1826 1022; baseline -0.001 -9"><span class='ocrx_word' id='word_1_558' title='bbox 1043 995 1093 1021; x_wconf 81' lang='lat' dir='ltr'><strong>gns</strong></span> <span class='ocrx_word' id='word_1_559' title='bbox 1108 994 1170 1014; x_wconf 76' lang='lat' dir='ltr'><strong>cum</strong></span> <span class='ocrx_word' id='word_1_560' title='bbox 1186 994 1271 1022; x_wconf 88' lang='lat' dir='ltr'><strong>puero</strong></span> <span class='ocrx_word' id='word_1_561' title='bbox 1294 987 1422 1019; x_wconf 83' lang='lat' dir='ltr'><strong>colludat,</strong></span> <span class='ocrx_word' id='word_1_562' title='bbox 1437 991 1484 1014; x_wconf 83' lang='lat' dir='ltr'><strong>aut</strong></span> <span class='ocrx_word' id='word_1_563' title='bbox 1499 991 1576 1021; x_wconf 76' lang='lat' dir='ltr'><strong>pater</strong></span> <span class='ocrx_word' id='word_1_564' title='bbox 1595 991 1660 1014; x_wconf 82' lang='lat' dir='ltr'><strong>cum</strong></span> <span class='ocrx_word' id='word_1_565' title='bbox 1673 985 1729 1014; x_wconf 80' lang='lat' dir='ltr'><strong>ﬁlio</strong></span> <span class='ocrx_word' id='word_1_566' title='bbox 1746 985 1826 1013; x_wconf 67' lang='lat' dir='ltr'><strong>insci-</strong></span> 
     </span>
    </p>
   </div>
   <div class='ocr_carea' id='block_1_80' title="bbox 1043 1031 1828 1068">
    <p class='ocr_par' dir='ltr' id='par_1_80' title="bbox 1043 1031 1828 1068">
     <span class='ocr_line' id='line_1_80' title="bbox 1043 1031 1828 1068; baseline -0.003 -9"><span class='ocrx_word' id='word_1_567' title='bbox 1043 1033 1108 1065; x_wconf 85' lang='lat' dir='ltr'><strong>viat,</strong></span> <span class='ocrx_word' id='word_1_568' title='bbox 1131 1038 1178 1061; x_wconf 91' lang='lat' dir='ltr'><strong>aut</strong></span> <span class='ocrx_word' id='word_1_569' title='bbox 1205 1041 1266 1060; x_wconf 85' lang='lat' dir='ltr'><strong>cum</strong></span> <span class='ocrx_word' id='word_1_570' title='bbox 1289 1033 1424 1068; x_wconf 83' lang='lat' dir='ltr'><strong>discipulo</strong></span> <span class='ocrx_word' id='word_1_571' title='bbox 1448 1033 1577 1067; x_wconf 72' lang='lat' dir='ltr'><strong>magister</strong></span> <span class='ocrx_word' id='word_1_572' title='bbox 1601 1032 1705 1060; x_wconf 72' lang='lat' dir='ltr'><strong>inertia:</strong></span> <span class='ocrx_word' id='word_1_573' title='bbox 1725 1036 1755 1059; x_wconf 90' lang='lat' dir='ltr'><strong>et</strong></span> <span class='ocrx_word' id='word_1_574' title='bbox 1773 1031 1828 1058; x_wconf 87' lang='lat' dir='ltr'><strong>otio</strong></span> 
     </span>
    </p>
   </div>
   <div class='ocr_carea' id='block_1_81' title="bbox 1043 1077 1828 1113">
    <p class='ocr_par' dir='ltr' id='par_1_81' title="bbox 1043 1077 1828 1113">
     <span class='ocr_line' id='line_1_81' title="bbox 1043 1077 1828 1113; baseline 0 -8"><span class='ocrx_word' id='word_1_575' title='bbox 1043 1079 1189 1113; x_wconf 73' lang='lat' dir='ltr'><strong>indulgeat,</strong></span> <span class='ocrx_word' id='word_1_576' title='bbox 1206 1078 1306 1113; x_wconf 75' lang='lat' dir='ltr'><strong>duplici</strong></span> <span class='ocrx_word' id='word_1_577' title='bbox 1327 1085 1417 1113; x_wconf 78' lang='lat' dir='ltr'><strong>poena,</strong></span> <span class='ocrx_word' id='word_1_578' title='bbox 1439 1085 1548 1112; x_wconf 78' lang='lat' dir='ltr'><strong>censeo,</strong></span> <span class='ocrx_word' id='word_1_579' title='bbox 1567 1078 1664 1106; x_wconf 84' lang='lat' dir='ltr'><strong>horum</strong></span> <span class='ocrx_word' id='word_1_580' title='bbox 1680 1077 1828 1111; x_wconf 75' lang='lat' dir='ltr'><strong>unusquis-</strong></span> 
     </span>
    </p>
   </div>
   <div class='ocr_carea' id='block_1_82' title="bbox 1043 1124 1828 1159">
    <p class='ocr_par' dir='ltr' id='par_1_82' title="bbox 1043 1124 1828 1159">
     <span class='ocr_line' id='line_1_82' title="bbox 1043 1124 1828 1159; baseline -0.003 -9"><span class='ocrx_word' id='word_1_581' title='bbox 1043 1133 1095 1159; x_wconf 83' lang='lat' dir='ltr'><strong>que</strong></span> <span class='ocrx_word' id='word_1_582' title='bbox 1109 1126 1253 1159; x_wconf 86' lang='lat' dir='ltr'><strong>punietur:</strong></span> <span class='ocrx_word' id='word_1_583' title='bbox 1269 1125 1363 1157; x_wconf 82' lang='lat' dir='ltr'><strong>altera,</strong></span> <span class='ocrx_word' id='word_1_584' title='bbox 1378 1125 1451 1159; x_wconf 88' lang='lat' dir='ltr'><strong>quod</strong></span> <span class='ocrx_word' id='word_1_585' title='bbox 1462 1124 1617 1152; x_wconf 78' lang='lat' dir='ltr'><strong>clanculum</strong></span> <span class='ocrx_word' id='word_1_586' title='bbox 1627 1130 1690 1150; x_wconf 87' lang='lat' dir='ltr'><strong>eum</strong></span> <span class='ocrx_word' id='word_1_587' title='bbox 1702 1130 1828 1151; x_wconf 70' lang='lat' dir='ltr'><strong>conum-</strong></span> 
     </span>
    </p>
   </div>
   <div class='ocr_carea' id='block_1_83' title="bbox 1043 1168 1830 1205">
    <p class='ocr_par' dir='ltr' id='par_1_83' title="bbox 1043 1168 1830 1205">
     <span class='ocr_line' id='line_1_83' title="bbox 1043 1168 1830 1205; baseline -0.003 -8"><span class='ocrx_word' id='word_1_588' title='bbox 1043 1175 1097 1205; x_wconf 73' lang='lat' dir='ltr'><strong>pal,</strong></span> <span class='ocrx_word' id='word_1_589' title='bbox 1117 1178 1197 1205; x_wconf 83' lang='lat' dir='ltr'><strong>quem</strong></span> <span class='ocrx_word' id='word_1_590' title='bbox 1216 1171 1308 1205; x_wconf 90' lang='lat' dir='ltr'><strong>potius</strong></span> <span class='ocrx_word' id='word_1_591' title='bbox 1329 1178 1358 1198; x_wconf 89' lang='lat' dir='ltr'><strong>se</strong></span> <span class='ocrx_word' id='word_1_592' title='bbox 1379 1170 1517 1197; x_wconf 87' lang='lat' dir='ltr'><strong>tnelioretn</strong></span> <span class='ocrx_word' id='word_1_593' title='bbox 1535 1170 1702 1197; x_wconf 89' lang='lat' dir='ltr'><strong>redditurum</strong></span> <span class='ocrx_word' id='word_1_594' title='bbox 1717 1168 1830 1204; x_wconf 78' lang='lat' dir='ltr'><strong>pollice-</strong></span> 
     </span>
    </p>
   </div>
   <div class='ocr_carea' id='block_1_84' title="bbox 1043 1214 1831 1250">
    <p class='ocr_par' dir='ltr' id='par_1_84' title="bbox 1043 1214 1831 1250">
     <span class='ocr_line' id='line_1_84' title="bbox 1043 1214 1831 1250; baseline -0.003 -8"><span class='ocrx_word' id='word_1_595' title='bbox 1043 1217 1138 1249; x_wconf 84' lang='lat' dir='ltr'><strong>batur;</strong></span> <span class='ocrx_word' id='word_1_596' title='bbox 1162 1216 1248 1243; x_wconf 85' lang='lat' dir='ltr'><strong>altera</strong></span> <span class='ocrx_word' id='word_1_597' title='bbox 1272 1216 1343 1250; x_wconf 89' lang='lat' dir='ltr'><strong>quod</strong></span> <span class='ocrx_word' id='word_1_598' title='bbox 1365 1216 1523 1243; x_wconf 78' lang='lat' dir='ltr'><strong>earumdem</strong></span> <span class='ocrx_word' id='word_1_599' title='bbox 1552 1223 1615 1243; x_wconf 83' lang='lat' dir='ltr'><strong>reus</strong></span> <span class='ocrx_word' id='word_1_600' title='bbox 1637 1223 1758 1250; x_wconf 83' lang='lat' dir='ltr'><strong>quorum</strong></span> <span class='ocrx_word' id='word_1_601' title='bbox 1786 1214 1831 1241; x_wconf 84' lang='lat' dir='ltr'><strong>ille</strong></span> 
     </span>
    </p>
   </div>
   <div class='ocr_carea' id='block_1_85' title="bbox 1043 1260 1831 1297">
    <p class='ocr_par' dir='ltr' id='par_1_85' title="bbox 1043 1260 1831 1297">
     <span class='ocr_line' id='line_1_85' title="bbox 1043 1260 1831 1297; baseline -0.001 -9"><span class='ocrx_word' id='word_1_602' title='bbox 1043 1262 1283 1296; x_wconf 82' lang='lat' dir='ltr'><strong>deprehendatur;</strong></span> <span class='ocrx_word' id='word_1_603' title='bbox 1308 1267 1338 1289; x_wconf 93' lang='lat' dir='ltr'><strong>ut</strong></span> <span class='ocrx_word' id='word_1_604' title='bbox 1360 1264 1419 1290; x_wconf 86' lang='lat' dir='ltr'><strong>vice</strong></span> <span class='ocrx_word' id='word_1_605' title='bbox 1445 1269 1524 1289; x_wconf 85' lang='lat' dir='ltr'><strong>versa</strong></span> <span class='ocrx_word' id='word_1_606' title='bbox 1538 1261 1637 1297; x_wconf 87' lang='lat' dir='ltr'><strong>duplici</strong></span> <span class='ocrx_word' id='word_1_607' title='bbox 1661 1262 1741 1288; x_wconf 79' lang='lat' dir='ltr'><strong>venia</strong></span> <span class='ocrx_word' id='word_1_608' title='bbox 1756 1260 1831 1295; x_wconf 77' lang='lat' dir='ltr'><strong>digni</strong></span> 
     </span>
    </p>
   </div>
   <div class='ocr_carea' id='block_1_86' title="bbox 1043 1308 1831 1343">
    <p class='ocr_par' dir='ltr' id='par_1_86' title="bbox 1043 1308 1831 1343">
     <span class='ocr_line' id='line_1_86' title="bbox 1043 1308 1831 1343; baseline 0.001 -10"><span class='ocrx_word' id='word_1_609' title='bbox 1043 1308 1144 1334; x_wconf 86' lang='lat' dir='ltr'><strong>subditi</strong></span> <span class='ocrx_word' id='word_1_610' title='bbox 1160 1309 1266 1334; x_wconf 85' lang='lat' dir='ltr'><strong>censeri</strong></span> <span class='ocrx_word' id='word_1_611' title='bbox 1290 1308 1389 1335; x_wconf 86' lang='lat' dir='ltr'><strong>debent</strong></span> <span class='ocrx_word' id='word_1_612' title='bbox 1412 1308 1483 1343; x_wconf 86' lang='lat' dir='ltr'><strong>apud</strong></span> <span class='ocrx_word' id='word_1_613' title='bbox 1502 1316 1550 1336; x_wconf 90' lang='lat' dir='ltr'><strong>eos</strong></span> <span class='ocrx_word' id='word_1_614' title='bbox 1571 1308 1616 1343; x_wconf 91' lang='lat' dir='ltr'><strong>qui</strong></span> <span class='ocrx_word' id='word_1_615' title='bbox 1638 1308 1699 1342; x_wconf 85' lang='lat' dir='ltr'><strong>plus</strong></span> <span class='ocrx_word' id='word_1_616' title='bbox 1721 1314 1831 1335; x_wconf 76' lang='lat' dir='ltr'><strong>stimulo</strong></span> 
     </span>
    </p>
   </div>
   <div class='ocr_carea' id='block_1_87' title="bbox 1042 1353 1832 1388">
    <p class='ocr_par' dir='ltr' id='par_1_87' title="bbox 1042 1353 1832 1388">
     <span class='ocr_line' id='line_1_87' title="bbox 1042 1353 1832 1388; baseline 0.001 -10"><span class='ocrx_word' id='word_1_617' title='bbox 1042 1353 1102 1388; x_wconf 80' lang='lat' dir='ltr'><strong>jure</strong></span> <span class='ocrx_word' id='word_1_618' title='bbox 1122 1361 1202 1386; x_wconf 85' lang='lat' dir='ltr'><strong>quam</strong></span> <span class='ocrx_word' id='word_1_619' title='bbox 1218 1353 1366 1380; x_wconf 81' lang='lat' dir='ltr'><strong>clementer</strong></span> <span class='ocrx_word' id='word_1_620' title='bbox 1387 1361 1443 1380; x_wconf 89' lang='lat' dir='ltr'><strong>rem</strong></span> <span class='ocrx_word' id='word_1_621' title='bbox 1461 1353 1630 1388; x_wconf 75' lang='lat' dir='ltr'><strong>diiudicant;</strong></span> <span class='ocrx_word' id='word_1_622' title='bbox 1648 1354 1737 1381; x_wconf 83' lang='lat' dir='ltr'><strong>altera</strong></span> <span class='ocrx_word' id='word_1_623' title='bbox 1765 1359 1832 1387; x_wconf 87' lang='lat' dir='ltr'><strong>pro-</strong></span> 
     </span>
    </p>
   </div>
   <div class='ocr_carea' id='block_1_88' title="bbox 1043 1398 1832 1433">
    <p class='ocr_par' dir='ltr' id='par_1_88' title="bbox 1043 1398 1832 1433">
     <span class='ocr_line' id='line_1_88' title="bbox 1043 1398 1832 1433; baseline -0.001 -9"><span class='ocrx_word' id='word_1_624' title='bbox 1043 1402 1102 1431; x_wconf 74' lang='lat' dir='ltr'><strong>pter</strong></span> <span class='ocrx_word' id='word_1_625' title='bbox 1122 1405 1217 1425; x_wconf 89' lang='lat' dir='ltr'><strong>eorum</strong></span> <span class='ocrx_word' id='word_1_626' title='bbox 1234 1404 1358 1426; x_wconf 81' lang='lat' dir='ltr'><strong>naturam</strong></span> <span class='ocrx_word' id='word_1_627' title='bbox 1374 1407 1434 1433; x_wconf 79' lang='lat' dir='ltr'><strong>qua.-</strong></span> <span class='ocrx_word' id='word_1_628' title='bbox 1447 1407 1556 1433; x_wconf 89' lang='lat' dir='ltr'><strong>setnpcr</strong></span> <span class='ocrx_word' id='word_1_629' title='bbox 1573 1399 1670 1426; x_wconf 85' lang='lat' dir='ltr'><strong>ducem</strong></span> <span class='ocrx_word' id='word_1_630' title='bbox 1686 1405 1714 1428; x_wconf 82' lang='lat' dir='ltr'><strong>et</strong></span> <span class='ocrx_word' id='word_1_631' title='bbox 1731 1398 1765 1425; x_wconf 85' lang='lat' dir='ltr'><strong>ad</strong></span> <span class='ocrx_word' id='word_1_632' title='bbox 1781 1398 1832 1424; x_wconf 88' lang='lat' dir='ltr'><strong>ho-</strong></span> 
     </span>
    </p>
   </div>
   <div class='ocr_carea' id='block_1_89' title="bbox 1043 1444 1832 1480">
    <p class='ocr_par' dir='ltr' id='par_1_89' title="bbox 1043 1444 1832 1480">
     <span class='ocr_line' id='line_1_89' title="bbox 1043 1444 1832 1480; baseline -0.003 -9"><span class='ocrx_word' id='word_1_633' title='bbox 1043 1449 1175 1472; x_wconf 80' lang='lat' dir='ltr'><strong>nestatem</strong></span> <span class='ocrx_word' id='word_1_634' title='bbox 1190 1450 1391 1480; x_wconf 81' lang='lat' dir='ltr'><strong>promoventem</strong></span> <span class='ocrx_word' id='word_1_635' title='bbox 1404 1446 1532 1480; x_wconf 88' lang='lat' dir='ltr'><strong>requirit;</strong></span> <span class='ocrx_word' id='word_1_636' title='bbox 1555 1445 1639 1472; x_wconf 81' lang='lat' dir='ltr'><strong>altera</strong></span> <span class='ocrx_word' id='word_1_637' title='bbox 1659 1444 1738 1478; x_wconf 86' lang='lat' dir='ltr'><strong>quod</strong></span> <span class='ocrx_word' id='word_1_638' title='bbox 1750 1450 1832 1478; x_wconf 83' lang='lat' dir='ltr'><strong>quem</strong></span> 
     </span>
    </p>
   </div>
   <div class='ocr_carea' id='block_1_90' title="bbox 1045 1491 1831 1526">
    <p class='ocr_par' dir='ltr' id='par_1_90' title="bbox 1045 1491 1831 1526">
     <span class='ocr_line' id='line_1_90' title="bbox 1045 1491 1831 1526; baseline -0.001 -10"><span class='ocrx_word' id='word_1_639' title='bbox 1045 1491 1077 1517; x_wconf 81' lang='lat' dir='ltr'><strong>ad</strong></span> <span class='ocrx_word' id='word_1_640' title='bbox 1105 1492 1208 1519; x_wconf 84' lang='lat' dir='ltr'><strong>bonum</strong></span> <span class='ocrx_word' id='word_1_641' title='bbox 1239 1491 1394 1526; x_wconf 62' lang='lat' dir='ltr'><strong>praefectum</strong></span> <span class='ocrx_word' id='word_1_642' title='bbox 1421 1496 1578 1525; x_wconf 74' lang='lat' dir='ltr'><strong>acceperat,</strong></span> <span class='ocrx_word' id='word_1_643' title='bbox 1605 1491 1632 1517; x_wconf 91' lang='lat' dir='ltr'><strong>in</strong></span> <span class='ocrx_word' id='word_1_644' title='bbox 1657 1491 1831 1517; x_wconf 84' lang='lat' dir='ltr'><strong>contrarium</strong></span> 
     </span>
    </p>
   </div>
   <div class='ocr_carea' id='block_1_91' title="bbox 1045 1537 1835 1574">
    <p class='ocr_par' dir='ltr' id='par_1_91' title="bbox 1045 1537 1835 1574">
     <span class='ocr_line' id='line_1_91' title="bbox 1045 1537 1835 1574; baseline 0 -11"><span class='ocrx_word' id='word_1_645' title='bbox 1045 1539 1236 1572; x_wconf 84' lang='lat' dir='ltr'><strong>depravantcm</strong></span> <span class='ocrx_word' id='word_1_646' title='bbox 1261 1543 1287 1566; x_wconf 89' lang='lat' dir='ltr'><strong>et</strong></span> <span class='ocrx_word' id='word_1_647' title='bbox 1315 1543 1507 1574; x_wconf 73' lang='lat' dir='ltr'><strong>provocantem</strong></span> <span class='ocrx_word' id='word_1_648' title='bbox 1534 1538 1647 1571; x_wconf 69' lang='lat' dir='ltr'><strong>inre-it.</strong></span> <span class='ocrx_word' id='word_1_649' title='bbox 1670 1537 1748 1564; x_wconf 77' lang='lat' dir='ltr'><strong>Nihil</strong></span> <span class='ocrx_word' id='word_1_650' title='bbox 1770 1543 1835 1564; x_wconf 85' lang='lat' dir='ltr'><strong>vero</strong></span> 
     </span>
    </p>
   </div>
   <div class='ocr_carea' id='block_1_92' title="bbox 1047 1583 1834 1618">
    <p class='ocr_par' dir='ltr' id='par_1_92' title="bbox 1047 1583 1834 1618">
     <span class='ocr_line' id='line_1_92' title="bbox 1047 1583 1834 1618; baseline -0.001 -8"><span class='ocrx_word' id='word_1_651' title='bbox 1047 1589 1100 1610; x_wconf 83' lang='lat' dir='ltr'><strong>tam</strong></span> <span class='ocrx_word' id='word_1_652' title='bbox 1123 1585 1156 1611; x_wconf 88' lang='lat' dir='ltr'><strong>ad</strong></span> <span class='ocrx_word' id='word_1_653' title='bbox 1174 1586 1300 1612; x_wconf 86' lang='lat' dir='ltr'><strong>virtutem</strong></span> <span class='ocrx_word' id='word_1_654' title='bbox 1324 1589 1351 1612; x_wconf 84' lang='lat' dir='ltr'><strong>ct</strong></span> <span class='ocrx_word' id='word_1_655' title='bbox 1373 1585 1469 1611; x_wconf 77' lang='lat' dir='ltr'><strong>vitium</strong></span> <span class='ocrx_word' id='word_1_656' title='bbox 1493 1584 1589 1614; x_wconf 82' lang='lat' dir='ltr'><strong>allicit.</strong></span> <span class='ocrx_word' id='word_1_657' title='bbox 1604 1591 1687 1618; x_wconf 77' lang='lat' dir='ltr'><strong>quam</strong></span> <span class='ocrx_word' id='word_1_658' title='bbox 1702 1583 1834 1618; x_wconf 82' lang='lat' dir='ltr'><strong>princeps</strong></span> 
     </span>
    </p>
   </div>
   <div class='ocr_carea' id='block_1_93' title="bbox 1045 1629 1836 1664">
    <p class='ocr_par' dir='ltr' id='par_1_93' title="bbox 1045 1629 1836 1664">
     <span class='ocr_line' id='line_1_93' title="bbox 1045 1629 1836 1664; baseline 0.003 -9"><span class='ocrx_word' id='word_1_659' title='bbox 1045 1638 1075 1655; x_wconf 79' lang='lat' dir='ltr'><strong>ea</strong></span> <span class='ocrx_word' id='word_1_660' title='bbox 1091 1629 1193 1657; x_wconf 81' lang='lat' dir='ltr'><strong>faciens</strong></span> <span class='ocrx_word' id='word_1_661' title='bbox 1204 1638 1265 1664; x_wconf 60' lang='lat' dir='ltr'><strong>quae</strong></span> <span class='ocrx_word' id='word_1_662' title='bbox 1278 1630 1310 1656; x_wconf 87' lang='lat' dir='ltr'><strong>ad</strong></span> <span class='ocrx_word' id='word_1_663' title='bbox 1322 1630 1484 1657; x_wconf 83' lang='lat' dir='ltr'><strong>alterutrum</strong></span> <span class='ocrx_word' id='word_1_664' title='bbox 1498 1631 1687 1662; x_wconf 79' lang='lat' dir='ltr'><strong>exhortantur.</strong></span> <span class='ocrx_word' id='word_1_665' title='bbox 1701 1636 1731 1657; x_wconf 87' lang='lat' dir='ltr'><strong>et</strong></span> <span class='ocrx_word' id='word_1_666' title='bbox 1743 1637 1836 1657; x_wconf 73' lang='lat' dir='ltr'><strong>est-.m-</strong></span> 
     </span>
    </p>
   </div>
   <div class='ocr_carea' id='block_1_94' title="bbox 1045 1674 1835 1711">
    <p class='ocr_par' dir='ltr' id='par_1_94' title="bbox 1045 1674 1835 1711">
     <span class='ocr_line' id='line_1_94' title="bbox 1045 1674 1835 1711; baseline 0.004 -10"><span class='ocrx_word' id='word_1_667' title='bbox 1045 1674 1089 1709; x_wconf 91' lang='lat' dir='ltr'><strong>plo</strong></span> <span class='ocrx_word' id='word_1_668' title='bbox 1101 1683 1150 1702; x_wconf 89' lang='lat' dir='ltr'><strong>suo</strong></span> <span class='ocrx_word' id='word_1_669' title='bbox 1160 1675 1193 1702; x_wconf 81' lang='lat' dir='ltr'><strong>ad</strong></span> <span class='ocrx_word' id='word_1_670' title='bbox 1207 1676 1306 1702; x_wconf 89' lang='lat' dir='ltr'><strong>similia</strong></span> <span class='ocrx_word' id='word_1_671' title='bbox 1318 1677 1636 1711; x_wconf 40' lang='lat' dir='ltr'><strong>perpetrandaitrahens;</strong></span> <span class='ocrx_word' id='word_1_672' title='bbox 1651 1677 1835 1710; x_wconf 84' lang='lat' dir='ltr'><strong>quemadmo-</strong></span> 
     </span>
    </p>
   </div>
   <div class='ocr_carea' id='block_1_95' title="bbox 1045 1720 1838 1756">
    <p class='ocr_par' dir='ltr' id='par_1_95' title="bbox 1045 1720 1838 1756">
     <span class='ocr_line' id='line_1_95' title="bbox 1045 1720 1838 1756; baseline 0.001 -9"><span class='ocrx_word' id='word_1_673' title='bbox 1045 1720 1109 1747; x_wconf 82' lang='lat' dir='ltr'><strong>dum</strong></span> <span class='ocrx_word' id='word_1_674' title='bbox 1126 1725 1151 1747; x_wconf 79' lang='lat' dir='ltr'><strong>et</strong></span> <span class='ocrx_word' id='word_1_675' title='bbox 1167 1722 1248 1752; x_wconf 80' lang='lat' dir='ltr'><strong>chara</strong></span> <span class='ocrx_word' id='word_1_676' title='bbox 1264 1721 1330 1748; x_wconf 88' lang='lat' dir='ltr'><strong>mihi</strong></span> <span class='ocrx_word' id='word_1_677' title='bbox 1352 1728 1428 1748; x_wconf 88' lang='lat' dir='ltr'><strong>mens</strong></span> <span class='ocrx_word' id='word_1_678' title='bbox 1448 1722 1568 1756; x_wconf 88' lang='lat' dir='ltr'><strong>duplices</strong></span> <span class='ocrx_word' id='word_1_679' title='bbox 1582 1722 1657 1748; x_wconf 85' lang='lat' dir='ltr'><strong>dabit</strong></span> <span class='ocrx_word' id='word_1_680' title='bbox 1679 1730 1792 1756; x_wconf 65' lang='lat' dir='ltr'><strong>pennas.</strong></span> <span class='ocrx_word' id='word_1_681' title='bbox 1808 1726 1838 1748; x_wconf 90' lang='lat' dir='ltr'><strong>ut</strong></span> 
     </span>
    </p>
   </div>
   <div class='ocr_carea' id='block_1_96' title="bbox 1045 1767 1838 1801">
    <p class='ocr_par' dir='ltr' id='par_1_96' title="bbox 1045 1767 1838 1801">
     <span class='ocr_line' id='line_1_96' title="bbox 1045 1767 1838 1801; baseline 0.004 -10"><span class='ocrx_word' id='word_1_682' title='bbox 1045 1773 1104 1800; x_wconf 76' lang='lat' dir='ltr'><strong>qua:</strong></span> <span class='ocrx_word' id='word_1_683' title='bbox 1118 1774 1205 1801; x_wconf 87' lang='lat' dir='ltr'><strong>neque</strong></span> <span class='ocrx_word' id='word_1_684' title='bbox 1220 1767 1290 1800; x_wconf 87' lang='lat' dir='ltr'><strong>qttod</strong></span> <span class='ocrx_word' id='word_1_685' title='bbox 1307 1767 1333 1793; x_wconf 90' lang='lat' dir='ltr'><strong>in</strong></span> <span class='ocrx_word' id='word_1_686' title='bbox 1352 1768 1460 1794; x_wconf 90' lang='lat' dir='ltr'><strong>homine</strong></span> <span class='ocrx_word' id='word_1_687' title='bbox 1476 1767 1558 1794; x_wconf 87' lang='lat' dir='ltr'><strong>fuerit</strong></span> <span class='ocrx_word' id='word_1_688' title='bbox 1570 1767 1762 1796; x_wconf 81' lang='lat' dir='ltr'><strong>inordinatum</strong></span> <span class='ocrx_word' id='word_1_689' title='bbox 1775 1775 1838 1796; x_wconf 87' lang='lat' dir='ltr'><strong>cor-</strong></span> 
     </span>
    </p>
   </div>
   <div class='ocr_carea' id='block_1_97' title="bbox 1044 1812 1854 1848">
    <p class='ocr_par' dir='ltr' id='par_1_97' title="bbox 1044 1812 1854 1848">
     <span class='ocr_line' id='line_1_97' title="bbox 1044 1812 1854 1848; baseline 0.004 -11"><span class='ocrx_word' id='word_1_690' title='bbox 1044 1812 1124 1844; x_wconf 75' lang='lat' dir='ltr'><strong>rexit,</strong></span> <span class='ocrx_word' id='word_1_691' title='bbox 1142 1819 1258 1846; x_wconf 70' lang='lat' dir='ltr'><strong>qumque</strong></span> <span class='ocrx_word' id='word_1_692' title='bbox 1272 1813 1404 1840; x_wconf 60' lang='lat' dir='ltr'><strong>colletata</strong></span> <span class='ocrx_word' id='word_1_693' title='bbox 1418 1813 1510 1845; x_wconf 83' lang='lat' dir='ltr'><strong>fuerit,</strong></span> <span class='ocrx_word' id='word_1_694' title='bbox 1529 1818 1556 1841; x_wconf 89' lang='lat' dir='ltr'><strong>et</strong></span> <span class='ocrx_word' id='word_1_695' title='bbox 1573 1814 1724 1848; x_wconf 78' lang='lat' dir='ltr'><strong>voluptatis</strong></span> <span class='ocrx_word' id='word_1_696' title='bbox 1742 1815 1854 1841; x_wconf 54' lang='lat' dir='ltr'><strong>illecer</strong></span> 
     </span>
    </p>
   </div>
   <div class='ocr_carea' id='block_1_98' title="bbox 1045 1858 1838 1895">
    <p class='ocr_par' dir='ltr' id='par_1_98' title="bbox 1045 1858 1838 1895">
     <span class='ocr_line' id='line_1_98' title="bbox 1045 1858 1838 1895; baseline 0.003 -11"><span class='ocrx_word' id='word_1_697' title='bbox 1045 1858 1107 1884; x_wconf 83' lang='lat' dir='ltr'><strong>bras</strong></span> <span class='ocrx_word' id='word_1_698' title='bbox 1130 1858 1212 1885; x_wconf 86' lang='lat' dir='ltr'><strong>simul</strong></span> <span class='ocrx_word' id='word_1_699' title='bbox 1224 1859 1358 1886; x_wconf 82' lang='lat' dir='ltr'><strong>excitarit.</strong></span> <span class='ocrx_word' id='word_1_700' title='bbox 1373 1859 1400 1886; x_wconf 84' lang='lat' dir='ltr'><strong>Si</strong></span> <span class='ocrx_word' id='word_1_701' title='bbox 1416 1867 1479 1886; x_wconf 85' lang='lat' dir='ltr'><strong>vero</strong></span> <span class='ocrx_word' id='word_1_702' title='bbox 1490 1859 1625 1886; x_wconf 75' lang='lat' dir='ltr'><strong>suifocant</strong></span> <span class='ocrx_word' id='word_1_703' title='bbox 1636 1867 1732 1895; x_wconf 71' lang='lat' dir='ltr'><strong>aquas.</strong></span> <span class='ocrx_word' id='word_1_704' title='bbox 1748 1861 1838 1891; x_wconf 82' lang='lat' dir='ltr'><strong>aiunt,</strong></span> 
     </span>
    </p>
   </div>
   <div class='ocr_carea' id='block_1_99' title="bbox 1044 1904 1838 1939">
    <p class='ocr_par' dir='ltr' id='par_1_99' title="bbox 1044 1904 1838 1939">
     <span class='ocr_line' id='line_1_99' title="bbox 1044 1904 1838 1939; baseline 0.003 -9"><span class='ocrx_word' id='word_1_705' title='bbox 1044 1904 1110 1939; x_wconf 87' lang='lat' dir='ltr'><strong>quid</strong></span> <span class='ocrx_word' id='word_1_706' title='bbox 1126 1911 1195 1938; x_wconf 85' lang='lat' dir='ltr'><strong>opus</strong></span> <span class='ocrx_word' id='word_1_707' title='bbox 1211 1909 1253 1931; x_wconf 88' lang='lat' dir='ltr'><strong>est</strong></span> <span class='ocrx_word' id='word_1_708' title='bbox 1265 1905 1409 1931; x_wconf 70' lang='lat' dir='ltr'><strong>adhibere?</strong></span> <span class='ocrx_word' id='word_1_709' title='bbox 1426 1905 1490 1932; x_wconf 82' lang='lat' dir='ltr'><strong>Mihi</strong></span> <span class='ocrx_word' id='word_1_710' title='bbox 1502 1910 1592 1932; x_wconf 87' lang='lat' dir='ltr'><strong>autem</strong></span> <span class='ocrx_word' id='word_1_711' title='bbox 1609 1906 1744 1937; x_wconf 85' lang='lat' dir='ltr'><strong>fortassis</strong></span> <span class='ocrx_word' id='word_1_712' title='bbox 1759 1907 1838 1934; x_wconf 83' lang='lat' dir='ltr'><strong>venia</strong></span> 
     </span>
    </p>
   </div>
   <div class='ocr_carea' id='block_1_100' title="bbox 1045 1949 1841 1987">
    <p class='ocr_par' dir='ltr' id='par_1_100' title="bbox 1045 1949 1841 1987">
     <span class='ocr_line' id='line_1_100' title="bbox 1045 1949 1841 1987; baseline 0.004 -11"><span class='ocrx_word' id='word_1_713' title='bbox 1045 1949 1179 1984; x_wconf 76' lang='lat' dir='ltr'><strong>quaepiam</strong></span> <span class='ocrx_word' id='word_1_714' title='bbox 1203 1949 1320 1982; x_wconf 87' lang='lat' dir='ltr'><strong>dabitur,</strong></span> <span class='ocrx_word' id='word_1_715' title='bbox 1337 1950 1410 1984; x_wconf 85' lang='lat' dir='ltr'><strong>quod</strong></span> <span class='ocrx_word' id='word_1_716' title='bbox 1430 1950 1523 1977; x_wconf 84' lang='lat' dir='ltr'><strong>heram</strong></span> <span class='ocrx_word' id='word_1_717' title='bbox 1538 1957 1709 1986; x_wconf 84' lang='lat' dir='ltr'><strong>consequar.</strong></span> <span class='ocrx_word' id='word_1_718' title='bbox 1725 1960 1791 1987; x_wconf 66' lang='lat' dir='ltr'><strong>qur:</strong></span> <span class='ocrx_word' id='word_1_719' title='bbox 1812 1957 1841 1979; x_wconf 88' lang='lat' dir='ltr'><strong>ut</strong></span> 
     </span>
    </p>
   </div>
   <div class='ocr_carea' id='block_1_101' title="bbox 1045 1995 1841 2030">
    <p class='ocr_par' dir='ltr' id='par_1_101' title="bbox 1045 1995 1841 2030">
     <span class='ocr_line' id='line_1_101' title="bbox 1045 1995 1841 2030; baseline 0.003 -8"><span class='ocrx_word' id='word_1_720' title='bbox 1045 1996 1097 2022; x_wconf 84' lang='lat' dir='ltr'><strong>ista</strong></span> <span class='ocrx_word' id='word_1_721' title='bbox 1116 1995 1272 2030; x_wconf 87' lang='lat' dir='ltr'><strong>delinqttant</strong></span> <span class='ocrx_word' id='word_1_722' title='bbox 1304 2003 1347 2022; x_wconf 89' lang='lat' dir='ltr'><strong>me</strong></span> <span class='ocrx_word' id='word_1_723' title='bbox 1372 1996 1476 2023; x_wconf 81' lang='lat' dir='ltr'><strong>doceat.</strong></span> <span class='ocrx_word' id='word_1_724' title='bbox 1505 1996 1599 2029; x_wconf 85' lang='lat' dir='ltr'><strong>Qualis</strong></span> <span class='ocrx_word' id='word_1_725' title='bbox 1628 1998 1720 2030; x_wconf 83' lang='lat' dir='ltr'><strong>enim,</strong></span> <span class='ocrx_word' id='word_1_726' title='bbox 1750 1999 1841 2030; x_wconf 73' lang='lat' dir='ltr'><strong>aiunt,</strong></span> 
     </span>
    </p>
   </div>
   <div class='ocr_carea' id='block_1_102' title="bbox 1046 2040 1843 2074">
    <p class='ocr_par' dir='ltr' id='par_1_102' title="bbox 1046 2040 1843 2074">
     <span class='ocr_line' id='line_1_102' title="bbox 1046 2040 1843 2074; baseline 0.005 -7"><span class='ocrx_word' id='word_1_727' title='bbox 1046 2041 1123 2074; x_wconf 82' lang='lat' dir='ltr'><strong>hera,</strong></span> <span class='ocrx_word' id='word_1_728' title='bbox 1141 2041 1204 2068; x_wconf 85' lang='lat' dir='ltr'><strong>talis</strong></span> <span class='ocrx_word' id='word_1_729' title='bbox 1218 2045 1246 2068; x_wconf 88' lang='lat' dir='ltr'><strong>et</strong></span> <span class='ocrx_word' id='word_1_730' title='bbox 1267 2041 1354 2068; x_wconf 82' lang='lat' dir='ltr'><strong>canis.</strong></span> <span class='ocrx_word' id='word_1_731' title='bbox 1371 2040 1405 2068; x_wconf 90' lang='lat' dir='ltr'><strong>Ut</strong></span> <span class='ocrx_word' id='word_1_732' title='bbox 1422 2047 1510 2068; x_wconf 84' lang='lat' dir='ltr'><strong>autem</strong></span> <span class='ocrx_word' id='word_1_733' title='bbox 1532 2042 1633 2070; x_wconf 85' lang='lat' dir='ltr'><strong>clarius</strong></span> <span class='ocrx_word' id='word_1_734' title='bbox 1656 2043 1843 2072; x_wconf 84' lang='lat' dir='ltr'><strong>demonstra—</strong></span> 
     </span>
    </p>
   </div>
   <div class='ocr_carea' id='block_1_103' title="bbox 1044 2087 1842 2124">
    <p class='ocr_par' dir='ltr' id='par_1_103' title="bbox 1044 2087 1842 2124">
     <span class='ocr_line' id='line_1_103' title="bbox 1044 2087 1842 2124; baseline 0.005 -11"><span class='ocrx_word' id='word_1_735' title='bbox 1044 2091 1101 2113; x_wconf 81' lang='lat' dir='ltr'><strong>tum</strong></span> <span class='ocrx_word' id='word_1_736' title='bbox 1118 2087 1165 2119; x_wconf 86' lang='lat' dir='ltr'><strong>sit,</strong></span> <span class='ocrx_word' id='word_1_737' title='bbox 1181 2087 1253 2121; x_wconf 89' lang='lat' dir='ltr'><strong>quod</strong></span> <span class='ocrx_word' id='word_1_738' title='bbox 1266 2094 1281 2114; x_wconf 92' lang='lat' dir='ltr'><strong>a</strong></span> <span class='ocrx_word' id='word_1_739' title='bbox 1296 2094 1340 2114; x_wconf 90' lang='lat' dir='ltr'><strong>me</strong></span> <span class='ocrx_word' id='word_1_740' title='bbox 1354 2090 1407 2114; x_wconf 88' lang='lat' dir='ltr'><strong>non</strong></span> <span class='ocrx_word' id='word_1_741' title='bbox 1424 2087 1481 2122; x_wconf 78' lang='lat' dir='ltr'><strong>ipsa</strong></span> <span class='ocrx_word' id='word_1_742' title='bbox 1496 2089 1662 2122; x_wconf 85' lang='lat' dir='ltr'><strong>corripiatur</strong></span> <span class='ocrx_word' id='word_1_743' title='bbox 1678 2089 1716 2116; x_wconf 85' lang='lat' dir='ltr'><strong>ad</strong></span> <span class='ocrx_word' id='word_1_744' title='bbox 1736 2089 1842 2124; x_wconf 83' lang='lat' dir='ltr'><strong>turpis-</strong></span> 
     </span>
    </p>
   </div>
   <div class='ocr_carea' id='block_1_104' title="bbox 1045 2133 1842 2170">
    <p class='ocr_par' dir='ltr' id='par_1_104' title="bbox 1045 2133 1842 2170">
     <span class='ocr_line' id='line_1_104' title="bbox 1045 2133 1842 2170; baseline 0.001 -10"><span class='ocrx_word' id='word_1_745' title='bbox 1045 2133 1114 2160; x_wconf 88' lang='lat' dir='ltr'><strong>sima</strong></span> <span class='ocrx_word' id='word_1_746' title='bbox 1129 2140 1252 2168; x_wconf 72' lang='lat' dir='ltr'><strong>quaeque,</strong></span> <span class='ocrx_word' id='word_1_747' title='bbox 1264 2134 1310 2161; x_wconf 90' lang='lat' dir='ltr'><strong>sed</strong></span> <span class='ocrx_word' id='word_1_748' title='bbox 1319 2134 1376 2167; x_wconf 84' lang='lat' dir='ltr'><strong>ipsa</strong></span> <span class='ocrx_word' id='word_1_749' title='bbox 1387 2134 1473 2169; x_wconf 77' lang='lat' dir='ltr'><strong>magis</strong></span> <span class='ocrx_word' id='word_1_750' title='bbox 1482 2133 1516 2160; x_wconf 85' lang='lat' dir='ltr'><strong>ad</strong></span> <span class='ocrx_word' id='word_1_751' title='bbox 1528 2134 1687 2169; x_wconf 86' lang='lat' dir='ltr'><strong>voluptates</strong></span> <span class='ocrx_word' id='word_1_752' title='bbox 1706 2136 1842 2170; x_wconf 86' lang='lat' dir='ltr'><strong>abripiat,</strong></span> 
     </span>
    </p>
   </div>
   <div class='ocr_carea' id='block_1_105' title="bbox 1046 2179 1844 2214">
    <p class='ocr_par' dir='ltr' id='par_1_105' title="bbox 1046 2179 1844 2214">
     <span class='ocr_line' id='line_1_105' title="bbox 1046 2179 1844 2214; baseline 0.005 -9"><span class='ocrx_word' id='word_1_753' title='bbox 1046 2186 1145 2213; x_wconf 86' lang='lat' dir='ltr'><strong>meque</strong></span> <span class='ocrx_word' id='word_1_754' title='bbox 1165 2186 1258 2206; x_wconf 84' lang='lat' dir='ltr'><strong>secum</strong></span> <span class='ocrx_word' id='word_1_755' title='bbox 1275 2179 1424 2213; x_wconf 84' lang='lat' dir='ltr'><strong>pertrahat,</strong></span> <span class='ocrx_word' id='word_1_756' title='bbox 1451 2185 1496 2206; x_wconf 75' lang='lat' dir='ltr'><strong>tuo</strong></span> <span class='ocrx_word' id='word_1_757' title='bbox 1524 2187 1618 2214; x_wconf 84' lang='lat' dir='ltr'><strong>quaeso</strong></span> <span class='ocrx_word' id='word_1_758' title='bbox 1630 2181 1779 2214; x_wconf 83' lang='lat' dir='ltr'><strong>patienter</strong></span> <span class='ocrx_word' id='word_1_759' title='bbox 1793 2188 1844 2208; x_wconf 86' lang='lat' dir='ltr'><strong>au-</strong></span> 
     </span>
    </p>
   </div>
   <div class='ocr_carea' id='block_1_106' title="bbox 1046 2224 1844 2260">
    <p class='ocr_par' dir='ltr' id='par_1_106' title="bbox 1046 2224 1844 2260">
     <span class='ocr_line' id='line_1_106' title="bbox 1046 2224 1844 2260; baseline 0.004 -10"><span class='ocrx_word' id='word_1_760' title='bbox 1046 2224 1138 2255; x_wconf 84' lang='lat' dir='ltr'><strong>diatis,</strong></span> <span class='ocrx_word' id='word_1_761' title='bbox 1151 2225 1186 2251; x_wconf 89' lang='lat' dir='ltr'><strong>ab</strong></span> <span class='ocrx_word' id='word_1_762' title='bbox 1202 2225 1335 2252; x_wconf 84' lang='lat' dir='ltr'><strong>orationis</strong></span> <span class='ocrx_word' id='word_1_763' title='bbox 1353 2232 1434 2252; x_wconf 89' lang='lat' dir='ltr'><strong>cursu</strong></span> <span class='ocrx_word' id='word_1_764' title='bbox 1452 2225 1561 2259; x_wconf 88' lang='lat' dir='ltr'><strong>paulum</strong></span> <span class='ocrx_word' id='word_1_765' title='bbox 1577 2225 1801 2260; x_wconf 71' lang='lat' dir='ltr'><strong>digredientem,</strong></span> <span class='ocrx_word' id='word_1_766' title='bbox 1817 2231 1844 2253; x_wconf 85' lang='lat' dir='ltr'><strong>et</strong></span> 
     </span>
    </p>
   </div>
   <div class='ocr_carea' id='block_1_107' title="bbox 1047 2269 1846 2307">
    <p class='ocr_par' dir='ltr' id='par_1_107' title="bbox 1047 2269 1846 2307">
     <span class='ocr_line' id='line_1_107' title="bbox 1047 2269 1846 2307; baseline 0.005 -11"><span class='ocrx_word' id='word_1_767' title='bbox 1047 2270 1080 2297; x_wconf 88' lang='lat' dir='ltr'><strong>ad</strong></span> <span class='ocrx_word' id='word_1_768' title='bbox 1098 2269 1292 2304; x_wconf 64' lang='lat' dir='ltr'><strong>tragoediarum</strong></span> <span class='ocrx_word' id='word_1_769' title='bbox 1312 2270 1434 2297; x_wconf 89' lang='lat' dir='ltr'><strong>omnium</strong></span> <span class='ocrx_word' id='word_1_770' title='bbox 1453 2278 1574 2303; x_wconf 86' lang='lat' dir='ltr'><strong>causam,</strong></span> <span class='ocrx_word' id='word_1_771' title='bbox 1594 2279 1682 2306; x_wconf 84' lang='lat' dir='ltr'><strong>quam</strong></span> <span class='ocrx_word' id='word_1_772' title='bbox 1702 2273 1846 2307; x_wconf 78' lang='lat' dir='ltr'><strong>explicare</strong></span> 
     </span>
    </p>
   </div>
   <div class='ocr_carea' id='block_1_108' title="bbox 1045 2315 1622 2348">
    <p class='ocr_par' dir='ltr' id='par_1_108' title="bbox 1045 2315 1622 2348">
     <span class='ocr_line' id='line_1_108' title="bbox 1045 2315 1622 2348; baseline 0.002 -5"><span class='ocrx_word' id='word_1_773' title='bbox 1045 2323 1123 2343; x_wconf 70' lang='lat' dir='ltr'><strong>mens</strong></span> <span class='ocrx_word' id='word_1_774' title='bbox 1140 2315 1286 2348; x_wconf 83' lang='lat' dir='ltr'><strong>erubescit,</strong></span> <span class='ocrx_word' id='word_1_775' title='bbox 1298 2321 1494 2345; x_wconf 87' lang='lat' dir='ltr'><strong>recurrentem.</strong></span> <span class='ocrx_word' id='word_1_776' title='bbox 1616 2320 1622 2326; x_wconf 87' lang='lat'>&#39;</span> 
     </span>
    </p>
   </div>
   <div class='ocr_carea' id='block_1_109' title="bbox 1080 2361 1846 2398">
    <p class='ocr_par' dir='ltr' id='par_1_109' title="bbox 1080 2361 1846 2398">
     <span class='ocr_line' id='line_1_109' title="bbox 1080 2361 1846 2398; baseline 0.004 -11"><span class='ocrx_word' id='word_1_777' title='bbox 1080 2361 1139 2388; x_wconf 81' lang='lat' dir='ltr'><strong>Non</strong></span> <span class='ocrx_word' id='word_1_778' title='bbox 1157 2361 1303 2394; x_wconf 79' lang='lat' dir='ltr'><strong>sinceram,</strong></span> <span class='ocrx_word' id='word_1_779' title='bbox 1321 2361 1372 2388; x_wconf 84' lang='lat' dir='ltr'><strong>viri</strong></span> <span class='ocrx_word' id='word_1_780' title='bbox 1384 2362 1501 2396; x_wconf 74' lang='lat' dir='ltr'><strong>iudices,</strong></span> <span class='ocrx_word' id='word_1_781' title='bbox 1519 2362 1727 2398; x_wconf 68' lang='lat' dir='ltr'><strong>intelligentiam</strong></span> <span class='ocrx_word' id='word_1_782' title='bbox 1746 2366 1846 2395; x_wconf 81' lang='lat' dir='ltr'><strong>vitam.</strong></span> 
     </span>
    </p>
   </div>
   <div class='ocr_carea' id='block_1_110' title="bbox 1045 2407 1847 2442">
    <p class='ocr_par' dir='ltr' id='par_1_110' title="bbox 1045 2407 1847 2442">
     <span class='ocr_line' id='line_1_110' title="bbox 1045 2407 1847 2442; baseline 0.005 -8"><span class='ocrx_word' id='word_1_783' title='bbox 1045 2413 1072 2434; x_wconf 87' lang='lat' dir='ltr'><strong>et</strong></span> <span class='ocrx_word' id='word_1_784' title='bbox 1085 2415 1101 2434; x_wconf 87' lang='lat' dir='ltr'><strong>a</strong></span> <span class='ocrx_word' id='word_1_785' title='bbox 1121 2414 1253 2441; x_wconf 82' lang='lat' dir='ltr'><strong>corporeo</strong></span> <span class='ocrx_word' id='word_1_786' title='bbox 1267 2415 1350 2435; x_wconf 86' lang='lat' dir='ltr'><strong>sensu</strong></span> <span class='ocrx_word' id='word_1_787' title='bbox 1365 2407 1515 2442; x_wconf 73' lang='lat' dir='ltr'><strong>ablegatam</strong></span> <span class='ocrx_word' id='word_1_788' title='bbox 1535 2413 1628 2436; x_wconf 81' lang='lat' dir='ltr'><strong>noster</strong></span> <span class='ocrx_word' id='word_1_789' title='bbox 1644 2410 1768 2438; x_wconf 82' lang='lat' dir='ltr'><strong>animus</strong></span> <span class='ocrx_word' id='word_1_790' title='bbox 1784 2418 1847 2438; x_wconf 90' lang='lat' dir='ltr'><strong>sor-</strong></span> 
     </span>
    </p>
   </div>
   <div class='ocr_carea' id='block_1_111' title="bbox 1045 2453 1846 2488">
    <p class='ocr_par' dir='ltr' id='par_1_111' title="bbox 1045 2453 1846 2488">
     <span class='ocr_line' id='line_1_111' title="bbox 1045 2453 1846 2488; baseline 0.005 -10"><span class='ocrx_word' id='word_1_791' title='bbox 1045 2453 1111 2479; x_wconf 90' lang='lat' dir='ltr'><strong>titus</strong></span> <span class='ocrx_word' id='word_1_792' title='bbox 1127 2458 1178 2484; x_wconf 73' lang='lat' dir='ltr'><strong>eSt,</strong></span> <span class='ocrx_word' id='word_1_793' title='bbox 1196 2453 1242 2479; x_wconf 86' lang='lat' dir='ltr'><strong>sed</strong></span> <span class='ocrx_word' id='word_1_794' title='bbox 1263 2453 1371 2487; x_wconf 82' lang='lat' dir='ltr'><strong>utrique</strong></span> <span class='ocrx_word' id='word_1_795' title='bbox 1385 2454 1445 2480; x_wconf 69' lang='lat' dir='ltr'><strong>vine</strong></span> <span class='ocrx_word' id='word_1_796' title='bbox 1459 2454 1484 2481; x_wconf 94' lang='lat' dir='ltr'><strong>ei</strong></span> <span class='ocrx_word' id='word_1_797' title='bbox 1500 2454 1628 2488; x_wconf 80' lang='lat' dir='ltr'><strong>subjectae</strong></span> <span class='ocrx_word' id='word_1_798' title='bbox 1642 2455 1770 2488; x_wconf 82' lang='lat' dir='ltr'><strong>insidet,</strong></span> <span class='ocrx_word' id='word_1_799' title='bbox 1789 2462 1846 2484; x_wconf 89' lang='lat' dir='ltr'><strong>tum</strong></span> 
     </span>
    </p>
   </div>
   <div class='ocr_carea' id='block_1_112' title="bbox 1046 2498 1847 2534">
    <p class='ocr_par' dir='ltr' id='par_1_112' title="bbox 1046 2498 1847 2534">
     <span class='ocr_line' id='line_1_112' title="bbox 1046 2498 1847 2534; baseline 0.007 -10"><span class='ocrx_word' id='word_1_800' title='bbox 1046 2498 1196 2533; x_wconf 62' lang='lat' dir='ltr'><strong>plantaria,</strong></span> <span class='ocrx_word' id='word_1_801' title='bbox 1218 2503 1273 2526; x_wconf 89' lang='lat' dir='ltr'><strong>tum</strong></span> <span class='ocrx_word' id='word_1_802' title='bbox 1290 2499 1380 2531; x_wconf 85' lang='lat' dir='ltr'><strong>vitali,</strong></span> <span class='ocrx_word' id='word_1_803' title='bbox 1401 2507 1415 2526; x_wconf 70' lang='grc' dir='ltr'>τι</span> <span class='ocrx_word' id='word_1_804' title='bbox 1437 2500 1538 2534; x_wconf 87' lang='lat' dir='ltr'><strong>quibus</strong></span> <span class='ocrx_word' id='word_1_805' title='bbox 1553 2501 1728 2529; x_wconf 70' lang='lat' dir='ltr'><strong>constitutio</strong></span> <span class='ocrx_word' id='word_1_806' title='bbox 1752 2507 1847 2530; x_wconf 85' lang='lat' dir='ltr'><strong>nostra</strong></span> 
     </span>
    </p>
   </div>
   <div class='ocr_carea' id='block_1_113' title="bbox 1046 2544 1849 2578">
    <p class='ocr_par' dir='ltr' id='par_1_113' title="bbox 1046 2544 1849 2578">
     <span class='ocr_line' id='line_1_113' title="bbox 1046 2544 1849 2578; baseline 0.005 -8"><span class='ocrx_word' id='word_1_807' title='bbox 1046 2550 1179 2578; x_wconf 77' lang='lat' dir='ltr'><strong>corporea</strong></span> <span class='ocrx_word' id='word_1_808' title='bbox 1202 2544 1350 2578; x_wconf 72' lang='lat' dir='ltr'><strong>gubernatis</strong></span> <span class='ocrx_word' id='word_1_809' title='bbox 1375 2549 1563 2572; x_wconf 84' lang='lat' dir='ltr'><strong>conservatur.</strong></span> <span class='ocrx_word' id='word_1_810' title='bbox 1590 2544 1664 2572; x_wconf 83' lang='lat' dir='ltr'><strong>Nam</strong></span> <span class='ocrx_word' id='word_1_811' title='bbox 1692 2547 1796 2574; x_wconf 81' lang='lat' dir='ltr'><strong>dolore</strong></span> <span class='ocrx_word' id='word_1_812' title='bbox 1821 2551 1849 2573; x_wconf 78' lang='lat' dir='ltr'><strong>et</strong></span> 
     </span>
    </p>
   </div>
   <div class='ocr_carea' id='block_1_114' title="bbox 1046 2589 1849 2624">
    <p class='ocr_par' dir='ltr' id='par_1_114' title="bbox 1046 2589 1849 2624">
     <span class='ocr_line' id='line_1_114' title="bbox 1046 2589 1849 2624; baseline 0.002 -9"><span class='ocrx_word' id='word_1_813' title='bbox 1046 2589 1182 2623; x_wconf 85' lang='lat' dir='ltr'><strong>voluptate</strong></span> <span class='ocrx_word' id='word_1_814' title='bbox 1207 2589 1287 2623; x_wconf 82' lang='lat' dir='ltr'><strong>quasi</strong></span> <span class='ocrx_word' id='word_1_815' title='bbox 1308 2589 1492 2623; x_wconf 68' lang='lat' dir='ltr'><strong>gubernaculo</strong></span> <span class='ocrx_word' id='word_1_816' title='bbox 1518 2593 1731 2624; x_wconf 82' lang='lat' dir='ltr'><strong>temperantur;</strong></span> <span class='ocrx_word' id='word_1_817' title='bbox 1753 2591 1849 2619; x_wconf 88' lang='lat' dir='ltr'><strong>dolore</strong></span> 
     </span>
    </p>
   </div>
   <div class='ocr_carea' id='block_1_115' title="bbox 1046 2633 1848 2669">
    <p class='ocr_par' dir='ltr' id='par_1_115' title="bbox 1046 2633 1848 2669">
     <span class='ocr_line' id='line_1_115' title="bbox 1046 2633 1848 2669; baseline 0.004 -9"><span class='ocrx_word' id='word_1_818' title='bbox 1046 2641 1107 2660; x_wconf 84' lang='lat' dir='ltr'><strong>cum</strong></span> <span class='ocrx_word' id='word_1_819' title='bbox 1132 2633 1262 2661; x_wconf 82' lang='lat' dir='ltr'><strong>inanitate</strong></span> <span class='ocrx_word' id='word_1_820' title='bbox 1279 2633 1445 2665; x_wconf 76' lang='lat' dir='ltr'><strong>laboramus,</strong></span> <span class='ocrx_word' id='word_1_821' title='bbox 1462 2638 1510 2661; x_wconf 77' lang='lat' dir='ltr'><strong>aut</strong></span> <span class='ocrx_word' id='word_1_822' title='bbox 1526 2633 1602 2660; x_wconf 91' lang='lat' dir='ltr'><strong>aliter</strong></span> <span class='ocrx_word' id='word_1_823' title='bbox 1617 2636 1782 2669; x_wconf 77' lang='lat' dir='ltr'><strong>angimur;</strong></span> <span class='ocrx_word' id='word_1_824' title='bbox 1801 2643 1848 2662; x_wconf 88' lang='lat' dir='ltr'><strong>vo-</strong></span> 
     </span>
    </p>
   </div>
   <div class='ocr_carea' id='block_1_116' title="bbox 1048 2677 1850 2712">
    <p class='ocr_par' dir='ltr' id='par_1_116' title="bbox 1048 2677 1850 2712">
     <span class='ocr_line' id='line_1_116' title="bbox 1048 2677 1850 2712; baseline 0.002 -8"><span class='ocrx_word' id='word_1_825' title='bbox 1048 2678 1160 2712; x_wconf 78' lang='lat' dir='ltr'><strong>luptate,</strong></span> <span class='ocrx_word' id='word_1_826' title='bbox 1174 2685 1236 2704; x_wconf 84' lang='lat' dir='ltr'><strong>cum</strong></span> <span class='ocrx_word' id='word_1_827' title='bbox 1249 2678 1401 2712; x_wconf 79' lang='lat' dir='ltr'><strong>explemur,</strong></span> <span class='ocrx_word' id='word_1_828' title='bbox 1413 2681 1441 2705; x_wconf 87' lang='lat' dir='ltr'><strong>et</strong></span> <span class='ocrx_word' id='word_1_829' title='bbox 1451 2677 1523 2704; x_wconf 88' lang='lat' dir='ltr'><strong>nulla</strong></span> <span class='ocrx_word' id='word_1_830' title='bbox 1537 2677 1759 2711; x_wconf 84' lang='lat' dir='ltr'><strong>perturbatione</strong></span> <span class='ocrx_word' id='word_1_831' title='bbox 1771 2686 1850 2706; x_wconf 70' lang='lat' dir='ltr'><strong>vexa-</strong></span> 
     </span>
    </p>
   </div>
   <div class='ocr_carea' id='block_1_117' title="bbox 1047 2722 1849 2758">
    <p class='ocr_par' dir='ltr' id='par_1_117' title="bbox 1047 2722 1849 2758">
     <span class='ocr_line' id='line_1_117' title="bbox 1047 2722 1849 2758; baseline -0.004 -8"><span class='ocrx_word' id='word_1_832' title='bbox 1047 2730 1118 2754; x_wconf 83' lang='lat' dir='ltr'><strong>mur,</strong></span> <span class='ocrx_word' id='word_1_833' title='bbox 1136 2731 1169 2750; x_wconf 85' lang='lat' dir='ltr'><strong>ex</strong></span> <span class='ocrx_word' id='word_1_834' title='bbox 1194 2723 1298 2758; x_wconf 76' lang='lat' dir='ltr'><strong>opiﬁcis</strong></span> <span class='ocrx_word' id='word_1_835' title='bbox 1323 2728 1427 2752; x_wconf 66' lang='lat' dir='ltr'><strong>natura:</strong></span> <span class='ocrx_word' id='word_1_836' title='bbox 1443 2722 1626 2757; x_wconf 81' lang='lat' dir='ltr'><strong>providentia,</strong></span> <span class='ocrx_word' id='word_1_837' title='bbox 1644 2723 1849 2751; x_wconf 73' lang='lat' dir='ltr'><strong>affectionibus</strong></span> 
     </span>
    </p>
   </div>
   <div class='ocr_carea' id='block_1_118' title="bbox 1047 2766 1849 2803">
    <p class='ocr_par' dir='ltr' id='par_1_118' title="bbox 1047 2766 1849 2803">
     <span class='ocr_line' id='line_1_118' title="bbox 1047 2766 1849 2803; baseline -0.002 -7"><span class='ocrx_word' id='word_1_838' title='bbox 1047 2768 1180 2803; x_wconf 87' lang='lat' dir='ltr'><strong>ejusmodi</strong></span> <span class='ocrx_word' id='word_1_839' title='bbox 1204 2768 1282 2794; x_wconf 91' lang='lat' dir='ltr'><strong>nobis</strong></span> <span class='ocrx_word' id='word_1_840' title='bbox 1307 2767 1341 2794; x_wconf 89' lang='lat' dir='ltr'><strong>ad</strong></span> <span class='ocrx_word' id='word_1_841' title='bbox 1363 2767 1477 2794; x_wconf 83' lang='lat' dir='ltr'><strong>salutem</strong></span> <span class='ocrx_word' id='word_1_842' title='bbox 1503 2766 1690 2802; x_wconf 77' lang='lat' dir='ltr'><strong>ingeneratis.</strong></span> <span class='ocrx_word' id='word_1_843' title='bbox 1719 2768 1749 2796; x_wconf 87' lang='lat' dir='ltr'><strong>Si</strong></span> <span class='ocrx_word' id='word_1_844' title='bbox 1776 2768 1849 2797; x_wconf 87' lang='lat' dir='ltr'><strong>enim</strong></span> 
     </span>
    </p>
   </div>
   <div class='ocr_carea' id='block_1_119' title="bbox 1047 2813 1848 2848">
    <p class='ocr_par' dir='ltr' id='par_1_119' title="bbox 1047 2813 1848 2848">
     <span class='ocr_line' id='line_1_119' title="bbox 1047 2813 1848 2848; baseline -0.001 -8"><span class='ocrx_word' id='word_1_845' title='bbox 1047 2815 1110 2841; x_wconf 91' lang='lat' dir='ltr'><strong>dum</strong></span> <span class='ocrx_word' id='word_1_846' title='bbox 1130 2813 1274 2842; x_wconf 75' lang='lat' dir='ltr'><strong>debuimus</strong></span> <span class='ocrx_word' id='word_1_847' title='bbox 1295 2818 1322 2840; x_wconf 92' lang='lat' dir='ltr'><strong>et</strong></span> <span class='ocrx_word' id='word_1_848' title='bbox 1345 2813 1557 2847; x_wconf 84' lang='lat' dir='ltr'><strong>corrumpimur,</strong></span> <span class='ocrx_word' id='word_1_849' title='bbox 1580 2818 1638 2839; x_wconf 79' lang='lat' dir='ltr'><strong>nan</strong></span> <span class='ocrx_word' id='word_1_850' title='bbox 1663 2820 1848 2848; x_wconf 73' lang='lat' dir='ltr'><strong>augerentur,</strong></span> 
     </span>
    </p>
   </div>
   <div class='ocr_carea' id='block_1_120' title="bbox 1048 2858 1852 2896">
    <p class='ocr_par' dir='ltr' id='par_1_120' title="bbox 1048 2858 1852 2896">
     <span class='ocr_line' id='line_1_120' title="bbox 1048 2858 1852 2896; baseline -0.001 -8"><span class='ocrx_word' id='word_1_851' title='bbox 1048 2867 1137 2895; x_wconf 85' lang='lat' dir='ltr'><strong>neque</strong></span> <span class='ocrx_word' id='word_1_852' title='bbox 1152 2860 1215 2887; x_wconf 79' lang='lat' dir='ltr'><strong>dum</strong></span> <span class='ocrx_word' id='word_1_853' title='bbox 1231 2859 1365 2888; x_wconf 80' lang='lat' dir='ltr'><strong>satiantur</strong></span> <span class='ocrx_word' id='word_1_854' title='bbox 1378 2859 1541 2892; x_wconf 73' lang='lat' dir='ltr'><strong>laetarentur,</strong></span> <span class='ocrx_word' id='word_1_855' title='bbox 1559 2858 1594 2886; x_wconf 89' lang='lat' dir='ltr'><strong>ita</strong></span> <span class='ocrx_word' id='word_1_856' title='bbox 1617 2864 1652 2887; x_wconf 89' lang='lat' dir='ltr'><strong>ut</strong></span> <span class='ocrx_word' id='word_1_857' title='bbox 1671 2868 1770 2896; x_wconf 86' lang='lat' dir='ltr'><strong>nequc</strong></span> <span class='ocrx_word' id='word_1_858' title='bbox 1787 2869 1852 2889; x_wconf 82' lang='lat' dir='ltr'><strong>cen-</strong></span> 
     </span>
    </p>
   </div>
  </div>
