1963 3066
159 149 209 183 981

824 159 946 189 PROSO
952 160 1054 190 f‘UPfE
1061 161 1069 190 [
1076 162 1116 191 (Ε.

1726 161 1785 191 9M!

158 205 289 240 ﬁcientia,
318 215 403 242 neque
427 211 617 238 conscrvantia
643 213 821 243 sentiremus.
847 214 1091 248 subitoAl‘ureus,
1112 218 1190 252 quasi
1216 217 1395 251 deoipiamus,
1419 221 1446 243 et
1458 224 1504 243 eos
1535 216 1558 242 vi
1586 215 1783 250 COI‘t'lplattluS!

157 251 310 285 periremus
326 252 519 288 imprudentia.
537 257 615 285 Nunc
634 265 697 285 vero
713 259 824 293 provida
843 266 939 287 natura

153 297 232 329 quasi
260 299 385 328 manibus
413 301 520 330 duabus
549 307 643 336 utens,
674 304 832 338 fatigatione
859 310 940 340 atque

153 339 346 376 delectatione,
368 344 412 372 illa
432 354 566 381 pungens,
584 348 635 375 hac
653 349 790 381 inescans,
806 350 838 378 ad
856 339 939 378 eden-

154 387 219 413 dutn
244 392 270 415 et
297 388 444 418 bibettdttm
468 395 620 421 exsuscitat
642 394 777 430 fugientes
801 397 940 424 esuriendi

155 431 289 467 dolorem,
312 440 339 462 et
362 436 459 465 edendi
475 440 653 474 voluptatem,
672 442 743 476 quod
766 446 807 468 est
826 442 940 470 alimen-

154 482 223 513 tum,
242 487 437 516 persequentes
455 493 463 511 :
482 493 575 513 verum
599 487 729 520 primario
753 488 823 522 loco,
844 494 872 516 ut
893 489 941 522 qui

153 532 186 551 ex
205 527 296 554 esurie
312 535 414 556 mceror
428 531 562 564 nascitur,
575 536 751 566 amoveatur;
767 534 940 567 secundario,

155 575 186 597 ut
196 573 337 600 saturandi
352 574 462 602 licentia
480 576 571 605 detur.
585 577 701 606 Animus
716 584 807 606 autem
827 579 940 607 rationis

158 624 268 652 compos
290 619 370 647 aliter
387 628 417 650 se
431 623 537 650 nutrire
557 631 606 658 per
619 631 649 651 se
671 625 757 658 novit,
770 629 796 652 et
810 631 940 660 praestan-

157 663 216 689 uori
236 664 354 699 quadam
376 666 513 699 ambrosia
531 667 596 695 frui.
614 668 715 696 Verum
730 677 803 703 cum,
821 675 850 697 ιιι
867 670 939 699 dixi-

154 715 227 740 mus,
255 717 319 746 erga
347 710 399 739 sibi
421 712 561 747 subjectas
590 713 734 743 facultates
757 723 810 743 non
843 716 940 745 intole-

153 758 246 781 ranter
265 763 314 783 nec
333 756 543 792 implacabiliter
565 759 692 788 all‘eetum
718 761 776 794 sit,
803 769 940 792 consensu

154 800 271 835 quodam
294 802 376 830 etiam
398 803 430 831 iis
448 805 616 839 patientibus
634 807 814 841 condolescit,
833 814 860 836 et
874 817 941 838 sane

153 853 216 873 cum
232 852 369 882 anguntur
390 849 472 877 simul
488 851 606 885 angitur,
624 856 650 880 et
667 859 727 879 cum
746 853 871 882 lmtantur
884 856 939 883 col-

153 891 281 921 laatatur:
299 894 340 921 vel
352 895 454 929 potius,
470 896 493 923 si
509 903 565 923 rem
583 898 739 926 accuratius
756 899 868 927 deﬁnire
883 901 940 935 pla-

151 943 206 971 cet,
222 944 248 965 et
271 945 301 966 ut
323 939 400 967 aiunt
425 942 491 970 artis
510 942 652 971 medietate
675 945 800 978 studiosi,
822 947 940 981 primum

152 984 211 1018 ipsa
229 986 342 1014 rationis
362 989 542 1015 consensione
559 990 671 1024 patitur,
685 997 827 1027 propterea
844 998 870 1020 et
886 995 939 1029 pri-

150 1037 197 1057 ma
221 1030 254 1057 ad
275 1033 457 1060 amovendum
481 1034 604 1062 dolorem
628 1038 761 1072 exsurgit,
783 1039 825 1066 sui
858 1047 940 1068 causa

151 1077 291 1105 maxime:
311 1078 417 1111 deinde,
435 1083 460 1106 ut
478 1085 519 1107 est
533 1081 647 1114 dictum,
660 1083 830 1111 subditorum
842 1086 942 1119 juvan-

153 1123 250 1150 dorum
268 1124 365 1158 gratia.
388 1124 424 1166 In.
437 1133 469 1152 eo
485 1126 566 1160 igitur
579 1129 717 1162 sapientis
728 1133 832 1157 natura!
847 1131 939 1165 provi-

152 1167 242 1194 dentia
260 1168 320 1201 fuit,
337 1177 369 1196 ne
396 1171 514 1199 maxime
537 1173 695 1208 principalis
715 1176 835 1209 animus,
858 1185 939 1212 supra

149 1215 223 1241 mala
260 1216 366 1249 positus
395 1216 529 1245 emineret
559 1219 729 1254 impalibilis,
760 1228 787 1248 et
814 1224 940 1252 sensibus

153 1260 244 1288 nullas
274 1261 446 1290 difficultates
469 1271 529 1298 qua:
552 1266 680 1295 secundis
709 1273 736 1294 ct
763 1267 939 1297 inferioribus

152 1306 349 1339 interveniunt,
368 1308 508 1342 hauriret;
523 1310 556 1337 ad
575 1318 670 1338 eorum
685 1313 756 1339 ettitn
775 1313 847 1341 nulla
865 1321 940 1348 pror-

151 1359 199 1380 sus
216 1353 337 1380 curanda
353 1359 568 1383 cmtverteretur.
591 1356 621 1384 Si
644 1358 715 1384 enim
733 1359 770 1385 ita
790 1359 938 1394 stimulata,

152 1398 358 1430 condolescens,
379 1403 406 1426 ct
431 1407 567 1429 consensu
593 1402 734 1437 laborans,
755 1405 852 1433 videtis
868 1414 938 1440 quo-

149 1443 233 1470 modo
257 1444 403 1478 pigrescat,
434 1443 547 1474 delicias
571 1447 670 1482 faciat,
698 1454 725 1476 et
753 1457 814 1485 qua:
845 1459 939 1479 revera

149 1490 302 1517 communis
330 1495 371 1518 est
399 1491 520 1524 fortuna,
544 1497 575 1520 ut
598 1494 777 1522 infortunium
805 1493 936 1532 deploret,

152 1536 239 1578 multo
248 1535 339 1564 minus
352 1537 472 1571 profecto
481 1547 579 1574 corpus
593 1542 769 1575 respexisset,
779 1543 801 1569 si
814 1544 937 1578 corporis

149 1574 330 1611 adversitates
352 1590 412 1611 eam
435 1589 542 1613 naturae
564 1586 676 1615 decreto
695 1597 749 1616 non
773 1590 937 1623 attigissent.

151 1626 230 1655 Nunc
246 1635 322 1658 vero.
336 1629 359 1656 si
378 1629 489 1663 quidem
506 1630 580 1659 aliud
596 1632 748 1668 quidpiam,
765 1641 791 1662 et
805 1635 856 1664 hoc
869 1645 938 1671 quo«

152 1680 207 1708 que
224 1674 404 1702 constitutum
420 1679 462 1703 e‘st
479 1677 592 1711 optime,
611 1683 641 1705 ut
664 1681 846 1708 consensione
863 1683 939 1710 dolo-

149 1726 212 1745 rum
239 1725 347 1754 agatur,
361 1725 387 1748 et
406 1727 439 1749 eo
461 1722 542 1750 simul
558 1723 721 1758 adducatur,
743 1732 782 1757 ut.
806 1729 939 1762 quemad-

148 1765 261 1794 modum
284 1767 322 1794 ait
343 1768 489 1803 quispiam,
503 1769 622 1798 viciSsim
646 1777 672 1798 et
687 1780 718 1799 ex
739 1778 815 1807 parte
831 1774 938 1802 labores

149 1818 285 1846 capessat,
301 1818 328 1840 et
345 1815 529 1843 molestiarum
550 1817 738 1845 liberationem
755 1821 938 1848 communiter

150 1860 307 1894 conquirat.
329 1859 432 1894 Quibus
449 1862 521 1889 enim
544 1865 729 1897 quorumlibet
749 1865 938 1894 incommodo-

150 1910 212 1931 rum
243 1907 401 1934 eontmunio
417 1911 468 1940 est,
494 1907 589 1936 iisdem
614 1910 797 1938 communiter
812 1916 839 1938 et
855 1912 889 1939 ab
905 1911 938 1940 iis

147 1951 274 1979 liberatio
286 1959 359 1980 curae
375 1957 425 1980 est.

184 1995 232 2025 llis
256 1998 292 2025 ita
313 1998 517 2031 demonstratis,
538 2000 565 2027 in
582 2001 707 2029 eumdem
728 2002 815 2029 locum
839 2002 936 2031 iterum

148 2043 247 2070 recidit
260 2044 364 2071 oratio:
378 2052 410 2071 ac
423 2046 548 2080 superius
559 2047 689 2081 expositae
703 2055 838 2075 memores
850 2053 936 2076 estote

147 2090 295 2125 parabolae,
323 2091 350 2118 in
373 2099 425 2125 qua
443 2092 548 2119 ﬁdelem
568 2098 593 2120 et
617 2095 777 2127 prudentem
794 2096 937 2130 dispensa-

146 2141 234 2162 torem
261 2143 339 2162 stmm
364 2137 490 2164 dominus
509 2139 661 2171 constituit,
685 2145 713 2167 ut
730 2141 782 2168 sibi
800 2141 936 2176 obsequa-

144 2186 203 2211 tur.
233 2181 323 2209 dando
355 2189 405 2209 suo
425 2187 547 2217 tempore
570 2184 641 2215 cibo.
669 2187 799 2220 ntnnqnid
825 2184 889 2214 non"
905 2188 937 2215 ad

993 265 1111 295 perversi
1135 264 1205 291 servi
1223 262 1355 297 supplicia
1375 261 1513 297 defugiet?
1528 261 1624 290 Nonnc
1639 262 1781 296 discerpe:

993 315 1045 342 tur,
1059 313 1086 336 et
1100 317 1161 337 sors
1173 310 1199 335 ei
1212 317 1273 336 cum
1297 308 1445 344 hypocritis
1462 307 1656 338 constituetur,
1670 313 1699 334 ut
1719 315 1781 342 quae,

993 360 1121 390 tanquam
1147 355 1172 382 in
1191 355 1307 387 theatro,
1326 355 1376 381 hac
1392 355 1457 386 vita,
1473 360 1617 388 persultant
1634 354 1781 388 cujusdam

993 407 1122 429 matrona:
1135 406 1234 429 sancte
1250 405 1277 428 et
1287 401 1386 428 divina:
1402 400 1497 426 imluta
1513 399 1607 428 fuerit.
1625 404 1653 426 et
1669 407 1779 432 οιιιιιειμ

994 447 1125 475 incuriam
1149 455 1181 474 ac
1196 446 1360 474 dementiam
1382 446 1460 473 initio
1487 445 1676 476 diSsimularit,
1696 445 1780 471 libere

992 500 1057 519 vero
1080 492 1208 520 omnibus
1233 491 1359 520 nefandis
1385 492 1569 526 voluptatibus
1595 492 1730 522 servierit,
1753 496 1780 518 et

993 544 1021 570 ut
1034 539 1218 573 intemperans
1237 538 1346 571 ancilla,
1364 538 1491 564 indecore
1510 544 1540 565 se
1554 537 1669 572 gesserit
1681 541 1707 575 et
1722 540 1782 563 tur-

991 585 1054 620 pius
1068 584 1228 612 incbriarit?
1240 583 1313 620 quod
1327 590 1403 618 puto.
1419 583 1485 610 Nam
1501 582 1526 610 ei
1542 582 1650 610 cunctis
1667 580 1782 612 facultaé

993 630 1066 658 tibus
1094 629 1228 664 prtefecta:
1257 629 1314 656 haec
1345 636 1408 656 cura
1432 629 1592 656 demandata
1619 632 1670 660 est,
1698 632 1726 655 ut
1754 633 1780 655 ct

992 675 1126 711 sagaciter
1148 675 1299 703 molestiam
1315 674 1472 702 exhibentia
1494 674 1661 718 provideret,
1679 679 1706 701 et
1723 672 1780 701 ido-

992 729 1071 751 neam
1097 721 1260 749 medicinam
1287 721 1438 752 adhiberet,
1453 725 1482 748 ut
1505 721 1581 748 illine
1604 721 1778 754 perspicuum

992 768 1081 796 εειιεί
1096 767 1206 803 quando
1219 768 1291 795 enim
1308 774 1386 795 mens
1399 768 1425 794 in
1442 767 1570 794 curandis
1585 766 1666 793 rebus
1681 765 1779 792 divinis

991 821 1103 841 excessu
1125 813 1221 844 nimio,
1241 813 1291 845 vel,
1308 820 1351 840 me
1366 813 1472 844 nescio,
1492 812 1588 839 morbo
1606 812 1782 846 corripiatur,

954 859 1038 909 Bqui
1063 859 1238 895 cogitationis
1263 866 1317 886 non
1346 858 1495 886 movendas
1519 857 1637 885 chordas
1661 861 1780 889 moveat,

992 913 1041 933 nec
1056 905 1167 938 esuriei,
1182 912 1232 932 nec
1251 905 1384 937 alimenti,
1406 911 1455 932 nec
1470 904 1540 932 alius
1559 903 1706 938 voluptatis
1722 911 1780 930 tne-

992 959 1051 978 mor
1065 952 1111 984 sit,
1126 957 1183 979 tum
1197 959 1247 986 ego
1265 958 1374 986 quoque
1389 950 1462 978 nulla
1480 950 1576 977 barum
1598 957 1689 977 rerutn
1702 956 1780 980 cura.

991 999 1064 1025 nulla
1076 997 1258 1025 sollicitudine
1274 1003 1371 1032 tangor
1385 1007 1392 1025 :
1409 1004 1529 1032 quonam
1541 997 1622 1031 igitur
1635 995 1716 1022 modo
1730 996 1781 1029 pri-

992 1053 1049 1072 mas
1075 1052 1125 1079 ego
1151 1050 1240 1079 partes
1273 1049 1372 1075 teneo,
1399 1048 1426 1070 et
1452 1043 1616 1077 procurandi
1643 1047 1671 1069 et
1699 1041 1782 1068 dandi

991 1091 1076 1123 cibos,
1093 1094 1119 1118 et
1132 1096 1238 1125 tempus
1256 1089 1351 1117 eorum
1370 1097 1402 1117 ac
1420 1089 1530 1116 modum
1552 1089 1697 1116 deﬁniendi
1719 1096 1782 1116 tnu-

993 1145 1042 1164 nus
1055 1137 1193 1164 sortictttis
1207 1137 1358 1171 voluptates
1371 1135 1510 1170 pra‘ripio,
1522 1136 1671 1170 dcindeque
1683 1136 1779 1170 ipsam,

992 1184 1061 1216 quod
1089 1188 1130 1209 est
1156 1183 1242 1217 magis
1268 1182 1425 1213 ridiculum.
1452 1182 1484 1208 ad
1512 1189 1558 1209 cas
1583 1182 1721 1216 corripio?
1743 1183 1782 1211 Ita

993 1228 1082 1255 mollis
1100 1227 1158 1262 ipsa
1178 1232 1219 1255 est
1239 1233 1266 1254 et
1279 1227 1408 1259 delicata,
1426 1235 1477 1262 ego
1502 1235 1566 1255 vero
1590 1229 1732 1256 robustum
1749 1236 1781 1258 ac

991 1274 1149 1302 violentum.

1028 1319 1127 1347 Verum
1145 1320 1284 1348 enimvero
1311 1327 1344 1347 ne
1375 1320 1490 1356 singulis
1513 1321 1635 1356 partibus
1658 1321 1780 1349 renitens

991 1364 1115 1392 defensio
1131 1365 1299 1393 contentiosa
1319 1365 1442 1392 videatur
1462 1369 1488 1392 et
1504 1366 1640 1400 pertinax,
1653 1371 1699 1394 tua
1714 1375 1779 1402 gra-

992 1411 1029 1438 tia
1049 1411 1170 1438 concedo
1199 1418 1241 1437 me
1266 1410 1384 1444 primunt
1413 1411 1598 1445 voluptatibus
1619 1412 1726 1439 inhiare
1750 1417 1780 1440 et

991 1456 1255 1491 compleri,insuper
1269 1461 1294 1482 te
1307 1463 1418 1490 quoque
1430 1457 1463 1483 ad
1479 1457 1631 1492 voluptates
1647 1457 1778 1486 t‘ruendas

991 1513 1006 1532 a
1025 1513 1067 1532 me
1085 1505 1184 1538 corripi
1199 1512 1206 1530 :
1225 1508 1252 1531 tu
1268 1509 1361 1538 postea
1377 1504 1500 1535 domina,
1517 1509 1545 1531 et
1568 1504 1649 1531 rebus
1675 1506 1777 1539 nostris

949 1557 973 1589 ο
990 1547 1125 1585 imperans
1138 1571 1145 1581 ,
1162 1557 1224 1576 cum
1241 1554 1347 1583 oportet
1375 1550 1512 1589 puniendo
1530 1550 1660 1578 cohibere
1671 1572 1678 1583 ,
1693 1556 1720 1578 et
1736 1552 1778 1578 in-

992 1596 1096 1624 fensam
1114 1603 1174 1623 esse
1192 1594 1353 1630 lignritioni,
1365 1586 1607 1630 vcltemeutiusque
1622 1596 1776 1631 increpare,

993 1643 1081 1676 potius
1095 1643 1127 1668 ad
1153 1641 1275 1668 eamdem
1303 1641 1498 1674 turpitudinem
1528 1641 1730 1675 suscipiendam
1748 1649 1776 1669 ut

992 1688 1158 1722 mancipium
1184 1695 1237 1714 una
1264 1687 1432 1721 provolvcris
1446 1707 1453 1719 ,
1468 1692 1494 1713 et
1510 1687 1554 1714 illa
1572 1688 1664 1722 gravi,
1683 1693 1776 1716 sancta

991 1733 1131 1768 rigidaque
1152 1732 1280 1767 dignitate
1298 1732 1370 1759 lmnti
1391 1736 1543 1767 prostrata,
1558 1734 1589 1759 de
1607 1741 1659 1768 qua
1677 1733 1778 1768 gloria-

991 1780 1029 1807 ris
1044 1783 1071 1806 et
1094 1779 1236 1814 magnifice
1262 1779 1364 1810 sentis,
1384 1786 1491 1806 mecum
1517 1779 1647 1814 voluptati
1672 1780 1777 1814 captiva

991 1833 1127 1861 servaque
1154 1825 1311 1852 voluntaria
1342 1818 1558 1860 constringeris.‘
1577 1825 1630 1852 Nec
1655 1831 1679 1853 te.
1696 1827 1779 1861 puch

990 1871 1044 1905 pati
1061 1869 1232 1905 profitentem
1246 1869 1422 1905 eadem,qua3
1439 1869 1580 1898 fabulosus
1597 1871 1640 1897 ille
1653 1879 1778 1906 serpens,

990 1916 1069 1949 cujus
1086 1915 1202 1942 caudam
1223 1915 1256 1942 de
1274 1916 1362 1950 capite
1386 1915 1464 1943 aiunt
1493 1923 1674 1951 conquestum
1696 1926 1780 1950 esse.

989 1960 1061 1996 quod
1080 1961 1210 1989 motionis
1225 1962 1345 1995 repetitae
1361 1961 1415 1988 dux
1444 1969 1551 1996 semper
1566 1968 1648 1995 esset,
1667 1964 1722 1997 ipsa
1737 1969 1779 1990 to—

990 2007 1043 2034 tius
1060 2006 1140 2035 molis
1158 2015 1188 2034 se
1215 2006 1405 2035 convolveutis
1431 2008 1616 2035 attraheretur
1639 2015 1777 2038 extrema.

990 2051 1109 2081 Tandem
1126 2060 1192 2080 vero
1210 2052 1242 2080 ad
1267 2052 1489 2088 persuadendum
1517 2062 1689 2089 aggressam,
1706 2061 1733 2082 ut
1748 2056 1777 2082 in

989 2100 1041 2127 hoc
1057 2099 1184 2135 scrpendi
1207 2107 1320 2127 tnuttere
1345 2100 1516 2135 principatus
1534 2101 1586 2128 sibi
1603 2101 1775 2129 deferretur:

989 2145 1087 2173 deinde
1101 2153 1149 2181 per
1164 2146 1313 2181 praecipitia
1336 2153 1459 2181 saxaque
1478 2154 1541 2174 cum
1559 2155 1629 2175 caeca
1647 2147 1776 2182 ferretur,

989 2192 1078 2226 ipsum
1104 2195 1184 2227 caput
1203 2196 1230 2219 et
1247 2193 1380 2227 reliquum
1405 2197 1559 2227 serpentem
1575 2202 1638 2221 cum
1657 2203 1689 2222 eo
1704 2195 1777 2222 labe-

145 2227 633 2264 animipartemrationispartieipem
644 2232 850 2261 accommodate
866 2233 931 2262 fide-
949 2234 976 2265 Ι)
989 2239 1119 2265 lactatum
1142 2236 1227 2265 fuisse
1242 2258 1247 2264 .
1264 2238 1296 2264 At
1312 2238 1543 2273 qncmatltnmlunt
1561 2239 1627 2273 illic,
1642 2241 1775 2275 siquidem

149 2273 200 2300 lem
214 2278 241 2300 et
253 2274 410 2308 prudentem
424 2281 597 2303 meonomum
612 2278 822 2313 assumpsintus,
834 2286 864 2307 ut
876 2288 936 2315 quae

148 2319 278 2353 praeclare
302 2320 387 2353 possit
402 2327 434 2346 ex
451 2321 600 2348 abundanti
626 2323 768 2356 prudentia
783 2326 935 2359 gubernare

144 2364 287 2400 patibilem
314 2370 340 2393 ct
364 2371 500 2397 amentem
520 2368 623 2395 vitam?
644 2377 723 2404 quam
745 2369 827 2398 etiam
852 2374 877 2399 in
903 2382 935 2400 eo

148 2418 261 2439 munere
281 2412 457 2440 constitutam
480 2414 606 2442 dotninus
627 2416 732 2444 beatam
754 2420 895 2453 praedicat,
912 2420 934 2447 si

147 2459 293 2494 prudenter
308 2463 335 2485 et
351 2458 464 2486 fideliter
476 2460 656 2495 adtninistret,
682 2470 713 2490 ac
725 2466 800 2498 plura
818 2474 846 2493 se
858 2475 934 2493 com-

146 2505 295 2532 misSurum
317 2505 376 2539 ejus
393 2504 454 2532 ﬁdei
477 2507 621 2540 pollicetur
640 2508 702 2536 :sln
716 2515 805 2538 autent
829 2512 932 2540 domini

146 2557 176 2580 ut
191 2558 295 2579 moram
314 2551 439 2579 facientis
458 2552 552 2586 oblita,
569 2561 715 2582 conservos
737 2558 845 2591 pulsare
865 2567 930 2586 con-

146 2599 300 2630 tumeliose,
324 2606 379 2626 non
405 2599 589 2634 providenter,
605 2603 729 2635 σωροί-ῆι,
753 2608 890 2636 totamque
904 2614 933 2632 se

145 2645 313 2672 comede-ldo
330 2651 362 2671 ac
382 2643 500 2672 bibendo
515 2644 639 2673 fruendis
656 2647 839 2682 voluptatibus
852 2651 933 2678 dedc-

143 2690 192 2722 rit,
213 2697 276 2718 cum
289 2690 416 2722 ebriosis.
430 2695 522 2726 partes
543 2691 605 2719 dico
630 2698 685 2720 tum
703 2701 763 2727 quae
776 2695 857 2727 alere,
875 2702 930 2724 tum

145 2743 207 2772 quae
223 2736 259 2763 ali
279 2741 404 2771 possunt,
420 2744 482 2772 qua:
505 2739 677 2766 extrinsecus
699 2740 808 2775 allapsis
825 2743 933 2770 satieta-

144 2783 221 2810 tibus
237 2789 345 2818 semper
363 2783 554 2818 referciuntur,
579 2790 717 2818 utrumne,
740 2795 801 2814 enm
824 2789 933 2817 redierit

146 2829 284 2862 dominus,
302 2829 391 2864 qualia
418 2838 489 2856 nunc
512 2837 603 2858 Cut‘ntn
627 2832 715 2865 Vobis,
738 2840 876 2868 pra-teut,
902 2845 931 2863 ni-

145 2876 381 2910 huiusinsolentis
402 2878 571 2905 cortumclix
589 2886 698 2906 lZdLL‘tttll
718 2880 743 2906 iu
765 2880 813 2907 nos
843 2886 916 2908 tintrs

989 2283 1022 2311 de
1038 2285 1122 2311 cauda
1140 2290 1221 2318 caput
1234 2289 1415 2318 conquestum
1438 2285 1533 2312 fuiSset
1545 2305 1551 2317 ,
1565 2294 1625 2313 eam
1642 2295 1777 2315 accusans

987 2329 1104 2363 injuria’.
1119 2329 1263 2365 ridiculum
1282 2334 1309 2356 et
1322 2330 1451 2357 stolidum
1471 2331 1609 2359 vide’t‘etur
1621 2342 1628 2359 :
1642 2333 1678 2360 ita
1693 2334 1775 2361 etiam

988 2382 1014 2403 tu
1032 2384 1142 2411 quoque
1157 2376 1183 2402 in
1200 2377 1250 2403 hac
1271 2384 1351 2403 causa
1365 2398 1371 2407 ,
1400 2383 1429 2404 nt
1453 2386 1514 2412 qua:
1544 2378 1626 2406 animi
1644 2381 1712 2415 parti
1731 2389 1776 2408 ra-

988 2423 1070 2451 tioztis
1099 2424 1214 2458 experti,
1235 2420 1349 2450 caudam
1377 2424 1496 2451 trahenti
1525 2431 1552 2453 ct
1579 2434 1655 2453 ctera:
1690 2430 1774 2461 (naut

987 2471 1119 2502 tnens,ait
1128 2470 1274 2505 quispiam,
1286 2470 1379 2505 videt),
1388 2471 1516 2499 tlttctattdi
1529 2472 1610 2509 cedas
1620 2473 1774 2507 imperium.

990 2521 1015 2542 et
1041 2516 1154 2549 teipsatn
1167 2515 1225 2549 ejus
1237 2516 1296 2542 ﬁdei
1309 2517 1477 2550 committas,
1491 2518 1563 2551 qttod
1580 2518 1613 2544 ad
1627 2519 1774 2552 perniciem

987 2562 1141 2596 pcttrahat.
1158 2559 1286 2588 Vitlentes
1312 2562 1384 2589 enitn
1415 2570 1549 2589 carcerum
1563 2584 1569 2595 ,
1587 2571 1639 2590 non
1657 2565 1719 2590 Ctl'Cl
1738 2565 1775 2590 vi»

986 2608 1109 2634 dentium
1128 2609 1211 2636 duces
1237 2615 1300 2635 sunt
1316 2617 1323 2640 ;
1348 2613 1373 2636 et
1390 2609 1438 2636 bos
1459 2617 1584 2641 cttrrntn,
1601 2618 1655 2636 non
1675 2611 1773 2637 bovem

987 2664 1084 2682 currus
1102 2656 1194 2688 trahit,
1209 2661 1234 2683 et
1253 2656 1323 2690 lapis
1342 2656 1375 2683 ad
1392 2656 1628 2690 perpendiculum,
1643 2665 1695 2683 non
1712 2664 1775 2690 per-

987 2699 1160 2733 pendiculum
1192 2699 1224 2726 ad
1254 2700 1372 2734 lapidem
1400 2701 1678 2734 componitur.Qnid
1711 2710 1775 2728 vero

985 2750 1070 2778 puero
1081 2765 1088 2777 ,
1102 2750 1195 2773 contra
1222 2746 1357 2780 proverbii
1375 2751 1549 2780 praeceptum,
1564 2747 1683 2781 gladium
1702 2755 1752 2773 ron
1764 2763 1771 2766 -

986 2791 1090 2817 mittis?
1103 2792 1164 2826 quis
1183 2799 1316 2818 venenum
1336 2792 1507 2826 propinatum
1537 2793 1773 2822 combibetts.tna-

987 2838 1027 2869 ius
1046 2838 1183 2872 quippiam
1203 2839 1235 2864 ad
1254 2846 1282 2865 se
1292 2838 1487 2865 excusandum
1515 2840 1553 2865 \‘tl
1572 2839 1773 2867 defendendum

987 2885 1099 2917 habuit,
1119 2892 1200 2920 quam
1228 2885 1322 2912 ti;"‘-I‘tla
1351 2884 1593 2917 «Ιςξιι-ςςηιιωιίνιιεῗ
1612 2887 1648 2913 An
1670 2888 1775 2921 primo,
