1963 3066
194 165 248 197 {-83

809 162 1002 193 GREGOBH
1023 163 1187 193 ΡΑιΑΜιΕ

1767 161 1820 194 θει

192 221 275 249 homo
289 228 304 246 a
321 219 438 246 muliere
461 218 549 254 prima
569 225 630 252 quae
646 218 680 246 de
705 218 861 253 perniciosa
884 223 979 252 gusta-
995 224 1018 251 Α
1033 218 1285 254 cmnpellit?Quod
1303 223 1510 246 monumentum
1528 227 1580 246 non
1609 221 1730 248 membra
1760 229 1820 255 qum

192 269 270 294 verat
283 266 392 298 arbore,
405 264 538 300 posterior
553 268 664 298 accepto
680 263 743 291 cibo
757 264 903 292 comedens
914 284 922 296 ,
936 271 981 291 vea

194 312 267 341 niam
284 311 356 347 apud
376 311 462 337 Deum
478 310 593 337 meritus
608 314 671 338 est:
690 314 738 337 aut
752 315 783 337 ut
797 308 823 337 vi
837 314 980 345 correptus

193 361 309 385 mortem
324 355 438 390 effugit?
450 354 594 390 Cupiditas
605 355 678 383 enim
691 359 719 383 et
733 355 774 383 ira
790 355 842 384 sub
857 356 979 383 animum

193 403 309 431 rationis
339 401 500 437 participem
533 401 666 437 subjectae
695 407 781 435 sunt;
805 409 860 429 non
887 406 917 429 nt
946 401 980 428 ad

193 449 340 485 voluptatis
368 448 532 476 suavitatem
560 448 606 476 illa
634 448 784 481 delabens,
802 455 895 476 secum
922 449 980 482 ipsa

192 496 358 528 contrahat,
374 495 431 523 haec
452 502 517 522 vero
536 494 571 522 ad
586 494 702 522 ferinam
729 494 863 522 saevitiam
889 502 982 522 erum-

193 549 278 579 pens,
305 549 399 570 secum
415 541 553 575 abducat,
580 542 628 569 sed
654 545 684 568 ut
708 541 742 568 ad
762 540 926 576 captandam
955 543 982 567 et

194 587 349 616 habendam
375 587 546 615 honestatem
573 587 739 615 conveniant
755 591 780 614 et
801 586 981 621 couspirent:

193 634 333 669 cupiditas
346 653 354 666 ,
375 638 406 661 ut
422 641 511 668 equus
527 633 611 661 frenis
628 633 698 660 bene
713 633 882 665 moderatus,
896 632 984 660 subii-

195 688 266 708 mem
283 680 399 708 effcrens
412 699 420 713 ,
435 685 461 708 et
475 679 511 707 ad
527 687 589 707 vere
605 679 798 707 desiderabilia
814 679 958 706 concitans
974 687 983 712 ;

195 727 338 760 ira,velnti
355 734 506 763 generosus
521 727 608 759 canis,
623 734 677 754 una
696 733 745 761 pro
761 726 795 754 iis
809 732 836 753 et
849 726 984 753 adversus

195 781 227 802 ea
244 782 306 809 quae
319 777 427 809 oportet
439 773 601 808 belligerans
615 778 642 800 et
658 779 851 807 propugnans;
865 775 983 806 utraque

196 820 327 847 nimirum
348 827 363 846 a
381 819 489 847 ratione
504 828 551 854 per
573 820 731 847 diuturnam
756 818 984 847 consuetudinem

195 867 229 894 ad
254 866 323 894 bene
347 866 499 901 parendum
514 871 542 894 et
563 866 746 894 obediendum
770 866 874 893 domita
901 869 984 900 atque

196 912 319 940 cicurata
331 932 338 939 .
352 911 452 939 Verum
472 919 549 939 mens
566 912 669 947 alioqui
694 911 843 940 temulenta
861 911 944 944 facta,
957 914 986 938 et

195 958 276 987 valde
289 966 345 987 sure
358 959 529 987 strenuitatis
544 959 696 995 negligens,
717 958 892 987 effeminatur
906 956 986 992 quasi

196 1012 303 1037 vacors,
318 1010 346 1033 et
368 1005 521 1039 deteritur,
537 1014 568 1033 ac
585 1012 719 1040 quantum
744 1013 760 1032 a
776 1003 912 1032 constanti
930 1004 984 1030 im-

197 1051 346 1087 tnobiiique
363 1057 497 1079 concentu
511 1051 628 1085 decedit,
639 1051 810 1080 tantumdem
823 1051 857 1078 ad
872 1057 983 1078 currum

197 1097 437 1131 perturbationum
452 1097 557 1124 accedit
574 1106 582 1124 :
600 1102 788 1131 quantumque
807 1095 936 1131 paulatim
951 1093 985 1121 ab

198 1144 359 1179 imperando
373 1144 511 1176 desciscit,
528 1149 634 1172 tantum
664 1144 710 1172 illa
733 1142 860 1172 servituti
878 1141 985 1169 manci-

197 1196 289 1225 patur.
306 1190 403 1223 itaque
421 1191 497 1218 nulla
515 1191 540 1218 vi
564 1191 688 1225 cogitur,
702 1197 751 1217 nec
764 1190 798 1217 ad
816 1190 985 1224 peccandum

197 1239 226 1263 et
242 1236 456 1271 delinquendum
469 1236 552 1262 inrita
570 1235 740 1270 rapitnt-,sed
755 1234 828 1269 quod
840 1233 986 1261 Herculem

198 1289 310 1318 passum
327 1281 412 1310 fuisse
437 1282 588 1317 fecisseque
615 1281 701 1309 Grmci
728 1289 760 1308 ac
775 1280 895 1316 ,profani
917 1281 988 1309 scri-

198 1334 292 1367 ptores
317 1333 452 1357 testantur
469 1328 581 1364 (ferunt
606 1329 678 1359 enim
699 1329 775 1357 illum
808 1333 868 1362 post
885 1328 989 1355 belluas

199 1380 227 1403 et
244 1375 392 1403 sceleratos
405 1376 530 1403 homines
545 1376 723 1410 perdomitos,
736 1380 832 1411 postea
849 1375 986 1402 volentem

199 1421 282 1457 Lydae
305 1422 423 1455 feminae,
452 1422 594 1456 Omphalae
610 1423 737 1455 nomine,
753 1422 903 1458 serviisse),
918 1423 987 1449 idetn

202 1469 270 1496 mihi
285 1469 391 1497 videtur
411 1469 511 1497 mentis
535 1470 606 1496 ratio
622 1470 725 1505 perpeti
741 1489 749 1496 .
764 1468 831 1496 Nam
848 1477 909 1503 qum
925 1472 990 1496 sttnt

203 1517 231 1548 in
261 1516 370 1544 homine
398 1516 527 1544 beiluluae
544 1516 726 1550 malignzeque
752 1515 989 1551 perturbationes,

203 1570 266 1593 cum
295 1570 342 1590 eas
368 1563 421 1590 sub
441 1570 518 1590 suam
546 1567 708 1597 potestatem
732 1561 868 1595 subjicere
884 1567 989 1596 posset,

205 1609 295 1636 libens
324 1614 415 1636 tamen
446 1609 579 1644 voluptati
605 1608 745 1643 animique
775 1609 991 1643 appetitionibus

202 1654 309 1682 servit:
329 1654 373 1681 vel
402 1654 485 1681 etiam
504 1659 535 1681 ut
558 1655 625 1681 alter
651 1654 773 1689 primas,
802 1660 917 1688 magnus
946 1653 993 1680 ille

203 1699 320 1727 Samson
346 1701 379 1727 ab
397 1700 565 1728 iusidiatrice
591 1700 761 1732 muliercula,
783 1699 877 1727 eadem
911 1699 992 1727 volu-

203 1751 282 1782 ptate
297 1746 425 1780 decepta.
442 1753 522 1773 suum
540 1752 669 1780 magnum
684 1744 767 1772 robur
778 1745 891 1772 ridicule
903 1745 994 1779 prodit

203 1794 231 1816 et
247 1789 330 1822 nuda,
342 1797 374 1817 ac
389 1796 444 1819 non
466 1789 522 1825 jam
541 1790 628 1824 ipsum
653 1789 735 1817 veluti
753 1797 860 1817 comam
873 1790 992 1825 jactans,

204 1835 288 1864 facile
299 1843 315 1863 a
338 1835 592 1871 perturbationibus
609 1836 772 1871 alienigenis
789 1837 896 1872 captiva
916 1837 994 1864 duci—

204 1887 260 1915 tur,
274 1885 302 1910 et
318 1886 475 1912 excaecatur
489 1882 578 1910 oculis
596 1883 629 1910 ad
646 1882 777 1911 honestas
800 1890 844 1910 res
861 1887 887 1910 et
908 1883 995 1910 bonas

204 1929 421 1966 perspicacibus,
434 1929 603 1964 pistrinoque
615 1929 749 1964 illigatur,
760 1933 787 1957 et
798 1929 903 1957 circum
919 1936 997 1957 eunt-

206 1975 268 2004 dem
284 1975 454 2010 voluptatum
485 1975 601 2008 orbem,
627 1983 744 2010 quorum
766 1975 873 2003 initium
899 1979 942 2002 est
968 1980 996 2002 et

204 2023 290 2051 veluti
305 2023 435 2051 stimulus
449 2023 554 2051 ventris
569 2021 883 2057 ingluvies,innumeras
895 2029 996 2052 aerum-

206 2078 257 2098 nas
278 2069 434 2105 perpetiens
455 2068 630 2097 convolvitur
643 2088 650 2101 ,
668 2073 695 2096 et
710 2069 788 2103 quasi
802 2068 914 2097 lascivis
927 2076 995 2104 pue-

207 2117 257 2148 ris,
275 2115 419 2150 cupiditati
445 2119 473 2142 et
489 2113 638 2142 iracundia:
656 2113 775 2141 ludibrio
790 2117 832 2143 est
843 2135 851 2143 .
866 2114 904 2141 Ita
919 2122 997 2142 meus

208 2170 306 2200 sponte
320 2172 350 2192 se
373 2164 453 2191 malis
479 2164 663 2198 immergcns,
679 2163 738 2198 ipsa
756 2162 811 2190 sibi
824 2163 998 2195 contumeliae

207 2218 294 2252 genus
320 2210 471 2244 intorquet,
497 2213 525 2236 et
554 2207 674 2243 undique
700 2211 828 2242 cooperta
859 2206 996 2240 miseriis,

1033 267 1099 291 sunt
1126 271 1209 299 super
1239 268 1342 291 terram
1366 263 1535 296 mortificat,
1555 269 1581 290 et
1610 266 1709 293 anima-
1738 266 1818 293 vitam

1031 309 1106 336 Omni
1120 316 1154 336 ex
1171 313 1248 344 parte
1263 308 1369 336 beatam
1387 308 1513 342 largitur,
1525 309 1574 336 sed
1589 310 1680 344 potius
1698 311 1820 338 viviﬁcat

1032 359 1059 382 et
1073 355 1206 382 adverSus
1220 353 1340 382 animant
1352 354 1506 382 exsuscitat
1517 354 1595 382 ?Aut
1609 355 1692 389 igitur
1706 363 1756 390 ego
1770 362 1820 382 ne-

1032 409 1085 437 que
1111 403 1286 436 sepulcrum,
1301 408 1389 436 neque
1412 405 1509 429 eatena
1531 409 1611 432 sum,
1625 401 1760 436 siquidem
1787 400 1820 428 ad

1032 446 1144 474 delicias
1165 446 1310 481 corripior,
1324 451 1351 474 et
1365 454 1418 474 una
1434 446 1598 482 pertrahor:
1618 447 1821 475 inconsiderate

1032 497 1060 520 et
1077 493 1195 520 inaniter
1218 492 1317 520 talibus
1333 493 1438 520 cavillis
1462 492 1581 526 illudor;
1595 497 1642 520 aut
1658 501 1821 521 monumen-

1033 543 1091 566 tum
1109 545 1203 565 revera
1217 542 1245 566 et
1261 542 1359 565 catena
1383 537 1446 569 sim,
1462 545 1495 566 ac
1512 545 1615 573 magna
1642 538 1708 566 hinc
1727 539 1824 567 incon-

1015 612 1018 615 λ
1035 584 1158 611 liuentia
1173 583 1292 619 seipsam
1308 590 1386 611 mens
1401 590 1476 611 ream
1494 583 1570 617 facit,
1583 584 1656 619 quod
1672 589 1700 612 et
1720 584 1824 620 illigata

1035 630 1099 657 mihi
1124 635 1150 657 et
1171 630 1330 665 consepulta
1346 630 1532 661 deiicietur,et
1545 631 1639 658 vivens
1655 635 1761 658 mortua
1777 631 1825 663 sit,

1034 685 1066 705 ac
1082 684 1164 712 supra
1175 677 1286 704 modum
1304 677 1455 708 extollitur,
1471 677 1577 704 tatnetsi
1589 685 1658 704 crux
1669 684 1720 712 ego
1737 678 1790 706 sim
1801 678 1825 706 ei

1035 723 1097 750 data
1111 733 1120 754 ς
1132 724 1185 751 hoc
1197 724 1269 751 enim
1284 723 1396 752 nomine
1414 731 1458 751 me
1474 731 1585 759 quoque
1598 724 1686 752 libens
1697 725 1827 760 appellat,

1035 770 1161 797 utetiam
1188 769 1292 798 dolium
1323 774 1486 806 pertusum,
1508 769 1687 797 dissimulans
1713 775 1780 805 quot
1802 774 1830 799 ct

1036 821 1205 853 quantorum
1223 817 1357 844 bonorntn
1383 825 1434 852 ego
1455 817 1507 844 sim
1531 817 1778 852 conceptaculum,
1799 822 1830 845 ut

1037 873 1090 893 non
1115 865 1202 892 multo
1228 867 1289 898 post
1306 863 1340 891 de
1365 863 1459 890 multis
1482 870 1569 898 pauca
1592 863 1742 898 degustans
1764 872 1828 892 sunt

1001 899 1023 928 Β
1037 911 1299 940 demonstraturum.
1315 910 1343 937 Si
1363 917 1429 937 vero
1455 914 1598 945 pertusum
1623 917 1734 945 quoque
1748 918 1830 945 sum,

1038 962 1066 986 at
1080 962 1154 985 certe
1168 965 1301 985 sensuum
1326 958 1463 985 meatibus
1487 958 1602 984 omnino
1618 957 1830 992 specularibus.

1038 1005 1161 1032 luciferis
1177 1008 1205 1031 et
1227 1005 1332 1032 nuntiis
1355 1005 1612 1040 comprehensionis
1633 1012 1722 1031 rerutn
1734 1024 1742 1037 ,
1758 1008 1791 1032 ut
1805 1004 1832 1032 id

1037 1051 1120 1078 etiam
1136 1050 1227 1078 statim
1245 1051 1399 1086 apparebit,
1426 1051 1498 1086 quod
1516 1058 1564 1086 per
1590 1051 1640 1078 hos
1654 1051 1788 1079 hauriens
1805 1055 1833 1078 et

1039 1105 1101 1125 sese
1127 1097 1278 1125 referciens
1297 1097 1324 1124 in
1345 1105 1389 1125 me
1405 1097 1488 1125 veluti
1517 1097 1686 1125 temulentis:
1708 1097 1832 1131 pristina

1040 1144 1171 1170 vomitum
1197 1143 1319 1172 effundat
1329 1163 1337 1175 .
1352 1149 1378 1171 et
1393 1144 1551 1178 turpissime
1567 1143 1752 1172 debacchetnr
1765 1163 1774 1170 .
1792 1144 1832 1171 'f‘n

1041 1195 1118 1215 meos
1134 1197 1243 1222 sensus,
1256 1194 1282 1217 et
1297 1197 1393 1217 eorum
1409 1189 1553 1219 facultates
1569 1191 1723 1218 maledictis
1735 1197 1834 1223 vexas,

1041 1234 1186 1270 speluncas
1202 1240 1230 1264 et
1250 1235 1338 1264 lustra
1362 1235 1450 1264 ferina
1477 1236 1694 1272 rognominaus,
1711 1242 1834 1270 quorum

1040 1285 1124 1312 opera
1142 1280 1270 1308 maximis
1284 1280 1381 1309 affecta
1401 1281 1543 1309 beneficiis
1559 1282 1596 1308 ita
1617 1283 1726 1315 ingrato
1743 1281 1838 1308 etim-

1041 1326 1158 1354 memori
1184 1327 1278 1354 animo
1300 1327 1466 1356 esiNonne
1494 1327 1619 1356 discendi
1640 1327 1745 1355 artibus
1775 1333 1838 1354 tan-

1042 1377 1124 1405 quam
1140 1372 1282 1407 pontibus,
1303 1378 1332 1400 ut
1347 1374 1381 1400 ad
1399 1381 1443 1402 res
1458 1374 1686 1410 contemplandas
1704 1381 1768 1408 qua:
1784 1372 1837 1401 sub

1043 1416 1251 1451 intelligentiam
1272 1419 1408 1448 duntaxat
1422 1422 1525 1448 cadunt
1537 1421 1697 1455 trajiciaris,
1716 1427 1768 1448 usa
1782 1419 1836 1447 es?

1043 1463 1169 1497 Quonam
1189 1470 1270 1499 pacto
1288 1473 1336 1493 eas
1355 1466 1435 1495 initio
1450 1467 1510 1494 sine
1526 1467 1597 1494 meis
1612 1466 1742 1494 sensibus
1760 1473 1837 1493 com-

1045 1511 1191 1544 parasses?
1206 1512 1453 1541 Arithmeticamne
1476 1517 1524 1541 aut
1549 1513 1737 1541 harmonicam
1753 1512 1837 1540 disci-

1044 1556 1146 1590 plinam
1164 1557 1310 1586 habuisses
1329 1567 1463 1594 unquam,
1488 1559 1541 1587 nisi
1559 1559 1634 1587 auris
1660 1559 1836 1592 exstitisset;

1043 1607 1078 1627 an
1102 1609 1280 1630 numerorum
1299 1604 1503 1640 proportiones,
1523 1610 1569 1633 aut
1585 1604 1780 1640 geometriam,
1792 1608 1839 1631 aut

1044 1647 1241 1682 astrologiam,
1267 1649 1319 1677 nisi
1350 1650 1442 1678 lumen
1466 1651 1608 1678 oculorum
1625 1650 1783 1678 cinxisset?
1803 1658 1837 1677 an

1043 1692 1199 1720 doctrinam
1217 1695 1249 1722 de
1265 1695 1391 1729 pulsibus
1407 1700 1435 1723 et
1460 1696 1587 1724 medendi
1604 1696 1747 1724 scientiam
1761 1716 1769 1729 ,
1785 1695 1838 1722 nisi

1044 1741 1171 1774 tangendi
1187 1745 1214 1768 et
1227 1742 1352 1776 gustandi
1373 1749 1472 1770 sensus
1490 1743 1537 1770 tibi
1550 1743 1622 1770 viam
1642 1741 1838 1778 patefecisset?

1044 1785 1110 1813 ilicis
1130 1786 1214 1820 igitur
1228 1788 1357 1815 sensibus
1380 1788 1495 1822 ablatis,
1512 1789 1567 1816 tuis
1589 1789 1732 1816 convulsis
1749 1789 1840 1824 ponti-

1045 1832 1113 1864 bus,
1138 1832 1203 1867 quid
1235 1833 1282 1861 tibi
1316 1833 1456 1870 reliquum
1487 1834 1562 1862 aliud
1591 1835 1724 1870 supersit.
1756 1841 1839 1870 quam

1045 1878 1140 1911 humi,
1156 1885 1183 1907 et
1198 1879 1270 1906 inter
1289 1888 1333 1908 res
1353 1881 1499 1909 sensibiles
1519 1881 1637 1909 volutari
1649 1901 1656 1913 ,
1670 1880 1712 1909 vel
1729 1889 1765 1908 ne
1790 1882 1840 1908 has

1045 1925 1157 1961 quidem
1182 1925 1210 1952 in
1226 1931 1313 1954 totum
1332 1927 1478 1962 attingere,
1496 1934 1587 1962 neque
1603 1931 1739 1962 quantum
1758 1932 1839 1954 terra

1046 1971 1231 2000 meditullium
1248 1977 1310 2005 est,
1328 1972 1384 2000 vita
1402 1973 1541 2001 sentiendi
1557 1977 1684 2008 compote
1700 1973 1777 2007 frui,
1792 1973 1839 2001 sed

1046 2018 1104 2046 sola
1123 2018 1147 2046 si
1166 2027 1208 2046 res
1226 2019 1265 2047 ita
1293 2017 1382 2052 ferat,
1397 2019 1554 2054 plantaria;
1571 2024 1598 2047 et
1622 2023 1679 2046 tum
1697 2026 1765 2047 vere
1789 2017 1840 2047 sub

1046 2069 1254 2097 monumentum
1268 2072 1460 2100 carcerentque
1475 2072 1577 2092 CECUIII
1589 2063 1708 2097 defossa,
1716 2065 1839 2092 materia

1047 2111 1177 2140 sordibus
1209 2111 1418 2144 sn_bmersa,et
1449 2111 1592 2146 profundae
1622 2110 1727 2145 illigata
1762 2110 1839 2143 fasci,

1048 2165 1149 2186 caecam
1176 2157 1256 2192 talpae
1291 2161 1340 2184 aut
1365 2157 1518 2196 cuiuspiam
1548 2157 1731 2192 plantaminis
1756 2157 1838 2184 vitam

1049 2203 1154 2233 trahas.
1177 2211 1222 2231 me
1248 2202 1350 2236 solum,
1379 2208 1408 2230 nt
1432 2204 1491 2237 ipsa
1521 2203 1625 2231 comice
1651 2202 1816 2238 perstringis
1831 2221 1839 2234 ,

208 2247 341 2290 indecore
357 2254 484 2283 lascivit:
503 2254 601 2282 deinde
622 2253 658 2281 oh
673 2253 725 2281 hoc
749 2252 936 2281 voluntarium
953 2253 996 2281 in-
1010 2263 1035 2293 υ
1048 2255 1169 2279 ostreato
1206 2249 1367 2277 indumento
1402 2248 1597 2277 circumdata?
1617 2247 1695 2276 Nunc
1730 2256 1796 2276 vero
1816 2252 1840 2274 te

208 2303 362 2338 fortunitun
382 2302 415 2330 de
442 2308 472 2329 se
487 2305 647 2336 conquesta,
666 2308 779 2336 suaeque
807 2299 997 2334 deploratione

209 2348 373 2384 calamitatis
388 2347 527 2380 defuncta,
540 2347 606 2374 mihi
620 2346 725 2374 crimen
741 2346 858 2373 intentat
873 2350 900 2372 et
911 2345 998 2372 malo-

209 2405 275 2433 rum1
288 2402 398 2430 causam
413 2395 547 2426 attribuit,
562 2398 600 2426 et,
613 2397 643 2420 ut
660 2392 770 2425 videtis,
783 2399 879 2426 poenas
893 2391 997 2426 exigit;

212 2452 244 2472 ac
269 2441 402 2470 conviciis
415 2447 571 2476 aspergeus,
581 2439 647 2475 quid
661 2447 715 2467 non
732 2439 760 2466 in
777 2446 821 2466 me
833 2438 978 2466 cavillatur
988 2457 996 2471 ,

210 2492 276 2528 quid
293 2499 346 2523 non
363 2489 458 2516 irridet
471 2488 484 2514 ἲ
499 2487 664 2522 Sepulcrum
679 2494 723 2513 me
738 2490 835 2518 vocat,
853 2490 978 2513 catenam
989 2504 997 2516 ,

209 2540 304 2573 faecem
321 2538 414 2568 imam,
429 2541 456 2563 et
472 2543 505 2562 ex
520 2534 678 2564 Chaldaicis
695 2533 786 2569 nugis,
802 2533 924 2561 materia:
938 2539 998 2560 sor-

209 2587 258 2614 des
288 2590 315 2618 et
344 2583 528 2620 quisquilias,
551 2581 657 2609 dolium
693 2585 857 2616 pertusum,
875 2586 996 2608 crucem.

208 2633 291 2669 Atqui
314 2633 336 2664 si
353 2620 418 2658 vere
435 2637 496 2658 sum
525 2636 576 2665 ego
604 2632 813 2657 monumentum
826 2647 833 2661 ,
852 2627 898 2663 qui
918 2628 948 2654 ﬁt
970 2631 1000 2654 nt

208 2688 263 2708 non
280 2679 346 2713 huic
369 2677 549 2713 persuadeam
566 2675 599 2704 ad
629 2676 673 2703 Dei
691 2674 898 2706 similitudinem
924 2674 1000 2701 elfic-

209 2731 265 2759 tatn
293 2730 409 2755 mortem
434 2723 557 2750 studiose
581 2721 724 2754 meditari,
740 2721 788 2748 sed
810 2721 844 2748 ad
868 2720 999 2752 delicias,

208 2773 281 2810 quod
296 2771 510 2809 a.it,‘pertraham
522 2769 533 2795 ἱ)
546 2769 568 2796 si
587 2770 749 2805 catcna,pqui
767 2769 794 2795 fit
811 2772 839 2794 ut
856 2775 910 2795 non
927 2774 1000 2804 com-

209 2820 331 2854 pritneus
358 2827 371 2844 a
399 2817 537 2853 peccando
562 2815 782 2849 oolnibcam,sed
799 2815 832 2841 ad
854 2814 998 2841 nefandam

210 2865 315 2894 inertia:
331 2865 466 2893 licentiam
483 2863 628 2898 corripiant
642 2863 653 2889 ?
671 2864 735 2896 Qua:
747 2867 843 2889 catena
859 2868 912 2887 non
925 2865 999 2888 arcct

213 2911 246 2938 ab
261 2910 362 2944 injuria
381 2917 407 2939 ct
425 2911 572 2945 maleficio,
583 2911 629 2940 sed
647 2918 679 2940 eo
695 2908 998 2938 vinctum'velinvitnm

1051 2302 1126 2325 certe
1146 2297 1335 2325 caecutientem
1356 2296 1390 2324 ab
1405 2301 1469 2323 ortu
1481 2296 1514 2324 ad
1530 2296 1755 2330 cognoscendum
1776 2303 1840 2323 ocu-

1051 2343 1134 2371 latam
1156 2342 1220 2376 feci,
1241 2342 1275 2370 ad
1291 2342 1490 2377 philosophiam
1516 2341 1637 2379 admovi,
1654 2346 1681 2369 et
1696 2341 1839 2377 degustato

1051 2390 1166 2422 lumine,
1183 2398 1232 2425 per
1248 2389 1337 2424 ipsum
1357 2393 1387 2416 ut
1412 2393 1491 2416 terra:
1515 2387 1739 2420 concretionem,
1757 2388 1838 2414 maris

1053 2436 1309 2467 refusionem,caeli
1335 2435 1587 2471 conglobationem,
1602 2439 1629 2462 et
1655 2434 1747 2461 omnia
1780 2440 1840 2468 qua:

1052 2489 1118 2512 sunt
1148 2484 1176 2511 in
1199 2483 1269 2512 ctelo
1297 2482 1431 2511 tniracula
1449 2487 1581 2516 tauquam
1607 2481 1634 2508 in
1663 2481 1777 2516 Speculo
1796 2482 1838 2507 in-

1052 2531 1179 2563 tuereris,
1196 2531 1320 2558 concessi
1340 2539 1347 2557 :
1362 2534 1447 2564 utque
1471 2529 1595 2564 partibus
1613 2527 1747 2555 omnibus
1773 2533 1838 2553 con-

1052 2579 1162 2607 cordem
1183 2581 1359 2609 concentum,
1377 2576 1424 2611 qui
1451 2575 1634 2605 ineffabilibns
1653 2574 1732 2601 sonis
1759 2572 1837 2607 opifi-

1053 2633 1111 2652 cem
1127 2624 1282 2652 conclamat
1296 2622 1461 2652 exaudieris.
1476 2625 1503 2648 et
1522 2628 1560 2653 ex
1573 2627 1665 2648 rerum
1682 2624 1836 2646 creatarutn

1054 2670 1242 2706 magnitudine
1253 2689 1261 2702 ,
1285 2667 1507 2704 pulchritudine,
1538 2667 1673 2694 cuuciuna
1701 2666 1838 2694 motione,

1054 2725 1168 2746 movens
1191 2717 1258 2744 illud
1286 2715 1452 2750 immobile,
1466 2719 1494 2741 et
1526 2715 1646 2749 primunt
1679 2717 1705 2739 et
1736 2710 1839 2746 ipsissi-

1054 2773 1128 2792 mum
1157 2766 1258 2791 bonum
1283 2761 1441 2794 informavi,
1462 2764 1488 2787 et
1517 2760 1550 2787 ad
1571 2759 1651 2793 cujus
1672 2756 1837 2792 exemplaris

1054 2810 1175 2846 pritnarii
1202 2809 1346 2844 imaginem
1367 2809 1436 2836 facta
1457 2807 1551 2839 fueris,
1566 2806 1724 2833 memoriam
1759 2810 1838 2830 reno-

1055 2858 1119 2886 lavi.
1134 2857 1216 2892 Atqui
1237 2857 1289 2883 ltoc
1319 2855 1479 2891 przeclarius
1499 2853 1564 2888 quid
1583 2852 1667 2879 menti
1692 2850 1780 2887 possit
1795 2856 1840 2875 ac—

1054 2905 1162 2939 cidere,
1180 2911 1262 2940 quam
1290 2911 1322 2931 ex
1340 2902 1374 2931 iis
1389 2909 1448 2938 qua:
1465 2901 1533 2930 meis
1548 2899 1680 2930 sensibus.
1704 2897 1839 2926 hauriun-
