1963 3066
120 151 166 184 985

773 155 1061 189 PROSOPUPOSLE.

1673 158 1726 190 986

120 213 170 241 tur,
201 209 285 236 Deum
315 209 460 244 reperire?
495 209 550 238 Nec
571 211 667 239 solum
703 212 742 239 ita
774 220 824 247 per
852 215 1076 250 meAsuhjectis
1095 215 1241 244 incudibus
1263 216 1482 251 obstrepentibus
1506 215 1661 243 fabricare:
1678 219 1726 243 aut

119 254 231 288 primum
258 254 290 281 ad
326 254 410 281 Deum
439 255 583 289 ascendit,
611 256 659 284 sed
686 257 768 284 etiam
793 265 810 285 a
839 257 893 284 Deo

119 300 251 331 deiabens.
270 307 306 327 eo
327 308 374 335 per
403 308 445 329 me
462 309 571 330 rursum
590 302 669 330 redit.
686 302 754 330 Nam
779 310 827 337 per
852 310 895 330 me

119 346 260 380 ptenitendi
284 351 311 373 et
338 346 444 373 veniam
464 347 626 382 impetrandi
652 348 741 375 locum
769 347 893 380 invenit;

119 391 140 418 si
156 391 228 418 enim
255 398 272 418 a
297 398 342 418 me
361 391 498 426 disjuncta
518 396 545 418 et
565 396 642 418 extra
674 399 773 427 corpus
801 391 894 424 fuerit,

118 443 149 463 tte
176 436 309 471 pcenitere
335 436 445 470 quidem
478 436 581 471 peccati
609 437 726 471 primum
750 437 893 471 poruerit.

119 487 144 509 ut
172 489 258 516 neque
295 482 341 516 qui
368 482 527 510 deciderunt
567 483 675 518 angeii;
716 490 789 510 nunc
823 489 889 509 vero

118 535 174 554 mea
193 528 348 563 coujngatio
368 527 420 555 hoc
435 535 545 563 quoque
559 528 658 555 bonum
678 528 704 555 ei
724 528 818 564 largita
836 532 888 556 est.

117 573 235 607 Quantas
257 575 330 601 enim
346 579 373 602 et
395 579 572 609 quotcunque
594 574 776 609 turpitudines
803 581 895 609 asper-

117 620 197 652 serit,
216 627 255 648 ea:
273 620 341 647 meis
369 620 515 648 sudosibns
530 620 676 653 eluuntur,
688 624 716 647 et
743 620 803 647 nive
830 627 894 647 catt-

117 665 203 693 didius
218 665 409 693 ciarilicantur
425 674 432 699 ;
449 673 512 693 nam
537 672 619 700 supra
645 665 756 692 herbam
784 672 893 692 omnem

117 708 291 742 abluentiuto,
309 714 336 736 et
358 714 457 743 printer
475 709 585 744 hyssopi
609 710 736 744 quamvis
756 711 894 744 aspersio-

117 761 175 782 nem
200 758 290 782 exstat
316 762 348 782 ea
371 762 433 790 quae
458 755 554 783 difﬂuit
577 763 593 784 e
610 756 695 787 meis,
712 760 742 782 ut
768 755 826 790 ipsa
853 756 894 783 di-

117 801 202 833 xerit,
221 801 360 836 speluncis
373 819 381 832 ,
400 807 430 828 ut
444 808 511 836 ego,
531 801 652 829 fontibus
672 801 816 836 pellucidis
829 821 836 832 .
853 801 893 828 Ιο-

116 855 225 883 cryma,
252 847 358 880 inedia,
387 847 462 874 humi
489 848 600 875 cubitus
625 848 782 883 prtedurus,
815 846 893 874 ﬂexis

116 882 227 929 genibus
250 893 407 928 deprecatio
422 913 431 925 .
450 894 478 921 in
491 882 725 928 precibusrdctlxa
742 893 889 921 immobili-
910 882 931 909 Β

117 945 156 968 ter
182 943 396 975 constanterque
417 939 550 972 intentio,
568 939 685 974 pecteris
700 940 840 973 percussio
853 959 860 971 ,
879 946 894 967 e

116 988 224 1019 pectore
248 983 377 1018 prodietts
393 984 485 1018 gravis
511 983 613 1015 fumus,
633 984 774 1012 interioris
787 983 895 1011 inﬂam~

117 1030 243 1058 litationis
263 1029 405 1061 indicium,
421 1029 529 1065 aliaque
549 1038 582 1056 es
598 1030 699 1064 quibus
719 1030 895 1065 multipotens

116 1075 267 1110 paenitendi
295 1075 426 1103 miscetur
450 1075 692 1103 medicamentum.
707 1075 760 1103 Tot
779 1083 895 1103 numero

116 1120 248 1148 bonorum
276 1121 342 1148 novi
353 1122 500 1149 recondere
529 1122 672 1149 thesauros
695 1129 755 1156 ego,
771 1129 803 1148 ex
821 1129 897 1148 men-

115 1167 149 1194 tis
175 1173 243 1194 meae
267 1167 406 1194 sententia
436 1171 636 1202 pertusum,et
660 1167 730 1194 nihil
751 1167 896 1195 continens

114 1212 228 1241 dolium.

149 1257 202 1285 Sed
219 1257 308 1292 inepte
322 1257 446 1286 fortassis
461 1264 487 1286 et
499 1262 597 1293 praeter
608 1258 737 1286 decorum
761 1258 833 1293 apud
849 1264 897 1285 vos

115 1304 216 1340 quibus
249 1303 312 1331 talia
342 1304 405 1331 trita
431 1310 513 1337 sunt,
531 1305 638 1339 singula
666 1305 781 1332 dicendo
803 1311 896 1339 perse-

114 1358 184 1386 quor
199 1358 207 1378 :
223 1350 317 1385 itaque
343 1350 502 1378 summatim
521 1354 549 1377 et
568 1350 663 1385 paucis
681 1350 894 1381 ostendendum,

115 1397 188 1432 quod
208 1404 270 1432 quae
284 1396 351 1423 mihi
366 1404 382 1424 a
400 1402 491 1424 mente
506 1395 574 1424 vitio
591 1400 746 1429 vertuntur,
761 1403 793 1424 ea
806 1395 897 1430 potius

115 1449 214 1478 passus
241 1442 293 1470 s'un
319 1449 401 1477 quam
417 1441 530 1470 fecerim
549 1449 632 1477 ;quae
650 1446 741 1469 autem
763 1441 834 1468 facio
849 1448 897 1467 na-

115 1494 177 1517 tura
190 1490 271 1521 duce,
286 1495 402 1523 qua-que
417 1488 534 1516 conticio
547 1488 606 1516 hinc
623 1493 699 1516 sunt.
719 1487 895 1522 Philosophia

116 1535 192 1562 enim
211 1542 257 1568 per
277 1541 359 1570 quam
389 1535 422 1562 ad
440 1534 524 1562 Deum
548 1534 716 1566 attollimur,
728 1533 754 1560 in
772 1536 894 1561 contem-

115 1579 263 1614 plationem
281 1584 308 1606 et
328 1579 464 1606 actionem
495 1582 587 1612 secta,
606 1578 744 1613 siquidem
769 1581 893 1604 contem-

114 1625 259 1660 platricem
285 1632 319 1652 ea
341 1625 423 1652 vitam
441 1623 633 1659 amplexetur,
648 1631 697 1658 per
723 1630 767 1650 me
786 1627 894 1649 natura:

115 1677 199 1705 opera
230 1669 378 1704 perspicit,
393 1674 422 1697 et
432 1677 486 1704 per
515 1668 719 1702 disciplinarum
742 1673 840 1702 pontes
862 1666 897 1694 ad

113 1723 162 1743 eas
178 1722 223 1742 res
239 1722 299 1749 qua:
314 1714 419 1743 ratione
443 1714 631 1750 intelliguntur
643 1713 857 1746 transmittitur,
870 1718 898 1741 et

114 1766 267 1797 postremo,
283 1761 356 1796 quod
371 1761 464 1794 aiunt,
478 1760 512 1788 ad
534 1760 622 1795 ipsum
649 1759 790 1795 theologia:
814 1759 896 1787 limen

114 1807 235 1835 volarqu
253 1806 426 1842 conquiescit
440 1815 448 1834 :
462 1806 504 1834 sitt
525 1813 580 1840 prre
602 1805 806 1840 contemplandi
830 1812 898 1838 pott-

115 1855 208 1885 tibus,
224 1853 320 1889 agendi
343 1853 445 1880 scalam
473 1852 567 1885 malit,
586 1852 629 1879 hic
646 1852 727 1879 etiam
753 1851 843 1886 magis
856 1858 900 1878 tne

115 1899 259 1928 laboribus
297 1897 416 1933 propriis
442 1897 598 1930 aediﬁcatus,
627 1903 724 1923 omnes
759 1896 897 1923 actionum

114 1946 217 1981 gradus
235 1943 350 1971 invenit.
364 1942 468 1976 Dicam,
484 1942 558 1977 quod
581 1941 710 1969 omnibus
726 1941 899 1976 etninet,per

115 1999 161 2019 tne
182 1991 216 2018 ab
233 1989 337 2025 angelis
361 1989 502 2024 paululum
524 1988 677 2016 diminutas
706 1987 809 2020 homo,
829 1987 901 2014 ntul-

115 2044 174 2065 tum
199 2044 281 2071 supra
295 2035 406 2071 angelos
423 2034 535 2063 excellit
552 2034 633 2070 (quis
652 2033 725 2061 enirn
741 2034 899 2069 angelorum

114 2083 206 2117 possit
221 2089 282 2118 quae
302 2081 375 2109 Deus
400 2088 499 2116 passus
517 2085 579 2112 est,
592 2085 621 2107 et
639 2085 668 2107 ut
682 2080 772 2107 homo
783 2084 898 2107 mortem

115 2129 223 2156 imitari
248 2127 447 2163 potuit?)per
473 2134 517 2154 tne
542 2127 636 2161 utique
650 2133 762 2158 caesum,
781 2130 899 2157 tortum,

113 2174 249 2202 laniatum
262 2194 270 2206 ,
286 2177 314 2201 et
327 2177 467 2208 postremo
492 2172 573 2199 morti
597 2171 746 2203 traditum,
761 2177 788 2198 ct
805 2170 913 2198 divino“

112 2220 226 2255 corpori
255 2218 410 2247 Servatoris
430 2217 633 2246 conformatum
651 2217 698 2246 :in
715 2225 770 2251 quo
795 2221 823 2244 et
836 2224 900 2252 pec-

112 2270 208 2293 catum
233 2264 434 2297 condemnavit,
451 2263 520 2291 utin
533 2263 612 2290 nobis
636 2262 801 2298 Deivjustitia
825 2269 900 2290 conta-

112 2311 247 2346 pleretur.
261 2311 396 2344 Quoniam
413 2315 503 2338 autem
521 2313 549 2337 et
576 2317 653 2336 mens
678 2309 838 2337 sciscitatur
866 2315 900 2335 ex

115 2366 179 2391 me,
199 2357 309 2392 quando
341 2364 450 2392 quaque
475 2361 557 2384 aetate
581 2356 633 2384 sibi
660 2356 814 2391 subjectum
839 2361 901 2382 esse

113 2404 235 2439 possim,
249 2411 299 2438 ego
317 2403 386 2430 nihil
416 2407 574 2430 cunctatum
598 2403 636 2430 ita
662 2401 822 2436 simpliciter
855 2408 902 2428 r-e-

114 2452 264 2487 spondebo
279 2460 287 2479 :
302 2450 450 2486 Ecquando
470 2457 523 2478 non
541 2457 652 2485 possum
663 2469 670 2482 ,
688 2457 797 2485 quaque
822 2452 902 2476 astate

110 2505 179 2526 sum
208 2497 401 2531 inobsequetts,
418 2497 475 2531 ipsa
492 2496 551 2523 sive
574 2496 675 2523 bonum
688 2515 697 2528 ,
713 2495 771 2523 sive
787 2501 901 2530 pravum

111 2541 163 2574 sit,
179 2548 224 2568 me
246 2540 373 2568 ducendo
403 2540 549 2568 vocetiut
567 2547 602 2567 ex
627 2540 733 2567 artibus
758 2540 903 2575 perspicue

109 2587 216 2621 liquet.
231 2586 346 2614 Nactum
364 2587 517 2614 litterarum
540 2585 690 2614 studiosam
718 2591 745 2614 et
761 2590 903 2614 amantem

114 2633 276 2661 honestatis
300 2638 428 2667 mentem,
448 2634 610 2669 paedagogos
631 2640 731 2668 sequor
743 2652 750 2665 ,
766 2633 904 2668 magistris

113 2686 205 2714 pareo
219 2697 226 2708 ,
247 2679 273 2706 in
308 2679 411 2707 scholis
437 2684 464 2707 et
485 2679 630 2708 auditoriis
662 2679 771 2706 assideo
785 2698 794 2712 ,
817 2684 844 2706 et
869 2679 904 2706 de

111 2722 281 2750 liberalibus
294 2723 446 2758 disciplinis
464 2728 492 2752 et
506 2724 640 2752 doctrinis
656 2724 721 2758 quid
739 2724 902 2751 inculcatum

113 2776 176 2796 non
202 2768 345 2803 cxprimo?
360 2770 467 2797 Rursus
483 2777 542 2798 sum
563 2778 613 2805 ego
632 2775 747 2797 trientem
774 2777 904 2798 exercen-

112 2815 162 2843 dis
181 2815 288 2842 artibus
316 2815 494 2844 “liberalibus
518 2821 608 2851 aptam
624 2816 775 2843 sortitum!
798 2815 904 2843 Doceor

113 2861 219 2888 iterum
238 2861 382 2896 aedificare,
397 2867 445 2891 aut
460 2863 595 2898 lapidibus
622 2867 738 2897 struere,
758 2867 804 2891 aut
829 2868 903 2891 stans

945 262 1059 297 guttulis
1075 270 1089 289 a
1107 267 1180 289 terra
1194 262 1392 289 exsudantibus
1407 262 1526 289 collectis
1537 266 1631 296 stagna
1641 261 1726 289 conti-

945 314 1026 338 cere,
1039 313 1084 334 aut
1106 312 1200 334 cotttra
1226 315 1313 335 saevos
1343 312 1440 335 ventos
1452 327 1459 338 ,
1474 307 1600 334 furentes
1627 307 1725 334 ﬂuctus

945 353 1090 385 obluctari,
1107 361 1302 387 nonnunquam
1331 353 1413 380 etiam
1446 354 1473 379 in
1494 351 1658 386 profundum
1679 352 1726 378 de-

945 407 1038 426 orsum
1063 405 1143 426 vcrso
1162 399 1268 432 capite,
1283 402 1381 424 natans
1411 401 1483 424 Ieror
1494 416 1501 428 ,
1530 401 1556 423 et
1573 396 1727 423 militariter

944 444 1088 478 disiectum
1113 447 1141 469 et
1162 443 1277 476 scissum
1305 442 1407 470 ictibus
1435 442 1563 469 ontnihus
1587 441 1676 473 obsto,
1691 449 1726 468 ne

944 489 1031 517 dicam
1052 489 1085 516 ad
1103 495 1171 523 quas
1189 489 1356 515 exercendas
1381 491 1453 514 artes
1480 495 1563 514 vanas
1586 492 1613 514 et
1630 487 1729 514 inanes

944 536 970 562 vi
998 539 1121 563 coactum
1150 533 1288 566 instituor,
1306 541 1367 560 cum
1390 533 1635 568 pratstigiatoribus
1647 540 1724 560 exse-
1748 526 1754 532 ”

944 581 1055 609 orandis
1073 579 1212 614 subjicior,
1228 580 1379 612 doceorque
1393 579 1485 606 funem
1503 579 1633 606 extremis
1649 578 1723 612 pedi-

944 627 1005 653 bus‘
1019 626 1152 653 scandere
1175 629 1202 652 et
1230 625 1388 657 atnbulare,
1405 624 1534 658 subjectis
1559 624 1724 659 pugionibus

945 671 1093 706 tripudiare
1104 690 1111 702 ,
1128 670 1217 705 capite
1242 670 1362 697 demisso
1381 669 1462 697 salire
1473 689 1479 701 ,
1494 669 1600 703 lapillos
1617 674 1644 695 et
1659 668 1723 695 ferri

943 717 1094 752 particulas
1122 717 1274 748 devorare;
1301 720 1382 750 atque
1414 722 1505 742 rerutn
1520 715 1556 741 ita
1575 714 1723 741 difﬁcilium

945 769 1027 797 atque
1053 762 1260 794 tniscrabilium,
1274 765 1301 788 et
1327 761 1430 796 alioqui
1451 767 1627 794 operosarttnt
1643 767 1723 793 quam

945 814 1000 834 non
1028 815 1044 834 a
1068 814 1150 842 puero
1180 807 1403 834 exercitationem
1429 806 1545 833 coniicio
1560 805 1570 832 ?
1585 805 1726 840 Vigcntcm

945 853 1080 888 attingens
1114 853 1221 879 aetatem
1258 859 1301 878 me
1334 851 1458 886 pertinax
1484 857 1511 879 et
1550 850 1728 877 ambitiosum

947 903 1044 935 praesto
1058 906 1066 932 ;
1082 906 1141 926 eam
1161 898 1299 926 excedens
1318 903 1437 930 nitatem,
1460 897 1543 924 nihilo
1570 896 1666 923 tniuori
1682 904 1729 922 co-

947 950 1011 973 natu
1037 945 1166 976 ciaboro;
1186 943 1392 971 corroboratutn
1412 948 1440 970 et
1462 950 1618 973 senescens,
1650 941 1728 968 addi.

947 997 1025 1018 scere
1041 998 1096 1017 nott
1113 997 1190 1017 cesso
1209 989 1289 1016 etiam
1307 988 1379 1025 quod
1405 989 1559 1023 cxcogitatu
1577 987 1731 1022 sapientius

946 1036 1069 1070 sitquam
1080 1043 1140 1070 qua:
1149 1035 1264 1070 juvenes
1273 1034 1423 1062 moliuntur
1434 1040 1476 1066 μευ.
1486 1037 1516 1060 ιιι
1527 1033 1554 1060 in
1567 1033 1725 1059 universum

947 1081 1047 1112 dicant,
1067 1081 1138 1107 nihil
1150 1084 1191 1108 est
1207 1079 1281 1115 quod
1311 1085 1370 1107 arte
1399 1079 1500 1114 parari,
1517 1078 1589 1113 quod
1604 1078 1729 1105 doctrina

948 1126 1016 1154 tradi
1039 1127 1142 1160 possit,
1158 1126 1191 1154 ad
1219 1125 1291 1160 quod
1315 1133 1368 1152 tton
1393 1125 1514 1152 adducar
1526 1143 1534 1156 ,
1550 1123 1617 1150 nihil
1633 1123 1710 1150 factis
1721 1143 1730 1155 ,

947 1174 1016 1201 nihil
1048 1174 1128 1201 dictis
1160 1173 1244 1200 menti
1272 1173 1372 1200 volenti
1400 1179 1565 1207 repugnans,
1585 1175 1615 1197 ut
1642 1178 1730 1206 neque

947 1221 1127 1250 animantium
1143 1221 1326 1256 subjugalium
1347 1225 1373 1248 et
1398 1219 1608 1246 inanimatornm
1625 1218 1730 1244 instru-

948 1272 1102 1295 mentorum
1122 1266 1370 1300 obsequentissima
1398 1271 1523 1299 qua-que.
1540 1264 1578 1290 An
1598 1263 1679 1291 etiam
1696 1261 1729 1288 ad

948 1312 1072 1340 obeunda
1105 1311 1212 1338 virtutis
1240 1312 1344 1341 munia,
1370 1311 1424 1337 illis
1449 1310 1529 1344 longe
1552 1308 1729 1344 jucundiora.

949 1358 1049 1390 facilia,
1065 1363 1169 1384 natura:
1194 1356 1382 1390 congruentia,
1398 1356 1522 1389 ineptunt
1548 1358 1575 1380 et
1601 1354 1731 1380 adversa-

949 1405 1031 1436 rium,
1046 1407 1074 1429 et
1103 1402 1186 1429 veluti
1221 1408 1389 1436 repugnans,
1404 1400 1578 1430 seditiosum,
1595 1397 1731 1425 hostiliter

947 1456 1009 1476 sum
1034 1446 1185 1474 affectum?
1207 1448 1241 1472 At
1262 1447 1288 1473 id
1320 1446 1366 1472 tibi
1383 1444 1483 1471 dicenti
1507 1451 1560 1470 non
1588 1443 1730 1469 crederent

948 1493 1046 1530 egregii
1065 1492 1182 1519 victores
1198 1492 1237 1518 illi
1252 1496 1385 1526 martyres
1396 1494 1422 1517 ct
1437 1490 1464 1516 hi
1477 1489 1583 1523 iudices
1598 1488 1728 1515 virtutum

912 1551 933 1579 ο
950 1540 1068 1567 cultores
1080 1557 1088 1570 ,
1103 1538 1149 1572 qui
1168 1545 1313 1572 corporum
1334 1536 1530 1564 certaminibus
1557 1535 1733 1568 incorporeo-

951 1590 1010 1609 rttm
1041 1586 1153 1608 naturas
1185 1586 1360 1615 exsuperant.
1381 1580 1479 1607 Verum
1505 1585 1611 1614 tempus
1634 1584 1686 1611 est,
1703 1583 1734 1605 u‘t

950 1635 1043 1655 eorum
1062 1634 1122 1661 quae
1139 1627 1257 1654 dicimus
1280 1633 1385 1653 summa
1408 1626 1498 1660 capita
1523 1632 1731 1658 recenseamus,

951 1679 978 1701 et
998 1673 1194 1708 opportuniora
1207 1673 1476 1707 cottgruenlioraque
1494 1678 1697 1706 percurramus.

986 1719 1145 1747 Accusatrix
1165 1725 1223 1745 mea
1252 1725 1330 1745 mens
1357 1719 1485 1746 convicta
1506 1722 1558 1751 cst,
1580 1717 1650 1744 nihil
1673 1717 1734 1744 sani

950 1766 1019 1793 vitio
1034 1770 1152 1796 vertere,
1170 1765 1217 1792 sed
1235 1764 1336 1792 frustra
1361 1765 1503 1798 insurgere
1529 1764 1607 1796 mihi,
1625 1767 1652 1791 et
1674 1771 1736 1797 quae

952 1812 1089 1845 inculpata
1118 1815 1183 1838 sunt
1212 1809 1361 1837 accusandi
1385 1809 1477 1837 studio
1500 1813 1529 1837 et-
1553 1810 1735 1842 calumniose,

953 1864 1069 1892 quasque
1084 1855 1150 1883 mihi
1169 1855 1365 1890 permittuntur
1377 1861 1392 1881 θ
1419 1858 1526 1886 natura,
1541 1853 1661 1888 culpare.
1682 1853 1737 1880 Dc-

954 1901 1080 1930 fensione
1108 1907 1169 1928 mea
1197 1898 1386 1934 comprobavi,
1401 1898 1502 1925 nullam
1536 1902 1584 1925 atat
1605 1897 1735 1932 iniuriam

953 1953 1001 1975 aut
1014 1946 1208 1975 contumeliam
1221 1953 1265 1973 me
1284 1945 1402 1972 dominae
1417 1944 1559 1977 famulum,
1570 1944 1735 1978 imperatrici

953 1994 1119 2028 obsequens,
1136 1992 1349 2020 instrumentum
1369 1990 1393 2018 ei
1421 1997 1482 2025 quae
1496 1997 1546 2017 suo
1565 1997 1608 2017 me
1621 1990 1738 2017 arbitrio

954 2044 1057 2071 utatur,
1089 2038 1191 2065 inferre
1212 2037 1355 2071 potuisse:
1379 2035 1426 2062 sed
1454 2035 1540 2068 ipsam
1569 2034 1661 2069 potius
1685 2042 1734 2061 sua

954 2084 1079 2112 socordia
1099 2086 1310 2117 torpescentem,
1328 2085 1354 2107 et
1374 2079 1560 2107 imbecillitate
1574 2079 1734 2106 mollescen-

955 2137 1021 2162 tem,
1036 2130 1135 2157 malam
1149 2128 1264 2156 evadere
1280 2135 1287 2160 ;
1302 2131 1329 2153 et
1342 2134 1404 2154 cum
1421 2126 1588 2160 oportuisset
1604 2126 1736 2159 integere,

956 2176 1027 2203 hanc
1041 2175 1123 2202 etiam
1141 2180 1235 2208 poenas
1257 2172 1375 2206 exigere.
1393 2169 1415 2197 Ο
1432 2169 1622 2198 calamitosum
1643 2175 1669 2196 et
1685 2171 1735 2196 rui-

916 2223 938 2252 D
957 2227 1049 2249 serum
1071 2227 1114 2247 me
1128 2220 1135 2246 ε
1150 2218 1216 2252 Quis
1237 2221 1338 2253 parcet,
1369 2217 1431 2251 quis
1459 2215 1643 2248 miserebitur,
1673 2223 1735 2242 cum

957 2270 1040 2297 etiarn
1067 2272 1184 2303 cognata
1214 2274 1291 2294 mens
1318 2270 1345 2293 et
1375 2273 1481 2292 mecum
1514 2264 1659 2299 conjugata
1684 2272 1738 2290 non

956 2315 1111 2346 miseretur,
1130 2320 1218 2348 neque
1235 2312 1304 2339 meis
1329 2309 1550 2338 alilictationibus
1574 2309 1672 2336 referta
1694 2317 1739 2335 sa-

957 2361 1040 2387 tietur
1052 2359 1064 2385 ?
1078 2359 1124 2387 sed
1139 2362 1237 2393 pra-ter
1254 2364 1285 2383 ea
1304 2364 1364 2391 quae
1385 2362 1458 2382 nunc
1472 2355 1560 2390 patior
1570 2375 1577 2388 ,
1594 2355 1659 2382 etin
1687 2362 1738 2389 po-

956 2410 1058 2433 sterum
1074 2403 1162 2439 patiar
1185 2403 1244 2438 ejus
1258 2409 1339 2437 opera
1350 2423 1357 2435 ,
1373 2401 1485 2436 insuper
1503 2401 1576 2427 aliud
1593 2401 1737 2428 recentius

955 2451 1108 2486 excogitat,
1134 2449 1343 2484 inquisitiones,
1365 2448 1425 2475 lites
1454 2452 1482 2474 et
1512 2447 1704 2475 contentiones
1730 2456 1739 2481 ;

956 2496 1116 2528 tribunalia,
1131 2496 1206 2523 diros
1217 2499 1344 2527 tortores,
1356 2494 1434 2529 quasi
1452 2501 1505 2520 non
1527 2501 1558 2520 ea
1577 2501 1638 2528 qua:
1655 2493 1738 2521 mise-

957 2550 1018 2570 rum
1029 2541 1118 2577 patior
1129 2541 1186 2575 ipsa
1199 2545 1327 2575 peccante
1337 2539 1483 2568 subiciant.
1497 2539 1541 2566 Dei
1553 2539 1739 2573 aequalitatem

957 2589 1078 2616 fastuosa
1095 2587 1261 2622 concupivit,
1276 2590 1303 2613 et
1317 2586 1409 2614 statim
1427 2593 1476 2620 ego
1494 2585 1660 2612 mortalitate
1676 2593 1739 2612 sum

958 2635 1148 2668 interceptum,
1166 2638 1192 2659 et
1209 2633 1242 2660 ad
1255 2632 1392 2667 pulverem
1409 2637 1522 2658 matrem
1539 2638 1714 2658 reversurum
1730 2639 1738 2657 :

958 2688 992 2707 ne
1011 2687 1072 2713 quin
1087 2678 1183 2706 medim
1200 2677 1385 2704 interveniunt
1401 2676 1575 2704 calamitates
1588 2679 1614 2702 et
1640 2675 1740 2702 obsce-

959 2727 1057 2753 nitates
1077 2731 1236 2757 memorem,
1254 2723 1415 2754 nuditatem,
1440 2722 1554 2749 ficulnea
1574 2721 1740 2752 velamenta.

958 2778 986 2800 et
1004 2771 1129 2799 coriacea
1153 2770 1324 2801 indumenta,
1342 2769 1528 2796 aculcalarum
1558 2768 1699 2802 spinarum
1714 2771 1742 2794 ct

959 2816 1121 2844 trihttlorutn
1144 2816 1229 2842 acies.
1252 2814 1354 2842 invidia
1381 2821 1478 2841 rursus
1510 2813 1700 2848 conﬂagravit,
1715 2817 1742 2840 ct

958 2863 1024 2891 mihi
1043 2861 1105 2890 tabe
1123 2860 1288 2896 liquefactus
1327 2859 1418 2887 vultus
1451 2859 1592 2888 concidit:
1608 2859 1654 2888 ubi
1677 2865 1747 2886 vero
