1949 3069
255 127 306 159 937

868 131 1061 162 GREGORH
1083 132 1244 163 PALAM/E
1806 140 1848 171 988

255 185 366 212 fratrem
390 193 472 212 exosa
504 185 613 212 fratrem
649 191 691 213 cst
710 195 777 214 ausa
812 189 960 221 trucidare,
984 190 1243 225 egoAiuhumInis
1272 191 1457 220 dmmonibus,
1485 199 1621 225 cxponnr.
1653 192 1754 219 Mecum
1791 193 1850 220 hanc

254 233 344 260 statim
357 233 499 258 trmnulnm
518 237 545 258 et
555 233 756 266 queribundum
766 241 797 262 ac
813 235 941 270 imposito
954 236 1034 271 signo

254 282 376 304 notatum
394 284 420 304 et
442 278 595 304 convictum
618 279 745 313 vagabar.
762 280 878 315 lmpegit
906 289 983 309 mens
1003 282 1030 309 in

253 324 461 357 legislationcm.
476 325 517 350 vol
532 325 713 358 prophetiam,
730 325 772 353 vel
787 327 933 354 sacerdotii
945 327 1034 362 digni-

253 374 348 400 tatem,
372 376 399 396 et
427 370 493 396 mihi
521 371 718 398 maledicentia:
754 373 886 407 supplicia
920 373 1034 401 firmiter

253 417 421 449 inhibentur,
439 425 471 444 ac
485 418 575 444 statim
592 419 727 453 leprosum
740 419 853 446 eilicior.
868 419 927 454 ipsa
938 420 1033 453 angelo

253 462 342 489 fausta
367 462 503 490 nuntianti
535 463 682 497 dillidit,et
713 472 772 492 mea
803 465 894 500 lingua
925 466 1034 494 silentio

253 508 444 541 compeditur;
460 509 518 536 haec
536 515 597 536 astu
626 509 732 537 fumium.
752 510 828 537 malae
855 511 966 545 decepta
981 516 1033 544 est,

252 557 280 581 et
312 561 363 588 ego
391 558 577 588 exczecor,,et
605 555 631 582 in
651 555 803 590 ,pistrinum
834 556 975 584 detrudor.
1004 555 1032 583 ln

251 606 339 634 pauca
369 600 454 627 multa
487 601 734 629 contrahamuut
759 609 819 629 sum
847 608 909 629 cum
943 606 1034 629 mente

252 645 406 679 colligatum
419 646 514 673 humili
531 654 562 673 ac
578 646 714 676 illiberali.
728 652 755 675 et
770 651 849 675 nocte
862 647 961 681 dieque
975 654 1035 674 sus-

254 691 327 718 tineo
358 692 504 719 continuos
532 692 652 726 labores,
670 693 702 721 ad
728 693 914 727 quotidianum
942 693 1032 720 cibum

253 743 372 770 eumque
387 743 497 770 parcum
525 742 552 764 et
578 742 698 770 tenuem,
721 739 753 764 ad
781 738 889 770 laenam,
906 737 947 764 vel
969 738 1034 765 sub-

255 782 377 809 strictam
391 783 536 817 quamdam
551 788 579 810 et
591 783 699 811 brevem
711 784 843 816 tunicam,
858 783 899 810 vel
912 783 1033 818 tegendis

253 827 375 854 humeris
391 829 517 862 pcuulam
539 829 751 863 comparandam
770 833 840 855 :aut
860 837 922 856 cum
948 828 1032 855 vitam

1085 236 1214 264 vitiorum
1227 237 1386 271 tragoediam
1405 242 1467 271 agat
1484 237 1528 264 ille
1543 237 1733 265 vocalissimus
1745 237 1849 272 Aposto-

1084 282 1138 312 lus.
1156 290 1227 316 quze,
1245 288 1336 309 mente
1350 289 1447 309 omnes
1468 282 1588 311 habenas
1614 288 1641 310 et
1654 283 1729 311 frena
1745 284 1850 316 laxante,

1085 328 1174 355 inme
1199 327 1337 362 peccando
1361 328 1504 355 conferunt
1530 333 1693 358 scortatores
1719 329 1849 360 immanes.

1084 377 1111 399 et
1127 378 1263 407 quotquot
1279 378 1374 400 contra
1390 373 1527 403 naturales
1542 381 1608 402 usus
1624 374 1815 405 accenduntur.
1827 379 1851 400 ut

1085 425 1129 446 me
1157 418 1307 452 ignominia
1334 422 1429 445 notent
1459 419 1587 446 insolenti
1612 428 1619 445 :
1648 426 1756 452 quoque
1782 419 1851 445 modo

1084 462 1200 497 pessime
1208 464 1411 498 corrumpendi,
1422 471 1463 490 me
1474 464 1603 498 templum
1616 463 1662 490 Dei
1674 469 1850 498 corrumpunt,

1085 515 1199 543 meaque
1218 508 1339 535 membra
1355 516 1414 543 qme
1428 513 1492 535 sunt
1520 508 1623 541 Christi
1640 509 1771 540 membra,
1787 516 1853 536 scor-

1085 559 1174 582 torum
1205 554 1326 582 membra
1346 554 1460 581 faciunt.
1477 554 1612 581 Caeterum
1640 562 1694 580 non
1711 554 1754 580 his
1787 561 1854 580 turns

1084 595 1221 628 nullorum
1242 608 1295 628 non
1321 601 1452 629 malorum
1476 608 1579 639 mqpor
1605 604 1731 628 contenta
1751 604 1801 631 est,
1815 600 1855 626 sed

1084 652 1133 672 vos
1147 646 1260 680 supplex
1286 650 1402 680 rogatct
1424 647 1584 678 obtestatur,
1602 651 1632 673 ut
1652 645 1705 673 sibi
1727 645 1854 672 licentiam

1084 691 1153 719 dctis
1180 692 1272 719 utendi
1303 700 1346 719 me
1373 699 1424 731 suo
1448 692 1579 726 arbitrio,
1604 691 1767 726 torquendi.
1795 690 1857 718 fame

1085 737 1208 769 necandi.
1227 737 1252 765 in
1267 737 1380 765 exitium
1397 737 1509 767 Satana.
1530 737 1666 765 tradendi.
1681 736 1775 764 Nescit
1793 737 1856 763 enim

1085 782 1204 816 sapiens,
1221 790 1251 810 se
1269 783 1348 818 plane
1362 783 1542 818 desipientem
1569 783 1597 810 in
1611 791 1644 810 ea
1670 782 1791 810 incidere
1805 789 1858 816 qua:

1086 833 1148 856 sunt
1180 828 1205 854 in
1235 829 1534 863 proverbio:Capram
1567 828 1638 856 ferre
1667 835 1722 855 non
1743 835 1858 861 possunt.

253 873 444 907 voluptuosam
476 875 669 908 amplexante,
696 879 723 900 et
746 874 830 900 multo
852 873 1034 902 deterioribus
1051 875 1071 902 Β
1087 874 1152 901 mihi
1166 874 1262 902 bovem
1279 875 1420 909 imponite.
1445 875 1513 902 Nam
1539 875 1562 902 si
1585 881 1646 908 (μω
1671 874 1698 900 in
1731 873 1808 900 nobis
1830 881 1857 900 cx

255 919 332 946 malis
353 919 468 954 atlligor,
483 921 546 946 dum
565 919 680 955 singulis
697 920 772 947 horis
795 920 995 954 inexplebiliter
1007 919 1033 946 in

252 968 374 990 ventrem
406 963 551 996 infcrcior,
576 969 602 992 et
618 965 770 992 immodicis
795 965 880 996 cibis,
908 965 1033 1000 potibus,

254 1008 336 1035 rebus
352 1008 475 1035 venereis
486 1009 627 1036 distendor
642 1013 669 1035 et
686 1017 798 1044 rumpor
813 1018 820 1042 ;
834 1009 954 1044 hincque
970 1014 1036 1044 quot

253 1054 408 1080 morborum
423 1054 579 1088 agminibus
596 1054 722 1082 obluctor
736 1055 742 1080 l
772 1055 826 1082 Aut
841 1055 914 1082 enim
933 1055 966 1082 ad
981 1054 1036 1082 lec-

252 1105 309 1127 tum
340 1099 518 1132 decumbens,
542 1106 589 1127 aut
619 1105 648 1127 ut
668 1101 783 1128 attottita
806 1101 929 1135 qumdam
956 1101 1035 1127 ruina

253 1145 411 1179 languesco,
426 1151 473 1172 aut
487 1146 561 1173 febre
585 1145 763 1181 colliquesco,
778 1153 826 1174 aut
842 1146 1035 1173 articularibus

252 1191 354 1218 morbis
371 1191 467 1225 pedum
486 1196 514 1218 et
539 1200 668 1219 manuum
690 1196 839 1226 torqueor:
855 1196 913 1218 tum
927 1197 954 1219 et
971 1199 1034 1218 car-

251 1236 378 1263 nilicibus
398 1236 511 1264 medicis
539 1238 716 1265 mercenariis
739 1238 890 1265 curandum
915 1238 1034 1265 medica-

253 1280 351 1307 mentis
358 1285 385 1308 et
394 1280 564 1315 laniandum,
575 1289 770 1318 nonnunquam
784 1282 866 1310 etiam
883 1283 1034 1309 tortoribus

1084 919 1241 947 inordinata
1259 921 1375 947 materia
1401 921 1578 955 aegritudines
1604 921 1858 951 adnascuntur,eas

1083 968 1115 993 ut
1145 965 1224 995 decet
1246 965 1444 1002 philosophum
1473 974 1526 994 non
1554 966 1626 999 fert,
1646 965 1820 1003 indignatur,
1837 969 1861 992 ot

1083 1012 1177 1046 gravia
1190 1019 1220 1039 se
1233 1012 1287 1046 pati
1317 1017 1428 1046 censet,
1450 1013 1515 1047 quid
1540 1019 1593 1040 non
1624 1016 1697 1040 esset
1724 1019 1820 1046 passa,
1842 1011 1862 1038 si

1084 1064 1192 1085 mecum
1210 1058 1250 1085 ira
1267 1058 1359 1085 divina
1385 1058 1554 1089 calamitates
1582 1058 1672 1085 illatas
1696 1057 1861 1091 accepisset,

1084 1103 1111 1130 in
1128 1103 1200 1131 fastu
1224 1103 1317 1131 inﬂata
1334 1104 1468 1138 superbit.
1500 1103 1599 1131 Verum
1627 1104 1684 1131 haec
1713 1111 1749 1130 ex
1779 1107 1863 1130 vestro

1083 1147 1236 1182 dependent
1252 1149 1378 1182 arbitrio,
1391 1154 1418 1177 et
1432 1148 1565 1184 quidquid
1578 1148 1664 1176 visum
1680 1147 1760 1174 vobis
1775 1146 1863 1176 fuerit.

1083 1193 1111 1220 in
1139 1201 1171 1221 eo
1203 1199 1332 1229 tanquam
1363 1195 1390 1222 iu
1426 1195 1517 1221 divina
1545 1195 1688 1225 sententia.
1725 1198 1783 1219 tum
1810 1199 1865 1225 quae

1082 1239 1217 1273 facienda,
1235 1245 1292 1268 tum
1308 1249 1368 1276 qua:
1378 1249 1431 1268 non
1446 1241 1568 1269 facienda
1581 1241 1636 1269 sint
1646 1239 1808 1268 definiente.
1820 1245 1865 1264 nos

1086 1293 1197 1320 quoque
1212 1287 1429 1321 acquiescemus.

825 1410 1013 1443 JUDICUM
1038 1411 1301 1445 SENTENTIA.

288 1477 399 1504 Vestras
415 1475 559 1510 utriusque
574 1474 695 1502 vicissim
711 1481 773 1502 cum
793 1475 933 1502 orationes
948 1475 1029 1502 audi-

253 1524 383 1554 verimus.
401 1527 487 1553 tuam.
504 1529 582 1549 mens
601 1522 717 1549 rationis
727 1522 877 1556 particeps.
895 1521 968 1556 quod
984 1522 1033 1549 tibi

251 1570 392 1598 subditum
407 1574 460 1601 est,
477 1572 507 1596 ut
520 1569 728 1603 intemperatum
743 1572 769 1595 ct
780 1567 940 1596 inobediens
953 1575 1035 1595 accu-

1088 1477 1239 1511 perantiam
1265 1485 1389 1510 accusas,
1407 1483 1436 1506 ut
1452 1485 1487 1505 ne
1503 1478 1619 1513 tcipsam
1634 1476 1717 1512 quasi
1737 1483 1793 1503 non
1810 1474 1871 1502 insi—

1086 1524 1195 1558 pienter
1209 1525 1371 1557 modereris,
1385 1525 1431 1552 sed
1445 1525 1540 1552 divino
1554 1525 1602 1551 tibi
1619 1531 1736 1550 munere
1759 1529 1871 1550 conces-

1088 1576 1149 1596 sum
1172 1570 1367 1598 administnun
1391 1575 1525 1605 perpauci
1550 1569 1757 1601 criminareris,
1782 1567 1872 1602 culpas

252 1617 340 1648 sontis
356 1625 364 1641 τ
382 1621 455 1642 tuam
472 1623 580 1647 rursus,
593 1622 657 1649 pars
680 1614 764 1642 animi
790 1615 898 1642 ratione
926 1622 1034 1647 carens,
1050 1632 1071 1660 ο
1087 1615 1160 1649 quod
1174 1615 1274 1643 merito
1286 1616 1454 1650 culpandum
1468 1623 1523 1643 non
1538 1614 1639 1643 csI.An
1655 1622 1711 1642 non
1731 1615 1874 1648 imperator

253 1661 425 1689 defendentis
440 1665 465 1688 te
478 1660 546 1688 nihil
555 1660 714 1694 delinquere
726 1660 870 1687 utanimus
880 1660 1035 1694 intelligens

255 1712 357 1734 temere
381 1705 566 1733 calumniatur
589 1713 596 1731 :
627 1706 704 1733 nobis
721 1710 813 1732 autem
835 1706 868 1732 de
894 1705 1036 1739 utriusque

253 1752 428 1779 orationibus
443 1751 556 1778 arbitria
576 1750 699 1778 facienda
714 1755 788 1784 sunt,
798 1755 825 1778 et
840 1750 1036 1777 controversia:

253 1798 390 1829 sedanda.
400 1806 433 1825 ne
447 1797 547 1825 frustra
563 1802 684 1824 nostram
693 1796 928 1831 etcontemplandi
943 1796 1035 1823 studio

253 1844 373 1872 debitam
395 1844 477 1870 vitam
495 1843 738 1877 interruperimus,
757 1843 801 1870 hic
816 1843 954 1874 sedentes,
976 1841 1034 1876 jam

251 1890 370 1916 dicimus
385 1896 445 1923 qua:
460 1896 492 1915 ex
507 1889 596 1922 longis
623 1889 820 1923 experimentis
842 1893 879 1916 et-
896 1895 910 1914 a
934 1887 1034 1915 divinis

251 1934 401 1969 Scripturis
420 1939 547 1962 accurate
559 1934 719 1962 didicimus.
746 1934 822 1962 lianc
847 1934 941 1968 itaque
970 1941 1035 1961 sen-

251 1980 364 2008 tentiam
381 1980 496 2009 ferimus
508 1988 518 2007 :
533 1979 563 2009 Si
576 1981 667 2008 carnis
680 1988 810 2012 sensum,
822 1988 838 2007 ο
852 1987 941 2011 mens,
954 1987 1035 2009 accu-

250 2031 305 2055 ses.
320 2028 350 2051 ut
367 2024 451 2051 rebus
464 2023 588 2051 honestis
604 2031 636 2051 ac
663 2024 756 2050 virtuti
775 2023 968 2052 consentaneis
986 2025 1034 2050 ad-

250 2070 414 2102 versarium,
430 2075 458 2097 et
472 2069 522 2098 tibi
536 2069 684 2098 obediendi
699 2069 841 2103 impotem,
873 2069 1034 2104 imprudens

251 2117 279 2143 in
296 2115 511 2143 Manichaeorum
541 2115 700 2150 opinionem
716 2115 869 2148 delaberis;
897 2115 1035 2144 existima-

251 2166 316 2190 runt
330 2162 403 2190 enim
432 2161 591 2190 cxsecrandi
624 2161 675 2194 illi,
691 2160 892 2196 intelligentem
908 2161 1033 2188 animum

250 2207 388 2242 opiﬁcium
403 2215 464 2235 esse
482 2207 558 2239 boni,
574 2207 690 2234 rationis
708 2211 859 2240 expertem,
887 2206 952 2232 mali
967 2215 974 2233 :
1004 2211 1033 2234 et

250 2254 353 2282 idcirco
370 2261 458 2288 neque
468 2254 595 2282 virtutem
611 2261 766 2288 capessere,
776 2257 822 2280 aut
837 2258 913 2287 grata
934 2257 960 2279 et
973 2253 1033 2287 ‘opi-

1086 1659 1194 1691 doctor.
1210 1659 1341 1693 magister
1356 1660 1546 1694 cujuscunque
1557 1659 1580 1685 is
1600 1658 1698 1689 fuerit,
1719 1657 1773 1692 ipsi
1796 1656 1874 1683 ratio-

1087 1711 1149 1731 nem
1165 1704 1292 1737 reddunt,
1306 1709 1334 1732 et
1347 1710 1445 1739 pinnas
1457 1705 1536 1731 luunt
1558 1711 1654 1730 eorum
1677 1711 1756 1738 qum,
1772 1702 1820 1737 qui
1845 1700 1876 1727 ab

1086 1750 1154 1785 ipsis
1171 1750 1319 1783 ducuntur,
1337 1751 1535 1787 magistrorum
1551 1751 1656 1778 incuria
1673 1756 1764 1785 atque
1789 1747 1875 1782 negli-

1082 1797 1176 1832 gentia
1192 1798 1326 1831 peccant?
1336 1797 1365 1824 Id
1383 1805 1417 1825 ne
1430 1798 1571 1833 sapientes
1586 1797 1700 1832 quidem
1716 1801 1831 1824 exteros
1842 1795 1878 1820 la-

1086 1843 1139 1870 tuit
1151 1851 1160 1870 :
1171 1843 1307 1878 siquidem
1322 1843 1551 1878 philosophorum
1566 1842 1639 1878 apud
1657 1842 1726 1870 illos
1757 1841 1877 1876 quidam.

1083 1888 1288 1916 adolescentem
1306 1889 1486 1923 conspicatus
1502 1887 1693 1916 lascivientem
1719 1891 1750 1914 et
1767 1884 1880 1920 ﬂagitio-

1086 1942 1159 1966 sum,
1175 1934 1278 1962 nullum
1295 1934 1322 1962 In
1332 1942 1395 1963 eum
1410 1934 1584 1962 malatictum
1597 1934 1732 1966 contulit,
1754 1933 1804 1960 sed
1829 1938 1879 1966 νε·

1085 1981 1221 2016 dagogum
1238 1982 1386 2017 percussit,
1402 1981 1552 2016 inquiens:
1574 1980 1647 2014 Quid
1664 1981 1747 2007 enim
1760 1978 1880 2006 Ialiado-

1085 2026 1153 2053 cos?
1171 2026 1219 2053 Sin
1235 2030 1327 2053 autem
1344 2025 1433 2057 dicas,
1448 2032 1578 2060 magnum
1595 2024 1673 2050 illum
1695 2023 1832 2051 Paulum.
1857 2021 1881 2046 iu

1087 2074 1208 2108 Epistola
1225 2081 1308 2108 quam
1325 2073 1357 2100 ad
1374 2072 1514 2100 Romanos
1534 2070 1658 2104 scripsit,
1690 2077 1808 2097 carnem
1838 2073 1879 2093 ac-

1083 2126 1193 2149 cusare,
1206 2118 1268 2145 audi
1285 2119 1351 2153 quid
1363 2118 1437 2150 velit,
1451 2122 1479 2145 ct
1497 2118 1530 2144 ad
1547 2116 1612 2151 quid
1642 2115 1709 2142 haec
1735 2113 1879 2149 Apostolus

1086 2163 1226 2196 loquatur.
1240 2162 1308 2189 Nam
1321 2167 1385 2189 ante
1398 2161 1506 2188 Domini
1522 2161 1676 2188 adventrum
1694 2166 1726 2186 et
1743 2165 1818 2185 mors
1832 2160 1881 2182 ter-

1084 2206 1175 2233 ribilis
1191 2211 1261 2241 erat,
1280 2206 1422 2235 terribilis.
1439 2209 1468 2232 et
1477 2205 1574 2232 mortis
1585 2204 1744 2238 imperium
1766 2201 1881 2229 habens:

1085 2256 1229 2286 propterea
1243 2257 1269 2278 et
1284 2251 1352 2284 apud
1370 2250 1468 2277 Isaiam
1482 2250 1591 2276 aiebant
1610 2256 1617 2274 :
1637 2257 1647 2273 ι
1665 2248 1796 2274 Estamus
1807 2250 1832 2271 et
1846 2243 1867 2269 tu"

251 2300 315 2328 ficio
327 2301 399 2328 bono
414 2301 603 2328 convenientia
618 2300 719 2328 sentire
736 2307 825 2334 posse.
843 2298 890 2325 Sin
903 2298 960 2332 ipsa
978 2298 1029 2326 hoc
1046 2297 1067 2324 ι)
1083 2296 1189 2326 bamus,
1204 2303 1266 2322 cras
1278 2295 1351 2322 enim
1370 2295 1517 2322 moriemur
1532 2293 1553 2320 ³.
1579 2302 1588 2318 ν

251 2354 306 2374 non
315 2347 367 2380 ais,
383 2348 428 2375 sed
444 2347 572 2375 cﬂrenem
588 2351 615 2375 et
629 2347 824 2380 obsequentem
841 2345 902 2378 ejus
930 2345 1029 2372 intem-

291 2433 299 2449 '
317 2435 369 2463 lsa.
387 2443 453 2468 xin,
473 2435 514 2462 l3.
