1949 3069
137 164 191 197 989

406 242 702 251 ,———__.._—————

713 246 900 253 Μ

611 254 845 262 ———-—___......

680 173 769 203 VlTA
788 173 822 206 5.
839 174 956 205 PETRI
975 176 1193 209 ATHONITJE.

1702 186 1756 220 990

846 249 1751 277 εἷπε-ἔπῃ

462 344 692 422 VlTA
739 298 1080 442 sANCTI
1106 440 1107 444 γ
1137 346 1424 440 PETRI
1481 409 1483 411 .
1530 359 1533 361 ·

695 488 914 542 unctionem
936 505 969 531 IN
982 506 1089 533 mourn
1097 508 1181 531 uno

310 583 582 633 AUCTORE
636 584 948 638 GREGOBIO
982 580 1555 643 THESSA'LONICENSI.

514 765 548 797 Ο.
569 764 776 798 JANNINGI
789 766 1135 805 COMMENTARIUS
1159 768 1368 806 PBEVIUS.

659 848 730 880 (Acta
741 849 789 874 SS.
803 848 916 874 Bouand.
928 848 1006 879 Junii,
1021 854 1040 877 t.
1052 851 1084 882 ll,
1095 853 1136 878 die
1158 854 1208 886 12.)

124 912 139 950 ς
158 913 184 941 Ι.
196 912 556 966 σαιιιιιόεαξξπλμξῖσέιιιδιτῗὶῖ
571 915 764 966 ’ἑξ-ξοδ.
789 914 904 950 Tempus
919 912 944 943 A
958 916 1046 966 minus
1057 919 1131 966 omni
1151 928 1183 947 ex
1200 928 1278 955 parte
1300 907 1379 952 nobis
1393 926 1502 960 probari
1517 928 1586 956 Acta
1609 929 1743 966 Oauphrii

291 948 320 974 in
331 955 362 975 eo
379 953 479 976 actum.
497 949 553 981 Iter
569 949 729 978 Romanum.

156 1005 182 1031 'l.
199 1003 309 1040 Egimus
329 1004 381 1033 hoc
398 1005 461 1040 ipso
482 1006 526 1035 die
538 1006 573 1034 12
587 1006 620 1034 de
637 1011 734 1045 sancto
750 1007 905 1041 Onuphrio,

122 1050 170 1084 qui
199 1050 225 1077 in
244 1051 362 1085 quadam
373 1051 519 1080 solitudine
542 1051 652 1088 Egypti
677 1054 761 1081 vitam
783 1054 857 1082 solus
875 1057 902 1080 et

119 1096 227 1130 ignotus
248 1096 373 1124 omnibus
397 1097 547 1125 diutissime
571 1099 724 1133 protraxit.
745 1099 826 1133 paulo
841 1104 905 1129 ante

118 1147 233 1170 mortem
256 1149 271 1168 a
292 1150 345 1169 non
365 1143 473 1171 nemine
487 1144 616 1172 divinitus
640 1145 777 1177 inventus,
803 1149 831 1173 et
844 1150 905 1180 post

118 1191 231 1214 mortem
248 1188 381 1222 sepultus,
396 1195 459 1216 cum
480 1189 614 1217 inventori
632 1197 683 1218 suo
697 1191 795 1218 seriem
810 1199 902 1219 rerum

117 1240 132 1260 a
149 1240 179 1261 se
194 1238 332 1267 gestarum
349 1240 427 1262 antea
440 1235 588 1264 retulisset.
598 1235 728 1275 Typicum
747 1236 840 1266 Sancti
854 1237 904 1266 Sa-

117 1280 169 1312 liae,
186 1279 308 1308 Venetiis
320 1289 392 1310 anno
409 1281 479 1310 1602
497 1283 671 1317 impressum,
687 1284 828 1318 Onuphrio
839 1293 904 1313 con-

113 1326 206 1361 jungit
231 1328 325 1355 eodem
354 1327 396 1356 tiie
428 1329 601 1363 (crediderim
625 1330 661 1357 ob
694 1330 901 1359 similitudinem

116 1373 328 1406 anachoreseos)
340 1372 462 1407 Petrum,
475 1381 490 1401 a
506 1379 598 1402 monte
611 1375 695 1408 Atho,
708 1382 787 1410 quem
804 1375 903 1416 longis-

113 1417 183 1445 simo
195 1418 306 1445 int-olim
324 1423 456 1454 tempore,
465 1420 622 1448 Athonilam
640 1421 804 1455 appellatum
818 1432 825 1451 :
838 1430 903 1450 con-

110 1463 202 1498 jungit
217 1469 306 1492 autem
322 1469 467 1501 utrumque
483 1466 526 1493 bis
546 1468 637 1494 verbis
651 1476 658 1494 :
675 1467 722 1499 Et;
734 1467 784 1499 τὰς
804 1467 839 1503 ιβ’
853 1468 900 1494 τοῦ

111 1509 188 1536 ὁσίου
203 1510 310 1543 Harpe;
324 1511 403 1546 ἡμῶν
423 1511 596 1547 Ὀνουφρίου.
617 1513 665 1541 καὶ
686 1513 735 1540 τοῦ
756 1513 831 1540 ὁσίου
845 1513 903 1541 Πα-

111 1554 175 1590 τρδς
197 1555 276 1589 ἡμῶν
302 1557 405 1591 Πέτρου
430 1556 477 1583 τοῦ
508 1557 665 1586 ’Δθωνίτοιλ
685 1558 734 1586 Die
757 1559 789 1586 12
811 1558 898 1591 Junii,

109 1601 196 1629 sancti
207 1600 297 1629 Patris
304 1603 393 1630 nostri
404 1602 550 1637 Onuphrii,
564 1609 589 1631 et
605 1606 690 1632 sancti
706 1605 794 1632 Putris
809 1607 894 1634 nostri

109 1645 188 1674 Petri
214 1647 360 1675 Atltonitaz.
390 1648 533 1677 Consentit
558 1649 732 1685 Horologium
763 1651 898 1686 Graecum,

109 1693 182 1727 quod
208 1694 302 1720 eadem
330 1694 444 1722 totidem
473 1695 563 1722 verbis
581 1697 684 1730 rclcrt;
711 1703 738 1725 et
762 1697 897 1731 Molanus,

109 1737 207 1765 unicus
233 1739 304 1772 quod
332 1740 415 1766 sciam
436 1741 508 1774 apud
536 1740 649 1770 Latinos
679 1743 895 1779 tnartyrologus,

109 1782 157 1817 qui
180 1782 238 1818 ejus
262 1784 427 1812 mentionem
446 1786 523 1814 facit.
547 1787 614 1816 Cum
626 1794 715 1816 autem
737 1790 782 1818 hic
800 1791 895 1819 eadem

107 1829 221 1857 omnino
232 1828 327 1857 Latine
342 1831 473 1866 proferat,
486 1840 546 1867 quo:
561 1834 661 1863 Meneta
678 1840 706 1863 et
721 1835 894 1872 Horologium

106 1873 212 1906 Graece,
229 1882 259 1902 es
273 1875 405 1904 alterutro
425 1875 533 1905 illorum
552 1886 600 1906 sua
629 1881 806 1916 transtulerit.
823 1882 897 1909 Mar-

107 1914 268 1954 tyrologium
288 1927 396 1961 quoque
419 1921 570 1963 Ilosctiruxn
601 1914 734 1959 Ouuphrii
764 1926 844 1955 simul
868 1932 895 1954 et

106 1962 181 1992 Petri
210 1962 345 2000 ineminlt,
371 1968 523 2003 eodemque
549 1970 593 1998 die
615 1975 643 1998 et
667 1971 693 1998 in
721 1979 774 1999 una
796 1972 894 2002 tabella

107 2014 256 2046 utrumque
265 2013 407 2050 proponit,
419 2014 668 2050 ﬁguratumeodem
677 2024 790 2052 prorsus
800 2019 891 2055 modo,

107 2056 135 2084 id
152 2062 194 2084 est
218 2063 311 2088 erecte
334 2064 449 2093 stantes,
466 2062 571 2096 capillis
596 2070 649 2090 non
668 2064 813 2093 admodum
829 2073 893 2100 pro-

106 2101 211 2134 missis,
225 2099 311 2130 barba
325 2104 414 2138 ampla
441 2113 489 2139 per
511 2112 608 2141 pectus
632 2108 767 2139 deﬂuente
781 2099 891 2142 crurum

105 2147 196 2179 tenus,
214 2147 317 2176 circum
328 2150 448 2178 verenda
467 2150 610 2180 frondibus
624 2153 742 2193 cinctos,
762 2161 890 2185 ceterum

103 2192 195 2228 nudos
207 2201 215 2220 :
230 2194 268 2222 uti
281 2194 374 2223 videre
383 2201 426 2223 est
439 2196 464 2224 in
480 2197 599 2226 Kalends
605 2200 644 2227 rio
653 2199 818 2234 Mosoorum,
829 2208 891 2234 ante

957 962 1089 995 diximus.
1101 964 1231 1001 pleraque
1241 967 1286 994 hic
1304 976 1357 996 non
1371 969 1506 1000 obtinent.
1521 971 1607 1003 Notus
1618 962 1743 1005 estenim

958 1014 1057 1037 auctor
1071 1009 1140 1039 Vita:
1153 1011 1238 1046 Petri,
1256 1014 1299 1041 vir
1315 1015 1439 1044 eruditus
1451 1021 1535 1052 atque
1558 1021 1744 1057 archiepisco-

955 1061 1017 1089 pus,
1034 1055 1079 1090 qui
1096 1061 1125 1084 et
1140 1058 1219 1088 aliam
1239 1060 1301 1088 olim
1321 1061 1452 1095 scriptam
1467 1064 1559 1094 Vitam
1569 1055 1688 1096 testatur
1711 1077 1743 1098 se

955 1100 1056 1129 vidisse
1073 1107 1102 1130 et
1123 1103 1274 1134 habuisse:
1302 1111 1384 1138 notus
1412 1110 1490 1139 locus
1517 1113 1736 1150 anachoreseos,

956 1152 1035 1180 mons
1049 1148 1148 1184 Alli/08,
1162 1151 1231 1181 nihil
1252 1153 1279 1180 in
1294 1154 1355 1182 Vita
1371 1156 1502 1186 audacius
1518 1164 1566 1186 aut
1578 1148 1741 1191 insolentius

954 1191 1058 1221 dictum
1067 1196 1235 1231 scriptumve
1246 1208 1252 1225 :
1265 1199 1331 1227 nihil
1348 1200 1490 1231 insolitum
1506 1210 1555 1232 aut
1567 1206 1741 1238 inauditum:

954 1238 1065 1267 nihilex
1087 1242 1170 1270 variis
1183 1246 1406 1274 consarcinatum
1421 1256 1429 1276 :
1451 1250 1518 1278 nihil
1541 1253 1620 1280 alteri
1635 1259 1744 1282 contra-

954 1284 1036 1317 rium.
1053 1287 1191 1316 uisirt'orte
1212 1290 1239 1316 in
1255 1298 1371 1320 numero
1387 1300 1435 1327 per
1452 1302 1573 1330 errorem
1601 1299 1655 1327 talo
1676 1301 1741 1336 quid

954 1332 1115 1365 reperiatur.
1140 1334 1273 1365 Convenit
1297 1339 1406 1372 quidem
1434 1340 1495 1368 Vita
1510 1343 1568 1370 haec
1592 1353 1654 1373 cum
1680 1332 1740 1376 Vita

953 1378 1039 1404 sancti
1057 1377 1199 1413 Ouuphrii,
1213 1382 1246 1413 de
1259 1391 1311 1416 quo
1339 1386 1417 1413 modo
1430 1406 1437 1418 ,
1464 1393 1491 1415 et
1513 1396 1616 1418 sancta:
1647 1392 1741 1422 Mariae

953 1422 1127 1458 .Egyptiacaz,
1141 1426 1175 1454 de
1184 1434 1236 1461 qua
1256 1428 1285 1454 ll
1302 1430 1405 1463 Aprilis
1414 1435 1519 1467 egimus
1533 1446 1541 1469 ;
1555 1438 1626 1471 quod
1642 1447 1739 1468 omnes

954 1468 1076 1496 nitantur
1098 1472 1177 1499 unius
1209 1473 1342 1502 duntaxat
1370 1477 1488 1506 hominis
1517 1468 1682 1512 auctoritate
1707 1494 1740 1514 ac

953 1515 1095 1544 relatione.
1112 1516 1163 1545 Sed
1193 1518 1369 1554 Ounpltriana
1386 1523 1450 1552 aliis
1467 1526 1575 1554 duabus
1591 1528 1648 1557 ﬁde
1669 1532 1740 1558 mul-

955 1565 1011 1589 tum
1021 1563 1201 1598 cedit;quod
1226 1567 1359 1597 certiores
1382 1570 1738 1608 circumstantias,,ceuio-

1029 1589 1032 1590 ,
1074 1589 1092 1591 η
1108 1589 1115 1596 ,
1136 1589 1201 1598 μνη
1228 1589 1359 1597 --.πηνα
1382 1589 1736 1608 νιιιιιιιιδιιιΙΙΙΙΙΙρ›ιῖυΙιΙ⁰“

916 1589 937 1617 Β
951 1614 1049 1641 resque
1062 1615 1188 1638 auctores
1203 1611 1243 1639 ita
1257 1613 1376 1641 habeant
1387 1622 1468 1650 quam
1481 1617 1537 1646 illa.
1555 1619 1633 1653 Quod
1651 1621 1736 1651 Maria

950 1656 978 1680 et
990 1652 1088 1680 Petrus
1108 1655 1149 1682 bis
1171 1656 1274 1686 inventi
1293 1658 1397 1688 fuerint
1422 1662 1537 1692 diversis
1557 1652 1735 1701 temporibus,

949 1697 1033 1725 semel
1051 1699 1115 1732 vivi,
1133 1700 1232 1729 iterum
1255 1706 1368 1738 mortui,
1381 1711 1410 1735 et
1432 1708 1530 1738 Petrus
1547 1697 1657 1745 quidem
1680 1715 1736 1750 jam

948 1747 1071 1771 mortuus
1087 1752 1102 1772 a
1126 1747 1239 1776 testibus
1249 1755 1383 1786 quatuor;
1399 1761 1453 1781 non
1480 1756 1543 1783 item
1568 1747 1735 1794 Onuphrius.

947 1787 1023 1821 Quod
1041 1789 1146 1819 illorum
1162 1793 1282 1828 reliquiae
1296 1796 1421 1832 legantur
1449 1801 1602 1836 antiquitus
1620 1787 1737 1833 llrlnalt;

947 1837 991 1867 tae,
1010 1842 1042 1862 ac
1058 1838 1140 1866 certis
1153 1838 1221 1867 locis
1234 1841 1385 1871 honoriﬁce
1402 1848 1734 1886 recouditzluissuquod

946 1880 979 1907 de
991 1880 1174 1916 Ouuphriauis
1195 1886 1286 1919 minus
1298 1894 1405 1918 constat

980 1927 1007 1954 5.
1029 1927 1232 1959 Celeberrimus
1250 1938 1276 1960 et
1289 1934 1354 1963 olim
1376 1936 1426 1965 fuit
1451 1943 1477 1965 et
1494 1948 1566 1968 nunc
1594 1947 1636 1970 est
1656 1951 1735 1972 mons

944 1971 1041 2006 Athos,
1056 1975 1181 2008 palastra
1199 1977 1249 2004 viri
1264 1979 1372 2013 sancti,
1397 1982 1425 2009 in
1447 1985 1546 2012 tiuibus
1569 1971 1740 2017 Macedonius.

943 2017 1024 2052 situs,
1040 2020 1085 2059 tibi
1100 2021 1170 2050 inter
1183 2023 1271 2051 sinum
1285 2024 1486 2060 Strymonicuut
1502 2031 1536 2058 ad
1562 2033 1729 2068 aquilonem,

942 2068 969 2091 et
985 2064 1146 2100 Singiticutn
1163 2069 1196 2095 ad
1214 2071 1367 2105 meridiem,
1386 2082 1396 2099 ι
1415 2082 1469 2103 non
1485 2064 1682 2114 promontorio,

940 2110 1000 2145 alii,
1020 2119 1113 2139 verum
1133 2117 1207 2141 totus
1222 2121 1322 2150 exstat,
1335 2122 1448 2154 totoque
1469 2121 1549 2157 longe
1567 2123 1651 2151 dorso

942 2158 1013 2185 cedit
1028 2159 1054 2186 iu
1071 2160 1191 2195 pelagus.
1207 2171 1216 2187 ι
1237 2168 1267 2189 ttt
1279 2163 1348 2192 Mela
1365 2165 1494 2201 loquitur,
1508 2176 1659 2203 paucorum
1670 2158 1730 2199 sta—

942 2202 1048 2236 diorum
1072 2203 1174 2232 istlnno
1202 2208 1353 2239 continenti
1382 2202 1513 2245 junctus}
1538 2221 1592 2248 quo
1606 2216 1688 2243 etiam
1714 2225 1729 2245 a

104 2244 208 2267 tomum
236 2241 353 2275 primum
383 2241 458 2270 Maii.
486 2243 573 2277 Adde,
605 2246 704 2279 templo
725 2254 740 2273 a
768 2247 925 2284 titlelibnsc
944 2245 1047 2279 Xerxe.
1080 2250 1179 2278 bellum
1204 2251 1306 2280 Gracis
1333 2241 1477 2288 inici-eote,
1494 2241 1558 2285 olim
1586 2241 1727 2296 perfosso;

102 2281 209 2313 structo
227 2285 400 2320 honoratum,
416 2296 508 2317 annuo
524 2289 594 2318 festo
608 2299 638 2318 ac
655 2292 744 2327 populi
756 2300 889 2322 concursu

101 2331 281 2364 celebratum,
298 2340 347 2360 nec
359 2341 412 2360 non
431 2335 570 2362 miraculis
601 2336 628 2363 in
655 2337 708 2363 vita
731 2342 813 2373 atque
829 2344 889 2378 post

101 2382 218 2412 mortem
233 2377 335 2405 clarum
352 2378 438 2413 fuisse
453 2379 563 2408 Petrum
576 2400 583 2414 ,
599 2382 636 2410 uti
648 2388 758 2413 constat
777 2392 810 2412 ex
826 2385 888 2414 Vita

101 2429 177 2448 num.
197 2421 243 2449 49.

135 2465 163 2492 2.
181 2465 261 2494 Hisce
275 2468 403 2503 permoti,
418 2470 598 2505 proponimus
618 2477 645 2500 et
654 2480 703 2501 nos
714 2473 765 2513 hoc
775 2474 835 2510 ipso
843 2475 888 2504 die

100 2513 222 2545 Petrum,
246 2517 275 2541 ct
294 2514 404 2549 quidem
419 2513 568 2551 _0nuphrio
579 2517 715 2553 (quamvis
738 2519 785 2548 illo
803 2521 887 2550 multo

98 2559 194 2593 junior
207 2567 267 2587 esse
277 2560 385 2596 debeat)
397 2561 520 2596 proxime
531 2564 705 2599 conjunctum
725 2574 732 2594 :
744 2566 808 2601 quia
820 2567 885 2596 dum

100 2604 168 2631 nihil
185 2605 252 2632 certi
275 2606 309 2634 de
326 2611 449 2642 tempore
463 2615 517 2643 quo
530 2609 640 2643 vixerit,
660 2611 738 2641 nobis
755 2617 884 2642 constat:

99 2650 143 2676 cui
159 2651 250 2685 potius
279 2659 341 2679 eum
368 2653 579 2688 coujttngamus,
592 2663 673 2691 quam
695 2657 739 2684 cui
763 2657 886 2688 instituto

98 2694 161 2721 vitae
178 2702 308 2730 perquam
321 2696 428 2730 similis,
449 2705 482 2725 ac
511 2705 655 2734 propterea
669 2702 719 2731 abs
743 2704 885 2734 ritualibus

97 2739 177 2767 libris
197 2741 361 2776 coujunctus
384 2743 480 2777 etiam,
499 2749 528 2774 ut
549 2743 676 2781 vidimus,
691 2748 761 2777 fuit?
778 2750 817 2778 Ex
833 2751 884 2780 bac

95 2789 189 2813 tamen
216 2786 395 2816 similitudine
416 2790 478 2818 vitae
488 2795 515 2818 et
540 2793 732 2828 conjunctione
752 2796 883 2826 Actorum

97 2832 201 2859 nemini
215 2834 336 2869 suspicio
355 2835 435 2864 debet
455 2837 533 2871 oriri,
547 2840 625 2872 quasi
646 2848 698 2875 par
712 2842 794 2870 etiam
815 2843 883 2874 ﬁdes

96 2878 240 2914 utriusque
254 2880 328 2909 Actis
342 2880 493 2911 adhibenda
511 2883 554 2912 sit.
576 2885 644 2915 Nam
661 2895 818 2924 argumenta
831 2900 881 2919 cur

943 2293 1088 2328 veliﬁcatus
1109 2297 1202 2331 Athos,
1227 2300 1265 2326 uti
1285 2301 1358 2328 canit
1378 2303 1537 2336 Juvcuelis,
1558 2293 1679 2336 ctmons
1695 2317 1726 2336 ex

943 2341 1096 2377 peninsnla,
1119 2343 1208 2371 insula
1225 2347 1358 2381 tantisper
1374 2348 1462 2377 factus
1479 2350 1540 2378 fuit.
1561 2352 1729 2383 Describitur

942 2386 1013 2415 idem
1041 2388 1127 2416 Athos
1152 2389 1180 2416 in
1202 2390 1312 2420 Menaeis
1326 2393 1371 2421 die
1385 2394 1403 2421 5
1423 2394 1499 2429 Julii,
1517 2398 1561 2425 ubi
1578 2399 1611 2427 tle
1631 2407 1730 2430 sancto

942 2431 1101 2467 Athanasio,
1115 2435 1198 2470 Ὄρος
1209 2436 1310 2471 ὑψηλόν
1323 2446 1354 2467 τε
1367 2439 1413 2466 καὶ
1429 2440 1576 2477 ἐπίμηκες,
1593 2445 1640 2471 ἐπὶ
1656 2447 1729 2474 πολὺ

941 2476 991 2511 τῆς
1007 2478 1144 2515 Θαλάσσης
1157 2481 1263 2517 διῆκον,
1274 2483 1313 2516 ὡς
1325 2484 1412 2520 αὐχήν
1421 2494 1465 2518 τις
1477 2476 1635 2523 accumbe.
1646 2491 1729 2520 Hosis

941 2522 1013 2551 altus
1027 2530 1052 2552 et
1069 2528 1246 2562 prmgrondis,
1263 2529 1342 2565 longo
1360 2533 1449 2567 spatio
1466 2533 1493 2560 in
1513 2542 1587 2563 mare
1601 2544 1730 2571 κροκι-ν

940 2574 1010 2602 ctus,
1036 2572 1118 2600 υιιυιί
1137 2578 1280 2608 angustum
1299 2575 1410 2611 collum.
1436 2585 1493 2614 qua,
1509 2586 1588 2614 parte
1616 2583 1724 2612 sciliccs

939 2616 1091 2647 continenti
1109 2620 1300 2651 committitur.

974 2663 1002 2691 4,
1023 2663 1061 2691 De
1080 2665 1176 2692 eodem
1204 2672 1296 2696 monte
1326 2669 1517 2706 religiosisquo
1539 2672 1600 2708 ejus
1624 2674 1725 2704 incolis

941 2709 1023 2738 multa
1036 2710 1208 2740 laudabiliter
1222 2719 1353 2742 memorat
1371 2716 1422 2744 sub
1439 2716 1547 2746 initium
1559 2720 1650 2748 saeculi
1671 2729 1724 2750 sur

938 2755 1110 2785 Innocentius
1125 2756 1158 2785 ΙΙΙ
1173 2766 1254 2793 papa,
1268 2760 1390 2790 scribens
1413 2762 1447 2789 ad
1470 2762 1722 2795 Sanctt'Athamsii

938 2802 1027 2839 (cuius
1038 2804 1155 2831 nominis
1170 2805 1337 2841 ηιιηεείριιιιιῃ
1364 2807 1420 2846 iitjc
1445 2811 1641 2839 monasterium
1666 2815 1724 2848 cdt)

937 2853 1104 2884 canorosque
1117 2850 1228 2879 abbatcs
1244 2856 1270 2879 et
1285 2854 1433 2881 monachos
1447 2853 1547 2884 Montis
1559 2859 1647 2886 sancti
1657 2857 1724 2887 sive

937 2895 1012 2929 Athi,
1034 2903 1135 2931 eosque
1155 2897 1208 2925 sub
1229 2897 1302 2926 beati
1323 2897 1396 2928 Petri
1425 2904 1452 2930 et
1477 2909 1526 2931 sua
1551 2905 1721 2938 protectioue

1819 2925 1904 2968 ί.

1789 2966 1851 3003 oti—ts
