1949 3069
234 182 284 214 991

864 179 1056 210 GREGORII
1078 178 1239 210 PALAME

1795 175 1849 208 90?.

227 239 378 273 suscipiens
402 246 434 266 ac
463 237 602 273 privilegia
624 236 801 264 conﬂrmans.
822 235 868 262 Sic
887 235 958 262 enim
973 237 1009 262 ait
1027 239 1047 265 Α
1065 236 1174 262 nomine
1190 235 1339 262 Turcarum
1361 238 1478 269 tyranno
1499 231 1646 267 quotannis
1659 237 1692 258 ex
1713 230 1813 257 vinetis
1825 235 1851 256 ιιι

229 285 341 321 epistola
368 284 419 312 168
445 284 506 311 libri
534 291 577 310 xv:
599 291 606 310 :
627 291 636 306 ο
663 281 801 308 llelatlone
828 280 973 308 illustrium
985 284 1013 307 et

228 338 388 365 magnorum
408 331 527 356 virorum
541 334 634 356 nostro
655 332 696 356 est
709 325 871 362 apostolatui
887 325 1011 353 declara-

212 368 298 409 ‘tum,
312 376 385 410 quod
401 375 446 402 ille
460 375 506 409 qui
523 379 565 402 est
587 381 665 401 mons
688 373 785 400 domus
808 371 926 402 Domini,
941 377 1012 405 prte-

229 426 338 455 paratus
359 421 384 447 in
406 420 509 447 vertice
530 417 676 449 montium,
694 423 722 445 ut
743 417 777 444 ad
799 423 860 444 eum
876 414 1014 443 conﬂuant

227 473 322 492 omnes
350 469 456 499 gentes,
476 464 593 492 Sanctus
618 462 745 491 videlicet
772 466 942 493 sanctorum,
966 459 1012 495 qui

228 511 357 539 Ecclesia:
379 510 556 537 fundamenta
577 509 605 536 in
618 508 722 536 sanctis
742 506 880 535 montibus
895 505 1014 533 colloca-

226 556 281 589 vit;
301 560 419 583 montem
434 560 566 587 vestrum,
585 561 667 589 super
687 560 763 580 mare
780 552 874 585 situm,
887 552 919 579 ad
935 551 1014 578 inha-

226 600 368 628 bitantlum
383 602 440 629 suis
464 602 588 628 ﬂdelibus
600 599 748 636 praeelegit,
765 599 811 633 qui
828 598 954 626 eﬂ'ectum
968 597 1012 624 sui

226 647 347 674 nominis
358 648 514 674 etnnminis
531 647 557 674 in
570 654 600 674 se
614 645 729 678 habens,
748 645 811 672 licet
825 645 918 672 aridus
933 643 970 671 sit
985 647 1013 670 et

226 701 317 727 asper,
342 698 369 721 et
399 693 546 721 fertilitatis
563 692 650 728 gratia
663 692 821 724 destitutus,
849 695 891 718 est
921 695 1011 717 tamen

227 738 299 765 inter
323 738 391 765 alios
418 738 510 765 mundi
542 742 648 765 montes
677 737 796 765 maxima
827 735 1011 771 spiritualium

226 782 349 810 ubertate
363 783 523 810 mirabiliter
540 781 710 810 fecundatus.
725 781 791 808 Nam
807 788 868 808 cum
885 779 1013 808 trecentis

228 829 401 856 monasteriis
417 833 444 856 et
459 828 574 863 gloriosa
604 828 791 863 religiosorum
808 827 928 854 virorum
941 825 1013 853 mul-

227 875 353 907 titudine,
382 880 486 902 arctam
514 880 540 902 et
563 875 822 909 pauperem-vitam
842 873 1010 903 ducentium,

225 921 390 954 decoratur;
413 925 488 948 tanta
508 928 596 955 usque
613 922 693 949 modo
709 920 830 948 reﬂoruit
850 918 1011 947 excellentia

227 968 390 1000 honestatis,
404 973 477 995 tanta
492 968 629 1003 religionis
642 967 748 995 eximite
760 967 884 995 claritate
896 964 1012 998 refulsit,

226 1017 256 1040 ut
272 1013 304 1040 dc
319 1014 378 1048 ipso
391 1021 452 1040 cum
467 1012 551 1041 Jacob
577 1017 649 1041 recte
666 1013 750 1048 possit
777 1013 837 1046 quis
858 1012 949 1039 dicere
966 1010 1014 1038 ad-

226 1059 352 1086 mirando
363 1078 370 1085 .
388 1057 462 1086 Vere
474 1062 587 1086 sanctus
603 1063 646 1086 est
660 1058 712 1085 iste
724 1057 810 1089 locus,
824 1056 886 1092 quia
910 1056 952 1083 hic
966 1061 1012 1084 est

226 1105 323 1132 domus
341 1105 397 1136 Dei,
414 1109 441 1131 et
461 1104 583 1138 quaedam
605 1102 804 1138 quodammodo
824 1105 901 1137 porta
930 1101 1010 1132 cceli;

228 1151 274 1178 ubi
291 1151 437 1178 multitudo
454 1150 577 1178 caelestis
592 1150 740 1180 exercitus,
752 1153 879 1182 tanquam
907 1151 1013 1174 castro-

229 1205 288 1224 rum
315 1197 389 1224 acies
417 1196 541 1224 ordinata
553 1201 580 1223 et
596 1201 689 1231 parata
707 1194 839 1222 suscitare
853 1192 1012 1224 Leviathan,

226 1244 372 1271 victoriose
397 1247 500 1278 pugnat
523 1242 623 1277 iugiter
654 1248 716 1268 cum
743 1241 872 1272 dracone,
895 1238 1013 1274 psallens

227 1288 344 1316 Domino
366 1289 514 1324 sapienter.
532 1287 647 1322 Propter
666 1287 738 1322 quod
754 1286 812 1321 jam
830 1285 929 1312 dudum
942 1284 1012 1312 fama

227 1335 308 1363 vestri
329 1335 457 1366 nominis,
473 1341 533 1369 qua:
545 1334 633 1361 fuerat
656 1333 741 1360 eﬂ‘usa
758 1333 828 1360 sicut
845 1333 934 1359 oleum
963 1331 1014 1358 cir-

227 1389 410 1416 cumquaque,
425 1380 524 1408 multos
544 1380 657 1415 populos
672 1380 704 1407 ad
722 1387 752 1407 se
769 1379 882 1406 traxerit
900 1378 927 1405 in
944 1379 1014 1405 odo—

227 1434 286 1454 rem
307 1431 506 1462 unguentorum
520 1431 684 1457 vestrorum,
699 1425 771 1460 ipsos
785 1431 895 1452 currere
912 1422 1013 1450 faciens

228 1473 391 1505 aremotis;
426 1472 609 1499 Ecclesiarutn
636 1471 740 1505 praelati
776 1474 801 1497 et
835 1471 1013 1504 imperatores

229 1519 523 1553 Constantinopolitanl
539 1518 683 1552 pluresque
698 1517 837 1552 principes
854 1516 1011 1548 saaculares,

228 1574 278 1602 per
292 1565 430 1600 privilegia
446 1572 496 1598 sua
512 1563 607 1596 multa,
622 1563 686 1590 olim
699 1561 920 1589 tantmlibertatis
928 1568 1013 1596 praee-

1067 280 1174 308 olivetis
1187 280 1244 308 suis
1263 278 1383 314 pendunt
1408 286 1435 306 νι
1459 277 1540 304 millia
1560 277 1702 304 obolorum
1720 275 1852 303 Tttrcico-

1061 334 1132 354 rum.
1148 326 1224 353 Mons
1238 326 1260 353 is
1269 334 1283 352 a
1296 323 1459 353 Christianis
1470 324 1565 356 Ἆγιον
1574 323 1644 357 δρος,
1661 322 1711 349 hoc
1722 327 1764 349 cst
1774 321 1850 348 Mons

1062 377 1173 400 sanctus
1184 372 1295 402 dicitur,
1309 379 1323 398 a
1336 370 1450 397 Rutenis
1465 369 1565 396 Suvata
1581 367 1698 404 [Sviata]
1713 368 1791 394 hora.
1810 377 1820 392 1

1097 416 1126 444 6.
1141 416 1302 443 Praedictum
1315 423 1414 443 nomen
1431 415 1528 448 ’Δγιον
1542 413 1606 450 ὄρος
1620 414 1653 440 ab
1669 413 1714 440 illo
1728 414 1849 440 virorum

1062 463 1249 498 religiosorum
1265 467 1336 490 ctetu
1351 468 1376 489 et
1388 462 1490 489 sanctis
1501 460 1743 488 exercitatiOnihus
1760 459 1852 486 adhae-

1062 511 1132 538 sisse
1144 508 1214 536 Atho
1235 512 1314 542 putat
1337 507 1490 539 Bellonins;
1512 513 1573 534 cum
1594 506 1684 540 potius
1709 504 1850 532 sanctitati

1062 555 1136 584 Petri
1157 554 1350 582 ascribendum
1361 575 1368 585 ,
1387 554 1420 580 ab
1433 553 1546 588 ipsaque
1561 552 1677 585 Deipara
1693 551 1716 578 ei
1731 551 1849 578 inditum

1062 603 1109 635 sit,
1125 602 1162 629 uti
1181 610 1255 628 num.
1272 601 1300 627 ll
1325 601 1350 626 in
1369 599 1432 626 Vita
1451 599 1558 633 legitur.
1576 597 1690 631 Quando
1705 601 1794 624 autent
1809 597 1850 624 sic

1063 647 1176 682 cceperit
1191 645 1322 681 appellari
1346 649 1402 672 tum
1416 649 1542 672 constare
1553 643 1663 679 poterit,
1683 642 1794 677 quando
1816 642 1850 669 de

1063 698 1194 728 tempore,
1212 700 1265 728 quo
1277 698 1424 719 conversus
1443 696 1484 718 est
1503 690 1610 723 Petrus,
1626 689 1774 716 constabit.
1786 688 1851 716 Flo-

1065 741 1117 767 ruit
1132 740 1159 766 in
1175 747 1208 766 eo
1224 743 1327 769 monte,
1353 741 1451 772 praeter
1474 737 1586 765 Petrum
1613 740 1746 767 nostrum,
1770 739 1850 762 notus

1064 786 1142 813 nobis
1159 784 1338 812 sanctimonia
1356 784 1418 811 vitat
1435 783 1602 810 Athanasius
1617 781 1738 817 quidam,
1760 781 1850 816 patria

1063 829 1507 866 Trapezuntius,Constantinopoli
1519 828 1617 856 litteris
1625 828 1708 863 probe
1717 827 1851 861 eruditus,

1063 878 1165 905 montis
1179 877 1300 913 Cyminat
1316 877 1342 904 iu
1368 876 1432 903 Asia
1457 876 1586 911 primum,
1606 875 1702 902 deinde
1727 873 1791 902 Atlti
1823 873 1851 901 in

1028 935 1050 964 Β
1065 923 1218 952 Macedonia
1237 930 1315 950 sacer
1332 926 1453 950 ascetes:
1468 922 1515 957 qui
1532 922 1559 949 ln
1572 921 1652 954 huius
1670 921 1802 948 interiora
1817 928 1852 947 ex

1064 969 1153 996 illvina
1178 968 1342 995 revelatione
1365 967 1474 995 tandem
1502 967 1624 1001 secessit,
1656 965 1852 1001 (ibidemque,

1065 1019 1174 1049 rogatus
1188 1021 1202 1040 a
1219 1013 1373 1048 Nicephoro
1388 1012 1490 1045 Phoca,
1502 1013 1603 1040 militia:
1615 1013 1715 1048 pariter
1729 1020 1760 1039 ac
1776 1012 1852 1039 domi

1064 1061 1092 1089 in
1120 1061 1222 1095 palatio
1244 1060 1418 1094 imperatoris
1433 1060 1518 1090 claro.
1546 1060 1652 1095 ipsique
1676 1063 1772 1087 sancto
1793 1059 1852 1092 iam

1064 1111 1125 1134 ante
1133 1105 1303 1134 familiariter
1313 1109 1376 1133 noto
1387 1109 1415 1133 et
1430 1105 1557 1132 amicitia:
1573 1105 1680 1132 vinculo
1693 1104 1848 1138 coniuncto,

1063 1152 1111 1180 Dei
1126 1153 1204 1180 Matri
1221 1153 1394 1188 magnilicum
1409 1159 1475 1179 sane
1493 1152 1621 1186 templum
1638 1151 1759 1179 condidit
1770 1171 1777 1184 .
1793 1152 1851 1180 cel-

1064 1199 1157 1233 lasque
1172 1198 1301 1233 plurimas
1317 1201 1345 1225 et
1361 1198 1494 1224 maximas
1510 1197 1543 1224 ad
1565 1205 1642 1224 usum
1657 1205 1689 1225 ac
1707 1197 1842 1224 habitatio

1064 1251 1125 1271 nem
1137 1243 1250 1270 fratrum
1282 1251 1296 1270 a
1321 1243 1506 1271 fundamentis
1530 1243 1670 1276 excitavit,
1697 1248 1723 1270 et
1746 1242 1852 1270 lauram

1064 1290 1178 1324 denique
1203 1289 1348 1317 multorum
1364 1297 1492 1324 capacem
1519 1289 1639 1321 molitus.
1663 1289 1788 1324 migravit
1817 1290 1853 1316 ad

1064 1335 1218 1369 Dominum,
1239 1344 1248 1361 »
1267 1336 1305 1364 uti
1322 1335 1424 1363 Menrea
1441 1335 1587 1370 loqttuntur
1603 1335 1636 1362 ad
1656 1334 1727 1362 diem
1742 1335 1759 1361 5
1773 1334 1853 1362 Julii.

1098 1381 1126 1409 7.
1145 1381 1279 1409 Conlicies
1299 1389 1381 1416 porro
1396 1389 1429 1409 ex
1448 1386 1528 1408 aetate
1550 1380 1696 1415 Nicephori
1716 1381 1852 1416 praedicti,

1064 1434 1135 1454 anno
1147 1427 1199 1455 965
1219 1427 1362 1462 imperium
1384 1435 1462 1454 sutnn
1484 1428 1551 1460 orsi,
1569 1427 1751 1455 Athanasium
1769 1429 1853 1456 istum

1064 1473 1115 1501 sub
1130 1473 1290 1501 annum950
1305 1473 1429 1500 ﬂoruisse
1441 1473 1467 1500 in
1485 1473 1674 1506 monte'Atlto;
1687 1478 1770 1507 atque
1783 1474 1854 1502 adeo

1063 1518 1117 1553 iam
1137 1524 1216 1547 antea
1245 1520 1344 1547 ibidem
1361 1519 1428 1547 alios
1443 1520 1524 1546 vitam
1548 1520 1658 1547 duxisse
1687 1520 1852 1552 solitariam,

1064 1573 1126 1594 cum
1138 1571 1164 1593 et
1184 1567 1241 1601 ipse
1258 1565 1360 1601 legatur
1379 1565 1405 1592 in
1426 1565 1534 1593 Menaeis
1551 1566 1610 1594 loco
1626 1565 1709 1593 citato
1722 1586 1730 1598 ,
1748 1567 1854 1594 seniori

229 1598 360 1638 minentis
374 1598 422 1636 vos
436 1609 573 1639 donarunt,
594 1614 624 1635 ut
637 1611 698 1641 post
713 1607 807 1639 Deum,
822 1607 866 1634 cui
887 1606 1012 1633 volebant

1066 1613 1241 1641 Anachoretae
1263 1613 1317 1640 Illic
1329 1620 1359 1640 se
1381 1613 1540 1647 discipulum
1567 1613 1722 1640 tradidisse.
1759 1613 1856 1641 Potest

228 1664 277 1684 vos
300 1656 385 1683 libere
409 1654 545 1685 famulari,
560 1653 659 1680 nullius
685 1661 803 1686 unquam
819 1652 916 1679 essetis
932 1652 1014 1686 juris-

227 1701 342 1729 tlictioui
359 1699 483 1733 subjecti.
507 1709 517 1724 ›
530 1699 570 1726 lta
585 1698 717 1733 pontifex,
737 1698 788 1725 alia
808 1698 907 1725 deinde
921 1705 1014 1732 prose-

227 1755 314 1783 quens
331 1748 364 1775 de
378 1747 497 1773 violento
509 1747 645 1780 praedone,
657 1745 708 1780 'quj
725 1745 922 1772 monachorum
937 1745 1015 1779 quie-

230 1798 284 1821 tem
298 1792 426 1825 turbavit,
437 1791 565 1825 expilavit
576 1791 717 1822 ecclesias,
726 1791 856 1825 quosdam
867 1791 1014 1819 crudeliter

227 1840 309 1867 etiam
320 1838 456 1866 interemit
467 1847 475 1872 ;
485 1845 537 1866 nec
552 1846 605 1865 non
617 1838 771 1872 suscipiens
784 1842 839 1864 tum
855 1838 1013 1872 monachos,

231 1890 288 1913 tum
304 1890 422 1912 montem
448 1886 536 1920 ipsum
556 1885 607 1913 sub
622 1891 670 1913 sua
685 1889 713 1913 et
738 1884 827 1912 sancti
847 1884 920 1912 Petri
948 1892 1014 1920 pro-

231 1932 360 1959 lectione.

266 1979 293 2007 5.
309 1979 367 2006 Alia
396 1978 512 2006 subinde
540 1978 642 2006 montis
671 1977 755 2005 facies
780 1977 885 2005 exstitit
913 1977 1014 2006 secutis

229 2025 414 2059 temporibus,
440 2025 670 2052 monasteriorum
695 2024 844 2059 prtcsertim
879 2031 1012 2058 numero,

229 2071 300 2098 forte
329 2070 356 2096 in
380 2069 537 2097 schismatis
560 2076 685 2104 pmnam,
709 2069 907 2097 incredibiliter
922 2070 1014 2097 itumi-

229 2121 307 2145 nuto.
332 2116 398 2143 Nam
411 2117 457 2151 qui
467 2116 567 2143 saeculo
580 2116 712 2151 superiori
731 2121 850 2144 montem
868 2118 1014 2151 perambu-

230 2162 306 2194 lavit,
320 2167 448 2189 accurate
459 2161 577 2189 lustrans
599 2161 690 2188 omnia
706 2161 883 2196 pluribusque
907 2161 1013 2189 descri-

228 2207 293 2235 heus
321 2207 415 2235 Petrus
440 2207 588 2239 Bellonius,
613 2207 651 2234 ait
679 2207 747 2234 libro
765 2214 814 2234 suo
839 2206 860 2239 l,
884 2214 945 2241 cap.
967 2207 1013 2239 10,

229 2253 311 2280 trium
327 2242 430 2280 dierum
451 2252 549 2279 itinere
557 2252 589 2278 in
609 2251 816 2286 longitudinem,
831 2251 934 2278 dimidii
949 2259 1014 2279 vero

228 2300 255 2326 in
279 2298 449 2325 latitudinem
480 2301 592 2332 patere:
608 2305 622 2324 a
648 2298 712 2325 solis
739 2297 878 2331 Calogeris
893 2297 966 2332 (sunt
995 2298 1014 2325 ii

228 2344 355 2372 monachi
371 2343 482 2371 caelibes
498 2344 568 2377 apud
594 2342 714 2377 Graecos)
731 2342 876 2370 inhabitari
890 2350 898 2370 :
917 2343 1014 2378 viginti

230 2391 280 2418 tria
297 2390 337 2418 vel
348 2396 463 2424 quatuor
477 2397 529 2416 non
543 2389 658 2424 amplius
671 2389 1013 2423 monasteria,variislocis

228 2437 293 2469 sita,
306 2437 454 2463 numerari.
471 2435 634 2463 blonasteria
648 2435 705 2470 ipsa
722 2435 822 2463 habere
837 2436 864 2463 in
878 2435 1013 2470 adiunctis

227 2483 278 2511 sibi
296 2483 400 2517 templis
413 2490 505 2509 sacras
521 2482 660 2516 reliquias,
675 2482 708 2509 ad
730 2489 831 2516 easque
843 2481 1012 2518 frequentem

228 2529 286 2557 ﬂeri
300 2527 594 2562 concttrsunLTempla
609 2535 717 2562 quoque
732 2528 790 2562 ipsa
800 2529 906 2563 egregie
917 2533 1012 2557 ornata

225 2580 254 2603 et
267 2579 405 2602 exstructa
427 2580 506 2607 esse,
533 2577 613 2608 atque
638 2573 702 2600 inibi
725 2573 870 2609 Calogeros
897 2575 1012 2610 singulis

225 2622 261 2649 δίη
272 2622 321 2648 bus
338 2620 461 2654 liturgias
477 2627 586 2652 canere,
602 2620 693 2646 omnia
705 2619 800 2647 Graeco
814 2628 938 2648 sermone
952 2629 1014 2656 pro-

226 2667 356 2694 ferentrs.
383 2665 435 2692 Sed
465 2665 498 2691 de
514 2664 663 2699 Calogeris,
677 2665 722 2699 qui
742 2665 797 2692 illic
815 2666 848 2691 ad
865 2671 913 2692 sex
928 2665 1012 2692 millia

226 2713 357 2740 dicuntur
372 2710 481 2742 degere,
499 2710 536 2736 uti
555 2715 583 2737 et
605 2710 637 2736 «lc
658 2710 717 2737 aliis
735 2711 786 2738 huc
807 2712 1010 2745 pertinentibus

225 2758 326 2785 videsis
345 2756 493 2782 llcllonium
515 2756 600 2790 ipsum
612 2774 620 2787 ,
638 2760 665 2782 ct
693 2763 753 2790 quae
769 2755 888 2784 Joannes
903 2756 1012 2792 Langus

223 2805 259 2831 ad
276 2803 324 2831 lih.
337 2811 363 2830 ιι
376 2802 535 2837 Nicephori,
549 2810 607 2837 cap.
625 2803 669 2836 38,
683 2803 724 2830 sic
739 2808 815 2830 notat.
831 2811 838 2830 :
859 2812 869 2830 ‹
887 2803 1011 2832 llodiein

226 2848 298 2874 Atho
324 2853 413 2875 monte
435 2848 471 2874 22
496 2848 609 2884 insignia
633 2853 696 2876 sunt
715 2849 878 2876 monasteria
904 2849 1011 2877 Graeco-

228 2902 285 2921 runt
303 2895 495 2922 monachorum
506 2895 612 2923 ordinis
626 2896 711 2924 sancti
729 2895 832 2929 Basilii,
843 2904 902 2931 qua:
918 2897 1011 2925 tributi

1065 1663 1156 1685 tamen
1183 1658 1216 1685 ab
1249 1658 1390 1689 Athanasii
1419 1658 1587 1692 temporibus
1612 1658 1749 1686 celebrior
1766 1658 1857 1687 factus

1064 1708 1092 1732 et
1105 1704 1190 1739 magis
1203 1703 1387 1739 frequentatus
1398 1705 1480 1732 fuisse
1495 1707 1572 1732 motis
1587 1705 1648 1737 iste,
1668 1709 1722 1732 ttnn
1741 1711 1856 1741 propter

1064 1750 1235 1778 sanctitatem
1253 1750 1337 1785 ipsius
1355 1750 1514 1783 Athanasii,
1529 1755 1584 1778 tum
1602 1756 1711 1786 propter
1728 1752 1856 1779 auctori-

1065 1799 1146 1824 tatem
1161 1796 1318 1831 Nicephori,
1335 1797 1383 1824 viri
1399 1797 1529 1832 opulenti,
1545 1798 1642 1825 deinde
1668 1797 1855 1833 impexaloris,

1066 1848 1122 1870 tum
1140 1842 1221 1870 etiam
1244 1847 1353 1877 propter
1371 1843 1566 1871 monasterium
1578 1848 1605 1870 et
1620 1844 1724 1871 lauram
1747 1844 1856 1872 utrius-

1065 1895 1118 1922 que
1146 1895 1198 1923 ope
1226 1892 1425 1917 constructam.
1451 1889 1536 1923 Quam
1571 1889 1674 1916 lauram
1707 1890 1728 1916 si
1757 1890 1856 1918 dixero

1065 1934 1213 1962 etiamnum
1230 1939 1346 1966 exstare,
1356 1935 1532 1970 eamdemque
1545 1943 1606 1963 esse
1618 1942 1699 1973 quam
1715 1935 1856 1964 Bellonius

1065 1978 1206 2010 describit,
1232 1979 1277 2006 lib.
1294 1987 1313 2011 l,
1327 1987 1389 2013 cap.
1404 1979 1439 2007 3'7
1450 2000 1457 2013 ,
1474 1979 1601 2008 fortassis
1615 1976 1681 2014 erui,
1701 1981 1747 2014 qui
1765 1982 1859 2008 consi-

1065 2022 1167 2051 deratis
1180 2023 1293 2051 Bellouii
1305 2024 1394 2051 verbis
1407 2025 1471 2052 mihi
1489 2026 1662 2052 assentiatur.
1682 2035 1691 2051 ι
1715 2025 1855 2053 Monaste-

1065 2068 1147 2101 rium,
1172 2069 1260 2103 inquit
1283 2069 1341 2103 ille,
1356 2070 1422 2103 Agin
1443 2069 1530 2097 Laura
1559 2075 1757 2104 nuncupatum,
1785 2072 1856 2098 inter

1063 2114 1166 2149 reliqua
1185 2115 1268 2143 totius
1284 2116 1383 2143 montis
1405 2117 1568 2144 monasteria
1584 2116 1662 2144 facile
1670 2118 1855 2152 principatum

1065 2160 1179 2193 obtinet,
1199 2165 1279 2195 atque
1295 2161 1327 2188 ad
1352 2162 1457 2189 radices
1471 2162 1616 2189 celsissimi
1630 2162 1688 2198 jugi
1706 2164 1791 2196 (quod
1807 2172 1855 2190 ve-

1065 2213 1112 2233 rus
1127 2214 1205 2233 tnons
1219 2206 1305 2234 Atbos
1319 2206 1371 2241 est)
1391 2207 1471 2234 situm
1492 2212 1546 2240 est,
1560 2215 1613 2242 qua
1629 2213 1705 2242 parte
1730 2208 1854 2236 Lemnon

1066 2257 1179 2286 spectat.
1192 2262 1201 2278 ι
1223 2251 1296 2280 Gerit
1308 2253 1380 2279 enim
1391 2254 1584 2281 monasterium
1603 2254 1663 2286 hoc,
1676 2253 1766 2281 solum
1784 2254 1856 2281 inter

1065 2298 1154 2326 omnia
1176 2307 1190 2325 a
1214 2298 1332 2326 Bollonio
1353 2305 1530 2331 enumerata,
1554 2307 1651 2326 nomen
1676 2299 1767 2326 Laura
1785 2309 1794 2328 :
1811 2300 1854 2326 cui

1064 2344 1185 2371 additum
1202 2344 1299 2371 deinde
1323 2348 1411 2379 potest
1427 2343 1510 2371 fuisse
1532 2344 1611 2378 ’Δγία
1627 2352 1675 2372 seu
1694 2351 1802 2378 amicta,
1815 2345 1855 2372 tel

1095 2389 1245 2416 fundaloris
1261 2389 1400 2416 Athanasii
1430 2390 1575 2417 sanctitate
1587 2411 1594 2422 ,
1609 2389 1650 2417 vel
1671 2397 1685 2415 a
1706 2392 1856 2417 sanctitate

1065 2435 1148 2470 ipsius
1170 2435 1339 2467 monasterii,
1355 2435 1427 2470 qttod
1439 2440 1467 2463 et
1485 2436 1538 2463 situ
1560 2435 1718 2470 particulari
1736 2444 1854 2463 vcnera—

1065 2481 1145 2508 bilius
1171 2487 1212 2508 est
1226 2481 1295 2513 aliis,
1315 2486 1341 2508 et
1366 2481 1409 2508 cui
1434 2481 1485 2508 alia
1512 2481 1580 2508 forte
1604 2481 1696 2508 omnia
1719 2483 1855 2516 originem

1065 2535 1142 2555 suam
1157 2533 1239 2562 atque
1260 2527 1328 2555 adeo
1351 2528 1431 2554 etiam
1446 2527 1647 2554 venerationem
1667 2527 1797 2555 debeant.
1810 2529 1857 2555 Est

1064 2579 1194 2608 preterca
1210 2574 1401 2601 monasterium
1421 2574 1482 2607 hoc,
1495 2574 1531 2600 uti
1544 2573 1609 2601 illud
1624 2573 1855 2607 Atliauasiannm,

1065 2618 1091 2646 in
1106 2619 1203 2646 montis
1228 2624 1304 2654 parte
1323 2618 1447 2646 interiori
1474 2623 1502 2646 et
1516 2620 1602 2653 magis
1619 2618 1671 2644 alta
1687 2627 1769 2653 quam
1793 2620 1856 2646 reli~

1064 2672 1128 2701 qua,
1145 2665 1202 2693 fere
1223 2666 1248 2692 in
1264 2665 1400 2692 littoribus
1414 2664 1473 2692 sitm
1487 2670 1534 2691 aut
1549 2672 1642 2699 parum
1661 2664 1725 2691 inde
1739 2670 1854 2696 remota,

1065 2712 1103 2739 uti
1121 2714 1234 2739 testatur
1246 2710 1392 2738 Bcll‘onius.

1100 2758 1126 2785 8.
1141 2757 1193 2785 Sed
1218 2749 1359 2785 redeamus
1383 2757 1415 2784 ad
1440 2756 1563 2788 Petrum,
1581 2756 1624 2790 qui
1648 2757 1761 2783 omnino
1778 2758 1854 2792 prior

1065 2804 1216 2832 Athanasio
1231 2805 1329 2831 Album
1343 2805 1487 2832 incoluisse
1504 2805 1593 2832 debet.
1606 2803 1666 2838 Quo
1685 2805 1759 2831 enim
1775 2811 1853 2840 pacto

1067 2859 1116 2886 per
1139 2858 1225 2878 annos
1247 2851 1303 2878 fere
1324 2851 1529 2886 quinquaginta,
1555 2858 1623 2886 quos
1644 2851 1700 2878 illic
1729 2851 1855 2886 exegisse

1071 2897 1183 2931 dicitur,
1197 2898 1282 2926 latore
1299 2898 1421 2925 omnium
1436 2898 1546 2925 outuiuo
1562 2897 1653 2924 oculos
1667 2897 1812 2931 po‘uisscl,
1827 2896 1851 2924 ai
