1949 3069
107 85 153 117 993

623 91 713 121 VITA
731 92 763 122 S.
783 92 900 123 PETRI
916 94 1129 125 ATHONlTiE.

1664 95 1718 128 994

104 155 151 177 tam
169 150 295 185 frequens
310 150 507 181 habitatoribus
520 157 582 182 tunc
593 154 688 183 fuisset
698 158 788 190 mens,
800 157 882 190 quam
897 159 920 187 Α
936 163 990 185 tam
1003 159 1030 185 in
1045 159 1139 185 Asiam
1153 158 1210 186 vela
1227 158 1359 191 facturos,
1373 168 1382 185 ι
1395 159 1432 186 uti
1444 162 1570 186 narratur
1585 166 1660 186 num.
1672 159 1715 188 l0.

102 203 157 224 esse
178 202 236 231 post
247 197 427 225 Athanasium
442 199 542 234 carpit?
557 200 628 234 Quid
642 201 725 229 etiam
745 202 796 229 sibi
810 201 878 234 vult,

104 244 168 277 quod
182 243 285 277 primus
299 244 399 271 athleta
411 245 466 273 illic
482 246 585 281 degerit
605 247 701 275 Petrus
713 269 720 280 ,
735 248 773 274 uti
787 248 879 276 Prolo-

75 313 77 315 .
102 296 159 324 gus;
170 293 197 315 et
206 289 278 323 quod
293 289 407 325 Deipara
418 290 506 318 locum
519 292 594 319 illum
605 293 685 320 Petro
694 294 877 327 constituerit,

103 340 129 362 ut
145 335 195 363 sibi
221 335 336 363 electum
360 343 410 370 pro
432 337 558 365 instituto
581 340 740 372 mouastico,
757 340 794 367 uti
817 339 878 368 Vita

102 381 154 415 ipsa
168 381 287 408 num.“
311 382 424 408 narrat?
444 382 516 410 Sane
539 385 634 412 isthmc
655 390 748 419 aperte
768 385 877 419 docent,

101 427 213 462 priorem
229 427 380 455 Athanasio
390 429 490 456 Athum
506 429 652 458 incoluisse
662 431 771 458 Petrum
784 436 878 466 :atque

101 472 199 498 utinam
215 476 320 506 tempus
334 480 442 507 quoque
456 473 648 502 intermedium
664 476 810 504 docerent!
825 474 878 504 Sed

101 515 159 542 illud
175 516 237 543 hinc
244 517 407 550 sperandum
421 526 473 546 non
488 520 650 552 est,nullum
666 521 795 549 indicium
810 529 879 556 prte-

100 562 217 589 bentibus
237 562 328 595 Actis,
362 564 433 591 unde
466 565 492 591 in
519 565 642 593 notitiam
677 567 788 600 sreenli,
824 575 877 601 quo

100 606 185 634 ﬂoruit
210 607 319 640 Petrus,
337 609 422 636 veniri
438 610 533 644 possit.
562 612 619 639 imo
645 620 694 639 nec
719 613 783 639 sciri
811 613 878 641 satis

99 658 181 686 certo,
205 654 324 688 quandiu
343 655 370 681 in
390 655 463 682 Atho
491 656 600 688 vixerit.
621 665 653 692 ex
675 658 751 685 Actis
776 663 876 693 potest,

100 699 175 726 aliter
185 702 266 734 atque
276 699 356 727 aliter
371 701 486 728 subinde
495 701 676 736 loquentibus.
693 703 757 730 Nam
772 712 846 732 nllm.
860 705 877 732 5

99 745 234 780 assignant
249 747 409 775 anachoresi
423 749 482 782 ejus
503 749 529 775 in
549 755 641 777 monte
654 757 740 777 annos
759 751 876 785 amplius

98 792 301 828 quinquaginta,
313 794 357 827 qni
370 794 486 821 nam.”
496 795 676 822 extenduntur
686 798 718 823 ad
729 804 813 823 annos
822 797 874 825 53:

97 842 125 865 at
140 845 214 865 num.
235 838 280 869 36,
299 839 378 865 annis
396 839 432 866 46
448 841 578 867 duntaxat
605 841 630 867 in
654 848 746 868 eremo
771 847 876 870 transa-

97 883 161 915 ctish
170 882 268 910 dicitur
286 883 413 911 inventus
433 884 516 911 fuisse
539 893 554 911 a
581 891 719 918 venatore,
735 887 833 921 vivus;
850 892 878 915 et

97 934 166 954 anno
191 932 252 962 post
281 935 344 960 uno,
364 935 498 962 mortuus,
518 931 558 958 sic
575 934 606 958 ut
625 931 659 958 47
691 931 745 958 illic
770 937 876 959 tantum

97 974 253 1008 expleverit.
278 974 376 1002 Verum
402 983 463 1003 cum
488 976 541 1003 duo
562 977 667 1011 priores
691 978 795 1004 numeri
824 985 876 1004 non

97 1019 165 1046 male
185 1019 255 1047 inter
269 1027 299 1047 se
313 1021 479 1048 concordent
492 1041 499 1054 ,
514 1023 610 1049 cedere
630 1023 684 1050 illis
697 1024 875 1056 posteriorem

96 1064 204 1091 unicum
222 1072 271 1099 par
284 1070 325 1092 est
341 1085 349 1098 ,
379 1065 485 1100 dieique
501 1067 618 1099 debebit,
641 1073 688 1094 aut
708 1075 830 1095 errorem
850 1069 876 1095 in

98 1117 237 1138 numerum
249 1110 401 1145 irrepsisse,
414 1117 461 1138 aut
471 1112 578 1147 longius
589 1121 668 1147 quam
680 1114 742 1140 anni
759 1114 875 1148 spatium

97 1155 177 1190 (quod
199 1161 290 1182 tamen
315 1157 381 1184 Acta
398 1158 508 1192 negant)
530 1158 601 1185 inter
619 1159 722 1185 abitum
742 1159 878 1186 venatoris

96 1209 111 1228 e
121 1205 212 1229 monte
226 1209 257 1228 ac
271 1202 385 1229 reditum
396 1202 646 1231 eﬂluxisse.Possct
660 1204 784 1232 fortassis
795 1205 876 1231 etiam

97 1247 239 1280 sustineri,
267 1249 337 1282 quod
365 1248 482 1276 Sanctus
508 1257 593 1277 annos
631 1250 666 1277 47
699 1251 878 1278 determ'inate

96 1293 193 1320 vim-it
213 1293 240 1321 in
268 1299 381 1322 monte:
409 1303 456 1322 sex
483 1303 558 1328 vero,
574 1296 620 1330 qui
645 1297 876 1331 superaddnntur,

96 1338 282 1373 intelligendos
295 1347 365 1373 esse,
376 1347 408 1367 ex
426 1345 516 1368 mente
531 1341 610 1376 primi
633 1341 700 1369 Vitae
721 1343 876 1377 scriptoris,

98 1384 131 1410 de
144 1385 222 1412 annis
249 1385 301 1413 illis
321 1386 366 1420 qui
390 1387 424 1413 ab
448 1386 525 1414 initio
558 1388 742 1415 conversionis
769 1389 796 1415 in
826 1388 877 1420 itu,

97 1437 171 1457 mora
201 1431 342 1464 redituque
364 1431 498 1464 Romano,
517 1440 603 1467 usque
618 1434 650 1460 ad
670 1433 778 1460 initium
799 1434 877 1461 habi-

930 203 967 231 Ut
988 203 1130 231 commode
1142 204 1237 232 isthzec
1249 204 1329 231 verba
1341 204 1537 239 intelligantur,
1549 206 1717 238 separandus

930 249 974 276 hic
986 254 1030 276 est
1048 254 1144 284 portus
1160 249 1194 276 ab
1207 249 1285 282 urbe,
1299 257 1330 276 ac
1350 251 1466 283 spatium
1482 250 1552 276 inter
1568 255 1714 284 utrumque

930 294 1039 329 aliquod
1073 294 1244 328 interiectum
1266 295 1370 329 concipi
1398 294 1497 322 debet:
1523 295 1595 327 quod
1623 294 1715 321 unum

928 347 1007 367 novae
1017 347 1065 367 seu
1075 340 1322 374 Constantinopoli,
1332 340 1376 367 ubi
1392 345 1487 374 portus
1503 347 1567 375 pars
1581 340 1654 366 urbis
1664 344 1715 373 est,

929 385 1074 412 convenire
1085 392 1137 412 non
1149 389 1247 421 potest;
1259 389 1347 419 potest
1357 390 1446 412 autem
1460 385 1551 412 Romae
1563 386 1658 416 veteri,
1669 392 1715 411 cu-

927 431 973 466 jus
982 435 1075 465 portus
1088 431 1227 458 duodecim
1242 431 1299 458 fere
1310 431 1384 458 mille
1396 437 1494 465 passus
1503 431 1538 458 ab
1550 431 1615 458 urbe
1625 437 1717 458 semo-

930 481 973 504 tus
989 481 1040 509 est,
1055 477 1113 504 sive
1129 484 1177 511 per
1195 477 1270 504 illum
1289 477 1364 505 Ostia
1382 477 1520 510 Tiberina,
1538 478 1596 504 sive
1618 477 1717 503 Portus

915 522 1041 556 Augusti
1053 542 1061 554 ,
1076 522 1157 549 etiam
1174 522 1311 550 Romanus
1335 522 1487 557 appellatus
1500 542 1516 555 ,,
1534 521 1709 556 intelligatur.

928 568 1058 599 Rursum,
1077 568 1140 595 hinc
1169 568 1335 596 solventibus
1348 569 1374 595 in
1386 569 1492 600 Asiam,
1509 569 1562 595 iter
1576 576 1624 601 per
1649 569 1715 595 Cre-

930 619 984 642 tam
1009 614 1112 640 institui
1143 619 1218 641 recta
1248 618 1426 647 potest;nnu
1458 616 1522 641 item
1545 614 1716 641 solventibus

928 659 1174 693 Constantinopoli,
1203 660 1235 685 ab
1255 659 1316 686 Asia
1338 659 1396 685 solo
1426 659 1546 693 Bosporo
1579 658 1716 686 Thracico

928 706 1071 739 dirempta.
1091 704 1214 738 Denique
1228 713 1304 731 num.
1322 704 1365 736 15,
1383 713 1445 732 eum
1458 705 1535 732 navis
1550 712 1660 732 cursum
1673 712 1716 732 re-

928 751 990 778 licla
1007 751 1087 778 Creta
1101 755 1331 786 prosequeretur,
1346 757 1430 786 atque
1449 759 1482 778 ex
1502 752 1648 785 improviso
1664 751 1715 778 im-

928 797 1036 823 mobilis
1068 796 1253 830 consisteret,
1278 796 1391 831 ju'betur
1426 797 1612 824 sinistrorsum
1643 795 1715 823 ﬂecti

929 849 1024 870 versus
1042 843 1142 869 Athum
1162 846 1291 870 montem.
1307 841 1356 870 Est
1377 848 1467 870 autem
1483 843 1570 869 Athus
1583 842 1668 869 Roma
1688 841 1716 868 in

906 923 909 925 η
926 889 1018 915 Asiam
1049 887 1241 922 navigantibus
1258 895 1272 913 a
1296 893 1374 922 parte
1394 888 1515 921 sinistra,
1530 895 1591 915 cum
1622 887 1718 914 eodem

927 932 1119 966 navigantibus
1135 932 1368 967 Constantinopoli
1380 933 1536 961 necessario
1547 932 1719 966 relinquatur

927 987 941 1006 a
957 979 1049 1006 dextra
1055 999 1062 1006 .

947 1022 961 1058 ς
981 1023 1016 1050 ll.
1038 1023 1107 1051 Vitta
1126 1028 1231 1058 auctor,
1250 1025 1388 1055 inventor.
1406 1031 1472 1051 nova
1492 1023 1577 1051 uenio
1597 1026 1698 1053 nostra,

963 1071 1007 1099 ll.
1026 1071 1065 1099 Ex
1085 1080 1118 1100 eo
1132 1072 1204 1107 quod
1218 1072 1333 1100 Romam
1359 1076 1478 1099 veterem
1511 1070 1649 1106 profectus
1678 1070 1716 1098 sit

928 1117 1036 1150 Petrus,
1051 1118 1089 1145 nti
1108 1119 1235 1151 vidimus,
1252 1119 1344 1152 ibique
1359 1118 1480 1144 habitum
1495 1116 1631 1151 acceperit
1654 1123 1715 1143 mo-

929 1164 1073 1196 nasticum,
1089 1164 1162 1192 omni
1175 1164 1332 1192 schismaus
1347 1163 1511 1197 suspicione,
1525 1170 1605 1197 quam
1620 1161 1717 1195 aliquis

928 1210 1050 1244 objicere
1076 1213 1178 1244 posset,
1205 1210 1354 1241 eximitur;
1389 1209 1495 1236 tametsi
1525 1207 1719 1235 sehismaticus

929 1260 1011 1290 atque
1024 1256 1165 1282 haereticus
1183 1246 1264 1282 fuerit
1289 1255 1322 1287 is,
1341 1256 1388 1291 qui
1406 1254 1494 1282 Vitam
1517 1263 1597 1288 quam
1611 1254 1720 1281 edimus

928 1309 975 1329 sna
990 1302 1147 1336 paraphrasi
1161 1302 1277 1328 ornavit.
1293 1300 1441 1329 Estautem
1463 1302 1485 1329 is
1504 1301 1649 1336 Gregorius
1664 1301 1717 1328 Pa-

928 1346 1023 1378 lamas,
1040 1346 1259 1381 archiepiscopus
1276 1346 1540 1378 Thessalonicensis,
1565 1347 1715 1380 scriptione

929 1400 990 1425 sua,
1003 1399 1085 1427 quam
1110 1398 1205 1420 contra
1229 1393 1343 1420 Beccum
1374 1393 1556 1427 patriarcham
1586 1392 1639 1419 (ΞΡ.
1656 1392 1719 1426 Spi-

930 1438 1011 1465 ritum
1026 1442 1150 1464 sanctum
1165 1445 1178 1464 a
1191 1437 1272 1464 Patre
1287 1442 1368 1472 atque
1377 1437 1445 1464 Filio
1455 1437 1535 1463 simul
1553 1438 1713 1469 procedere,

97 1478 206 1506 talionis
222 1483 365 1512 montanae,
380 1479 552 1514 efﬂuxerint;
568 1481 607 1508 sic
620 1485 649 1508 ut
662 1486 747 1508 totum
760 1482 878 1510 melioris
892 1484 914 1512 ϐ
931 1491 991 1511 cum
1023 1482 1126 1510 Latinis
1163 1483 1271 1510 fortiter
1305 1487 1422 1510 tuentem
1435 1502 1443 1514 ,
1480 1481 1623 1516 publicavit
1635 1503 1641 1512 .
1667 1489 1717 1509 sa:-

96 1525 158 1552 vitze
172 1525 287 1559 spatium
304 1526 366 1553 anni
384 1527 419 1553 55
430 1528 585 1555 numerandi
597 1528 662 1555 sint.

131 1570 158 1598 9.
177 1571 268 1599 Nihilo
282 1574 399 1601 certiora
415 1573 493 1600 nobis
511 1573 544 1600 de
556 1573 631 1601 Petri
647 1574 708 1602 loco
726 1575 808 1602 natali
822 1579 877 1602 tra~

96 1617 164 1644 dunt
179 1617 259 1650 Acta,
275 1625 356 1652 quam
373 1619 406 1646 de
421 1619 522 1646 szeculo
533 1626 586 1653 quo
598 1619 706 1647 vixerit.
721 1619 802 1648 Ntnn.
814 1619 881 1648 61e-

96 1664 171 1697 gitur
182 1664 327 1691 excitatum
343 1665 368 1691 in
381 1665 467 1700 patria
487 1665 544 1699 ejus
563 1665 660 1693 bellum
680 1666 763 1693 fuisse
785 1671 879 1694 contra

94 1710 220 1743 Arabes;
233 1711 303 1745 quod
322 1711 421 1738 indicio
433 1712 540 1746 quidem
551 1719 610 1740 esse
625 1712 755 1747 possit,in
773 1712 879 1740 illorum

95 1755 225 1782 conﬁniis
240 1760 332 1782 natum
354 1757 452 1783 alicubi
463 1756 547 1784 fuisse
564 1757 671 1784 Petrum
682 1766 689 1789 ;
701 1758 747 1785 sed
761 1757 881 1793 quibus?

95 1802 350 1830 Oecidentalibusne
379 1810 412 1829 an
440 1803 716 1838 septentrionalibus,
738 1811 771 1830 an
798 1803 881 1830 aliis?

94 1847 148 1876 Est
170 1848 276 1876 Arabiae
290 1849 457 1876 contermina
474 1849 615 1876 Paltestina
632 1857 639 1876 :
662 1854 737 1884 parte
753 1850 794 1877 sui
808 1857 881 1876 eam-

95 1895 158 1920 dem
174 1893 282 1927 attiugit
309 1893 386 1929 Syria
403 1902 410 1920 :
431 1894 548 1921 Arabum
568 1894 738 1921 incursiones
765 1893 881 1921 subinde

94 1945 124 1966 et
135 1940 199 1966 Asia
226 1939 318 1970 minol:
334 1940 428 1967 sensit.
451 1939 626 1974 Suspicemur
641 1940 722 1975 igitur
739 1948 771 1967 ex
790 1941 881 1975 aliqua

96 1986 213 2013 istarum
231 1987 368 2021 regionum
382 2007 390 2020 ,
411 1993 442 2014 ac
470 1987 603 2021 praecipue
621 1994 653 2013 ex
670 1986 799 2014 alterutra
814 1987 882 2014 dua-

96 2039 160 2058 rum
185 2031 346 2066 primarum,
374 2032 517 2061 oriundum
541 2031 625 2059 fuisse
646 2031 767 2066 Petrum,
795 2033 882 2061 donec

96 2077 210 2104 aliunde
236 2077 335 2104 clarior
363 2077 480 2105 fortasse
505 2077 550 2105 lux
583 2077 710 2113 aﬂulgeat
727 2078 881 2112 aliquando.

95 2122 225 2150 Excitan
242 2123 282 2158 (ut
298 2123 426 2159 diximus)
444 2123 525 2156 bello,
550 2123 576 2150 in
601 2132 724 2158 campum
740 2133 800 2152 cum
823 2125 885 2152 aliis
900 2138 922 2166 ι)

95 2170 237 2204 processit
250 2168 357 2202 Petrus,
377 2175 525 2204 captusque
538 2170 564 2196 in
581 2170 709 2197 Arabiam
727 2170 882 2203 abducitur,

96 2219 126 2242 et
141 2215 246 2243 carceri
263 2215 444 2250 mancipatur.
461 2215 526 2243 Inde
538 2223 602 2243 vero
617 2216 745 2242 divinitus
760 2221 881 2250 ereptus,

98 2261 218 2288 Romam
248 2260 299 2288 iter
315 2260 448 2293 instituit;
472 2268 587 2296 eamque
607 2261 753 2296 ingressus,
780 2269 793 2288 a
815 2268 884 2296 pon-

97 2308 175 2335 tilice
190 2308 366 2334 mouasticnm
382 2307 501 2335 induitur
525 2307 643 2335 habitum
662 2312 688 2334 et
712 2308 825 2335 docetur
843 2308 886 2334 itt-

95 2354 236 2380 stitntum.
276 2352 385 2380 Utinam
416 2353 460 2382 hic
493 2357 589 2381 auctor
618 2353 754 2387 pontiﬁcis
786 2350 883 2381 nomen

94 2399 297 2433 expressisset!
310 2398 431 2426 Certim
451 2398 514 2426 inde
537 2399 665 2433 temporis
695 2398 793 2425 indicia
811 2398 885 2425 nacti

95 2444 264 2478 fuissemus,
289 2453 321 2472 ac
338 2445 440 2473 certius
461 2444 682 2472 distinxissemus
695 2463 703 2474 ,
737 2444 886 2471 Bonitamne

95 2497 212 2520 novam.
231 2496 264 2516 an
286 2493 402 2516 veterem
418 2488 556 2524 profectus
575 2488 657 2516 fuerit
669 2487 886 2521 Petrus.Quam-

96 2537 142 2563 vis
172 2536 232 2562 sine
263 2536 308 2562 illo
330 2536 430 2562 indicio
457 2535 543 2561 ausim
559 2541 693 2564 asserere,
712 2534 824 2560 Romam
843 2533 886 2560 hic

96 2580 303 2615 intelligendam
313 2588 373 2608 esse
391 2585 519 2611 veterem,
533 2580 611 2614 idque
624 2588 655 2607 ex
669 2580 726 2614 ipso
741 2579 887 2614 navigatio-

94 2627 145 2654 nis
163 2634 245 2653 cursu
258 2627 380 2653 ostendo.

137 2672 185 2699 to.
204 2671 271 2698 Nam
288 2672 330 2699 ubi
348 2671 432 2698 Itonia
451 2672 599 2699 discessum
618 2671 778 2702 meditatur,
795 2669 887 2705 inqui-

95 2718 208 2746 siturns
222 2718 327 2750 loctnn,
345 2718 483 2753 proposito
496 2718 547 2745 sibi
558 2717 679 2744 instituto
689 2721 887 2750 opportunum;

99 2774 111 2791 ι
133 2764 233 2791 Incidit
245 2764 269 2791 in
285 2769 392 2798 nautas,
406 2765 460 2797 jam
471 2769 581 2799 paratos
603 2763 744 2790 discedere
761 2769 794 2790 ex
809 2762 886 2794 urbe,

97 2819 154 2839 nec
171 2810 257 2838 multo
273 2814 333 2845 post
348 2817 363 2838 e
383 2815 460 2845 portu
476 2810 623 2841 soluturos,
648 2813 729 2843 atque
744 2815 791 2843 per
819 2807 887 2835 Cre-

933 1529 995 1557 culo
1009 1537 1053 1557 xiv
1069 1529 1209 1562 famosus;
1230 1536 1280 1556 nec
1294 1536 1345 1556 non
1369 1527 1498 1555 fainosior
1514 1527 1570 1558 illa,
1587 1535 1637 1562 qua
1653 1536 1718 1555 con-

934 1576 1036 1604 futatus
1060 1576 1118 1610 ipse
1143 1579 1238 1610 postea
1267 1575 1318 1602 fuit
1342 1582 1356 1601 a
1387 1574 1516 1601 cardinali
1545 1574 1718 1606 Bessarione,

933 1622 1011 1650 Becci
1026 1627 1107 1655 atque
1128 1621 1270 1648 catholicae
1285 1621 1414 1648 doctrina
1427 1621 1460 1647 de
1487 1619 1604 1654 Spiritus
1630 1619 1720 1647 sancti

934 1667 1108 1702 processione
1135 1667 1244 1702 egregio
1268 1665 1423 1694 defensore.
1451 1665 1601 1694 incoluisse
1629 1671 1720 1693 autem

934 1718 961 1741 et
976 1713 1033 1747 ipse
1046 1713 1171 1740 Palamas
1188 1712 1296 1740 videtur
1306 1716 1425 1739 montem
1437 1712 1549 1745 Atlntm,
1565 1712 1722 1747 priusquam

935 1758 1158 1792 archiepiscopus
1174 1764 1333 1789 crearetur;
1360 1757 1449 1790 ibique
1462 1755 1553 1784 Vitam
1566 1757 1634 1783 hanc
1651 1757 1719 1784 scri-

936 1805 1034 1838 psisse,
1049 1808 1076 1830 ct
1091 1810 1140 1837 pro
1162 1803 1293 1829 concione
1311 1802 1344 1829 ad
1360 1803 1507 1829 monachos
1525 1802 1623 1829 ibidem
1635 1802 1722 1829 habi-

936 1854 1025 1877 tantes
1035 1849 1146 1876 dixisse.
1159 1848 1301 1883 Colligitur
1314 1848 1340 1876 id
1354 1855 1387 1875 ex
1404 1847 1531 1882 Prologo,
1546 1848 1589 1874 ubi
1605 1848 1721 1881 Album,

935 1895 1040 1923 huncce
1058 1899 1176 1922 montem
1187 1914 1195 1925 ,
1212 1899 1239 1921 et
1251 1893 1371 1926 Petrum,
1388 1898 1537 1921 nostratem
1554 1898 1636 1928 atque
1651 1894 1723 1921 indi-

939 1949 1037 1976 genam
1055 1940 1186 1976 appellat,
1199 1940 1243 1974 qui
1262 1939 1304 1967 hic
1316 1944 1460 1972 terrarum,
1476 1946 1573 1972 nempe
1586 1939 1612 1966 in
1627 1942 1723 1967 monte

936 1988 987 2016 hoc
997 1987 1080 2020 Atho,
1094 1986 1225 2013 habitavit
1243 1991 1323 2020 atque
1338 1985 1437 2012 ibidem
1461 1985 1577 2020 primum
1591 1989 1720 2019 tropaeum

936 2034 969 2061 de
985 2033 1057 2060 victo
1072 2033 1194 2059 daemone
1210 2031 1307 2059 erexit.
1319 2030 1356 2059 Ut
1383 2038 1448 2058 vero
1474 2030 1560 2065 magis
1585 2030 1722 2060 eximatur

936 2077 1090 2112 suspicione
1111 2077 1266 2104 sebismatis
1283 2076 1391 2108 Petrus,
1406 2076 1552 2102 notandum
1567 2080 1618 2108 est,
1633 2083 1721 2110 Ipsum

938 2121 1023 2148 Roma
1041 2121 1203 2155 profectum,
1218 2121 1244 2148 in
1258 2120 1337 2148 Creta
1349 2120 1478 2147 miracula
1495 2125 1634 2154 operatum
1651 2128 1722 2154 esse,

937 2174 987 2193 nec
1010 2173 1071 2193 cum
1087 2165 1143 2192 ullo
1169 2165 1276 2198 exinde,
1294 2169 1393 2200 praeter
1410 2168 1543 2196 vectores,
1559 2165 1721 2192 collocutum

937 2212 1022 2239 fuisse
1051 2218 1136 2246 usque
1166 2211 1198 2238 ad
1226 2210 1405 2246 penultimum
1436 2210 1498 2237 vita-
1525 2217 1581 2237 suae
1602 2218 1722 2245 annmn;

937 2260 1057 2293 adeoque
1076 2266 1137 2285 cum
1159 2258 1266 2285 nemine
1287 2257 1385 2292 egisse,
1401 2258 1446 2292 qui
1462 2265 1524 2285 eum
1541 2258 1575 2285 ad
1602 2258 1720 2286 schisma

935 2304 1092 2339 pertrahere
1116 2304 1243 2338 potuerit.
1262 2303 1299 2332 Ut
1322 2303 1389 2330 nihil
1408 2304 1509 2336 dicam,
1533 2304 1603 2340 quod
1626 2304 1722 2333 incola

936 2351 1055 2385 ejusdem
1072 2349 1174 2377 montis
1189 2350 1326 2383 monachi,
1343 2350 1411 2377 uniti
1429 2350 1530 2378 iuerint
1554 2350 1642 2378 adhuc
1667 2350 1722 2379 Ro-

938 2404 1024 2424 manae
1038 2395 1164 2423 Ecclesiae
1177 2395 1278 2423 saeculo
1295 2402 1361 2429 xttt;
1375 2395 1482 2430 quando
1506 2396 1643 2424 humiliter
1657 2404 1722 2432 sup-

938 2443 1072 2477 pliearunt
1100 2441 1258 2469 Innocentio
1289 2440 1322 2468 lll
1357 2449 1433 2477 papa:
1460 2446 1489 2469 ut
1515 2442 1652 2470 libertates
1670 2442 1722 2470 sibi

939 2495 1001 2515 suas
1030 2487 1216 2519 confirmaret,
1240 2494 1323 2522 seque
1349 2487 1400 2514 sub
1424 2486 1495 2514 beati
1514 2485 1586 2513 Petri
1614 2494 1646 2514 ac
1673 2494 1721 2512 sua

938 2532 1021 2567 ipsius
1039 2540 1113 2566 paprc
1136 2532 1304 2566 proiectione
1329 2532 1466 2566 suscipere
1482 2531 1660 2566 dignaretur:
1681 2531 1721 2557 uti

938 2583 964 2605 et
995 2577 1094 2605 factum
1123 2583 1164 2604 est
1179 2585 1224 2612 per
1249 2577 1409 2612 rescriptum
1427 2577 1548 2611 ejusdem
1576 2576 1723 2611 pontiﬁcis,

939 2622 1120 2657 Epistolarum
1143 2623 1202 2656 ejus
1231 2622 1300 2649 libro
1319 2629 1379 2653 xvr,
1404 2621 1484 2656 epist.
1511 2619 1560 2647 l68
1581 2620 1723 2646 inscrtum.

939 2669 1015 2702 Quod
1031 2669 1053 2695 si
1066 2667 1163 2695 deinde
1176 2667 1340 2695 schismatici
1355 2667 1416 2694 facti
1442 2671 1504 2694 sunt
1518 2666 1643 2692 monnchi
1673 2665 1725 2699 illi,

940 2715 978 2742 uti
1004 2714 1055 2742 fuit
1077 2714 1134 2748 ipse
1165 2713 1307 2745 Palamas,
1324 2713 1389 2748 quid
1419 2713 1444 2740 id
1472 2712 1562 2743 faciat,
1583 2716 1613 2738 ut
1642 2712 1723 2738 etiam

945 2759 1139 2796 schismaticus
1164 2759 1304 2793 judicetur
1319 2757 1405 2785 fuisse
1431 2757 1541 2787 Petrus,
1556 2761 1632 2783 tanto
1648 2756 1726 2792 prius

942 2811 1086 2839 mortuus,
1105 2813 1166 2834 cum
1182 2805 1250 2832 nihil
1265 2804 1376 2831 omnino
1399 2803 1470 2839 quod
1494 2802 1612 2830 schisma
1638 2803 1727 2837 sapiat
