1949 3069
100 108 149 141 997

626 104 714 136 VlTA
732 105 761 134 S.
784 102 897 133 PETRI
915 100 1132 132 ATIIONll‘Ai.

1669 100 1723 133 9:33

100 164 351 196 καταπαλαίσαντα,
383 164 430 190 καὶ
456 162 587 198 τρόπαιον
614 162 740 188 ἐνταυθοῖ
771 160 880 196 πρῶτον

943 166 1065 186 errarunt
1094 156 1280 184 adversarium
1304 156 1476 192 proﬂigavit,
1499 156 1610 193 ejusque
1632 157 1724 197 furore

100 211 146 246 τῆς
168 211 273 237 ἐκείνου
299 209 359 235 καθ’
389 207 468 244 ἡμῶν
491 209 630 244 στήσαντα
647 207 755 242 μανίας,
771 206 818 232 καὶ
837 206 881 231 τὸν

99 256 143 284 τοῦ
163 255 247 283 κοιλοῦ
272 255 373 290 σπόρον
395 255 435 286 εις
453 254 548 288 καιρὸν
572 254 626 288 ἄρα
651 252 881 287 καταϐαλόμενον,

99 302 158 328 ἐπεὶ
184 303 232 328 καὶ
260 300 366 334 ἀνεφύη
390 300 438 326 καὶ
462 299 615 333 τέθραπται
645 300 693 325 καὶ
715 299 880 332 εὐφόρησεν,

98 348 133 380 ὡς
146 347 193 373 νῦν
212 348 244 373 ἐκ
260 347 313 372 τῶν
331 345 479 381 ὁρωμένων
491 345 580 378 ἔξεστι
594 346 676 371 παντὶ
694 344 825 380 συνορᾷν.

132 475 164 510 β’.
185 474 230 507 Ὠς
249 474 297 509 μὲν
311 471 357 501 οὖν
385 474 432 500 τὸν
447 473 607 508 τηλικοῦτον
622 473 750 509 ἀρχηγὸν
758 473 804 499 καὶ
817 473 883 508 ἡμῖν

99 522 164 556 πρὸς
184 521 218 548 τὰ
236 520 350 548 τοιαῦτα
377 520 485 553 ὁδηγὸν,
505 520 555 553 τῆς
578 519 610 546 ὲκ
629 520 683 546 τῶν
705 519 825 546 ἐπαίνων
840 527 883 553 γι-

99 567 229 602 γνομένης
251 565 369 600 ἀμοιϐῆς
385 565 489 592 δικαιόν
515 565 591 591 ἐστιν
609 564 688 600 εἰπερ
703 564 764 591 τινὰ
782 564 883 598 τυγχά-

99 621 162 645 νειν,
179 613 279 643 πάντες
293 612 325 638 ἂν
353 612 488 646 συμφαῖεν
501 619 507 626 ·
525 611 587 645 ἐμοὶ
611 611 638 637 δὲ
664 611 753 638 πάντα
769 619 798 637 τε
816 611 884 642 ὲξει-

100 658 157 682 πεῖν
181 656 216 682 τὰ
242 656 291 682 τοῦ
314 656 422 690 ἀνδρὸς,
451 658 500 682 καὶ
523 657 557 683 τὰ
585 656 654 691 πρὸς
677 656 754 689 ἀξίαν
777 656 884 690 ἑκάστῳ

98 702 198 728 τούτων
224 701 371 728 ἀποδοῦναι
396 698 413 737 ᾖ
438 700 522 735 ἐγγὺς
550 701 605 728 τῶν
632 700 712 727 πάντ’
732 701 883 728 ἀδυνάτων.

104 747 189 782 ’Δγὼν
218 747 272 782 γὰρ
297 747 334 778 ὼς
362 747 451 774 ἔοικεν
489 747 587 782 ἐκείνῳ
612 747 726 781 γέγονε,
758 755 884 781 προεισε-

97 793 202 827 νεγκεῖν
215 794 276 824 ταῖς
291 792 360 828 πρὸς
374 792 443 819 Θεοῦ
457 793 512 824 τοῖς
535 792 651 824 δικαίοις
666 792 885 827 ὲπαγγελμέναις

935 211 990 239 quo
1007 203 1034 231 in
1052 211 1101 231 nos
1113 202 1296 230 bacchabatur
1315 203 1430 236 frenato,
1447 204 1562 237 primum
1579 203 1676 230 ibideut
1690 205 1723 230 de

937 249 982 278 illo
1003 254 1130 284 tropctttn
1155 249 1258 282 erexit,
1277 256 1308 276 ac
1326 250 1454 276 virtutum
1481 251 1583 276 sentina
1602 255 1723 285 tempore

936 301 1089 331 opportuno
1120 299 1200 322 terrae
1226 296 1367 323 mandavit
1395 303 1403 322 :
1444 296 1663 332 quandoquidem
1695 302 1724 325 et.

936 345 1015 368 onata
1033 341 1099 373 sint,
1129 345 1156 368 et
1180 340 1367 372 adoleverint,
1383 346 1410 368 ct
1436 341 1533 369 uberes
1560 342 1725 376 protulerint.

937 386 1041 414 fructus
1053 395 1059 419 ;
1071 386 1110 413 uti
1130 393 1201 413 nunc
1213 386 1300 414 cuivis
1328 394 1359 413 ex
1376 387 1410 414 its
1422 395 1482 423 quae
1496 387 1582 415 oculis
1598 394 1722 424 usurpat,

937 432 1113 460 manifestum
1128 438 1181 459 est.

971 477 999 505 2.
1015 478 1198 512 Quamobrem
1217 479 1417 512 consenserint,
1432 485 1507 514 puto,
1533 487 1628 507 omnes
1645 485 1672 508 et
1687 489 1724 507 ae-

937 531 1021 559 quum
1044 524 1205 560 judicarint,
1230 530 1259 552 ut
1273 531 1366 553 tantus
1386 526 1442 558 vir,
1469 526 1514 559 qui
1545 534 1594 553 nos
1620 527 1652 553 ad
1671 531 1723 555 tam

939 569 1067 598 sublimia
1087 570 1170 602 ducit,
1186 572 1327 605 prmntittm
1346 572 1416 604 quod
1434 580 1467 598 ex
1491 571 1647 599 laudatione
1663 580 1725 605 pro«

939 622 1040 649 manat,
1067 617 1091 644 si
1120 618 1182 651 quis
1207 618 1289 650 alius,
1312 623 1505 652 consequatur.
1535 618 1589 652 Ego
1618 625 1681 645 vero
1698 623 1728 644 ιιι

938 666 1036 688 cuncta
1055 670 1115 696 (ιιιω
1131 663 1222 696 ipsum
1235 665 1444 694 commendant,
1461 654 1626 698 prosequar,
1643 671 1728 697 eaque

940 714 1021 740 prout
1037 713 1176 737 merentur
1193 710 1298 745 singula
1318 713 1454 745 proferam
1465 730 1473 743 ,
1494 711 1550 737 tleri
1569 710 1612 737 vix
1631 714 1677 736 aut
1693 718 1727 737 tte

938 744 982 780 vix
997 753 1105 787 quidem
1131 754 1231 789 poterit
1244 744 1320 789 luant
1345 754 1484 782 contentio
1503 754 1562 789 ejus
1589 754 1662 785 illuc,
1689 753 1729 781 uti

940 806 989 834 par
1003 805 1055 832 est,
1070 800 1160 834 omnis
1186 801 1310 828 tendebat
1325 820 1334 832 ,
1350 806 1380 828 ut
1394 806 1539 835 antequam
1564 800 1727 835 promissum

97 840 242 875 ἀμοιϐαῖς,
267 837 323 866 οἷόν
349 847 410 866 τινα
437 839 495 874 βίου
526 840 685 875 σύμμετρον
714 839 881 873 ὑπερϐολὴν,

949 845 1017 872 ttstis
1040 853 1056 872 a
1082 845 1136 874 Deo
1162 847 1303 880 prmmium
1332 851 1555 881 consequeretur,
1580 845 1726 880 quamdam

98 887 214 922 κρείττω
228 885 329 923 δηλαδὴ
346 886 393 912 καὶ
406 885 486 919 λόγου
510 885 558 911 καὶ
575 885 745 920 ἀκροάσεως.
766 884 838 910 Ἀλλ’
852 883 882 910 οὐ

98 933 172 968 παρὰ
194 931 266 959 τοῦτ’
296 931 465 958 ἀποστατέον
491 929 562 957 εἶναι
594 940 638 965 μοι
664 931 749 962 δοκεῖ,
776 929 884 965 σιωπὴν

98 979 143 1006 ἐπὶ
156 978 266 1004 πάντων
278 977 427 1012 ὴσκηιιότι.
445 977 499 1003 Καὶ
512 976 567 1011 γὰρ
584 976 645 1002 οὐδὲ
658 976 713 1002 τῶν
727 976 776 1010 τῆς
790 975 840 1010 γῆς
854 983 884 1002 τε

98 1025 145 1051 καὶ
162 1023 303 1054 θαλάττης
322 1023 351 1048 ὲν
367 1020 407 1053 οἷς
423 1023 510 1048 τελεῖν
525 1031 554 1049 τε
580 1022 628 1048 καὶ
653 1021 773 1056 βαδίζειν
789 1021 886 1056 ἔχομεν

98 1068 274 1103 ἀφιστάμεθα
297 1069 401 1103 μερῶν,
419 1068 459 1094 ὅτι
477 1067 514 1101 μὴ
540 1067 663 1101 πλώϊμος
686 1067 702 1101 ἢ
721 1066 889 1102 πορεύσιμος

99 1115 223 1149 ἐξωτέρω
239 1114 283 1141 διὰ
304 1114 414 1140 πάντων
438 1114 529 1139 ἐστίν’
546 1113 607 1139 οὐδὲ
628 1113 684 1144 τοῖς
712 1103 776 1147 περὶ
799 1112 889 1139 αὐτῶν

101 1161 292 1196 ἱστορηκῦσιν,
319 1161 359 1186 ὅτι
392 1159 431 1194 μὴ
462 1160 550 1186 πάντα
577 1158 612 1184 δι’
641 1159 785 1193 ἀκριῦείας
815 1155 888 1193 εἶχον

99 1209 227 1242 ἐξειπεῖν,
245 1207 354 1234 ἅπαντα
373 1207 521 1240 παρεῖται·
544 1205 719 1241 διεξηγητέον
746 1205 775 1231 δὲ
792 1206 888 1232 κάκεί-

99 1263 154 1287 νοις
192 1254 283 1286 ἔδοξεν
323 1254 456 1284 εἰκιτως,
485 1253 535 1279 ὃσα
566 1260 596 1278 τε
629 1252 732 1278 τούτων
766 1253 815 1279 καὶ
844 1252 886 1286 ἐφ’

99 1301 160 1328 ὅσον
173 1299 218 1336 ἦν.

939 891 1023 919 veluti
1049 892 1254 919 convenientem
1279 892 1341 919 vitae
1371 892 1570 926 prtestantiatn,
1597 891 1730 924 illamque

940 936 1082 971 majorem,
1100 944 1179 971 quam
1195 941 1223 964 ut
1238 937 1298 971 qttis
1312 936 1402 972 eloqui
1423 937 1512 972 verbis
1523 941 1574 963 aut
1589 936 1730 970 percipere

939 982 1030 1009 auditu
1050 982 1153 1017 possit,
1177 989 1209 1010 eo
1224 982 1361 1010 conferret
1376 982 1385 1018 )
1401 992 1412 1017 ς
1428 991 1481 1010 non
1496 982 1625 1010 coutittuo
1640 988 1728 1009 tamen

940 1027 1097 1054 laudatione
1114 1028 1180 1054 tnilti
1209 1028 1400 1061 abstinendum
1423 1034 1500 1063 puto,
1519 1033 1566 1055 aut
1583 1029 1674 1055 Omnia
1691 1027 1728 1054 si-

940 1074 1024 1101 lentio
1038 1075 1217 1102 involvenda.
1237 1075 1343 1103 Etenim
1363 1082 1450 1110 neque
1471 1083 1502 1102 ea
1521 1080 1656 1102 terrarum
1672 1082 1727 1101 nta<

939 1118 1032 1155 risque
1048 1120 1149 1154 spatia,
1167 1120 1194 1148 itt
1216 1121 1316 1155 quibus
1330 1121 1483 1149 incedimus
1497 1128 1531 1148 ac
1555 1122 1727 1156 navigamus,

938 1172 993 1191 non
1016 1165 1140 1193 adeunda
1166 1171 1306 1201 putamus,
1329 1171 1472 1202 propterea
1489 1167 1562 1201 quod
1581 1172 1654 1194 terra
1673 1174 1727 1193 non

939 1207 1038 1246 ubique
1070 1212 1256 1246 permeabilis,
1282 1220 1356 1241 mare
1382 1220 1436 1240 non
1458 1212 1556 1248 ubique
1573 1213 1728 1248 navigabile

940 1257 1000 1283 sit:
1032 1265 1121 1291 neque
1144 1258 1175 1290 ii,
1201 1258 1248 1292 qui
1278 1258 1343 1285 talia
1370 1258 1527 1288 describere
1542 1259 1729 1292 instituerunt,

940 1309 1083 1338 propterea
1098 1305 1170 1338 quod
1199 1312 1252 1333 non
1274 1305 1365 1333 omnia
1392 1306 1598 1334 accuratissime
1621 1307 1732 1334 valeant

100 1349 259 1380 edisserere,
286 1347 376 1375 omnia
402 1347 628 1382 praetermittunt;
651 1346 698 1374 sed
717 1354 807 1382 operae
821 1347 938 1382 pictium
959 1350 1061 1378 ducunt
1082 1358 1222 1385 enarrare,
1248 1355 1380 1386 quantum
1408 1359 1456 1387 per
1479 1353 1557 1386 ,vires
1589 1359 1618 1380 et
1650 1354 1730 1388 inge-

100 1396 175 1424 ttiuut
196 1397 314 1424 licuerit.

135 1446 171 1476 γ’.
187 1443 239 1469 Τὸν
257 1443 314 1469 ἴσον
344 1443 438 1469 τοίνυν
463 1443 563 1478 τρόπον
587 1441 672 1476 κάμοὶ
695 1441 743 1466 νῦν
759 1441 888 1476 ἐγχειρη-

99 1489 169 1518 τέον,
195 1488 253 1515 ἀλλ’
279 1489 309 1514 οὗ
336 1489 502 1521 παροπτέον,
518 1488 560 1514 ὅτι
589 1488 623 1514 τὰ
652 1488 701 1521 τῆς
731 1487 887 1518 ὑποθέσεως

100 1535 296 1570 ἁνυπέρόλητα
321 1535 359 1569 τῷ
383 1535 454 1568 λόγῳ
477 1544 483 1550 ’
513 1534 560 1560 καὶ
585 1535 634 1568 οὐχ
673 1534 747 1563 ὅπως
775 1532 888 1567 ἔμοιγε,

101 1581 213 1615 προσέτι
235 1581 263 1607 δὲ
286 1581 332 1607 καὶ
350 1581 433 1607 πᾶσιν
457 1581 529 1612 ὅσοις
545 1581 625 1614 λόγου
651 1580 778 1614 μέτεστιν
791 1587 798 1594 ’
816 1577 889 1605 οὕτω

100 1626 156 1660 γὰρ
178 1629 208 1651 ἐκ
232 1626 342 1652 πάντων
365 1626 464 1660 γένοιτ’
482 1626 515 1651 ἂν
537 1625 601 1656 ἴσως
617 1625 723 1659 ἔρανος,
742 1625 888 1659 προσήκων

99 1672 139 1707 τῷ
155 1672 205 1706 τῆς
226 1671 383 1702 ὑποθέσεως
397 1671 521 1706 μεγέθει.
541 1672 596 1697 Καὶ
615 1670 689 1697 τοῦθ’
709 1669 795 1702 οὕτως
817 1670 888 1705 ἔχον,

101 1719 158 1745 ὅσοι
174 1717 220 1744 τοῦ
242 1718 395 1751 καταλόγου
410 1717 464 1744 τῶν
481 1717 633 1752 ἐλλογίμων
654 1717 701 1743 ἐπὶ
722 1717 784 1743 νοῦν
797 1716 890 1752 βκλλό-

102 1772 189 1799 μενοι,
208 1763 374 1798 συγγνώμην
389 1763 534 1797 νεμοῦντιιι
547 1763 668 1798 εὐχερῶς
687 1763 748 1797 ἐμοὶ
759 1771 766 1778 ·
777 1763 889 1798 δεήσον-

99 1811 211 1845 ταιγὰρ
226 1811 312 1846 δήπου
328 1811 431 1845 ταύτης
448 1811 497 1837 καὶ
511 1811 599 1843 αὐτοὶ,
617 1809 710 1836 κοινοῦ
725 1809 771 1836 τοῦ
788 1810 889 1845 χρέους

98 1856 188 1889 δντος,
205 1857 253 1882 καὶ
269 1857 347 1891 κοινῇ
363 1856 426 1883 καθ’
446 1857 496 1883 ἕνα
521 1857 630 1882 πάντων
652 1856 889 1890 ἀπολειπομένων.

106 1903 180 1937 Ἐγὼ
191 1903 224 1935 δ’,
239 1900 262 1930 ὧ
274 1902 388 1937 θέατρον
409 1903 492 1938 ἱερὸν,
509 1904 555 1930 καὶ
583 1903 684 1935 παντὸς
726 1902 892 1935 οὑτινοσοῦν,

99 1950 149 1976 καὶ
174 1949 223 1984 τὴν
235 1949 264 1982 ἐξ
276 1950 353 1984 ὑμῶν
368 1948 402 1975 δι’
417 1949 502 1984 εὐχῶν
516 1949 676 1985 τεθάρῤηκα
703 1948 840 1984 βοήθειαν.
861 1949 892 1975 Εἰ

99 1995 155 2028 γὰρ
180 1993 226 2019 καὶ
246 1993 381 2028 δυσχερὴς
398 1994 411 2019 ὁ
429 1993 614 2028 προκείμενος
637 1994 724 2028 ἀγὼν,
741 1994 810 2021 ἀλλὰ
831 1995 892 2025 ταῖς

100 2040 180 2075 ὑμῶν
211 2040 391 2074 ὲπικλήσεσιν
426 2039 506 2071 ἵλεως
545 2040 610 2075 ἡμῖν
643 2039 749 2066 ἄνωθεν
792 2040 892 2076 ἀρτίως

100 2085 288 2130 ἐποπτεύσας,
308 2086 322 2111 ὁ
347 2085 394 2112 καὶ
410 2085 450 2120 τῷ
466 2086 644 2121 προκειμένῳ
661 2087 729 2121 πρὸς
749 2086 793 2112 τὸν
811 2087 893 2121 ὑπερ-

100 2133 159 2167 φυᾶ
177 2132 233 2166 βίον
257 2133 445 2167 συναράμενος
471 2132 548 2165 Θεὸς,
567 2133 622 2158 πᾶν
647 2133 750 2159 σκῶλον
772 2132 893 2159 ἐκποδὼν

101 2177 289 2212 καταστῆσαι,
303 2178 350 2204 καὶ
362 2177 540 2204 συνδιαθέντα
557 2177 628 2212 λόγῳ
641 2177 724 2212 πόρον
739 2178 767 2204 ὲν
781 2178 893 2213 ἀπόροις

100 2223 200 2254 διδούς.

981 1441 1008 1468 5.
1023 1440 1082 1468 Pari
1101 1441 1180 1468 modo
1195 1441 1279 1468 ltocce
1297 1440 1363 1468 mihi
1377 1448 1448 1468 nunc
1464 1441 1673 1476 aggredieudom
1689 1447 1732 1470 est

943 1495 1011 1521 opus
1027 1495 1034 1520 ;
1059 1494 1111 1513 tton
1131 1493 1222 1514 autent
1239 1487 1352 1514 omnino
1368 1487 1568 1522 ncgligettdum,
1587 1485 1730 1522 propterea

943 1533 1013 1567 quod
1029 1533 1180 1568 argumenti
1199 1533 1360 1560 excellentia
1372 1551 1381 1566 ,
1397 1540 1451 1561 non
1477 1534 1557 1560 modo
1577 1542 1591 1560 a
1606 1542 1666 1567 me,
1686 1541 1730 1562 ve-

944 1586 1002 1605 rum
1016 1578 1096 1605 etiam
1122 1587 1136 1605 a
1153 1578 1335 1606 disertissimo
1345 1579 1452 1613 quovis,
1462 1579 1593 1614 explicari
1605 1580 1730 1608 oratione

941 1631 995 1650 non
1011 1625 1114 1658 possit:
1136 1623 1172 1650 ita
1189 1624 1263 1656 enim
1285 1624 1413 1652 fortassis
1432 1624 1489 1657 (iet,
1511 1630 1540 1652 ut
1555 1632 1587 1652 ex
1603 1626 1729 1652 omnibus

940 1671 1065 1698 collectio
1077 1670 1247 1703 conﬁciatur,
1273 1670 1426 1706 argumenti
1450 1671 1619 1699 conveniens
1632 1674 1733 1706 magni-

942 1716 1039 1742 tudini.
1063 1715 1110 1741 llis
1128 1715 1221 1750 itaque
1248 1717 1287 1742 sic
1317 1723 1346 1743 se
1397 1713 1571 1747 habentibus,
1599 1722 1732 1751 quotquot

942 1762 1041 1787 seriem
1056 1761 1185 1796 pr.cclarc
1201 1766 1340 1795 gestorum
1360 1761 1418 1796 ejus
1433 1763 1460 1788 itt
1483 1762 1603 1789 animum
1621 1771 1732 1790 revoca-

942 1807 1043 1838 verint,
1060 1805 1138 1833 facile
1153 1807 1259 1833 veniam
1281 1807 1384 1835 dabunt
1401 1808 1525 1834 tenuitati
1544 1813 1661 1841 nostrae,
1679 1818 1730 1844 qua

944 1852 1037 1886 utique
1064 1856 1091 1879 et
1107 1851 1158 1886 ipsi
1176 1852 1346 1887 indigerent;
1371 1859 1430 1880 cum
1451 1853 1503 1880 hoc
1526 1861 1670 1881 commune
1693 1857 1732 1882 sit

943 1898 1073 1930 debitum,
1092 1904 1119 1924 et
1133 1898 1315 1925 communiter
1336 1898 1368 1925 ad
1393 1906 1476 1926 unum
1494 1907 1589 1927 ontnes
1607 1901 1649 1927 ltic
1663 1902 1731 1927 delt-

943 1941 1059 1968 ciamus.
1079 1941 1135 1975 Ego
1150 1949 1214 1968 vero
1227 1961 1235 1974 ,
1252 1949 1269 1968 ο
1282 1942 1353 1969 sacri
1370 1943 1510 1970 auditores
1524 1962 1532 1975 ,
1551 1951 1606 1970 rem
1637 1952 1733 1980 aggre-

943 1988 1014 2020 dior,
1026 1994 1081 2015 tum
1099 1988 1217 2024 cujusvis
1227 1989 1357 2022 alterius,
1378 1994 1435 2016 ttttu
1455 1995 1543 2016 vestra
1559 1998 1610 2025 ope
1624 1999 1657 2018 ac
1669 2000 1731 2018 ota-

945 2034 1062 2062 tiuttibus
1074 2034 1171 2062 fretus.
1198 2033 1226 2062 Si
1248 2035 1319 2062 ettim
1347 2034 1507 2069 periculosae
1531 2043 1574 2062 tne
1591 2039 1732 2065 cottttttito

945 2080 1075 2115 palatstt'm
1091 2100 1099 2113 ,
1117 2082 1214 2108 vestris
1231 2080 1475 2115 supplicationibus
1489 2086 1590 2114 motus,
1609 2082 1665 2115 jam
1683 2091 1731 2108 tto-

947 2127 989 2154 bis
1003 2134 1018 2154 c
1033 2125 1103 2154 ctrlo
1117 2127 1248 2162 propitius
1274 2127 1423 2162 respiciens
1436 2127 1521 2159 Deus,
1539 2129 1583 2162 qui
1599 2132 1626 2155 cl.
1647 2130 1731 2156 t'irttm

945 2179 998 2206 quo
1011 2173 1043 2198 de
1059 2180 1170 2207 agetttus
1183 2173 1215 2199 ad
1238 2177 1292 2198 tant
1319 2173 1463 2200 sublimem
1480 2173 1542 2201 vitae
1558 2176 1732 2208 sanctitatem

909 2230 930 2256 ι)
945 2218 1081 2253 perduxit,
1101 2226 1182 2246 ontne
1207 2219 1430 2253 impedimentum
1467 2221 1558 2254 procul
1586 2223 1732 2256 atuot‘ebtt,

947 2270 1029 2293 atoue
1047 2265 1162 2292 orationi
1182 2270 1279 2292 uestra:
1296 2265 1365 2292 viam
1385 2273 1431 2300 per
1447 2266 1519 2294 invia
1534 2269 1644 2302 pandet.

843 2337 958 2366 CAPUT

539 2399 613 2426 Petri
627 2401 727 2433 patria,
742 2399 850 2431 militia,
870 2398 1018 2432 captivitas,
1036 2405 1133 2431 votum,
1148 2401 1279 2426 liberalia.

139 2459 172 2485 δ’.
189 2457 288 2489 Γονέας
307 2458 356 2492 μὲν
378 2455 424 2484 οὖν
451 2459 498 2484 καὶ
527 2458 577 2493 τὴν
599 2459 631 2484 ἐκ
658 2457 752 2489 παιδὸς
775 2457 893 2492 πατρίδα.

99 2505 150 2530 τοῦ
166 2504 285 2539 μεγάλου
300 2503 396 2530 τούτου
415 2503 463 2530 καὶ
480 2504 635 2538 θαυμασίου
664 2504 782 2539 Πατρὶς,
799 2504 846 2530 καὶ
861 2499 892 2529 οὗ

99 2551 249 2585 πρέπουσα
272 2551 370 2586 πατρὶς
390 2551 407 2585 ἡ
424 2551 478 2576 τῶν
495 2551 668 2586 ἐπουρανίων
690 2550 786 2585 σκηνὴ,
803 2549 892 2580 καλῶς

102 2596 191 2622 ποιῶν
210 2595 224 2621 ὁ
239 2595 333 2630 χρόνος
352 2595 463 2629 άϐύσσῳ
486 2594 572 2629 λήθης
597 2595 768 2629 καθῆκεν.Ἃ
789 2595 841 2628 γὰρ
854 2594 893 2620 ἔτι

100 2642 188 2674 ζῶντι
214 2641 252 2676 τῷ
277 2643 394 2676 γενναίῳ
418 2641 579 2677 παρῶπται,
595 2642 632 2672 ὡς
649 2642 702 2676 ἄρα
725 2641 774 2676 τῆς
790 2641 894 2667 οἰκείας

99 2688 208 2723 ἀρετῆς
224 2688 333 2720 ἀνάξια,
351 2689 453 2714 τούτων
470 2689 583 2718 εἰκότως
614 2689 674 2714 οὐδὲ
705 2688 729 2715 οἱ
744 2689 792 2723 τὴν
805 2688 893 2722 ἀρχὴν

99 2735 137 2760 τὰ
164 2733 226 2760 κατ’
243 2734 325 2761 αὐτὸν
355 2735 579 2769 ουγγεγραψόεες
605 2735 660 2761 δεῖν
688 2734 818 2770 ᾠήθησαν
842 2742 892 2769 με·

102 2781 238 2815 μνῆσθαι.
257 2780 302 2811 Εἰς
331 2781 345 2807 ὃ
371 2781 399 2808 δὲ
428 2781 520 2816 φέρων
536 2782 644 2814 ἑαυτὸν,
665 2781 765 2816 μᾶλλον
790 2781 818 2807 δὲ
843 2780 894 2806 ὑπὸ

99 2825 175 2852 θεοῦ
202 2825 354 2860 φερόμενος
377 2827 560 2862 κατῴκισταε,
586 2828 632 2853 καὶ
662 2825 692 2854 οὗ
715 2827 778 2859 τοὺς
806 2826 896 2858 θείους

982 2457 1008 2484 4.
1027 2457 1100 2490 Quos
1116 2462 1251 2492 parentes,
1268 2466 1348 2494 quam
1366 2460 1480 2493 patriam
1500 2460 1591 2487 infans
1608 2461 1744 2488 habuerit-

948 2512 1063 2540 magnus
1078 2503 1123 2531 ltic
1139 2509 1169 2532 et
1186 2505 1358 2534 admirabilis
1373 2506 1466 2538 Pater,
1480 2508 1523 2534 cui
1539 2508 1652 2541 puniant
1670 2516 1737 2534 cou-

931 2551 1072 2577 weniebat
1083 2557 1142 2577 csse
1163 2551 1366 2578 tabernaculum
1384 2552 1505 2584 caeleste,
1523 2553 1577 2580 alta
1594 2553 1737 2580 oblivionis

949 2597 1045 2631 abysso
1058 2601 1164 2630 tempus
1181 2603 1234 2622 non
1256 2597 1403 2634 inpougrue
1426 2598 1562 2631 sepelivit.
1575 2597 1641 2630 Qum
1660 2599 1732 2624 enim

949 2643 1042 2669 vivens
1074 2641 1139 2675 ille,
1158 2647 1188 2670 ut
1217 2643 1297 2677 digna
1322 2644 1425 2670 virtute
1451 2651 1522 2676 sua,
1549 2644 1736 2678 despiciebat,

948 2687 1042 2715 eadeut
1075 2695 1164 2722 neque
1193 2689 1432 2716 couttttetttoranda
1456 2688 1507 2715 sibi
1532 2694 1602 2720 esse,
1636 2690 1734 2715 merito

949 2734 1139 2761 existimarunt
1169 2734 1206 2766 ii,
1236 2734 1280 2768 qui
1309 2742 1351 2761 res
1379 2735 1414 2761 ab
1436 2734 1479 2761 illo
1505 2739 1596 2768 gestas
1619 2733 1733 2767 primum

948 2780 1046 2807 litteris
1061 2780 1268 2807 mandaverunt.
1285 2780 1319 2806 At
1342 2788 1423 2812 vero,
1439 2780 1466 2807 in
1490 2787 1570 2814 quem
1589 2779 1736 2806 habitatio-

953 2827 994 2854 nis
1018 2826 1108 2855 locum
1138 2826 1194 2862 ipse
1215 2826 1352 2858 transivit,
1379 2830 1425 2853 aut
1449 2827 1538 2861 potius
1561 2825 1652 2854 divino
1668 2829 1737 2854 nutu
