1949 3069
227 103 280 136 999

847 96 1038 128 GREGORII
1058 97 1219 128 PALAM/E

1777 95 1843 128 1000

228 163 374 193 translatus
389 163 441 196 est,
455 162 498 190 tibi
514 159 664 190 certamina
680 166 727 186 sua
753 158 807 185 Deo
821 157 902 192 digne
915 162 1006 184 ειϊιιι-
1021 183 1022 187 η

1078 158 1157 188 θλους
1181 157 1274 191 ἦνυσε,
1293 155 1339 181 καὶ
1361 153 1423 182 ὅθεν
1444 153 1549 188 ἀνέπτη
1568 153 1636 188 πρὸς
1659 153 1785 188 οὐρανὸν,
1800 154 1843 180 τὸν

229 211 279 242 vit,
294 218 326 237 ac
339 210 410 237 unde
431 214 521 237 tamen
545 208 572 235 in
596 206 681 234 ctelos
706 204 845 233 avolavit:
864 205 948 234 hunc,
968 203 1010 230 in-

230 263 322 291 quam,
337 255 543 283 celeberrimum
559 251 799 283 venerandnmqne
814 249 900 276 locum
911 248 1012 281 ;lmnc.

230 302 358 328 virtutum
387 292 492 332 sedem;
525 299 597 326 hunc
614 297 703 326 omnis
728 293 879 323 lienestatis
903 294 1012 321 domici-

230 347 315 380 lium;
336 347 417 376 hunc,
444 345 594 372 ca-leslium
620 342 719 373 simile,
747 350 799 368 non
827 341 1012 368 mannl'actum

231 391 457 423 tabernaculum;
479 391 560 423 hunc,
589 388 678 417 omnis
704 388 801 415 celeris
818 394 924 422 purum,
939 385 1013 412 omni

231 436 392 465 exsecrabili
414 435 555 462 all'ectione
568 434 648 462 animi
658 433 835 469 superiorem,
848 439 861 458 a
871 432 1014 459 sanctitate

231 490 278 509 sua
292 488 412 515 congrue
429 480 778 515 cognominatumzmontem
789 487 796 511 ;
808 478 889 510 hunc,
899 477 926 503 in
939 481 1014 510 parte

231 526 326 561 patriae
355 525 454 552 habuit
473 525 515 552 vir
531 524 576 551 ille
604 533 611 551 :
645 523 723 559 cujus
753 523 825 550 nulla
852 522 956 550 mentio
985 522 1014 548 lit

231 573 347 606 uspiam,
364 571 416 598 nisi
432 575 460 598 et
476 570 574 597 montis
586 568 650 602 flat;
672 568 744 596 nulla
763 572 837 603 gesta
858 568 1014 599 audiuntur,

232 619 281 645 nisi
297 623 325 645 et
340 625 417 645 mons
428 617 611 651 intelligatur;
624 623 658 643 ex
673 622 727 650 quo
748 615 877 642 videlicet
893 615 950 648 ipse
976 613 1016 640 di-

231 664 380 699 gnoscitur,
396 663 438 695 fab
462 662 576 696 aliisque
596 661 716 696 ejusdem
730 660 847 688 nominis
870 659 1014 694 distingui-

224 709 278 736 'tur
294 729 303 742 ,
327 716 388 735 cum
401 708 545 735 Athonitcs
561 707 656 734 merito
670 705 829 742 appellatur.

265 752 292 779 5.
314 751 341 778 Si
356 753 427 778 enim
453 751 565 778 Athenis
591 751 649 785 lege
665 755 803 785 receptum
822 749 885 783 fuit,
909 754 940 777 ut
965 749 1014 776 ad-

231 803 307 824 vena:
320 801 381 831 post
394 796 484 823 trienii
505 803 621 828 moram,
645 803 694 831 pro
715 796 800 830 patria
820 803 868 822 sua
885 795 1016 822 haberent

231 843 335 874 urbem,
351 843 378 869 in
392 842 522 876 illamque
546 841 655 876 ascripti
669 846 865 874 censerentur;
880 841 1015 876 quomodo
1031 833 1052 861 Β

231 894 284 914 non
299 887 394 914 merito
410 887 482 914 hunc
505 887 557 914 sibi
586 891 703 914 montem
725 886 862 918 vindicet,
880 891 909 914 ut
921 893 1013 918 suum,

231 933 273 960 vir
288 938 410 964 sanctus,
425 933 470 959 uhi
495 939 581 959 annos
605 931 720 966 amplius
738 932 934 967 quinquaginta
955 939 1019 959 exe-

232 980 282 1014 git,
315 979 395 1012 idque
419 978 447 1004 in
473 982 545 1005 tanta
572 978 682 1005 virtutis
707 978 880 1014 acquirendo:
903 981 1017 1005 conten-

233 1024 324 1051 tione?
338 1023 472 1051 Przelerea
490 1025 513 1052 si
542 1024 587 1050 illa
610 1024 709 1059 cuique
725 1025 812 1060 patria
826 1024 949 1051 habenda
972 1025 1018 1057 sit,

231 1070 278 1098 tibi
297 1070 401 1097 felicem
420 1070 480 1104 quis
497 1071 552 1106 agit
568 1070 651 1098 vitam
676 1070 914 1105 (quemadmodum
931 1070 1019 1105 genti-

232 1116 297 1143 lium
321 1117 429 1150 quidam
456 1117 564 1150 sapiens
590 1117 799 1151 pronuntiavit),
818 1117 896 1152 quis,
912 1123 1018 1151 quaeso,

233 1161 337 1196 uspiam
354 1166 400 1188 aut
415 1161 523 1189 felicius
542 1162 596 1196 egit
609 1162 680 1197 aliqu
688 1162 764 1194 ιιιιίο,
781 1167 828 1189 aut
853 1161 1020 1197 inposterum

233 1211 343 1234 acturus
358 1212 399 1234 est
414 1214 497 1241 quam
512 1207 555 1234 hic
572 1206 615 1234 vir
632 1207 659 1233 in
682 1208 765 1234 hocce
777 1207 891 1234 monte?
904 1206 948 1233 ubi
957 1214 1019 1234 cum

236 1251 289 1279 Deo
303 1252 458 1287 frequentior
473 1251 641 1285 conterebat,
659 1259 691 1279 ac
703 1252 794 1279 divina
807 1253 913 1280 visione
924 1252 1021 1287 digna-

234 1298 333 1329 batur;
350 1298 404 1325 imo
419 1298 461 1333 (ut
476 1302 561 1325 totum
576 1298 736 1333 compendio
755 1298 856 1334 dicam)
868 1299 912 1326 ubi
924 1299 1020 1326 huma-

235 1351 298 1370 nam
314 1348 486 1379 trangrcssus
499 1349 636 1378 naturam,
650 1345 731 1380 inque
746 1352 809 1372 vere
820 1345 936 1372 divinam
949 1353 1023 1373 cont-

236 1395 354 1417 mutatus
373 1390 443 1425 (qnze
457 1398 522 1417 vero
535 1390 694 1425 eloquentiae
708 1391 749 1418 vis
762 1395 866 1419 tantum
879 1391 1023 1427 eloquatur

235 1437 436 1472 miraculum!)
462 1437 649 1464 excellentiam
676 1437 736 1472 plus
752 1445 833 1472 quam
857 1438 1022 1471 naturalem,

1065 202 1202 238 περιφανῆ
1223 201 1329 228 τουτονὶ
1355 200 1426 234 λέγω
1441 200 1489 226 καὶ
1516 199 1665 234 σεϐάσμιον
1681 199 1781 234 χῶρον,
1797 200 1844 234 τὴν

1064 249 1119 275 τῶν
1144 248 1250 282 ἀρετῶν
1272 247 1376 279 ἑστίαν,
1392 246 1422 273 τὸ
1441 246 1525 273 καλοῦ
1551 245 1651 276 παντὸς
1675 245 1845 280 ἐνδιαίτημα,

1065 294 1114 328 τὴν
1145 293 1200 319 τῶν
1228 292 1399 327 ἐπουρανίων
1426 291 1573 318 ἁντίτυπόν
1603 299 1633 318 τε
1664 292 1710 317 καὶ
1742 291 1846 325 ἀχειρο-

1066 340 1176 375 ποίητον
1201 340 1315 372 σκηνὴν,
1330 338 1359 364 τό
1389 336 1490 367 παντδς
1520 337 1604 370 ἄγους
1635 335 1777 371 ἐλεύθερον
1803 336 1847 362 καὶ

1066 385 1166 416 παντὸς
1181 385 1283 415 πάθους
1296 382 1410 417 ἐναγοῦς
1427 382 1573 418 ἀνώτερον,
1588 383 1618 408 τὸ
1630 379 1679 416 τῆς
1693 381 1846 416 ἁγιωσύνης

1067 431 1234 466 φερωνύμως
1251 429 1393 464 ἐπώνυμον
1408 428 1470 464 ὅρος
1482 436 1489 444 ·
1505 428 1584 455 τοῦτό
1598 429 1673 454 ἐστιν
1698 428 1728 454 ἐν
1752 427 1847 461 πατρί-

1067 477 1111 508 δος
1139 476 1221 512 μοίρᾳ
1241 475 1280 510 τῷ
1297 474 1479 510 προκειμένῳ,
1495 473 1542 500 καὶ
1565 473 1655 508 τούτῳ
1678 473 1848 500 συλλαλεῖται

1066 525 1115 551 καὶ
1140 523 1328 552 συνακούεται,
1345 520 1493 547 κάντεῦθεν
1518 517 1595 551 οὗτος
1625 519 1848 553 ἐπιγινώσκεται,

1068 569 1115 596 καὶ
1137 569 1187 604 τὴν
1215 568 1284 603 πρὸς
1315 567 1378 598 τοὺς
1408 565 1572 600 ὁμωνύμους
1603 565 1683 600 φέρει
1708 565 1851 600 διαστολὴν

1074 615 1221 650 ’Δθωνίτης
1236 614 1347 645 δικαίως
1362 612 1568 647 ὠνομασμένος.

1104 747 1135 776 ε’.
1154 748 1184 774 Ei
1199 747 1252 783 γὰρ
1266 747 1294 773 ὲν
1313 746 1450 780 Ἀθήναις,
1466 746 1536 781 μετὰ
1553 742 1648 781 τριετῆ
1674 744 1850 781 προσεδρίαν,

1069 795 1130 822 ἀντὶ
1147 792 1276 829 πατρίδος
1294 793 1412 828 χρῆσθαι
1429 793 1462 827 τῇ
1481 792 1557 819 πόλει
1583 793 1647 823 τοὺς
1667 791 1852 826 προσηλύτους

1067 841 1246 876 νομιζόμενον
1271 838 1316 875 ἦν,
1335 839 1393 871 πῶς
1414 839 1445 865 οὗ
1463 839 1574 871 δικαίως
1598 839 1786 865 ἀντιποιεῖται
1808 837 1853 864 τοῦ

1067 887 1148 923 ὄρους
1165 888 1179 913 ὀ
1198 887 1286 921 ἅγιος,
1304 886 1396 913 πλεῖον
1411 886 1427 921 ἦ
1440 886 1611 921 πεντήκοντα
1626 885 1769 921 περιόδους
1787 885 1854 911 ἑτῶν

1068 933 1176 960 ἐνταῦθ’
1190 933 1304 966 ἀνύσας,
1319 933 1367 959 καὶ
1387 932 1464 965 ταύθ¹
1487 932 1573 962 οὕτως
1587 932 1740 966 ἐναγωνίως
1756 939 1765 964 ;
1782 931 1816 958 Et
1827 931 1854 957 at

1069 980 1117 1006 καὶ
1133 981 1233 1014 πατρὶς
1254 979 1361 1014 ἑκάστῳ
1377 978 1437 1005 καθ’
1451 979 1484 1013 ἢν
1496 979 1528 1006 ἄν
1543 987 1585 1010 τις
1600 978 1699 1013 εὐτυχῇ
1716 978 1853 1013 (καθάπερ

1068 1033 1110 1056 τις
1123 1024 1178 1050 τῶν
1198 1022 1297 1056 ἔξωθεν
1322 1024 1484 1058 ἀπεφήνατο
1498 1023 1611 1058 σοφῶν),
1630 1023 1673 1054 τίς
1689 1023 1720 1050 ἄν
1735 1031 1789 1050 που
1803 1022 1855 1048 τῶν

1070 1071 1199 1098 ἁπάντων
1218 1070 1323 1105 βέλτιον
1336 1069 1352 1105 ἢ
1366 1070 1510 1104 πράξειεν,
1525 1070 1541 1105 ἦ
1559 1070 1651 1104 μέλλει
1665 1069 1791 1104 πράξειν,
1807 1068 1854 1103 τῆς

1069 1114 1121 1144 ὦδε
1151 1119 1198 1144 τοῦ
1217 1117 1313 1152 ἀνδρὸς
1339 1117 1506 1151 εὐκληρῐας·
1527 1113 1557 1143 οὗ
1583 1115 1642 1151 Θεῷ
1666 1115 1786 1149 συνῆλθε
1811 1114 1856 1141 καὶ

1070 1164 1146 1194 θείας
1170 1163 1234 1194 θέας
1259 1163 1388 1197 ἐπέτυχε,
1409 1162 1562 1197 μᾶλλονδὲ,
1579 1162 1623 1189 tv;
1647 1163 1677 1188 τὸ
1704 1162 1761 1187 πᾶν
1789 1162 1856 1187 εἴπω

1071 1210 1201 1242 συνελὼν,
1230 1206 1260 1237 οὗ
1287 1211 1337 1245 τὴν
1364 1209 1538 1245 ἀνθρωπείαν
1560 1208 1735 1244 ὑπεραναϐὰς
1765 1207 1854 1242 φύσιν,

1072 1257 1121 1283 καὶ
1145 1257 1195 1291 τὴν
1224 1256 1299 1282 θείαν
1327 1256 1412 1287 ὅντως
1438 1254 1621 1290 ἠλλοιωμένος
1642 1254 1788 1281 ἀλλοίωσιν
1808 1254 1856 1288 (τίς

1071 1303 1105 1330 ἂν
1134 1303 1320 1338 ἀποχρήσεται
1351 1302 1430 1336 λόγος
1458 1302 1635 1336 παραστῆσαι
1667 1301 1697 1326 τὸ
1730 1300 1823 1334 θαῦμα
1838 1299 1856 1332 ;)

1073 1349 1141 1384 πρὸς
1158 1349 1188 1375 τδ
1205 1349 1255 1383 τῆς
1267 1349 1343 1382 ἀξίας
1357 1347 1507 1382 ὑπερφυὲς,
1521 1348 1556 1381 τῇ
1570 1345 1616 1372 τοῦ
1640 1345 1772 1380 Ὑψίστου
1786 1343 1856 1378 δεξιᾷ

1074 1395 1321 1431 μετερῤύῦμηται;
1351 1393 1423 1420 Ἀλλ’
1465 1394 1540 1428 ὅμως
1565 1392 1614 1426 τῆς
1643 1391 1773 1426 πατρίδος
1811 1390 1856 1424 μὲι

1072 1440 1209 1476 ὑπερεῖδε,
1226 1440 1265 1475 τῷ
1293 1440 1321 1466 δὲ
1349 1440 1397 1475 τῆς
1425 1439 1480 1465 ἄνω
1504 1438 1628 1474 προξένῳ
1654 1437 1784 1471 πατρίδος
1803 1435 1857 1470 Epit

235 1482 367 1526 Altissimi
390 1487 554 1517 cooperante
586 1483 711 1516 dextera,
740 1485 896 1519 acquisivit.
925 1484 1020 1519 Spreta

1075 1486 1161 1521 τούτῳ
1187 1484 1388 1521 προσέδραμεν,
1403 1482 1433 1511 οὒ
1451 1484 1483 1519 δὴ
1504 1485 1550 1510 καὶ
1575 1483 1622 1509 τὸν
1649 1482 1770 1515 πολυετῆ
1793 1481 1857 1516 βίον,

237 1528 320 1562 igitur
334 1521 421 1563 patria
436 1537 496 1561 sna,
517 1529 543 1556 in
563 1530 635 1557 hunc
650 1535 779 1562 montem.
797 1532 968 1558 commodum
985 1533 1020 1560 ad

1075 1532 1124 1559 καὶ
1136 1533 1186 1567 τὴν
1204 1532 1319 1567 ἀόρατον
1334 1530 1487 1566 ἀνθρώποις
1503 1529 1609 1556 δίαιταν
1624 1529 1718 1564 ἡνυσε.

237 1575 373 1602 θωιεειειιι
392 1575 507 1609 patriam
525 1576 746 1610 comparandam,
773 1579 953 1612 conscendit,
973 1579 1063 1614 ibique
1078 1585 1104 1607 et
1120 1580 1266 1606 nmltortnn
1284 1586 1417 1606 annorum
1452 1582 1559 1605 aetatem
1601 1576 1689 1608 duxit,
1724 1580 1751 1603 et
1786 1576 1860 1603 insti-

239 1626 327 1649 tutum
344 1622 461 1653 vivendi,
475 1624 546 1657 quod
561 1624 653 1650 oculos
670 1623 803 1650 humanos
819 1623 925 1656 lateret,
942 1629 1052 1653 secutus
1067 1631 1120 1653 est.

275 1668 302 1694 ti.
319 1667 449 1701 Equidem
466 1668 639 1696 considerare
656 1676 704 1695 vos
714 1669 794 1696 velim
815 1670 1027 1705 incomprehen-

237 1713 344 1740 sibilem
360 1715 498 1748 sapientiae
507 1713 605 1740 divina:
620 1715 817 1748 praestantiam,
831 1716 951 1750 ejusdem
964 1724 1026 1751 erga

240 1758 364 1787 homines
385 1760 564 1794 providentiae.
580 1766 735 1794 excessum,
754 1765 782 1788 et
804 1761 918 1789 salutem
933 1769 1026 1790 eorum

240 1806 415 1840 promovendi
431 1806 591 1833 desiderium
608 1807 771 1834 insatiabile.
782 1806 924 1835 Excitatur
939 1808 966 1835 in
979 1815 1027 1843 pa-

240 1851 290 1877 tria
315 1850 481 1878 admirabilis
508 1851 621 1885 hujusce
646 1851 735 1879 Patris
771 1852 870 1880 bellum
897 1854 1028 1882 adversus

238 1896 354 1924 Arabes;
368 1896 437 1930 Ipse,
455 1897 557 1924 bellicae
572 1898 649 1930 artis,
664 1898 825 1931 ut‘videtur,
847 1907 899 1926 non
914 1900 1024 1928 omnino

239 1943 326 1975 rudis,
352 1950 413 1969 cum
443 1943 500 1970 suis
524 1943 672 1977 gentilibus
698 1943 723 1970 in
740 1951 864 1979 campum
881 1946 1025 1979 procedit;

239 1988 345 2021 capitur
370 1987 404 2014 ab
420 1987 542 2015 hostibus
558 2008 566 2021 ,
583 1993 611 2015 et
631 1988 731 2022 procul
752 1997 766 2015 a
796 1990 881 2024 patria
905 1992 1028 2025 captivus

240 2033 404 2065 abducitur;
421 2033 527 2065 alieme,
537 2033 650 2068 ejusque
661 2034 768 2062 hosulis
800 2039 879 2062 terra
897 2036 1027 2064 interiora

239 2084 352 2107 coactus
365 2079 433 2111 adit,
450 2085 525 2105 arcto
539 2079 642 2106 carceri
666 2081 846 2114 mancipatur,
863 2081 932 2116 cippi
950 2082 1025 2116 pedi-

241 2125 291 2153 bus
307 2125 476 2158 injiciuntur,
491 2124 548 2158 ipse
565 2124 617 2151 cibi
637 2125 724 2151 inedia
741 2130 894 2153 maceratur
905 2145 913 2160 ,
929 2127 1026 2155 intole-

1112 1674 1149 1704 ς’.
1168 1669 1224 1698 Καὶ
1245 1671 1373 1697 σκοπεῖτε
1396 1670 1426 1696 τὺ
1441 1670 1490 1704 τῆς
1502 1669 1576 1701 θείας
1601 1669 1696 1704 σοφίας
1710 1670 1860 1705 ἀμήχανον,

1076 1718 1124 1744 καὶ
1152 1718 1201 1753 τὴν
1231 1717 1298 1750 πρὸς
1327 1715 1487 1752 ἀνθρώπους
1515 1715 1561 1742 τοῦ
1597 1715 1666 1742 Θεοῦ
1699 1716 1861 1751 κηδεμονίας

1077 1764 1242 1800 ύπερῆολὴν,
1264 1764 1311 1790 καὶ
1326 1765 1375 1796 τὴν
1396 1764 1466 1798 ὑπὲρ
1481 1762 1511 1789 τὺ
1538 1762 1636 1796 σώζειν
1652 1762 1860 1798 ἀνυπέρϐλητον

1077 1810 1181 1845 ἔφεσιν.
1205 1809 1428 1846 Ἀναρῤιπίζεται
1453 1810 1570 1844 πόλεμον,
1587 1810 1620 1845 τῇ
1636 1809 1685 1835 τοῦ
1708 1809 1860 1844 θαυμασίου

1076 1857 1171 1884 τούτου
1196 1857 1302 1891 Πατρὸς
1326 1856 1436 1891 πατρίδι
1463 1855 1530 1891 πρὸς
1548 1855 1691 1891 Ἀραϐας’
1719 1856 1734 1882 ὸ
1761 1855 1800 1887 δὲ,
1819 1863 1862 1881 cu-

1077 1903 1277 1938 στρατιωτικῆς
1307 1902 1363 1937 (ὡς
1393 1901 1499 1936 ἔοικεν)
1529 1901 1580 1928 οὐκ
1612 1901 1782 1936 ἀμελέτητος
1809 1901 1860 1933 ὢν,

1077 1948 1249 1983 συμπολεμεῖ
1273 1949 1328 1979 τοῖς
1349 1947 1513 1983 ὁμοφύλοιςσ
1543 1947 1596 1974 ὑπὸ
1621 1947 1676 1975 τῶν
1704 1948 1860 1982 ἀλλοφύλων

1075 1991 1238 2020 ἁλίσκεται*
1273 1993 1368 2029 πόρρω
1405 1993 1455 2028 τῆς
1493 1993 1659 2028 ἐνεγκούσης
1689 1993 1861 2029 αἰχμάλωτος

1078 2039 1268 2071 ἁποικίζεται·
1284 2040 1332 2074 τῆς
1348 2039 1493 2074 ἀλλοτρίας
1516 2040 1649 2074 ἐνδοτέρω
1665 2039 1713 2065 καὶ
1734 2039 1861 2074 πολεμίας

1079 2085 1158 2112 ποσὶν
1189 2085 1338 2119 “ask-qm;
1367 2086 1530 2121 προϐαίνει·
1559 2085 1700 2120 φρουρίοις
1731 2086 1858 2121 ἀφύκτοις

1079 2131 1293 2166 καθείργνυται·
1309 2131 1348 2165 τῷ
1373 2130 1433 2157 ποδὶ
1461 2131 1554 2162 πέδαις
1581 2131 1735 2165 δεσμεῖται,
1761 2131 1858 2166 τροφῆς

243 2171 339 2198 rabilia
367 2170 453 2197 multa
480 2170 600 2205 patitur,
622 2170 770 2205 despondet
790 2173 921 2205 animum,
944 2173 1022 2200 vitam

1079 2177 1167 2212 ἐνδείᾳ
1205 2177 1338 2209 πιέζεται,
1364 2176 1449 2203 πολλὰ
1489 2177 1588 2211 πάσχει
1625 2177 1680 2203 τῶν
1706 2178 1858 2212 ἀφορήτων,

243 2217 392 2251 desperat;
420 2216 538 2250 denique
570 2217 604 2244 ad
635 2217 719 2244 Deum
737 2218 869 2252 confugit,
886 2219 965 2254 rique
979 2219 1029 2247 soli

244 2261 422 2296 imposterum
439 2269 468 2289 se
479 2262 613 2289 victurum
626 2263 770 2298 promittit,
785 2264 806 2291 si
824 2264 904 2291 modo
921 2264 1030 2292 liberio-

245 2313 301 2334 rem
328 2314 390 2334 aera
413 2308 574 2342 conspicere
606 2309 763 2343 aliquando,
782 2317 813 2336 ac
837 2312 905 2337 inata
930 2311 1031 2345 quibus

244 2352 377 2387 premitur
387 2353 503 2381 evadere
526 2355 675 2389 contingat.
702 2354 773 2388 Quid
791 2356 874 2391 igitur
890 2356 945 2388 hic,
958 2357 1032 2385 celer

244 2396 279 2424 ad
291 2398 500 2431 exaudiendum,
517 2404 544 2425 et
557 2399 686 2434 providus
699 2400 733 2428 ad
744 2401 939 2429 consulendum
952 2401 1032 2430 rebus

246 2444 354 2472 miseris
381 2444 473 2471 Deus?
505 2443 594 2472 Mores
617 2445 751 2481 tantisper
780 2447 874 2480 nectit,
903 2451 931 2474 et
963 2455 1031 2476 cun-

245 2491 346 2519 ctando
361 2490 486 2518 miserias
504 2490 563 2526 eius
590 2491 757 2527 longiuscule
773 2494 895 2527 protendi
917 2495 1032 2530 permit-

247 2539 299 2570 tit;
331 2537 411 2571 idque
436 2537 659 2573 prudentissime,
683 2543 712 2566 ut
740 2539 866 2567 videlicet
880 2540 921 2568 sic
946 2542 1031 2576 magis

246 2587 303 2610 tnta
324 2583 393 2610 foret
417 2583 581 2618 supplicanti
608 2584 736 2618 libertas;
760 2585 979 2620 quandoquidem
995 2587 1030 2614 ita

244 2637 308 2656 cum
340 2630 494 2657 hominibus
514 2635 703 2665 comparatum
721 2631 776 2662 sit,
800 2635 830 2658 nt
855 2637 1030 2666 posteaquam

245 2676 352 2712 liberati
361 2681 424 2703 sunt
444 2676 478 2702 iis
492 2676 591 2710 quibus
607 2677 801 2710 premebantur
814 2676 950 2710 adversis,
968 2683 1030 2705 vota

247 2723 322 2758 prius
340 2722 412 2749 facta
425 2721 505 2750 facile
527 2723 676 2758 negligant,
698 2723 725 2750 ni
742 2730 774 2750 ea
790 2723 874 2758 probe
889 2725 1032 2751 conﬁrma-

247 2773 344 2795 verunt.

282 2818 309 2845 7.
322 2815 393 2848 Quid
410 2818 513 2854 porro?
533 2819 585 2845 l'cr
602 2818 719 2853 quietem
743 2817 875 2853 promissa
897 2818 954 2853 ejus
974 2823 1030 2846 rata

1080 2222 1264 2257 ἑξαπορεῐται,
1288 2223 1339 2257 τὴν
1362 2223 1465 2249 οἰκείαν
1490 2220 1565 2258 ζωὴν
1589 2222 1768 2256 ἀπολέγεται,
1790 2222 1859 2251 τέλος

1080 2268 1127 2295 ἐπὶ
1154 2268 1221 2295 Θεδν
1251 2268 1430 2303 καταφεύγει,
1452 2269 1539 2303 τούτῳ
1569 2268 1642 2304 μόνῳ
1661 2268 1761 2300 ζώσειν
1781 2271 1860 2300 ἐπατ-

1080 2315 1216 2350 γέλλεται,
1244 2315 1324 2350 μύιον
1354 2316 1379 2341 εί
1407 2315 1464 2349 φῶς
1488 2315 1632 2350 ἐλεύθερον
1659 2315 1718 2349 ῐδοι,
1738 2317 1786 2342 καὶ
1811 2315 1858 2341 τῶν

1081 2362 1248 2396 συνεχόντων
1263 2362 1406 2397 ἀπαλλάξῃ
1430 2361 1535 2388 δεινῶν.
1552 2361 1584 2387 Τί
1605 2361 1651 2387 οὖν
1664 2362 1678 2388 ὁ
1693 2361 1778 2396 ταχὺς
1796 2358 1858 2395 ὁμοῦ

1081 2408 1129 2434 καὶ
1145 2407 1290 2443 προμηθὴς
1312 2407 1395 2440 Θεό;;
1417 2406 1612 2433 Ἀναὸάλλεται
1625 2407 1692 2438 τέως
1715 2406 1767 2442 τὴν
1784 2404 1859 2438 ταχύ·-

1081 2461 1168 2488 τητα,
1194 2455 1240 2479 καὶ
1266 2452 1305 2488 τῷ
1331 2453 1438 2488 μέλλειν
1475 2452 1524 2484 τὰς
1552 2451 1649 2484 ὀδύνας
1681 2451 1858 2478 ἐπιτείνεσθαι

1083 2499 1237 2534 συγχωρεῖ·
1257 2498 1482 2534 προμηθούμενος
1497 2499 1584 2533 δήπου
1609 2497 1655 2524 τὸν
1669 2498 1764 2532 ἱκέτην
1777 2499 1859 2531 ἀσφα-

1081 2544 1210 2580 λέστερον
1232 2545 1314 2577 ἕξειν,
1337 2543 1430 2580 ἐπειδὴ
1453 2544 1609 2579 πεφύκασιν
1630 2543 1770 2579 ἄνθρωποι
1796 2542 1859 2578 μετὰ

1082 2590 1132 2626 τὴν
1149 2591 1195 2617 τοῦ
1212 2591 1349 2622 πιέζοντος
1365 2591 1536 2626 ἀπαλλαγὴν,
1554 2590 1610 2616 τῶν
1631 2591 1660 2616 ἐν
1677 2589 1752 2624 αὐτῷ
1769 2588 1858 2621 συνθη-

1083 2637 1139 2662 κῶν
1167 2637 1346 2671 ύπερψρονεῖν
1372 2636 1480 2672 ῥαδίως,
1499 2637 1531 2663 ειν
1558 2636 1596 2670 μὴ
1624 2634 1724 2667 ταύτας
1744 2632 1858 2670 ἁκριὸὦς

1084 2683 1286 2718 ἰσχυρίσωνται.

1120 2817 1152 2850 ζ’.
1173 2817 1205 2844 Τί
1230 2817 1260 2844 τὸ
1286 2817 1427 2849 ἒντεῦλεν;
1451 2816 1489 2843 Δι’
1518 2815 1631 2852 ὀνείρων
1659 2817 1732 2850 αὐτῷ
1757 2815 1790 2842 τὰ
1815 2814 1858 2844 τῆς
