1949 3069
108 148 164 180 llllll

650 146 740 178 VlTA
757 147 788 179 S.
807 146 922 177 PETRI
943 147 1156 178 ATHONlT/E.

1650 147 1718 179 1002

104 205 269 240 ὑποσχέσεως
295 204 418 239 ὲμπεδοϊ.
443 204 489 230 καὶ
517 202 597 230 αὑτὸν
628 202 694 238 ὄναρ
727 203 882 237 ἐπιπέμπει

952 204 1014 231 abet
1025 204 1110 235 Deus.
1123 203 1228 239 objecta
1242 203 1362 235 visione,
1379 210 1440 238 qua:
1466 202 1518 239 ipsi
1545 208 1724 238 repraesentet

103 251 194 286 τούτῳ,
210 251 255 278 τὴν
271 250 358 286 μέγαν
372 251 401 277 ὲν
414 250 556 285 ίερὰρχαις
572 250 619 288 καί
639 250 780 285 ῐῐατράσιν
793 250 882 283 ἁγίοις

104 297 243 328 Νικόλαον,
263 296 292 322 ὃν
307 295 354 322 καὶ
380 296 459 326 αὐτὸς
474 294 608 321 ἐπεϐοᾶτο
623 295 799 329 θερμότερον,
817 295 835 321 ἆ
854 303 883 320 τε

104 345 148 379 τῆς
161 343 228 378 πρὺς
244 342 309 369 Θεὸν
325 341 409 369 αὑτοῦ
427 341 586 378 παρρησίας
603 340 819 375 πεπειραμένος,
839 342 885 366 καὶ

104 390 144 416 διὰ
166 388 305 423 θαύματος
328 387 407 414 αὑτὸν
432 387 519 420 ἄγων,
543 386 651 417 πολλοῖς
678 387 724 411 καὶ
750 386 885 421 πρότερον

111 435 276 468 κεχρημένος
304 431 374 466 ὑπὲρ
390 431 472 458 αὐτοῦ
488 430 636 466 θαύμασιν.
658 431 705 462 Ὃς
722 430 754 466 δὴ
770 431 817 456 καὶ
834 439 884 465 φα-

105 481 155 511 νεὶς
171 479 221 513 οὐχ
236 477 319 511 ἅπαξ,
335 478 392 504 ἀλλ’
407 478 458 513 ἤδη
474 478 522 504 καὶ
544 478 594 509 δὶς,
607 477 675 504 πολῦ
692 477 886 511 κατεμέμφετο

103 528 147 564 τὴν
161 527 206 553 τοῦ
220 527 316 562 avem
337 525 476 558 ἀϐουλίαν,
497 524 625 557 πολλάκις
640 526 690 560 μὲν
705 524 738 559 δὴ
757 524 803 550 καὶ
820 523 886 558 πρό-

103 583 176 609 τερον
193 573 342 608 εὐξαμένου
359 572 410 607 τὴν
422 571 476 599 ἀπὸ
487 571 533 598 τοῦ
549 570 652 606 κόσμου
667 570 769 605 φυγὴν,
789 569 888 605 ὡρμη-

105 620 181 655 μένου
195 618 223 644 δὲ
241 617 303 653 μηδ’
320 618 393 648 ὅπως
410 616 458 643 οὖν
473 617 547 652 ἔργῳ
563 615 613 649 τὴν
624 615 707 650 εὐχὴν
726 614 886 641 ἀποδοῦναι.

105 665 194 701 Ταύτῃ
219 673 261 691 τοι
295 663 407 694 δικαίως
432 663 535 698 ἀρτίως
563 661 695 696 ἔφασκεν,
722 660 779 687 οὔτ’
807 659 889 691 αὐτὸς

105 711 232 746 είσακούῃ
246 710 326 744 κάγὼ
346 709 451 736 πείθειν
466 708 568 744 ἥκιστα
585 707 715 743 δύναμαι,
740 705 889 742 πρεσϐείαν

104 758 169 792 ὑπὲρ
205 756 260 783 τῶν
291 765 334 783 σοι
365 755 502 782 συνοίσειν
533 754 686 789 μελλόντων
717 753 786 788 πρὸς
820 752 888 778 Θεὸν

103 803 273 838 ποιούμενος.
296 801 378 829 Ἀλλὰ
391 801 457 836 γὰρ,
473 800 500 827 εἴ
518 809 563 836 μοι
586 799 681 835 πείθῃ,
696 799 742 826 καὶ
762 798 841 825 ἄλλον
856 797 888 832 δή

103 857 159 876 τινα
185 848 240 875 τῶν
271 848 344 882 μέγα
373 847 449 882 παρὰ
465 846 525 881 Θεῷ
544 845 704 881 δυναμένων
717 843 889 878 ὲπικέκλησο

937 258 1063 285 magnum
1077 250 1233 284 episcopum
1250 254 1276 276 et
1292 250 1411 282 Patrem,
1422 254 1545 276 sanetum
1559 249 1700 277 Nicolaum
1714 258 1722 282 ;

936 303 1016 330 quem
1032 296 1113 322 etiam
1135 295 1271 322 ferventer
1288 294 1451 327 invocabat,
1469 299 1561 330 utpote
1577 296 1634 330 ejus
1653 296 1726 331 apud

938 340 1021 368 Deum
1038 341 1262 368 intercessionem
1288 347 1438 376 expertus;
1462 343 1641 378 eumdemque
1669 343 1726 378 jam

937 387 1041 422 pridem
1060 388 1136 422 plura
1167 388 1194 414 itt
1224 395 1254 415 se
1278 389 1413 416 mirabilia
1430 394 1582 424 operatum,
1601 389 1725 417 miraculi

938 433 997 460 loco
1018 433 1145 460 ltabebat.
1163 433 1255 468 Neque
1267 441 1330 461 vero
1346 435 1429 462 semel
1441 439 1557 467 tantum,
1575 435 1622 462 sed
1633 440 1661 462 et
1677 436 1727 462 ite—

938 486 998 505 rum
1016 486 1044 505 se
1063 480 1121 505 viro
1133 479 1280 506 videndum
1295 480 1411 513 praebuit
1424 486 1545 513 sanctus,
1558 480 1670 508 multum
1685 481 1727 508 in-

939 531 1055 559 crepans
1075 525 1256 552 temeritatem
1279 526 1348 560 ejus,
1365 526 1436 561 quod
1458 526 1514 560 jam
1532 526 1636 561 pridem
1653 534 1726 562 saepe

941 572 1060 599 vovisset
1075 571 1167 606 fugam
1184 580 1198 598 a
1212 573 1322 604 saeculo,
1335 576 1362 600 et
1380 573 1510 600 nihildum
1521 574 1576 600 voti
1593 574 1634 601 sui
1647 582 1730 608 opere

940 617 998 652 ipso
1027 618 1164 652 complere
1190 623 1326 646 curasset.
1353 619 1556 652 Quamobrem,
1578 620 1729 655 inquiebat,

941 665 1040 691 tnerito
1052 671 1141 699 neque
1160 670 1186 690 tu
1211 672 1284 691 nunc
1303 665 1458 697 exaudit-is.
1484 672 1571 701 neque
1595 673 1654 699 ego,
1684 666 1730 700 qui

941 715 991 742 pro
1010 709 1094 735 rebus
1123 708 1170 736 tibi
1199 709 1349 743 profuturis
1372 711 1443 744 apud
1464 710 1547 738 Deum
1576 710 1728 742 iutercedo,

941 755 1088 794 impetrare
1107 763 1188 790 queo.
1203 755 1407 787 Verumtamen,
1429 757 1452 784 si
1476 764 1519 784 me
1531 756 1609 784 audis
1621 777 1629 790 ,
1648 756 1731 782 aliunt

941 808 1051 835 quoque
1085 809 1118 828 ex
1149 809 1243 829 eorum
1275 810 1405 834 numero,
1434 803 1479 837 qui
1518 802 1632 830 tttultutn
1660 804 1732 836 apud

943 845 1028 873 Deum
1043 846 1145 878 valent,
1162 846 1314 882 adjutorcut
1341 854 1372 873 ac
1396 851 1539 880 patronum
1566 846 1660 873 invoca
1675 865 1682 876 ,
1703 850 1733 871 ut

104 894 210 930 βοηθὸν,
224 894 295 921 ὥστε
314 902 359 928 μοι
375 891 566 928 συμϐαλέσθαι
594 891 723 927 σπουδὴν,
745 891 786 917 ὅτι
816 889 894 916 πλεί-

949 892 992 918 illo
1010 899 1122 926 operam
1147 900 1225 920 suam
1246 900 1311 920 ιιιοιυ
1337 893 1521 927 adiungente,
1545 891 1659 927 amplius
1685 888 1740 918 tibi

104 949 166 977 στην
186 941 256 976 ὑπὲρ
271 939 317 966 σοῦ
336 939 503 975 ποιουμένῳ.

136 1012 171 1044 η’.
188 1010 291 1044 Πέτρου
307 1008 335 1035 δὲ
348 1007 611 1042 ἀνθυπενεγκόντος·
631 1007 687 1033 Καὶ
700 1007 744 1038 τίς
765 1006 819 1042 ἄρα
835 1007 895 1041 μεῖ-

103 1054 147 1087 ζον
160 1055 175 1090 ἢ
195 1055 227 1081 σὺ
241 1053 368 1087 δύναται;
381 1052 541 1088 Συμεώνης,
557 1052 603 1078 τὸν
619 1052 725 1078 είπεῖν·
743 1051 894 1086 Συμεώνης

104 1100 218 1131 ἐκεῖνος,
234 1098 263 1130 ὃς
290 1098 319 1125 εὖ
337 1098 410 1133 μάλα
439 1097 626 1132 πρεσϐυτικὰς
644 1096 731 1123 πάλαι
758 1097 819 1123 ποθ’
845 1097 896 1124 ὑπ-

105 1146 190 1179 ανῆκε
207 1146 314 1180 χεῖρας,
326 1144 374 1171 καὶ
396 1143 689 1178 τεσσαρακονθήμιρον
698 1142 833 1177 ὑπανέσχε
848 1142 895 1168 τὸν

105 1193 157 1226 πρὸ
179 1191 233 1217 τῶν
262 1190 415 1226 ἀνθρώπων
439 1189 516 1216 Θεόν.
538 1189 608 1216 Ἀλλ’
623 1190 637 1215 ὁ
664 1189 723 1223 μὲν,
746 1189 816 1223 μετᾶ
844 1188 895 1222 τὴν

104 1239 255 1272 εἰσήγησιν,
280 1237 368 1263 ἀπιὼν
395 1236 494 1271 ᾤχετο.
523 1236 628 1269 Πέτρου
656 1235 683 1262 δὲ
708 1234 837 1269 παραυτὰ
851 1235 895 1261 τὸν

105 1283 187 1310 ὕπνον
212 1282 443 1317 ἁποσεισαμένου,
462 1282 547 1313 πολὺς
570 1282 616 1308 ἐπὶ
637 1281 724 1315 στόμα
748 1281 895 1315 Συμεώνης

104 1328 136 1364 ἦν
149 1337 156 1344 ·
173 1329 220 1355 καὶ
239 1328 310 1363 βοῶν
322 1328 373 1355 οὐκ
389 1327 503 1362 ἀνῆκεν,
519 1326 670 1353 ἀντιϐολῶν
683 1326 734 1352 οὐκ
751 1325 894 1357 ἐνέδωκεν,

107 1376 159 1406 ἕως
187 1374 299 1401 ἐπεισε-
316 1376 348 1410 τῇ
377 1373 432 1408 γὰρ
458 1373 590 1407 ὑστεραίᾳ⁸
608 1372 690 1398 πάλιν
714 1372 860 1405 ἐφίσταται
881 1372 895 1397 ό

105 1421 248 1452 Νικόλαος,
265 1420 312 1446 καὶ
333 1420 476 1446 ἀνατεῖναι
493 1419 563 1453 πρὸς
590 1417 737 1452 Συμεώνην
753 1417 895 1443 ἐπιτάττει

104 1467 153 1498 τὰς
169 1466 257 1501 ὄψεις.
278 1466 308 1492 '0
322 1465 350 1492 δὲ
375 1465 462 1500 ταχὺς
482 1462 725 1498 ἐπεστραμμένος,
749 1462 895 1498 ἐπιτερπὲς

941 938 1094 973 proﬁciam.

979 1006 1007 1035 8.
1024 1005 1184 1041 Opponente
1197 1011 1287 1034 autem
1304 1007 1383 1034 Petro
1399 1015 1405 1034 :
1421 1006 1539 1041 Ecquis.
1555 1006 1666 1038 amabo,
1682 1012 1733 1040 po-

944 1051 1045 1078 tentius
1056 1052 1183 1086 opitulari
1203 1059 1285 1086 quant
1303 1057 1343 1084 tu,
1357 1051 1463 1086 potest?
1479 1051 1602 1083 Simeon,
1616 1051 1653 1077 ait
1669 1058 1733 1078 san-

944 1103 1015 1125 ctus.
1035 1097 1165 1125 Videlicet
1181 1098 1232 1125 iste
1246 1097 1356 1125 Simcou
1372 1118 1380 1131 ,
1399 1098 1445 1132 qui
1468 1097 1566 1125 seniles
1588 1097 1733 1124 admodum

945 1144 1062 1172 lacertos
1077 1145 1141 1171 olim
1158 1144 1304 1179 aliquando
1326 1145 1453 1171 submisit
1466 1164 1473 1176 ,
1490 1144 1576 1179 iisque
1591 1144 1648 1171 dies
1663 1151 1734 1179 qua-

945 1189 1070 1224 draginta
1089 1195 1193 1221 natum,
1209 1190 1352 1223 eumdem,
1369 1190 1414 1224 qui
1432 1194 1496 1216 ante
1511 1191 1633 1218 conditos
1647 1190 1736 1218 homi-

946 1243 993 1263 nes
1007 1235 1134 1269 exsistit,
1159 1234 1244 1262 Deum
1264 1238 1395 1270 susceplt.
1424 1236 1456 1263 Et
1481 1237 1608 1264 Nieolans
1626 1237 1734 1271 quidem

946 1281 1022 1309 hisee
1045 1282 1126 1309 dictis
1152 1283 1281 1310 recedens
1309 1284 1431 1311 evanuit.
1460 1283 1555 1311 Petrus
1582 1292 1647 1312 vero
1673 1292 1736 1311 mox

946 1335 1061 1355 excusso
1073 1336 1170 1356 somno
1198 1328 1352 1357 Simeonem
1372 1330 1501 1364 frequens
1522 1338 1569 1357 ore
1597 1331 1735 1362 versabat,

946 1381 978 1400 ac
998 1374 1181 1402 indesinenter
1208 1376 1381 1407 inclamabat,
1409 1384 1458 1403 nec
1482 1377 1584 1403 instare
1609 1378 1734 1407 cessavit.

946 1419 1035 1446 donec
1062 1422 1132 1453 quod
1150 1422 1260 1455 petebat
1285 1422 1456 1456 impetraret.
1484 1421 1594 1448 Postera
1617 1430 1736 1456 namque

948 1466 991 1493 die
1009 1466 1097 1493 denuo
1114 1467 1138 1494 ei
1151 1472 1245 1494 astans
1265 1467 1404 1500 Nieulaus,
1421 1468 1560 1495 intendere
1591 1469 1616 1495 in
1633 1469 1737 1496 Simeo-

105 1497 156 1548 6ρᾷ
179 1497 268 1546 θέαμα
281 1520 288 1527 ·
305 1497 465 1546 σεμνὸν-δτι
491 1497 614 1545 μάλιστα
630 1510 678 1536 καὶ
695 1508 788 1536 πολιὸν
801 1497 895 1543 ἄνδρα,

950 1519 1009 1538 nem
1030 1511 1124 1540 oculos
1145 1513 1233 1547 jubet.
1250 1513 1310 1547 Ipse
1337 1521 1402 1540 vero
1427 1522 1488 1540 tttox
1516 1522 1549 1542 eo
1574 1522 1736 1548 conversus,

106 1560 176 1586 κατὰ
200 1559 230 1585 τὸ
248 1558 366 1585 παλαιὸν
395 1557 457 1589 ἔθος
482 1555 688 1591 ἁρχιερατικῶς
719 1555 897 1590 ἐσταλμένον,

106 1605 207 1641 χρυσοῦ
224 1613 253 1630 τε
271 1603 361 1639 ῥάϐδῳ
378 1603 500 1637 κοσμίως
517 1601 742 1637 ἐπερειδόμενον,
763 1603 809 1628 καὶ¹
829 1601 898 1636 πρὸς

106 1652 190 1678 αὑτὸν
208 1650 319 1685 ὲπίχαρί
340 1658 366 1676 τι
396 1652 443 1676 καὶ
459 1648 595 1683 προσηνὲς
618 1648 765 1683 ἐνορῶντα,
783 1648 829 1674 καὶ
850 1646 899 1680 τὴν

106 1698 206 1732 ἄφεσιν
227 1695 486 1730 εὐαγγελιζόμενον,
502 1695 582 1729 εἰπερ
611 1694 665 1729 ἄρα
690 1694 737 1720 καὶ
755 1693 805 1724 τὰς
832 1692 899 1728 πρὸς

105 1744 174 1770 Θεὸν
195 1743 333 1777 συνθήκας
348 1744 387 1773 εἰς
404 1742 484 1776 ἔργον
499 1742 615 1775 ἀγαγεῖν
636 1740 829 1776 προθυμεῖται.
845 1739 899 1765 Τοῦ

107 1791 136 1816 δὲ
155 1791 258 1824 Πέτρου
284 1789 452 1824 συνθεμένου
480 1787 645 1822 προθύμως,
664 1787 770 1816 ἐκεῖνος
791 1786 853 1812 ὅποι
868 1785 900 1820 δὴ

108 1836 234 1871 βούλοιτο
263 1835 383 1870 βαδίζειν
408 1834 496 1866 ἁδέως
521 1833 698 1868 ὑπαγορεύει,
717 1833 824 1865 ἐξιόντα
848 1832 900 1868 τῆς

107 1882 233 1917 εἱρκτῆς.
250 1882 303 1908 Ἰοῦ
325 1882 353 1908 δὲ
376 1881 421 1907 τὸν
439 1880 505 1916 περὶ
518 1880 581 1910 τοὺς
607 1879 690 1910 πόδας
705 1877 783 1910 αὖθις
797 1878 899 1904 ἐπιδει-

108 1930 224 1959 κνύντος
249 1928 359 1962 δεσμὸν,
388 1927 486 1954 καὶτὸ
512 1925 654 1960 ἐπίταγμα
682 1924 735 1950 τῶν
761 1924 901 1950 ἀδυνάτων

108 1974 181 2001 εἶναι
200 1974 404 2008 διατειιομένου
417 1972 605 2004 παντάπασιν,
622 1970 716 2006 ἡρέμα
731 1969 900 2004 μετεωρίσας

107 2023 122 2048 ό
147 2020 288 2054 Θεοδόχος,
319 2019 373 2054 τὴν,
395 2018 478 2045 καλὸν
508 2016 765 2051 ἀπαστράπτουσαν
793 2015 901 2050 εκείνην

109 2068 210 2103 ῥαὸδον
226 2067 297 2101 ἄκρᾳ
313 2065 402 2101 ταύτῃ
418 2064 501 2100 ψαύει
527 2063 583 2090 τῶν
598 2063 720 2097 δεσμῶν,
742 2063 788 2088 καὶ
809 2061 901 2096 χρυσῷ

107 2117 157 2141 τὸν
173 2114 282 2148 σίδηρον
304 2112 340 2144 ὡς
357 2112 480 2147 ἀράχνης
496 2110 546 2146 (ὥς
568 2109 662 2145 φασιν)
685 2109 770 2140 ἰστὸν,
784 2109 901 2143 ἀπονητὶ

948 1558 1097 1593 jucundum
1115 1560 1289 1594 conspicatur
1316 1561 1499 1594 spectaculum
1510 1581 1517 1593 ,
1534 1570 1628 1596 nempe
1643 1570 1736 1590 senem

950 1613 1031 1639 quant
1052 1607 1169 1633 maxime
1185 1607 1371 1634 venerandum
1388 1613 1414 1634 ct
1436 1616 1534 1635 eanttttt
1547 1628 1554 1640 ,
1570 1609 1657 1635 instar
1673 1616 1738 1643 pon-

952 1652 1031 1695 tiﬁcis
1047 1659 1122 1680 more
1144 1654 1316 1687 antiquorum
1343 1656 1488 1685 vestitum,
1504 1662 1585 1682 aureo
1611 1655 1738 1682 decenter

951 1699 1113 1726 innitentem
1132 1699 1240 1731 baculo,
1253 1701 1279 1727 in
1297 1701 1443 1735 ipsumque
1460 1701 1581 1736 gratioso
1594 1709 1624 1728 ac
1635 1701 1736 1729 blando

951 1746 1028 1773 vultu
1047 1746 1208 1778 intuentem,
1222 1755 1254 1774 :tc
1280 1748 1450 1774 nuntiantem
1465 1768 1472 1779 .
1491 1748 1549 1774 fore
1570 1753 1600 1774 ttt
1616 1748 1689 1775 brevi
1704 1748 1739 1774 li-

952 1792 1084 1819 bertatem
1101 1799 1287 1827 consequatur
1300 1813 1308 1825 ,
1325 1793 1471 1821 dummodo
1486 1801 1545 1827 quae
1560 1793 1613 1820 Deo
1627 1799 1739 1821 voverat

951 1843 1076 1871 prompto
1092 1838 1182 1864 aninto
1197 1837 1290 1864 eﬂ'ecta
1319 1838 1396 1864 daret
1413 1847 1419 1864 :
1438 1843 1465 1865 et
1483 1839 1694 1872 promptissime.
1710 1846 1740 1866 se

951 1882 1090 1914 daturum,
1109 1883 1241 1908 annttenti
1274 1882 1354 1909 Petro
1381 1883 1501 1909 suaviter
1525 1883 1650 1917 intperat,
1671 1891 1739 1918 quo-

952 1936 1069 1963 cumque
1085 1928 1159 1959 velit,
1173 1935 1284 1955 carcere
1299 1936 1426 1962 egressus
1440 1929 1530 1955 abeat.
1551 1929 1674 1963 Cumque
1695 1930 1740 1956 ille

952 1976 1053 2004 denuo,
1080 1974 1179 2008 quibus
1207 1974 1315 2000 vinctus
1337 1979 1413 2006 erat,
1439 1978 1550 2000 catenas
1574 1980 1739 2006 monstrans,

953 2020 1024 2054 quod
1051 2020 1199 2054 jubebatur
1215 2020 1273 2047 ﬁeri
1297 2020 1410 2047 omnino
1424 2028 1478 2047 tton
1497 2028 1588 2054 p05se,
1614 2023 1738 2052 tltceret;

953 2073 1075 2098 sanctus,
1097 2067 1142 2093 Dei
1161 2066 1280 2093 hominis
1306 2071 1466 2100 susceptor,
1491 2065 1619 2099 Simeon,
1644 2067 1741 2093 leuiter

953 2113 1078 2141 attollens
1094 2121 1174 2146 quem
1194 2113 1304 2140 tenebat
1318 2113 1430 2148 pulchre
1443 2113 1589 2139 radiantettt
1603 2113 1738 2145 baculum,

107 2160 268 2193 διατέμνει·
287 2158 334 2185 καὶ
354 2159 369 2184 ό
385 2157 487 2191 Πέτρος
513 2156 606 2187 εὐθὺς,
624 2156 674 2190 οὐχ
696 2155 770 2186 ὅπως
784 2155 839 2181 τῶν
852 2163 895 2180 τιε-

953 2164 1076 2185 extremo
1099 2157 1158 2192 ejus
1187 2158 1320 2192 contingit
1334 2157 1458 2190 vincula;
1481 2162 1508 2184 et
1531 2164 1599 2184 auro
1624 2157 1739 2187 ferrum.

107 2207 166 2233 δῶν
187 2205 311 2236 ἐκείνων,
324 2203 392 2231 ἀλλὰ
409 2204 457 2230 καὶ
477 2202 579 2231 παντὸς
593 2202 673 2234 ἐκτὸς
689 2201 901 2236 περιτειχίσμα-

107 2261 156 2284 τος
175 2251 207 2286 (ὣ
232 2251 279 2277 τοῦ
303 2249 443 2284 θαύματος
454 2249 473 2285 ί)
493 2249 522 2275 ὲν
541 2245 641 2283 ἀκαρεῖ
664 2247 763 2283 χρόνου
783 2247 900 2281 γίνεται,

110 2300 162 2326 καὶ
176 2298 310 2326 Νικόλαον
326 2297 409 2333 μόνον
439 2295 731 2332 συμπαρομαρτοῦντά
753 2294 777 2320 οἱ
792 2293 897 2329 βλέπει,

108 2347 162 2372 καὶ
191 2344 322 2371 πείθοντα
353 2342 451 2379 μηκέτ’
476 2341 556 2377 ὃναρ,
571 2341 629 2368 ἀλλ’
658 2340 733 2376 ὕπαρ
757 2339 826 2367 εἶναι
848 2340 898 2375 τὴν

107 2392 263 2426 δεδομένην
279 2389 454 2425 ἐλευθερίαν·
473 2389 541 2424 πρὸς
559 2388 588 2414 δὲ
611 2388 660 2414 καὶ
684 2388 767 2422 πόρον
782 2386 898 2421 ἐφοδίων

108 2437 323 2468 ὑποδεικνύντα,
339 2436 429 2471 κῆπον
450 2436 482 2470 δὴ
508 2443 570 2462 τινα
596 2433 749 2461 πολυειδέσι
770 2432 903 2466 τεθηλότα

107 2486 248 2520 δένδροις,
272 2485 319 2511 καὶ
350 2482 459 2514 πολλοῖς
490 2482 546 2508 τῶν
579 2481 720 2514 ἐδωδίμων
751 2479 903 2515 βρίθουσιν.

115 2532 166 2558 Ἐν
178 2531 296 2561 τούτοις,
313 2530 328 2556 ό
354 2529 403 2564 μὲν
428 2527 511 2562 συλᾷν
527 2526 742 2561 εὐλαϐούμενος,
756 2524 810 2551 οὐδ’
826 2524 905 2558 ἄκρῳ

108 2577 251 2611 δακτύλῳ,
266 2577 295 2602 τὺ
320 2575 368 2602 τοῦ
397 2574 490 2608 λόγου,
505 2572 604 2608 ψαύειν
626 2572 679 2598 τῶν
706 2571 821 2606 καρπῶν
834 2570 906 2596 ὲκεί-

111 2633 172 2650 νων
187 2623 323 2658 ἠνείχετο.
338 2621 472 2650 Νικόλαος
493 2619 521 2645 δὲ
544 2617 640 2644 τοῦτον
662 2615 739 2649 αὖθις
762 2615 904 2652 θαρρύνει,

111 2670 165 2697 καὶ
188 2668 275 2700 ἀδεῶς
299 2667 474 2702 ἐγκε)εὐεται
500 2664 650 2700 δρέπεσθαι
664 2671 671 2677 ’
684 2661 733 2690 εἰτ’
753 2662 905 2697 ἐξενεγκὼν

111 2717 164 2743 ἐπὶ
186 2716 235 2751 τὴν
263 2714 344 2749 φίλην
368 2712 536 2747 δ’ἀπορίαν,
551 2712 597 2737 καὶ
623 2711 677 2737 τῶν
705 2709 905 2744 ὑπεσχημένων

113 2762 281 2795 ὑπομνήσας
299 2759 422 2788 ἐκείνων,
438 2758 469 2790 ἐξ
492 2755 640 2790 όφυαλμῶν
661 2755 766 2789 γίνεται
787 2753 834 2780 τοῦ
858 2755 905 2779 ἀν-

111 2808 194 2842 ὂρὲις,
224 2808 270 2832 καὶ
293 2804 436 2832 ἀπολιπὼν
462 2803 536 2836 εδοξε
563 2801 669 2835 τοῦτον,
689 2801 742 2828 κᾶν
766 2801 904 2836 ἀοράτως,

112 2857 161 2880 αεὶ
178 2853 275 2887 συνῇν.

286 2902 419 2931 l’nnoe.
445 2900 502 2928 Gtt.
527 2898 574 2927 CL
583 2917 592 2926 .

956 2204 1182 2239 quemadmodum
1198 2203 1290 2230 aranei
1307 2203 1481 2238 telamgquod
1496 2202 1549 2230 dici
1562 2202 1650 2235 solet,
1666 2203 1741 2229 nullo

955 2251 1064 2284 negotio
1087 2250 1226 2277 dissecat:
1250 2255 1277 2277 et
1302 2250 1431 2277 continuo
1455 2249 1570 2282 Petrus,
1590 2257 1640 2276 non
1660 2249 1740 2276 modo

953 2296 1071 2324 vinculis
1086 2295 1218 2327 solutum,
1234 2296 1280 2323 sed
1296 2295 1377 2323 etiam
1393 2302 1468 2322 extra
1484 2300 1561 2330 septa
1577 2294 1603 2330 (ο
1619 2296 1739 2323 miracu—

952 2342 1045 2378 lum!)
1061 2346 1199 2369 momento
1224 2341 1355 2375 temporis
1372 2341 1450 2375 plane
1472 2340 1598 2367 eductum
1615 2348 1644 2367 se
1658 2340 1743 2366 mira-

954 2395 1009 2421 tur,
1024 2387 1167 2422 solutnque
1186 2387 1258 2414 videt
1272 2386 1416 2414 Nicolaum
1432 2387 1484 2413 sibi
1498 2387 1624 2413 comitem
1635 2387 1740 2418 adesse.

954 2442 987 2462 ac
1006 2433 1086 2462 facile
1095 2433 1317 2467 persuadentem,
1328 2441 1380 2460 tton
1396 2433 1453 2465 jam
1470 2439 1517 2466 per
1531 2432 1679 2462 somnium,
1691 2432 1740 2459 sed

955 2479 1043 2513 reipsa
1053 2485 1212 2506 concessam
1224 2485 1285 2505 esse
1298 2477 1463 2504 libertatem.
1481 2477 1520 2507 Ad
1532 2477 1588 2503 [nec
1597 2477 1678 2503 etiam
1691 2475 1743 2503 iter

956 2525 980 2551 ei
994 2524 1113 2552 ostendit
1136 2528 1339 2558 opportunum,
1367 2522 1519 2557 pomarium
1546 2522 1649 2548 scilicet
1673 2520 1741 2546 varii

957 2569 1065 2605 generis
1080 2569 1224 2596 arboribus
1238 2589 1245 2600 ,
1264 2568 1391 2602 interque
1410 2575 1457 2595 eas
1478 2567 1589 2599 multis,
1612 2565 1668 2592 esui
1690 2565 1741 2591 lut-

960 2623 1041 2644 ntano
1056 2620 1133 2650 aptos
1144 2615 1248 2642 fruetus
1266 2613 1426 2647 ferentibus,
1444 2613 1589 2641 consitmn.
1603 2611 1656 2639 Sed
1673 2612 1744 2638 inter

961 2661 1018 2688 luet:
1031 2664 1121 2688 omnia
1145 2659 1241 2687 Petrus
1267 2668 1320 2687 non
1347 2660 1426 2687 modo
1439 2662 1584 2693 decerpere
1607 2657 1745 2692 quidpiam

960 2708 1069 2734 illorum
1086 2708 1240 2738 verebatur,
1259 2707 1304 2733 sed
1331 2715 1364 2733 ne
1390 2711 1512 2733 extremo
1528 2705 1636 2739 quidem
1649 2725 1656 2737 ,
1672 2705 1743 2737 quod

961 2753 1047 2785 aiunt,
1064 2751 1147 2786 digito
1162 2751 1266 2778 fructus
1282 2751 1342 2779 illos
1355 2752 1513 2786 contingere
1526 2749 1745 2778 audebat.Nico-

962 2800 1022 2826 laus
1036 2805 1100 2825 vero
1113 2797 1217 2824 anitnos
1236 2797 1259 2824 ei
1274 2798 1363 2825 denuo
1375 2798 1476 2824 addens
1497 2797 1587 2831 posito
1606 2801 1675 2823 metu
1687 2802 1749 2821 car-

965 2853 1029 2879 pere
1044 2844 1150 2872 frnctus
1173 2844 1311 2878 imperat;
1327 2849 1382 2872 tum
1407 2845 1439 2871 ad
1455 2844 1637 2872 desideratam
1662 2843 1748 2877 ipsum

1501 2894 1541 2925 32
