1949 3069
107 137 175 169 ifllg

667 147 756 176 VlTA
771 147 802 177 S.
821 147 936 178 PETRI
953 149 1166 182 ΑΤΗΟΝΙΤΛΕ.

1662 153 1732 186 ιοιο

104 194 221 226 ἑχόντων
238 203 267 220 τε
284 195 329 221 καὶ
343 195 553 230 διανοουμένων,
568 198 600 224 ἐκ
616 199 662 225 τοῦ
682 200 887 235 ἀπροσδοκήτου

943 212 995 239 que
1010 205 1161 234 adlaturum
1178 207 1291 235 fideliter
1304 209 1458 242 sperabant.
1482 209 1576 237 Verum
1595 210 1683 238 taliter
1695 211 1729 238 iis

103 240 289 272 παντάπασιν,
318 241 357 267 ἐτ’
384 241 460 275 δντος
490 243 536 270 τοῦ
567 244 724 279 πνεύματος
744 247 890 282 ὲπιφᾶρου,

104 285 153 311 καὶ
173 285 302 321 λαμπροῦ
325 287 396 314 κατὰ
428 288 558 324 πρύμναν
582 291 813 326 προσϐάλλοντος,
844 293 893 320 τοῦ

103 330 198 365 πρόσω
223 332 383 366 προϐαίνειν
409 334 424 368 ἡ
450 334 517 366 ναῦς
541 336 662 370 ἀφεῖται,
689 340 737 366 καὶ
763 338 893 373 ἀκίνητος

104 376 195 411 ἔμενε.
212 377 304 404 Πάντα
326 379 355 405 δὲ
371 379 466 406 κάλων
483 382 598 409 ἐκείνων
614 383 772 416 κινούντων,
786 384 825 417 ὡς
844 386 893 412 καὶ

104 423 121 456 ἡ
145 423 280 457 παροιμία
298 424 374 459 φησὶ,
399 426 433 452 τὰ
451 426 502 461 τῆς
521 428 665 463 ἀκινησίας
687 430 814 465 οὐδαμῶς
835 431 893 458 ἑνε-

103 467 187 496 δίδου.
207 469 262 496 Καὶ
277 469 309 506 δὴ
328 470 382 497 τῶν
408 473 513 499 ναυτῶν
535 474 764 511 ὲξηπορημένων,
780 476 828 504 καὶ
848 485 893 511 μμ

104 513 171 549 κροῦ
195 514 247 550 τῆς
269 516 330 551 ῐσης
351 519 541 554 μετασχόντων
567 521 724 556 ἀκινησίας,
741 522 820 550 τοῦτο
843 523 892 558 μὲν

104 560 149 586 ὑπ’
173 561 341 596 ἐκπλήξεως,
360 561 440 589 τοῦτο
461 564 490 590 δὲ
511 565 558 591 καὶ
575 566 629 593 ἀπὸ
650 567 698 594 τοῦ
717 567 802 603 μηδὲν
820 568 893 603 ἔχειν

105 606 248 640 πράττειν.
265 607 358 639 οὕτως
369 609 401 635 ix
421 610 506 637 τόπου
526 611 575 638 τοῦ
590 613 755 648 πράγματος
776 614 862 648 ὄντος,
877 615 893 641 ὁ

105 651 176 683 θεῖος
194 653 296 689 Πέτρος
310 655 360 689 τῆς
378 655 492 691 ἡσυχίου
513 656 649 692 καθέδρας
663 659 828 692 ἐξαναστὰς,
844 660 892 687 κα)⁴

104 697 350 733 περιϐλεψάμενος,
367 700 398 726 τὸ
414 701 461 727 τοῦ
477 701 690 738 διαφαινομένου
710 704 790 740 ὅρους
805 705 891 741 ὄνομα

103 742 211 779 ἐρωτᾷθ
227 744 242 771 ὁ
255 744 288 776 δὴ
302 745 349 772 τὸν
365 746 440 773 ’Ἄθω
460 748 612 784 πυθόμενος
638 748 719 783 εἶναι,
737 751 838 786 συνῆκέ
862 761 891 778 τε

106 790 153 815 καὶ
170 791 341 825 ἀπαγγέλλει
365 791 395 818 τὸ
420 793 536 828 κατέχον
555 794 663 830 ἀτρεμῆ
680 796 730 831 τὴν
751 796 827 824 ναῦν,
848 797 892 823 'Ev

102 836 200 870 τούτῳ,
217 837 310 872 φησὶν,
331 838 371 866 ἔνι
385 839 424 875 τῷ
437 839 496 874 Θεῷ
511 840 677 877 βουλομένῳ,
694 843 742 869 τὸν
752 843 891 870 ὕπόλυπον

102 881 228 909 διανῦσαί
250 891 284 918 με
304 884 380 919 βίον·
406 886 454 911 καὶ
476 885 516 921 τῷ
541 887 595 914 τῶν
610 888 712 914 οἰάκων
729 889 888 920 ὲπικαθεζο-
907 883 928 912 Β

104 928 188 963 μένῳ,
201 929 250 964 τῆς
265 930 317 965 γῆς
335 930 416 962 εὐθὺς
430 932 499 967 πρὸς
519 934 549 960 τὺ
569 933 709 969 εὐώνυμον
726 935 813 962 ῐθῦναι
839 936 889 970 τὴν

101 973 168 1001 ναῦν
194 975 386 1009 ἐγκελεύεται·
403 977 450 1003 καὶ
473 977 513 1011 ὃς,
538 977 576 1010 ὡς
604 979 681 1006 οὐδὲν
707 979 843 1015 μελλήσας
860 979 890 1006 τὴ

104 1020 251 1048 κελευσθὲν
267 1022 376 1057 ἤνυσεν,
394 1024 411 1059 ἡ
428 1024 492 1056 ναῦς
504 1024 559 1051 τῶν
570 1024 678 1060 δεσμῶν
691 1026 808 1059 ἀνεῖται,
820 1025 890 1053 κάπὶ

101 1066 130 1093 te
141 1066 284 1102 εὐκίνητον
296 1068 398 1101 εὐθέως
415 1070 488 1105 μάλα
505 1071 664 1105 μετέϐαλεν.

137 1160 182 1189 ις’.
201 1155 266 1192 Ἆρ’
280 1158 330 1185 οὒκ
347 1158 479 1194 ἔκπληξις
499 1160 546 1186 ἐπὶ
568 1160 676 1193 τούτοις
703 1161 787 1188 πᾶσιν
814 1161 890 1196 ἐγγί-

100 1212 189 1235 νλταη
218 1204 280 1235 Πῶς
302 1206 318 1239 ὴ
345 1205 470 1241 πλώϊμος
500 1206 593 1241 φύσις,
622 1207 639 1241 ἠ
667 1207 717 1242 τῆς
750 1207 888 1242 θαλάττης

99 1248 276 1283 εὶδιάρῤυτος
295 1249 406 1284 ἰδιότης,
421 1251 468 1276 ποῖ
481 1251 532 1285 μὲν
547 1251 686 1287 ὑποχωρεῖ
700 1253 748 1279 κα)⁵
767 1252 887 1288 πάροδον

100 1295 188 1321 δέδωςι
203 1296 235 1329 τῇ
249 1294 304 1329 νηῒ,
318 1296 352 1330 τῇ
369 1295 507 1332 προσϐολῇ
519 1297 573 1324 τῶν
589 1298 755 1333 πνευμάτων
775 1299 887 1325 ἐλαυνο-

100 1341 190 1375 μὲνῃο
215 1341 262 1367 ποῖ
283 1341 306 1367 δ’
333 1342 512 1378 ἀρνησαμένη
542 1343 592 1379 τὴν
623 1344 716 1378 φύσιν,
740 1344 788 1379 τὴν
813 1345 887 1371 ἀντι-

101 1384 199 1410 τυπίαν
224 1385 439 1419 μεταλαμϐάνει,
456 1387 503 1413 καὶ
520 1389 619 1422 χέρσου
643 1388 722 1422 δίκην
736 1389 781 1415 ἐπὶ
794 1389 886 1424 χώραν

99 1431 288 1465 παρακατέχει
307 1432 357 1466 τὴν
374 1431 456 1465 ναῦν;
479 1433 542 1465 Πῶς
567 1433 595 1460 δὲ
621 1434 669 1460 καὶ
688 1434 718 1461 τὸ
742 1436 788 1461 τοῦ
807 1435 887 1462 πνεύ-

99 1484 184 1510 ματος
211 1477 370 1513 εὐδιάχυτον
397 1479 426 1504 ὲν
456 1479 536 1515 μέρει
564 1479 749 1512 συστέλλεται,
772 1480 817 1507 καὶ
848 1481 885 1516 μὴ

945 252 1072 279 animatis
1099 257 1126 280 et
1149 254 1347 288 cogitantibus,
1370 263 1433 282 ecce
1453 263 1502 283 nec
1520 256 1630 291 opinato
1647 257 1727 291 plane

945 303 1052 331 eventu,
1073 301 1192 327 secundo
1205 300 1285 327 etiam
1298 306 1490 335 perseverante
1509 306 1589 329 vento
1604 306 1632 329 et
1648 302 1730 330 velle-

944 349 1051 372 menter
1075 337 1112 372 in.
1132 346 1238 381 puppim
1271 346 1454 380 incumbente,
1483 349 1564 375 desiit
1590 348 1727 383 navigium

944 396 1027 424 porro
1056 391 1191 425 progredi,
1217 395 1245 419 et
1268 391 1406 420 immobile
1430 394 1455 420 in
1482 393 1542 420 loco
1562 395 1728 428 stctit.lpsis

945 442 1034 464 autem
1051 443 1171 470 omnem,
1181 438 1253 473 quod
1267 439 1377 472 dicitur,
1389 440 1530 467 rudentem
1546 441 1727 473 nmvenlibus,

944 482 1010 510 nihil
1025 483 1170 517 quidquam
1188 484 1339 518 profectum
1356 490 1415 518 cst;
1438 491 1526 513 nauta:
1543 494 1606 513 vero
1627 487 1728 514 utentis

944 528 1049 563 inpes,
1065 529 1122 562 pari
1138 529 1195 557 fere
1216 538 1276 558 cum
1295 532 1356 558 navi
1373 532 1562 559 immobilitatc
1579 532 1726 563 bmrebant,

944 574 1041 608 partim
1058 583 1112 610 prae
1128 582 1239 610 stupore
1254 576 1336 603 animi
1351 596 1358 608 ,
1387 577 1485 611 partim
1503 577 1574 612 quod
1591 578 1728 605 nescirent

943 620 1007 655 quid
1037 621 1144 648 consilii
1172 626 1312 655 caperent.
1326 623 1392 649 Cum
1423 623 1481 650 loco
1506 628 1562 651 tam
1585 624 1655 651 malo
1683 631 1727 650 res

943 670 1025 698 esset,
1052 666 1161 694 divinus
1190 666 1286 694 Petrus
1312 675 1326 694 e
1343 667 1407 695 sede
1423 668 1468 695 ubi
1493 669 1651 703 quieseeliat
1666 676 1727 695 sur-

942 720 1020 748 gens,
1047 712 1193 749 oeuloeqne
1223 713 1436 746 circumferens,
1467 714 1567 742 montis
1596 714 1640 748 qui
1660 714 1727 742 forte

943 761 993 788 sub
1005 765 1142 795 aspectum
1170 760 1304 794 cadebat‘,
1322 762 1479 789 sciscitatur
1503 769 1600 789 nomen
1619 770 1625 788 :
1647 769 1726 796 quem

944 807 988 834 ubi
1008 807 1110 834 Athum
1127 807 1257 842 appellari
1276 807 1382 839 didicit.
1399 808 1479 835 simul
1493 807 1627 834 intellexit
1645 812 1726 841 atque

943 853 1010 880 alios
1023 852 1115 880 docuit
1126 859 1247 884 oausam,
1262 860 1312 880 cur
1329 853 1364 880 ita
1382 853 1495 880 moveri
1509 854 1599 880 nescia
1634 853 1727 880 consi-

942 901 1028 926 steret
1058 895 1145 924 navis.
1159 896 1187 923 in
1211 897 1306 930 hocce,
1326 897 1427 932 inquit,
1445 900 1537 924 monte
1552 897 1606 924 Deo
1619 897 1729 925 volente

943 943 1077 978 reliquum
1095 950 1161 969 mea:
1175 942 1237 969 vitre
1252 942 1452 977 transigendum
1467 942 1532 970 milii
1547 948 1588 970 est
1603 951 1610 969 :
1628 947 1654 969 et
1668 943 1727 970 cla-

942 996 1002 1015 vum
1017 987 1119 1015 tenenti
1135 988 1259 1022 imperat,
1269 993 1297 1015 ut
1311 988 1498 1016 sinistrorsum
1518 988 1607 1015 navim
1622 989 1654 1015 ad
1672 993 1726 1016 ter-

941 1043 998 1062 ram
1015 1040 1086 1062 recta
1103 1035 1203 1068 dirigat
1221 1043 1228 1062 :
1246 1034 1316 1069 quod
1331 1035 1375 1062 ubi
1389 1035 1422 1066 is,
1440 1034 1505 1061 nihil
1518 1039 1670 1065 cunctatus,
1686 1035 1728 1061 rf-

941 1079 1039 1106 fectum
1061 1079 1145 1111 dedit,
1162 1079 1234 1106 illico
1250 1079 1342 1112 navis,
1358 1079 1454 1107 solutis
1470 1079 1584 1107 vinculis
1599 1079 1726 1107 facillime

940 1130 969 1152 ut
981 1125 1057 1160 prius
1072 1125 1174 1152 moveri
1185 1125 1281 1160 cmpit.

977 1171 1019 1197 t6.
1050 1170 1147 1197 Nonne
1173 1170 1235 1197 hinc
1260 1169 1405 1197 admiratio
1432 1169 1538 1198 cunctis
1568 1170 1727 1198 vectoribus

939 1217 1048 1243 suborta
1076 1215 1177 1250 fuerit;
1194 1223 1247 1250 quo
1272 1220 1350 1251 pacto
1373 1217 1524 1253 navigabile
1550 1217 1725 1249 elementum,

940 1262 1020 1289 ﬂuida
1034 1262 1116 1289 maris
1130 1263 1297 1297 proprietas,
1310 1263 1389 1291 modo
1402 1263 1480 1291 cedat
1492 1263 1598 1298 iterque
1609 1264 1726 1298 przcbeat

939 1308 1012 1340 navi,
1035 1308 1134 1342 impetu
1153 1313 1294 1336 ventorum
1318 1309 1456 1345 impulste:
1488 1313 1568 1339 modo
1598 1317 1722 1340 naturam

938 1354 1139 1388 quodammodo
1153 1362 1229 1381 suam
1247 1361 1341 1388 exuta,
1358 1358 1524 1384 contrariam
1546 1363 1678 1391 assumat,
1694 1367 1726 1386 ae

939 1405 1017 1427 terrae
1035 1400 1120 1427 instar
1137 1400 1241 1427 ailiram
1270 1402 1360 1442 navim
1389 1403 1557 1430 eodemloco
1581 1404 1729 1432 detineat?

937 1446 996 1479 Quo
1011 1452 1089 1481 pacto
1106 1447 1169 1474 item
1182 1447 1348 1475 llnidissimze
1363 1453 1466 1476 natura:
1483 1455 1580 1477 ventus
1595 1456 1672 1485 parte
1683 1452 1725 1478 sui

939 1493 1126 1524 contrahatur,
1144 1498 1175 1518 ac
1190 1492 1280 1518 navim
1307 1493 1452 1520 manifesto
1479 1494 1580 1529 impetu
1606 1503 1656 1522 suo
1672 1503 1725 1522 non

99 1522 268 1556 συναρπάζει
304 1523 408 1559 ταύτην
438 1525 477 1560 τῷ
515 1527 662 1561 περιφανεῖ
694 1527 742 1562 τῆς
776 1527 883 1562 ῥύμης,

940 1537 1066 1573 abripiat,
1088 1537 1162 1565 nullo
1185 1538 1238 1572 ipsi
1261 1537 1393 1566 validiore
1416 1522 1533 1575 corpore
1551 1540 1724 1574 obsistente;

101 1569 214 1601 μηδενὸς
228 1569 442 1606 ὲπιτειχίζοντος
470 1571 653 1607 σφοδροτέρου
671 1572 818 1607 σώματος;
840 1573 885 1608 Τῷ

102 1615 152 1649 γὰρ
169 1614 302 1650 εὐκινήτῳ
323 1616 377 1643 τῶν
401 1617 507 1643 ὑδάτων
532 1619 562 1644 τὸ
587 1619 697 1653 πνεῦμα
715 1619 883 1648 πλεονεκτεῖ.

99 1662 153 1687 Καὶ
166 1661 214 1687 τοῦ
231 1662 350 1696 φανῆναι
378 1663 427 1697 τὴν
448 1663 477 1689 ἐν
493 1663 531 1698 τῷ
548 1663 668 1698 πυθμένι
683 1665 733 1700 τῆς
749 1665 885 1701 θαλάττης

98 1708 212 1742 ἧπειρον
241 1707 344 1742 ταύτης
375 1709 537 1744 διαστάσης,
569 1709 599 1737 τὸ
629 1710 768 1747 θαλάττης
801 1712 886 1747 ρυτὴν

99 1754 270 1788 ὲπιῳάνειαν,
289 1755 448 1790 στερέμνιον
473 1756 523 1783 ὃσα
540 1758 587 1783 καὶ
604 1757 718 1793 ἤπειρον
745 1759 883 1792 γενέσθαι,

98 1799 238 1832 θαύματος
249 1800 299 1826 οὐκ
316 1800 419 1827 ἐλάττω
437 1801 550 1837 φέρεται
566 1802 644 1834 δόξαν
658 1811 663 1819 ι
678 1804 778 1830 οὺκοῦν
796 1813 885 1839 προσ-

97 1844 189 1871 θετέον
214 1845 293 1872 τοῦτο
318 1847 375 1878 τοῖς
398 1847 524 1880 παλαιοῖς
553 1848 736 1884 θαυμασίοις,
773 1851 821 1877 καὶ
845 1851 886 1877 δι-

97 1892 217 1925 ηγητέον
231 1892 279 1927 οὐχ
297 1890 379 1928 ἦττον
397 1894 523 1927 ἐκείνων,
537 1895 584 1921 καὶ
594 1895 730 1930 ύμνητέον
740 1897 786 1923 ἐπὶ
799 1897 886 1933 τούτῳ

97 1938 174 1970 Θεὸν,
188 1935 209 1972 ᾧ
237 1938 319 1973 μηδὲν
342 1935 380 1966 ὧν
399 1939 433 1966 ἂν
457 1940 590 1976 βούλοιτο,
608 1941 638 1968 τὸ
661 1942 795 1977 παράπαν
818 1944 884 1978 ἀνή-

97 1993 187 2012 νυτον.

135 2031 177 2062 ιζ’.
204 2031 273 2057 Ἀλλ’
287 2030 373 2063 οὕτως
390 2032 404 2057 ὁ
420 2031 458 2065 τῷ
474 2031 570 2067 Πέτρῳ
592 2032 733 2067 σύμπλους
743 2033 838 2067 ὅμιλος
851 2035 884 2070 τῇ

97 2078 132 2110 γῇ
151 2076 403 2109 προσπελάσαντες,
418 2076 487 2108 πρὸς
510 2078 560 2111 τὴν
584 2077 728 2113 ὑπώρειαν
750 2079 885 2106 ἀποϐιϐά-

96 2123 190 2154 ζουσιν
207 2123 258 2149 οὐκ
272 2122 407 2157 ἀδακρυτὶ
430 2124 477 2150 τὸν
494 2123 610 2156 γεννάδα
621 2132 628 2139 ·
644 2124 673 2155 ὃς
691 2125 739 2151 καὶ
755 2125 886 2153 ἀνέλαϐεν

96 2169 148 2204 ἤδη
170 2169 421 2200 καταπεπτωκότας
435 2170 480 2196 ὑπ’
503 2170 598 2201 ἀνοίας
616 2170 727 2202 αὐτοὺς,
745 2172 886 2206 προειπὼν

936 1588 1033 1612 ventus
1047 1584 1118 1611 enim
1133 1583 1266 1612 facilitate
1285 1588 1374 1612 motus
1385 1591 1483 1620 aquam
1514 1588 1658 1615 antecedit.
1677 1586 1728 1615 Ne-

935 1637 989 1664 que
1015 1636 1079 1656 vero
1110 1629 1223 1656 minoris
1250 1628 1373 1656 miraculi
1400 1631 1514 1664 gloriam
1539 1631 1632 1664 habet,
1654 1633 1726 1667 quod

935 1675 1018 1703 ftnida
1031 1676 1114 1702 maris
1130 1675 1299 1709 superﬁcies,
1326 1676 1358 1702 lir
1366 1683 1408 1702 ma
1423 1677 1546 1704 adinstar
1561 1678 1728 1705 continentis

935 1721 1007 1749 facta
1023 1721 1076 1754 sit;
1091 1729 1171 1756 quam
1187 1721 1258 1755 quod
1274 1721 1371 1748 divisis
1386 1722 1476 1757 aquis,
1497 1723 1524 1749 in
1537 1722 1621 1750 fnmlo
1633 1724 1726 1757 maris,

936 1768 1078 1796 continens
1096 1767 1252 1802 apparuerit
1268 1768 1426 1802 aliquando.
1446 1769 1628 1802 Quamobrem
1644 1771 1728 1798 hocce

936 1815 1018 1842 etiam
1031 1814 1149 1848 antiquis
1163 1814 1411 1845 annumeraudum,
1425 1822 1474 1841 nec
1488 1815 1576 1842 minus
1591 1824 1673 1849 quam
1684 1817 1726 1843 illa

936 1861 1127 1895 divulgandum
1147 1860 1222 1887 venit
1240 1859 1421 1887 miraculum:
1441 1861 1566 1894 incoque
1582 1862 1663 1894 Deus,
1681 1865 1726 1897 qui

937 1906 1068 1941 quidquid
1082 1905 1193 1933 libuerit
1205 1909 1260 1932 tam
1279 1905 1356 1933 facile
1376 1907 1493 1941 perﬁcit,
1507 1907 1611 1935 laudari
1627 1909 1722 1944 praeci-

938 1959 989 1987 pue
1003 1952 1095 1979 debet.

973 2037 1018 2064 l7.
1034 2036 1125 2072 Itaque
1144 2037 1189 2072 qui
1205 2045 1268 2064 ctnn
1292 2037 1375 2066 Petro
1396 2037 1561 2073 navigabant
1587 2043 1724 2072 vectores,

937 2084 998 2111 navi
1017 2088 1096 2111 terra:
1108 2083 1229 2115 admota,
1246 2083 1279 2110 ad
1305 2083 1423 2110 radicem
1445 2084 1548 2111 montis
1561 2092 1724 2120 generosum

938 2130 1024 2157 virmu
1042 2137 1096 2157 non
1119 2130 1177 2157 sine
1200 2129 1331 2165 lacrymis
1351 2129 1514 2158 dimiserunt
1534 2139 1541 2158 :
1562 2138 1631 2165 quos
1658 2132 1725 2166 ipse,

939 2184 994 2212 pra!
1007 2175 1119 2203 tristitia
1128 2175 1228 2202 animis
1240 2175 1534 2208 concidrntesdulande
1544 2177 1632 2204 erexit
1642 2187 1649 2211 ;
1660 2185 1727 2212 pra:-

97 2216 190 2246 αὑτοῐς
205 2215 251 2241 τόν
277 2223 307 2241 τι
325 2215 410 2242 πλοῦν
436 2216 590 2248 ἀκίνδυνον,
611 2217 659 2243 καὶ
677 2217 727 2252 τὴν
754 2218 885 2253 πρόθεσιν

940 2223 1033 2250 dicens
1052 2221 1109 2249 fore
1137 2227 1166 2249 ut
1187 2222 1362 2256 impostcrnm
1379 2229 1474 2250 secure
1488 2223 1627 2259 navigem,
1647 2229 1727 2259 atque

96 2260 231 2295 ἀνύσιμον
255 2260 339 2293 ἕξειν.
358 2261 388 2288 Oi
417 2262 466 2296 μὲν
490 2262 538 2289 οὖν
557 2263 715 2290 ἐστέλλοντο
732 2265 792 2299 μετ’
813 2265 885 2299 ἀγα-

96 2307 152 2334 θῶν
166 2307 221 2333 τῶν
242 2307 376 2335 ἐλπίδων·
394 2309 408 2335 ὁ
430 2309 459 2335 δὲ
485 2308 531 2344 βίᾳ
549 2309 609 2344 μὲν,
624 2310 755 2336 ιπέϐαινε
769 2311 798 2338 δὲ
811 2311 886 2346 ὅμως

95 2353 151 2380 τῶν
178 2353 300 2387 ἀϐάτων,
317 2356 364 2381 καὶ
393 2355 478 2390 ἀνέϐη
511 2356 542 2382 τὸ
563 2355 637 2391 ὅρος,
661 2357 709 2383 καὶ
736 2357 826 2384 εἰσέδυ
851 2357 885 2384 τὰ

97 2401 192 2432 ἄδυτα,
206 2401 265 2436 Θεῷ
282 2401 354 2436 μόνῳ
368 2402 403 2428 τὰ
417 2401 481 2428 καθ’
500 2402 598 2429 ἑαυτὸν
621 2403 784 2439 ἐπιτρέψας,
801 2401 822 2438 ᾧ
838 2404 886 2431 καὶ

98 2447 172 2482 μόνῳ
189 2446 369 2482 προεθυμήθη
383 2455 413 2473 τε
432 2448 480 2475 καὶ
505 2448 611 2484 ὑπέστη
631 2449 735 2485 ζήσειν,
753 2450 767 2476 ὃ
783 2450 832 2476 καὶ
845 2451 886 2482 είς

95 2492 171 2522 τέλος
197 2493 312 2527 ἀγαγεῖν
336 2492 515 2526 ἐσπούδασεν,
532 2495 563 2521 οὐ
593 2495 675 2528 μόνον
701 2496 830 2528 ἀπόσιτος
847 2496 884 2522 ὢν

96 2539 201 2574 σχεδὸν,
216 2539 271 2565 τῶν
294 2539 345 2566 ὅσα
373 2539 495 2575 πέφυκεν
521 2541 675 2576 ἀνθρώπων
695 2543 818 2577 συνέχειν
836 2543 886 2578 φύ-

95 2594 159 2618 σιν,
188 2588 234 2612 καὶ
262 2585 347 2621 βραχύ
380 2596 406 2613 τι
435 2587 500 2622 παρ’
531 2587 666 2622 ἀγγέλους
690 2588 884 2624 ἠλαττωμένος

93 2633 170 2658 ’τουτὶ
183 2632 213 2658 τε,
235 2632 328 2667 μέρος,
341 2632 410 2660 ἀλλὰ
433 2633 481 2660 καὶ
507 2634 590 2669 ψύχει
617 2635 664 2661 καὶ
690 2635 811 2662 καύσωνι
836 2637 885 2663 καὶ

93 2680 226 2713 παγετοίς
254 2679 302 2707 καὶ
327 2679 400 2714 χιόσι
424 2681 472 2707 καὶ
498 2680 624 2716 ὄμϐροις,
648 2681 752 2716 γυμνός
778 2690 809 2708 τε
838 2683 884 2709 καὶ

95 2725 246 2760 ὕπαιθρος,
275 2725 298 2751 ὣ
329 2727 380 2761 τῆς
410 2727 577 2762 καρτερίαςί
610 2728 882 2763 ταλαιπωρούμενος.

100 2771 181 2806 Ἀνὴρ
193 2772 247 2806 γὰρ
262 2772 375 2806 ἐκεῖνος,
393 2773 473 2807 εἴπερ
486 2782 537 2806 τις,
551 2773 615 2800 νοῦν
629 2774 709 2810 ἔχων,
731 2775 778 2801 καὶ
793 2776 884 2806 συνε“’ς

94 2820 145 2850 τὴν
169 2818 215 2844 τοῦ
245 2818 325 2852 γηϊου
337 2819 414 2846 τοῦδε
439 2821 628 2856 συγκρίματος
656 2821 748 2856 φύσιν,
771 2820 808 2852 ὡς
835 2822 882 2848 καὶ

96 2864 178 2892 αὐτὸν
196 2864 283 2900 βρίθει
306 2866 353 2892 τὸν
378 2866 450 2900 νοῦν,
476 2868 521 2894 καὶ
539 2868 608 2904 πρὸς
631 2867 682 2902 γῆν
700 2867 880 2902 κατασπῶτα,

939 2269 972 2295 ad
998 2268 1142 2295 terminum
1171 2267 1287 2295 feliciter
1314 2268 1485 2302 perveniant.
1502 2267 1545 2296 Illi
1562 2269 1655 2302 igitur,
1679 2277 1728 2304 spe

939 2315 1007 2341 bona
1022 2313 1104 2349 pleni,
1117 2319 1235 2349 emptum
1253 2314 1306 2341 iter
1329 2319 1531 2349 prosequuntur
1550 2315 1631 2350 :ipse
1649 2323 1724 2350 vero,

939 2367 1037 2395 magno
1055 2360 1165 2395 quidem
1179 2360 1271 2388 labore
1283 2380 1291 2393 ,
1307 2360 1355 2388 sed
1371 2366 1461 2390 tamen
1475 2362 1612 2391 contendit
1625 2369 1672 2397 per
1686 2363 1728 2390 iu-

937 2405 980 2432 via
996 2405 1116 2433 locorum
1128 2424 1135 2436 .
1153 2406 1314 2434 conscendit
1329 2411 1447 2434 montem
1458 2426 1466 2439 ,
1486 2407 1624 2437 inaccessa
1645 2415 1726 2442 pene-

939 2457 1003 2483 trat,
1022 2452 1071 2479 soli
1097 2453 1150 2479 Deo
1176 2459 1205 2479 se
1224 2459 1327 2486 suaque
1347 2453 1539 2487 cOimnitteus;
1555 2455 1598 2481 cui
1624 2454 1727 2488 paritur

938 2497 988 2524 soli
1000 2498 1090 2525 vivere
1104 2505 1267 2534 rrtagnopere
1282 2498 1407 2533 cupiebat
1421 2518 1433 2532 ,Ἴ
1447 2507 1478 2526 ac
1498 2499 1631 2527 victurum
1648 2500 1726 2534 polli-

937 2544 1009 2570 citus
1023 2543 1121 2571 funerat.
1139 2543 1195 2570 lloc
1208 2549 1296 2570 autem
1317 2544 1402 2580 ipsum
1418 2545 1538 2572 studiose
1563 2547 1596 2572 ad
1622 2545 1724 2572 exitum

937 2590 1072 2624 perduxit,
1098 2597 1150 2617 nou
1176 2591 1257 2617 modo
1285 2590 1426 2618 abstinens
1455 2591 1489 2617 ab
1519 2590 1644 2617 oumibns
1669 2591 1726 2618 fere

936 2636 1063 2671 cibis,qui
1082 2636 1226 2664 humanam
1242 2641 1397 2664 sustentare
1426 2641 1551 2664 naturam
1579 2644 1725 2663 consueve-

936 2687 1008 2715 runt,
1022 2682 1111 2709 factus
1123 2683 1174 2710 hac
1188 2687 1265 2717 parte
1279 2681 1359 2717 paulo
1375 2682 1490 2710 inferior
1502 2682 1618 2717 angelis;
1629 2689 1724 2708 verum

935 2729 1017 2756 ctiam
1034 2728 1128 2763 frigus,
1147 2734 1254 2761 :estum,
1271 2729 1382 2764 glaciem
1395 2748 1402 2761 ,
1415 2729 1489 2756 nives
1508 2737 1539 2756 ac
1558 2729 1659 2755 imbres
1675 2736 1724 2755 nu-

939 2774 1000 2806 dos,
1022 2774 1073 2801 sub
1091 2774 1136 2801 dio
1151 2776 1178 2808 (ο
1189 2773 1376 2802 tolerantiam!
1391 2775 1401 2809 )
1415 2779 1573 2802 constanter
1588 2773 1659 2800 tulit.
1675 2773 1722 2800 Vir

934 2819 1033 2854 quippe
1052 2825 1121 2852 erat,
1135 2823 1158 2847 sl
1176 2820 1236 2854 quis
1254 2821 1324 2848 alius
1337 2841 1344 2852 ,
1371 2821 1511 2854 perspicax
1526 2819 1722 2855 Latqueintcl-

935 2866 1043 2901 ligebat,
1070 2866 1205 2900 quomodo
1224 2871 1339 2894 terrena:
1363 2866 1442 2901 hujus
1465 2865 1649 2894 concretiouis
1667 2872 1729 2907 nas
