1949 3069
210 127 280 161 1015

826 131 1018 163 GREGORlI
1039 134 1199 166 PALAMgE

1768 144 1834 182 toga

207 201 260 228 que
274 191 436 227 imaginandi
450 189 602 217 facultatem
629 194 845 224 supergressum,
873 189 907 215 ad
934 188 983 215 cla-

1041 191 1171 223 αἰωνίων,
1192 194 1240 220 καὶ
1261 193 1299 228 τῷ
1324 194 1383 229 ὄρει
1412 196 1499 232 τούτῳ
1527 196 1577 232 τῆς
1600 198 1698 235 αἴγλης
1726 201 1833 236 μεταδι-

209 247 266 266 rant
297 245 402 270 eorum,
429 243 488 271 quae
519 234 630 262 materia
648 234 720 261 nulla
737 238 874 267 constant,
893 234 993 261 intelli-

206 284 324 318 gentiam
357 281 535 317 pervenisse;
564 288 596 308 ac
627 279 788 307 mirabiliter
815 287 828 306 a
854 279 992 307 montibus

206 330 326 361 a-ternis,
341 328 412 363 quod
428 327 463 354 ait
478 326 561 353 David
572 325 592 357 ³,
609 325 808 358 illuminatum,
827 325 892 353 huic
908 325 990 353 etiam

205 375 289 403 monti
317 374 486 408 splendorem
509 372 618 399 luminis
649 371 843 406 impertivisse.
867 371 990 406 depulsis

205 420 279 451 inde,
306 418 377 453 quod
399 418 474 452 prius
502 417 559 452 ipse
576 417 682 449 fuerat,
699 416 838 449 tenebris;
856 416 923 449 haec,
952 417 993 444 in-

203 471 299 498 quam,
315 464 485 498 conspiciens
500 462 636 497 malignus
651 462 767 494 daemon,
783 462 853 489 ferre
871 470 924 490 non
941 469 991 498 po-

203 510 275 542 tuit,
303 509 476 537 intolerabile
505 510 624 542 ducens,
643 516 675 536 eo
703 508 826 542 Petrum,
841 510 989 537 etiatnnum

203 558 325 592 corporis
339 558 446 586 sarcina
470 562 622 592 gravatum,
637 563 669 584 ex
693 557 748 584 imo
759 556 893 584 elevatum
909 563 988 588 esse;

1044 235 1124 263 δόντα
1153 238 1200 264 τοῦ
1226 239 1326 273 φωτὶς,
1351 241 1396 267 καὶ
1422 241 1493 268 οὕτω
1522 243 1654 271 ποιοῦντα
1680 245 1710 272 τδ
1728 235 1832 279 νει-κότος

1045 280 1199 317 ὑπερόριον,
1228 284 1296 319 ὅπερ
1318 282 1352 320 ἦν
1376 286 1506 322 ἄντικρυς
1531 288 1624 321 αὐτὸς,
1644 291 1692 325 οὐχ
1719 287 1776 324 οἷός
1801 302 1831 320 τε

1045 327 1139 362 φέρειν
1154 328 1304 364 ἐτύγχανεν
1328 330 1366 357 ῶν
1378 338 1385 345 ⁸
1401 332 1456 358 τῶν
1473 333 1644 361 ἀνυποίστων
1661 337 1830 372 ἡγούμενος·

1043 372 1105 398 ὅθεν
1128 373 1210 406 αὖτὺς
1236 375 1362 411 ἀπερρύη
1384 377 1562 418 κακοϐουλίᾳ,
1588 380 1634 407 τδν
1655 381 1759 418 Πέτρον
1780 384 1832 411 κά-

1041 418 1128 445 τωθεν
1148 420 1314 456 ἀνηγμένον,
1330 421 1369 449 ἔτι
1384 423 1431 449 καὶ
1452 414 1543 451 ἰδ’τοῦ
1561 425 1689 461 σώματος
1703 414 1830 462 έφόλκιον

1041 465 1224 500 ἐπαγόμενον,
1247 467 1345 494 τοῦτον
1370 469 1420 503 μὲν
1441 470 1490 504 τῆς
1516 470 1572 498 ἄνω
1600 473 1648 499 καὶ
1673 475 1830 509 κρείττονος

1040 511 1203 547 ἐπειλῆφθαι
1221 513 1340 549 μερίδος,
1356 515 1452 551 ἐκείνῳ
1468 516 1509 549 δὲ,
1526 518 1594 553 μηδὲ
1606 520 1673 554 γοῦν
1690 521 1741 556 τῆς
1754 522 1830 550 κάτω

1039 559 1230 594 παραχωρεῖν.

203 604 273 632 unde
288 604 345 639 ipse
369 604 476 631 consilii
499 604 540 631 sui
562 604 730 639 malguitate
749 602 889 631 exciderat
908 610 916 629 :
936 601 1045 630 Petrum
1061 610 1206 639 supernam
1220 613 1252 633 ac
1281 607 1420 635 meliorem
1454 615 1560 644 partem
1582 605 1728 648 "adeptum
1758 621 1821 643 esse

200 651 254 679 sibi
267 658 329 678 vero
343 659 376 678 ne
392 652 512 678 intimam
536 652 644 686 quidem
664 650 794 686 permitti.

234 698 280 725 29..
300 697 402 725 Taliter
418 698 462 725 ille
488 698 587 725 invidia
612 703 752 730 atstuuts,
779 703 882 725 terrere
909 702 990 732 atque

202 747 262 775 loco
282 747 384 781 pellere
408 751 531 773 sanctum
548 746 679 773 violenter
694 746 860 780 aggreditur.
878 746 917 772 Ae
932 745 988 780 pri.

201 801 262 820 tuus
275 793 383 828 quidem
415 793 531 819 insultus
543 812 551 825 ,
566 800 646 827 quam
673 792 820 824 ridiculus,
834 792 889 818 imo
905 798 986 825 quam

201 841 306 875 Inepttts
320 840 326 866 ί
342 839 368 866 In
381 840 468 866 virum
488 839 587 874 quippe
613 846 695 865 ututm
706 859 714 871 ,
727 845 844 872 eumque
860 846 912 865 non
928 843 987 864 lan-

201 891 256 913 tttm
272 886 367 918 armis,
384 886 431 913 sed
445 885 608 913 necessariis
627 893 734 920 quoque
753 885 922 913 vestimentis
938 884 985 911 de-
1003 900 1023 926 Β

199 933 337 964 stitutuut,
352 932 455 960 diutina
476 931 628 960 confectum
654 932 741 960 inedia
753 953 760 965 ,
780 939 882 966 perque
895 931 985 959 varias

199 977 390 1005 alliictationes
408 977 537 1005 membris
562 978 689 1005 omnibus
713 977 906 1004 miserabiliter
921 983 985 1003 con-

199 1024 381 1051 tabesceutem
396 1032 403 1056 ;
416 1024 442 1050 in
459 1031 554 1056 unum,
570 1023 690 1058 inquam,
708 1024 821 1055 nudum,
841 1023 983 1055 inermem,

197 1069 325 1102 debilem,
341 1070 396 1103 ipse
409 1070 485 1098 ducis
501 1069 615 1098 fortnam
632 1074 713 1105 atque
726 1070 847 1097 habitum
864 1070 983 1100 indutus.

198 1116 399 1150 sagittariorum
415 1121 530 1143 turmatn
558 1123 648 1144 secum
666 1116 776 1142 trahere
794 1116 876 1144 v’sns.
888 1116 983 1142 incon-

198 1162 263 1188 ditis
287 1162 529 1189 vociferatiouibus
555 1161 776 1197 clamoribusque
808 1169 982 1196 personans,

197 1207 272 1234 ferox
289 1207 417 1242 impetum
434 1207 517 1236 facit:
533 1207 614 1242 inque
640 1215 763 1242 specum,
777 1207 820 1234 ubi
836 1212 901 1234 tunc
918 1213 985 1234 tem—

197 1253 272 1286 poris
299 1253 439 1280 habitabat
455 1253 582 1285 Sanctus.
615 1260 674 1281 sese
692 1253 782 1286 infert,
799 1261 831 1280 ac
846 1253 933 1287 ipsum
950 1253 983 1280 ad

196 1299 379 1326 conserendas
399 1307 490 1327 secum
519 1307 614 1327 manus
642 1304 791 1334 provocat:
807 1300 872 1327 faris
894 1304 982 1327 autem

198 1344 300 1372 lanata
335 1345 469 1372 sociorum
485 1345 583 1373 cohors
614 1346 706 1373 omnia
731 1345 784 1373 late
811 1345 983 1381 complebant

198 1389 329 1424 fragore.
358 1391 526 1425 pra-grandia
552 1398 611 1425 qua:
637 1391 739 1418 circum
764 1391 891 1426 jacebant
917 1398 981 1419 saxa

196 1435 268 1462 inter
285 1444 315 1463 se
342 1437 530 1470 collidcbant;
552 1438 663 1464 arbores
683 1444 810 1472 quoque,
836 1437 904 1465 alias
923 1438 983 1472 qui-

196 1483 256 1509 dein
273 1483 403 1510 radiritus
425 1484 585 1515 evellebant,
601 1483 669 1511 alias
681 1490 744 1511 vero
758 1483 982 1519 conh-ingebant;

195 1530 286 1557 nursia
314 1530 433 1564 denique
458 1530 538 1557 veluti
557 1529 687 1558 adversus
707 1530 863 1565 speluncam
883 1530 983 1558 machi-

195 1575 345 1602 nabantnr.

230 1620 277 1648 ‘25.
291 1620 342 1648 Ubi
359 1628 422 1648 vero
439 1628 552 1654 magnus
567 1621 612 1648 ille
626 1621 676 1652 vir,
697 1620 796 1647 talibus
813 1620 980 1655 pavefactus,

195 1673 244 1700 per
268 1666 420 1693 orationem
451 1674 481 1694 se
505 1667 539 1693 ad
567 1667 650 1694 Deum
675 1675 706 1694 ex
728 1668 819 1694 animo
835 1667 980 1698 convertit,

197 1712 349 1747 mentisque
375 1713 468 1740 oculos
490 1712 523 1739 ad
543 1720 604 1740 eum
622 1713 690 1740 ﬁxos
714 1713 846 1745 intendit;
863 1720 896 1739 ne
919 1720 979 1740 mo-

198 1761 287 1785 mento
299 1757 407 1792 quidem
419 1757 535 1791 amplius
542 1759 685 1792 persistere
697 1757 751 1784 illic
762 1758 853 1785 valens
864 1765 980 1792 tlt‘qlmm

196 1804 258 1835 iste,
285 1803 414 1830 continuo
437 1803 578 1838 disparuit.
594 1802 653 1830 Non
677 1809 768 1831 tamen
782 1804 826 1830 ditt
855 1810 925 1838 post,
955 1804 981 1831 in

195 1852 335 1883 serpentes
349 1848 438 1875 denuo
453 1856 483 1876 se
498 1848 555 1883 ipse
575 1855 634 1875 cum
649 1852 705 1876 toto
717 1849 837 1876 exercitu
850 1855 900 1876 suo
915 1855 982 1876 con-

196 1895 293 1928 vertit;
319 1894 408 1930 iisque
430 1895 504 1930 ipse,
531 1895 665 1929 reptando
685 1895 858 1929 praecedens,
886 1895 981 1922 ducem

196 1941 342 1975 praestabat
355 1948 396 1975 se,
410 1941 568 1976 neutiquam
597 1941 693 1968 similis
719 1941 790 1974 aliis,
803 1945 849 1968 aut
875 1948 904 1968 re
924 1941 982 1975 ipsa

193 1989 339 2020 exsistens,
357 1992 404 2015 aut
416 1995 562 2022 apparens,
578 1988 623 2015 sed
638 1987 982 2021 magnitudineimmensus

193 2035 306 2069 visuque
319 2034 448 2062 terribilis
462 2034 608 2067 (referebat
619 2034 689 2060 enim
704 2034 777 2061 omni
788 2041 821 2061 ex
834 2039 910 2068 parte
919 2034 981 2060 dra-

195 2079 303 2115 cenem)
328 2080 486 2115 insurgebat
504 2081 537 2107 de
560 2085 651 2113 terra;
679 2087 709 2107 ac
735 2080 852 2107 sublime
874 2081 981 2115 erigens

195 2126 308 2158 collum,
326 2125 466 2153 videbatur
480 2133 512 2153 es
543 2125 630 2152 oculis
650 2125 782 2152 scintillas
799 2125 923 2157 vibrare,
943 2125 983 2152 in-

195 2171 265 2198 flatis
283 2177 347 2198 vero
364 2170 458 2198 buccis
470 2171 570 2205 passim
588 2169 711 2197 ﬂammas
728 2171 848 2205 spirabat
863 2191 871 2204 ,
885 2178 981 2198 eruen-

195 2223 250 2243 tam
267 2222 380 2243 mavens
396 2216 535 2251 linguam,
552 2216 631 2249 longe
658 2217 728 2243 ultra
747 2221 865 2243 mentum
885 2221 980 2244 exten-

194 2269 264 2293 sam,
278 2261 460 2296 praesentique
476 2269 578 2289 veneno
593 2267 639 2288 aut
655 2267 803 2290 scatentem
814 2267 861 2289 aut
874 2267 979 2291 scatere

194 2308 289 2334 visam.
307 2307 420 2340 Quando
436 2314 500 2335 vero
525 2316 587 2346 cum
603 2307 685 2335 Petro
707 2309 833 2343 congredi
855 2309 978 2342 parabat,

194 2353 302 2379 eminus
319 2353 506 2386 minitabatur,
533 2354 600 2386 fore,
617 2358 646 2380 ut
668 2354 781 2388 spiritus
810 2355 851 2381 sui
881 2356 978 2389 impetu

196 2397 361 2431 impavidum
377 2399 461 2425 virum
479 2400 615 2434 abriperet
632 2399 684 2426 sibi
705 2400 731 2427 in
746 2402 875 2436 praedam.

228 2445 272 2472 Si.
293 2444 396 2471 Interea
415 2445 511 2474 Petrus
523 2454 554 2473 ne
571 2447 678 2481 quidem
693 2451 803 2482 aspectu
817 2448 979 2482 dignabatur

194 2491 378 2518 adt‘ersartum
390 2499 397 2523 ;
411 2493 589 2527 inanibusque
612 2493 748 2522 iudefesse
768 2495 793 2521 in
810 2494 908 2521 cu-lum
926 2494 981 2521 ele-

194 2540 275 2571 vatis,
291 2539 460 2571 Spiritualetn
477 2540 606 2566 Anteiech
630 2540 719 2577 denuo
742 2540 880 2575 superavit
898 2546 981 2574 atque

193 2586 307 2620 expulit,
329 2585 447 2613 velocius
465 2586 636 2613 recedentem
655 2594 734 2621 quam
751 2593 914 2615 accesserat.
929 2588 980 2615 Ca-

194 2633 286 2665 ptebat
300 2633 381 2659 etiam
400 2633 542 2667 pmnitudo
558 2632 782 2659 scelestissimum
796 2639 877 2667 caput
890 2651 898 2665 ,
916 2641 977 2659 rum

194 2678 285 2704 omnia
301 2685 380 2705 secus
396 2678 547 2711 evenirent,
561 2683 642 2713 atque
658 2678 715 2712 ipse
727 2679 873 2706 meditatus
884 2679 981 2706 fuerat.

196 2727 310 2762 Semper
330 2727 400 2754 enim
431 2727 529 2762 pugilis
554 2727 679 2761 generasi
708 2732 766 2754 acta
795 2728 981 2758 considerans,

194 2774 309 2808 ejusque
336 2773 473 2801 intensum
504 2780 536 2800 ac
573 2773 714 2801 sublimem
737 2773 832 2799 orandi
865 2774 978 2801 modum

234 2865 327 2892 ‘l‘lti.
341 2871 422 2896 ωλι,
440 2863 467 2891 5.

1076 697 1130 733 κβ’.
1151 697 1229 724 Οὕτω
1249 698 1277 724 δὲ
1293 699 1325 734 τῇ
1348 698 1485 734 βασκανίᾳ
1501 701 1646 735 διατιοεὶς,
1661 703 1831 732 δεδίττεσοαί

1038 752 1069 770 τε
1096 744 1142 771 καὶ
1166 743 1277 776 ἐξωθεῖν
1296 745 1392 771 τοῦτον
1419 746 1558 781 ἐπεχείρει
1584 749 1644 780 ταῖς
1672 749 1829 785 ὲπηρεῖαις.

1038 790 1094 816 Καὶ
1110 791 1126 824 ὴ
1144 790 1240 825 πρώτη
1252 790 1307 817 τῶν
1327 791 1477 827 ἐπηρειῶν,
1489 792 1527 823 ὡς
1549 793 1665 827 γελοῖον,
1686 796 1790 830 μᾶλλον
1802 797 1831 824 δὲ

1037 837 1260 870 καταγέλαστονς
1278 837 1349 872 Πρὸς
1364 837 1412 864 ἕνα
1428 838 1492 874 γὰρ,
1512 841 1559 866 καὶ
1574 840 1670 866 τοῦτον
1683 841 1732 876 οὺχ
1752 843 1830 875 ὅπως

1036 884 1137 915 ὅπλων,
1158 883 1226 910 ἀλλὰ
1247 883 1279 918 δὴ
1302 884 1350 910 καὶ
1363 884 1417 910 τῶν
1432 885 1591 918 ἀναγκαίων
1614 887 1832 923 περικαλυμμὰ-

1036 938 1090 956 των
1101 929 1298 964 ἐστερημένον,
1310 931 1357 956 καὶ
1369 930 1408 964 τῷ
1423 931 1522 966 μακρῷ
1533 931 1583 965 τῆς
1595 933 1702 964 ἀσιτίας
1716 942 1830 969 κατειρ-

1035 976 1184 1009 γασμένον,
1201 977 1248 1003 καὶ
1273 976 1362 1011 δεινήν
1379 985 1440 1003 τινα
1457 977 1584 1012 σύντηξιν
1601 980 1660 1011 ταῖς
1683 981 1825 1012 ποικίλαις

1035 1022 1236 1056 ταλαιπωρίαις
1259 1023 1330 1049 κατὰ
1356 1024 1411 1049 πᾶν
1440 1023 1600 1051 ὑποστάντα
1630 1025 1721 1059 μέλος,
1753 1029 1825 1063 πρὸς

1034 1067 1082 1094 ’ἐνα
1094 1069 1209 1102 γυμνὸν,
1238 1067 1351 1101 ἄοπλον,
1377 1070 1635 1105 ἐκνενευρισμένον,
1666 1073 1829 1108 στρατηγοῦ

1036 1114 1145 1149 μορφὴν
1161 1114 1241 1146 αὐτὸς
1260 1115 1308 1140 καὶ
1322 1115 1416 1150 σχῆμα
1433 1116 1679 1152 περιϐαλλόμενος,
1692 1119 1739 1145 καὶ
1753 1120 1831 1152 τοξο-

1034 1160 1090 1186 τῶν
1118 1160 1213 1196 ὥςπερ
1235 1161 1434 1197 ἐπισυρόμενος
1458 1162 1573 1197 πλῆθος,
1598 1165 1829 1200 παρακελεύμασί

1034 1215 1064 1232 τε
1093 1207 1140 1233 καὶ
1169 1207 1243 1242 βοαῖς
1265 1207 1420 1242 χρώμενος,
1451 1209 1554 1243 θρασὺς
1588 1209 1684 1245 ἐπῄει·
1715 1213 1764 1238 καὶ
1799 1213 1829 1238 τὸ

1035 1253 1179 1288 σπήλαιον,
1189 1253 1203 1279 ὃ
1217 1253 1370 1288 τηνικαῦτα
1385 1255 1430 1281 τΡιν
1447 1255 1524 1289 ἅγιον
1539 1256 1723 1291 ἐνῳκισμένον
1740 1255 1824 1293 εἶχεν.

1035 1298 1137 1334 εἰσῄει,
1170 1298 1240 1333 πρὸς
1280 1300 1446 1334 συμπλοκὴν
1484 1300 1702 1336 ἐκκαλούμενος·
1734 1303 1771 1330 τὰ
1800 1305 1829 1330 ιε

1034 1345 1113 1376 ἐκτὸς
1152 1345 1242 1371 πάντα
1280 1345 1395 1379 πατάγῳ
1434 1347 1646 1382 περιηχοῦντες.
1676 1348 1724 1374 καὶ
1760 1350 1827 1382 τοὺς

1033 1390 1197 1425 εὐμεγέθεις
1234 1391 1290 1417 τῶν
1325 1393 1541 1427 παρακειμένων
1576 1393 1659 1420 λίθων
1695 1394 1829 1429 ἀλλήλοις

1034 1438 1289 1473 προσαράσσαντες,
1306 1437 1424 1473 δένδρων
1448 1447 1477 1465 τε
1502 1439 1536 1466 τὰ
1557 1440 1608 1475 μὲν
1634 1440 1828 1474 ἀνασπῶντες,

1033 1484 1068 1510 τὰ
1087 1483 1116 1510 δὲ
1142 1483 1317 1516 διακλῶντες,
1332 1483 1413 1511 πάνθ’
1438 1484 1535 1520 ὥσπερ
1558 1485 1604 1511 ὲπὶ
1632 1484 1662 1511 τὸ
1687 1486 1827 1520 σπήλαιον

1034 1532 1051 1566 ὴ
1066 1531 1121 1557 τῶν
1135 1531 1245 1558 ὀπαδῶν
1259 1532 1364 1566 ματαία
1379 1531 1473 1565 ἐκείνη
1494 1532 1631 1559 συνεκίνει
1648 1531 1772 1566 φάλαγξ.

1069 1626 1122 1657 κγ’.
1145 1623 1190 1654 Ὠς
1214 1623 1236 1649 δ’
1262 1623 1277 1649 ὁ
1304 1624 1392 1657 μέγας
1423 1624 1527 1655 ἐκεῖνος
1559 1623 1762 1655 ὕποδειλιάσας.
1795 1626 1828 1652 ὲιι

1032 1669 1120 1704 ψυχῆς
1143 1669 1177 1695 δι’
1203 1669 1286 1703 εὐχῆς
1311 1669 1350 1704 τῷ
1375 1669 1434 1704 Θεῷ
1459 1670 1643 1705 προσέδραμε,
1660 1670 1707 1696 καὶ
1728 1671 1828 1706 νοερὸν

1032 1715 1127 1745 ἀτενὲς
1139 1715 1235 1749 ἀνέσχε
1253 1714 1321 1748 πρὸς
1342 1714 1424 1740 αὑτὸν
1440 1714 1534 1749 ὄμμαο
1553 1715 1621 1750 μηδὲ
1638 1715 1707 1750 πρὸς
1724 1716 1828 1750 μικρὸν

1034 1760 1205 1794 παραμένειν
1234 1759 1272 1785 ἔτ’
1298 1759 1368 1794 ἔχων
1398 1760 1412 1785 ὁ
1440 1761 1575 1795 πονηρὸς,
1607 1760 1714 1794 ἀφανὴς
1742 1761 1827 1793 εὐθὺς

1033 1805 1166 1839 ἐγεγόνει.
1180 1804 1247 1832 Μετ’
1259 1805 1289 1831 οὐ
1301 1805 1366 1831 πολὺ
1375 1804 1398 1831 δ’
1408 1803 1497 1837 αὖθις,
1509 1806 1548 1837 είς
1563 1806 1640 1840 δφεις
1656 1809 1828 1841 πανστρατεὶ

1035 1849 1207 1885 μεταϐαλὼν,
1225 1851 1320 1885 ἠγεῖτο
1334 1851 1482 1888 προέρπων
1504 1852 1596 1884 αὐτὸς,
1611 1852 1641 1878 οὐ
1666 1852 1738 1879 κατὰ
1759 1853 1826 1885 τοὺς

1033 1896 1129 1928 ἄλλους
1143 1895 1210 1932 ὣνῆ
1229 1897 1402 1932 φαινόμενος,
1419 1897 1478 1923 ἀλλ’
1499 1897 1644 1932 ὑπερφυὴς
1657 1897 1688 1924 τὸ
1705 1897 1825 1932 μέγεθος

1034 1943 1082 1968 καὶ
1100 1941 1216 1978 φοϐερὸς
1243 1943 1307 1969 ἰδεῖν
1333 1943 1472 1978 (δράκοντι
1500 1944 1555 1979 γὰρ
1584 1943 1705 1978 ἀτεχνῶς
1728 1943 1824 1979 ἐῴκει)

1033 1988 1189 2015 διανίστατό
1209 1996 1239 2014 τε
1262 1988 1354 2024 δῆθεν,
1369 1989 1418 2015 καὶ
1439 1989 1577 2022 μετέωρον
1597 1989 1699 2024 αὐχένα
1716 1989 1822 2024 φέρων.

1033 2034 1297 2070 ἀποσπινοηριάζειν
1317 2035 1404 2061 ἐδόκει
1429 2035 1468 2070 τῷ
1492 2035 1637 2070 ὀφθαλμῷ,
1655 2035 1775 2069 γνάθους
1795 2036 1825 2063 δὲ

1034 2080 1129 2115 φυσῶν
1145 2080 1201 2115 πῦρ
1219 2081 1351 2116 ἄντικρυς
1365 2081 1451 2113 ἔπνει,
1465 2082 1512 2108 καὶ
1526 2081 1618 2116 φόνιον
1632 2082 1717 2108 ὲκίνει
1736 2082 1826 2116 γλῶτ-

1032 2135 1085 2153 ταν
1107 2126 1163 2153 τῶν
1183 2127 1297 2160 γενείων
1326 2127 1393 2153 πολὺ
1421 2127 1621 2163 προχεομένην,
1646 2129 1694 2154 καὶ
1717 2128 1824 2163 μεστὴν

1033 2173 1116 2200 οὖσαν
1133 2173 1150 2208 ἢ
1172 2173 1305 2200 δοκοῦσαν
1321 2173 1360 2200 ξοῦ
1383 2172 1569 2208 θανατοφόρου
1580 2181 1588 2189 ’
1606 2173 1690 2208 ὁμόσε
1702 2173 1732 2200 δι
1750 2173 1824 2200 κατὰ

1035 2221 1081 2247 τοῦ
1097 2221 1203 2255 Πέτρου
1220 2221 1328 2255 χωρῶν,
1343 2219 1486 2255 πόρρωθεν
1504 2219 1599 2252 ὥσπερ
1616 2221 1649 2254 τῇ
1666 2219 1716 2246 τοῦ
1739 2220 1823 2246 πνεύ-

1036 2275 1120 2302 ματος
1136 2266 1244 2302 ἠπείλει
1258 2266 1344 2302 ῥύμῃ,
1361 2266 1406 2293 τὸν
1422 2266 1560 2301 ἀπτόητον
1576 2267 1681 2292 ἐκεῖνον
1693 2266 1822 2301 ἀναρπά-

1034 2320 1092 2338 σειν
1106 2320 1134 2338 τε
1150 2312 1198 2338 καὶ
1212 2310 1394 2346 λαφύρεσθαι.

1071 2445 1119 2473 κδ’.
1139 2445 1192 2471 Τοῦ
1215 2445 1244 2471 δὲ
1263 2444 1331 2479 μηδι
1351 2445 1418 2481 πρὲις
1434 2444 1499 2472 θέαν
1515 2444 1581 2478 γοῦν
1604 2443 1673 2475 ὖλως
1687 2444 1822 2480 ἐπεστρά-

1034 2493 1100 2528 φθαι
1115 2492 1263 2525 ἀξιοῦντος,
1274 2492 1392 2522 ἀκλινῶς
1404 2491 1433 2518 δὲ
1449 2491 1517 2526 πρὸς
1532 2490 1647 2526 οὐρανὸν
1660 2490 1710 2521 τὰς
1726 2491 1821 2525 χεῖρας

1035 2539 1239 2574 ἀνατεταμένας
1268 2539 1388 2573 ἔχοντος,
1413 2539 1427 2564 ὀ
1455 2538 1550 2572 νοητὸς
1578 2537 1659 2564 πάλιν
1691 2536 1820 2570 Ἀμαλὴκ

1036 2587 1133 2622 ἡττᾶτο
1157 2589 1204 2612 καὶ
1229 2585 1423 2620 συνηλαύνετο,
1436 2585 1484 2611 καὶ
1497 2583 1646 2618 ταχύτερος
1656 2580 1690 2618 ἦν
1713 2583 1820 2616 dtur/.m-

1036 2634 1090 2668 ρῶν
1105 2633 1120 2668 ἢ
1136 2632 1283 2668 προσάγων
1294 2639 1300 2646 ·
1315 2631 1452 2665 ὲλάμῆανε
1475 2631 1503 2656 δὲ
1523 2630 1577 2664 ἄρα
1593 2629 1641 2655 καὶ
1666 2629 1820 2663 μετάμεὶος

1030 2681 1075 2706 τὸν
1091 2679 1239 2713 ἀλάστορα,
1256 2678 1411 2705 τούναντίον
1423 2677 1497 2704 ἅπαν
1508 2676 1524 2710 ἢ
1540 2676 1671 2701 διενοεῖτο
1683 2674 1819 2708 διαπρατ-

1031 2726 1145 2759 τόμενον
1157 2733 1163 2739 ⁵
1179 2724 1210 2750 τὸ
1223 2724 1278 2759 γὰρ
1303 2723 1348 2749 ἀεὶ
1376 2723 1490 2752 σύννους
1509 2720 1556 2746 τοῦ
1574 2719 1711 2754 γενναίου,
1727 2727 1772 2744 και
1792 2718 1820 2743 ἰδ

1031 2772 1078 2805 τῆ;
1095 2770 1177 2805 εὐχῆς
1191 2769 1316 2795 σύντονόν
1337 2776 1367 2794 τε
1392 2767 1437 2794 καὶ
1461 2765 1609 2802 μετάρσιον
1631 2764 1747 2799 χαλάσαι
1762 2769 1819 2788 πει-
