1949 3069
171 129 239 162 1023

796 127 953 156 GBEGOR
961 127 984 156 ll
1003 127 1044 156 PA
1052 127 1094 156 [.A
1101 127 1124 156 Μ
1131 125 1161 155 [Ε

1729 122 1794 154 Ῑοὲί

170 189 284 218 tionem,
310 192 362 213 nec
387 192 441 212 non
469 184 585 211 demissa
611 184 636 209 in
663 190 767 210 sumttta
792 182 957 216 perfectione

1020 180 1183 216 ,αττωμὲνον
1203 179 1379 214 τεθεαμένος,
1398 178 1523 205 ἐντεῦθεν
1544 179 1644 214 ῆλπισε
1667 179 1795 215 συλήσειν

171 231 350 259 humilitatem
364 239 372 262 ;
385 230 448 257 ltinc
473 236 546 263 spem
564 228 687 261 concepit
705 227 845 255 auferendi
865 227 953 254 invio-

171 277 280 304 labilem
294 276 351 308 ejus
367 276 534 302 thesaurum.
557 273 602 300 llle
616 273 716 307 igitur.
734 273 780 308 qui
806 280 839 300 ex
861 273 924 299 olim
941 279 955 298 a

171 323 232 350 luce
243 321 371 355 depulsus
378 323 538 350 recesserat.
549 326 576 346 et
589 319 614 345 in
627 319 752 346 tenebras
770 319 868 345 misere
880 325 956 344 com-

174 371 292 395 mutatus
306 367 404 398 fuerat,
415 369 444 393 ut
463 365 570 393 Petrum
592 366 617 392 itt
642 365 759 393 similem
773 364 955 393 calamitatem

175 413 333 446 pertraltat.
362 411 430 438 lucis
455 412 572 445 speciem
591 411 717 442 assumit,
741 410 866 445 angelum
887 409 958 437 lucis

174 456 426 492 simulans,sicque
443 463 568 485 sattctttm
583 457 648 487 adit.
659 456 784 484 mendaci
796 463 845 483 suo
856 456 958 483 lumine

174 503 327 534 lucernam.
344 511 376 530 ex
404 511 474 530 verm
491 504 638 538 primaeque
660 503 728 530 lucis
751 503 959 538 participatione

175 556 328 582 accensam,
343 547 541 576 exstincturus.
559 548 625 575 llluc
641 553 729 575 autem
747 547 891 580 accedens,
908 555 956 575 co-

176 601 233 621 ram
245 594 272 622 in
284 593 381 622 faciem
397 594 472 621 illum
490 594 587 629 alloqui
602 602 653 620 non
665 595 755 626 audet,
766 594 956 628 gravissimum

175 641 234 674 eius
253 640 357 668 vultum
368 640 489 669 veritus:
509 642 555 669 sed
572 641 662 675 specui
679 640 957 672 forinsecusadstans,

177 695 225 721 per
234 687 360 714 ostiolum
381 693 475 714 voeem
491 688 560 713 intra
573 687 704 718 immittit.
722 686 820 714 blando
835 693 959 714 sermone

177 740 226 758 suo
241 732 315 760 llsus.
332 733 397 760 inde
425 733 506 768 igitur
522 738 643 760 sanctum
674 733 814 760 salutans:
840 731 960 759 Virilitcr

176 786 237 813 age.
269 779 417 814 inquiebat,
429 783 473 808 .et
499 779 652 806 conl‘ortore
667 800 674 812 ,
692 779 780 806 νου-«ξ.
798 779 852 806 llnc
867 785 957 806 mrtem

176 824 365 852 considet-ante
376 830 460 859 atque
479 827 547 852 adeo
567 825 751 859 interrogante
765 825 888 858 quisnam
901 825 961 852 istic

176 875 258 906 esset,
270 878 302 898 ac
318 871 389 898 unde
406 871 467 898 talia
480 871 592 906 loquens
612 872 739 898 veniret?
756 871 901 905 Subiunxit
915 871 960 898 ille
979 869 998 896 Β

175 916 306 944 continuo
323 925 329 944 :
347 916 479 952 Princeps
507 917 610 944 militia!
635 925 693 944 sum
711 923 760 952 ego
781 917 886 944 Domini
903 917 962 951 plo-

177 963 224 990 rltc
238 971 246 990 :
262 963 342 990 venio
353 968 443 991 autem
459 963 672 999 signiﬁcaturus,
683 971 761 998 quam
777 963 803 990 in
819 963 896 990 malis
913 963 962 990 tibi

178 1015 227 1042 pro
245 1008 367 1036 toleratis
383 1009 435 1037 ltuc
457 1017 542 1044 usque
561 1009 698 1036 laboribus
714 1009 867 1036 tnercedern
884 1016 963 1035 com-

178 1055 336 1088 paraveris;
350 1060 377 1082 ct
398 1055 481 1083 simul
505 1055 634 1082 ducturus
657 1055 720 1090 qttid
738 1054 864 1088 deinceps
880 1062 965 1088 agen-

181 1101 246 1127 dtttn
261 1101 310 1128 tibi
325 1102 458 1136 supersit.

217 1188 263 1215 5‘2.
276 1188 354 1216 Scias
367 1189 451 1224 igitur
463 1189 554 1222 velim,
568 1190 764 1217 exercitatione
779 1193 872 1216 smcta
885 1193 967 1221 atque

181 1235 324 1262 tolerantia
343 1239 369 1261 te
391 1235 517 1262 omnibus
542 1236 588 1270 qui
609 1236 740 1263 hactenus
762 1234 867 1262 luerunt
888 1238 966 1260 antc-

182 1282 292 1312 Ccllerv.
310 1287 391 1315 a'qtte
407 1282 475 1309 adeo
488 1282 587 1315 majora
604 1281 649 1308 tibi
667 1281 775 1315 praemia
791 1281 852 1314 iure
870 1279 968 1306 merito

186 1335 305 1355 Ill-tltt‘l‘c.
332 1327 441 1361 Jeitvnat
462 1328 569 1361 quidem
598 1327 686 1359 Elias,
715 1328 763 1355 sed
786 1326 966 1361 quadraginta

183 1378 288 1399 tantum
310 1373 414 1400 dierum
439 1372 594 1400 curriculo:
615 1377 642 1399 tu
661 1380 725 1399 vero
741 1372 884 1406 septimum
911 1371 967 1404 jam

182 1427 283 1446 annum
305 1419 350 1446 hic
366 1426 449 1454 agens
468 1419 527 1446 sine
542 1419 610 1446 cibis
633 1419 758 1446 humana:
774 1418 833 1445 vitae
851 1417 968 1452 propriis

183 1471 300 1500 perstas.
317 1465 409 1492 Daniel
423 1473 483 1492 cum
507 1465 572 1493 feris
591 1464 751 1492 mirabiliter
767 1469 893 1491 versatus
906 1469 946 1490 est
960 1471 968 1495 ;

184 1517 302 1539 attamen
318 1520 380 1539 tum
397 1513 536 1546 paur-is,ct
551 1516 670 1547 tempore
688 1519 739 1538 non
756 1511 836 1545 longo
847 1520 853 1537 :
865 1515 892 1536 lu
907 1517 970 1537 vero

185 1563 212 1585 et
223 1557 302 1593 longo
316 1562 436 1592 tempore
449 1561 476 1583 el.
501 1565 560 1584 curn
577 1557 670 1583 multis
685 1556 834 1583 coltabilas.
854 1555 882 1582 Si
904 1555 971 1582 tole-

187 1604 303 1631 rantiam
331 1611 438 1638 quoque
463 1602 524 1630 Jobi
547 1603 661 1630 miretur
686 1602 838 1637 quispiam;
867 1603 971 1637 cogites

187 1657 248 1675 eum
270 1656 322 1676 non
348 1657 395 1675 sua
415 1653 512 1682 sponte
536 1649 701 1676 sustinuisse
720 1648 851 1675 tnalorttnt
880 1649 972 1675 inn-ur-

188 1702 247 1720 sum
266 1702 273 1721 :
291 1699 318 1721 tu
335 1701 400 1721 vero
412 1694 545 1728 inhospita
559 1694 618 1720 loca
641 1698 714 1720 tanto
732 1700 851 1727 tempore
876 1694 970 1720 volun-

189 1739 450 1771 tarieiucolis,varii
466 1741 572 1774 generis
584 1740 759 1774 pluriltustptc
777 1740 972 1766 tentatiouihus

187 1785 340 1820 exagitatus
353 1794 361 1818 ;
374 1790 402 1813 ct
415 1785 532 1813 ttondutn
547 1786 666 1813 animum
682 1785 861 1820 despondisti.
885 1786 971 1814 Unum

190 1839 263 1858 nunc
291 1831 473 1864 desideratur,
491 1836 520 1859 ιιι
548 1831 671 1859 homines
693 1832 899 1859 conservatione
927 1835 973 1859 tua

189 1877 316 1906 meliores
332 1878 438 1910 reddas,
449 1885 551 1912 eosque
563 1885 578 1904 a
594 1877 674 1904 rebus
688 1877 804 1904 terrenis
819 1879 973 1904 abstractus

149 1948 153 1952 .
188 1923 216 1950 in
232 1931 372 1950 numerum
389 1923 537 1950 transferas
553 1924 706 1951 coalescunt
717 1923 973 1958 civium,aspicit-ns

190 1968 214 1994 itt
229 1968 393 2002 exemplum,
405 1968 476 2002 quod
491 1967 618 1996 Christus
627 1972 667 1994 est
677 1976 685 1999 ς
695 1975 709 1994 a
723 1976 778 2002 quo
793 1972 821 1995 ct
837 1976 886 2002 ρει)
903 1976 973 1996 nunc

190 2013 292 2041 missus
318 2013 400 2041 celeri
425 2013 516 2040 volatu
540 2012 647 2041 adsum.
676 2014 725 2041 llic
757 2019 819 2048 post
846 2014 917 2040 illaut
948 2014 973 2040 itt

190 2065 283 2087 tttoute
310 2060 465 2088 athleticam
482 2067 585 2087 momm
613 2067 752 2092 reversus,
771 2061 893 2087 homines
920 2060 976 2087 ire-

190 2111 305 2141 qnenter
314 2108 452 2138 convenit,
463 2114 494 2134 ac
509 2107 582 2142 leges
595 2107 635 2134 eis
650 2107 815 2142 praescripsit
829 2107 975 2135 salutat-cs.

191 2153 219 2181 Si
236 2161 301 2182 vero
316 2153 398 2181 etiam
413 2153 560 2188 suspiceris
571 2172 579 2184 ,
597 2154 648 2180 huc
663 2161 705 2180 ttte
721 2153 862 2180 advenisse
877 2161 930 2180 nun
943 2161 974 2180 cx

1010 228 1055 255 τὺν
1077 227 1176 254 ἄσυλον
1200 226 1308 253 ἐκείνου
1327 225 1474 261 θησαυρόν.
1496 225 1526 252 '0
1551 225 1642 252 τοίνυν
1666 225 1794 261 ὲπούρσει

1011 273 1100 308 φωτὸς
1127 272 1355 308 ἡλλοτριωμένος,
1383 271 1430 298 καὶ
1467 270 1537 306 πρὸς
1570 271 1667 302 σκότος
1695 271 1795 303 ἀθλίως

1012 319 1183 356 μεταϐαλὼν,
1195 318 1264 354 ὑπὲρ
1278 317 1325 344 τοῦ
1340 317 1385 344 τὺν
1400 317 1494 351 ὅμοιον
1505 316 1543 350 τῷ
1558 317 1656 352 Πέτρῳ
1666 317 1797 352 προστρίι

1010 359 1115 400 ψαςοαι
1137 365 1250 400 μῶμον,
1282 363 1371 398 φωτὸς
1396 362 1584 397 ἀναλαμὸανει
1615 363 1724 397 σχῆμα,
1749 364 1797 389 καὶ

1012 410 1101 446 φωτδς
1135 409 1252 444 ἄγγελον
1292 408 1484 444 ὑποκρίνεται,
1516 407 1565 435 καὶ
1597 410 1724 442 πρᾶσεισι
1759 408 1798 442 τῷ

1011 457 1092 491 ἁγίῳ,
1109 456 1148 490 τῷ
1174 455 1387 490 κατεψευσμένῳ
1406 454 1472 490 παρ’
1498 453 1588 489 ἐαυτῷ
1609 454 1691 488 φωτὶ,
1701 453 1751 487 τὴν
1767 454 1798 479 ὲκ

1011 503 1059 530 τοῦ
1078 502 1207 537 ἀληθινοῦ
1233 501 1281 528 καὶ
1310 501 1420 536 πρώτου
1446 500 1535 535 φωτὸς
1564 499 1691 535 ἡμμένην
1716 499 1800 530 tvm:

1012 549 1122 584 λυχνίαν
1136 548 1289 575 ἀποσσέσαι
1310 547 1496 582 πειρώμενος.
1513 547 1568 573 Καὶ
1581 545 1613 581 δὴ
1629 545 1800 582 προσελθὼν.

1011 596 1062 631 τὴν
1089 595 1138 630 μὲν
1164 593 1234 620 κατὰ
1260 593 1405 627 πρόςωπον
1426 592 1538 627 ὁμιλίαν
1557 591 1737 626 ἀπαγορεύει,
1752 591 1801 625 τὴν

1013 641 1214 678 κριτικωτάτην
1234 639 1345 673 ἐκείνην
1371 638 1433 673 ὄψιν
1458 637 1650 673 ῠιροριίδμενος⁸
1668 637 1706 672 τῷ
1728 644 1800 670 σπη-

1014 688 1082 723 λαίῳ
1101 688 1130 714 δὲ
1153 686 1254 720 ἔξωθεν
1270 685 1403 720 ἐφεστὼς,
1429 684 1474 711 διὰ
1497 685 1548 718 τῆς
1573 683 1682 717 Θυρίὸος
1704 682 1802 716 ὡμίλει

1013 735 1053 770 τῷ
1072 734 1127 761 τῶν
1141 733 1230 768 λόγων
1252 733 1427 768 εὐπροπὼπῳ
1452 729 1572 767 θαρρῶν.
1600 729 1725 756 Ἐπείοεν
1745 728 1802 753 τεῖ-

1015 789 1063 809 νυν
1087 781 1133 807 τὸν
1152 781 1226 807 ὅσιον
1249 778 1456 813 ἀσπασάμενος,
1485 776 1624 812 Ἀνδρίζου
1649 776 1696 802 καὶ
1725 774 1802 809 ἴσχυε

1015 827 1229 863 προσεφώνησε,
1258 826 1357 860 Πέτρε.
1381 823 1435 851 Τοῦ
1465 823 1493 850 δὲ
1523 822 1744 856 διασχεψαμὲ-ιου
1773 829 1803 846 τε

1013 874 1059 900 καὶ
1084 872 1217 907 ἐρομένου
1244 871 1287 902 τίς
1312 870 1366 906 εἴη,
1383 870 1431 896 καὶ
1458 869 1519 896 ὅθεν
1550 870 1564 895 ὁ
1591 869 1621 895 τὸ
1647 867 1800 902 πρόσρημα

1014 919 1091 952 δούς;
1122 919 1225 948 ἐκεῖνος
1261 916 1343 946 εὐθὺς
1372 915 1535 950 ὑποτυχών·
1566 913 1801 950 ’Δρχιστρὰτηγός

1014 965 1084 999 εἰμι,
1113 964 1190 999 φηστ,
1216 963 1319 998 Κυρίου
1344 961 1441 996 δόξηςο
1467 961 1528 996 ἦκω
1552 961 1580 987 δέ
1605 969 1646 987 σοι
1674 960 1804 995 δηλώσων

1014 1011 1064 1046 τὴν
1089 1011 1118 1037 ὲν
1143 1011 1201 1040 τοῖς
1232 1009 1408 1043 ἐπουρανίοις
1440 1007 1697 1043 τεθησαυρισμένην
1733 1006 1805 1042 ὑπὲρ

1014 1058 1069 1084 τῶν
1099 1058 1162 1091 ἄχρι
1200 1057 1321 1090 τήμερον
1353 1054 1552 1089 πεπονημένων
1583 1053 1719 1088 ἀμοιϐήν·
1747 1053 1805 1086 ἅμα

1015 1103 1044 1129 δέ
1078 1110 1119 1128 σοι
1151 1100 1197 1127 καὶ
1225 1099 1354 1131 διδάξων,
1385 1099 1440 1126 ὄτί
1473 1107 1540 1125 ποτε
1567 1098 1727 1125 τούντεῦθεν
1763 1107 1806 1124 σοι

1017 1148 1168 1183 πρακτέον.

1053 1193 1103 1229 λβ¹.
1120 1193 1155 1220 Εὖ
1172 1193 1226 1220 ίσοι
1241 1192 1397 1227 τοιγαροῦν,
1414 1192 1530 1225 ἀσκήσει
1552 1199 1582 1217 τε
1600 1191 1649 1217 καὶ
1661 1190 1806 1224 καρτερῖ-,

1017 1241 1081 1271 τοὺς
1104 1240 1157 1275 πρὸ
1182 1239 1228 1266 σοῦ
1255 1240 1360 1270 πάντας
1389 1236 1594 1273 ὑπερενεγκὼν,
1608 1237 1654 1263 καὶ
1675 1236 1808 1271 μειζόνων

1018 1286 1214 1321 προσηκόντως
1240 1285 1403 1319 τευξόμενος
1427 1283 1574 1319 βραῦείων.
1592 1282 1730 1318 Νηστεύει
1756 1282 1809 1316 μὲν

1019 1331 1073 1366 γὰρ
1094 1330 1199 1362 Ἠλίας,
1221 1329 1288 1356 ἀλλὰ
1313 1327 1519 1362 τεσσαράκοντά
1547 1336 1599 1354 που
1621 1327 1736 1362 ἡμερῶν
1759 1335 1809 1352 πε-

1020 1378 1107 1412 ρίοδον
1123 1385 1132 1394 ⁸
1152 1377 1184 1403 σὺ
1205 1376 1227 1403 δ’
1243 1375 1351 1402 ἐνταῦθ’
1369 1375 1485 1410 ἕϐδομον
1507 1374 1567 1405 ἔτος
1586 1374 1685 1406 ἕλκων,
1701 1373 1810 1408 ἀνορω-

1019 1424 1102 1458 πίνης
1131 1424 1264 1457 ἄγευστος
1289 1422 1422 1452 διατελεῖς
1450 1421 1565 1455 τροφῆς.
1596 1420 1697 1455 Δανιὴλ
1724 1420 1810 1454 Θηρσὶ

1021 1469 1136 1504 συνῆλθε
1163 1469 1337 1501 θαυμασίως·
1357 1467 1414 1494 ἀλλ’
1434 1467 1535 1500 ὀλίγοις
1548 1467 1579 1501 δή
1598 1475 1663 1499 τισι,
1689 1467 1738 1492 καὶ
1766 1466 1810 1492 ἐπ’

1021 1516 1130 1549 ὀλίγον·
1149 1516 1181 1541 σὺ
1196 1515 1218 1541 δ’
1236 1515 1284 1541 ἐπὶ
1302 1514 1369 1540 πολύ
1391 1522 1430 1546 τε,
1449 1513 1497 1540 καὶ
1524 1513 1644 1544 πολλοῖς,
1661 1513 1690 1539 Ei
1710 1513 1738 1538 δὲ
1764 1512 1813 1538 καὶ

1020 1561 1068 1588 τοῦ
1086 1561 1146 1588 ’1ὼὸ
1160 1560 1295 1595 θαυμάζοι
1307 1568 1350 1591 τις
1361 1560 1411 1594 τὴν
1427 1559 1586 1594 καρτερίαν,
1604 1558 1662 1585 ἀλλ’
1677 1558 1812 1589 ἀκούσιος

1021 1605 1055 1642 ἦν
1075 1606 1211 1641 ἐπιφορά·
1229 1606 1267 1632 σὺν
1282 1605 1304 1632 δ’
1325 1604 1397 1631 ἑκὼν
1412 1606 1469 1636 τοῖς
1488 1604 1594 1635 ἀοίκοις
1618 1604 1664 1630 ἐπὶ
1679 1604 1813 1630 τοσοῦτον

1022 1651 1223 1688 ὲπιχωριάζων,
1249 1651 1404 1677 πολυειδέσι
1435 1650 1483 1677 καὶ
1506 1650 1705 1684 ποικιλοτέροις
1731 1658 1816 1683 περι-

1023 1698 1131 1723 πίπτων
1155 1697 1335 1731 πειρασμοῖς,
1363 1696 1413 1722 οὐκ
1438 1695 1605 1730 ἀπείρηκας.
1629 1695 1675 1721 ’Ἐν
1695 1694 1746 1729 ἤδη
1770 1702 1814 1721 σοι

1022 1743 1162 1769 λείπεται·
1181 1743 1235 1774 τοῖς
1263 1742 1420 1777 ἀνθρώποις
1450 1741 1661 1776 συγγενόμενον,
1687 1740 1814 1774 βελτίους

1023 1789 1121 1820 αὐτοὺς
1141 1788 1365 1823 ἀπεργάσασθαι,
1381 1787 1429 1813 καὶ
1447 1787 1497 1821 τῆς
1522 1786 1575 1821 γῆς
1599 1786 1814 1816 ἀνασπάσαντσ,

1023 1836 1077 1863 τῶν
1098 1835 1221 1870 οὐρανῶν
1237 1834 1378 1866 ἀποδεῖξαι
1402 1834 1526 1865 πολίτας,
1547 1833 1617 1867 πρὸς
1632 1833 1815 1867 παράδειγμα

1025 1881 1169 1917 βλέποντα,
1183 1880 1249 1914 παρ’
1273 1876 1303 1906 οὗ
1325 1879 1371 1905 καὶ
1385 1879 1466 1910 αὐτὸς
1489 1879 1590 1913 ἀρτίως
1610 1878 1736 1912 τυγχάνω
1762 1886 1815 1903 και

1023 1926 1208 1961 ταπτάμενος,
1225 1924 1396 1959 Χριστὸν,δς
1422 1924 1492 1959 μετὰ
1507 1923 1556 1959 τὴν
1577 1923 1621 1950 ἐπ’
1640 1923 1720 1957 ὅρους
1741 1924 1816 1949 ἐκεί-

1025 1979 1074 2006 νην
1103 1971 1252 2005 ἐναγώνιον
1282 1970 1445 2006 διατριϐὴν,
1471 1970 1619 2004 ἐπανήκων
1644 1970 1684 2004 τῷ
1712 1969 1817 2004 πλήθει

1025 2016 1079 2043 τῶν
1118 2015 1271 2050 ἀνθρώπων
1307 2015 1477 2048 συνεγένετο,
1512 2015 1613 2049 νόμους
1662 2015 1817 2050 σωτηρίους

1026 2062 1153 2093 ἔκτιθείς.
1171 2062 1202 2088 Εἰ
1218 2062 1240 2088 δ’
1258 2061 1425 2092 ὑποπτεύεις
1453 2069 1504 2096 μου
1522 2060 1572 2096 τὴν
1597 2060 1764 2095 παρουσίαν,
1778 2061 1818 2092 ὡς

1026 2108 1101 2134 ὰοεεὶ
1127 2107 1326 2142 γεγενημένην,
1355 2105 1412 2140 ἐγώ
1445 2114 1488 2132 σοι
1517 2106 1669 2141 τεκμήριον
1699 2106 1818 2141 ἰναργὲς

1027 2153 1154 2185 ἐπιδείξω
1179 2153 1226 2179 τοῦ
1254 2152 1415 2187 πεμφθῆναι
1443 2151 1512 2186 πρὸς
1538 2151 1618 2179 Θεοῦ.
1648 2151 1732 2178 Δαὸὶδ
1766 2152 1821 2186 μὲν

193 2201 303 2228 numine
318 2200 410 2227 divino
425 2208 432 2227 :
452 2200 598 2227 manifesto
623 2200 671 2227 tibi
694 2199 878 2234 comprobabo
895 2207 968 2234 argu.

1029 2200 1082 2234 γὶιρ
1106 2201 1121 2226 ὁ
1147 2200 1200 2226 τῶν
1217 2199 1300 2226 αὑτοῦ
1326 2199 1488 2234 θαυμασίων
1505 2197 1661 2234 ὑφηγητὴς,
1679 2199 1749 2234 πρ⁵ις
1771 2199 1821 2225 τον

193 2252 296 2279 mento,
313 2254 327 2272 tt
345 2246 399 2273 Deo
415 2246 529 2273 missum
543 2252 616 2273 esse.
636 2245 719 2272 David
736 2253 865 2280 namque,
895 2246 977 2272 mira-

193 2293 286 2320 bilium
302 2292 455 2319 divinorunt
469 2299 568 2327 preco,
591 2291 630 2319 sic
648 2291 730 2318 Deum
755 2292 845 2326 ipsum
862 2291 980 2326 alloqui-

193 2344 237 2365 tur
252 2348 258 2365 :
279 2347 289 2365 ι
306 2338 345 2366 Τιι
359 2338 465 2366 siccasti
483 2338 580 2366 ﬂuvios
599 2338 704 2365 Ethan'
719 2345 726 2370 ;
746 2347 754 2363 I
774 2338 833 2365 illos
854 2338 980 2366 videlicet

193 2384 301 2417 lluvios,
326 2385 372 2420 qui
394 2384 497 2419 jugitt-r
521 2388 679 2416 manarunt,
704 2391 756 2411 non
777 2384 821 2419 qui
850 2385 976 2412 torrentis

194 2431 318 2458 adinstar
336 2434 459 2457 recenter
475 2433 669 2463 proruperunt.
688 2429 721 2456 Et
741 2429 793 2456 alio
808 2428 976 2457 Psalmorum

195 2478 255 2506 loco
270 2485 277 2504 :
296 2486 306 2503 ι
326 2476 419 2504 Posuit
431 2476 518 2503 fontes
533 2483 664 2510 aquarum
681 2475 707 2502 in
718 2476 865 2508 desertum,
878 2481 905 2502 et
920 2476 979 2502 exi-

195 2530 238 2552 tus
263 2530 395 2558 aqnarum
420 2523 446 2549 in
476 2522 561 2553 sitim,
587 2529 601 2548 a
628 2521 732 2548 malitia
760 2521 938 2548 habitantium
955 2521 981 2548 in

195 2570 278 2597 cis“.
298 2578 307 2595 ι
323 2568 492 2604 Quapropter
507 2568 532 2595 in
549 2568 656 2602 signum
668 2589 675 2600 ,
693 2573 718 2594 te
736 2574 843 2602 quoque
859 2575 911 2598 non
926 2575 983 2594 aut-

196 2617 267 2652 plins
282 2616 335 2643 Deo
348 2615 465 2651 propitio
480 2615 643 2642 commorari
659 2614 703 2641 hic
721 2621 803 2648 posse
814 2634 822 2647 ,
839 2621 899 2648 quae
912 2621 983 2648 pra:-

196 2669 206 2691 t
225 2664 296 2691 t-lluit
308 2671 388 2698 aqua,
406 2663 464 2698 ipso
475 2670 524 2697 per
538 2670 579 2690 me
591 2661 704 2696 iubente
717 2680 725 2693 ,
742 2660 849 2689 defecit.
863 2659 983 2688 Cttrave-

1028 2246 1094 2272 Θεδν
1107 2246 1189 2272 αὑτόν
1208 2253 1288 2280 φησι,
1301 2254 1311 2271 ι
1325 2245 1361 2272 Σὺ
1373 2245 1511 2280 ἐξήρανας
1526 2245 1668 2279 ποταμοὺς
1685 2244 1791 2275 Ἥϐαν,
1808 2254 1818 2270 ι

1028 2291 1149 2327 δηλονότι
1175 2292 1239 2323 τοὺς
1265 2291 1408 2323 ἀεννάους.
1430 2292 1478 2318 καὶ
1505 2291 1543 2326 μὴ
1570 2289 1737 2326 προσφάτως
1760 2300 1821 2326 χει-

1031 2339 1136 2374 μάρρου
1165 2338 1266 2373 τρόπον
1291 2338 1515 2373 ἀναδεδομένους.
1552 2338 1682 2372 Ἀλλαχοῦ
1709 2337 1740 2364 δέ
1764 2346 1821 2364 πυ.»

1029 2385 1084 2412 τῶν
1103 2384 1230 2420 ψαλμῶν,
1248 2394 1257 2410 ι
1277 2385 1375 2411 Ἔθετο
1396 2386 1489 2420 πηγὰς
1519 2385 1623 2411 ὑδάτων
1645 2385 1686 2416 εἰς
1701 2385 1821 2420 Ξρημον,

1031 2431 1078 2456 καὶ
1101 2430 1236 2462 διεξόδους
1260 2431 1365 2458 ὑδάτων
1395 2431 1435 2462 εἰς
1456 2430 1547 2465 δίψαν,
1563 2431 1617 2456 ἀπὸ
1638 2431 1739 2461 κακίας
1763 2430 1823 2456 τῶν

1033 2476 1232 2503 κατοικούντων
1247 2477 1277 2503 ἐν
1302 2477 1406 2508 αὐτοῖς.
1426 2485 1436 2502 ι
1456 2477 1510 2502 Καὶ
1526 2476 1556 2502 σὲ
1574 2476 1674 2504 τοίνυν.
1697 2475 1775 2508 παρὰ
1790 2474 1823 2500 τὸ

1031 2523 1156 2557 θεοφιλὲς
1177 2522 1272 2558 μηκέτ’
1300 2520 1372 2549 εἶναι
1397 2522 1537 2548 κατοικεῖν
1566 2520 1696 2552 ἐνταῦθα,
1713 2521 1745 2547 τὺ
1766 2528 1823 2546 πα-

1033 2570 1147 2605 ραρρέον
1166 2568 1258 2604 ὕδωρ,
1274 2568 1358 2595 αὐτοῦ
1379 2568 1413 2594 δι’
1439 2567 1506 2602 ἐμοῦ
1530 2566 1711 2597 κελεύσαντος
1725 2586 1734 2598 ,
1759 2566 1823 2592 ἀπ-

1031 2614 1210 2641 έλιπε.ἰ“οῦτο
1237 2614 1260 2640 δ’
1286 2611 1321 2649 ἦν
1344 2614 1358 2640 ὁ
1377 2612 1507 2647 περιττὸς
1530 2613 1579 2643 τὰς
1605 2611 1737 2643 τοιαύτας
1757 2612 1824 2638 ἐπι-

1029 2661 1104 2691 νοίας
1124 2659 1367 2694 προαναχαιτίσας,
1383 2658 1469 2694 ἑτέρῳ
1482 2657 1595 2693 πονηρῷ
1616 2656 1769 2692 πνεύματι.

194 2717 238 2741 rat
254 2717 344 2739 autem
371 2711 468 2740 fertilis
493 2712 538 2739 ille
564 2710 656 2738 talium
672 2713 909 2741 commentorum,
926 2715 974 2743 per
988 2707 1069 2735 alium
1086 2716 1200 2743 nequam
1224 2708 1370 2743 spiritum,
1391 2713 1489 2743 aquam
1521 2705 1594 2733 illam
1635 2704 1713 2740 prius
1747 2708 1822 2731 retro

194 2770 200 2785 ε
211 2759 337 2793 gendum.

235 2849 326 2875 'l‘sal.
343 2856 438 2882 L\\lll,
460 2850 501 2877 15.
543 2849 563 2863 ν)
579 2847 638 2876 l‘sal
667 2856 720 2882 ενι,
742 2848 786 2876 55.
