  <div class='ocr_page' id='page_1' title='image "/cluster/home/n/w/nwhite01/storage/ocr_20150623/150/njp.32101077773180/573.png"; bbox 0 0 1949 3069; ppageno 0'>
   <div class='ocr_carea' id='block_1_1' title="bbox 197 155 266 188">
    <p class='ocr_par' dir='ltr' id='par_1_1' title="bbox 197 155 266 188">
     <span class='ocr_line' id='line_1_1' title="bbox 197 155 266 188; baseline -0.029 0"><span class='ocrx_word' id='word_1_1' title='bbox 197 155 266 188; x_wconf 77' lang='grc'>1107</span> 
     </span>
    </p>
   </div>
   <div class='ocr_carea' id='block_1_2' title="bbox 197 211 1019 245">
    <p class='ocr_par' dir='ltr' id='par_1_2' title="bbox 197 211 1019 245">
     <span class='ocr_line' id='line_1_2' title="bbox 197 211 1019 245; baseline -0.002 -3"><span class='ocrx_word' id='word_1_2' title='bbox 197 215 287 242; x_wconf 74' lang='lat' dir='ltr'><strong>ritatis</strong></span> <span class='ocrx_word' id='word_1_3' title='bbox 303 214 411 245; x_wconf 76' lang='lat' dir='ltr'><strong>throno,</strong></span> <span class='ocrx_word' id='word_1_4' title='bbox 426 213 469 240; x_wconf 89' lang='lat' dir='ltr'><strong>ubi</strong></span> <span class='ocrx_word' id='word_1_5' title='bbox 489 213 642 240; x_wconf 76' lang='lat' dir='ltr'><strong>intellectus</strong></span> <span class='ocrx_word' id='word_1_6' title='bbox 656 217 683 239; x_wconf 85' lang='lat' dir='ltr'><strong>et</strong></span> <span class='ocrx_word' id='word_1_7' title='bbox 694 220 790 239; x_wconf 82' lang='lat' dir='ltr'><strong>omnes</strong></span> <span class='ocrx_word' id='word_1_8' title='bbox 805 216 869 238; x_wconf 89' lang='lat' dir='ltr'><strong>sunt</strong></span> <span class='ocrx_word' id='word_1_9' title='bbox 885 211 977 240; x_wconf 71' lang='lat' dir='ltr'><strong>cordis</strong></span> <span class='ocrx_word' id='word_1_10' title='bbox 998 212 1019 240; x_wconf 70' lang='grc' dir='ltr'>Λ</span> 
     </span>
    </p>
   </div>
   <div class='ocr_carea' id='block_1_3' title="bbox 197 259 680 297">
    <p class='ocr_par' dir='ltr' id='par_1_3' title="bbox 197 259 680 297">
     <span class='ocr_line' id='line_1_3' title="bbox 197 259 680 297; baseline -0.006 -8"><span class='ocrx_word' id='word_1_11' title='bbox 197 261 390 297; x_wconf 69' lang='lat' dir='ltr'><strong>cogitationes,</strong></span> <span class='ocrx_word' id='word_1_12' title='bbox 407 261 433 287; x_wconf 91' lang='lat' dir='ltr'><strong>in</strong></span> <span class='ocrx_word' id='word_1_13' title='bbox 446 260 529 286; x_wconf 83' lang='lat' dir='ltr'><strong>corde</strong></span> <span class='ocrx_word' id='word_1_14' title='bbox 544 259 680 286; x_wconf 85' lang='lat' dir='ltr'><strong>videlicet.</strong></span> 
     </span>
    </p>
   </div>
   <div class='ocr_carea' id='block_1_4' title="bbox 230 304 981 341">
    <p class='ocr_par' dir='ltr' id='par_1_4' title="bbox 230 304 981 341">
     <span class='ocr_line' id='line_1_4' title="bbox 230 304 981 341; baseline -0.007 -6"><span class='ocrx_word' id='word_1_15' title='bbox 230 307 326 335; x_wconf 77' lang='lat' dir='ltr'><strong>Cernis</strong></span> <span class='ocrx_word' id='word_1_16' title='bbox 341 306 476 341; x_wconf 91' lang='lat' dir='ltr'><strong>qttomodo</strong></span> <span class='ocrx_word' id='word_1_17' title='bbox 490 305 600 340; x_wconf 85' lang='lat' dir='ltr'><strong>penitus</strong></span> <span class='ocrx_word' id='word_1_18' title='bbox 609 305 645 332; x_wconf 89' lang='lat' dir='ltr'><strong>sit</strong></span> <span class='ocrx_word' id='word_1_19' title='bbox 659 311 772 332; x_wconf 69' lang='lat' dir='ltr'><strong>necesse</strong></span> <span class='ocrx_word' id='word_1_20' title='bbox 783 308 810 332; x_wconf 84' lang='lat' dir='ltr'><strong>ut</strong></span> <span class='ocrx_word' id='word_1_21' title='bbox 827 305 871 338; x_wconf 89' lang='lat' dir='ltr'><strong>qui</strong></span> <span class='ocrx_word' id='word_1_22' title='bbox 887 304 981 331; x_wconf 85' lang='lat' dir='ltr'><strong>volunt</strong></span> 
     </span>
    </p>
   </div>
   <div class='ocr_carea' id='block_1_5' title="bbox 195 351 982 387">
    <p class='ocr_par' dir='ltr' id='par_1_5' title="bbox 195 351 982 387">
     <span class='ocr_line' id='line_1_5' title="bbox 195 351 982 387; baseline -0.003 -7"><span class='ocrx_word' id='word_1_23' title='bbox 195 354 223 381; x_wconf 88' lang='lat' dir='ltr'><strong>in</strong></span> <span class='ocrx_word' id='word_1_24' title='bbox 239 353 331 387; x_wconf 86' lang='lat' dir='ltr'><strong>quiete</strong></span> <span class='ocrx_word' id='word_1_25' title='bbox 345 352 455 379; x_wconf 87' lang='lat' dir='ltr'><strong>sibituet</strong></span> <span class='ocrx_word' id='word_1_26' title='bbox 470 352 623 383; x_wconf 83' lang='lat' dir='ltr'><strong>attendere,</strong></span> <span class='ocrx_word' id='word_1_27' title='bbox 643 351 774 378; x_wconf 93' lang='lat' dir='ltr'><strong>reducant</strong></span> <span class='ocrx_word' id='word_1_28' title='bbox 794 356 822 378; x_wconf 91' lang='lat' dir='ltr'><strong>et</strong></span> <span class='ocrx_word' id='word_1_29' title='bbox 840 351 982 378; x_wconf 87' lang='lat' dir='ltr'><strong>includaut</strong></span> 
     </span>
    </p>
   </div>
   <div class='ocr_carea' id='block_1_6' title="bbox 196 397 981 432">
    <p class='ocr_par' dir='ltr' id='par_1_6' title="bbox 196 397 981 432">
     <span class='ocr_line' id='line_1_6' title="bbox 196 397 981 432; baseline -0.005 -6"><span class='ocrx_word' id='word_1_30' title='bbox 196 400 269 426; x_wconf 87' lang='lat' dir='ltr'><strong>intra</strong></span> <span class='ocrx_word' id='word_1_31' title='bbox 297 406 401 432; x_wconf 80' lang='lat' dir='ltr'><strong>corpus</strong></span> <span class='ocrx_word' id='word_1_32' title='bbox 412 402 541 430; x_wconf 86' lang='lat' dir='ltr'><strong>tuentem,</strong></span> <span class='ocrx_word' id='word_1_33' title='bbox 572 405 603 424; x_wconf 85' lang='lat' dir='ltr'><strong>ac</strong></span> <span class='ocrx_word' id='word_1_34' title='bbox 632 398 790 431; x_wconf 75' lang='lat' dir='ltr'><strong>przesertitn&#39;</strong></span> <span class='ocrx_word' id='word_1_35' title='bbox 819 397 889 423; x_wconf 86' lang='lat' dir='ltr'><strong>intra</strong></span> <span class='ocrx_word' id='word_1_36' title='bbox 918 397 981 423; x_wconf 89' lang='lat' dir='ltr'><strong>illud</strong></span> 
     </span>
    </p>
   </div>
   <div class='ocr_carea' id='block_1_7' title="bbox 195 443 982 479">
    <p class='ocr_par' dir='ltr' id='par_1_7' title="bbox 195 443 982 479">
     <span class='ocr_line' id='line_1_7' title="bbox 195 443 982 479; baseline -0.005 -7"><span class='ocrx_word' id='word_1_37' title='bbox 195 445 267 479; x_wconf 89' lang='lat' dir='ltr'><strong>quod</strong></span> <span class='ocrx_word' id='word_1_38' title='bbox 283 449 325 472; x_wconf 83' lang='lat' dir='ltr'><strong>est</strong></span> <span class='ocrx_word' id='word_1_39' title='bbox 338 444 456 471; x_wconf 79' lang='lat' dir='ltr'><strong>maxime</strong></span> <span class='ocrx_word' id='word_1_40' title='bbox 469 443 595 470; x_wconf 87' lang='lat' dir='ltr'><strong>intimum</strong></span> <span class='ocrx_word' id='word_1_41' title='bbox 613 443 639 469; x_wconf 92' lang='lat' dir='ltr'><strong>in</strong></span> <span class='ocrx_word' id='word_1_42' title='bbox 655 449 768 477; x_wconf 89' lang='lat' dir='ltr'><strong>corpore</strong></span> <span class='ocrx_word' id='word_1_43' title='bbox 783 450 893 477; x_wconf 83' lang='lat' dir='ltr'><strong>corpus,</strong></span> <span class='ocrx_word' id='word_1_44' title='bbox 910 444 982 476; x_wconf 78' lang='lat' dir='ltr'><strong>quod</strong></span> 
     </span>
    </p>
   </div>
   <div class='ocr_carea' id='block_1_8' title="bbox 195 488 982 526">
    <p class='ocr_par' dir='ltr' id='par_1_8' title="bbox 195 488 982 526">
     <span class='ocr_line' id='line_1_8' title="bbox 195 488 982 526; baseline -0.005 -8"><span class='ocrx_word' id='word_1_45' title='bbox 195 499 294 526; x_wconf 84' lang='lat' dir='ltr'><strong>nempe</strong></span> <span class='ocrx_word' id='word_1_46' title='bbox 307 499 355 519; x_wconf 88' lang='lat' dir='ltr'><strong>cor</strong></span> <span class='ocrx_word' id='word_1_47' title='bbox 367 495 547 525; x_wconf 73' lang='lat' dir='ltr'><strong>nuncupatur.</strong></span> <span class='ocrx_word' id='word_1_48' title='bbox 557 489 633 523; x_wconf 87' lang='lat' dir='ltr'><strong>Quod</strong></span> <span class='ocrx_word' id='word_1_49' title='bbox 645 490 678 521; x_wconf 85' lang='lat' dir='ltr'><strong>si,</strong></span> <span class='ocrx_word' id='word_1_50' title='bbox 687 489 762 524; x_wconf 77' lang='lat' dir='ltr'><strong>juxta</strong></span> <span class='ocrx_word' id='word_1_51' title='bbox 776 488 946 516; x_wconf 87' lang='lat' dir='ltr'><strong>Psalmistam</strong></span> <span class='ocrx_word' id='word_1_52' title='bbox 960 490 982 521; x_wconf 79' lang='lat'><strong>&#39;,</strong></span> 
     </span>
    </p>
   </div>
   <div class='ocr_carea' id='block_1_9' title="bbox 198 535 983 573">
    <p class='ocr_par' dir='ltr' id='par_1_9' title="bbox 198 535 983 573">
     <span class='ocr_line' id='line_1_9' title="bbox 198 535 983 573; baseline -0.004 -8"><span class='ocrx_word' id='word_1_53' title='bbox 198 548 207 564; x_wconf 76' lang='grc' dir='ltr'><strong>ι</strong></span> <span class='ocrx_word' id='word_1_54' title='bbox 228 538 324 565; x_wconf 86' lang='lat' dir='ltr'><strong>Omnis</strong></span> <span class='ocrx_word' id='word_1_55' title='bbox 341 537 427 573; x_wconf 78' lang='lat' dir='ltr'><strong>gloria</strong></span> <span class='ocrx_word' id='word_1_56' title='bbox 443 536 505 563; x_wconf 79' lang='lat' dir='ltr'><strong>lilia:</strong></span> <span class='ocrx_word' id='word_1_57' title='bbox 518 537 587 571; x_wconf 80' lang='lat' dir='ltr'><strong>regis</strong></span> <span class='ocrx_word' id='word_1_58' title='bbox 601 535 635 562; x_wconf 88' lang='lat' dir='ltr'><strong>ab</strong></span> <span class='ocrx_word' id='word_1_59' title='bbox 648 535 730 568; x_wconf 87' lang='lat' dir='ltr'><strong>intus,</strong></span> <span class='ocrx_word' id='word_1_60' title='bbox 752 544 760 560; x_wconf 74' lang='grc' dir='ltr'><strong>ι</strong></span> <span class='ocrx_word' id='word_1_61' title='bbox 782 535 918 570; x_wconf 86' lang='lat' dir='ltr'><strong>quomodo</strong></span> <span class='ocrx_word' id='word_1_62' title='bbox 932 542 983 562; x_wconf 85' lang='lat' dir='ltr'><strong>nos</strong></span> 
     </span>
    </p>
   </div>
   <div class='ocr_carea' id='block_1_10' title="bbox 194 580 980 617">
    <p class='ocr_par' dir='ltr' id='par_1_10' title="bbox 194 580 980 617">
     <span class='ocr_line' id='line_1_10' title="bbox 194 580 980 617; baseline -0.005 -6"><span class='ocrx_word' id='word_1_63' title='bbox 194 584 269 611; x_wconf 81' lang='lat' dir='ltr'><strong>illam</strong></span> <span class='ocrx_word' id='word_1_64' title='bbox 297 583 364 610; x_wconf 78' lang='lat' dir='ltr'><strong>foris</strong></span> <span class='ocrx_word' id='word_1_65' title='bbox 381 590 533 617; x_wconf 57' lang='lat' dir='ltr'><strong>quieratnus</strong></span> <span class='ocrx_word' id='word_1_66' title='bbox 549 582 562 608; x_wconf 60' lang='lat'><strong>&#39;2</strong></span> <span class='ocrx_word' id='word_1_67' title='bbox 577 580 610 608; x_wconf 90' lang='lat' dir='ltr'><strong>Et</strong></span> <span class='ocrx_word' id='word_1_68' title='bbox 629 582 664 613; x_wconf 90' lang='lat' dir='ltr'><strong>si,</strong></span> <span class='ocrx_word' id='word_1_69' title='bbox 680 582 760 616; x_wconf 85' lang='lat' dir='ltr'><strong>juxta</strong></span> <span class='ocrx_word' id='word_1_70' title='bbox 783 581 941 615; x_wconf 80' lang='lat' dir='ltr'><strong>Apostolnm</strong></span> <span class='ocrx_word' id='word_1_71' title='bbox 960 581 980 612; x_wconf 89' lang='grc'>³,</span> 
     </span>
    </p>
   </div>
   <div class='ocr_carea' id='block_1_11' title="bbox 198 627 972 663">
    <p class='ocr_par' dir='ltr' id='par_1_11' title="bbox 198 627 972 663">
     <span class='ocr_line' id='line_1_11' title="bbox 198 627 972 663; baseline -0.004 -6"><span class='ocrx_word' id='word_1_72' title='bbox 198 641 209 657; x_wconf 74' lang='grc' dir='ltr'><strong>ι</strong></span> <span class='ocrx_word' id='word_1_73' title='bbox 226 631 300 659; x_wconf 82' lang='lat' dir='ltr'><strong>Misit</strong></span> <span class='ocrx_word' id='word_1_74' title='bbox 329 629 401 657; x_wconf 88' lang='lat' dir='ltr'><strong>Deus</strong></span> <span class='ocrx_word' id='word_1_75' title='bbox 418 629 548 663; x_wconf 89' lang='lat' dir='ltr'><strong>Spiritttm</strong></span> <span class='ocrx_word' id='word_1_76' title='bbox 566 636 645 656; x_wconf 85' lang='lat' dir='ltr'><strong>suum</strong></span> <span class='ocrx_word' id='word_1_77' title='bbox 667 629 693 654; x_wconf 84' lang='lat' dir='ltr'><strong>in</strong></span> <span class='ocrx_word' id='word_1_78' title='bbox 713 628 840 655; x_wconf 84' lang='lat' dir='ltr'><strong>cordibus</strong></span> <span class='ocrx_word' id='word_1_79' title='bbox 871 627 972 654; x_wconf 87' lang='lat' dir='ltr'><strong>nostris</strong></span> 
     </span>
    </p>
   </div>
   <div class='ocr_carea' id='block_1_12' title="bbox 196 674 972 706">
    <p class='ocr_par' dir='ltr' id='par_1_12' title="bbox 196 674 972 706">
     <span class='ocr_line' id='line_1_12' title="bbox 196 674 972 706; baseline -0.004 -3"><span class='ocrx_word' id='word_1_80' title='bbox 196 678 359 704; x_wconf 79' lang='lat' dir='ltr'><strong>clamantem</strong></span> <span class='ocrx_word' id='word_1_81' title='bbox 375 683 382 704; x_wconf 91' lang='lat'>:</span> <span class='ocrx_word' id='word_1_82' title='bbox 398 674 484 706; x_wconf 82' lang='lat' dir='ltr'><strong>Abba,</strong></span> <span class='ocrx_word' id='word_1_83' title='bbox 500 675 591 706; x_wconf 78' lang='lat' dir='ltr'><strong>Pater,</strong></span> <span class='ocrx_word' id='word_1_84' title='bbox 613 683 622 699; x_wconf 76' lang='grc' dir='ltr'><strong>ι</strong></span> <span class='ocrx_word' id='word_1_85' title='bbox 642 681 692 701; x_wconf 88' lang='lat' dir='ltr'><strong>cur</strong></span> <span class='ocrx_word' id='word_1_86' title='bbox 709 681 762 700; x_wconf 88' lang='lat' dir='ltr'><strong>tton</strong></span> <span class='ocrx_word' id='word_1_87' title='bbox 775 680 801 701; x_wconf 91' lang='lat' dir='ltr'><strong>et</strong></span> <span class='ocrx_word' id='word_1_88' title='bbox 819 681 869 701; x_wconf 84' lang='lat' dir='ltr'><strong>nos</strong></span> <span class='ocrx_word' id='word_1_89' title='bbox 882 674 909 700; x_wconf 89' lang='lat' dir='ltr'><strong>itt</strong></span> <span class='ocrx_word' id='word_1_90' title='bbox 923 681 972 700; x_wconf 87' lang='lat' dir='ltr'><strong>cor</strong></span> 
     </span>
    </p>
   </div>
   <div class='ocr_carea' id='block_1_13' title="bbox 197 717 984 754">
    <p class='ocr_par' dir='ltr' id='par_1_13' title="bbox 197 717 984 754">
     <span class='ocr_line' id='line_1_13' title="bbox 197 717 984 754; baseline -0.004 -6"><span class='ocrx_word' id='word_1_91' title='bbox 197 722 278 748; x_wconf 88' lang='lat' dir='ltr'><strong>dibtts</strong></span> <span class='ocrx_word' id='word_1_92' title='bbox 292 720 393 747; x_wconf 82' lang='lat' dir='ltr'><strong>nostris</strong></span> <span class='ocrx_word' id='word_1_93' title='bbox 413 727 475 746; x_wconf 89' lang='lat' dir='ltr'><strong>cum</strong></span> <span class='ocrx_word' id='word_1_94' title='bbox 489 718 594 754; x_wconf 87' lang='lat' dir='ltr'><strong>Spiritu</strong></span> <span class='ocrx_word' id='word_1_95' title='bbox 612 719 788 752; x_wconf 84' lang='lat' dir='ltr'><strong>preeabimur</strong></span> <span class='ocrx_word' id='word_1_96' title='bbox 804 719 816 744; x_wconf 65' lang='grc' dir='ltr'><em>ἲ</em></span> <span class='ocrx_word' id='word_1_97' title='bbox 831 717 860 745; x_wconf 87' lang='lat' dir='ltr'><strong>Si</strong></span> <span class='ocrx_word' id='word_1_98' title='bbox 882 718 984 748; x_wconf 84' lang='lat' dir='ltr'><strong>adhuc.</strong></span> 
     </span>
    </p>
   </div>
   <div class='ocr_carea' id='block_1_14' title="bbox 199 763 981 800">
    <p class='ocr_par' dir='ltr' id='par_1_14' title="bbox 199 763 981 800">
     <span class='ocr_line' id='line_1_14' title="bbox 199 763 981 800; baseline -0.003 -7"><span class='ocrx_word' id='word_1_99' title='bbox 199 772 230 794; x_wconf 87' lang='lat' dir='ltr'><strong>ut</strong></span> <span class='ocrx_word' id='word_1_100' title='bbox 260 767 299 794; x_wconf 88' lang='lat' dir='ltr'><strong>ait</strong></span> <span class='ocrx_word' id='word_1_101' title='bbox 325 764 518 800; x_wconf 85' lang='lat' dir='ltr'><strong>prophetarum</strong></span> <span class='ocrx_word' id='word_1_102' title='bbox 553 770 580 791; x_wconf 86' lang='lat' dir='ltr'><strong>et</strong></span> <span class='ocrx_word' id='word_1_103' title='bbox 597 764 779 799; x_wconf 81' lang='lat' dir='ltr'><strong>apostolorum</strong></span> <span class='ocrx_word' id='word_1_104' title='bbox 809 763 937 791; x_wconf 88' lang='lat' dir='ltr'><strong>Dominus</strong></span> <span class='ocrx_word' id='word_1_105' title='bbox 960 764 981 796; x_wconf 72' lang='grc'>⁵,</span> 
     </span>
    </p>
   </div>
   <div class='ocr_carea' id='block_1_15' title="bbox 200 807 985 847">
    <p class='ocr_par' dir='ltr' id='par_1_15' title="bbox 200 807 985 847">
     <span class='ocr_line' id='line_1_15' title="bbox 200 807 985 847; baseline -0.003 -9"><span class='ocrx_word' id='word_1_106' title='bbox 200 822 210 838; x_wconf 77' lang='grc' dir='ltr'><strong>ι</strong></span> <span class='ocrx_word' id='word_1_107' title='bbox 229 813 351 847; x_wconf 75' lang='lat' dir='ltr'><strong>Regnum</strong></span> <span class='ocrx_word' id='word_1_108' title='bbox 375 811 506 838; x_wconf 69' lang='lat' dir='ltr'><strong>cwlorutn</strong></span> <span class='ocrx_word' id='word_1_109' title='bbox 524 807 594 836; x_wconf 85' lang='lat' dir='ltr'><strong>intra</strong></span> <span class='ocrx_word' id='word_1_110' title='bbox 616 817 667 837; x_wconf 85' lang='lat' dir='ltr'><strong>nos</strong></span> <span class='ocrx_word' id='word_1_111' title='bbox 690 814 741 842; x_wconf 91' lang='lat' dir='ltr'><strong>est,</strong></span> <span class='ocrx_word' id='word_1_112' title='bbox 761 819 770 835; x_wconf 84' lang='grc'><strong>›</strong></span> <span class='ocrx_word' id='word_1_113' title='bbox 793 817 883 837; x_wconf 89' lang='lat' dir='ltr'><strong>nonne</strong></span> <span class='ocrx_word' id='word_1_114' title='bbox 910 815 985 836; x_wconf 80' lang='lat' dir='ltr'><strong>extra</strong></span> 
     </span>
    </p>
   </div>
   <div class='ocr_carea' id='block_1_16' title="bbox 198 848 1024 904">
    <p class='ocr_par' dir='ltr' id='par_1_16' title="bbox 198 848 1024 904">
     <span class='ocr_line' id='line_1_16' title="bbox 198 848 1024 904; baseline -0.004 -19"><span class='ocrx_word' id='word_1_115' title='bbox 198 848 312 893; x_wconf 78' lang='lat' dir='ltr'><strong>regnum</strong></span> <span class='ocrx_word' id='word_1_116' title='bbox 326 857 461 884; x_wconf 77' lang='lat' dir='ltr'><strong>cmlorutu</strong></span> <span class='ocrx_word' id='word_1_117' title='bbox 481 860 522 883; x_wconf 83' lang='lat' dir='ltr'><strong>est</strong></span> <span class='ocrx_word' id='word_1_118' title='bbox 538 856 583 890; x_wconf 95' lang='lat' dir='ltr'><strong>qui</strong></span> <span class='ocrx_word' id='word_1_119' title='bbox 601 862 634 882; x_wconf 85' lang='lat' dir='ltr'><strong>ex</strong></span> <span class='ocrx_word' id='word_1_120' title='bbox 652 855 748 882; x_wconf 86' lang='lat' dir='ltr'><strong>intima</strong></span> <span class='ocrx_word' id='word_1_121' title='bbox 772 856 813 882; x_wconf 88' lang='lat' dir='ltr'><strong>sui</strong></span> <span class='ocrx_word' id='word_1_122' title='bbox 830 860 917 890; x_wconf 79' lang='lat' dir='ltr'><strong>tparte</strong></span> <span class='ocrx_word' id='word_1_123' title='bbox 945 856 986 882; x_wconf 91' lang='lat' dir='ltr'><strong>in-</strong></span> <span class='ocrx_word' id='word_1_124' title='bbox 1004 876 1024 904; x_wconf 66' lang='grc' dir='ltr'><strong><em>Β</em></strong></span> 
     </span>
    </p>
   </div>
   <div class='ocr_carea' id='block_1_17' title="bbox 201 900 985 937">
    <p class='ocr_par' dir='ltr' id='par_1_17' title="bbox 201 900 985 937">
     <span class='ocr_line' id='line_1_17' title="bbox 201 900 985 937; baseline -0.005 -5"><span class='ocrx_word' id='word_1_125' title='bbox 201 905 337 932; x_wconf 88' lang='lat' dir='ltr'><strong>tellectum</strong></span> <span class='ocrx_word' id='word_1_126' title='bbox 351 903 490 937; x_wconf 74' lang='lat' dir='ltr'><strong>expellere</strong></span> <span class='ocrx_word' id='word_1_127' title='bbox 516 901 661 936; x_wconf 82' lang='lat' dir='ltr'><strong>diligenter</strong></span> <span class='ocrx_word' id='word_1_128' title='bbox 693 900 784 928; x_wconf 85' lang='lat' dir='ltr'><strong>studet</strong></span> <span class='ocrx_word' id='word_1_129' title='bbox 799 901 835 928; x_wconf 67' lang='grc' dir='ltr'><strong>τι</strong></span> <span class='ocrx_word' id='word_1_130' title='bbox 854 901 908 928; x_wconf 77' lang='lat' dir='ltr'><strong>Cor</strong></span> <span class='ocrx_word' id='word_1_131' title='bbox 936 908 985 928; x_wconf 85' lang='lat' dir='ltr'><strong>no-</strong></span> 
     </span>
    </p>
   </div>
   <div class='ocr_carea' id='block_1_18' title="bbox 200 947 984 982">
    <p class='ocr_par' dir='ltr' id='par_1_18' title="bbox 200 947 984 982">
     <span class='ocr_line' id='line_1_18' title="bbox 200 947 984 982; baseline -0.005 -5"><span class='ocrx_word' id='word_1_132' title='bbox 200 954 299 982; x_wconf 86' lang='lat' dir='ltr'><strong>strum,</strong></span> <span class='ocrx_word' id='word_1_133' title='bbox 317 949 356 975; x_wconf 84' lang='lat' dir='ltr'><strong>ait</strong></span> <span class='ocrx_word' id='word_1_134' title='bbox 383 947 512 974; x_wconf 86' lang='lat' dir='ltr'><strong>Salomon</strong></span> <span class='ocrx_word' id='word_1_135' title='bbox 527 947 538 963; x_wconf 83' lang='grc'><strong><em>⁸</em></strong></span> <span class='ocrx_word' id='word_1_136' title='bbox 554 967 562 978; x_wconf 82' lang='lat'><strong>,</strong></span> <span class='ocrx_word' id='word_1_137' title='bbox 578 947 693 982; x_wconf 88' lang='lat' dir='ltr'><strong>ittquirit</strong></span> <span class='ocrx_word' id='word_1_138' title='bbox 706 947 876 978; x_wconf 72' lang='lat' dir='ltr'><strong>scientiam.)</strong></span> <span class='ocrx_word' id='word_1_139' title='bbox 902 955 984 981; x_wconf 88' lang='lat' dir='ltr'><strong>qttattt</strong></span> 
     </span>
    </p>
   </div>
   <div class='ocr_carea' id='block_1_19' title="bbox 198 992 985 1028">
    <p class='ocr_par' dir='ltr' id='par_1_19' title="bbox 198 992 985 1028">
     <span class='ocr_line' id='line_1_19' title="bbox 198 992 985 1028; baseline -0.004 -6"><span class='ocrx_word' id='word_1_140' title='bbox 198 995 270 1022; x_wconf 84' lang='lat' dir='ltr'><strong>idem</strong></span> <span class='ocrx_word' id='word_1_141' title='bbox 299 993 493 1028; x_wconf 75' lang='lat' dir='ltr'><strong>intelligibilent</strong></span> <span class='ocrx_word' id='word_1_142' title='bbox 511 997 538 1019; x_wconf 82' lang='lat' dir='ltr'><strong>et</strong></span> <span class='ocrx_word' id='word_1_143' title='bbox 564 993 683 1019; x_wconf 88' lang='lat' dir='ltr'><strong>divittatn</strong></span> <span class='ocrx_word' id='word_1_144' title='bbox 713 992 868 1027; x_wconf 85' lang='lat' dir='ltr'><strong>appellavit.</strong></span> <span class='ocrx_word' id='word_1_145' title='bbox 893 993 924 1019; x_wconf 86' lang='lat' dir='ltr'><strong>Et</strong></span> <span class='ocrx_word' id='word_1_146' title='bbox 953 993 985 1019; x_wconf 93' lang='lat' dir='ltr'><strong>ad</strong></span> 
     </span>
    </p>
   </div>
   <div class='ocr_carea' id='block_1_20' title="bbox 200 1038 985 1071">
    <p class='ocr_par' dir='ltr' id='par_1_20' title="bbox 200 1038 985 1071">
     <span class='ocr_line' id='line_1_20' title="bbox 200 1038 985 1071; baseline -0.004 -3"><span class='ocrx_word' id='word_1_147' title='bbox 200 1042 272 1068; x_wconf 89' lang='lat' dir='ltr'><strong>Itane</strong></span> <span class='ocrx_word' id='word_1_148' title='bbox 301 1039 395 1066; x_wconf 80' lang='lat' dir='ltr'><strong>Patres</strong></span> <span class='ocrx_word' id='word_1_149' title='bbox 423 1042 537 1066; x_wconf 88' lang='lat' dir='ltr'><strong>cunctos</strong></span> <span class='ocrx_word' id='word_1_150' title='bbox 563 1038 741 1065; x_wconf 83' lang='lat' dir='ltr'><strong>exhortantes</strong></span> <span class='ocrx_word' id='word_1_151' title='bbox 757 1058 765 1071; x_wconf 91' lang='lat'><strong>,</strong></span> <span class='ocrx_word' id='word_1_152' title='bbox 785 1047 794 1064; x_wconf 82' lang='lat' dir='ltr'><strong>I</strong></span> <span class='ocrx_word' id='word_1_153' title='bbox 818 1039 985 1068; x_wconf 76' lang='lat' dir='ltr'><strong>Intellectus.</strong></span> 
     </span>
    </p>
   </div>
   <div class='ocr_carea' id='block_1_21' title="bbox 198 1085 986 1122">
    <p class='ocr_par' dir='ltr' id='par_1_21' title="bbox 198 1085 986 1122">
     <span class='ocr_line' id='line_1_21' title="bbox 198 1085 986 1122; baseline -0.004 -8"><span class='ocrx_word' id='word_1_154' title='bbox 198 1087 336 1122; x_wconf 84' lang='lat' dir='ltr'><strong>inquiunt,</strong></span> <span class='ocrx_word' id='word_1_155' title='bbox 367 1085 489 1120; x_wconf 80' lang='lat' dir='ltr'><strong>perfecte</strong></span> <span class='ocrx_word' id='word_1_156' title='bbox 517 1085 666 1120; x_wconf 82' lang='lat' dir='ltr'><strong>spiritualis</strong></span> <span class='ocrx_word' id='word_1_157' title='bbox 695 1085 830 1119; x_wconf 82' lang='lat' dir='ltr'><strong>spirituali</strong></span> <span class='ocrx_word' id='word_1_158' title='bbox 863 1085 986 1112; x_wconf 88' lang='lat' dir='ltr'><strong>induitur</strong></span> 
     </span>
    </p>
   </div>
   <div class='ocr_carea' id='block_1_22' title="bbox 198 1130 984 1166">
    <p class='ocr_par' dir='ltr' id='par_1_22' title="bbox 198 1130 984 1166">
     <span class='ocr_line' id='line_1_22' title="bbox 198 1130 984 1166; baseline -0.003 -6"><span class='ocrx_word' id='word_1_159' title='bbox 198 1133 335 1165; x_wconf 82' lang='lat' dir='ltr'><strong>scientia;</strong></span> <span class='ocrx_word' id='word_1_160' title='bbox 351 1139 432 1166; x_wconf 89' lang='lat' dir='ltr'><strong>quam</strong></span> <span class='ocrx_word' id='word_1_161' title='bbox 461 1132 489 1157; x_wconf 87' lang='lat' dir='ltr'><strong>in</strong></span> <span class='ocrx_word' id='word_1_162' title='bbox 517 1130 606 1163; x_wconf 85' lang='lat' dir='ltr'><strong>nobis.</strong></span> <span class='ocrx_word' id='word_1_163' title='bbox 623 1130 686 1158; x_wconf 86' lang='lat' dir='ltr'><strong>licet</strong></span> <span class='ocrx_word' id='word_1_164' title='bbox 719 1131 746 1158; x_wconf 89' lang='lat' dir='ltr'><strong>in</strong></span> <span class='ocrx_word' id='word_1_165' title='bbox 773 1131 851 1158; x_wconf 83' lang='lat' dir='ltr'><strong>nobis</strong></span> <span class='ocrx_word' id='word_1_166' title='bbox 867 1139 919 1159; x_wconf 87' lang='lat' dir='ltr'><strong>non</strong></span> <span class='ocrx_word' id='word_1_167' title='bbox 938 1132 984 1164; x_wconf 83' lang='lat' dir='ltr'><strong>sit,</strong></span> 
     </span>
    </p>
   </div>
   <div class='ocr_carea' id='block_1_23' title="bbox 199 1177 579 1215">
    <p class='ocr_par' dir='ltr' id='par_1_23' title="bbox 199 1177 579 1215">
     <span class='ocr_line' id='line_1_23' title="bbox 199 1177 579 1215; baseline -0.013 -8"><span class='ocrx_word' id='word_1_168' title='bbox 199 1186 322 1215; x_wconf 73' lang='lat' dir='ltr'><strong>quaerere</strong></span> <span class='ocrx_word' id='word_1_169' title='bbox 337 1186 370 1205; x_wconf 90' lang='lat' dir='ltr'><strong>ne</strong></span> <span class='ocrx_word' id='word_1_170' title='bbox 381 1177 548 1205; x_wconf 86' lang='lat' dir='ltr'><strong>desinamus.</strong></span> <span class='ocrx_word' id='word_1_171' title='bbox 568 1186 579 1202; x_wconf 77' lang='grc' dir='ltr'><strong>ι</strong></span> 
     </span>
    </p>
   </div>
   <div class='ocr_carea' id='block_1_24' title="bbox 235 1223 985 1258">
    <p class='ocr_par' dir='ltr' id='par_1_24' title="bbox 235 1223 985 1258">
     <span class='ocr_line' id='line_1_24' title="bbox 235 1223 985 1258; baseline -0.004 -6"><span class='ocrx_word' id='word_1_172' title='bbox 235 1225 330 1257; x_wconf 84' lang='lat' dir='ltr'><strong>Vides,</strong></span> <span class='ocrx_word' id='word_1_173' title='bbox 348 1224 370 1251; x_wconf 89' lang='lat' dir='ltr'><strong>si</strong></span> <span class='ocrx_word' id='word_1_174' title='bbox 387 1225 448 1257; x_wconf 84' lang='lat' dir='ltr'><strong>quis</strong></span> <span class='ocrx_word' id='word_1_175' title='bbox 471 1228 583 1258; x_wconf 88' lang='lat' dir='ltr'><strong>peccato</strong></span> <span class='ocrx_word' id='word_1_176' title='bbox 601 1223 731 1250; x_wconf 87' lang='lat' dir='ltr'><strong>resistere</strong></span> <span class='ocrx_word' id='word_1_177' title='bbox 750 1223 825 1256; x_wconf 81' lang='lat' dir='ltr'><strong>velit,</strong></span> <span class='ocrx_word' id='word_1_178' title='bbox 842 1227 870 1250; x_wconf 85' lang='lat' dir='ltr'><strong>et</strong></span> <span class='ocrx_word' id='word_1_179' title='bbox 897 1223 985 1250; x_wconf 77' lang='lat' dir='ltr'><strong>virtu-</strong></span> 
     </span>
    </p>
   </div>
   <div class='ocr_carea' id='block_1_25' title="bbox 200 1269 985 1304">
    <p class='ocr_par' dir='ltr' id='par_1_25' title="bbox 200 1269 985 1304">
     <span class='ocr_line' id='line_1_25' title="bbox 200 1269 985 1304; baseline -0.005 -5"><span class='ocrx_word' id='word_1_180' title='bbox 200 1277 254 1299; x_wconf 86' lang='lat' dir='ltr'><strong>tem</strong></span> <span class='ocrx_word' id='word_1_181' title='bbox 271 1270 414 1304; x_wconf 85' lang='lat' dir='ltr'><strong>consequi,</strong></span> <span class='ocrx_word' id='word_1_182' title='bbox 443 1277 476 1296; x_wconf 89' lang='lat' dir='ltr'><strong>ac</strong></span> <span class='ocrx_word' id='word_1_183' title='bbox 504 1269 566 1296; x_wconf 86' lang='lat' dir='ltr'><strong>boni</strong></span> <span class='ocrx_word' id='word_1_184' title='bbox 594 1269 753 1296; x_wconf 82' lang='lat' dir='ltr'><strong>certaminis</strong></span> <span class='ocrx_word' id='word_1_185' title='bbox 780 1269 915 1301; x_wconf 86' lang='lat' dir='ltr'><strong>braviutn,</strong></span> <span class='ocrx_word' id='word_1_186' title='bbox 943 1270 985 1296; x_wconf 87' lang='lat' dir='ltr'><strong>vel</strong></span> 
     </span>
    </p>
   </div>
   <div class='ocr_carea' id='block_1_26' title="bbox 199 1314 986 1352">
    <p class='ocr_par' dir='ltr' id='par_1_26' title="bbox 199 1314 986 1352">
     <span class='ocr_line' id='line_1_26' title="bbox 199 1314 986 1352; baseline 0 -10"><span class='ocrx_word' id='word_1_187' title='bbox 199 1316 291 1352; x_wconf 73' lang='lat' dir='ltr'><strong>potius</strong></span> <span class='ocrx_word' id='word_1_188' title='bbox 304 1316 413 1342; x_wconf 80' lang='lat' dir='ltr'><strong>virtutis</strong></span> <span class='ocrx_word' id='word_1_189' title='bbox 439 1314 526 1342; x_wconf 83' lang='lat' dir='ltr'><strong>bravii</strong></span> <span class='ocrx_word' id='word_1_190' title='bbox 544 1315 651 1349; x_wconf 74' lang='lat' dir='ltr'><strong>pignus,</strong></span> <span class='ocrx_word' id='word_1_191' title='bbox 678 1321 776 1349; x_wconf 82' lang='lat' dir='ltr'><strong>nempe</strong></span> <span class='ocrx_word' id='word_1_192' title='bbox 801 1322 911 1342; x_wconf 84' lang='lat' dir='ltr'><strong>sensum</strong></span> <span class='ocrx_word' id='word_1_193' title='bbox 928 1316 986 1350; x_wconf 83' lang='lat' dir='ltr'><strong>spi-</strong></span> 
     </span>
    </p>
   </div>
   <div class='ocr_carea' id='block_1_27' title="bbox 199 1360 985 1396">
    <p class='ocr_par' dir='ltr' id='par_1_27' title="bbox 199 1360 985 1396">
     <span class='ocr_line' id='line_1_27' title="bbox 199 1360 985 1396; baseline -0.004 -6"><span class='ocrx_word' id='word_1_194' title='bbox 199 1362 323 1390; x_wconf 87' lang='lat' dir='ltr'><strong>ritualem</strong></span> <span class='ocrx_word' id='word_1_195' title='bbox 338 1360 472 1394; x_wconf 88' lang='lat' dir='ltr'><strong>invenire,</strong></span> <span class='ocrx_word' id='word_1_196' title='bbox 490 1361 564 1387; x_wconf 90' lang='lat' dir='ltr'><strong>intra</strong></span> <span class='ocrx_word' id='word_1_197' title='bbox 577 1368 658 1388; x_wconf 85' lang='lat' dir='ltr'><strong>suum</strong></span> <span class='ocrx_word' id='word_1_198' title='bbox 672 1368 770 1395; x_wconf 89' lang='lat' dir='ltr'><strong>corpus</strong></span> <span class='ocrx_word' id='word_1_199' title='bbox 784 1364 811 1388; x_wconf 86' lang='lat' dir='ltr'><strong>et</strong></span> <span class='ocrx_word' id='word_1_200' title='bbox 823 1361 850 1387; x_wconf 88' lang='lat' dir='ltr'><strong>in</strong></span> <span class='ocrx_word' id='word_1_201' title='bbox 864 1361 985 1396; x_wconf 73' lang='lat' dir='ltr'><strong>reipsutn</strong></span> 
     </span>
    </p>
   </div>
   <div class='ocr_carea' id='block_1_28' title="bbox 200 1406 985 1439">
    <p class='ocr_par' dir='ltr' id='par_1_28' title="bbox 200 1406 985 1439">
     <span class='ocr_line' id='line_1_28' title="bbox 200 1406 985 1439; baseline -0.001 -4"><span class='ocrx_word' id='word_1_202' title='bbox 200 1413 316 1435; x_wconf 88' lang='lat' dir='ltr'><strong>tnentetn</strong></span> <span class='ocrx_word' id='word_1_203' title='bbox 346 1406 458 1435; x_wconf 84' lang='lat' dir='ltr'><strong>reducat</strong></span> <span class='ocrx_word' id='word_1_204' title='bbox 487 1413 599 1434; x_wconf 83' lang='lat' dir='ltr'><strong>necesse</strong></span> <span class='ocrx_word' id='word_1_205' title='bbox 625 1411 678 1434; x_wconf 87' lang='lat' dir='ltr'><strong>est.</strong></span> <span class='ocrx_word' id='word_1_206' title='bbox 703 1406 756 1434; x_wconf 86' lang='lat' dir='ltr'><strong>Sed</strong></span> <span class='ocrx_word' id='word_1_207' title='bbox 781 1412 913 1439; x_wconf 86' lang='lat' dir='ltr'><strong>tuentem,</strong></span> <span class='ocrx_word' id='word_1_208' title='bbox 933 1415 985 1434; x_wconf 90' lang='lat' dir='ltr'><strong>non</strong></span> 
     </span>
    </p>
   </div>
   <div class='ocr_carea' id='block_1_29' title="bbox 199 1452 984 1488">
    <p class='ocr_par' dir='ltr' id='par_1_29' title="bbox 199 1452 984 1488">
     <span class='ocr_line' id='line_1_29' title="bbox 199 1452 984 1488; baseline 0 -8"><span class='ocrx_word' id='word_1_209' title='bbox 199 1455 259 1481; x_wconf 83' lang='lat' dir='ltr'><strong>dico</strong></span> <span class='ocrx_word' id='word_1_210' title='bbox 275 1458 351 1481; x_wconf 85' lang='lat' dir='ltr'><strong>extra</strong></span> <span class='ocrx_word' id='word_1_211' title='bbox 365 1459 511 1486; x_wconf 84' lang='lat' dir='ltr'><strong>corporeas</strong></span> <span class='ocrx_word' id='word_1_212' title='bbox 527 1452 719 1487; x_wconf 76' lang='lat' dir='ltr'><strong>cogitationes,</strong></span> <span class='ocrx_word' id='word_1_213' title='bbox 738 1452 786 1480; x_wconf 86' lang='lat' dir='ltr'><strong>sed</strong></span> <span class='ocrx_word' id='word_1_214' title='bbox 804 1457 883 1481; x_wconf 80' lang='lat' dir='ltr'><strong>extra</strong></span> <span class='ocrx_word' id='word_1_215' title='bbox 896 1453 984 1488; x_wconf 78' lang='lat' dir='ltr'><strong>ipsum</strong></span> 
     </span>
    </p>
   </div>
   <div class='ocr_carea' id='block_1_30' title="bbox 200 1498 986 1534">
    <p class='ocr_par' dir='ltr' id='par_1_30' title="bbox 200 1498 986 1534">
     <span class='ocr_line' id='line_1_30' title="bbox 200 1498 986 1534; baseline -0.001 -7"><span class='ocrx_word' id='word_1_216' title='bbox 200 1506 301 1534; x_wconf 84' lang='lat' dir='ltr'><strong>corpus</strong></span> <span class='ocrx_word' id='word_1_217' title='bbox 329 1499 457 1529; x_wconf 77' lang='lat' dir='ltr'><strong>educere,</strong></span> <span class='ocrx_word' id='word_1_218' title='bbox 485 1503 515 1525; x_wconf 86' lang='grc' dir='ltr'><strong>ιιι</strong></span> <span class='ocrx_word' id='word_1_219' title='bbox 529 1498 584 1526; x_wconf 90' lang='lat' dir='ltr'><strong>illic</strong></span> <span class='ocrx_word' id='word_1_220' title='bbox 597 1498 770 1533; x_wconf 83' lang='lat' dir='ltr'><strong>spiritalibus</strong></span> <span class='ocrx_word' id='word_1_221' title='bbox 788 1500 908 1533; x_wconf 72' lang='lat' dir='ltr'><strong>gaudeat</strong></span> <span class='ocrx_word' id='word_1_222' title='bbox 921 1507 986 1527; x_wconf 91' lang='lat' dir='ltr'><strong>con-</strong></span> 
     </span>
    </p>
   </div>
   <div class='ocr_carea' id='block_1_31' title="bbox 197 1543 1024 1580">
    <p class='ocr_par' dir='ltr' id='par_1_31' title="bbox 197 1543 1024 1580">
     <span class='ocr_line' id='line_1_31' title="bbox 197 1543 1024 1580; baseline -0.001 -8"><span class='ocrx_word' id='word_1_223' title='bbox 197 1544 431 1579; x_wconf 80' lang='lat' dir='ltr'><strong>tetnplationibus,</strong></span> <span class='ocrx_word' id='word_1_224' title='bbox 461 1543 514 1570; x_wconf 85' lang='lat' dir='ltr'><strong>hoc</strong></span> <span class='ocrx_word' id='word_1_225' title='bbox 531 1547 572 1570; x_wconf 90' lang='lat' dir='ltr'><strong>est</strong></span> <span class='ocrx_word' id='word_1_226' title='bbox 593 1550 732 1570; x_wconf 88' lang='lat' dir='ltr'><strong>sumntum</strong></span> <span class='ocrx_word' id='word_1_227' title='bbox 747 1543 853 1571; x_wconf 88' lang='lat' dir='ltr'><strong>ethnici</strong></span> <span class='ocrx_word' id='word_1_228' title='bbox 869 1544 984 1576; x_wconf 86' lang='lat' dir='ltr'><strong>erroris,</strong></span> <span class='ocrx_word' id='word_1_229' title='bbox 1000 1552 1024 1580; x_wconf 72' lang='grc' dir='ltr'><strong>(ι</strong></span> 
     </span>
    </p>
   </div>
   <div class='ocr_carea' id='block_1_32' title="bbox 197 1589 973 1623">
    <p class='ocr_par' dir='ltr' id='par_1_32' title="bbox 197 1589 973 1623">
     <span class='ocr_line' id='line_1_32' title="bbox 197 1589 973 1623; baseline -0.003 -4"><span class='ocrx_word' id='word_1_230' title='bbox 197 1598 225 1619; x_wconf 87' lang='lat' dir='ltr'><strong>et</strong></span> <span class='ocrx_word' id='word_1_231' title='bbox 240 1590 330 1618; x_wconf 91' lang='lat' dir='ltr'><strong>omnis</strong></span> <span class='ocrx_word' id='word_1_232' title='bbox 351 1589 429 1617; x_wconf 76' lang='lat' dir='ltr'><strong>mala:</strong></span> <span class='ocrx_word' id='word_1_233' title='bbox 446 1589 577 1616; x_wconf 71' lang='lat' dir='ltr'><strong>doctrinae</strong></span> <span class='ocrx_word' id='word_1_234' title='bbox 595 1589 658 1617; x_wconf 80' lang='lat' dir='ltr'><strong>fons</strong></span> <span class='ocrx_word' id='word_1_235' title='bbox 675 1593 757 1623; x_wconf 87' lang='lat' dir='ltr'><strong>atque</strong></span> <span class='ocrx_word' id='word_1_236' title='bbox 774 1590 848 1616; x_wconf 85' lang='lat' dir='ltr'><strong>radix</strong></span> <span class='ocrx_word' id='word_1_237' title='bbox 862 1611 868 1622; x_wconf 84' lang='lat'><strong>,</strong></span> <span class='ocrx_word' id='word_1_238' title='bbox 885 1590 973 1618; x_wconf 80' lang='lat' dir='ltr'><strong>daetno</strong></span> 
     </span>
    </p>
   </div>
   <div class='ocr_carea' id='block_1_33' title="bbox 200 1637 985 1671">
    <p class='ocr_par' dir='ltr' id='par_1_33' title="bbox 200 1637 985 1671">
     <span class='ocr_line' id='line_1_33' title="bbox 200 1637 985 1671; baseline -0.001 -6"><span class='ocrx_word' id='word_1_239' title='bbox 200 1646 268 1666; x_wconf 91' lang='lat' dir='ltr'><strong>nttm</strong></span> <span class='ocrx_word' id='word_1_240' title='bbox 285 1638 422 1664; x_wconf 75' lang='lat' dir='ltr'><strong>inventum</strong></span> <span class='ocrx_word' id='word_1_241' title='bbox 442 1643 475 1664; x_wconf 89' lang='lat' dir='ltr'><strong>ac</strong></span> <span class='ocrx_word' id='word_1_242' title='bbox 491 1637 696 1669; x_wconf 84' lang='lat' dir='ltr'><strong>documentum,</strong></span> <span class='ocrx_word' id='word_1_243' title='bbox 716 1637 876 1671; x_wconf 64' lang='lat' dir='ltr'><strong>ignorantia!</strong></span> <span class='ocrx_word' id='word_1_244' title='bbox 895 1642 985 1665; x_wconf 89' lang='lat' dir='ltr'><strong>tuater</strong></span> 
     </span>
    </p>
   </div>
   <div class='ocr_carea' id='block_1_34' title="bbox 197 1681 977 1716">
    <p class='ocr_par' dir='ltr' id='par_1_34' title="bbox 197 1681 977 1716">
     <span class='ocr_line' id='line_1_34' title="bbox 197 1681 977 1716; baseline -0.003 -4"><span class='ocrx_word' id='word_1_245' title='bbox 197 1689 227 1712; x_wconf 86' lang='lat' dir='ltr'><strong>et</strong></span> <span class='ocrx_word' id='word_1_246' title='bbox 237 1682 351 1711; x_wconf 73' lang='lat' dir='ltr'><strong>insania:</strong></span> <span class='ocrx_word' id='word_1_247' title='bbox 368 1682 434 1709; x_wconf 84' lang='lat' dir='ltr'><strong>lilia.</strong></span> <span class='ocrx_word' id='word_1_248' title='bbox 449 1681 513 1709; x_wconf 87' lang='lat' dir='ltr'><strong>Ideo</strong></span> <span class='ocrx_word' id='word_1_249' title='bbox 537 1681 581 1716; x_wconf 93' lang='lat' dir='ltr'><strong>qui</strong></span> <span class='ocrx_word' id='word_1_250' title='bbox 607 1681 753 1716; x_wconf 88' lang='lat' dir='ltr'><strong>loquuntur</strong></span> <span class='ocrx_word' id='word_1_251' title='bbox 781 1689 815 1709; x_wconf 82' lang='lat' dir='ltr'><strong>ex</strong></span> <span class='ocrx_word' id='word_1_252' title='bbox 835 1683 977 1710; x_wconf 68' lang='lat' dir='ltr'><strong>daemonuu</strong></span> 
     </span>
    </p>
   </div>
   <div class='ocr_carea' id='block_1_35' title="bbox 198 1727 986 1763">
    <p class='ocr_par' dir='ltr' id='par_1_35' title="bbox 198 1727 986 1763">
     <span class='ocr_line' id='line_1_35' title="bbox 198 1727 986 1763; baseline -0.001 -6"><span class='ocrx_word' id='word_1_253' title='bbox 198 1730 338 1762; x_wconf 86' lang='lat' dir='ltr'><strong>instinctu,</strong></span> <span class='ocrx_word' id='word_1_254' title='bbox 353 1735 387 1755; x_wconf 87' lang='lat' dir='ltr'><strong>ex</strong></span> <span class='ocrx_word' id='word_1_255' title='bbox 404 1727 500 1763; x_wconf 84' lang='lat' dir='ltr'><strong>seipsis</strong></span> <span class='ocrx_word' id='word_1_256' title='bbox 519 1727 664 1759; x_wconf 76' lang='lat' dir='ltr'><strong>excedunt,</strong></span> <span class='ocrx_word' id='word_1_257' title='bbox 682 1735 715 1755; x_wconf 90' lang='lat' dir='ltr'><strong>ne</strong></span> <span class='ocrx_word' id='word_1_258' title='bbox 727 1727 753 1754; x_wconf 93' lang='lat' dir='ltr'><strong>id</strong></span> <span class='ocrx_word' id='word_1_259' title='bbox 762 1729 870 1762; x_wconf 79' lang='lat' dir='ltr'><strong>quidem</strong></span> <span class='ocrx_word' id='word_1_260' title='bbox 883 1729 986 1757; x_wconf 86' lang='lat' dir='ltr'><strong>intelli-</strong></span> 
     </span>
    </p>
   </div>
   <div class='ocr_carea' id='block_1_36' title="bbox 196 1773 987 1812">
    <p class='ocr_par' dir='ltr' id='par_1_36' title="bbox 196 1773 987 1812">
     <span class='ocr_line' id='line_1_36' title="bbox 196 1773 987 1812; baseline -0.003 -8"><span class='ocrx_word' id='word_1_261' title='bbox 196 1781 292 1812; x_wconf 76' lang='lat' dir='ltr'><strong>gentes</strong></span> <span class='ocrx_word' id='word_1_262' title='bbox 305 1775 375 1810; x_wconf 85' lang='lat' dir='ltr'><strong>quod</strong></span> <span class='ocrx_word' id='word_1_263' title='bbox 390 1774 495 1802; x_wconf 89' lang='lat' dir='ltr'><strong>dicunt.</strong></span> <span class='ocrx_word' id='word_1_264' title='bbox 506 1773 562 1801; x_wconf 85' lang='lat' dir='ltr'><strong>Nos</strong></span> <span class='ocrx_word' id='word_1_265' title='bbox 575 1781 639 1801; x_wconf 84' lang='lat' dir='ltr'><strong>vero</strong></span> <span class='ocrx_word' id='word_1_266' title='bbox 655 1781 707 1800; x_wconf 92' lang='lat' dir='ltr'><strong>uou</strong></span> <span class='ocrx_word' id='word_1_267' title='bbox 729 1773 815 1801; x_wconf 84' lang='lat' dir='ltr'><strong>solum</strong></span> <span class='ocrx_word' id='word_1_268' title='bbox 832 1774 900 1801; x_wconf 87' lang='lat' dir='ltr'><strong>intra</strong></span> <span class='ocrx_word' id='word_1_269' title='bbox 925 1782 987 1802; x_wconf 90' lang='lat' dir='ltr'><strong>cor-</strong></span> 
     </span>
    </p>
   </div>
   <div class='ocr_carea' id='block_1_37' title="bbox 197 1819 985 1858">
    <p class='ocr_par' dir='ltr' id='par_1_37' title="bbox 197 1819 985 1858">
     <span class='ocr_line' id='line_1_37' title="bbox 197 1819 985 1858; baseline -0.004 -8"><span class='ocrx_word' id='word_1_270' title='bbox 197 1830 249 1858; x_wconf 86' lang='lat' dir='ltr'><strong>pus</strong></span> <span class='ocrx_word' id='word_1_271' title='bbox 263 1825 292 1849; x_wconf 87' lang='lat' dir='ltr'><strong>et</strong></span> <span class='ocrx_word' id='word_1_272' title='bbox 307 1828 364 1853; x_wconf 87' lang='lat' dir='ltr'><strong>cor,</strong></span> <span class='ocrx_word' id='word_1_273' title='bbox 378 1821 427 1849; x_wconf 88' lang='lat' dir='ltr'><strong>sed</strong></span> <span class='ocrx_word' id='word_1_274' title='bbox 444 1824 470 1848; x_wconf 87' lang='lat' dir='ltr'><strong>et</strong></span> <span class='ocrx_word' id='word_1_275' title='bbox 482 1821 554 1848; x_wconf 89' lang='lat' dir='ltr'><strong>intra</strong></span> <span class='ocrx_word' id='word_1_276' title='bbox 567 1820 683 1854; x_wconf 85' lang='lat' dir='ltr'><strong>seipsatn</strong></span> <span class='ocrx_word' id='word_1_277' title='bbox 694 1819 849 1849; x_wconf 84' lang='lat' dir='ltr'><strong>reducimus</strong></span> <span class='ocrx_word' id='word_1_278' title='bbox 859 1824 985 1848; x_wconf 82' lang='lat' dir='ltr'><strong>tuentem.</strong></span> 
     </span>
    </p>
   </div>
   <div class='ocr_carea' id='block_1_38' title="bbox 235 1866 988 1903">
    <p class='ocr_par' dir='ltr' id='par_1_38' title="bbox 235 1866 988 1903">
     <span class='ocr_line' id='line_1_38' title="bbox 235 1866 988 1903; baseline -0.004 -7"><span class='ocrx_word' id='word_1_279' title='bbox 235 1868 429 1903; x_wconf 75' lang='lat' dir='ltr'><strong>Respondcaut</strong></span> <span class='ocrx_word' id='word_1_280' title='bbox 456 1866 540 1901; x_wconf 77' lang='lat' dir='ltr'><strong>igitur</strong></span> <span class='ocrx_word' id='word_1_281' title='bbox 569 1867 614 1901; x_wconf 85' lang='lat' dir='ltr'><strong>qui</strong></span> <span class='ocrx_word' id='word_1_282' title='bbox 627 1866 720 1893; x_wconf 89' lang='lat' dir='ltr'><strong>dicunt.</strong></span> <span class='ocrx_word' id='word_1_283' title='bbox 745 1867 815 1893; x_wconf 84' lang='lat' dir='ltr'><strong>hanc</strong></span> <span class='ocrx_word' id='word_1_284' title='bbox 837 1874 892 1893; x_wconf 89' lang='lat' dir='ltr'><strong>non</strong></span> <span class='ocrx_word' id='word_1_285' title='bbox 926 1873 988 1894; x_wconf 83' lang='lat' dir='ltr'><strong>esse</strong></span> 
     </span>
    </p>
   </div>
   <div class='ocr_carea' id='block_1_39' title="bbox 197 1910 987 1945">
    <p class='ocr_par' dir='ltr' id='par_1_39' title="bbox 197 1910 987 1945">
     <span class='ocr_line' id='line_1_39' title="bbox 197 1910 987 1945; baseline -0.001 -6"><span class='ocrx_word' id='word_1_286' title='bbox 197 1912 367 1943; x_wconf 86' lang='lat' dir='ltr'><strong>distinctam,</strong></span> <span class='ocrx_word' id='word_1_287' title='bbox 379 1910 426 1938; x_wconf 85' lang='lat' dir='ltr'><strong>sed</strong></span> <span class='ocrx_word' id='word_1_288' title='bbox 441 1911 545 1937; x_wconf 90' lang='lat' dir='ltr'><strong>unitam</strong></span> <span class='ocrx_word' id='word_1_289' title='bbox 564 1910 673 1943; x_wconf 70' lang='lat' dir='ltr'><strong>animae,</strong></span> <span class='ocrx_word' id='word_1_290' title='bbox 689 1910 828 1945; x_wconf 78' lang='lat' dir='ltr'><strong>quomodo</strong></span> <span class='ocrx_word' id='word_1_291' title='bbox 839 1910 901 1945; x_wconf 84' lang='lat' dir='ltr'><strong>quis</strong></span> <span class='ocrx_word' id='word_1_292' title='bbox 916 1911 987 1938; x_wconf 86' lang='lat' dir='ltr'><strong>intra</strong></span> 
     </span>
    </p>
   </div>
   <div class='ocr_carea' id='block_1_40' title="bbox 197 1955 986 1990">
    <p class='ocr_par' dir='ltr' id='par_1_40' title="bbox 197 1955 986 1990">
     <span class='ocr_line' id='line_1_40' title="bbox 197 1955 986 1990; baseline -0.001 -5"><span class='ocrx_word' id='word_1_293' title='bbox 197 1965 228 1986; x_wconf 85' lang='lat' dir='ltr'><strong>se</strong></span> <span class='ocrx_word' id='word_1_294' title='bbox 253 1961 368 1985; x_wconf 84' lang='lat' dir='ltr'><strong>mentem</strong></span> <span class='ocrx_word' id='word_1_295' title='bbox 386 1955 519 1986; x_wconf 79' lang='lat' dir='ltr'><strong>reﬂectat.</strong></span> <span class='ocrx_word' id='word_1_296' title='bbox 545 1955 689 1990; x_wconf 76' lang='lat' dir='ltr'><strong>Ignorant,</strong></span> <span class='ocrx_word' id='word_1_297' title='bbox 706 1960 737 1984; x_wconf 91' lang='lat' dir='ltr'><strong>ut</strong></span> <span class='ocrx_word' id='word_1_298' title='bbox 754 1957 873 1989; x_wconf 86' lang='lat' dir='ltr'><strong>videtur,</strong></span> <span class='ocrx_word' id='word_1_299' title='bbox 901 1957 986 1984; x_wconf 81' lang='lat' dir='ltr'><strong>aliaat</strong></span> 
     </span>
    </p>
   </div>
   <div class='ocr_carea' id='block_1_41' title="bbox 197 2002 985 2038">
    <p class='ocr_par' dir='ltr' id='par_1_41' title="bbox 197 2002 985 2038">
     <span class='ocr_line' id='line_1_41' title="bbox 197 2002 985 2038; baseline -0.001 -6"><span class='ocrx_word' id='word_1_300' title='bbox 197 2011 259 2032; x_wconf 83' lang='lat' dir='ltr'><strong>esse</strong></span> <span class='ocrx_word' id='word_1_301' title='bbox 272 2003 373 2032; x_wconf 80' lang='lat' dir='ltr'><strong>mentis</strong></span> <span class='ocrx_word' id='word_1_302' title='bbox 384 2003 546 2035; x_wconf 87' lang='lat' dir='ltr'><strong>essentiam,</strong></span> <span class='ocrx_word' id='word_1_303' title='bbox 565 2008 592 2029; x_wconf 92' lang='lat' dir='ltr'><strong>et</strong></span> <span class='ocrx_word' id='word_1_304' title='bbox 604 2002 684 2031; x_wconf 83' lang='lat' dir='ltr'><strong>aliam</strong></span> <span class='ocrx_word' id='word_1_305' title='bbox 704 2003 763 2036; x_wconf 79' lang='lat' dir='ltr'><strong>eius</strong></span> <span class='ocrx_word' id='word_1_306' title='bbox 780 2003 985 2038; x_wconf 79' lang='lat' dir='ltr'><strong>operationem.</strong></span> 
     </span>
    </p>
   </div>
   <div class='ocr_carea' id='block_1_42' title="bbox 198 2048 988 2085">
    <p class='ocr_par' dir='ltr' id='par_1_42' title="bbox 198 2048 988 2085">
     <span class='ocr_line' id='line_1_42' title="bbox 198 2048 988 2085; baseline -0.001 -7"><span class='ocrx_word' id='word_1_307' title='bbox 198 2050 247 2078; x_wconf 83' lang='lat' dir='ltr'><strong>Vel</strong></span> <span class='ocrx_word' id='word_1_308' title='bbox 275 2051 366 2085; x_wconf 79' lang='lat' dir='ltr'><strong>potius</strong></span> <span class='ocrx_word' id='word_1_309' title='bbox 387 2049 415 2076; x_wconf 87' lang='lat' dir='ltr'><strong>id</strong></span> <span class='ocrx_word' id='word_1_310' title='bbox 447 2049 578 2081; x_wconf 88' lang='lat' dir='ltr'><strong>scientes,</strong></span> <span class='ocrx_word' id='word_1_311' title='bbox 601 2048 795 2083; x_wconf 75' lang='lat' dir='ltr'><strong>deceptoribus</strong></span> <span class='ocrx_word' id='word_1_312' title='bbox 820 2049 892 2075; x_wconf 89' lang='lat' dir='ltr'><strong>ultro</strong></span> <span class='ocrx_word' id='word_1_313' title='bbox 923 2057 988 2077; x_wconf 82' lang='lat' dir='ltr'><strong>sese</strong></span> 
     </span>
    </p>
   </div>
   <div class='ocr_carea' id='block_1_43' title="bbox 198 2095 988 2130">
    <p class='ocr_par' dir='ltr' id='par_1_43' title="bbox 198 2095 988 2130">
     <span class='ocr_line' id='line_1_43' title="bbox 198 2095 988 2130; baseline -0.005 -4"><span class='ocrx_word' id='word_1_314' title='bbox 198 2097 374 2129; x_wconf 81' lang='lat' dir='ltr'><strong>addiderunt.</strong></span> <span class='ocrx_word' id='word_1_315' title='bbox 403 2104 418 2124; x_wconf 92' lang='lat' dir='ltr'><strong>e</strong></span> <span class='ocrx_word' id='word_1_316' title='bbox 443 2096 588 2124; x_wconf 88' lang='lat' dir='ltr'><strong>verborum</strong></span> <span class='ocrx_word' id='word_1_317' title='bbox 617 2095 848 2123; x_wconf 87' lang='lat' dir='ltr'><strong>consimilitudine</strong></span> <span class='ocrx_word' id='word_1_318' title='bbox 865 2095 988 2130; x_wconf 89' lang='lat' dir='ltr'><strong>captiun-</strong></span> 
     </span>
    </p>
   </div>
   <div class='ocr_carea' id='block_1_44' title="bbox 197 2140 989 2176">
    <p class='ocr_par' dir='ltr' id='par_1_44' title="bbox 197 2140 989 2176">
     <span class='ocr_line' id='line_1_44' title="bbox 197 2140 989 2176; baseline 0 -8"><span class='ocrx_word' id='word_1_319' title='bbox 197 2146 275 2172; x_wconf 83' lang='lat' dir='ltr'><strong>culas</strong></span> <span class='ocrx_word' id='word_1_320' title='bbox 287 2148 416 2172; x_wconf 87' lang='lat' dir='ltr'><strong>eruentes</strong></span> <span class='ocrx_word' id='word_1_321' title='bbox 439 2150 447 2172; x_wconf 84' lang='lat'><strong>:</strong></span> <span class='ocrx_word' id='word_1_322' title='bbox 468 2141 514 2176; x_wconf 92' lang='lat' dir='ltr'><strong>qui</strong></span> <span class='ocrx_word' id='word_1_323' title='bbox 528 2142 599 2169; x_wconf 88' lang='lat' dir='ltr'><strong>ettitn</strong></span> <span class='ocrx_word' id='word_1_324' title='bbox 615 2148 649 2168; x_wconf 82' lang='lat' dir='ltr'><strong>ex</strong></span> <span class='ocrx_word' id='word_1_325' title='bbox 667 2140 809 2168; x_wconf 87' lang='lat' dir='ltr'><strong>dialectica</strong></span> <span class='ocrx_word' id='word_1_326' title='bbox 826 2141 858 2167; x_wconf 88' lang='lat' dir='ltr'><strong>ad</strong></span> <span class='ocrx_word' id='word_1_327' title='bbox 878 2145 989 2168; x_wconf 80' lang='lat' dir='ltr'><strong>contra-</strong></span> 
     </span>
    </p>
   </div>
   <div class='ocr_carea' id='block_1_45' title="bbox 199 2186 989 2221">
    <p class='ocr_par' dir='ltr' id='par_1_45' title="bbox 199 2186 989 2221">
     <span class='ocr_line' id='line_1_45' title="bbox 199 2186 989 2221; baseline -0.003 -5"><span class='ocrx_word' id='word_1_328' title='bbox 199 2190 333 2218; x_wconf 86' lang='lat' dir='ltr'><strong>dictiones</strong></span> <span class='ocrx_word' id='word_1_329' title='bbox 347 2193 530 2220; x_wconf 85' lang='lat' dir='ltr'><strong>exacttuntur,</strong></span> <span class='ocrx_word' id='word_1_330' title='bbox 543 2187 618 2220; x_wconf 83' lang='lat' dir='ltr'><strong>juxta</strong></span> <span class='ocrx_word' id='word_1_331' title='bbox 636 2194 765 2221; x_wconf 76' lang='lat' dir='ltr'><strong>magnum</strong></span> <span class='ocrx_word' id='word_1_332' title='bbox 791 2186 931 2220; x_wconf 78' lang='lat' dir='ltr'><strong>Basiliam,</strong></span> <span class='ocrx_word' id='word_1_333' title='bbox 946 2195 989 2214; x_wconf 88' lang='lat' dir='ltr'><strong>rc-</strong></span> 
     </span>
    </p>
   </div>
   <div class='ocr_carea' id='block_1_46' title="bbox 198 2228 1025 2271">
    <p class='ocr_par' dir='ltr' id='par_1_46' title="bbox 198 2228 1025 2271">
     <span class='ocr_line' id='line_1_46' title="bbox 198 2228 1025 2271; baseline -0.008 -9"><span class='ocrx_word' id='word_1_334' title='bbox 198 2235 299 2271; x_wconf 80' lang='lat' dir='ltr'><strong>jiciunt</strong></span> <span class='ocrx_word' id='word_1_335' title='bbox 317 2233 468 2270; x_wconf 87' lang='lat' dir='ltr'><strong>spiritualis</strong></span> <span class='ocrx_word' id='word_1_336' title='bbox 481 2233 614 2260; x_wconf 74' lang='lat' dir='ltr'><strong>doctrina:</strong></span> <span class='ocrx_word' id='word_1_337' title='bbox 627 2231 847 2267; x_wconf 78' lang='lat' dir='ltr'><strong>simplicitatem,</strong></span> <span class='ocrx_word' id='word_1_338' title='bbox 861 2235 889 2259; x_wconf 88' lang='lat' dir='ltr'><strong>et</strong></span> <span class='ocrx_word' id='word_1_339' title='bbox 904 2239 985 2260; x_wconf 85' lang='lat' dir='ltr'><strong>ever-</strong></span> <span class='ocrx_word' id='word_1_340' title='bbox 1005 2228 1025 2255; x_wconf 73' lang='grc' dir='ltr'><strong>ἰ)</strong></span> 
     </span>
    </p>
   </div>
   <div class='ocr_carea' id='block_1_47' title="bbox 201 2275 987 2313">
    <p class='ocr_par' dir='ltr' id='par_1_47' title="bbox 201 2275 987 2313">
     <span class='ocr_line' id='line_1_47' title="bbox 201 2275 987 2313; baseline -0.004 -5"><span class='ocrx_word' id='word_1_341' title='bbox 201 2286 262 2308; x_wconf 89' lang='lat' dir='ltr'><strong>tttnt</strong></span> <span class='ocrx_word' id='word_1_342' title='bbox 278 2281 332 2308; x_wconf 76' lang='lat' dir='ltr'><strong>vim</strong></span> <span class='ocrx_word' id='word_1_343' title='bbox 355 2280 492 2313; x_wconf 78' lang='lat' dir='ltr'><strong>veritatis,</strong></span> <span class='ocrx_word' id='word_1_344' title='bbox 510 2278 535 2306; x_wconf 93' lang='lat' dir='ltr'><strong>ci</strong></span> <span class='ocrx_word' id='word_1_345' title='bbox 550 2278 714 2313; x_wconf 86' lang='lat' dir='ltr'><strong>opponendo</strong></span> <span class='ocrx_word' id='word_1_346' title='bbox 729 2275 827 2306; x_wconf 76' lang='lat' dir='ltr'><strong>falsam</strong></span> <span class='ocrx_word' id='word_1_347' title='bbox 845 2278 987 2306; x_wconf 82' lang='lat' dir='ltr'><strong>scientiam</strong></span> 
     </span>
    </p>
   </div>
   <div class='ocr_carea' id='block_1_48' title="bbox 200 2323 989 2362">
    <p class='ocr_par' dir='ltr' id='par_1_48' title="bbox 200 2323 989 2362">
     <span class='ocr_line' id='line_1_48' title="bbox 200 2323 989 2362; baseline -0.004 -7"><span class='ocrx_word' id='word_1_348' title='bbox 200 2333 228 2356; x_wconf 85' lang='lat' dir='ltr'><strong>et</strong></span> <span class='ocrx_word' id='word_1_349' title='bbox 242 2327 437 2362; x_wconf 80' lang='lat' dir='ltr'><strong>sopitismatum</strong></span> <span class='ocrx_word' id='word_1_350' title='bbox 451 2324 669 2361; x_wconf 76' lang='lat' dir='ltr'><strong>argutiunculas.</strong></span> <span class='ocrx_word' id='word_1_351' title='bbox 686 2324 718 2352; x_wconf 78' lang='lat' dir='ltr'><strong>Et</strong></span> <span class='ocrx_word' id='word_1_352' title='bbox 729 2323 770 2351; x_wconf 84' lang='lat' dir='ltr'><strong>sic</strong></span> <span class='ocrx_word' id='word_1_353' title='bbox 782 2329 865 2359; x_wconf 78' lang='lat' dir='ltr'><strong>agant</strong></span> <span class='ocrx_word' id='word_1_354' title='bbox 878 2331 989 2352; x_wconf 86' lang='lat' dir='ltr'><strong>necesse</strong></span> 
     </span>
    </p>
   </div>
   <div class='ocr_carea' id='block_1_49' title="bbox 200 2371 988 2408">
    <p class='ocr_par' dir='ltr' id='par_1_49' title="bbox 200 2371 988 2408">
     <span class='ocr_line' id='line_1_49' title="bbox 200 2371 988 2408; baseline -0.001 -7"><span class='ocrx_word' id='word_1_355' title='bbox 200 2379 245 2401; x_wconf 87' lang='lat' dir='ltr'><strong>est</strong></span> <span class='ocrx_word' id='word_1_356' title='bbox 259 2375 305 2408; x_wconf 86' lang='lat' dir='ltr'><strong>qui</strong></span> <span class='ocrx_word' id='word_1_357' title='bbox 335 2381 388 2402; x_wconf 90' lang='lat' dir='ltr'><strong>non</strong></span> <span class='ocrx_word' id='word_1_358' title='bbox 418 2377 483 2400; x_wconf 88' lang='lat' dir='ltr'><strong>sunt</strong></span> <span class='ocrx_word' id='word_1_359' title='bbox 511 2371 678 2407; x_wconf 87' lang='lat' dir='ltr'><strong>spirituales,</strong></span> <span class='ocrx_word' id='word_1_360' title='bbox 694 2374 721 2398; x_wconf 88' lang='lat' dir='ltr'><strong>et</strong></span> <span class='ocrx_word' id='word_1_361' title='bbox 741 2377 771 2398; x_wconf 89' lang='lat' dir='ltr'><strong>se</strong></span> <span class='ocrx_word' id='word_1_362' title='bbox 785 2371 881 2405; x_wconf 75' lang='lat' dir='ltr'><strong>dignos</strong></span> <span class='ocrx_word' id='word_1_363' title='bbox 897 2376 988 2401; x_wconf 86' lang='lat' dir='ltr'><strong>tamen</strong></span> 
     </span>
    </p>
   </div>
   <div class='ocr_carea' id='block_1_50' title="bbox 202 2417 990 2454">
    <p class='ocr_par' dir='ltr' id='par_1_50' title="bbox 202 2417 990 2454">
     <span class='ocr_line' id='line_1_50' title="bbox 202 2417 990 2454; baseline -0.004 -6"><span class='ocrx_word' id='word_1_364' title='bbox 202 2421 306 2448; x_wconf 90' lang='lat' dir='ltr'><strong>ducunt</strong></span> <span class='ocrx_word' id='word_1_365' title='bbox 322 2419 366 2454; x_wconf 90' lang='lat' dir='ltr'><strong>qui</strong></span> <span class='ocrx_word' id='word_1_366' title='bbox 384 2418 538 2454; x_wconf 88' lang='lat' dir='ltr'><strong>spiritualia</strong></span> <span class='ocrx_word' id='word_1_367' title='bbox 553 2417 678 2452; x_wconf 91' lang='lat' dir='ltr'><strong>judicent</strong></span> <span class='ocrx_word' id='word_1_368' title='bbox 695 2425 728 2445; x_wconf 86' lang='lat' dir='ltr'><strong>ac</strong></span> <span class='ocrx_word' id='word_1_369' title='bbox 754 2418 881 2445; x_wconf 88' lang='lat' dir='ltr'><strong>doceant.</strong></span> <span class='ocrx_word' id='word_1_370' title='bbox 896 2417 990 2453; x_wconf 89' lang='lat' dir='ltr'><strong>Neque</strong></span> 
     </span>
    </p>
   </div>
   <div class='ocr_carea' id='block_1_51' title="bbox 200 2463 989 2501">
    <p class='ocr_par' dir='ltr' id='par_1_51' title="bbox 200 2463 989 2501">
     <span class='ocr_line' id='line_1_51' title="bbox 200 2463 989 2501; baseline -0.001 -7"><span class='ocrx_word' id='word_1_371' title='bbox 200 2467 274 2494; x_wconf 77' lang='lat' dir='ltr'><strong>enim</strong></span> <span class='ocrx_word' id='word_1_372' title='bbox 286 2466 412 2501; x_wconf 81' lang='lat' dir='ltr'><strong>ignorant</strong></span> <span class='ocrx_word' id='word_1_373' title='bbox 428 2469 545 2492; x_wconf 84' lang='lat' dir='ltr'><strong>mentem</strong></span> <span class='ocrx_word' id='word_1_374' title='bbox 562 2471 615 2492; x_wconf 86' lang='lat' dir='ltr'><strong>non</strong></span> <span class='ocrx_word' id='word_1_375' title='bbox 633 2471 694 2491; x_wconf 84' lang='lat' dir='ltr'><strong>esse</strong></span> <span class='ocrx_word' id='word_1_376' title='bbox 710 2463 782 2491; x_wconf 89' lang='lat' dir='ltr'><strong>oculi</strong></span> <span class='ocrx_word' id='word_1_377' title='bbox 801 2465 929 2497; x_wconf 82' lang='lat' dir='ltr'><strong>similem,</strong></span> <span class='ocrx_word' id='word_1_378' title='bbox 944 2466 989 2500; x_wconf 88' lang='lat' dir='ltr'><strong>qtti</strong></span> 
     </span>
    </p>
   </div>
   <div class='ocr_carea' id='block_1_52' title="bbox 201 2509 990 2545">
    <p class='ocr_par' dir='ltr' id='par_1_52' title="bbox 201 2509 990 2545">
     <span class='ocr_line' id='line_1_52' title="bbox 201 2509 990 2545; baseline -0.005 -5"><span class='ocrx_word' id='word_1_379' title='bbox 201 2518 303 2540; x_wconf 57' lang='lat' dir='ltr'><strong>cetera</strong></span> <span class='ocrx_word' id='word_1_380' title='bbox 324 2510 441 2539; x_wconf 81' lang='lat' dir='ltr'><strong>visibilia</strong></span> <span class='ocrx_word' id='word_1_381' title='bbox 454 2509 560 2543; x_wconf 87' lang='lat' dir='ltr'><strong>videns,</strong></span> <span class='ocrx_word' id='word_1_382' title='bbox 577 2510 697 2545; x_wconf 85' lang='lat' dir='ltr'><strong>seipsum</strong></span> <span class='ocrx_word' id='word_1_383' title='bbox 713 2517 766 2536; x_wconf 88' lang='lat' dir='ltr'><strong>non</strong></span> <span class='ocrx_word' id='word_1_384' title='bbox 782 2509 865 2537; x_wconf 83' lang='lat' dir='ltr'><strong>videt.</strong></span> <span class='ocrx_word' id='word_1_385' title='bbox 882 2509 934 2538; x_wconf 89' lang='lat' dir='ltr'><strong>Sed</strong></span> <span class='ocrx_word' id='word_1_386' title='bbox 949 2511 990 2537; x_wconf 86' lang='lat' dir='ltr'><strong>in-</strong></span> 
     </span>
    </p>
   </div>
   <div class='ocr_carea' id='block_1_53' title="bbox 202 2556 990 2592">
    <p class='ocr_par' dir='ltr' id='par_1_53' title="bbox 202 2556 990 2592">
     <span class='ocr_line' id='line_1_53' title="bbox 202 2556 990 2592; baseline -0.006 -4"><span class='ocrx_word' id='word_1_387' title='bbox 202 2561 328 2588; x_wconf 85' lang='lat' dir='ltr'><strong>tellectus</strong></span> <span class='ocrx_word' id='word_1_388' title='bbox 340 2557 375 2586; x_wconf 85' lang='lat' dir='ltr'><strong>ad</strong></span> <span class='ocrx_word' id='word_1_389' title='bbox 394 2557 448 2584; x_wconf 88' lang='lat' dir='ltr'><strong>alia</strong></span> <span class='ocrx_word' id='word_1_390' title='bbox 468 2556 578 2591; x_wconf 80' lang='lat' dir='ltr'><strong>quidem</strong></span> <span class='ocrx_word' id='word_1_391' title='bbox 600 2564 661 2592; x_wconf 79' lang='lat' dir='ltr'><strong>qua:</strong></span> <span class='ocrx_word' id='word_1_392' title='bbox 676 2556 811 2590; x_wconf 87' lang='lat' dir='ltr'><strong>inspicere</strong></span> <span class='ocrx_word' id='word_1_393' title='bbox 829 2557 921 2589; x_wconf 85' lang='lat' dir='ltr'><strong>debet,</strong></span> <span class='ocrx_word' id='word_1_394' title='bbox 948 2557 990 2584; x_wconf 87' lang='lat' dir='ltr'><strong>di-</strong></span> 
     </span>
    </p>
   </div>
   <div class='ocr_carea' id='block_1_54' title="bbox 201 2602 988 2638">
    <p class='ocr_par' dir='ltr' id='par_1_54' title="bbox 201 2602 988 2638">
     <span class='ocr_line' id='line_1_54' title="bbox 201 2602 988 2638; baseline -0.004 -4"><span class='ocrx_word' id='word_1_395' title='bbox 201 2611 276 2634; x_wconf 84' lang='lat' dir='ltr'><strong>recto</strong></span> <span class='ocrx_word' id='word_1_396' title='bbox 292 2612 323 2633; x_wconf 89' lang='lat' dir='ltr'><strong>se</strong></span> <span class='ocrx_word' id='word_1_397' title='bbox 339 2608 430 2632; x_wconf 89' lang='lat' dir='ltr'><strong>movet</strong></span> <span class='ocrx_word' id='word_1_398' title='bbox 443 2607 529 2636; x_wconf 87' lang='lat' dir='ltr'><strong>motu,</strong></span> <span class='ocrx_word' id='word_1_399' title='bbox 546 2607 577 2630; x_wconf 89' lang='lat' dir='ltr'><strong>ut</strong></span> <span class='ocrx_word' id='word_1_400' title='bbox 595 2603 633 2629; x_wconf 88' lang='lat' dir='ltr'><strong>ait</strong></span> <span class='ocrx_word' id='word_1_401' title='bbox 649 2610 761 2634; x_wconf 67' lang='lat' dir='ltr'><strong>magnus</strong></span> <span class='ocrx_word' id='word_1_402' title='bbox 780 2602 923 2638; x_wconf 86' lang='lat' dir='ltr'><strong>Dionysius</strong></span> <span class='ocrx_word' id='word_1_403' title='bbox 940 2613 948 2637; x_wconf 88' lang='lat'><strong>;</strong></span> <span class='ocrx_word' id='word_1_404' title='bbox 962 2605 988 2631; x_wconf 90' lang='lat' dir='ltr'><strong>in</strong></span> 
     </span>
    </p>
   </div>
   <div class='ocr_carea' id='block_1_55' title="bbox 200 2649 989 2688">
    <p class='ocr_par' dir='ltr' id='par_1_55' title="bbox 200 2649 989 2688">
     <span class='ocr_line' id='line_1_55' title="bbox 200 2649 989 2688; baseline -0.005 -8"><span class='ocrx_word' id='word_1_405' title='bbox 200 2654 319 2688; x_wconf 84' lang='lat' dir='ltr'><strong>seipsam</strong></span> <span class='ocrx_word' id='word_1_406' title='bbox 335 2655 425 2678; x_wconf 86' lang='lat' dir='ltr'><strong>autem</strong></span> <span class='ocrx_word' id='word_1_407' title='bbox 443 2649 601 2681; x_wconf 85' lang='lat' dir='ltr'><strong>revertitur,</strong></span> <span class='ocrx_word' id='word_1_408' title='bbox 619 2656 682 2675; x_wconf 89' lang='lat' dir='ltr'><strong>cutn</strong></span> <span class='ocrx_word' id='word_1_409' title='bbox 699 2655 760 2675; x_wconf 83' lang='lat' dir='ltr'><strong>sese</strong></span> <span class='ocrx_word' id='word_1_410' title='bbox 777 2656 854 2676; x_wconf 88' lang='lat' dir='ltr'><strong>mens</strong></span> <span class='ocrx_word' id='word_1_411' title='bbox 866 2650 989 2684; x_wconf 80' lang='lat' dir='ltr'><strong>respicit,</strong></span> 
     </span>
    </p>
   </div>
   <div class='ocr_carea' id='block_1_56' title="bbox 199 2694 849 2734">
    <p class='ocr_par' dir='ltr' id='par_1_56' title="bbox 199 2694 849 2734">
     <span class='ocr_line' id='line_1_56' title="bbox 199 2694 849 2734; baseline -0.006 -7"><span class='ocrx_word' id='word_1_412' title='bbox 199 2699 271 2734; x_wconf 83' lang='lat' dir='ltr'><strong>quod</strong></span> <span class='ocrx_word' id='word_1_413' title='bbox 283 2702 387 2725; x_wconf 88' lang='lat' dir='ltr'><strong>motum</strong></span> <span class='ocrx_word' id='word_1_414' title='bbox 403 2696 532 2723; x_wconf 84' lang='lat' dir='ltr'><strong>reﬂexum</strong></span> <span class='ocrx_word' id='word_1_415' title='bbox 548 2694 619 2721; x_wconf 85' lang='lat' dir='ltr'><strong>idem</strong></span> <span class='ocrx_word' id='word_1_416' title='bbox 638 2694 738 2721; x_wconf 84' lang='lat' dir='ltr'><strong>ibidem</strong></span> <span class='ocrx_word' id='word_1_417' title='bbox 759 2701 849 2723; x_wconf 77' lang='lat' dir='ltr'><strong>vocat.</strong></span> 
     </span>
    </p>
   </div>
   <div class='ocr_carea' id='block_1_57' title="bbox 235 2741 991 2780">
    <p class='ocr_par' dir='ltr' id='par_1_57' title="bbox 235 2741 991 2780">
     <span class='ocr_line' id='line_1_57' title="bbox 235 2741 991 2780; baseline -0.005 -7"><span class='ocrx_word' id='word_1_418' title='bbox 235 2745 298 2773; x_wconf 66' lang='lat' dir='ltr'><strong>Haec</strong></span> <span class='ocrx_word' id='word_1_419' title='bbox 323 2751 405 2780; x_wconf 90' lang='lat' dir='ltr'><strong>porro</strong></span> <span class='ocrx_word' id='word_1_420' title='bbox 437 2741 593 2770; x_wconf 86' lang='lat' dir='ltr'><strong>intellectus</strong></span> <span class='ocrx_word' id='word_1_421' title='bbox 621 2741 745 2775; x_wconf 77' lang='lat' dir='ltr'><strong>operatio</strong></span> <span class='ocrx_word' id='word_1_422' title='bbox 767 2742 863 2769; x_wconf 91' lang='lat' dir='ltr'><strong>melior</strong></span> <span class='ocrx_word' id='word_1_423' title='bbox 892 2747 934 2770; x_wconf 89' lang='lat' dir='ltr'><strong>est</strong></span> <span class='ocrx_word' id='word_1_424' title='bbox 964 2747 991 2770; x_wconf 88' lang='lat' dir='ltr'><strong>et</strong></span> 
     </span>
    </p>
   </div>
   <div class='ocr_carea' id='block_1_58' title="bbox 201 2787 990 2826">
    <p class='ocr_par' dir='ltr' id='par_1_58' title="bbox 201 2787 990 2826">
     <span class='ocr_line' id='line_1_58' title="bbox 201 2787 990 2826; baseline 0.004 -14"><span class='ocrx_word' id='word_1_425' title='bbox 201 2792 286 2826; x_wconf 59' lang='lat' dir='ltr'><strong>magis</strong></span> <span class='ocrx_word' id='word_1_426' title='bbox 307 2789 428 2825; x_wconf 75' lang='lat' dir='ltr'><strong>propria,</strong></span> <span class='ocrx_word' id='word_1_427' title='bbox 451 2795 500 2822; x_wconf 81' lang='lat' dir='ltr'><strong>per</strong></span> <span class='ocrx_word' id='word_1_428' title='bbox 516 2793 599 2821; x_wconf 83' lang='lat' dir='ltr'><strong>quam</strong></span> <span class='ocrx_word' id='word_1_429' title='bbox 617 2793 700 2821; x_wconf 86' lang='lat' dir='ltr'><strong>supra</strong></span> <span class='ocrx_word' id='word_1_430' title='bbox 712 2787 831 2822; x_wconf 84' lang='lat' dir='ltr'><strong>seipsum</strong></span> <span class='ocrx_word' id='word_1_431' title='bbox 844 2788 990 2823; x_wconf 83' lang='lat' dir='ltr'><strong>aliquando</strong></span> 
     </span>
    </p>
   </div>
   <div class='ocr_carea' id='block_1_59' title="bbox 525 2877 732 2910">
    <p class='ocr_par' dir='ltr' id='par_1_59' title="bbox 525 2877 732 2910">
     <span class='ocr_line' id='line_1_59' title="bbox 525 2877 732 2910; baseline 0 -6"><span class='ocrx_word' id='word_1_432' title='bbox 525 2877 535 2894; x_wconf 87' lang='grc'><strong><em>³</em></strong></span> <span class='ocrx_word' id='word_1_433' title='bbox 547 2877 636 2905; x_wconf 78' lang='lat' dir='ltr'><strong>Galat.</strong></span> <span class='ocrx_word' id='word_1_434' title='bbox 655 2885 691 2910; x_wconf 83' lang='lat' dir='ltr'><strong>tv,</strong></span> <span class='ocrx_word' id='word_1_435' title='bbox 707 2877 732 2905; x_wconf 82' lang='grc'><strong>6.</strong></span> 
     </span>
    </p>
   </div>
   <div class='ocr_carea' id='block_1_60' title="bbox 239 2878 994 2913">
    <p class='ocr_par' dir='ltr' id='par_1_60' title="bbox 239 2878 994 2913">
     <span class='ocr_line' id='line_1_60' title="bbox 239 2878 994 2913; baseline 0 -7"><span class='ocrx_word' id='word_1_436' title='bbox 239 2882 247 2896; x_wconf 80' lang='grc'><strong><em>³</em></strong></span> <span class='ocrx_word' id='word_1_437' title='bbox 271 2879 341 2906; x_wconf 70' lang='grc' dir='ltr'>Ρεςιι.</span> <span class='ocrx_word' id='word_1_438' title='bbox 356 2885 428 2913; x_wconf 82' lang='lat' dir='ltr'><strong>xLIV,</strong></span> <span class='ocrx_word' id='word_1_439' title='bbox 444 2878 486 2906; x_wconf 79' lang='grc' dir='ltr'><strong>Η.</strong></span> <span class='ocrx_word' id='word_1_440' title='bbox 525 2878 535 2894; x_wconf 86' lang='grc'><strong><em>³</em></strong></span> <span class='ocrx_word' id='word_1_441' title='bbox 547 2878 636 2905; x_wconf 78' lang='lat' dir='ltr'><strong>Galat.</strong></span> <span class='ocrx_word' id='word_1_442' title='bbox 655 2885 691 2910; x_wconf 83' lang='lat' dir='ltr'><strong>tv,</strong></span> <span class='ocrx_word' id='word_1_443' title='bbox 707 2878 732 2905; x_wconf 82' lang='grc'><strong>6.</strong></span> <span class='ocrx_word' id='word_1_444' title='bbox 773 2878 781 2893; x_wconf 68' lang='grc' dir='ltr'>δ</span> <span class='ocrx_word' id='word_1_445' title='bbox 793 2879 858 2906; x_wconf 84' lang='lat' dir='ltr'><strong>Luc.</strong></span> <span class='ocrx_word' id='word_1_446' title='bbox 874 2879 994 2912; x_wconf 59' lang='lat' dir='ltr'><strong>).\&#39;ll,el.</strong></span> 
     </span>
    </p>
   </div>
   <div class='ocr_carea' id='block_1_61' title="bbox 816 153 1196 183">
    <p class='ocr_par' dir='ltr' id='par_1_61' title="bbox 816 153 1196 183">
     <span class='ocr_line' id='line_1_61' title="bbox 816 153 1196 183; baseline 0.003 -1"><span class='ocrx_word' id='word_1_447' title='bbox 816 153 1008 183; x_wconf 78' lang='lat' dir='ltr'><strong>GREGORH</strong></span> <span class='ocrx_word' id='word_1_448' title='bbox 1032 154 1196 183; x_wconf 69' lang='lat' dir='ltr'><strong>PALAME</strong></span> 
     </span>
    </p>
   </div>
   <div class='ocr_carea' id='block_1_62' title="bbox 1752 152 1820 184">
    <p class='ocr_par' dir='ltr' id='par_1_62' title="bbox 1752 152 1820 184">
     <span class='ocr_line' id='line_1_62' title="bbox 1752 152 1820 184; baseline 0 0"><span class='ocrx_word' id='word_1_449' title='bbox 1752 152 1820 184; x_wconf 79' lang='grc'>1108</span> 
     </span>
    </p>
   </div>
   <div class='ocr_carea' id='block_1_63' title="bbox 1038 212 1827 248">
    <p class='ocr_par' dir='ltr' id='par_1_63' title="bbox 1038 212 1827 248">
     <span class='ocr_line' id='line_1_63' title="bbox 1038 212 1827 248; baseline 0.001 -9"><span class='ocrx_word' id='word_1_450' title='bbox 1038 215 1165 248; x_wconf 84' lang='grc' dir='ltr'>ταμεῖον;</span> <span class='ocrx_word' id='word_1_451' title='bbox 1193 213 1242 239; x_wconf 59' lang='grc' dir='ltr'><strong>Διά</strong></span> <span class='ocrx_word' id='word_1_452' title='bbox 1270 212 1348 238; x_wconf 84' lang='grc' dir='ltr'>τοῦτο</span> <span class='ocrx_word' id='word_1_453' title='bbox 1375 212 1421 238; x_wconf 70' lang='grc' dir='ltr'><strong>καὶ</strong></span> <span class='ocrx_word' id='word_1_454' title='bbox 1448 214 1462 238; x_wconf 79' lang='grc' dir='ltr'><strong>ό</strong></span> <span class='ocrx_word' id='word_1_455' title='bbox 1488 212 1657 248; x_wconf 72' lang='grc' dir='ltr'>φερωνὺμως</span> <span class='ocrx_word' id='word_1_456' title='bbox 1686 213 1827 248; x_wconf 69' lang='grc' dir='ltr'>Μακάριος</span> 
     </span>
    </p>
   </div>
   <div class='ocr_carea' id='block_1_64' title="bbox 1038 258 1827 293">
    <p class='ocr_par' dir='ltr' id='par_1_64' title="bbox 1038 258 1827 293">
     <span class='ocr_line' id='line_1_64' title="bbox 1038 258 1827 293; baseline 0.001 -9"><span class='ocrx_word' id='word_1_457' title='bbox 1038 259 1136 293; x_wconf 68' lang='grc' dir='ltr'>ἐφεξῆς</span> <span class='ocrx_word' id='word_1_458' title='bbox 1151 259 1207 288; x_wconf 81' lang='grc' dir='ltr'>τοῖς</span> <span class='ocrx_word' id='word_1_459' title='bbox 1224 259 1352 292; x_wconf 79' lang='grc' dir='ltr'><strong>ἀνωτέρω</strong></span> <span class='ocrx_word' id='word_1_460' title='bbox 1364 258 1462 292; x_wconf 72' lang='grc' dir='ltr'>μικρὸν</span> <span class='ocrx_word' id='word_1_461' title='bbox 1477 258 1635 293; x_wconf 76' lang='grc' dir='ltr'><strong>εἰρημένοις</strong></span> <span class='ocrx_word' id='word_1_462' title='bbox 1655 259 1719 293; x_wconf 82' lang='grc' dir='ltr'>παρ’</span> <span class='ocrx_word' id='word_1_463' title='bbox 1744 259 1827 285; x_wconf 73' lang='grc' dir='ltr'>αὑτοῦ</span> 
     </span>
    </p>
   </div>
   <div class='ocr_carea' id='block_1_65' title="bbox 1039 303 1826 339">
    <p class='ocr_par' dir='ltr' id='par_1_65' title="bbox 1039 303 1826 339">
     <span class='ocr_line' id='line_1_65' title="bbox 1039 303 1826 339; baseline 0.001 -10"><span class='ocrx_word' id='word_1_464' title='bbox 1039 311 1139 339; x_wconf 65' lang='grc' dir='ltr'>φησιν·</span> <span class='ocrx_word' id='word_1_465' title='bbox 1167 303 1240 330; x_wconf 83' lang='grc' dir='ltr'><strong>Ἐκεῖ</strong></span> <span class='ocrx_word' id='word_1_466' title='bbox 1261 303 1351 329; x_wconf 85' lang='grc' dir='ltr'>τοίνυν</span> <span class='ocrx_word' id='word_1_467' title='bbox 1369 303 1408 329; x_wconf 78' lang='grc' dir='ltr'>δεῖ</span> <span class='ocrx_word' id='word_1_468' title='bbox 1435 305 1557 335; x_wconf 77' lang='grc' dir='ltr'><strong>σκοπεῖν,</strong></span> <span class='ocrx_word' id='word_1_469' title='bbox 1584 304 1608 330; x_wconf 81' lang='grc' dir='ltr'><strong>εἰ</strong></span> <span class='ocrx_word' id='word_1_470' title='bbox 1638 304 1787 339; x_wconf 70' lang='grc' dir='ltr'><strong>ἐνέγραψεν</strong></span> <span class='ocrx_word' id='word_1_471' title='bbox 1810 307 1826 339; x_wconf 84' lang='grc' dir='ltr'><strong>ἡ</strong></span> 
     </span>
    </p>
   </div>
   <div class='ocr_carea' id='block_1_66' title="bbox 1038 347 1828 384">
    <p class='ocr_par' dir='ltr' id='par_1_66' title="bbox 1038 347 1828 384">
     <span class='ocr_line' id='line_1_66' title="bbox 1038 347 1828 384; baseline 0 -10"><span class='ocrx_word' id='word_1_472' title='bbox 1038 350 1117 384; x_wconf 61' lang='grc' dir='ltr'>χάρις</span> <span class='ocrx_word' id='word_1_473' title='bbox 1136 347 1199 381; x_wconf 70' lang='grc' dir='ltr'>τοῦς</span> <span class='ocrx_word' id='word_1_474' title='bbox 1221 348 1268 375; x_wconf 85' lang='grc' dir='ltr'><strong>τοῦ</strong></span> <span class='ocrx_word' id='word_1_475' title='bbox 1293 349 1449 384; x_wconf 78' lang='grc' dir='ltr'>πνεύματος</span> <span class='ocrx_word' id='word_1_476' title='bbox 1464 349 1573 383; x_wconf 79' lang='grc' dir='ltr'>νόμους.</span> <span class='ocrx_word' id='word_1_477' title='bbox 1597 349 1680 381; x_wconf 82' lang='grc' dir='ltr'>Ἐκεῖ,</span> <span class='ocrx_word' id='word_1_478' title='bbox 1695 349 1763 382; x_wconf 77' lang='grc' dir='ltr'>ποῦ;</span> <span class='ocrx_word' id='word_1_479' title='bbox 1784 351 1828 376; x_wconf 74' lang='grc' dir='ltr'>Ἐν</span> 
     </span>
    </p>
   </div>
   <div class='ocr_carea' id='block_1_67' title="bbox 1039 395 1829 431">
    <p class='ocr_par' dir='ltr' id='par_1_67' title="bbox 1039 395 1829 431">
     <span class='ocr_line' id='line_1_67' title="bbox 1039 395 1829 431; baseline 0 -11"><span class='ocrx_word' id='word_1_480' title='bbox 1039 395 1077 429; x_wconf 77' lang='grc' dir='ltr'>τῷ</span> <span class='ocrx_word' id='word_1_481' title='bbox 1103 395 1259 430; x_wconf 74' lang='grc' dir='ltr'><strong>ἡγεμονικῷ</strong></span> <span class='ocrx_word' id='word_1_482' title='bbox 1282 395 1405 430; x_wconf 73' lang='grc' dir='ltr'><strong>ὀργάνῳ·</strong></span> <span class='ocrx_word' id='word_1_483' title='bbox 1429 397 1457 422; x_wconf 77' lang='grc' dir='ltr'>ἐν</span> <span class='ocrx_word' id='word_1_484' title='bbox 1478 395 1518 430; x_wconf 78' lang='grc' dir='ltr'>τῷ</span> <span class='ocrx_word' id='word_1_485' title='bbox 1541 397 1590 430; x_wconf 78' lang='grc' dir='ltr'>τῆς</span> <span class='ocrx_word' id='word_1_486' title='bbox 1617 398 1726 430; x_wconf 73' lang='grc' dir='ltr'>χάριτος</span> <span class='ocrx_word' id='word_1_487' title='bbox 1742 396 1829 431; x_wconf 51' lang='lat' dir='ltr'><strong>Opimi</strong></span> 
     </span>
    </p>
   </div>
   <div class='ocr_carea' id='block_1_68' title="bbox 1038 441 1829 476">
    <p class='ocr_par' dir='ltr' id='par_1_68' title="bbox 1038 441 1829 476">
     <span class='ocr_line' id='line_1_68' title="bbox 1038 441 1829 476; baseline 0 -9"><span class='ocrx_word' id='word_1_488' title='bbox 1038 442 1103 468; x_wconf 74' lang='grc' dir='ltr'>ὅπου</span> <span class='ocrx_word' id='word_1_489' title='bbox 1119 443 1133 468; x_wconf 82' lang='grc' dir='ltr'><strong>ὀ</strong></span> <span class='ocrx_word' id='word_1_490' title='bbox 1148 442 1209 472; x_wconf 78' lang='grc' dir='ltr'>νοῦς</span> <span class='ocrx_word' id='word_1_491' title='bbox 1229 442 1276 468; x_wconf 80' lang='grc' dir='ltr'>καὶ</span> <span class='ocrx_word' id='word_1_492' title='bbox 1292 442 1317 467; x_wconf 82' lang='grc' dir='ltr'>οἱ</span> <span class='ocrx_word' id='word_1_493' title='bbox 1341 441 1467 475; x_wconf 70' lang='grc' dir='ltr'>λογισμοὶ</span> <span class='ocrx_word' id='word_1_494' title='bbox 1485 442 1585 474; x_wconf 76' lang='grc' dir='ltr'>πάντες</span> <span class='ocrx_word' id='word_1_495' title='bbox 1608 442 1655 476; x_wconf 77' lang='grc' dir='ltr'>τῆς</span> <span class='ocrx_word' id='word_1_496' title='bbox 1678 442 1767 476; x_wconf 69' lang='grc' dir='ltr'>ψυχῆς</span> <span class='ocrx_word' id='word_1_497' title='bbox 1778 450 1785 457; x_wconf 84' lang='grc'><strong>”</strong></span> <span class='ocrx_word' id='word_1_498' title='bbox 1801 443 1829 468; x_wconf 78' lang='grc' dir='ltr'>ἐν</span> 
     </span>
    </p>
   </div>
   <div class='ocr_carea' id='block_1_69' title="bbox 1039 487 1828 523">
    <p class='ocr_par' dir='ltr' id='par_1_69' title="bbox 1039 487 1828 523">
     <span class='ocr_line' id='line_1_69' title="bbox 1039 487 1828 523; baseline 0.001 -9"><span class='ocrx_word' id='word_1_499' title='bbox 1039 489 1071 522; x_wconf 81' lang='grc' dir='ltr'>τῇ</span> <span class='ocrx_word' id='word_1_500' title='bbox 1097 488 1196 523; x_wconf 72' lang='grc' dir='ltr'>καρδίᾳ</span> <span class='ocrx_word' id='word_1_501' title='bbox 1221 487 1331 522; x_wconf 82' lang='grc' dir='ltr'>δηλαδή.</span> <span class='ocrx_word' id='word_1_502' title='bbox 1353 488 1436 522; x_wconf 78' lang='grc' dir='ltr'>Ὁρᾷς</span> <span class='ocrx_word' id='word_1_503' title='bbox 1463 487 1521 518; x_wconf 83' lang='grc' dir='ltr'>πῶς</span> <span class='ocrx_word' id='word_1_504' title='bbox 1538 488 1751 521; x_wconf 68' lang='grc' dir='ltr'><strong>ἀναγκαιότατον</strong></span> <span class='ocrx_word' id='word_1_505' title='bbox 1773 490 1828 519; x_wconf 73' lang='grc' dir='ltr'>τοῖς</span> 
     </span>
    </p>
   </div>
   <div class='ocr_carea' id='block_1_70' title="bbox 1040 534 1828 569">
    <p class='ocr_par' dir='ltr' id='par_1_70' title="bbox 1040 534 1828 569">
     <span class='ocr_line' id='line_1_70' title="bbox 1040 534 1828 569; baseline 0 -9"><span class='ocrx_word' id='word_1_506' title='bbox 1040 534 1240 569; x_wconf 69' lang='grc' dir='ltr'><strong>προῃρημένοις</strong></span> <span class='ocrx_word' id='word_1_507' title='bbox 1261 535 1289 560; x_wconf 77' lang='grc' dir='ltr'><strong>ἐν</strong></span> <span class='ocrx_word' id='word_1_508' title='bbox 1304 534 1403 569; x_wconf 69' lang='grc' dir='ltr'>ἡσυχίᾳ</span> <span class='ocrx_word' id='word_1_509' title='bbox 1425 534 1568 569; x_wconf 80' lang='grc' dir='ltr'><strong>προσέχειν</strong></span> <span class='ocrx_word' id='word_1_510' title='bbox 1592 535 1706 566; x_wconf 79' lang='grc' dir='ltr'><strong>ἑαυτοῖς,</strong></span> <span class='ocrx_word' id='word_1_511' title='bbox 1742 535 1828 561; x_wconf 77' lang='grc' dir='ltr'>ἐπαν-</span> 
     </span>
    </p>
   </div>
   <div class='ocr_carea' id='block_1_71' title="bbox 1039 579 1828 615">
    <p class='ocr_par' dir='ltr' id='par_1_71' title="bbox 1039 579 1828 615">
     <span class='ocr_line' id='line_1_71' title="bbox 1039 579 1828 615; baseline 0.001 -10"><span class='ocrx_word' id='word_1_512' title='bbox 1039 580 1115 613; x_wconf 79' lang='grc' dir='ltr'>ᾀγειν</span> <span class='ocrx_word' id='word_1_513' title='bbox 1128 580 1174 605; x_wconf 75' lang='grc' dir='ltr'>καὶ</span> <span class='ocrx_word' id='word_1_514' title='bbox 1184 579 1386 615; x_wconf 76' lang='grc' dir='ltr'>ἐμπερικλείειν</span> <span class='ocrx_word' id='word_1_515' title='bbox 1400 579 1439 614; x_wconf 86' lang='grc' dir='ltr'><strong>τῷ</strong></span> <span class='ocrx_word' id='word_1_516' title='bbox 1451 579 1556 614; x_wconf 80' lang='grc' dir='ltr'>σώματι</span> <span class='ocrx_word' id='word_1_517' title='bbox 1571 579 1615 605; x_wconf 74' lang='grc' dir='ltr'>τὸν</span> <span class='ocrx_word' id='word_1_518' title='bbox 1626 579 1698 610; x_wconf 84' lang='grc' dir='ltr'>νοῦν,</span> <span class='ocrx_word' id='word_1_519' title='bbox 1715 580 1762 606; x_wconf 79' lang='grc' dir='ltr'><strong>καὶ</strong></span> <span class='ocrx_word' id='word_1_520' title='bbox 1776 581 1828 614; x_wconf 70' lang='grc' dir='ltr'><strong>μά-</strong></span> 
     </span>
    </p>
   </div>
   <div class='ocr_carea' id='block_1_72' title="bbox 1039 624 1828 661">
    <p class='ocr_par' dir='ltr' id='par_1_72' title="bbox 1039 624 1828 661">
     <span class='ocr_line' id='line_1_72' title="bbox 1039 624 1828 661; baseline -0.003 -9"><span class='ocrx_word' id='word_1_521' title='bbox 1039 626 1116 652; x_wconf 72' lang='grc' dir='ltr'>λιστα</span> <span class='ocrx_word' id='word_1_522' title='bbox 1129 625 1168 660; x_wconf 80' lang='grc' dir='ltr'>τῷ</span> <span class='ocrx_word' id='word_1_523' title='bbox 1181 626 1209 651; x_wconf 82' lang='grc' dir='ltr'>ἐν</span> <span class='ocrx_word' id='word_1_524' title='bbox 1220 626 1259 659; x_wconf 81' lang='grc' dir='ltr'><strong>τῷ</strong></span> <span class='ocrx_word' id='word_1_525' title='bbox 1275 624 1381 659; x_wconf 89' lang='grc' dir='ltr'>σώματι</span> <span class='ocrx_word' id='word_1_526' title='bbox 1400 626 1533 661; x_wconf 80' lang='grc' dir='ltr'>ἐνδοτάτῳ</span> <span class='ocrx_word' id='word_1_527' title='bbox 1551 626 1669 660; x_wconf 79' lang='grc' dir='ltr'>σώματι,</span> <span class='ocrx_word' id='word_1_528' title='bbox 1684 625 1697 651; x_wconf 79' lang='grc' dir='ltr'><strong>ὃ</strong></span> <span class='ocrx_word' id='word_1_529' title='bbox 1713 626 1828 659; x_wconf 78' lang='grc' dir='ltr'>καρδίαν</span> 
     </span>
    </p>
   </div>
   <div class='ocr_carea' id='block_1_73' title="bbox 1039 671 1828 707">
    <p class='ocr_par' dir='ltr' id='par_1_73' title="bbox 1039 671 1828 707">
     <span class='ocr_line' id='line_1_73' title="bbox 1039 671 1828 707; baseline -0.003 -9"><span class='ocrx_word' id='word_1_530' title='bbox 1039 671 1218 706; x_wconf 69' lang='grc' dir='ltr'>ὀνομάζομεν.</span> <span class='ocrx_word' id='word_1_531' title='bbox 1233 672 1263 697; x_wconf 75' lang='grc' dir='ltr'><strong>Εἰ</strong></span> <span class='ocrx_word' id='word_1_532' title='bbox 1276 671 1303 697; x_wconf 80' lang='grc' dir='ltr'>δὲ</span> <span class='ocrx_word' id='word_1_533' title='bbox 1316 672 1361 697; x_wconf 72' lang='grc' dir='ltr'><strong>καὶ</strong></span> <span class='ocrx_word' id='word_1_534' title='bbox 1372 671 1466 707; x_wconf 82' lang='grc' dir='ltr'>[κατὰ]</span> <span class='ocrx_word' id='word_1_535' title='bbox 1476 671 1520 697; x_wconf 80' lang='grc' dir='ltr'>τὸν</span> <span class='ocrx_word' id='word_1_536' title='bbox 1529 671 1691 706; x_wconf 71' lang='grc' dir='ltr'>Ψαλμῳίόν·</span> <span class='ocrx_word' id='word_1_537' title='bbox 1704 681 1712 696; x_wconf 80' lang='grc' dir='ltr'><strong>ι</strong></span> <span class='ocrx_word' id='word_1_538' title='bbox 1725 672 1802 698; x_wconf 73' lang='grc' dir='ltr'>Πᾶσα</span> <span class='ocrx_word' id='word_1_539' title='bbox 1812 673 1828 706; x_wconf 83' lang='grc' dir='ltr'>ἡ</span> 
     </span>
    </p>
   </div>
   <div class='ocr_carea' id='block_1_74' title="bbox 1039 718 1830 755">
    <p class='ocr_par' dir='ltr' id='par_1_74' title="bbox 1039 718 1830 755">
     <span class='ocr_line' id='line_1_74' title="bbox 1039 718 1830 755; baseline -0.004 -8"><span class='ocrx_word' id='word_1_540' title='bbox 1039 721 1101 755; x_wconf 66' lang='grc' dir='ltr'>δόξα</span> <span class='ocrx_word' id='word_1_541' title='bbox 1125 722 1174 755; x_wconf 77' lang='grc' dir='ltr'>τῆς</span> <span class='ocrx_word' id='word_1_542' title='bbox 1198 720 1331 754; x_wconf 73' lang='grc' dir='ltr'>ουγατρδς</span> <span class='ocrx_word' id='word_1_543' title='bbox 1362 719 1410 745; x_wconf 84' lang='grc' dir='ltr'><strong>τοῦ</strong></span> <span class='ocrx_word' id='word_1_544' title='bbox 1444 718 1576 754; x_wconf 69' lang='grc' dir='ltr'>βασιλέως</span> <span class='ocrx_word' id='word_1_545' title='bbox 1603 718 1714 751; x_wconf 78' lang='grc' dir='ltr'><strong>ἔσωθεν,</strong></span> <span class='ocrx_word' id='word_1_546' title='bbox 1732 727 1741 743; x_wconf 79' lang='lat' dir='ltr'><strong>r</strong></span> <span class='ocrx_word' id='word_1_547' title='bbox 1770 719 1830 749; x_wconf 62' lang='grc' dir='ltr'>πῶς</span> 
     </span>
    </p>
   </div>
   <div class='ocr_carea' id='block_1_75' title="bbox 1039 764 1827 800">
    <p class='ocr_par' dir='ltr' id='par_1_75' title="bbox 1039 764 1827 800">
     <span class='ocr_line' id='line_1_75' title="bbox 1039 764 1827 800; baseline -0.003 -9"><span class='ocrx_word' id='word_1_548' title='bbox 1039 767 1120 800; x_wconf 83' lang='grc' dir='ltr'>ἡμεῖς</span> <span class='ocrx_word' id='word_1_549' title='bbox 1142 765 1227 799; x_wconf 76' lang='grc' dir='ltr'>αὐτὴν</span> <span class='ocrx_word' id='word_1_550' title='bbox 1249 764 1300 798; x_wconf 76' lang='grc' dir='ltr'><strong>ἔξω</strong></span> <span class='ocrx_word' id='word_1_551' title='bbox 1318 773 1369 791; x_wconf 87' lang='grc' dir='ltr'>που</span> <span class='ocrx_word' id='word_1_552' title='bbox 1385 764 1547 799; x_wconf 75' lang='grc' dir='ltr'><strong>ζητήσωμεν</strong></span> <span class='ocrx_word' id='word_1_553' title='bbox 1561 773 1567 796; x_wconf 78' lang='grc' dir='ltr'><strong>ς</strong></span> <span class='ocrx_word' id='word_1_554' title='bbox 1588 764 1619 791; x_wconf 85' lang='grc' dir='ltr'><strong>Εἰ</strong></span> <span class='ocrx_word' id='word_1_555' title='bbox 1636 765 1682 790; x_wconf 74' lang='grc' dir='ltr'>καὶ</span> <span class='ocrx_word' id='word_1_556' title='bbox 1696 765 1767 790; x_wconf 64' lang='grc' dir='ltr'>κατὰ</span> <span class='ocrx_word' id='word_1_557' title='bbox 1781 764 1827 790; x_wconf 76' lang='grc' dir='ltr'>τὸν</span> 
     </span>
    </p>
   </div>
   <div class='ocr_carea' id='block_1_76' title="bbox 1045 810 1829 846">
    <p class='ocr_par' dir='ltr' id='par_1_76' title="bbox 1045 810 1829 846">
     <span class='ocr_line' id='line_1_76' title="bbox 1045 810 1829 846; baseline -0.003 -8"><span class='ocrx_word' id='word_1_558' title='bbox 1045 811 1214 842; x_wconf 76' lang='grc' dir='ltr'>Ἀπόστολον,</span> <span class='ocrx_word' id='word_1_559' title='bbox 1235 820 1244 836; x_wconf 86' lang='grc'><em>‹</em></span> <span class='ocrx_word' id='word_1_560' title='bbox 1257 811 1285 837; x_wconf 88' lang='grc' dir='ltr'>Ὁ</span> <span class='ocrx_word' id='word_1_561' title='bbox 1298 810 1363 842; x_wconf 76' lang='grc' dir='ltr'>Θεὸς</span> <span class='ocrx_word' id='word_1_562' title='bbox 1374 810 1475 836; x_wconf 77' lang='grc' dir='ltr'>ἔδωκεν</span> <span class='ocrx_word' id='word_1_563' title='bbox 1496 810 1578 836; x_wconf 84' lang='grc' dir='ltr'>αὐτοῦ</span> <span class='ocrx_word' id='word_1_564' title='bbox 1593 811 1624 837; x_wconf 72' lang='grc' dir='ltr'>τὸ</span> <span class='ocrx_word' id='word_1_565' title='bbox 1639 811 1747 845; x_wconf 88' lang='grc' dir='ltr'>πνεῦμα</span> <span class='ocrx_word' id='word_1_566' title='bbox 1761 811 1829 846; x_wconf 80' lang='grc' dir='ltr'>κρά-</span> 
     </span>
    </p>
   </div>
   <div class='ocr_carea' id='block_1_77' title="bbox 1039 856 1829 892">
    <p class='ocr_par' dir='ltr' id='par_1_77' title="bbox 1039 856 1829 892">
     <span class='ocr_line' id='line_1_77' title="bbox 1039 856 1829 892; baseline -0.001 -9"><span class='ocrx_word' id='word_1_567' title='bbox 1039 858 1084 890; x_wconf 80' lang='grc' dir='ltr'>ζον</span> <span class='ocrx_word' id='word_1_568' title='bbox 1097 859 1126 883; x_wconf 85' lang='grc' dir='ltr'>ἐν</span> <span class='ocrx_word' id='word_1_569' title='bbox 1149 860 1209 888; x_wconf 84' lang='grc' dir='ltr'>ταῖς</span> <span class='ocrx_word' id='word_1_570' title='bbox 1231 857 1357 892; x_wconf 76' lang='grc' dir='ltr'>καρδίαις</span> <span class='ocrx_word' id='word_1_571' title='bbox 1381 856 1459 892; x_wconf 81' lang='grc' dir='ltr'>ἡμῶν</span> <span class='ocrx_word' id='word_1_572' title='bbox 1471 865 1478 871; x_wconf 89' lang='grc'><strong>·</strong></span> <span class='ocrx_word' id='word_1_573' title='bbox 1497 856 1581 884; x_wconf 79' lang='grc' dir='ltr'><strong>’Λόεᾶ</strong></span> <span class='ocrx_word' id='word_1_574' title='bbox 1592 856 1606 882; x_wconf 79' lang='grc' dir='ltr'><strong>ό</strong></span> <span class='ocrx_word' id='word_1_575' title='bbox 1620 856 1724 891; x_wconf 79' lang='grc' dir='ltr'>Πατὴρ,</span> <span class='ocrx_word' id='word_1_576' title='bbox 1739 866 1748 881; x_wconf 76' lang='grc' dir='ltr'><strong>ι</strong></span> <span class='ocrx_word' id='word_1_577' title='bbox 1767 856 1829 887; x_wconf 73' lang='grc' dir='ltr'>πῶς</span> 
     </span>
    </p>
   </div>
   <div class='ocr_carea' id='block_1_78' title="bbox 1039 901 1828 940">
    <p class='ocr_par' dir='ltr' id='par_1_78' title="bbox 1039 901 1828 940">
     <span class='ocr_line' id='line_1_78' title="bbox 1039 901 1828 940; baseline -0.004 -10"><span class='ocrx_word' id='word_1_578' title='bbox 1039 905 1120 940; x_wconf 76' lang='grc' dir='ltr'>ἡμεῖς</span> <span class='ocrx_word' id='word_1_579' title='bbox 1134 904 1184 930; x_wconf 81' lang='grc' dir='ltr'><strong>οὐκ</strong></span> <span class='ocrx_word' id='word_1_580' title='bbox 1206 905 1234 929; x_wconf 82' lang='grc' dir='ltr'><strong>ὲν</strong></span> <span class='ocrx_word' id='word_1_581' title='bbox 1257 904 1352 934; x_wconf 79' lang='grc' dir='ltr'>αὐταῖς</span> <span class='ocrx_word' id='word_1_582' title='bbox 1370 902 1553 937; x_wconf 77' lang='grc' dir='ltr'>συνευξόμεοα</span> <span class='ocrx_word' id='word_1_583' title='bbox 1569 901 1607 937; x_wconf 83' lang='grc' dir='ltr'>τῷ</span> <span class='ocrx_word' id='word_1_584' title='bbox 1625 902 1781 936; x_wconf 82' lang='grc' dir='ltr'>[1νεὺματι;</span> <span class='ocrx_word' id='word_1_585' title='bbox 1796 901 1828 927; x_wconf 80' lang='grc' dir='ltr'><strong>Εἰ</strong></span> 
     </span>
    </p>
   </div>
   <div class='ocr_carea' id='block_1_79' title="bbox 1038 947 1830 984">
    <p class='ocr_par' dir='ltr' id='par_1_79' title="bbox 1038 947 1830 984">
     <span class='ocr_line' id='line_1_79' title="bbox 1038 947 1830 984; baseline -0.004 -8"><span class='ocrx_word' id='word_1_586' title='bbox 1038 950 1066 978; x_wconf 77' lang='grc' dir='ltr'>δὲ</span> <span class='ocrx_word' id='word_1_587' title='bbox 1081 949 1150 978; x_wconf 79' lang='grc' dir='ltr'>κατᾲ</span> <span class='ocrx_word' id='word_1_588' title='bbox 1173 949 1219 975; x_wconf 72' lang='grc' dir='ltr'>τὸν</span> <span class='ocrx_word' id='word_1_589' title='bbox 1245 948 1394 984; x_wconf 70' lang='grc' dir='ltr'>προφητῶν</span> <span class='ocrx_word' id='word_1_590' title='bbox 1418 948 1465 974; x_wconf 76' lang='grc' dir='ltr'><strong>καὶ</strong></span> <span class='ocrx_word' id='word_1_591' title='bbox 1486 947 1642 975; x_wconf 70' lang='grc' dir='ltr'>ἀποστόλων</span> <span class='ocrx_word' id='word_1_592' title='bbox 1672 947 1784 982; x_wconf 76' lang='grc' dir='ltr'>Κύριον,</span> <span class='ocrx_word' id='word_1_593' title='bbox 1809 949 1830 981; x_wconf 86' lang='grc' dir='ltr'><strong>ἠ</strong></span> 
     </span>
    </p>
   </div>
   <div class='ocr_carea' id='block_1_80' title="bbox 1040 993 1831 1030">
    <p class='ocr_par' dir='ltr' id='par_1_80' title="bbox 1040 993 1831 1030">
     <span class='ocr_line' id='line_1_80' title="bbox 1040 993 1831 1030; baseline -0.003 -9"><span class='ocrx_word' id='word_1_594' title='bbox 1040 996 1163 1030; x_wconf 64' lang='grc' dir='ltr'>βασιλεία</span> <span class='ocrx_word' id='word_1_595' title='bbox 1181 995 1233 1021; x_wconf 83' lang='grc' dir='ltr'>τῶν</span> <span class='ocrx_word' id='word_1_596' title='bbox 1259 995 1381 1029; x_wconf 68' lang='grc' dir='ltr'>οὖρανῶν</span> <span class='ocrx_word' id='word_1_597' title='bbox 1404 994 1480 1025; x_wconf 66' lang='grc' dir='ltr'>ἐντος</span> <span class='ocrx_word' id='word_1_598' title='bbox 1506 994 1584 1028; x_wconf 74' lang='grc' dir='ltr'>ἡμῶν</span> <span class='ocrx_word' id='word_1_599' title='bbox 1608 994 1677 1023; x_wconf 68' lang='grc' dir='ltr'>ἐστι,</span> <span class='ocrx_word' id='word_1_600' title='bbox 1702 993 1759 1024; x_wconf 78' lang='grc' dir='ltr'>πῶς</span> <span class='ocrx_word' id='word_1_601' title='bbox 1777 994 1831 1020; x_wconf 71' lang='grc' dir='ltr'>οἰκ</span> 
     </span>
    </p>
   </div>
   <div class='ocr_carea' id='block_1_81' title="bbox 1038 1040 1831 1077">
    <p class='ocr_par' dir='ltr' id='par_1_81' title="bbox 1038 1040 1831 1077">
     <span class='ocr_line' id='line_1_81' title="bbox 1038 1040 1831 1077; baseline -0.001 -10"><span class='ocrx_word' id='word_1_602' title='bbox 1038 1043 1090 1074; x_wconf 77' lang='grc' dir='ltr'><strong>ἔξω</strong></span> <span class='ocrx_word' id='word_1_603' title='bbox 1112 1043 1220 1077; x_wconf 73' lang='grc' dir='ltr'>καὶτῆς</span> <span class='ocrx_word' id='word_1_604' title='bbox 1244 1042 1297 1067; x_wconf 82' lang='grc' dir='ltr'><strong>τῶν</strong></span> <span class='ocrx_word' id='word_1_605' title='bbox 1320 1041 1443 1076; x_wconf 77' lang='grc' dir='ltr'>οὐρανῶν</span> <span class='ocrx_word' id='word_1_606' title='bbox 1473 1040 1608 1075; x_wconf 80' lang='grc' dir='ltr'>βασιλείοις</span> <span class='ocrx_word' id='word_1_607' title='bbox 1631 1040 1730 1073; x_wconf 73' lang='grc' dir='ltr'>γένοιτ’</span> <span class='ocrx_word' id='word_1_608' title='bbox 1750 1041 1794 1071; x_wconf 78' lang='grc' dir='ltr'>ἂν,</span> <span class='ocrx_word' id='word_1_609' title='bbox 1813 1043 1831 1066; x_wconf 88' lang='grc' dir='ltr'>ὁ</span> 
     </span>
    </p>
   </div>
   <div class='ocr_carea' id='block_1_82' title="bbox 1037 1085 1832 1120">
    <p class='ocr_par' dir='ltr' id='par_1_82' title="bbox 1037 1085 1832 1120">
     <span class='ocr_line' id='line_1_82' title="bbox 1037 1085 1832 1120; baseline -0.004 -7"><span class='ocrx_word' id='word_1_610' title='bbox 1037 1087 1091 1114; x_wconf 82' lang='grc' dir='ltr'>τῶν</span> <span class='ocrx_word' id='word_1_611' title='bbox 1119 1087 1193 1118; x_wconf 62' lang='grc' dir='ltr'>ἐντὸς</span> <span class='ocrx_word' id='word_1_612' title='bbox 1219 1086 1317 1115; x_wconf 76' lang='grc' dir='ltr'>ἑαυτοῦ</span> <span class='ocrx_word' id='word_1_613' title='bbox 1340 1086 1387 1113; x_wconf 73' lang='grc' dir='ltr'>τὸν</span> <span class='ocrx_word' id='word_1_614' title='bbox 1415 1085 1476 1114; x_wconf 93' lang='grc' dir='ltr'>νοῦν</span> <span class='ocrx_word' id='word_1_615' title='bbox 1508 1085 1615 1119; x_wconf 78' lang='grc' dir='ltr'><strong>ἐξάγειν</strong></span> <span class='ocrx_word' id='word_1_616' title='bbox 1634 1086 1678 1111; x_wconf 72' lang='grc' dir='ltr'><strong>διὰ</strong></span> <span class='ocrx_word' id='word_1_617' title='bbox 1708 1085 1832 1120; x_wconf 73' lang='grc' dir='ltr'>σπουδῆς</span> 
     </span>
    </p>
   </div>
   <div class='ocr_carea' id='block_1_83' title="bbox 1039 1131 1833 1168">
    <p class='ocr_par' dir='ltr' id='par_1_83' title="bbox 1039 1131 1833 1168">
     <span class='ocr_line' id='line_1_83' title="bbox 1039 1131 1833 1168; baseline -0.005 -8"><span class='ocrx_word' id='word_1_618' title='bbox 1039 1133 1218 1168; x_wconf 78' lang='grc' dir='ltr'>ποιούμενος;</span> <span class='ocrx_word' id='word_1_619' title='bbox 1234 1132 1353 1167; x_wconf 79' lang='grc' dir='ltr'>«Καρδία</span> <span class='ocrx_word' id='word_1_620' title='bbox 1367 1132 1445 1167; x_wconf 83' lang='grc' dir='ltr'>ὀρθὴ,</span> <span class='ocrx_word' id='word_1_621' title='bbox 1472 1132 1554 1166; x_wconf 77' lang='grc' dir='ltr'>φησὶν</span> <span class='ocrx_word' id='word_1_622' title='bbox 1569 1132 1582 1158; x_wconf 82' lang='grc' dir='ltr'>ὁ</span> <span class='ocrx_word' id='word_1_623' title='bbox 1595 1131 1729 1166; x_wconf 84' lang='grc' dir='ltr'>Σολομὼν,</span> <span class='ocrx_word' id='word_1_624' title='bbox 1751 1131 1833 1166; x_wconf 81' lang='grc' dir='ltr'><strong>ζητεί</strong></span> 
     </span>
    </p>
   </div>
   <div class='ocr_carea' id='block_1_84' title="bbox 1038 1177 1831 1215">
    <p class='ocr_par' dir='ltr' id='par_1_84' title="bbox 1038 1177 1831 1215">
     <span class='ocr_line' id='line_1_84' title="bbox 1038 1177 1831 1215; baseline -0.005 -9"><span class='ocrx_word' id='word_1_625' title='bbox 1038 1180 1195 1215; x_wconf 70' lang='grc' dir='ltr'>αἴσθησιν-ι</span> <span class='ocrx_word' id='word_1_626' title='bbox 1217 1179 1250 1214; x_wconf 76' lang='grc' dir='ltr'><strong>ἢν</strong></span> <span class='ocrx_word' id='word_1_627' title='bbox 1276 1179 1291 1205; x_wconf 82' lang='grc' dir='ltr'>ὁ</span> <span class='ocrx_word' id='word_1_628' title='bbox 1317 1179 1399 1210; x_wconf 78' lang='grc' dir='ltr'>αὐτὸς</span> <span class='ocrx_word' id='word_1_629' title='bbox 1422 1180 1519 1214; x_wconf 65' lang='grc' dir='ltr'>νοερὰν</span> <span class='ocrx_word' id='word_1_630' title='bbox 1535 1178 1582 1204; x_wconf 75' lang='grc' dir='ltr'>καὶ</span> <span class='ocrx_word' id='word_1_631' title='bbox 1607 1178 1683 1204; x_wconf 80' lang='grc' dir='ltr'>θείαν</span> <span class='ocrx_word' id='word_1_632' title='bbox 1709 1177 1831 1212; x_wconf 71' lang='grc' dir='ltr'>ἀλλαίοῦ</span> 
     </span>
    </p>
   </div>
   <div class='ocr_carea' id='block_1_85' title="bbox 1039 1224 1831 1262">
    <p class='ocr_par' dir='ltr' id='par_1_85' title="bbox 1039 1224 1831 1262">
     <span class='ocr_line' id='line_1_85' title="bbox 1039 1224 1831 1262; baseline -0.005 -10"><span class='ocrx_word' id='word_1_633' title='bbox 1039 1227 1218 1260; x_wconf 81' lang='grc' dir='ltr'>προσείρηκε·</span> <span class='ocrx_word' id='word_1_634' title='bbox 1242 1225 1311 1261; x_wconf 81' lang='grc' dir='ltr'>πρὸς</span> <span class='ocrx_word' id='word_1_635' title='bbox 1324 1226 1358 1262; x_wconf 83' lang='grc' dir='ltr'><strong>ἢν</strong></span> <span class='ocrx_word' id='word_1_636' title='bbox 1372 1226 1396 1252; x_wconf 90' lang='grc' dir='ltr'>οἰ</span> <span class='ocrx_word' id='word_1_637' title='bbox 1418 1225 1539 1260; x_wconf 79' lang='grc' dir='ltr'>Πατέρες</span> <span class='ocrx_word' id='word_1_638' title='bbox 1555 1224 1659 1256; x_wconf 74' lang='grc' dir='ltr'>πάντας</span> <span class='ocrx_word' id='word_1_639' title='bbox 1673 1224 1831 1258; x_wconf 50' lang='grc' dir='ltr'>προτρεπὼ</span> 
     </span>
    </p>
   </div>
   <div class='ocr_carea' id='block_1_86' title="bbox 1040 1270 1831 1308">
    <p class='ocr_par' dir='ltr' id='par_1_86' title="bbox 1040 1270 1831 1308">
     <span class='ocr_line' id='line_1_86' title="bbox 1040 1270 1831 1308; baseline -0.004 -10"><span class='ocrx_word' id='word_1_640' title='bbox 1040 1280 1125 1307; x_wconf 78' lang='grc' dir='ltr'>μενοι,</span> <span class='ocrx_word' id='word_1_641' title='bbox 1148 1271 1229 1305; x_wconf 85' lang='grc' dir='ltr'>Νοῦς,</span> <span class='ocrx_word' id='word_1_642' title='bbox 1251 1273 1329 1307; x_wconf 61' lang='grc' dir='ltr'>φασὶ,</span> <span class='ocrx_word' id='word_1_643' title='bbox 1353 1272 1444 1308; x_wconf 78' lang='grc' dir='ltr'>νοερὺς</span> <span class='ocrx_word' id='word_1_644' title='bbox 1468 1272 1587 1304; x_wconf 74' lang='grc' dir='ltr'>πάντως,</span> <span class='ocrx_word' id='word_1_645' title='bbox 1605 1271 1651 1297; x_wconf 77' lang='grc' dir='ltr'><strong>καὶ</strong></span> <span class='ocrx_word' id='word_1_646' title='bbox 1666 1270 1762 1304; x_wconf 72' lang='grc' dir='ltr'>νοερὰ-δ</span> <span class='ocrx_word' id='word_1_647' title='bbox 1785 1270 1831 1295; x_wconf 80' lang='grc' dir='ltr'><strong>αἶ-</strong></span> 
     </span>
    </p>
   </div>
   <div class='ocr_carea' id='block_1_87' title="bbox 1040 1316 1831 1354">
    <p class='ocr_par' dir='ltr' id='par_1_87' title="bbox 1040 1316 1831 1354">
     <span class='ocr_line' id='line_1_87' title="bbox 1040 1316 1831 1354; baseline -0.006 -10"><span class='ocrx_word' id='word_1_648' title='bbox 1040 1319 1135 1353; x_wconf 83' lang='grc' dir='ltr'>σϐησιν</span> <span class='ocrx_word' id='word_1_649' title='bbox 1149 1317 1342 1353; x_wconf 70' lang='grc' dir='ltr'>περιϐέϐληται</span> <span class='ocrx_word' id='word_1_650' title='bbox 1353 1326 1361 1334; x_wconf 69' lang='grc'>⁸</span> <span class='ocrx_word' id='word_1_651' title='bbox 1384 1318 1418 1354; x_wconf 75' lang='grc' dir='ltr'><strong>ἢν</strong></span> <span class='ocrx_word' id='word_1_652' title='bbox 1443 1318 1472 1344; x_wconf 78' lang='grc' dir='ltr'><strong>ὲν</strong></span> <span class='ocrx_word' id='word_1_653' title='bbox 1489 1317 1564 1353; x_wconf 80' lang='grc' dir='ltr'>ἡμῖν,</span> <span class='ocrx_word' id='word_1_654' title='bbox 1580 1317 1628 1343; x_wconf 73' lang='grc' dir='ltr'>καὶ</span> <span class='ocrx_word' id='word_1_655' title='bbox 1647 1316 1696 1342; x_wconf 72' lang='grc' dir='ltr'>οὐκ</span> <span class='ocrx_word' id='word_1_656' title='bbox 1716 1316 1745 1341; x_wconf 86' lang='grc' dir='ltr'>ἐν</span> <span class='ocrx_word' id='word_1_657' title='bbox 1758 1316 1831 1350; x_wconf 70' lang='grc' dir='ltr'>ἡμῖν</span> 
     </span>
    </p>
   </div>
   <div class='ocr_carea' id='block_1_88' title="bbox 1039 1360 1833 1401">
    <p class='ocr_par' dir='ltr' id='par_1_88' title="bbox 1039 1360 1833 1401">
     <span class='ocr_line' id='line_1_88' title="bbox 1039 1360 1833 1401; baseline -0.004 -11"><span class='ocrx_word' id='word_1_658' title='bbox 1039 1362 1122 1390; x_wconf 80' lang='grc' dir='ltr'>οὖσαν</span> <span class='ocrx_word' id='word_1_659' title='bbox 1143 1363 1321 1399; x_wconf 77' lang='grc' dir='ltr'>ἐκζητοῦντες</span> <span class='ocrx_word' id='word_1_660' title='bbox 1343 1363 1381 1401; x_wconf 80' lang='grc' dir='ltr'>μὴ</span> <span class='ocrx_word' id='word_1_661' title='bbox 1403 1363 1584 1399; x_wconf 84' lang='grc' dir='ltr'>παυσώμεθα.</span> <span class='ocrx_word' id='word_1_662' title='bbox 1607 1362 1687 1398; x_wconf 83' lang='grc' dir='ltr'><strong>Ὁρᾷς</strong></span> <span class='ocrx_word' id='word_1_663' title='bbox 1710 1361 1752 1388; x_wconf 77' lang='grc' dir='ltr'><strong>ὅτι</strong></span> <span class='ocrx_word' id='word_1_664' title='bbox 1778 1360 1833 1388; x_wconf 71' lang='grc' dir='ltr'>κᾶν</span> 
     </span>
    </p>
   </div>
   <div class='ocr_carea' id='block_1_89' title="bbox 1042 1413 1835 1453">
    <p class='ocr_par' dir='ltr' id='par_1_89' title="bbox 1042 1413 1835 1453">
     <span class='ocr_line' id='line_1_89' title="bbox 1042 1413 1835 1453; baseline 0.004 -12"><span class='ocrx_word' id='word_1_665' title='bbox 1042 1413 1110 1448; x_wconf 80' lang='grc' dir='ltr'>πρὸς</span> <span class='ocrx_word' id='word_1_666' title='bbox 1124 1414 1174 1449; x_wconf 76' lang='grc' dir='ltr'><strong>τὴν</strong></span> <span class='ocrx_word' id='word_1_667' title='bbox 1196 1415 1332 1450; x_wconf 73' lang='grc' dir='ltr'><strong>ἁμαρτίαν</strong></span> <span class='ocrx_word' id='word_1_668' title='bbox 1357 1417 1587 1452; x_wconf 81' lang='grc' dir='ltr'>ἀντικαταστῆναι</span> <span class='ocrx_word' id='word_1_669' title='bbox 1600 1426 1642 1449; x_wconf 85' lang='grc' dir='ltr'><strong>τις</strong></span> <span class='ocrx_word' id='word_1_670' title='bbox 1653 1418 1835 1453; x_wconf 76' lang='grc' dir='ltr'>προθυμηῦῇ,</span> 
     </span>
    </p>
   </div>
   <div class='ocr_carea' id='block_1_90' title="bbox 1042 1460 1838 1498">
    <p class='ocr_par' dir='ltr' id='par_1_90' title="bbox 1042 1460 1838 1498">
     <span class='ocr_line' id='line_1_90' title="bbox 1042 1460 1838 1498; baseline 0.004 -11"><span class='ocrx_word' id='word_1_671' title='bbox 1042 1460 1093 1487; x_wconf 78' lang='grc' dir='ltr'>κᾶν</span> <span class='ocrx_word' id='word_1_672' title='bbox 1107 1460 1157 1494; x_wconf 86' lang='grc' dir='ltr'>τὴν</span> <span class='ocrx_word' id='word_1_673' title='bbox 1173 1461 1274 1495; x_wconf 80' lang='grc' dir='ltr'>ἀρετὴν</span> <span class='ocrx_word' id='word_1_674' title='bbox 1300 1463 1534 1496; x_wconf 75' lang='grc' dir='ltr'><strong>προσκτήσασθαι,</strong></span> <span class='ocrx_word' id='word_1_675' title='bbox 1553 1463 1606 1490; x_wconf 83' lang='grc' dir='ltr'>κᾶν</span> <span class='ocrx_word' id='word_1_676' title='bbox 1630 1463 1677 1489; x_wconf 72' lang='grc' dir='ltr'><strong>τοῦ</strong></span> <span class='ocrx_word' id='word_1_677' title='bbox 1692 1463 1754 1492; x_wconf 84' lang='grc' dir='ltr'>κατ’</span> <span class='ocrx_word' id='word_1_678' title='bbox 1770 1464 1838 1498; x_wconf 81' lang='grc' dir='ltr'>ἀρε-</span> 
     </span>
    </p>
   </div>
   <div class='ocr_carea' id='block_1_91' title="bbox 1042 1505 1837 1544">
    <p class='ocr_par' dir='ltr' id='par_1_91' title="bbox 1042 1505 1837 1544">
     <span class='ocr_line' id='line_1_91' title="bbox 1042 1505 1837 1544; baseline 0.005 -12"><span class='ocrx_word' id='word_1_679' title='bbox 1042 1505 1092 1541; x_wconf 81' lang='grc' dir='ltr'><strong>τὴν</strong></span> <span class='ocrx_word' id='word_1_680' title='bbox 1106 1506 1188 1533; x_wconf 78' lang='grc' dir='ltr'>ἄθλου</span> <span class='ocrx_word' id='word_1_681' title='bbox 1202 1507 1231 1533; x_wconf 86' lang='grc' dir='ltr'>τδ</span> <span class='ocrx_word' id='word_1_682' title='bbox 1247 1507 1385 1542; x_wconf 79' lang='grc' dir='ltr'>βραϐεῖον,</span> <span class='ocrx_word' id='word_1_683' title='bbox 1402 1508 1502 1542; x_wconf 84' lang='grc' dir='ltr'>μᾶλλον</span> <span class='ocrx_word' id='word_1_684' title='bbox 1518 1509 1545 1535; x_wconf 81' lang='grc' dir='ltr'>δὲ</span> <span class='ocrx_word' id='word_1_685' title='bbox 1560 1509 1605 1535; x_wconf 66' lang='grc' dir='ltr'><strong>τὸν</strong></span> <span class='ocrx_word' id='word_1_686' title='bbox 1621 1509 1772 1544; x_wconf 68' lang='grc' dir='ltr'>ἀρραϐῶνα</span> <span class='ocrx_word' id='word_1_687' title='bbox 1787 1511 1837 1536; x_wconf 73' lang='grc' dir='ltr'><strong>τοῦ</strong></span> 
     </span>
    </p>
   </div>
   <div class='ocr_carea' id='block_1_92' title="bbox 1042 1552 1838 1590">
    <p class='ocr_par' dir='ltr' id='par_1_92' title="bbox 1042 1552 1838 1590">
     <span class='ocr_line' id='line_1_92' title="bbox 1042 1552 1838 1590; baseline 0.005 -12"><span class='ocrx_word' id='word_1_688' title='bbox 1042 1553 1103 1579; x_wconf 85' lang='grc' dir='ltr'>κατ’</span> <span class='ocrx_word' id='word_1_689' title='bbox 1113 1552 1214 1588; x_wconf 78' lang='grc' dir='ltr'>ἀρετὴν</span> <span class='ocrx_word' id='word_1_690' title='bbox 1237 1553 1362 1588; x_wconf 79' lang='grc' dir='ltr'>βραϐεῖου</span> <span class='ocrx_word' id='word_1_691' title='bbox 1376 1554 1425 1589; x_wconf 83' lang='grc' dir='ltr'><strong>τὴν</strong></span> <span class='ocrx_word' id='word_1_692' title='bbox 1445 1554 1573 1590; x_wconf 75' lang='grc' dir='ltr'>αἴσθησιν</span> <span class='ocrx_word' id='word_1_693' title='bbox 1587 1555 1636 1590; x_wconf 78' lang='grc' dir='ltr'>τὴν</span> <span class='ocrx_word' id='word_1_694' title='bbox 1662 1555 1773 1590; x_wconf 78' lang='grc' dir='ltr'>νοερὰν,</span> <span class='ocrx_word' id='word_1_695' title='bbox 1790 1556 1838 1583; x_wconf 65' lang='grc' dir='ltr'><strong>εὑ-</strong></span> 
     </span>
    </p>
   </div>
   <div class='ocr_carea' id='block_1_93' title="bbox 1044 1599 1838 1634">
    <p class='ocr_par' dir='ltr' id='par_1_93' title="bbox 1044 1599 1838 1634">
     <span class='ocr_line' id='line_1_93' title="bbox 1044 1599 1838 1634; baseline 0.005 -10"><span class='ocrx_word' id='word_1_696' title='bbox 1044 1600 1101 1633; x_wconf 81' lang='grc' dir='ltr'>ρεῖν</span> <span class='ocrx_word' id='word_1_697' title='bbox 1127 1599 1201 1631; x_wconf 65' lang='grc' dir='ltr'>ἐντὸς</span> <span class='ocrx_word' id='word_1_698' title='bbox 1226 1599 1272 1626; x_wconf 87' lang='grc' dir='ltr'><strong>τοῦ</strong></span> <span class='ocrx_word' id='word_1_699' title='bbox 1295 1608 1325 1626; x_wconf 87' lang='grc' dir='ltr'>τε</span> <span class='ocrx_word' id='word_1_700' title='bbox 1352 1599 1488 1634; x_wconf 68' lang='grc' dir='ltr'>σώματος,</span> <span class='ocrx_word' id='word_1_701' title='bbox 1511 1601 1559 1627; x_wconf 71' lang='grc' dir='ltr'>καὶ</span> <span class='ocrx_word' id='word_1_702' title='bbox 1583 1601 1680 1628; x_wconf 75' lang='grc' dir='ltr'>ἑαυτοῦ</span> <span class='ocrx_word' id='word_1_703' title='bbox 1703 1603 1749 1628; x_wconf 72' lang='grc' dir='ltr'>τὸν</span> <span class='ocrx_word' id='word_1_704' title='bbox 1772 1603 1838 1628; x_wconf 67' lang='grc' dir='ltr'>νοῦν</span> 
     </span>
    </p>
   </div>
   <div class='ocr_carea' id='block_1_94' title="bbox 1043 1640 1840 1681">
    <p class='ocr_par' dir='ltr' id='par_1_94' title="bbox 1043 1640 1840 1681">
     <span class='ocr_line' id='line_1_94' title="bbox 1043 1640 1840 1681; baseline 0.006 -12"><span class='ocrx_word' id='word_1_705' title='bbox 1043 1645 1230 1677; x_wconf 68' lang='grc' dir='ltr'>ἐπαναγαγεῖν</span> <span class='ocrx_word' id='word_1_706' title='bbox 1238 1640 1361 1679; x_wconf 75' lang='grc' dir='ltr'><strong>άνάγκη;</strong></span> <span class='ocrx_word' id='word_1_707' title='bbox 1371 1645 1409 1671; x_wconf 79' lang='grc' dir='ltr'>Τὸ</span> <span class='ocrx_word' id='word_1_708' title='bbox 1417 1646 1438 1671; x_wconf 79' lang='grc' dir='ltr'>δ’</span> <span class='ocrx_word' id='word_1_709' title='bbox 1448 1645 1500 1677; x_wconf 76' lang='grc' dir='ltr'><strong>ἔξω</strong></span> <span class='ocrx_word' id='word_1_710' title='bbox 1511 1646 1556 1671; x_wconf 76' lang='grc' dir='ltr'>τὸν</span> <span class='ocrx_word' id='word_1_711' title='bbox 1566 1646 1626 1673; x_wconf 80' lang='grc' dir='ltr'>νοῦν</span> <span class='ocrx_word' id='word_1_712' title='bbox 1637 1646 1666 1673; x_wconf 78' lang='grc' dir='ltr'><strong>οὐ</strong></span> <span class='ocrx_word' id='word_1_713' title='bbox 1678 1646 1725 1673; x_wconf 83' lang='grc' dir='ltr'><strong>τοῦ</strong></span> <span class='ocrx_word' id='word_1_714' title='bbox 1739 1655 1840 1681; x_wconf 74' lang='grc' dir='ltr'>σωμα-</span> 
     </span>
    </p>
   </div>
   <div class='ocr_carea' id='block_1_95' title="bbox 1043 1681 1837 1726">
    <p class='ocr_par' dir='ltr' id='par_1_95' title="bbox 1043 1689 1837 1726">
     <span class='ocr_line' id='line_1_95' title="bbox 1043 1689 1837 1726; baseline 0.004 -11"><span class='ocrx_word' id='word_1_715' title='bbox 1043 1689 1119 1717; x_wconf 85' lang='grc' dir='ltr'>τικοῦ</span> <span class='ocrx_word' id='word_1_716' title='bbox 1144 1690 1329 1726; x_wconf 77' lang='grc' dir='ltr'>φρονήματος,</span> <span class='ocrx_word' id='word_1_717' title='bbox 1344 1690 1402 1716; x_wconf 86' lang='grc' dir='ltr'>ἀλλ’</span> <span class='ocrx_word' id='word_1_718' title='bbox 1418 1691 1500 1717; x_wconf 81' lang='grc' dir='ltr'>αὑτοῦ</span> <span class='ocrx_word' id='word_1_719' title='bbox 1521 1692 1567 1717; x_wconf 77' lang='grc' dir='ltr'><strong>τοῦ</strong></span> <span class='ocrx_word' id='word_1_720' title='bbox 1586 1692 1713 1726; x_wconf 80' lang='grc' dir='ltr'>σώματος</span> <span class='ocrx_word' id='word_1_721' title='bbox 1734 1695 1837 1723; x_wconf 74' lang='grc' dir='ltr'>ποιεῖν,</span> 
     </span>
    </p>
   </div>
   <div class='ocr_carea' id='block_1_96' title="bbox 1043 1734 1841 1772">
    <p class='ocr_par' dir='ltr' id='par_1_96' title="bbox 1043 1734 1841 1772">
     <span class='ocr_line' id='line_1_96' title="bbox 1043 1734 1841 1772; baseline 0.005 -12"><span class='ocrx_word' id='word_1_722' title='bbox 1043 1734 1080 1766; x_wconf 83' lang='grc' dir='ltr'><strong>ὡς</strong></span> <span class='ocrx_word' id='word_1_723' title='bbox 1093 1734 1150 1760; x_wconf 79' lang='grc' dir='ltr'><strong>ἐκεῖ</strong></span> <span class='ocrx_word' id='word_1_724' title='bbox 1176 1736 1278 1770; x_wconf 78' lang='grc' dir='ltr'>νοεροίς</span> <span class='ocrx_word' id='word_1_725' title='bbox 1302 1735 1437 1770; x_wconf 76' lang='grc' dir='ltr'><strong>θεάμασιν</strong></span> <span class='ocrx_word' id='word_1_726' title='bbox 1461 1736 1577 1771; x_wconf 71' lang='grc' dir='ltr'>ἐντύχοι,</span> <span class='ocrx_word' id='word_1_727' title='bbox 1598 1737 1648 1771; x_wconf 76' lang='grc' dir='ltr'>τῆς</span> <span class='ocrx_word' id='word_1_728' title='bbox 1670 1737 1841 1772; x_wconf 67' lang='grc' dir='ltr'>Ἑλληνικῆς</span> 
     </span>
    </p>
   </div>
   <div class='ocr_carea' id='block_1_97' title="bbox 1044 1780 1840 1818">
    <p class='ocr_par' dir='ltr' id='par_1_97' title="bbox 1044 1780 1840 1818">
     <span class='ocr_line' id='line_1_97' title="bbox 1044 1780 1840 1818; baseline 0.005 -13"><span class='ocrx_word' id='word_1_729' title='bbox 1044 1781 1104 1810; x_wconf 69' lang='grc' dir='ltr'>ἐστι</span> <span class='ocrx_word' id='word_1_730' title='bbox 1119 1780 1221 1815; x_wconf 81' lang='grc' dir='ltr'>πλάνης</span> <span class='ocrx_word' id='word_1_731' title='bbox 1241 1781 1306 1807; x_wconf 70' lang='grc' dir='ltr'>αὐτὸ</span> <span class='ocrx_word' id='word_1_732' title='bbox 1330 1781 1360 1807; x_wconf 80' lang='grc' dir='ltr'>τὸ</span> <span class='ocrx_word' id='word_1_733' title='bbox 1380 1782 1537 1816; x_wconf 78' lang='grc' dir='ltr'>κράτιστον.</span> <span class='ocrx_word' id='word_1_734' title='bbox 1552 1783 1598 1808; x_wconf 70' lang='grc' dir='ltr'>καὶ</span> <span class='ocrx_word' id='word_1_735' title='bbox 1614 1782 1705 1818; x_wconf 75' lang='grc' dir='ltr'>πάσης</span> <span class='ocrx_word' id='word_1_736' title='bbox 1719 1784 1840 1810; x_wconf 75' lang='grc' dir='ltr'>κακοδο-</span> 
     </span>
    </p>
   </div>
   <div class='ocr_carea' id='block_1_98' title="bbox 1043 1826 1841 1864">
    <p class='ocr_par' dir='ltr' id='par_1_98' title="bbox 1043 1826 1841 1864">
     <span class='ocr_line' id='line_1_98' title="bbox 1043 1826 1841 1864; baseline 0.005 -12"><span class='ocrx_word' id='word_1_737' title='bbox 1043 1826 1103 1859; x_wconf 84' lang='grc' dir='ltr'>ξίας</span> <span class='ocrx_word' id='word_1_738' title='bbox 1119 1826 1184 1860; x_wconf 78' lang='grc' dir='ltr'>ῥίζα</span> <span class='ocrx_word' id='word_1_739' title='bbox 1195 1827 1239 1852; x_wconf 80' lang='grc' dir='ltr'>καὶ</span> <span class='ocrx_word' id='word_1_740' title='bbox 1253 1828 1327 1862; x_wconf 80' lang='grc' dir='ltr'><strong>πηγή</strong></span> <span class='ocrx_word' id='word_1_741' title='bbox 1342 1835 1348 1841; x_wconf 82' lang='grc'><em>’</em></span> <span class='ocrx_word' id='word_1_742' title='bbox 1362 1827 1497 1862; x_wconf 80' lang='grc' dir='ltr'><strong>δαιμόνων</strong></span> <span class='ocrx_word' id='word_1_743' title='bbox 1509 1827 1618 1863; x_wconf 84' lang='grc' dir='ltr'>εὕρημα</span> <span class='ocrx_word' id='word_1_744' title='bbox 1631 1830 1677 1854; x_wconf 77' lang='grc' dir='ltr'>καὶ</span> <span class='ocrx_word' id='word_1_745' title='bbox 1694 1826 1841 1864; x_wconf 73' lang='grc' dir='ltr'>παίδευμα</span> 
     </span>
    </p>
   </div>
   <div class='ocr_carea' id='block_1_99' title="bbox 1044 1872 1842 1908">
    <p class='ocr_par' dir='ltr' id='par_1_99' title="bbox 1044 1872 1842 1908">
     <span class='ocr_line' id='line_1_99' title="bbox 1044 1872 1842 1908; baseline 0.006 -11"><span class='ocrx_word' id='word_1_746' title='bbox 1044 1872 1204 1906; x_wconf 79' lang='grc' dir='ltr'>γεννητικὸν</span> <span class='ocrx_word' id='word_1_747' title='bbox 1218 1873 1320 1905; x_wconf 79' lang='grc' dir='ltr'>ἀνοίας,</span> <span class='ocrx_word' id='word_1_748' title='bbox 1341 1875 1387 1900; x_wconf 73' lang='grc' dir='ltr'><strong>και</strong></span> <span class='ocrx_word' id='word_1_749' title='bbox 1412 1874 1534 1908; x_wconf 85' lang='grc' dir='ltr'><strong>γέννημα</strong></span> <span class='ocrx_word' id='word_1_750' title='bbox 1551 1874 1601 1908; x_wconf 84' lang='grc' dir='ltr'><strong>τῆς</strong></span> <span class='ocrx_word' id='word_1_751' title='bbox 1620 1875 1761 1906; x_wconf 72' lang='grc' dir='ltr'>ἀπονοίας.</span> <span class='ocrx_word' id='word_1_752' title='bbox 1790 1877 1842 1902; x_wconf 66' lang='grc' dir='ltr'>Διὸ</span> 
     </span>
    </p>
   </div>
   <div class='ocr_carea' id='block_1_100' title="bbox 1044 1917 1840 1954">
    <p class='ocr_par' dir='ltr' id='par_1_100' title="bbox 1044 1917 1840 1954">
     <span class='ocr_line' id='line_1_100' title="bbox 1044 1917 1840 1954; baseline 0.005 -11"><span class='ocrx_word' id='word_1_753' title='bbox 1044 1918 1092 1944; x_wconf 74' lang='grc' dir='ltr'>καὶ.</span> <span class='ocrx_word' id='word_1_754' title='bbox 1118 1918 1142 1944; x_wconf 78' lang='grc' dir='ltr'>οἱ</span> <span class='ocrx_word' id='word_1_755' title='bbox 1156 1917 1298 1949; x_wconf 80' lang='grc' dir='ltr'><strong>λαλοῦντες</strong></span> <span class='ocrx_word' id='word_1_756' title='bbox 1322 1919 1354 1945; x_wconf 84' lang='grc' dir='ltr'>ὲκ</span> <span class='ocrx_word' id='word_1_757' title='bbox 1374 1919 1424 1954; x_wconf 84' lang='grc' dir='ltr'><strong>τῆς</strong></span> <span class='ocrx_word' id='word_1_758' title='bbox 1443 1919 1497 1945; x_wconf 82' lang='grc' dir='ltr'><strong>τῶν</strong></span> <span class='ocrx_word' id='word_1_759' title='bbox 1519 1919 1655 1953; x_wconf 82' lang='grc' dir='ltr'>δαιμόνων</span> <span class='ocrx_word' id='word_1_760' title='bbox 1677 1920 1840 1952; x_wconf 77' lang='grc' dir='ltr'>ἐπιπνοίας,</span> 
     </span>
    </p>
   </div>
   <div class='ocr_carea' id='block_1_101' title="bbox 1044 1963 1843 1999">
    <p class='ocr_par' dir='ltr' id='par_1_101' title="bbox 1044 1963 1843 1999">
     <span class='ocr_line' id='line_1_101' title="bbox 1044 1963 1843 1999; baseline 0.005 -10"><span class='ocrx_word' id='word_1_761' title='bbox 1044 1963 1221 1999; x_wconf 75' lang='grc' dir='ltr'><strong>ἐξεστηκότες</strong></span> <span class='ocrx_word' id='word_1_762' title='bbox 1242 1964 1346 1990; x_wconf 80' lang='grc' dir='ltr'><strong>ἑαυτῶν</strong></span> <span class='ocrx_word' id='word_1_763' title='bbox 1363 1964 1416 1993; x_wconf 75' lang='grc' dir='ltr'>εἱσι</span> <span class='ocrx_word' id='word_1_764' title='bbox 1427 1973 1435 1980; x_wconf 74' lang='grc' dir='ltr'><strong>ο</strong></span> <span class='ocrx_word' id='word_1_765' title='bbox 1449 1964 1511 1999; x_wconf 78' lang='grc' dir='ltr'>μηδ’</span> <span class='ocrx_word' id='word_1_766' title='bbox 1526 1964 1592 1991; x_wconf 81' lang='grc' dir='ltr'>αὐτὸ</span> <span class='ocrx_word' id='word_1_767' title='bbox 1603 1965 1681 1992; x_wconf 76' lang='grc' dir='ltr'>τοῦτο</span> <span class='ocrx_word' id='word_1_768' title='bbox 1694 1967 1843 1998; x_wconf 78' lang='grc' dir='ltr'>συνιέντες</span> 
     </span>
    </p>
   </div>
   <div class='ocr_carea' id='block_1_102' title="bbox 1044 2009 1841 2047">
    <p class='ocr_par' dir='ltr' id='par_1_102' title="bbox 1044 2009 1841 2047">
     <span class='ocr_line' id='line_1_102' title="bbox 1044 2009 1841 2047; baseline 0.004 -11"><span class='ocrx_word' id='word_1_769' title='bbox 1044 2010 1059 2036; x_wconf 86' lang='grc' dir='ltr'><strong><em>ὃ</em></strong></span> <span class='ocrx_word' id='word_1_770' title='bbox 1071 2018 1098 2036; x_wconf 86' lang='grc' dir='ltr'><strong>τι</strong></span> <span class='ocrx_word' id='word_1_771' title='bbox 1111 2009 1245 2044; x_wconf 84' lang='grc' dir='ltr'>λέγουσιν.</span> <span class='ocrx_word' id='word_1_772' title='bbox 1269 2010 1364 2044; x_wconf 81' lang='grc' dir='ltr'>Ἡμεῖς</span> <span class='ocrx_word' id='word_1_773' title='bbox 1381 2010 1420 2042; x_wconf 80' lang='grc' dir='ltr'>δὲ,</span> <span class='ocrx_word' id='word_1_774' title='bbox 1442 2011 1478 2046; x_wconf 84' lang='grc' dir='ltr'>μὴ</span> <span class='ocrx_word' id='word_1_775' title='bbox 1494 2011 1574 2044; x_wconf 86' lang='grc' dir='ltr'>μόνον</span> <span class='ocrx_word' id='word_1_776' title='bbox 1591 2012 1657 2038; x_wconf 75' lang='grc' dir='ltr'>εἴσω</span> <span class='ocrx_word' id='word_1_777' title='bbox 1673 2011 1721 2038; x_wconf 87' lang='grc' dir='ltr'><strong>τοῦ</strong></span> <span class='ocrx_word' id='word_1_778' title='bbox 1737 2013 1841 2047; x_wconf 76' lang='grc' dir='ltr'>σώμα‹</span> 
     </span>
    </p>
   </div>
   <div class='ocr_carea' id='block_1_103' title="bbox 1044 2055 1841 2091">
    <p class='ocr_par' dir='ltr' id='par_1_103' title="bbox 1044 2055 1841 2091">
     <span class='ocr_line' id='line_1_103' title="bbox 1044 2055 1841 2091; baseline 0.004 -9"><span class='ocrx_word' id='word_1_779' title='bbox 1044 2064 1089 2087; x_wconf 81' lang='grc' dir='ltr'><strong>τος</strong></span> <span class='ocrx_word' id='word_1_780' title='bbox 1112 2056 1159 2083; x_wconf 77' lang='grc' dir='ltr'>καὶ</span> <span class='ocrx_word' id='word_1_781' title='bbox 1181 2056 1232 2091; x_wconf 78' lang='grc' dir='ltr'>τῆς</span> <span class='ocrx_word' id='word_1_782' title='bbox 1250 2055 1374 2090; x_wconf 83' lang='grc' dir='ltr'>καρδίας,</span> <span class='ocrx_word' id='word_1_783' title='bbox 1396 2056 1466 2084; x_wconf 82' lang='grc' dir='ltr'>ἀλλὰ</span> <span class='ocrx_word' id='word_1_784' title='bbox 1492 2056 1539 2083; x_wconf 79' lang='grc' dir='ltr'>καὶ</span> <span class='ocrx_word' id='word_1_785' title='bbox 1562 2057 1608 2084; x_wconf 75' lang='grc' dir='ltr'><strong>τὸν</strong></span> <span class='ocrx_word' id='word_1_786' title='bbox 1632 2057 1725 2090; x_wconf 69' lang='grc' dir='ltr'>αὐτὸν,</span> <span class='ocrx_word' id='word_1_787' title='bbox 1748 2058 1841 2086; x_wconf 76' lang='grc' dir='ltr'>αὑτοῦ</span> 
     </span>
    </p>
   </div>
   <div class='ocr_carea' id='block_1_104' title="bbox 1045 2101 1842 2138">
    <p class='ocr_par' dir='ltr' id='par_1_104' title="bbox 1045 2101 1842 2138">
     <span class='ocr_line' id='line_1_104' title="bbox 1045 2101 1842 2138; baseline 0.004 -10"><span class='ocrx_word' id='word_1_788' title='bbox 1045 2101 1127 2128; x_wconf 85' lang='grc' dir='ltr'>πάλιν</span> <span class='ocrx_word' id='word_1_789' title='bbox 1151 2101 1297 2137; x_wconf 76' lang='grc' dir='ltr'>πέμπομεν</span> <span class='ocrx_word' id='word_1_790' title='bbox 1313 2101 1359 2128; x_wconf 81' lang='grc' dir='ltr'>τὸν</span> <span class='ocrx_word' id='word_1_791' title='bbox 1380 2101 1451 2129; x_wconf 85' lang='grc' dir='ltr'>νοῦν.</span> <span class='ocrx_word' id='word_1_792' title='bbox 1467 2102 1716 2138; x_wconf 79' lang='grc' dir='ltr'>Κατηγορείτωσαν</span> <span class='ocrx_word' id='word_1_793' title='bbox 1734 2104 1842 2131; x_wconf 71' lang='grc' dir='ltr'>οὐκοῦν</span> 
     </span>
    </p>
   </div>
   <div class='ocr_carea' id='block_1_105' title="bbox 1045 2146 1841 2186">
    <p class='ocr_par' dir='ltr' id='par_1_105' title="bbox 1045 2146 1841 2186">
     <span class='ocr_line' id='line_1_105' title="bbox 1045 2146 1841 2186; baseline 0.004 -13"><span class='ocrx_word' id='word_1_794' title='bbox 1045 2147 1070 2174; x_wconf 74' lang='grc' dir='ltr'>οἱ</span> <span class='ocrx_word' id='word_1_795' title='bbox 1087 2146 1213 2181; x_wconf 87' lang='grc' dir='ltr'>λέγοντες</span> <span class='ocrx_word' id='word_1_796' title='bbox 1232 2147 1270 2182; x_wconf 86' lang='grc' dir='ltr'>μὴ</span> <span class='ocrx_word' id='word_1_797' title='bbox 1292 2147 1506 2182; x_wconf 83' lang='grc' dir='ltr'>κεχωρισμένον,</span> <span class='ocrx_word' id='word_1_798' title='bbox 1522 2147 1580 2174; x_wconf 83' lang='grc' dir='ltr'>ἀλλ’</span> <span class='ocrx_word' id='word_1_799' title='bbox 1595 2149 1688 2175; x_wconf 79' lang='grc' dir='ltr'>ἐνόντα</span> <span class='ocrx_word' id='word_1_800' title='bbox 1701 2151 1734 2184; x_wconf 80' lang='grc' dir='ltr'>τῇ</span> <span class='ocrx_word' id='word_1_801' title='bbox 1748 2149 1841 2186; x_wconf 72' lang='grc' dir='ltr'>ψυχῇ,</span> 
     </span>
    </p>
   </div>
   <div class='ocr_carea' id='block_1_106' title="bbox 1045 2191 1841 2230">
    <p class='ocr_par' dir='ltr' id='par_1_106' title="bbox 1045 2191 1841 2230">
     <span class='ocr_line' id='line_1_106' title="bbox 1045 2191 1841 2230; baseline 0.003 -9"><span class='ocrx_word' id='word_1_802' title='bbox 1045 2193 1104 2225; x_wconf 83' lang='grc' dir='ltr'>πῶς</span> <span class='ocrx_word' id='word_1_803' title='bbox 1122 2193 1155 2220; x_wconf 86' lang='grc' dir='ltr'>ἃν</span> <span class='ocrx_word' id='word_1_804' title='bbox 1166 2191 1243 2224; x_wconf 79' lang='grc' dir='ltr'>αὖθις</span> <span class='ocrx_word' id='word_1_805' title='bbox 1256 2192 1330 2220; x_wconf 69' lang='grc' dir='ltr'>εἵσω</span> <span class='ocrx_word' id='word_1_806' title='bbox 1351 2194 1455 2229; x_wconf 84' lang='grc' dir='ltr'>πέμποι</span> <span class='ocrx_word' id='word_1_807' title='bbox 1470 2203 1513 2226; x_wconf 85' lang='grc' dir='ltr'><strong>τις</strong></span> <span class='ocrx_word' id='word_1_808' title='bbox 1527 2194 1574 2221; x_wconf 81' lang='grc' dir='ltr'><strong>τὸν</strong></span> <span class='ocrx_word' id='word_1_809' title='bbox 1591 2196 1671 2227; x_wconf 86' lang='grc' dir='ltr'><strong>νοῦν;</strong></span> <span class='ocrx_word' id='word_1_810' title='bbox 1691 2196 1841 2230; x_wconf 77' lang='grc' dir='ltr'>Ἀγνοοῦσι</span> 
     </span>
    </p>
   </div>
   <div class='ocr_carea' id='block_1_107' title="bbox 1046 2240 1843 2276">
    <p class='ocr_par' dir='ltr' id='par_1_107' title="bbox 1046 2240 1843 2276">
     <span class='ocr_line' id='line_1_107' title="bbox 1046 2240 1843 2276; baseline 0.003 -9"><span class='ocrx_word' id='word_1_811' title='bbox 1046 2241 1110 2276; x_wconf 83' lang='grc' dir='ltr'>γὰρ,</span> <span class='ocrx_word' id='word_1_812' title='bbox 1123 2240 1161 2271; x_wconf 82' lang='grc' dir='ltr'><strong>ὡς</strong></span> <span class='ocrx_word' id='word_1_813' title='bbox 1183 2240 1280 2272; x_wconf 75' lang='grc' dir='ltr'>ἔοικεν,</span> <span class='ocrx_word' id='word_1_814' title='bbox 1305 2241 1346 2267; x_wconf 80' lang='grc' dir='ltr'><strong>ὅτι</strong></span> <span class='ocrx_word' id='word_1_815' title='bbox 1372 2240 1436 2268; x_wconf 81' lang='grc' dir='ltr'>ἄλλο</span> <span class='ocrx_word' id='word_1_816' title='bbox 1460 2241 1509 2276; x_wconf 84' lang='grc' dir='ltr'>μὲν</span> <span class='ocrx_word' id='word_1_817' title='bbox 1535 2241 1613 2268; x_wconf 79' lang='grc' dir='ltr'>οὐσία</span> <span class='ocrx_word' id='word_1_818' title='bbox 1636 2242 1706 2273; x_wconf 78' lang='grc' dir='ltr'>νοὸς,</span> <span class='ocrx_word' id='word_1_819' title='bbox 1726 2242 1795 2269; x_wconf 79' lang='grc' dir='ltr'>ἄλλο</span> <span class='ocrx_word' id='word_1_820' title='bbox 1813 2243 1843 2272; x_wconf 72' lang='grc' dir='ltr'>δὲ</span> 
     </span>
    </p>
   </div>
   <div class='ocr_carea' id='block_1_108' title="bbox 1044 2286 1845 2321">
    <p class='ocr_par' dir='ltr' id='par_1_108' title="bbox 1044 2286 1845 2321">
     <span class='ocr_line' id='line_1_108' title="bbox 1044 2286 1845 2321; baseline 0.001 -7"><span class='ocrx_word' id='word_1_821' title='bbox 1044 2287 1180 2321; x_wconf 73' lang='grc' dir='ltr'>ἐνέργεια.</span> <span class='ocrx_word' id='word_1_822' title='bbox 1205 2286 1314 2313; x_wconf 80' lang='grc' dir='ltr'>Μᾶλλον</span> <span class='ocrx_word' id='word_1_823' title='bbox 1336 2286 1364 2313; x_wconf 84' lang='grc' dir='ltr'>δὲ</span> <span class='ocrx_word' id='word_1_824' title='bbox 1388 2286 1499 2319; x_wconf 86' lang='grc' dir='ltr'>εἰδότες,</span> <span class='ocrx_word' id='word_1_825' title='bbox 1515 2288 1571 2318; x_wconf 79' lang='grc' dir='ltr'>τοῖς</span> <span class='ocrx_word' id='word_1_826' title='bbox 1597 2288 1756 2314; x_wconf 72' lang='grc' dir='ltr'><strong>ἁπατεῶσιν</strong></span> <span class='ocrx_word' id='word_1_827' title='bbox 1779 2289 1845 2315; x_wconf 79' lang='grc' dir='ltr'>ἑαυ-</span> 
     </span>
    </p>
   </div>
   <div class='ocr_carea' id='block_1_109' title="bbox 1044 2332 1844 2369">
    <p class='ocr_par' dir='ltr' id='par_1_109' title="bbox 1044 2332 1844 2369">
     <span class='ocr_line' id='line_1_109' title="bbox 1044 2332 1844 2369; baseline 0.003 -9"><span class='ocrx_word' id='word_1_828' title='bbox 1044 2332 1108 2364; x_wconf 71' lang='grc' dir='ltr'>τοὺς</span> <span class='ocrx_word' id='word_1_829' title='bbox 1133 2333 1282 2365; x_wconf 81' lang='grc' dir='ltr'>συνέταξαν</span> <span class='ocrx_word' id='word_1_830' title='bbox 1310 2333 1430 2366; x_wconf 78' lang='grc' dir='ltr'>ἑκόντες,</span> <span class='ocrx_word' id='word_1_831' title='bbox 1450 2333 1494 2360; x_wconf 74' lang='grc' dir='ltr'><strong>διὰ</strong></span> <span class='ocrx_word' id='word_1_832' title='bbox 1510 2335 1560 2368; x_wconf 84' lang='grc' dir='ltr'><strong>τῆς</strong></span> <span class='ocrx_word' id='word_1_833' title='bbox 1577 2334 1738 2369; x_wconf 75' lang='grc' dir='ltr'>ὁμωνυμίας</span> <span class='ocrx_word' id='word_1_834' title='bbox 1755 2344 1844 2369; x_wconf 66' lang='grc' dir='ltr'>σοφι-</span> 
     </span>
    </p>
   </div>
   <div class='ocr_carea' id='block_1_110' title="bbox 1045 2378 1846 2416">
    <p class='ocr_par' dir='ltr' id='par_1_110' title="bbox 1045 2378 1846 2416">
     <span class='ocr_line' id='line_1_110' title="bbox 1045 2378 1846 2416; baseline 0.004 -12"><span class='ocrx_word' id='word_1_835' title='bbox 1045 2378 1154 2414; x_wconf 81' lang='grc' dir='ltr'>ζόμενοι</span> <span class='ocrx_word' id='word_1_836' title='bbox 1166 2387 1174 2395; x_wconf 73' lang='grc' dir='ltr'><strong>ν</strong></span> <span class='ocrx_word' id='word_1_837' title='bbox 1191 2379 1228 2414; x_wconf 85' lang='grc' dir='ltr'>μὴ</span> <span class='ocrx_word' id='word_1_838' title='bbox 1239 2379 1450 2414; x_wconf 78' lang='grc' dir='ltr'>καταδεχόμενοι</span> <span class='ocrx_word' id='word_1_839' title='bbox 1464 2379 1519 2414; x_wconf 78' lang='grc' dir='ltr'><strong>γὰρ</strong></span> <span class='ocrx_word' id='word_1_840' title='bbox 1533 2379 1563 2406; x_wconf 79' lang='grc' dir='ltr'>τὸ</span> <span class='ocrx_word' id='word_1_841' title='bbox 1575 2380 1624 2414; x_wconf 83' lang='grc' dir='ltr'>τῆς</span> <span class='ocrx_word' id='word_1_842' title='bbox 1644 2381 1846 2416; x_wconf 76' lang='grc' dir='ltr'>πνευματικῆς</span> 
     </span>
    </p>
   </div>
   <div class='ocr_carea' id='block_1_111' title="bbox 1044 2424 1846 2461">
    <p class='ocr_par' dir='ltr' id='par_1_111' title="bbox 1044 2424 1846 2461">
     <span class='ocr_line' id='line_1_111' title="bbox 1044 2424 1846 2461; baseline 0.004 -10"><span class='ocrx_word' id='word_1_843' title='bbox 1044 2424 1217 2456; x_wconf 74' lang='grc' dir='ltr'>διδασκαλίας</span> <span class='ocrx_word' id='word_1_844' title='bbox 1234 2424 1346 2456; x_wconf 80' lang='grc' dir='ltr'>ἁπλοῦν,</span> <span class='ocrx_word' id='word_1_845' title='bbox 1359 2425 1384 2452; x_wconf 82' lang='lat' dir='ltr'><strong>ei</strong></span> <span class='ocrx_word' id='word_1_846' title='bbox 1396 2426 1429 2451; x_wconf 77' lang='grc' dir='ltr'>ὲκ</span> <span class='ocrx_word' id='word_1_847' title='bbox 1439 2425 1488 2459; x_wconf 81' lang='grc' dir='ltr'>τῆς</span> <span class='ocrx_word' id='word_1_848' title='bbox 1501 2426 1675 2460; x_wconf 74' lang='grc' dir='ltr'>διαλεκτικῆς</span> <span class='ocrx_word' id='word_1_849' title='bbox 1692 2427 1766 2461; x_wconf 66' lang='grc' dir='ltr'>πρὸς</span> <span class='ocrx_word' id='word_1_850' title='bbox 1790 2429 1846 2459; x_wconf 70' lang='grc' dir='ltr'><strong>τὰς</strong></span> 
     </span>
    </p>
   </div>
   <div class='ocr_carea' id='block_1_112' title="bbox 1045 2470 1846 2506">
    <p class='ocr_par' dir='ltr' id='par_1_112' title="bbox 1045 2470 1846 2506">
     <span class='ocr_line' id='line_1_112' title="bbox 1045 2470 1846 2506; baseline 0.005 -10"><span class='ocrx_word' id='word_1_851' title='bbox 1045 2470 1199 2502; x_wconf 77' lang='grc' dir='ltr'>ἀντιλογίας</span> <span class='ocrx_word' id='word_1_852' title='bbox 1218 2471 1394 2505; x_wconf 80' lang='grc' dir='ltr'>ὴκονημένοι,</span> <span class='ocrx_word' id='word_1_853' title='bbox 1417 2471 1488 2498; x_wconf 83' lang='grc' dir='ltr'>κατὰ</span> <span class='ocrx_word' id='word_1_854' title='bbox 1513 2471 1558 2497; x_wconf 83' lang='grc' dir='ltr'>τὸν</span> <span class='ocrx_word' id='word_1_855' title='bbox 1581 2471 1667 2506; x_wconf 84' lang='grc' dir='ltr'>μέγαν</span> <span class='ocrx_word' id='word_1_856' title='bbox 1682 2472 1846 2506; x_wconf 75' lang='grc' dir='ltr'>Βασίλειον,</span> 
     </span>
    </p>
   </div>
   <div class='ocr_carea' id='block_1_113' title="bbox 1045 2515 1848 2553">
    <p class='ocr_par' dir='ltr' id='par_1_113' title="bbox 1045 2515 1848 2553">
     <span class='ocr_line' id='line_1_113' title="bbox 1045 2515 1848 2553; baseline 0.005 -12"><span class='ocrx_word' id='word_1_857' title='bbox 1045 2515 1241 2551; x_wconf 79' lang='grc' dir='ltr'>περιτρέπουσι</span> <span class='ocrx_word' id='word_1_858' title='bbox 1265 2515 1314 2550; x_wconf 76' lang='grc' dir='ltr'><strong>τὴν</strong></span> <span class='ocrx_word' id='word_1_859' title='bbox 1332 2516 1409 2551; x_wconf 79' lang='grc' dir='ltr'>ἰσχὺν</span> <span class='ocrx_word' id='word_1_860' title='bbox 1430 2517 1479 2550; x_wconf 85' lang='grc' dir='ltr'>τῆς</span> <span class='ocrx_word' id='word_1_861' title='bbox 1500 2516 1628 2553; x_wconf 82' lang='grc' dir='ltr'>ἀληθείας</span> <span class='ocrx_word' id='word_1_862' title='bbox 1644 2518 1676 2543; x_wconf 80' lang='grc' dir='ltr'>ἐκ</span> <span class='ocrx_word' id='word_1_863' title='bbox 1694 2518 1747 2543; x_wconf 78' lang='grc' dir='ltr'><strong>τῶν</strong></span> <span class='ocrx_word' id='word_1_864' title='bbox 1764 2519 1848 2545; x_wconf 77' lang='grc' dir='ltr'>ἀντι-</span> 
     </span>
    </p>
   </div>
   <div class='ocr_carea' id='block_1_114' title="bbox 1045 2561 1848 2600">
    <p class='ocr_par' dir='ltr' id='par_1_114' title="bbox 1045 2561 1848 2600">
     <span class='ocr_line' id='line_1_114' title="bbox 1045 2561 1848 2600; baseline 0.004 -13"><span class='ocrx_word' id='word_1_865' title='bbox 1045 2561 1147 2588; x_wconf 80' lang='grc' dir='ltr'>θέσεων</span> <span class='ocrx_word' id='word_1_866' title='bbox 1160 2561 1210 2596; x_wconf 81' lang='grc' dir='ltr'>τῆς</span> <span class='ocrx_word' id='word_1_867' title='bbox 1236 2561 1414 2596; x_wconf 76' lang='grc' dir='ltr'>ψευδωνύμου</span> <span class='ocrx_word' id='word_1_868' title='bbox 1430 2561 1557 2599; x_wconf 65' lang='grc' dir='ltr'>γνώσεως</span> <span class='ocrx_word' id='word_1_869' title='bbox 1569 2582 1577 2593; x_wconf 85' lang='grc'><strong>,</strong></span> <span class='ocrx_word' id='word_1_870' title='bbox 1596 2563 1628 2596; x_wconf 82' lang='grc' dir='ltr'><strong>τῇ</strong></span> <span class='ocrx_word' id='word_1_871' title='bbox 1659 2562 1848 2600; x_wconf 66' lang='grc' dir='ltr'>πιθανολογίᾳ</span> 
     </span>
    </p>
   </div>
   <div class='ocr_carea' id='block_1_115' title="bbox 1044 2604 1847 2646">
    <p class='ocr_par' dir='ltr' id='par_1_115' title="bbox 1044 2604 1847 2646">
     <span class='ocr_line' id='line_1_115' title="bbox 1044 2604 1847 2646; baseline 0.004 -14"><span class='ocrx_word' id='word_1_872' title='bbox 1044 2606 1098 2632; x_wconf 79' lang='grc' dir='ltr'>τῶν</span> <span class='ocrx_word' id='word_1_873' title='bbox 1116 2607 1300 2643; x_wconf 77' lang='grc' dir='ltr'>σοφισμάτων.</span> <span class='ocrx_word' id='word_1_874' title='bbox 1314 2607 1459 2638; x_wconf 80' lang='grc' dir='ltr'>Τοιούτους</span> <span class='ocrx_word' id='word_1_875' title='bbox 1485 2607 1539 2642; x_wconf 74' lang='grc' dir='ltr'>γὰρ</span> <span class='ocrx_word' id='word_1_876' title='bbox 1562 2608 1603 2634; x_wconf 83' lang='grc' dir='ltr'>δεῖ</span> <span class='ocrx_word' id='word_1_877' title='bbox 1626 2604 1698 2635; x_wconf 82' lang='grc' dir='ltr'>εἶναι</span> <span class='ocrx_word' id='word_1_878' title='bbox 1717 2609 1787 2640; x_wconf 74' lang='grc' dir='ltr'>τοὺς</span> <span class='ocrx_word' id='word_1_879' title='bbox 1806 2611 1847 2646; x_wconf 76' lang='grc' dir='ltr'>μὴ</span> 
     </span>
    </p>
   </div>
   <div class='ocr_carea' id='block_1_116' title="bbox 1048 2652 1848 2688">
    <p class='ocr_par' dir='ltr' id='par_1_116' title="bbox 1048 2652 1848 2688">
     <span class='ocr_line' id='line_1_116' title="bbox 1048 2652 1848 2688; baseline 0.006 -10"><span class='ocrx_word' id='word_1_880' title='bbox 1048 2652 1248 2688; x_wconf 81' lang='grc' dir='ltr'>πνευματικούς</span> <span class='ocrx_word' id='word_1_881' title='bbox 1261 2660 1269 2668; x_wconf 91' lang='grc'><strong>·</strong></span> <span class='ocrx_word' id='word_1_882' title='bbox 1288 2653 1336 2679; x_wconf 77' lang='grc' dir='ltr'>καὶ</span> <span class='ocrx_word' id='word_1_883' title='bbox 1356 2653 1390 2680; x_wconf 73' lang='grc' dir='ltr'>τὰ</span> <span class='ocrx_word' id='word_1_884' title='bbox 1406 2653 1579 2688; x_wconf 81' lang='grc' dir='ltr'>πνευματικά</span> <span class='ocrx_word' id='word_1_885' title='bbox 1599 2654 1703 2688; x_wconf 83' lang='grc' dir='ltr'>κρίνειν</span> <span class='ocrx_word' id='word_1_886' title='bbox 1725 2656 1780 2682; x_wconf 72' lang='grc' dir='ltr'>καὶ</span> <span class='ocrx_word' id='word_1_887' title='bbox 1807 2657 1848 2683; x_wconf 79' lang='grc' dir='ltr'>δι-</span> 
     </span>
    </p>
   </div>
   <div class='ocr_carea' id='block_1_117' title="bbox 1045 2701 1848 2740">
    <p class='ocr_par' dir='ltr' id='par_1_117' title="bbox 1045 2701 1848 2740">
     <span class='ocr_line' id='line_1_117' title="bbox 1045 2701 1848 2740; baseline 0.006 -14"><span class='ocrx_word' id='word_1_888' title='bbox 1045 2701 1156 2729; x_wconf 78' lang='grc' dir='ltr'>δάσκειν</span> <span class='ocrx_word' id='word_1_889' title='bbox 1175 2701 1317 2733; x_wconf 77' lang='grc' dir='ltr'>ἀξιοῦντας</span> <span class='ocrx_word' id='word_1_890' title='bbox 1340 2701 1462 2732; x_wconf 78' lang='grc' dir='ltr'>ἑαυτούς.</span> <span class='ocrx_word' id='word_1_891' title='bbox 1489 2702 1527 2728; x_wconf 86' lang='grc' dir='ltr'><strong>Οὐ</strong></span> <span class='ocrx_word' id='word_1_892' title='bbox 1541 2701 1596 2736; x_wconf 83' lang='grc' dir='ltr'>γὰρ</span> <span class='ocrx_word' id='word_1_893' title='bbox 1612 2702 1643 2738; x_wconf 87' lang='grc' dir='ltr'>δὴ</span> <span class='ocrx_word' id='word_1_894' title='bbox 1657 2703 1737 2730; x_wconf 81' lang='grc' dir='ltr'>τοῦτο</span> <span class='ocrx_word' id='word_1_895' title='bbox 1762 2704 1848 2740; x_wconf 74' lang='grc' dir='ltr'>λέλη-</span> 
     </span>
    </p>
   </div>
   <div class='ocr_carea' id='block_1_118' title="bbox 1046 2746 1848 2785">
    <p class='ocr_par' dir='ltr' id='par_1_118' title="bbox 1046 2746 1848 2785">
     <span class='ocr_line' id='line_1_118' title="bbox 1046 2746 1848 2785; baseline 0.006 -13"><span class='ocrx_word' id='word_1_896' title='bbox 1046 2746 1091 2772; x_wconf 87' lang='grc' dir='ltr'><strong>οεν</strong></span> <span class='ocrx_word' id='word_1_897' title='bbox 1107 2746 1213 2778; x_wconf 82' lang='grc' dir='ltr'>αὐτοὺς,</span> <span class='ocrx_word' id='word_1_898' title='bbox 1231 2747 1271 2773; x_wconf 81' lang='grc' dir='ltr'><strong>ὅτι</strong></span> <span class='ocrx_word' id='word_1_899' title='bbox 1293 2747 1342 2781; x_wconf 63' lang='grc' dir='ltr'><strong>οὔχ</strong></span> <span class='ocrx_word' id='word_1_900' title='bbox 1367 2747 1403 2778; x_wconf 87' lang='grc' dir='ltr'>ὠς</span> <span class='ocrx_word' id='word_1_901' title='bbox 1421 2748 1437 2782; x_wconf 81' lang='grc' dir='ltr'><strong>ὴ</strong></span> <span class='ocrx_word' id='word_1_902' title='bbox 1455 2747 1516 2782; x_wconf 61' lang='lat' dir='ltr'><strong>liti/tt;</strong></span> <span class='ocrx_word' id='word_1_903' title='bbox 1536 2748 1619 2775; x_wconf 78' lang='grc' dir='ltr'>τᾶλλα</span> <span class='ocrx_word' id='word_1_904' title='bbox 1641 2749 1692 2783; x_wconf 83' lang='grc' dir='ltr'>μὲν</span> <span class='ocrx_word' id='word_1_905' title='bbox 1708 2750 1762 2785; x_wconf 76' lang='grc' dir='ltr'>όρᾷ</span> <span class='ocrx_word' id='word_1_906' title='bbox 1790 2751 1848 2777; x_wconf 77' lang='grc' dir='ltr'>τῶν</span> 
     </span>
    </p>
   </div>
   <div class='ocr_carea' id='block_1_119' title="bbox 1046 2790 1847 2827">
    <p class='ocr_par' dir='ltr' id='par_1_119' title="bbox 1046 2790 1847 2827">
     <span class='ocr_line' id='line_1_119' title="bbox 1046 2790 1847 2827; baseline 0.009 -11"><span class='ocrx_word' id='word_1_907' title='bbox 1046 2790 1160 2827; x_wconf 81' lang='grc' dir='ltr'>ὁρατῶν,</span> <span class='ocrx_word' id='word_1_908' title='bbox 1176 2790 1274 2826; x_wconf 77' lang='grc' dir='ltr'>ἑαυτὴν</span> <span class='ocrx_word' id='word_1_909' title='bbox 1292 2791 1319 2817; x_wconf 75' lang='grc' dir='ltr'>δὲ</span> <span class='ocrx_word' id='word_1_910' title='bbox 1339 2791 1388 2825; x_wconf 76' lang='grc' dir='ltr'>οὐχ</span> <span class='ocrx_word' id='word_1_911' title='bbox 1401 2791 1469 2825; x_wconf 76' lang='grc' dir='ltr'>ὁρᾷ,</span> <span class='ocrx_word' id='word_1_912' title='bbox 1488 2791 1560 2819; x_wconf 75' lang='grc' dir='ltr'>οὕτω</span> <span class='ocrx_word' id='word_1_913' title='bbox 1582 2794 1629 2820; x_wconf 77' lang='grc' dir='ltr'>καὶ</span> <span class='ocrx_word' id='word_1_914' title='bbox 1645 2794 1658 2820; x_wconf 79' lang='grc' dir='ltr'>ὁ</span> <span class='ocrx_word' id='word_1_915' title='bbox 1674 2795 1747 2826; x_wconf 68' lang='grc' dir='ltr'>νοῦς.</span> <span class='ocrx_word' id='word_1_916' title='bbox 1773 2796 1847 2823; x_wconf 64' lang='grc' dir='ltr'>Ἀλλ’</span> 
     </span>
    </p>
   </div>
   <div class='ocr_carea' id='block_1_120' title="bbox 1053 2878 1313 2912">
    <p class='ocr_par' dir='ltr' id='par_1_120' title="bbox 1053 2878 1313 2912">
     <span class='ocr_line' id='line_1_120' title="bbox 1053 2878 1313 2912; baseline 0 -7"><span class='ocrx_word' id='word_1_917' title='bbox 1053 2878 1151 2906; x_wconf 75' lang='grc' dir='ltr'><strong>ι’1’[(›ν.</strong></span> <span class='ocrx_word' id='word_1_918' title='bbox 1170 2886 1253 2912; x_wconf 72' lang='lat' dir='ltr'><strong>xxvtt,</strong></span> <span class='ocrx_word' id='word_1_919' title='bbox 1268 2879 1313 2906; x_wconf 72' lang='lat' dir='ltr'><strong>2t.</strong></span> 
     </span>
    </p>
   </div>
  </div>
