1949 3069
194 150 238 190 ΤΗ
262 158 277 189 5

827 158 848 184 (ἶ
858 157 1017 187 REGORH
1050 159 1213 192 I‘ALAM/E

1762 163 1789 194 l‘l
1798 165 1825 196 16

209 220 304 244 sarent
319 211 473 250 quicunque
498 215 637 250 corporeis
655 215 819 250 imaginibus
836 215 991 249 iiitclligibi-

1047 216 1183 246 ιἘκεῖιος
1199 215 1249 241 οὐκ
1271 215 1367 250 ἢθελεν
1386 214 1446 241 οὐδὲ
1469 215 1531 247 τοὺς
1553 215 1709 250 ὀφθαλμοὺς
1727 216 1766 247 εἰς
1782 217 1824 243 τὸν

209 263 244 289 lia
272 263 416 297 divinaque
429 268 454 289 el
480 262 632 295 spiritualia
654 262 780 296 figurant,
796 266 955 296 nuncupant
966 266 992 288 ct

209 309 382 342 investigaiit.
400 308 452 335 Sed
465 309 506 335 eis
524 308 626 335 nullum
651 307 753 335 idcirco
777 307 894 334 iiil'ereiit
907 307 992 334 detri-

212 358 344 386 mentum,
369 357 396 380 at
422 354 512 388 potius
545 361 626 381 causa
657 353 833 380 beatitudinis
857 357 937 380 eriiiit
965 357 993 380 et

211 399 300 433 plures
315 398 416 426 addent
434 400 460 426 in
489 399 569 427 cmlis
585 406 720 432 coronas;
738 399 790 433 ipsi
821 405 885 425 vero
916 402 991 424 extra

207 445 353 471 sanctuarii
376 445 465 472 velum
490 445 650 475 manebunt,
678 451 728 471 nec
756 444 843 479 ipsam
873 443 993 470 veritatis

211 491 334 517 umbram
350 494 478 524 poterunt
490 490 589 517 intueri
603 498 610 522 ;
631 490 685 517 iiiio
701 489 777 516 valde
790 489 937 516 timendum
951 493 993 516 est

207 544 240 563 iie
266 537 307 563 vel
332 544 412 571 pmna
429 536 577 563 multeiilur
591 541 704 570 aeterna,
718 536 781 571 quia
803 543 856 563 non
878 535 964 562 solum
977 543 993 562 a

207 582 310 609 sanctis
323 582 519 614 discesserunt,
535 582 582 609 sed
609 582 692 609 etiam
722 587 817 609 contra
839 588 888 609 eos
910 582 993 608 verbo

207 627 394 655 incesserunt.

243 674 309 700 Nam
327 672 463 700 Sinieoiiis
477 673 593 707 iunioris
610 674 726 708 theologi
741 674 823 700 vitam
851 673 993 708 cognoscis

208 719 264 747 fere
279 720 305 747 in
316 720 441 746 omnibus
456 720 606 747 mirabilem
620 725 646 748 et
658 720 913 754 supernaturalibus
937 719 990 746 iiii-

210 765 311 792 raculis
327 774 341 791 a
362 765 415 792 Deo
435 765 624 800 glorilicatam,
641 771 668 792 et
687 765 788 800 scripta
807 765 865 800 ejus
888 766 990 800 scripta

209 811 272 839 vita:
288 811 380 839 dicens
399 812 497 846 aliquis
512 819 566 839 non
582 820 596 837 a
613 817 687 840 recto
710 816 829 839 erraret.
854 812 887 838 Et
908 819 992 839 vene-

208 857 322 884 randum
348 857 424 884 illum
454 857 655 892 Nicephorum,
678 858 723 893 qui
750 858 844 884 multis
869 858 949 885 annis
965 858 990 884 in

207 903 353 930 solitudine
369 908 396 930 et
411 904 437 930 in
453 905 544 938 quiete
559 905 689 938 peractis,
705 904 803 931 deinde
817 904 910 939 magis
927 904 991 931 soli-

209 950 291 977 taria:
304 949 454 984 prad'crens
471 951 559 978 sancti
573 950 671 977 Montis
686 954 789 984 partes,
801 951 906 982 sesead
919 951 993 978 labo-

209 1002 265 1022 rem
283 996 417 1027 exercuit,
438 1000 466 1023 et
479 1003 512 1023 ex
530 995 653 1023 collectis
667 995 793 1023 omnibus
806 996 914 1023 Patrum
936 1003 993 1022 scr—

209 1041 334 1068 iiionibus
350 1047 454 1068 erutam
471 1041 552 1069 nobis
571 1042 687 1069 tradidit
707 1041 854 1077 vigilantiae
875 1041 992 1076 praxim.

209 1085 248 1113 lbi
263 1094 330 1121 ergo
345 1087 411 1114 illud
426 1088 497 1122 quod
510 1096 525 1114 a
541 1088 702 1122 quibusdam
721 1087 806 1115 refelli
825 1087 904 1119 dicis,
930 1095 993 1121 pcr-

209 1133 336 1160 lectionis
354 1134 508 1161 amantibus
522 1133 596 1161 clare
612 1134 737 1161 suadent.

246 1177 280 1204 Et
309 1178 375 1212 quid
398 1178 517 1206 referatur
546 1184 652 1206 veteres
674 1179 806 1206 sanctos?
832 1179 887 1206 Viri
914 1179 994 1212 paulo

212 1224 292 1250 nobis
305 1223 467 1257 anteriores,
480 1224 507 1251 in
523 1225 623 1258 quibus
635 1224 778 1252 manifesta
792 1225 889 1252 enituit
909 1224 994 1251 virtus

214 1269 334 1304 Spiritus
364 1270 461 1303 sancti,
491 1270 581 1297 omnia
612 1271 667 1297 hare
694 1271 771 1298 nobis
803 1270 913 1305 proprio
944 1277 992 1296 ore

211 1314 393 1346 tradiderunt,
417 1321 445 1342 et
478 1315 554 1342 illum
582 1315 735 1350 theologum
763 1322 824 1342 esse
852 1314 994 1342 verissime

213 1361 369 1395 theologum
391 1366 419 1388 et
443 1361 568 1389 veritatis
592 1362 781 1396 mysteriorum
806 1361 852 1388 Dei
873 1361 994 1388 certissi-

211 1414 284 1433 mum
316 1407 515 1440 speculatorem
542 1408 623 1434 nobis
656 1408 880 1442 praedicaverunt.
908 1407 994 1434 Audis

211 1452 286 1479 illum
303 1452 483 1488 Thcoleptum
507 1454 610 1488 optime
633 1458 771 1486 vocatum,
793 1454 839 1488 qui
862 1453 996 1481 Philadel-

211 1498 282 1532 phiie
296 1498 348 1526 fuit
360 1500 485 1532 antistes,
497 1507 545 1527 seu
560 1500 688 1533 potiusex
701 1507 732 1526 ea
749 1499 821 1527 velut
837 1507 868 1526 ex
884 1499 993 1526 lucerna

213 1545 342 1572 mundum
360 1546 516 1578 illustravit,
528 1546 573 1581 qui
589 1546 753 1574 Athanasius
765 1547 832 1573 alter
844 1554 929 1573 annos
941 1553 992 1573 non
1008 1559 1030 1586 ο

212 1598 315 1626 paucos
345 1591 554 1626 patriarclialem
589 1591 743 1618 nobilitavit
772 1591 940 1623 cathedram,
967 1596 996 1618 et

212 1637 289 1669 eug'us
310 1637 463 1670 sepulcrum
492 1636 563 1663 Deus
592 1637 656 1663 fecit
677 1637 833 1670 gloriowiu.
860 1637 890 1663 Et
919 1637 993 1664 illum

215 1683 304 1710 hilum
323 1683 456 1715 Italicum,
473 1683 523 1709 Nili
534 1682 621 1717 Magni
636 1683 774 1715 annulum,
789 1687 816 1710 et
832 1682 954 1710 Siliotem
968 1688 995 1710 et

214 1730 310 1762 Eliam,
327 1729 351 1755 ei
370 1729 481 1756 minime
493 1729 631 1761 cedentes,
647 1734 672 1755 et
693 1729 816 1760 Gabriel,
830 1734 857 1756 ct
872 1729 996 1755 Athana-

214 1775 297 1807 sium,
319 1774 469 1809 prophetia1
483 1775 555 1802 dono
566 1775 675 1802 ditatus.
685 1775 747 1802 lllos
762 1783 856 1802 omnes
872 1774 958 1806 audis,
971 1779 998 1801 et

215 1821 317 1847 inultos
330 1820 398 1846 alios
413 1821 453 1847 eis
468 1820 633 1854 anteriores,
651 1826 699 1847 aut
713 1828 830 1852 coaevus,
847 1825 892 1847 aut
908 1825 1000 1855 poste—

215 1867 313 1898 riores,
330 1867 472 1894 laudantes
489 1872 517 1894 et
531 1868 756 1895 commendantes
774 1875 883 1894 servare
905 1867 999 1894 volen-

216 1915 257 1939 tes
273 1911 345 1938 illam
364 1912 534 1939 traditionem
557 1920 637 1946 quam
671 1912 867 1940 novidoctores
887 1901 1003 1946 quietis;

216 1958 297 1992 huius
311 1966 344 1985 ne
361 1958 504 1993 vestigium
521 1958 629 1992 quidem
645 1964 852 1993 cognoscentes,
873 1966 924 1985 nec
938 1966 1000 1992 pro-

217 2009 277 2038 pter
290 2004 496 2038 experientiam,
517 2005 564 2032 sed
577 2005 707 2039 ineptiam
721 2005 908 2039 viiuperaiites
924 2011 998 2037 eam,

216 2050 326 2077 abolere
353 2057 385 2077 ac
416 2050 550 2078 dedocere
576 2055 603 2077 et
631 2051 776 2085 deturpare
800 2050 942 2082 conantur,
966 2050 1000 2076 ad

218 2096 319 2123 nullam
335 2096 488 2123 auditorum
509 2096 664 2123 utilitatem.
680 2095 734 2123 Nos
756 2103 820 2123 vero
841 2100 1000 2123 sanctorum

217 2142 327 2170 illorum
344 2142 489 2169 nonnullos
505 2142 575 2169 facie
587 2143 619 2169 ad
640 2143 736 2170 faciem
753 2143 870 2170 vidimus
888 2146 918 2170 et
944 2151 1001 2169 nia-

222 2188 325 2222 gistros
342 2187 498 2214 habuimus.
511 2187 652 2220 Quomodo
670 2187 751 2222 igitur
767 2187 826 2215 illos
841 2195 891 2222 pro
917 2187 1001 2214 nihilo

1042 262 1156 296 οὐρανὸν
1173 260 1249 296 ἆραι·
1269 271 1277 286 i
1294 260 1389 287 τοῦτον
1399 261 1427 287 δὲ
1439 261 1609 296 ζηλοῦσιν,οί
1625 263 1729 293 ἑαυτοῖς
1746 263 1775 288 ὲν
1788 262 1825 296 τῷ

1042 308 1170 352 είξχεσοαι
1194 307 1372 342 προσέχοντες
1385 307 1434 342 τὴν
1449 307 1510 342 ὄψιν
1523 315 1529 321 '
1544 309 1568 334 οἱ
1583 308 1606 334 δ“
1619 308 1825 343 ὀμφαλοψύχους

1043 354 1154 384 τούτους
1168 353 1358 388 ὀνομάζοντες,
1382 354 1450 388 πρὸς
1476 353 1515 388 τῷ
1540 356 1718 388 συκοφαντεῖν
1739 354 1825 388 σοφῶς

1043 396 1081 426 ὧν
1098 399 1299 434 κατηγοροῦσι’
1322 399 1363 431 τίς
1389 400 1443 434 γάρ
1463 408 1528 426 ποτε
1552 399 1654 426 τούτων
1675 401 1720 426 ἐπ’
1736 400 1825 434 ὀμφα-

1042 446 1089 472 λοῦ
1102 446 1176 479 λέγει
1190 446 1240 480 τὴν
1255 445 1343 479 ψυχήν
1356 453 1364 478 ;
1382 446 1453 480 Πρὸς
1467 446 1532 480 γοῦν
1542 446 1580 481 τῷ
1591 446 1717 480 γενέσθαι
1731 446 1827 481 δήλους

1043 489 1250 523 συκοφαντικῶς
1288 489 1486 524 ἐπιθεμένους,
1519 491 1566 516 καὶ
1593 490 1743 524 ὑϐριστὰς,
1774 491 1827 516 τῶν

1042 535 1244 569 ἐπαινουμένων
1268 536 1337 569 σφᾶς
1352 535 1451 566 αὐτοὺς
1475 535 1579 568 ἔδειξαν
1599 536 1688 569 ὄντας,
1715 536 1772 563 ἀλλ’
1796 537 1826 563 οὗ

1042 580 1190 615 διορθωτὰς
1212 581 1266 607 τῶν
1287 581 1496 616 σφαλλομένων·
1515 582 1569 608 οὐδ’
1596 582 1710 617 ἡσυχίας
1723 582 1826 613 ἕνεκεν,

1044 627 1091 653 καὶ
1117 627 1257 660 ἀληθείας,
1273 626 1342 653 ἀλλᾶ
1368 626 1520 660 κενοδοξίας
1548 629 1628 662 χάριν
1655 627 1826 662 γράφοντας*

1042 672 1096 698 οὐδ’
1112 672 1156 698 ἵνα
1171 671 1239 707 πρὸς
1255 672 1335 706 νῆψιν
1352 672 1496 706 ὲνάγωσιν,
1512 672 1571 700 ἀλλ’
1588 673 1631 698 ἵνα
1655 672 1705 707 τῆς
1721 672 1827 707 νήψεως

1044 718 1234 755 ἁπαγάγωσινε
1258 718 1329 744 Αὐτὸ
1353 719 1407 752 γὰρ
1423 719 1454 745 τὸ
1478 718 1570 753 ἔργον,
1586 718 1634 745 καὶ
1657 715 1720 749 τοὺς
1741 719 1829 753 ἔμμε-

1044 765 1096 796 λῶς
1112 765 1331 800 ὲπειλημμένους
1345 765 1453 797 τούτου,
1480 765 1562 791 παντὶ
1586 766 1679 800 τρόπῳ
1699 765 1829 792 σπεύδου-

1045 819 1086 836 σιν
1110 810 1139 843 ἐξ
1162 811 1246 844 αὐτῆς
1260 811 1310 845 τῆς
1332 811 1500 845 καταλλήλου
1523 812 1648 847 πράξεως
1662 812 1826 844 ὲξουθενεῑν·

1043 857 1068 882 οἱ
1083 855 1198 882 τοιοῦτοι
1211 856 1239 882 δὲ
1254 856 1352 892 ῥᾳδίως
1368 857 1414 882 καὶ
1428 856 1474 882 τὸν
1487 857 1610 889 εἰπόντα,
1626 858 1663 889 ὡς
1677 867 1685 882 ε
1706 859 1735 884 Ὀ
1750 858 1830 893 νόμος

1045 901 1090 928 τοῦ
1103 901 1170 927 Θεοῦ
1181 901 1210 928 ὲν
1225 902 1297 936 μέσῳ
1310 901 1359 935 τῆς
1373 902 1475 934 κοιλίας
1492 911 1570 937 μου,ι
1584 904 1630 929 καὶ
1642 903 1689 929 τὴν
1701 905 1830 938 εἰρηκότα

1045 946 1112 981 πρὸς
1123 947 1199 977 Θεὸν,
1223 947 1265 973 ὅτι
1291 957 1300 972 i
1313 947 1345 973 Ἡ
1365 948 1453 974 κοιλία
1480 957 1530 982 μου
1551 949 1649 983 ὴχήσει
1664 949 1701 980 ὡς
1718 949 1828 984 κιθάρα,

1045 992 1093 1018 καὶ
1114 992 1148 1018 τὰ
1173 992 1247 1023 ἐντός
1270 1001 1320 1027 μου
1343 992 1408 1019 ὡσεὶ
1425 993 1513 1028 τεῖχος
1533 994 1650 1028 χαλκοῦν
1664 995 1678 1020 ὃ
1699 995 1830 1021 ἐνεκαίνι-

1046 1044 1106 1069 σας,
1119 1046 1128 1062 ι
1152 1037 1340 1071 κοιλιοψύχους
1364 1038 1397 1064 ἂν
1416 1039 1676 1074 προσαγορεύσειαν,
1692 1041 1739 1066 καὶ
1754 1043 1833 1075 κοινῇ

1046 1083 1149 1114 πάντας
1163 1083 1341 1114 διαϐάλλοιεν,
1359 1083 1421 1115 τοὺς
1435 1084 1479 1110 διὰ
1495 1085 1660 1119 σωματικῶν
1676 1087 1829 1120 συμϐόλων,

1045 1129 1080 1155 τὰ
1090 1130 1180 1164 νοερὰ,
1198 1130 1245 1155 καὶ
1265 1129 1334 1161 Οεῖα,
1353 1130 1400 1156 καὶ
1418 1131 1590 1165 πνευματικά
1602 1131 1765 1162 τυποῦντας,
1785 1133 1831 1159 καὶ

1046 1175 1211 1207 καλοῦντας,
1227 1175 1273 1201 καὶ
1298 1175 1497 1209 ἀνιχνεύοντας.
1529 1176 1599 1202 Ἀλλ’
1627 1177 1743 1208 ἐκείνοις
1769 1178 1830 1212 μὲν,

1046 1220 1121 1254 παρὰ
1141 1219 1219 1246 τοῦτο
1243 1220 1341 1255 βλάϐος
1363 1221 1517 1248 ὲποίσουσιν
1541 1221 1617 1248 οὐδέν
1630 1230 1636 1236 ·
1663 1222 1764 1256 μᾶλλον
1783 1224 1832 1258 μὲν

1045 1265 1092 1292 οὖν
1111 1265 1158 1292 καὶ
1177 1266 1359 1300 μακαρισμῶν
1374 1266 1498 1300 πρόξενοι
1519 1267 1689 1301 γενήσονται,
1709 1269 1757 1294 καὶ
1773 1269 1832 1303 μεί-

1046 1311 1123 1343 ζονος
1145 1312 1302 1346 προσθήκης
1317 1311 1371 1337 τῶν
1392 1313 1421 1338 ὲν
1443 1313 1567 1347 οὐρανοῖς
1583 1314 1721 1347 στεφάνων
1733 1323 1740 1330 ·
1757 1316 1833 1341 αὐτοὶ

1046 1356 1074 1382 δὲ
1089 1356 1135 1382 καὶ
1151 1355 1205 1381 τῶν
1218 1355 1296 1391 ἱερῶν
1308 1358 1564 1391 παραπετασμάτων
1582 1357 1633 1390 ἔξω
1647 1357 1768 1392 μενοῦσι,
1786 1360 1833 1385 καὶ

1046 1402 1106 1428 οὐδὲ
1122 1401 1189 1436 πρὸς
1204 1401 1254 1432 τὰς
1269 1401 1348 1433 σκιὰς
1362 1401 1467 1434 ἕξουσιν
1480 1403 1612 1435 ἀτενίζειν
1627 1405 1675 1438 τῆς
1690 1404 1831 1438 ἀληθείας·

1046 1446 1114 1472 πολὺ
1130 1446 1158 1472 δὲ
1172 1447 1201 1473 τδ
1214 1446 1284 1478 δέος,
1302 1446 1339 1481 μὴ
1354 1446 1400 1472 καὶ
1415 1447 1492 1480 δίκην
1510 1446 1632 1473 τίσουσι-ν
1649 1447 1769 1478 αἰώνιον,
1782 1447 1833 1473 οὐκ

1047 1491 1300 1522 ἀποδιαστείλαντες
1327 1491 1407 1526 μόνον
1429 1491 1542 1522 ἑαυτοὺς
1566 1491 1620 1518 τῶν
1644 1492 1742 1525 ἁγίων,
1763 1492 1832 1518 ἀλλὰ

1048 1537 1095 1563 καὶ
1108 1537 1168 1563 κατ’
1180 1537 1270 1563 αὐτῶν
1287 1536 1325 1572 τῷ
1338 1536 1408 1571 λόγῳ
1421 1538 1605 1571 χωρήσαντες.
1622 1537 1765 1571 Συμεῶνος
1779 1539 1839 1571 γὰρ.

1050 1582 1097 1609 τοῦ
1117 1582 1177 1610 νέου
1192 1582 1322 1617 Θεολόγου
1345 1582 1390 1609 τὸν
1408 1583 1464 1617 βίον
1487 1581 1583 1609 οἶσθα·
1609 1583 1701 1617 θαῦμά
1724 1592 1754 1609 τε
1769 1583 1834 1609 ὂντα

1051 1635 1140 1663 Ιπάντα
1152 1637 1255 1671 σχεδὸν,
1270 1637 1318 1663 καλ⁵
1331 1635 1364 1662 δι’
1377 1617 1527 1672 fragmiti
1540 1637 1687 1673 Θαυμάτων
1699 1639 1752 1666 uno
1767 1640 1836 1666 Θεοῦ

1046 1680 1250 1716 δεδοξασμένον,
1267 1683 1301 1709 τά
1313 1691 1343 1708 τε
1361 1683 1566 1718 συγγράμματα
1581 1684 1675 1715 αὑτοῦ,
1693 1686 1840 1720 συγγραμ-

1049 1736 1122 1762 ματα
1136 1726 1208 1762 ζωῆς
1221 1726 1305 1754 εἰπών
1318 1736 1369 1761 τις,
1382 1728 1431 1754 οὐκ
1447 1728 1479 1754 ἂν
1493 1729 1610 1764 ἁμάρτοι
1622 1729 1669 1755 τοῦ
1686 1732 1842 1766 προσήκονθ

1047 1782 1103 1805 τος,
1121 1774 1168 1799 καὶ
1182 1773 1339 1808 Νικηφόρον
1361 1773 1390 1800 δὲ
1403 1773 1449 1800 τὸν
1460 1774 1532 1800 ὅσιον
1546 1775 1660 1807 ἐκεῖνον,
1676 1776 1705 1806 ὃς
1721 1777 1842 1811 πολυετῆ

1049 1819 1144 1855 χρόνον
1172 1819 1201 1846 ὲν
1224 1820 1328 1854 ἠρεμίᾳ
1356 1820 1402 1846 καὶ
1427 1820 1527 1855 ἠσυχίᾳ
1561 1819 1718 1854 διενεγκὼν,
1745 1823 1842 1849 ἔπειτα

1050 1866 1105 1896 τοῖς
1127 1864 1342 1900 ὲρημικωτέροις
1367 1865 1463 1900 μέρεσι
1478 1865 1526 1892 τοῦ
1543 1866 1622 1899 ἁγίου
1640 1866 1740 1902 ὀρους
1756 1869 1843 1901 ἐμφι-

1050 1910 1218 1945 λοχωρήσας,
1233 1911 1281 1937 καὶ
1293 1911 1488 1946 ἀπασχολήσας
1503 1911 1610 1945 ἑαυτὴν,
1626 1913 1659 1939 ὲκ
1674 1913 1771 1939 πασῶν
1788 1915 1846 1940 τῶν

1051 1956 1196 1990 Πατρικῶν
1219 1956 1316 1990 φωνῶν
1342 1957 1514 1992 συνειλοχὼς,
1538 1958 1589 1993 τὴν
1612 1959 1748 1994 νηπτικὴν
1776 1961 1844 1993 ἡμῖν

1051 2003 1141 2030 αὐτῶν
1168 2005 1312 2039 παρέδωκε
1333 2006 1442 2040 πρᾶξιν.
1458 2002 1537 2033 Οὗτοι
1558 2006 1659 2037 τοίνυν,
1674 2007 1750 2033 τοῦθ’
1774 2008 1846 2042 ὅπερ

1051 2050 1214 2084 ἀνατρέπειν
1232 2051 1287 2086 φής
1308 2061 1394 2083 τινας,
1419 2052 1514 2086 σαφῶς
1529 2054 1585 2084 τοῖς
1611 2055 1843 2088 προαιρουμένοις

1051 2095 1236 2130 εἰσηγοῦνται.
1251 2097 1305 2124 Καὶ
1319 2097 1346 2124 τί
1363 2098 1434 2132 λέγω
1448 2099 1510 2130 τοὺς
1522 2099 1654 2131 παλαιοὺς
1669 2100 1724 2126 τῶν
1737 2101 1824 2133 ἁγίων
1837 2111 1843 2129 ;

1052 2141 1147 2176 ἄνδρες
1162 2142 1216 2178 γὰρ
1241 2143 1331 2179 μικρῷ
1347 2144 1400 2180 πρὸ
1414 2144 1493 2179 ἡμῶν
1523 2147 1778 2181 μεμαρτυρημένοι,
1797 2149 1845 2172 κνὶ

1053 2188 1273 2223 ἀποδεδειγμένοι
1288 2190 1316 2216 ὲν
1334 2189 1448 2225 δυνάμει
1463 2191 1622 2226 Πνεὺματος
1645 2193 1737 2226 ἁγίου,
1763 2193 1845 2218 πάνθ’

219 2238 376 2267 reputantes
390 2240 460 2267 quos
476 2234 643 2267 experientia
660 2239 688 2260 et
703 2234 790 2267 gratia
813 2233 915 2265 docuit,
941 2233 995 2260 istis

1054 2235 1120 2269 ἡμῖν
1130 2234 1174 2261 διὰ
1190 2236 1324 2270 στόματος
1339 2237 1441 2263 οἰκείου
1457 2237 1631 2273 παρέδωκαν,
1649 2239 1695 2265 τόν
1709 2248 1740 2265 τε
1751 2240 1847 2265 Θεολή-

218 2278 263 2311 qui
281 2285 296 2304 a
309 2279 437 2312 superbia
451 2283 478 2305 et
497 2279 640 2305 verborum
670 2279 877 2305 concertatione
899 2278 932 2305 ad
957 2279 1005 2305 do-

219 2325 336 2351 tendum
354 2325 516 2359 procedunt,
530 2325 710 2353 cedereiiius?
729 2324 788 2352 Non
806 2325 858 2353 erit
876 2326 937 2357 hoc,
951 2333 1004 2352 non

219 2371 281 2397 erit.

255 2415 286 2442 Et
300 2420 326 2442 tu
342 2415 424 2451 igitur
432 2417 466 2444 ab
478 2416 536 2444 istis
549 2418 677 2450 abliorre,
690 2426 750 2445 cuni
772 2418 853 2445 David
863 2418 1002 2452 sapienter

219 2462 427 2491 tibinictdicens
452 2472 459 2490 :
480 2473 489 2489 ι
505 2463 631 2495 Benedic,
647 2465 734 2491 anima
750 2473 820 2496 mea,
836 2465 959 2494 Domitio.
975 2471 1002 2491 et

218 2508 309 2535 omnia
325 2516 385 2543 qua:
400 2508 471 2536 intra
485 2517 527 2537 me
541 2515 615 2541 sunt.
627 2511 727 2538 iioniiiii
739 2517 835 2538 sancto
846 2511 906 2545 ejus
922 2511 942 2527 ”
956 2519 964 2544 ;
989 2519 998 2536 ι

219 2560 247 2582 et
265 2560 289 2582 te
305 2554 431 2583 Patribus
447 2556 560 2584 docilem
581 2559 713 2592 praebens,
729 2558 790 2585 audi
807 2557 943 2592 quomodo
969 2556 1002 2584 ad

221 2601 294 2628 intro
325 2602 485 2630 mittendam
502 2610 610 2638 semper
624 2604 939 2631 mentemexhorteiitur.

1054 2289 1102 2314 γον
1116 2281 1209 2307 τοῦτον
1230 2281 1268 2312 ὡς
1291 2281 1399 2317 ἀληθῶς
1415 2282 1556 2317 Θεολόγον,
1573 2284 1620 2310 καὶ
1643 2284 1693 2318 τῆς
1717 2285 1848 2318 ἀληθείας

1054 2326 1109 2352 τῶν
1138 2327 1206 2353 Θεοῦ
1233 2329 1392 2363 μυστηρίων
1415 2329 1537 2364 ὲπόπτην
1560 2330 1778 2363 ἀσφαλέστατον,
1806 2331 1848 2363 ἐφ’

1055 2374 1070 2408 ἡ
1076 2373 1133 2406 μῶν
1147 2373 1229 2408 ἀνεκή
1234 2382 1339 2408 ρυττον.
1353 2374 1406 2401 Τὸν
1424 2383 1457 2408 φε
1461 2375 1532 2410 ρωνὺ
1536 2384 1593 2409 μως
1605 2376 1760 2411 Θεόληπτον
1775 2378 1819 2403 ὲκε
1825 2379 1850 2402 ἰ-

1056 2427 1100 2444 νον
1115 2419 1225 2450 ἀκούεις
1242 2420 1287 2447 τδν
1308 2420 1500 2455 Φιλαδελφείας
1523 2422 1656 2457 πρόεδρον
1671 2443 1678 2454 ,
1702 2424 1805 2458 μᾶλλον
1828 2425 1851 2449 δ’

1056 2463 1110 2489 ἀπὸ
1126 2463 1238 2498 ταύτης,
1252 2465 1289 2496 ὠς
1302 2465 1357 2492 ἀπὸ
1372 2465 1484 2500 λυχνίας
1498 2466 1544 2493 τδν
1562 2467 1665 2502 κόσμον
1681 2469 1850 2501 (ξωτίσιντςι,

1056 2510 1103 2536 τὸν
1129 2511 1286 2538 ’ΔΟανὰτιον
1304 2512 1418 2544 ἐκεῖνον,
1442 2513 1471 2544 ὃς
1494 2514 1538 2540 ἐπ’
1560 2515 1701 2546 ἐνιαυτοὺς
1721 2518 1772 2542 οὐκ
1796 2519 1851 2542 ελε-

1057 2565 1122 2590 γους
1148 2556 1193 2584 τὸν
1222 2559 1418 2593 πατριαρχικῇν
1444 2560 1581 2594 ἐκόσμησε
1610 2561 1726 2595 θρόνον·
1756 2561 1786 2589 1ιῦ
1805 2566 1852 2588 ναὶ

1058 2602 1107 2632 ’τὴν
1126 2602 1204 2636 σορδν
1225 2603 1240 2629 ὁ
1263 2605 1330 2637 Θεὲις
1357 2605 1482 2640 ἐτίμησε,
1507 2606 1601 2631 Νεῖλον
1625 2608 1731 2633 ἐκεῖνον
1756 2609 1801 2634 τὸν
1824 2609 1851 2634 ἐξ

226 2645 347 2679 Ἰταλῶν,
378 2648 424 2674 τὸν
449 2649 497 2677 τοῦ
528 2651 651 2685 μεγάλου
677 2650 804 2686 ζηλωτὴν
832 2652 943 2684 Νείλου,
969 2653 1017 2679 τὸν
1047 2652 1195 2688 Σελιώτην,
1223 2651 1272 2678 καὶ
1298 2651 1345 2677 τὴν
1366 2651 1461 2677 ἸΙλίαν
1483 2650 1546 2681 τοὺς
1570 2649 1656 2684 μηδὲν
1682 2649 1852 2678 ἀποδέοντας

220 2691 337 2726 ἐκείνου,
369 2694 502 2730 Γαὸριὴλ,
531 2697 579 2724 καὶ
600 2697 774 2730 ’Λοανάσιον,
802 2698 864 2729 τοὺς
897 2699 946 2725 καὶ
974 2698 1148 2733 προφητικοῦ
1179 2698 1351 2733 χαρίσματος
1381 2696 1562 2731 ἠξιωμένους.
1593 2695 1712 2727 Τούτους
1745 2695 1853 2724 πάντως

219 2740 341 2774 ἀκούεις,
357 2742 404 2768 καὶ
420 2742 537 2775 πολλοὺς
553 2744 651 2774 ἄλλους
675 2745 728 2779 πρὸ
746 2745 840 2771 αὐτῶν
860 2754 889 2771 τε
913 2746 960 2772 καὶ
989 2747 1037 2772 σὺν
1055 2746 1158 2776 αὐτοῖς,
1186 2746 1234 2772 καὶ
1262 2744 1323 2778 μετ’
1345 2743 1445 2774 αὐτοὺς
1472 2742 1631 2777 γεγονότας,
1656 2742 1852 2770 ἐπαινοῦντας,

220 2787 267 2810 καὶ
284 2787 485 2821 παραινοῦντας
510 2790 636 2824 κατέχειν
659 2790 723 2822 τοὺς
752 2790 933 2826 βουλομένους
962 2791 1010 2826 τὴν
1036 2791 1185 2827 παράδοσιν
1213 2791 1327 2826 ταύτην,
1357 2790 1390 2825 ἣν
1406 2790 1429 2816 οἱ
1450 2791 1503 2816 νέοι
1528 2788 1687 2815 διδᾶιωωλσι
1714 2790 1763 2824 τῆς
1787 2789 1854 2822 ἦν’

275 2862 296 2877 ¹³
318 2863 388 2890 l‘sal.
405 2872 453 2896 (Ill,
474 2866 496 2892 Ι.
