1949 3069
118 125 180 158 ιιῑτ

569 122 707 152 CAFlTA
727 122 904 156 PHYSICA.
925 124 1183 158 THEOLOGICA.
1204 125 1286 157 ETC.

1672 126 1741 159 1178

110 171 183 204 φυσιν
194 169 211 205 ἢ
221 168 283 201 ξένα
292 169 408 205 λέγεται·
417 172 519 201 access
529 176 588 202 καθ’
598 177 668 204 αὐτὰ
680 179 760 212 φύσιν
768 180 887 211 ἅπαντα.

949 178 1097 205 dissimiles
1111 178 1258 210 dicuntur;
1275 178 1322 204 sed
1338 178 1365 205 in
1382 178 1478 212 sreipsis
1492 184 1631 213 spretam.
1646 188 1741 207 omnes

108 218 164 251 ξένα
181 219 241 246 ἐστὶ
251 219 330 248 Θεοῦ.
349 221 434 249 Πλέον
446 223 501 257 γὰρ
517 223 572 250 οὐδ’
587 224 649 252 ὅσον
676 226 763 254 εἰπεῖν
775 230 792 263 ἠ
810 230 892 265 νοερὰ

108 265 183 299 φύσις
204 266 300 302 τιόρρω
315 267 374 294 ἐστὶ
389 268 469 300 Θεοῦ,
495 270 511 305 ἢ
527 270 588 297 ὅσον
605 271 732 306 αἴσθησίς
744 282 774 300 τε
794 275 841 302 καὶ
858 276 892 303 τὰ

109 310 150 336 ὑπ’
173 311 301 346 αἴσθησιν
324 313 380 340 τῶν
410 315 511 349 νοερῶν
540 316 647 352 ἀπέχει.
673 318 809 346 Τοσοῦτον
844 322 892 348 οὖν

111 357 254 392 ἀπέχοντες
279 361 311 395 τῇ
338 360 398 386 καθ’
416 361 491 395 ἡμᾶς
516 361 595 397 φύσει
617 363 665 390 τοῦ
681 364 769 398 Θεοῦ,
795 367 891 400 ὅντως,

107 405 162 430 οὐαὶ
179 406 254 440 ἡμῖν,
269 407 292 432 εἰ
314 406 351 442 μὴ
363 407 430 440 γοῦν
449 408 481 434 ὲκ
504 410 690 445 προαιρέσεως
706 414 837 449 χρηστῆς,
857 414 892 441 δι’

106 452 190 486 ἔργων
206 453 252 479 καὶ
263 453 373 488 τρόπων
393 454 515 488 ἀγαθῶν,
536 457 620 490 ὲγγὺς
637 458 718 484 αὑτοῦ
733 459 890 494 γενοίμεθα.

137 499 174 523 π’.
210 497 241 523 Ἠ
268 497 322 524 τῶν
347 497 428 525 Θείων
455 499 595 534 θεηγόρων
622 501 712 532 ἔνθεος
738 502 785 529 καὶ
814 504 891 539 κοινὴ

105 541 222 574 γλῶσσα,
236 543 416 578 Δαμασκηνὸς
433 544 447 570 ὁ
461 544 590 580 Θεοφορος
618 546 701 581 φησὶν
721 548 751 573 ἐν
773 548 892 584 δευτέρῳ

104 588 155 614 τῶν
172 588 335 623 θεολογικῶν
358 590 440 616 αὑτοῦ
460 591 617 625 κεφαλαίων
632 599 638 606 ·
655 602 664 618 ι
683 593 743 628 Χρὴ
766 594 811 621 τὸν
827 596 892 630 περὶ

105 634 167 660 Θεοῦ
181 643 207 660 τι
221 635 312 668 λέγειν
326 636 342 671 ἢ
359 636 469 663 ἀκούειν
486 637 658 672 βουλόμενον,
672 639 766 673 σαφῶς
779 640 890 672 εἰδέναι,

105 679 138 710 ὡς
157 679 218 706 οὐδὲ
234 680 324 706 πάντα
338 680 457 716 ἄρρητα,
473 681 533 708 οὐδὲ
551 683 641 709 πάντα
655 683 735 719 ῥητὰ,
749 685 783 711 τά
797 694 826 711 τε
842 685 891 721 τῆς

105 725 249 758 θεολογίας,
272 726 307 753 τά
329 735 359 753 τε
383 727 434 762 τῆς
453 727 630 762 οἰκονομίας·
647 729 709 755 οὒτε
732 730 785 765 μὴν
801 731 891 759 πάντα

103 770 219 804 γνωστὰ,
241 770 304 797 οὐδὲ
319 771 408 798 πάντα
422 771 561 805 ἄγνωστα.
580 773 666 810 ’Υπὲρ
681 775 759 809 λόγον
774 775 797 802 δ’
812 777 891 811 ἴσμεν

104 817 147 842 καὶ
168 817 218 843 ὅσα
243 817 335 851 λέγειν
355 819 462 852 ἐφεῖται
482 819 536 845 τῶν
562 819 652 853 θείων,
668 821 706 852 ὼς
728 821 776 848 καὶ
801 823 890 849 ταῦτα

104 862 160 889 καθ’
180 863 351 898 ὑπερέχοντα
363 863 442 898 λόγον
458 863 498 899 (οὐ
518 865 573 900 γὰρ
596 865 648 898 ἔξω
667 865 748 901 λόγου
768 868 829 894 κατ’
844 868 888 894 ἕλ-

103 907 196 942 λειψιν,
213 908 272 935 ἀλλ’
290 909 368 941 ἐκτὸς
385 910 465 944 λόγου
481 911 528 938 τοῦ
549 912 608 938 καθ’
623 913 718 948 ἡμᾶς),
735 914 764 940 ὅν
781 913 804 940 θ’
823 916 889 950 ἡμῖν

103 954 190 985 αὐτοῖς
213 954 418 989 ἐνδιαιτώμενον
452 955 566 991 ἔχομεν,
594 958 640 984 καὶ
668 958 698 985 ὃν
727 959 792 995 παρ’
810 960 889 995 ἡμῶν

102 1001 188 1028 αὐτῶν
200 1001 240 1032 εἰς
257 1001 344 1036 ἀκοὴν
363 1001 464 1037 ἐτέρων
477 1003 645 1038 προάγομεν.
657 1003 727 1031 Οὔτε
741 1005 796 1040 γὰρ
811 1003 888 1038 οὗτος

103 1048 260 1083 ἑρμηνεύων
275 1047 453 1083 παραστῆσαι
469 1048 570 1076 δύναιτ’
590 1050 634 1082 ἂν,
650 1050 705 1077 οὔτ’
723 1052 825 1082 ἐκεῖνος
839 1061 889 1079 πο-

102 1094 310 1129 λυπραγμονῶν,
326 1093 432 1121 οἴκοθεν
452 1094 568 1129 ὲφίκοιτ⁹
590 1096 634 1123 ἄν.
654 1105 664 1121 ι
682 1097 740 1123 Οὐκ
762 1097 807 1132 ἄρ’
823 1098 888 1132 ἡμῖν

102 1141 191 1172 αὐτοῖς
207 1140 387 1176 ἐπιτρεπτέον
406 1141 472 1176 περὶ
491 1141 558 1168 Θεοῦ
572 1151 598 1169 τι
616 1142 722 1176 λέγειν·
742 1143 799 1170 ἀλλ’
814 1144 888 1178 ἡμᾶς

102 1187 199 1218 αὐτοὺς
216 1187 400 1222 ἐπιτρεπτέον
420 1187 489 1223 πρὸς
505 1188 570 1220 τοὺς
587 1189 616 1215 ὲν
631 1189 767 1224 πνεύματι
784 1190 818 1216 τὰ
840 1189 887 1217 τοῦ

102 1233 255 1268 πνεύματος
272 1233 430 1266 λαλοῦντας,
445 1234 493 1261 καὶ
515 1235 580 1262 ὅταν
602 1236 740 1262 ἀπαιτῶσι
766 1236 845 1270 λόγον
861 1237 887 1263 οι

100 1278 294 1313 ἀντικείμενοι.

135 1323 191 1352 πα¹,
212 1325 297 1351 Φασὶν
317 1325 521 1361 ἐπιγεγράφθαι
534 1327 589 1353 τῶν
602 1327 746 1362 προθύρων
759 1327 809 1363 τῆς
823 1336 888 1362 σχο-

101 1373 148 1406 λῆς
165 1372 212 1399 iret":
225 1372 385 1404 Πλάτωνοςο
402 1382 411 1398 ι
424 1373 527 1407 Μηδεὶς
540 1373 633 1400 εἰσίτω
643 1374 863 1409 ἁγεωρέτρητος.
874 1383 884 1399 ι

100 1420 190 1454 Πάν-ιη
206 1420 235 1446 δέ
254 1421 329 1446 ἐστιν
343 1420 566 1455 ἁγεωμέτρητος,
578 1420 592 1445 ὁ
608 1420 645 1454 μὴ
660 1420 810 1454 δυνάμενος
822 1419 886 1454 περὶ

99 1466 151 1492 τῶν
162 1466 324 1501 ἀχωρίστων
335 1466 374 1498 ὡς
387 1466 600 1501 κεχωρισμένων
615 1465 780 1496 διανοεῖσθαί
794 1473 823 1491 τε
838 1465 886 1491 καὶ

97 1512 278 1547 διαλέγεσθαι.
298 1511 374 1539 Εἶναι
388 1512 443 1547 γὰρ
470 1512 558 1548 πέρας
581 1511 666 1547 χωρὶς
689 1512 736 1538 τοῦ
753 1519 886 1546 περατου-

100 1559 190 1593 μένου,
209 1559 262 1586 τῶν
277 1559 426 1586 ἀδυνάτων.
440 1559 601 1594 Γεωμετρία
625 1558 664 1591 δὲ,
681 1559 746 1594 περὶ
764 1558 818 1584 τῶν
837 1566 887 1584 πε-

98 1605 188 1639 ράτων
209 1605 301 1640 σχεδὸν
320 1606 392 1637 am;
407 1607 421 1632 ὁ
445 1606 539 1640 λόγος·
562 1606 580 1633 ἃ
602 1606 650 1632 καὶ.
665 1607 751 1640 χωρὶς
768 1605 822 1632 τῶν
840 1613 887 1631 πε-

98 1651 283 1686 ριτουμένων,
300 1651 356 1678 ἐσθ’
372 1653 417 1679 ὅτε
444 1652 505 1679 καθ’
521 1652 606 1679 ἑαυτὰ
625 1653 672 1679 καὶ
691 1652 812 1688 ὁρίζεται
838 1651 886 1678 καὶ

97 1697 289 1732 προδάλλεται,
306 1697 354 1724 τοῦ
377 1698 424 1725 νοῦ
440 1698 605 1734 χωρίζοντος
623 1698 661 1725 τὰ
682 1698 833 1734 ἀχώριστα.
857 1698 887 1726 '0

95 1743 124 1768 δὲ
137 1743 168 1769 τὸ
184 1743 264 1777 σῶμα
277 1743 332 1769 τῶν
352 1743 417 1779 περὶ
432 1743 500 1770 αὐτὸ
520 1743 648 1780 χωρίζειν
663 1743 702 1779 τῷ
716 1743 755 1779 νῷ
773 1743 887 1779 μηδέπω

97 1784 207 1823 μαθὼν,
226 1789 285 1821 πῶς
308 1790 420 1816 ἀκούσει
444 1790 510 1825 περὶ
536 1790 645 1824 φύσεως
674 1790 736 1816 καθ’
763 1790 886 1824 ὲαντήνς

95 1836 177 1866 "litt;
190 1835 220 1862 οὐ
236 1835 315 1870 μόνον
330 1835 481 1871 ἀχώριστός
496 1837 553 1862 ἐστι
563 1834 618 1861 τῶν
631 1835 755 1870 φυσικῶν
768 1835 887 1870 ἐνυπάρ-

94 1890 182 1916 γουσα
201 1883 318 1912 τούτοις,
336 1882 393 1909 ἀλλ’
411 1882 464 1908 οὐδ’
486 1879 557 1908 εἷναί
580 1890 646 1908 ποτε
665 1881 775 1908 δύναται
802 1882 888 1917 χωρὶς

94 1928 197 1954 αὐτῶν.
209 1928 269 1959 Πῶς
279 1928 390 1955 ἀκούσει
405 1937 438 1954 πε
444 1928 470 1963 ρ“ι
481 1927 536 1955 τῶν
547 1927 608 1955 καθ’
619 1928 680 1954 ὅλου
691 1929 729 1959 ὼς
740 1927 799 1954 καθ’
813 1927 885 1960 ὅλου,

94 1974 169 2009 ειπερ
185 1975 215 2000 ὲν
225 1975 280 2006 τοῖς
302 1975 426 2009 μερικοῖς
442 1975 511 2006 είσι;
529 1975 567 2008 νῷ
583 1974 632 2000 καὶ
648 1973 720 2009 λόγῳ
736 1974 809 2008 μόνῳ
826 1973 888 2000 τού·

94 2028 148 2045 των
164 2019 352 2055 διαιρούμενα,
374 2021 421 2047 καὶ
440 2021 491 2056 πρὸ
505 2020 560 2047 τῶν
572 2020 677 2047 πολλῶν
693 2020 837 2056 νοούμενα,
853 2020 887 2047 τὰ

92 2066 149 2091 τῶν
169 2065 275 2092 πολλῶν
293 2065 359 2093 ἄνευ
378 2066 512 2101 μηδαμῶς
528 2065 593 2093 ὄντα
617 2066 657 2102 τῷ
680 2075 712 2100 γε
729 2066 824 2101 ἀληθεί
842 2066 887 2093 λό-

92 2120 152 2147 γῳ;
171 2111 233 2143 Πῶς
259 2112 372 2139 ἀκούσει
399 2113 464 2147 περὶ
491 2113 595 2148 νοητῶν
610 2113 657 2140 καὶ
682 2113 802 2148 νοερῶνς
826 2113 885 2144 πῶς

91 2157 208 2185 ἀκούσει
227 2159 274 2186 καὶ
289 2158 352 2185 νοῦν
365 2159 481 2185 ἕκαστον
493 2159 572 2194 ἡμῶν
588 2158 662 2193 ἔχειν
674 2158 817 2192 λεγόντων,
839 2159 886 2185 καὶ

908 851 927 878 Β

950 228 1048 250 natura
1067 228 1131 251 sunt
1145 231 1159 250 a
1177 224 1231 251 Deo
1250 224 1357 251 alienm.
1377 225 1472 258 Magis,
1490 232 1572 259 supra
1589 233 1670 256 quam
1685 226 1739 253 dici

949 273 1049 302 potest,
1064 269 1254 296 intellectualis
1270 275 1366 296 natura
1380 270 1475 305 procul
1488 276 1530 297 est
1543 278 1558 297 a
1577 270 1642 302 Deo,
1655 278 1739 305 quam

947 321 1045 342 sensus
1076 320 1104 342 et
1127 315 1266 343 sensibilia
1296 316 1331 343 ab
1365 316 1592 344 intellectualibus
1622 315 1736 344 distant.

947 358 1063 386 Tantum
1091 361 1174 395 igitur
1191 369 1205 387 a
1221 362 1276 389 Deo
1306 367 1401 388 natura
1430 367 1523 389 nostra
1546 363 1667 394 remotis,
1690 371 1730 390 va:

948 406 1071 440 profecto
1087 407 1173 439 nobis.
1192 408 1214 435 si
1231 416 1283 435 non
1301 409 1370 436 bona
1391 409 1542 440 voluntate,
1555 409 1736 444 operibusque

946 460 979 478 ac
991 453 1110 479 moribus
1121 454 1211 487 bonis,
1229 455 1260 480 ad
1275 462 1336 481 eum
1349 455 1521 482 accedamus.

982 498 1027 525 80.
1044 498 1179 526 Divinitus
1194 504 1219 526 et
1241 500 1312 527 divis
1327 501 1460 535 theologis
1477 509 1598 530 consone
1611 503 1735 538 loquens,

945 544 1033 572 deiter
1050 545 1237 573 Damascenus
1252 546 1318 573 dicit
1340 547 1366 574 in
1385 548 1505 574 secundo
1521 549 1734 584 theologicorum

945 590 1064 623 capitum
1082 599 1089 618 :
1110 600 1120 615 ι
1135 591 1187 624 Qui
1204 591 1237 618 de
1265 591 1319 618 Deo
1346 592 1450 626 aliquid
1479 593 1570 620 dicere
1588 594 1627 621 vel
1640 595 1736 621 audire

946 637 1011 668 vult,
1025 638 1050 664 ei
1068 637 1143 664 clare
1164 637 1304 665 sciendum
1319 639 1399 666 estin
1413 639 1467 665 Deo
1478 639 1543 666 etin
1560 639 1734 667 Providentia

945 691 995 710 nec
1010 684 1100 710 omnia
1111 691 1172 710 esse
1186 684 1343 717 ineﬂabilia,
1357 693 1408 712 nec
1420 686 1510 712 omnia
1522 685 1652 717 ell'abilia,
1664 687 1735 713 sicut

943 736 995 756 nec
1008 730 1098 756 omnia
1117 730 1235 762 scibilia,
1248 738 1299 758 nec
1313 731 1403 758 omnia
1421 731 1573 759 nescibitia.
1587 732 1640 759 Sed
1651 740 1732 767 supra

943 783 1096 803 sermonem
1108 783 1169 803 es-se
1181 777 1283 803 scimus
1305 785 1475 812 quascunque
1486 778 1519 805 de
1533 778 1587 805 Deo
1598 778 1733 812 dicimus;

942 822 1043 856 quippe
1069 830 1129 856 qua:
1152 824 1359 857 supereminent
1386 832 1539 851 sermonem
1563 825 1629 860 (non
1660 825 1733 852 enim

943 874 1019 896 extra
1032 876 1186 896 sermonem
1214 874 1278 896 sunt
1294 875 1404 904 propter
1430 871 1578 903 defectum,
1596 871 1642 898 sed
1655 876 1732 898 extra

942 922 1096 942 sermonem
1127 915 1272 950 nostrum),
1305 923 1385 949 quem
1412 916 1490 944 nobis
1516 917 1582 951 ipsis
1609 917 1731 944 intimqu

943 961 1084 993 habemus,
1101 965 1127 988 et
1149 969 1228 994 quem
1241 969 1256 988 a
1274 962 1410 989 nobisinet
1424 963 1457 988 ad
1473 963 1589 990 aliorum
1605 963 1730 989 auditum

942 1007 1116 1042 proferimus.
1144 1007 1212 1035 Nam
1229 1015 1316 1042 neque
1339 1009 1383 1034 hic
1406 1008 1496 1035 divina
1523 1008 1730 1047 interpretando

941 1053 1089 1088 explanare
1103 1058 1202 1088 potest,
1219 1061 1269 1081 nec
1282 1054 1325 1081 ille
1339 1055 1423 1081 multa
1434 1061 1516 1089 opera
1529 1057 1636 1082 enitens
1652 1055 1731 1081 intel-

941 1100 1024 1135 ligere
1051 1101 1132 1127 valet.
1155 1109 1164 1125 ι
1181 1099 1240 1128 Non
1267 1100 1348 1134 igitur
1378 1101 1456 1128 nobis
1475 1101 1542 1135 ipsis
1571 1101 1729 1136 permittere

941 1147 1071 1174 debemus
1087 1152 1116 1174 ut
1135 1148 1238 1182 aliquid
1253 1148 1377 1176 dicamus
1391 1148 1426 1174 de
1452 1148 1517 1180 Deo,
1529 1150 1575 1174 sed
1595 1155 1644 1176 nos
1658 1148 1731 1182 ipsos

941 1193 1098 1228 permittere
1118 1193 1245 1221 debemus
1272 1193 1306 1221 iis
1324 1194 1370 1228 qui
1394 1194 1421 1221 in
1449 1194 1547 1228 spiritu
1575 1194 1730 1228 spiritualia

941 1237 1098 1272 loquuntur,
1114 1238 1198 1266 etiam
1222 1239 1330 1274 quando
1357 1239 1491 1266 rationem
1515 1243 1667 1272 exposcunt
1681 1238 1730 1265 ad-

939 1284 1067 1312 versarii.

975 1331 1022 1359 81.
1045 1331 1148 1359 Dicitur
1178 1333 1342 1366 inscriptum
1369 1330 1496 1358 luissein
1526 1336 1602 1366 porta
1629 1331 1731 1360 schola

939 1377 1060 1404 Platonis
1083 1386 1090 1405 :
1123 1386 1131 1403 ι
1154 1377 1241 1404 Nemo
1267 1377 1350 1404 intret
1376 1378 1535 1411 geometriae
1562 1377 1685 1411 ignarus.
1717 1386 1727 1403 ι

938 1423 1066 1450 Omnino-
1086 1431 1175 1450 autem
1199 1424 1353 1458 geometriae
1387 1423 1497 1457 ignarus
1528 1429 1580 1454 est,
1607 1423 1653 1456 qui
1676 1430 1730 1450 nou

938 1471 1028 1501 potest
1041 1467 1074 1494 de
1087 1467 1210 1494 indivisis
1222 1468 1291 1495 sicut
1302 1467 1397 1494 divisis
1411 1467 1530 1501 cogitare
1541 1472 1569 1494 et
1581 1468 1728 1494 disserere.

939 1512 1004 1539 Nam
1021 1513 1165 1539 terminum
1188 1513 1290 1547 absque
1313 1514 1455 1540 terminato
1486 1513 1653 1547 impossibile
1677 1518 1728 1540 est.

938 1557 1091 1585 Geometria
1107 1558 1238 1585 autcmde
1253 1559 1379 1585 terminis
1392 1557 1448 1585 fere
1461 1566 1568 1593 semper
1582 1559 1702 1593 loquitur
1719 1567 1728 1586 :

939 1604 985 1638 qui
1012 1604 1093 1631 etiam
1109 1604 1214 1639 absque
1233 1605 1386 1632 terminatis
1404 1605 1550 1639 aliquando
1576 1606 1602 1631 in
1631 1605 1731 1639 seipsis

939 1650 1104 1677 detiuiunlur
1129 1655 1157 1677 ct
1189 1657 1388 1685 proponuntur.
1415 1651 1555 1678 intellectu
1584 1651 1726 1679 dividente

939 1696 1125 1723 indivisibilia.
1149 1697 1201 1729 Qui
1224 1703 1314 1724 autem
1337 1705 1438 1732 corpus
1453 1705 1466 1724 a
1484 1697 1730 1724 circumstantitnts

939 1742 1003 1770 illud
1017 1743 1101 1770 nescit
1116 1743 1286 1775 abstrahere.
1302 1745 1439 1778 quomodo
1454 1744 1586 1778 intelligat
1602 1747 1729 1771 naturam

938 1789 964 1817 in
980 1790 1070 1824 seipsa
1093 1796 1254 1824 respectant,
1274 1798 1334 1825 (μιν
1348 1790 1460 1824 quidem
1477 1799 1528 1817 non
1545 1791 1634 1818 solum
1649 1798 1730 1825 sepa-

939 1836 993 1863 rari
1015 1837 1107 1870 nequit
1122 1843 1137 1863 a
1157 1838 1325 1864 naturalibus
1351 1838 1450 1872 quibus
1477 1841 1584 1865 constat
1603 1839 1728 1872 proprie-

939 1881 1049 1914 tatibus,
1065 1882 1112 1908 sed
1131 1890 1271 1917 nunquam
1293 1891 1353 1910 esse
1371 1884 1531 1917 potestsiue
1550 1883 1636 1918 ipsis?
1654 1884 1728 1916 Quo-

938 1927 1019 1954 modo
1053 1928 1184 1963 intelliget
1211 1929 1392 1963 proprietates
1417 1929 1502 1956 totius
1528 1936 1590 1956 eSse
1616 1929 1729 1955 easdem

937 1980 1019 2007 quam
1046 1973 1160 2005 partium
1184 1974 1378 2008 proprietates,
1408 1978 1435 2001 et
1465 1974 1524 2001 solo
1547 1973 1684 2000 interiectu
1699 1979 1729 2001 et

937 2025 1062 2046 sermone
1091 2018 1125 2045 ab
1153 2019 1195 2046 his
1224 2019 1373 2053 distingui;
1397 2024 1426 2047 et
1452 2024 1516 2046 ante
1543 2019 1729 2055 pluralitatem

936 2064 1061 2098 cogitari.
1076 2072 1135 2099 qua:
1157 2067 1217 2092 sine
1233 2065 1389 2099 pluralitate
1406 2073 1545 2099 nunquam
1571 2070 1636 2092 sunt
1660 2073 1728 2093 vero

937 2111 1079 2137 sermone?
1095 2110 1235 2144 Quomodo
1249 2112 1382 2144 intelliget
1395 2111 1430 2139 de
1455 2111 1678 2146 intelligibilihus
1697 2116 1728 2140 et

936 2156 1184 2189 iutellectualibus,
1223 2157 1378 2192 quomodo,
1413 2157 1542 2192 inquam,
1574 2157 1726 2192 intelliget,

91 2204 282 2240 διανοήματα,
308 2205 355 2232 καὶ
375 2205 429 2232 τῶν
453 2204 644 2240 διανοημάτων
674 2204 789 2231 ἕκαστον
807 2205 885 2240 ἡμῶν

941 2198 1060 2230 dicentes
1088 2203 1188 2237 cuique
1216 2209 1338 2231 nostrum
1371 2204 1464 2231 inesse
1489 2203 1670 2236 intellectum,
1697 2209 1726 2231 et
1757 2227 1764 2231 ς

92 2250 231 2285 ὑπάρχειν
249 2249 307 2283 νῦν,
325 2250 373 2278 καὶ
387 2251 418 2277 οὒ
435 2250 619 2284 καταγελάσει
633 2250 680 2277 καὶ
690 2250 885 2285 ὰνακράξεται,

91 2297 259 2333 κατηγορῶν
276 2297 365 2332 ἡμῶν,
391 2297 429 2329 ὡς
451 2297 498 2323 δύο
525 2297 572 2323 καὶ
594 2297 707 2328 πολλοὺς
731 2297 804 2331 ἔχειν
824 2296 887 2328 νοῦς

90 2344 230 2378 λεγόντων
248 2344 364 2371 ἕκαστον
379 2343 549 2379 ἀνθρὼπων;
571 2341 600 2370 Ὀ
612 2343 640 2369 δὲ
662 2343 708 2369 ἐπὶ
730 2343 785 2369 τῶν
800 2343 887 2370 τοιού-

89 2399 150 2417 των
167 2391 204 2425 μὴ
218 2390 367 2425 δυνάμενος
384 2390 496 2416 ἀκούειν
511 2391 527 2424 ἢ
541 2389 641 2424 λέγειν,
655 2389 719 2424 περὶ
730 2389 784 2415 τῶν
798 2389 887 2416 ἀδιαι-

93 2436 185 2470 ρέτων
201 2435 238 2466 ὡς
257 2435 441 2471 διῃρημένων,
457 2435 516 2467 πῶς
530 2435 577 2462 ἐπὶ
589 2435 636 2462 τοῦ
657 2435 725 2462 Θεοῦ
742 2435 886 2470 δυνήσεταί

89 2489 119 2507 τι
134 2481 285 2517 τοιοῦτονῆ
302 2481 392 2515 λέγειν
407 2483 423 2518 ἢ
448 2481 641 2515 διδάσκεσθαι;
665 2482 723 2516 Ἐφ’
738 2478 769 2508 οὗ
791 2481 886 2508 πολλαὶ

92 2529 148 2562 μέν
169 2529 222 2555 εισι
246 2529 293 2554 καὶ
309 2527 435 2562 λέγονται
458 2527 569 2560 ἐνώσεις
595 2537 624 2554 τε
653 2528 700 2555 καὶ
723 2528 884 2563 διακρίσεις,

90 2574 169 2601 κατὰ
194 2575 257 2606 τοὺς
274 2574 428 2608 θεολόγους·
451 2574 508 2601 ἀλλ’
526 2576 554 2601 al
576 2574 687 2607 ὲνώσεις
707 2575 760 2601 τῶν
781 2574 886 2610 διακρί-

91 2629 169 2647 σεων
190 2620 380 2655 ἐπικρατοῦσι,
406 2620 453 2648 καὶ
472 2621 710 2656 προκατάρχουσι-
729 2620 793 2656 μήτ’
807 2621 885 2647 ἀναι-

92 2666 196 2702 ροῦσαι
217 2666 330 2698 ταύτας,
351 2666 416 2702 μήτ’
441 2667 652 2702 ἐμποδιζόμεναι
682 2667 758 2702 παρὰ
783 2666 886 2693 τούτων

89 2710 180 2740 αὗται
203 2712 296 2748 μηδέν.
313 2713 344 2739 Οἱ
372 2712 437 2746 γοῦν
452 2713 568 2740 ἐναντίοι
592 2713 630 2748 μὴ
645 2714 796 2749 δεχόμενοι,
820 2713 886 2749 μηδὲ

89 2759 244 2794 δυνάμενοι
255 2759 368 2793 γνῶναι,
383 2759 431 2794 τὴν
447 2760 493 2786 ἐπὶ
508 2759 554 2786 τοῦ
569 2759 636 2786 Θεοῦ
653 2760 805 2795 ἀδιαίρετον
819 2759 886 2786 διαί-

91 2813 186 2841 ρεσιν,
213 2805 259 2831 καὶ
276 2804 445 2840 διῃρημένην
460 2805 557 2832 ἕνωσιν
576 2805 720 2838 ἀκούοντες
736 2807 813 2842 ἡμῶν
840 2806 883 2832 λε-

93 2854 202 2889 ίόντων
218 2853 372 2891 συμφώνως
391 2853 447 2885 τοῖς
467 2853 563 2888 ἁγίοις,
582 2854 623 2880 ὃτι
640 2854 686 2881 τοῦ
703 2855 770 2882 θεοῦ
790 2855 820 2882 τὸ
835 2857 885 2891 μέν

939 2249 1130 2282 οοεῐιςιιὶοηες,
1152 2254 1179 2276 ct
1204 2250 1414 2284 cogitationibus
1438 2257 1574 2285 quemque
1603 2255 1729 2276 nostrum

936 2293 991 2328 jmu
1011 2303 1083 2321 lttlltC
1100 2295 1258 2329 imperare?
1277 2303 1366 2322 nomle
1381 2296 1506 2322 irridebit
1522 2301 1548 2322 et
1565 2295 1730 2328 clamitabit,

938 2341 1108 2374 exprobrans
1126 2341 1204 2368 nobis
1218 2341 1289 2376 quod
1307 2342 1361 2368 duo
1376 2342 1416 2369 vel
1434 2343 1525 2376 plures
1539 2343 1662 2370 dicamus
1678 2342 1728 2368 ho-

937 2386 1002 2412 mini
1015 2393 1078 2414 esse
1093 2383 1267 2415 intellectus?
1283 2387 1333 2421 Qui
1352 2396 1432 2422 porro
1449 2389 1475 2415 in
1500 2388 1654 2423 huiusmodi
1672 2396 1730 2416 non

938 2437 1027 2467 potest
1045 2433 1149 2460 sentire
1163 2439 1209 2460 aut
1224 2434 1296 2468 loqui
1312 2435 1345 2462 de
1361 2435 1488 2463 tudivisis
1512 2440 1641 2470 tauquam
1658 2435 1727 2462 divi-

936 2479 985 2510 sis,
1002 2479 1139 2512 quomodo
1166 2479 1192 2506 in
1221 2480 1277 2507 Deo
1303 2481 1411 2515 poterit
1441 2481 1543 2516 aliquid
1562 2484 1613 2509 tate
1632 2482 1723 2508 dicere

936 2529 982 2550 aut
997 2524 1128 2552 discere?
1159 2525 1186 2552 In
1209 2534 1241 2553 co
1258 2526 1331 2554 enim
1348 2528 1441 2556 multa:
1456 2533 1520 2554 sunt
1543 2533 1571 2554 et
1598 2528 1726 2555 dicuntur

937 2570 1056 2597 uniones
1072 2576 1099 2598 et
1114 2571 1274 2604 divisiones,
1287 2573 1365 2606 juxta
1383 2573 1537 2608 theologos;
1550 2575 1596 2600 sed
1611 2574 1725 2600 uniones

937 2615 1121 2644 divisionibus
1148 2622 1279 2651 praestant
1303 2623 1330 2645 et
1350 2619 1527 2650 anteocduut,
1556 2627 1645 2654 neque
1673 2619 1724 2647 has

937 2662 1072 2695 tollentes,
1098 2672 1187 2699 neque
1205 2665 1239 2692 ab
1256 2665 1299 2692 his
1318 2666 1381 2701 ipsa:
1399 2665 1556 2693 nullatenus
1572 2666 1717 2701 impeditae.

938 2709 1008 2743 Ergo
1039 2709 1209 2743 adver-arii,
1239 2713 1284 2746 qui
1315 2719 1368 2740 non
1397 2716 1511 2746 possunt
1548 2719 1597 2738 nec
1625 2711 1715 2738 valent

937 2757 1127 2790 intelligcrcin
1146 2757 1200 2786 Deo
1216 2758 1360 2786 indivisam
1381 2759 1540 2785 divisionem
1557 2763 1584 2785 ct
1609 2758 1723 2786 divisam

936 2804 1076 2835 unionem,
1111 2813 1172 2831 cum
1195 2813 1245 2832 nos
1271 2806 1519 2832 muliuntconsoue
1541 2806 1644 2832 sanctis
1675 2806 1712 2832 di-

936 2858 1028 2882 centes
1059 2854 1085 2881 in
1103 2855 1156 2882 Duo
1171 2853 1241 2882 aliud
1264 2862 1323 2882 esse
1345 2854 1476 2882 ueseibile
1495 2858 1522 2882 ct
1532 2853 1604 2882 aliud
1621 2852 1717 2881 Sciblle
