1947 3072
206 141 271 173 1191

826 141 849 170 ί]
858 140 1021 170 REGORII
1053 140 1177 170 PALAM
1186 141 1215 169 .1",

1764 145 1834 177 1192

204 205 257 231 que
273 203 323 223 nec
339 197 422 224 Deus.
436 196 506 232 Ergo
521 196 647 223 distincta
661 201 701 223 est
718 204 734 222 a
747 195 837 223 divina
851 196 984 223 voluntate

1042 199 1153 233 Θεον,ῆ
1185 199 1223 234 μὴ
1260 197 1328 226 εἶναι
1355 199 1467 234 ἀγαθὸν,
1493 199 1592 226 ταυτὸν
1614 200 1637 226 δ’
1662 201 1749 228 εἰπεῖν
1770 203 1833 229 οὐδὲ

203 244 386 278 praescientia,
405 251 470 278 ergo
485 247 514 271 et
531 248 645 278 utraque
659 251 674 270 a
695 243 786 270 divina
804 243 936 270 essentia.

242 378 302 405 101.
323 378 351 405 Si
380 378 481 404 trullam
501 378 573 405 inter
588 386 617 406 se
643 378 761 406 habeant
789 379 988 407 distinctionem

205 426 303 452 divinae
316 425 499 458 uperationes,
514 425 617 453 creatio
630 425 712 459 igitur
724 433 737 452 a
750 426 919 459 praescientia
935 434 988 453 non

203 473 255 499 erit
269 473 409 499 distincta.
429 472 467 498 Ac
483 472 596 506 proinde
613 473 676 507 quia
695 473 765 499 Deus
781 474 862 507 rcepit
883 481 988 506 creare,

201 525 266 552 ergo
281 522 309 545 et
330 519 455 551 praescire
471 518 562 552 coepit.
577 518 610 544 Et
633 518 770 552 quomodo
786 519 856 545 Deus
877 523 929 551 est,
943 519 988 554 qui

201 573 255 591 non
271 565 361 590 omnia
379 571 442 591 ante
458 565 556 592 sarcula
568 565 722 599 pra‘scivitl
967 576 970 578 τ

237 610 300 637 102.
318 610 346 636 Si
360 610 428 637 nihil
444 611 571 637 distinctu
600 611 636 637 sit
655 618 669 636 a
694 610 787 638 divina
818 613 987 646 prazscientia

201 657 317 683 creatrix
331 657 376 683 Dei
388 658 518 691 operatio,
535 658 692 689 prmscienti
714 665 812 685 cotevaa
822 663 903 685 erunt
913 667 990 686 crea-

203 706 284 734 turae,
302 701 335 728 ab
351 706 453 729 aeterno
468 708 588 735 creatae;
606 711 668 729 nam
685 703 731 730 ille
743 705 776 730 ab
789 708 892 730 aeterno
908 712 989 730 crea-

202 752 251 780 ret,
267 748 331 782 quia
349 753 376 774 et
390 748 446 782 ipse
463 748 496 775 ab
523 753 624 776 aeterno
652 750 770 783 praescit,
786 755 813 777 et
840 751 965 784 praescita
978 771 986 784 ,

203 794 237 820 ab
255 798 356 821 aeterno
370 794 555 829 praesciunlur.
565 795 598 820 At
607 796 741 829 quomodo
751 801 823 823 esset
836 795 917 830 Deus,
928 804 988 824 cum

202 839 260 875 ejus
281 847 362 875 Opera
380 841 436 875 ipso
454 842 602 875 posteriora
619 849 672 869 non
688 842 803 870 essent?

241 977 302 1005 103.
329 978 357 1004 Si
375 978 489 1006 minime
504 978 634 1006 distincta
659 979 694 1006 sit
716 987 731 1006 a
747 979 794 1007 Dei
819 981 988 1016 praescientia

200 1024 320 1051 creatrix
347 1025 480 1059 operatio,
500 1026 603 1053 creatio
627 1034 680 1053 non
704 1027 826 1062 subiacet
841 1027 987 1062 voluntati,

201 1076 264 1096 cum
282 1069 319 1096 sit
334 1069 450 1104 ipsamet
477 1071 669 1104 praaseientia;
686 1079 736 1098 nec
760 1072 899 1100 voluntate
914 1077 989 1100 creat

201 1116 283 1148 Deus.
301 1116 349 1144 sed
372 1117 430 1144 sola
444 1121 551 1144 natura.
570 1117 603 1144 Et
618 1118 754 1152 quomodo
767 1118 849 1153 Deus,
868 1121 915 1154 qui
928 1122 988 1149 sine

201 1163 341 1189 voluntate
359 1162 489 1190 crearet?

235 1208 298 1235 104.
317 1208 387 1235 Dens
398 1213 440 1236 cst
457 1211 514 1244 ipse
534 1210 559 1236 in
581 1210 684 1244 seipso,
699 1211 764 1245 quia
785 1215 841 1238 tres
864 1218 987 1246 persome

201 1254 390 1281 counaturales
410 1260 437 1281 et
454 1260 597 1282 coactat-nte
620 1257 670 1284 sibi
689 1256 802 1284 invicem
819 1262 892 1289 sunt,
909 1262 935 1284 et
958 1265 988 1285 se

201 1299 316 1326 invicem
331 1301 389 1327 sitte
405 1301 595 1328 commistione
624 1307 838 1336 compenetrant.
857 1303 885 1329 In
899 1304 988 1330 omni-

201 1345 250 1372 bus
266 1351 355 1372 autem
372 1351 414 1373 est
429 1346 509 1379 Deus,
524 1352 552 1374 et
577 1348 670 1374 omnia
687 1348 714 1374 in
732 1355 777 1380 eo,
795 1348 853 1382 ipse
871 1348 983 1382 quidem

201 1398 230 1418 III.
249 1399 426 1424 conservans,
445 1394 502 1420 haec
513 1401 578 1421 vero
590 1398 619 1420 ut
635 1400 795 1422 ςοιιεειτνιιιει
816 1403 824 1423 Ζ
842 1403 909 1428 ergo
919 1403 985 1422 (2011-

201 1441 376 1466 servatricem
409 1439 454 1467 Dei
484 1432 688 1474 operationem,
713 1445 740 1468 et
764 1449 816 1468 non
839 1442 985 1468 essentiam

199 1485 290 1511 omnia
303 1485 479 1519 participant.
496 1485 587 1519 Itaque
599 1486 717 1521 theologi
735 1488 921 1520 operationem
937 1487 984 1515 Dei

200 1535 299 1558 vocant
317 1531 402 1566 ipsam
419 1531 479 1567 ejus
500 1532 601 1567 ubique
619 1534 805 1567 praesentiam.

235 1620 297 1648 105.
318 1619 453 1647 Praeterea
468 1621 513 1653 qui
540 1620 594 1648 Deo
609 1621 717 1655 placent
736 1627 764 1649 et
783 1622 848 1650 illud
863 1623 896 1649 ad
913 1624 984 1658 quod

202 1665 265 1692 I'ucti
290 1669 354 1692 sunt
373 1665 524 1699 possident,
552 1666 577 1692 id
604 1672 656 1698 est,
683 1667 891 1700 deiﬁeationem,
909 1668 985 1702 juxta

200 1710 287 1737 Putris
304 1711 432 1743 enatum;
452 1721 461 1736 ι
480 1711 520 1738 Ad
540 1711 591 1738 hoc
617 1719 667 1739 nos
689 1712 755 1739 fecit
772 1713 853 1746 Deus,
875 1719 904 1741 ut
921 1722 987 1742 con-

199 1763 287 1784 SIIPICS
314 1757 414 1784 Iaceret
432 1757 549 1792 propria}
575 1758 745 1792 divinitatis;
767 1768 776 1783 ι
798 1760 835 1787 illi
853 1759 933 1795 igitur
959 1761 984 1787 in

200 1803 253 1830 ι)υο
268 1807 372 1830 suntut
385 1803 419 1830 ab
436 1811 468 1830 eo
485 1804 612 1834 tleillcati.
624 1809 651 1830 et
675 1804 749 1832 Deus
765 1812 805 1833 est
831 1807 857 1833 in
878 1807 942 1841 ipsis
957 1812 985 1834 ιιι

200 1858 246 1877 eos
260 1850 398 1878 deilicans.
424 1849 496 1885 Ergo
510 1855 538 1877 et
565 1851 617 1886 ipsi
638 1851 758 1879 divittant
783 1854 984 1887 operationem,

199 1897 262 1924 licet
279 1897 331 1924 alio
349 1897 438 1928 modo.
452 1898 500 1925 sed
514 1905 565 1925 non
582 1899 731 1926 essentiam
751 1901 796 1927 Dei
810 1901 983 1935 participant.

199 1942 292 1976 Itaque
304 1943 421 1978 theologi
441 1943 610 1971 divinitatem
627 1952 690 1972 esse
705 1946 802 1973 divinae
818 1947 984 1982 operationis

199 1997 296 2017 nomen
309 1991 411 2017 dicunt.

234 2082 296 2109 106.
322 2082 434 2110 Omnem
453 2082 661 2117 supereminens
678 2085 824 2112 essentiam
845 2086 984 2121 vitamque

199 2128 408 2156 etdtvinitatem
430 2134 511 2163 atque
537 2129 685 2156 bonitatem
712 2136 820 2164 natura,
847 2137 983 2165 quatenus

201 2175 349 2202 bonitatem
363 2183 394 2202 ac
405 2175 573 2203 divinitatem
589 2181 616 2203 et
627 2176 679 2203 alia
689 2176 846 2211 Itnjusmodi
860 2184 982 2212 superat,

1041 243 1118 270 Θεόν.
1134 245 1263 280 Διαφέρει
1291 245 1437 280 τοιγαροῦν
1465 245 1515 280 τῆς
1546 245 1621 277 θείας
1645 246 1784 280 θελήσεως
1814 249 1830 283 ἡ

1041 290 1208 325 πρόγνωσις,
1234 291 1334 319 οὐκοῦν
1353 292 1400 318 καὶ
1419 292 1468 327 τῆς
1493 291 1569 324 θείας
1588 292 1683 324 οὐσίας
1711 293 1830 330 ἑκατέρα

1039 336 1153 366 τούτων.

1075 381 1127 414 pa’.
1143 383 1174 409 Et
1191 383 1229 418 μὴ
1245 384 1313 419 πρὸς
1327 385 1442 420 ἀλλήλας
1463 386 1553 420 ἔχουσι
1567 386 1699 422 διαφορὰν
1711 387 1739 415 αι
1754 386 1828 416 θεῖαι

1038 426 1174 461 ἐνέργειαι
1183 447 1190 459 ,
1200 428 1247 453 καὶ
1258 428 1287 454 τὸ
1294 429 1460 463 δημιουργὸν
1471 431 1562 457 λοιπὸν
1572 431 1618 457 τοῦ
1629 433 1830 466 προγινώσκειν

1038 472 1068 498 οὐ
1084 472 1245 508 διενήνοχεν·
1263 474 1324 500 ἐπεὶ.
1334 472 1381 501 οὖν
1396 475 1498 510 ἤρξατό
1511 485 1576 502 ποτε
1593 476 1683 509 ὁΘεὸς
1698 478 1830 515 δημιουρ-

1039 518 1097 550 γεῖν
1124 519 1172 544 καὶ
1205 519 1415 553 προγινώσκειν,
1443 521 1545 556 ἡρξατυ
1568 522 1671 549 λοιπόν.
1688 523 1743 550 Καὶ
1769 525 1829 556 πῶς

1038 563 1114 594 Θεὸς,
1131 563 1146 589 ὁ
1159 563 1196 598 μὴ
1212 564 1265 599 πρὸ
1283 563 1389 591 αἰώνων
1405 566 1440 592 τὰ
1455 566 1543 593 πάντα
1557 567 1687 602 προειδώς
1701 576 1710 600 ;

1074 609 1125 644 ρβ¹.
1145 610 1176 636 Ei
1193 611 1275 645 μηδὲν
1299 611 1425 647 διαφέρει
1441 612 1492 646 τῆς
1510 613 1586 644 θείας
1607 613 1790 649 προγνώσεως
1811 616 1827 649 ἡ

1038 656 1085 681 τοῦ
1101 655 1168 682 Θεοῦ
1181 656 1367 692 δημιουργικὴ
1393 657 1529 692 ἐνέργεια,
1548 660 1582 693 τῇ
1610 659 1765 693 προγνώσει
1780 661 1828 687 τοῦ

1038 701 1107 728 Θεοῦ
1122 701 1260 736 σύνδρομα
1274 702 1350 729 ἔσται
1373 702 1408 729 τὰ
1432 703 1672 739 δημιουργήματα,
1695 705 1828 740 δημιουρ-

1039 746 1160 781 γούμενα
1175 747 1312 781 ἀνάρχως,
1327 748 1366 779 ὡς
1380 748 1507 783 ἀνάρχως
1524 749 1607 775 αὑτοῦ
1626 750 1828 785 δημιουργοῦν-

1038 800 1092 825 τος,
1109 793 1168 819 ἐπεὶ
1181 793 1227 819 καὶ
1239 793 1365 828 ἀνάρχως
1378 793 1460 825 αὐτός
1474 803 1503 820 τε
1519 794 1714 829 προγινώσκει,
1731 797 1778 823 καὶ
1795 796 1829 823 τὰ

1040 839 1283 874 προγινωσκόμενα
1300 839 1426 874 ἀνάρχως
1445 840 1674 874 προγινώσκεται.
1696 842 1752 868 Καὶ
1768 843 1828 874 πῶς

1039 885 1114 916 Θεὸς,
1145 884 1200 910 τῶν
1237 885 1398 920 ποιημάτων
1429 885 1512 912 αὐτοῦ
1540 885 1672 922 μηδαμῶς
1705 887 1828 923 ὑστέρων

1038 930 1122 957 ὄντων
1135 938 1143 963 ;

1076 974 1127 1011 ργ’.
1143 976 1174 1002 EI
1190 975 1273 1010 μηδὲν
1285 975 1406 1012 διαφέρει
1424 976 1473 1011 τῆς
1489 977 1537 1003 τοῦ
1555 977 1622 1003 Θεοῦ
1646 978 1829 1012 προγνώσεως

1038 1022 1055 1056 ἡ
1073 1021 1254 1057 δημιουργικὴ
1272 1022 1408 1057 ἐνέργεια,
1429 1024 1490 1049 οὐδὲ
1511 1023 1543 1049 τὺ
1559 1023 1744 1059 ’δημιουργεῖν
1761 1025 1828 1050 ὑπό-

1040 1075 1127 1093 κειται
1150 1066 1261 1101 θελήσει
1273 1075 1280 1081 ·
1297 1067 1359 1093 ἐπεὶ
1382 1067 1412 1094 δὲ
1431 1068 1447 1103 ὴ
1463 1068 1628 1103 πρόγνωσις,
1648 1069 1708 1095 οὐδὲ
1727 1069 1767 1104 τῷ
1782 1070 1830 1095 θέ-

1039 1113 1096 1140 λειν
1117 1113 1281 1149 δημιουργεῖ
1292 1113 1368 1146 Θεὸς,
1399 1113 1467 1141 ἀλλὰ
1492 1115 1523 1140 τὸ
1549 1115 1702 1148 πεφυκέναι
1727 1116 1826 1149 μόνον·

1039 1159 1087 1186 καὶ
1103 1159 1162 1190 πῶς
1176 1159 1252 1191 Θεὸς,
1266 1160 1279 1185 ὁ
1290 1159 1425 1194 θελήσεως
1439 1160 1614 1195 δημιουργῶν
1631 1161 1715 1195 χωρίς
1730 1170 1737 1193 ;

1076 1204 1123 1240 ρδ’.
1141 1205 1170 1230 '0
1188 1204 1253 1236 Θεὸς
1270 1204 1349 1235 αὐτὸς
1379 1205 1429 1238 μέν
1447 1205 1522 1231 ἐστιν
1544 1206 1574 1231 ὲν
1597 1206 1695 1240 ἐαυτῷ,
1717 1206 1756 1237 ὡς
1774 1206 1829 1233 τῶν

1038 1251 1123 1287 τριῶν
1139 1250 1218 1278 θείων
1230 1250 1419 1283 ὕποστάσεων,
1438 1251 1570 1286 ωμφυῶς
1597 1252 1644 1277 καὶ
1659 1252 1753 1283 ἀῑδίως
1767 1253 1827 1286 ἑχο-

1040 1299 1129 1333 μένων
1142 1298 1275 1333 ἀλλήλων,
1290 1298 1338 1324 καὶ
1353 1297 1482 1332 ἁφύρτως
1498 1298 1711 1333 περιχωρουσῶν
1727 1299 1767 1329 είς
1779 1299 1828 1325 ἀλ-

1040 1345 1121 1378 Αή).ας
1132 1351 1140 1359 ⁸
1161 1344 1190 1370 ὲν
1202 1343 1240 1378 τῷ
1253 1343 1335 1370 παντὶ
1345 1343 1374 1369 δέ
1388 1344 1461 1369 ἐστιν
1480 1344 1493 1371 ό
1519 1343 1596 1376 Θεὸς,
1613 1344 1658 1370 καὶ
1673 1344 1704 1370 τὸ
1719 1345 1773 1370 πᾶν
1800 1346 1829 1370 ἑν

1037 1390 1077 1425 τῷ
1090 1390 1159 1425 Θεῷ,
1175 1391 1189 1416 ό
1205 1389 1254 1424 μὲν
1267 1390 1304 1422 ὡς
1316 1389 1448 1424 συνέχων,
1461 1390 1492 1416 τὸ
1504 1390 1532 1416 δὲ
1546 1390 1583 1421 ὡς
1599 1390 1644 1416 ὑπ’
1657 1391 1740 1417 αὑτοῦ
1763 1399 1829 1417 συν-

1038 1436 1187 1471 εχόμενον’
1207 1436 1305 1463 οὐκοῦν
1325 1436 1373 1463 καὶ
1404 1437 1453 1471 τῆς
1482 1437 1645 1471 συνεπικῆς
1669 1437 1825 1472 ἐναργείας,

1037 1482 1095 1509 ἀλλ’
1111 1481 1172 1516 οὐχὶ
1198 1481 1249 1516 τῆς
1271 1482 1364 1513 οὐσίας
1383 1482 1417 1509 τὰ
1436 1482 1525 1508 πάντα
1555 1483 1662 1517 μετέχει
1677 1483 1723 1509 τοῦ
1747 1483 1829 1511 Θεοῦ.

1038 1528 1120 1556 Ταῦτ’
1140 1528 1194 1564 ἄρα
1220 1528 1267 1555 καὶ
1294 1529 1318 1555 οῑ
1353 1528 1473 1562 Θεολόγοι
1503 1529 1643 1564 ὲνέργειάν
1671 1537 1737 1563 φασι
1761 1529 1830 1556 θεοῦ

1038 1572 1119 1606 εῖναι,
1135 1575 1164 1600 τὸ
1183 1572 1253 1600 εἶναι
1267 1574 1361 1600 τοῦτον
1375 1574 1524 1609 πανταχοῦ.
1562 1608 1566 1612 “

1073 1622 1122 1654 ρε⁷.
1140 1619 1194 1646 Καὶ
1209 1620 1231 1645 οἱ
1244 1619 1283 1655 τῷ
1299 1619 1358 1654 Θεῷ
1374 1619 1622 1656 εὖαρεστήσαντες,
1637 1621 1682 1647 καὶ
1700 1621 1748 1647 τοῦ
1759 1621 1795 1647 δι’
1813 1621 1828 1648 ὃ

1038 1666 1169 1699 γεγόνασι
1195 1666 1384 1700 ἐπιτυχόντες,
1402 1666 1525 1692 τουτέστι
1541 1665 1591 1700 τῆς
1619 1665 1756 1698 θεώαεως.
1781 1667 1829 1698 Είς

1040 1711 1120 1738 τοῦτο
1131 1711 1196 1746 γὰρ,
1216 1711 1293 1745 φασὶ,
1317 1712 1468 1745 πεποίηκεν
1493 1712 1566 1746 ἡμᾶς
1586 1711 1600 1737 6
1618 1711 1694 1744 Θεὸς,
1711 1712 1755 1737 ῖνα
1772 1720 1832 1737 κοι-

1038 1756 1138 1788 νωνοὺς
1153 1757 1255 1792 ποιήσῃ
1268 1756 1318 1791 τῆς
1328 1756 1433 1788 οἰκείας
1445 1756 1584 1791 θεότητος,
1598 1758 1645 1784 καὶ
1672 1757 1698 1782 ol
1710 1757 1831 1783 τοιοῦτοι

1037 1801 1127 1828 τοίνυν
1143 1801 1171 1828 ἐν
1188 1801 1226 1836 τῷ
1236 1801 1295 1836 Θεῷ
1305 1802 1375 1828 εἰσιν
1391 1802 1429 1833 ὡς
1440 1801 1486 1828 ὑπ’
1508 1802 1591 1828 αὑτοῦ
1610 1802 1829 1836 θεοποιούμενοι,

1037 1847 1085 1873 καὶ
1100 1847 1113 1872 ὸ
1128 1847 1194 1878 Θεὸς
1219 1847 1248 1873 ὲν
1262 1847 1363 1879 αὐτοῖς,
1379 1848 1417 1879 ὡς
1442 1848 1576 1874 θεοποιῶν
1602 1847 1702 1880 αὐτούς
1737 1849 1825 1875 ἐστιν.

1038 1891 1142 1918 οὐκοῦν
1156 1891 1204 1918 καὶ
1220 1892 1297 1918 αὐτοὶ
1315 1892 1364 1927 τῆς
1386 1892 1463 1924 Θείας
1480 1892 1632 1928 ἐνεργείας,
1650 1894 1674 1919 εί
1696 1893 1746 1919 καὶ
1762 1894 1827 1928 τρό-

1037 1946 1086 1964 πον
1102 1938 1205 1973 ἕτερον,
1228 1937 1287 1965 ἀλλ’
1304 1938 1365 1973 οὐχὶ
1391 1939 1440 1973 τῆς
1471 1939 1566 1968 οὐσίας
1593 1938 1641 1965 τοῦ
1664 1939 1733 1965 Θεοῦ
1760 1949 1829 1973 μετ-

1037 1984 1138 2019 έχουσι.
1162 1983 1208 2010 Διὸ
1239 1984 1287 2011 καὶ
1310 1984 1335 2010 οί
1362 1984 1482 2018 Θεολόγοι
1508 1985 1556 2020 τῆς
1581 1984 1656 2017 οείας
1686 1985 1828 2019 ἐνεργείας

1036 2027 1105 2058 εἶναι
1121 2030 1206 2065 ὸνομα
1218 2029 1267 2066 τὴν
1283 2030 1399 2065 Θεότητά
1411 2038 1504 2064 φασιν.

1075 2086 1130 2122 pg".
1153 2086 1185 2113 Ἦ
1201 2085 1373 2122 ὖπερούσιος,
1389 2086 1437 2113 καὶ
1454 2085 1607 2122 ὑπέρζωος,
1622 2086 1671 2113 καὶ
1682 2087 1826 2121 ὑπέρθεος,

1038 2135 1084 2161 καὶ
1101 2133 1272 2169 ὑπεράγαθος
1287 2133 1378 2168 φύσις,
1425 2132 1598 2168 ὑπεράγαθός
1611 2133 1669 2158 ἐστι
1685 2133 1733 2158 καὶ
1744 2132 1829 2166 ὑπὲρ·

1038 2180 1097 2212 θεος
1125 2181 1173 2207 καὶ
1196 2180 1231 2206 τὰ
1252 2180 1376 2212 τοιαῦτα,
1405 2179 1467 2206 οὔτε
1487 2178 1608 2213 λέγεται,
1624 2177 1688 2204 οὔτε
1714 2179 1827 2207 νοεῖται,

199 2229 248 2249 nec
276 2222 441 2255 nominatur,
469 2229 519 2249 nec
545 2221 716 2256 intelligitur,
745 2231 795 2250 nec
823 2223 878 2250 ullo
902 2225 983 2252 modo

1041 2226 1098 2253 οὔτε
1111 2226 1179 2258 ὅλως
1191 2234 1250 2257 πως
1262 2225 1417 2260 θεωρεῖται,
1427 2225 1471 2251 διὰ
1484 2225 1526 2257 τὸ,
1539 2225 1648 2251 πάντων
1658 2224 1827 2258 ἐξῃρημένη.

199 2268 331 2300 cernitur,
348 2268 412 2302 quia
433 2268 561 2296 omnibus
591 2268 671 2303 longe
688 2274 820 2303 praestans
835 2275 863 2296 et
892 2271 983 2304 ignota

200 2317 252 2344 cst,
270 2318 297 2339 et
323 2314 388 2348 ipsis
410 2314 567 2341 ccelestibus
583 2315 724 2349 spiritibus
739 2316 920 2350 supersedens
941 2317 983 2344 in-

199 2360 433 2393 cotnprehensibili
464 2361 595 2395 potentia,
611 2366 638 2388 et
655 2361 781 2389 omnibus
805 2363 915 2390 omnino
940 2364 984 2390 in-

199 2405 375 2438 iutelligibilis
400 2411 427 2433 et
449 2406 594 2433 itteliabilis
619 2415 737 2442 semper.
766 2407 886 2442 Namque
913 2409 984 2436 illitts

199 2458 250 2477 non
265 2457 306 2477 est
335 2459 433 2478 nomen
460 2453 486 2479 in
505 2453 632 2487 praesenti
663 2453 762 2480 szeculo
778 2454 819 2481 vel
843 2454 870 2480 in
892 2453 984 2482 Iutttro

199 2499 380 2531 nominatum,
403 2506 452 2526 nec
473 2506 564 2526 sermo
591 2499 617 2525 itt
643 2499 732 2525 anima
763 2505 912 2535 conceptus
941 2501 984 2527 vel

199 2546 288 2580 lingua
305 2546 437 2578 prolatus.
455 2553 505 2572 nec
522 2550 611 2572 tactus
630 2550 675 2572 ant
691 2546 830 2579 perceptio
847 2546 983 2573 sensualis

199 2592 238 2618 vel
252 2592 455 2624 intellectualis,
473 2591 527 2617 imo
546 2599 594 2617 nec
614 2590 668 2617 ulla
695 2591 868 2623 imaginutio.
887 2592 983 2626 Itaque

199 2638 316 2670 theologi
332 2637 425 2664 dicunt
441 2637 547 2664 aliinius
563 2645 623 2664 eam
641 2638 732 2664 vocari
748 2637 981 2672 propositionibus

199 2683 394 2718 perfectissime
405 2683 720 2717 ineomprehensihilem,
734 2684 796 2718 quia
808 2684 898 2710 omnia
911 2691 983 2717 qum-

199 2738 303 2766 cunque
329 2735 393 2757 sunt
405 2730 577 2764 aliquatenus
594 2735 657 2757 sunt
671 2731 712 2757 vel
729 2730 857 2757 dicuntur
871 2738 982 2764 supere-

199 2777 333 2804 minentcr
353 2776 468 2810 excedit,
489 2777 525 2803 ita
552 2780 582 2803 ut
595 2775 670 2802 illam
688 2783 722 2803 ne
738 2777 812 2810 justo
829 2776 937 2810 quidem
956 2781 1000 2803 δι’

199 2823 307 2856 proprio
325 2823 435 2849 nomine
451 2824 599 2850 essentiam
614 2828 641 2849 et
657 2827 781 2849 naturam
802 2830 982 2856 nuncupave-

201 2866 235 2892 rit
255 2868 411 2902 quicunque
438 2869 560 2897 veritatis
586 2869 698 2896 veritate
733 2868 807 2895 omni
836 2869 983 2902 superioris

1038 2273 1086 2299 καὶ
1114 2272 1325 2307 ὑπεράγνωστος
1353 2268 1434 2302 εἶναι,
1463 2270 1512 2298 καὶ
1539 2270 1594 2296 τῶν
1620 2270 1828 2304 ὑπερουρανίων

1037 2319 1104 2344 νόων
1119 2317 1322 2352 ὑπεριδρυμὲνη
1340 2315 1520 2352 ἆπεριλήπτῳ
1544 2316 1671 2349 δυνάμει,
1696 2316 1745 2342 καὶ
1759 2315 1827 2340 πΞςι

1037 2365 1124 2399 πάντη
1137 2363 1256 2398 ἄληπτός
1265 2372 1293 2389 τε
1306 2364 1352 2389 καὶ
1368 2363 1488 2398 ἄρρητος
1507 2362 1561 2388 αίεί
1575 2370 1581 2376 ·
1598 2361 1658 2387 οὐδὲ
1672 2360 1729 2394 γὰρ
1741 2360 1828 2394 ὄνομα

1037 2411 1110 2436 ἐστιν
1129 2409 1215 2443 αὐτῆς
1234 2409 1306 2434 κατὰ
1319 2408 1363 2434 τὸν
1378 2407 1426 2434 νῦν
1451 2407 1548 2439 αίῶνα,
1566 2406 1583 2441 ἢ
1600 2406 1671 2432 κατὰ
1693 2406 1740 2431 τὸν
1761 2405 1826 2439 μὲλ-

1035 2455 1113 2482 ).οντα
1130 2454 1342 2490 ὀνομαζόμενον,
1359 2454 1389 2480 οὺ
1417 2453 1496 2487 λόγος
1514 2454 1544 2479 ὲν
1564 2453 1639 2487 ψυχῇ
1661 2452 1828 2485 συνιστάμε-

1034 2511 1088 2533 νος,
1109 2502 1125 2537 ἢ
1149 2501 1192 2527 διὰ
1218 2499 1342 2535 γλώττης
1359 2499 1574 2535 προφερόμενος,
1600 2499 1650 2524 οὐκ
1666 2499 1760 2532 ὲπαφή
1785 2506 1828 2528 τις

1033 2547 1080 2574 καὶ
1092 2547 1201 2583 μέθεξις
1218 2545 1344 2581 αἰσθητὴ,
1364 2545 1380 2580 ἦ
1399 2545 1491 2580 νοερὰ.
1511 2544 1569 2571 ἀλλ’
1594 2544 1656 2571 οὐδὲ
1688 2544 1828 2577 φαντασία

1034 2594 1112 2625 ὅλως.
1127 2593 1173 2619 Διὸ
1188 2593 1212 2619 oi
1228 2592 1348 2626 θεολόγοι
1363 2590 1554 2626 πλησιωτέραν
1575 2590 1645 2625 αὐτῇ
1664 2589 1767 2624 μᾶλλον
1782 2590 1826 2615 τι-

1034 2640 1134 2669 οενται,
1155 2638 1204 2672 τὴν
1228 2637 1262 2664 δι’
1286 2637 1452 2671 ἀποφάσεων
1483 2636 1655 2669 τελεωτάτην
1686 2635 1825 2668 ἀκαταλη-

1032 2685 1107 2720 ψίαν,
1125 2684 1162 2715 ὡς
1190 2683 1280 2710 πάντα
1293 2683 1342 2710 ὅσα
1373 2683 1457 2715 ἐστὶν,
1475 2682 1492 2716 ἢ
1514 2682 1583 2712 ὃλως
1601 2681 1723 2714 λέγεται,
1742 2681 1827 2715 ὑπερο

1031 2730 1130 2765 οχικῶς
1144 2729 1359 2764 ἀφαιρουμένην·
1373 2729 1419 2755 καὶ
1429 2729 1530 2759 τοίνυν,
1544 2727 1598 2754 οὐδ’
1614 2726 1711 2753 οὐσίαν
1725 2727 1823 2761 αὐτὴν,

1033 2776 1049 2811 ἦ
1067 2776 1158 2810 φύσιν,
1173 2775 1307 2809 ὀνομάσαι
1322 2774 1442 2807 θεμιτὸν,
1459 2773 1629 2808 ὀνομάζοντα
1642 2773 1763 2808 κυρίως,
1780 2773 1826 2798 ὃς·

1032 2831 1074 2854 τις
1088 2821 1156 2856 ὑπὲρ
1167 2822 1259 2848 πᾶσαν
1269 2821 1398 2856 ἀλήθειαν
1409 2820 1540 2855 ἀληθείας
1549 2819 1729 2854 ἐπιγνώμων.
1749 2819 1826 2845 Ἐπεὶ

1031 2869 1054 2896 δ’
1069 2867 1145 2899 αὖθις
1159 2868 1268 2894 πάντων
1284 2867 1358 2894 ἐστὶν
1370 2866 1452 2899 αἰτία,
1472 2866 1519 2892 καὶ
1533 2866 1597 2900 περὶ
1615 2865 1702 2900 αὐτὴν
1723 2866 1824 2895 πάντα,
