1947 3072
123 167 191 198 1197

573 163 706 193 CAPITA
727 159 905 194 PEIYSICA,
925 158 1185 192 THEOLOGICA,
1207 156 1286 188 ETC.

1681 157 1747 190 1198

151 216 213 252 ρια’.
233 217 293 243 Ἔτι
309 217 338 243 τό
359 225 431 248 τινος
458 217 583 252 μετέχειν
596 221 656 244 κατ’
681 217 786 249 οὐσίαν,
811 217 903 252 κοινὴν

991 216 1053 243 ill.
1067 216 1190 251 insuper,
1208 216 1279 251 quod
1296 216 1441 251 participat
1467 215 1568 252 aliquid
1598 218 1748 244 second-un.

115 264 220 299 ἀνάγκη
237 263 307 298 μετὰ
323 263 369 290 τοῦ
390 256 573 298 μετεχομένου
585 263 635 298 τὴν
649 263 745 290 οὐσίαν
758 263 841 298 ἔχειν,
856 263 904 290 καὶ

115 310 186 336 κατᾶ
200 318 225 335 τι
239 309 288 344 τὴν
301 309 397 344 αὑτήν.
414 309 462 340 Τίς
477 307 524 336 οὖν
536 309 595 336 ποτ’
610 309 710 345 ἤκουσε
741 309 806 344 μίαν
831 305 902 336 εἴναι

117 355 164 382 τοῦ
177 355 244 382 Θεοῦ
273 355 320 381 καὶ
332 355 410 390 ἡμῶν
437 355 507 382 κατά
520 364 546 381 τι
563 356 612 391 τὴν
625 355 738 387 οὐσίαν;
754 355 801 382 καὶ
817 351 903 382 ταῦτα

118 402 165 428 τοῦ
182 401 301 436 μεγάλου
318 401 458 428 Βασιλείου
473 401 597 434 λέγοντος
611 409 618 417 ’
645 402 677 427 Δί
694 401 743 437 μὲν
766 398 903 436 ἐνέργειαι

117 447 163 473 τοῦ
176 446 243 473 Θεοῦ
259 447 326 480 πρὸς
342 447 413 482 ἡμᾶς
429 446 647 478 καταϐαίνουσιν,
660 447 713 482 ἠδὲ
726 446 805 474 οὐσία
821 446 904 474 αὑτοῦ

121 495 196 528 μένει
211 493 358 528 ἀπρόσιτος
369 501 376 508 ·
392 494 439 520 καὶ
452 493 499 520 τοῦ
515 493 587 520 θείου
598 493 724 529 Μαξίμου
736 493 887 529 φάσκοντος
896 501 904 508 ·

117 539 220 571 Πάντα,
243 539 292 565 ὅσα
305 540 319 566 ό
329 539 407 570 Θεὸς,
424 538 471 564 καὶ
485 539 499 565 ὁ
513 539 557 565 διὰ
568 539 618 574 τῆς
632 539 743 574 χάριτος
766 536 906 575 τεθεωμέ-

114 599 159 623 νος
178 590 264 622 ἔσται,
282 590 367 625 χωρὶς
393 589 444 624 τῆς
460 590 520 617 κατ’
545 591 639 617 οὐσίαν
651 594 826 627 τσυτοτητος.
845 594 903 621 Οὐκ

116 638 168 672 ἄρα
194 637 245 670 τῆς
260 636 335 668 θείας
360 636 454 668 οὐσίας
471 636 559 663 ἔνεστι
584 637 717 672 μετέχειν,
733 638 788 665 οὐδ’
805 639 904 672 αὐτοὺς

116 684 178 714 τοὺς
193 682 238 710 διὰ
259 683 310 718 τῆς
325 682 401 714 θείας
431 683 543 718 χάριτος
564 683 750 717 τεθεωμένους
763 692 770 700 '
792 685 848 720 Τῆς
875 685 903 712 δὲ

117 729 191 760 θείας
203 728 343 763 ἐνεργείας
359 727 446 755 ἔνεστι
470 728 606 764 μετέχειν.
629 728 676 761 Εἰς
692 729 770 756 τοῦτο
796 731 850 766 γάρ
868 738 904 766 με

117 775 196 811 φέρει
211 775 240 801 τὸ
254 775 363 810 μέτριον
376 775 493 802 ἐνταῦθα
507 775 607 809 φέγγος
616 775 667 810 τῆς
682 776 820 811 ἀληθείας,
834 776 904 812 λαμ-

119 821 240 856 πρότητα
252 821 319 848 Θεοῦ
339 821 404 848 ἰδεῖν
426 822 474 848 καὶ
491 821 597 854 παθεῖν,
626 823 709 857 φησὶν
735 824 749 849 ὁ
773 822 904 856 Θεολόγος

117 868 266 903 Γρηγόριος
279 875 286 883 ⁸
301 868 348 894 καὶ
368 868 384 902 ὴ
410 866 570 902 λαμπρόινης
602 868 649 894 τοῦ
671 867 738 895 Θεοῦ
770 869 848 903 ἡμῶν
861 869 904 903 ἐφ’

116 914 190 949 ἡμᾶς
203 914 273 940 κατὰ
287 913 332 939 τὸν
347 912 493 947 ψαλμῳδδν
508 912 653 948 προφήτην
665 921 672 928 ·
689 914 735 940 καὶ
753 914 818 948 μίαν
834 912 905 942 εἶναι

118 959 165 986 τοῦ
184 958 251 986 Θεοῦ
266 960 314 986 καὶ
335 959 389 985 τῶν
403 959 490 992 ἁγίων
521 959 570 993 τὴν
591 959 744 994 ἐνέργειαν,
763 960 777 986 ὸ
802 960 907 993 τούτοις

117 1005 274 1040 ἐναρίθμιος
296 1004 420 1038 Μάξιμος
444 1004 544 1038 γράφει
563 1004 722 1040 διαρρήδην,
739 1006 786 1032 καὶ
815 1006 905 1038 ζώσας

117 1048 224 1082 είκόνας
239 1048 311 1076 εἶναι
340 1049 451 1080 τούτους
463 1049 600 1085 Χριστοῦ,
630 1050 677 1078 καὶ
702 1051 786 1078 ταυτδ
808 1051 909 1087 μᾶλλον

118 1096 192 1131 αὐτῷ
206 1096 278 1123 κατὰ
295 1096 343 1131 τὴν
361 1095 451 1130 χάριν,
468 1095 485 1128 ἢ
500 1094 677 1131 ἀφομοίωμα.

153 1143 216 1178 ριβ’.
238 1143 267 1170 '0
293 1142 360 1174 Θεὸς
373 1142 454 1174 αὑτός
482 1142 557 1169 ἐστιν
580 1143 610 1168 ὲν
633 1141 732 1178 ἑαυτῷ,
753 1143 809 1170 τῶν
821 1142 907 1179 τριῶν

118 1189 199 1216 θείων
222 1188 398 1215 ὺποστάσεων
426 1187 558 1222 φυσικῶς,
588 1188 697 1222 ὑλικῶς,
726 1189 829 1221 ἀῖδίως,
860 1189 907 1215 καὶ

117 1235 328 1269 ἀνεκφοιτήτως,
346 1233 404 1269 ἅμα
415 1234 443 1260 δὲ
457 1234 503 1260 καὶ
517 1233 655 1268 ἅφύρτως,
673 1235 721 1261 καὶ
744 1234 906 1269 ἀσυγχύτως

118 1280 254 1315 ἐχομένων
273 1279 406 1314 ἀλλήλων,
428 1280 474 1306 καὶ
486 1279 700 1315 περιχωρουσῶν
725 1280 764 1311 εἰς
778 1279 907 1315 ἀλλήλας,

117 1326 154 1358 ὡς
175 1326 238 1361 μίαν
261 1323 330 1352 εἶναι
347 1325 449 1351 τούτων
463 1325 508 1351 καὶ
527 1325 576 1360 τὴν
589 1325 741 1360 ἐνέργειαν.
756 1326 847 1361 Ὅπερ
863 1317 908 1352 ἐπ’

117 1371 223 1402 οὐδενὸς
235 1370 267 1398 ἄν
290 1379 332 1402 τις
347 1369 422 1404 εὕροι
435 1369 488 1396 τῶν
509 1370 637 1396 κτιστῶν.
655 1366 767 1405 (Ὁμοία
789 1371 837 1406 μὲν
855 1372 909 1406 γὰρ

118 1417 147 1443 ὲν
165 1418 221 1449 τοῖς
238 1417 409 1452 ὁμογενέσιν,
427 1416 484 1443 ἀλλ’
508 1416 626 1452 ἑκάστης
642 1417 820 1448 ὑποστάσεως
847 1417 908 1444 καθ’

119 1463 218 1498 ἑαυτὴν
234 1461 410 1498 ἐνεργούσης,
438 1461 490 1488 ἰδία
505 1462 552 1488 καὶ
565 1463 582 1498 ἡ
602 1462 751 1497 ἐνέργεια.)
778 1462 835 1489 Οὐκ
850 1462 907 1496 ἔχει

117 1505 145 1532 δὲ
156 1505 242 1537 οὕτως
258 1506 306 1532 ἐπὶ
318 1505 373 1532 τῶν
386 1505 470 1540 τριῶν
484 1504 596 1533 ἐκείνων
623 1504 703 1533 θείων
719 1507 766 1533 καὶ
787 1512 908 1542 προσκυ-

957 263 1114 303 essentiam,
1129 269 1304 290 communem
1329 263 1430 290 habere
1445 263 1524 290 debet
1552 271 1612 291 cum
1640 263 1750 298 partici-

957 313 1021 343 pato
1047 308 1209 339 essentiam,
1238 313 1264 335 et
1294 309 1494 343 quodammodo
1517 310 1652 337 eamdem.
1684 309 1749 342 Quis

958 360 1048 382 autem
1078 352 1198 389 unquam
1225 347 1328 382 audivit
1354 362 1434 382 unam
1448 362 1508 383 esse
1534 355 1589 383 Deo
1615 360 1643 383 et
1670 356 1749 383 nobis

957 401 1159 435 quodammodo
1186 401 1332 428 essentiam
1349 401 1433 429 ‘fcnrn
1455 402 1604 436 praesertim
1635 409 1749 436 magnus

957 447 1029 474 dicat
1045 446 1184 474 Basilius:
1206 456 1214 472 ι
1231 448 1409 482 Oper-titiones
1432 447 1541 481 quidem
1565 446 1613 475 Dei
1636 449 1668 474 ad
1701 454 1749 474 nos

957 492 1136 525 descendunt,
1154 493 1272 521 essentia
1301 500 1367 521 vero
1381 493 1440 528 ejus
1454 498 1546 520 manet
1556 493 1694 521 inaccessa
1712 502 1721 518 ι
1740 501 1748 526 ;

956 543 983 566 et
1013 539 1091 566 divus
1120 539 1274 567 Maximus:
1294 548 1304 565 ‹
1324 538 1411 567 Omne
1437 539 1566 574 quidquid
1597 539 1678 572 Deus,
1698 539 1750 566 erit

956 583 1013 619 ipse
1024 582 1111 620 gratia
1127 582 1270 611 deiﬁcatus
1282 587 1381 618 prater
1392 584 1521 612 essentia:
1535 578 1718 610 identitatem.
1738 592 1746 608 ι

956 630 1015 658 Non
1043 629 1127 665 igitur
1152 629 1270 657 divinam
1291 630 1438 657 essentiam
1467 631 1547 657 datur
1575 629 1748 665 participare.

958 685 990 704 ne
1010 677 1076 712 ipsis
1091 677 1198 712 quidem
1223 677 1314 704 divina
1342 676 1430 712 gratia
1449 676 1590 703 dedicatis.
1616 676 1740 703 Divinam

956 730 1020 750 vero
1041 723 1188 751 essentiam
1207 723 1271 749 licet
1300 723 1484 757 participare:
1505 731 1514 748 ‹
1537 722 1570 749 ad
1598 721 1650 749 hoc
1676 723 1748 749 enim

957 777 999 796 me
1011 776 1082 796 nunc
1097 770 1171 797 ducit
1186 770 1308 797 veritatis
1322 769 1416 803 iubar.
1431 774 1458 796 ut
1477 769 1564 796 lucem
1581 769 1629 796 Dei
1646 769 1750 796 videam

957 820 983 843 et
1007 816 1140 850 experiar,
1161 816 1200 843 ait
1224 817 1373 851 Gregorius
1390 815 1555 851 Theologus,
1580 825 1589 842 ›
1605 815 1638 842 Et
1659 813 1749 842 lumen

960 861 1004 889 Dei
1022 869 1104 896 super
1122 870 1182 894 nos,
1200 863 1277 898 juxta
1300 861 1473 889 Psalmistam
1493 862 1664 896 prophetam.
1683 869 1692 886 ι
1714 861 1749 887 Ει

959 915 1040 934 unam
1057 915 1117 935 esse
1128 907 1174 935 Dei
1188 913 1213 935 et
1229 913 1387 935 sanctorum
1400 908 1595 942 operationem,
1609 907 1747 934 ascribe"-

959 953 1013 980 dus
1041 953 1074 980 ad
1094 954 1144 980 hos
1171 952 1305 980 Maximus
1329 952 1436 987 precise
1462 952 1567 985 sei-ibit,
1581 956 1608 978 et
1625 952 1674 979 hos
1689 959 1749 989 €881;

958 999 1034 1026 vivas
1048 998 1178 1033 imagines
1191 997 1305 1030 Christi,
1321 1002 1348 1025 et
1364 997 1434 1025 idem
1456 998 1546 1032 potius
1560 1004 1620 1024 cum
1638 1003 1672 1024 eo
1688 1004 1750 1024 esse

959 1052 1006 1080 per
1020 1045 1114 1081 gratiae
1131 1045 1370 1072 assimilationem.

996 1133 1057 1160 H2.
1072 1133 1142 1160 Deus
1159 1138 1199 1160 est
1217 1133 1283 1168 lipse
1305 1132 1334 1159 in
1359 1131 1458 1166 seipse.
1476 1131 1538 1166 quia
1556 1137 1612 1159 tres
1628 1138 1750 1167 persona:

960 1186 1097 1214 nunquam
1115 1187 1129 1205 a
1146 1186 1176 1206 se
1192 1179 1308 1206 invicem
1326 1183 1470 1211 exeuntes,
1493 1177 1655 1205 naturaliter
1681 1178 1748 1205 inte-

960 1234 1005 1262 gre
1028 1231 1055 1254 et
1080 1230 1191 1258 aeterne,
1213 1225 1272 1252 sine
1298 1224 1350 1252 ulla
1382 1229 1473 1252 tamen
1500 1224 1693 1252 commistione
1719 1233 1750 1251 ac

959 1272 1117 1300 conlusioue
1131 1279 1160 1300 se
1180 1271 1295 1299 invicem
1318 1276 1533 1306 compenetrant,
1550 1272 1587 1298 ita
1613 1275 1642 1298 ut
1667 1279 1747 1298 unam

961 1319 1077 1346 habeant
1096 1319 1292 1353 operationem.
1316 1311 1401 1351 Quod,
1422 1318 1448 1344 in
1467 1317 1539 1344 nulla
1559 1322 1747 1345 creaturarum

960 1365 1078 1399 reperiri
1089 1370 1188 1400 potest.
1197 1363 1265 1391 Nam
1276 1364 1374 1391 similis
1383 1363 1491 1398 quidem
1503 1364 1530 1391 in
1543 1365 1749 1399 cengenerilms,

961 1415 988 1439 at
1011 1411 1074 1446 quia
1100 1418 1239 1445 unumque
1266 1410 1435 1444 suppositum
1455 1417 1532 1437 more
1556 1410 1606 1436 sibi
1630 1418 1751 1445 congruo

962 1457 1148 1492 agit,propria
1166 1456 1248 1483 simul
1273 1456 1343 1483 inest
1367 1456 1500 1490 operatio.
1517 1455 1574 1482 Non
1594 1456 1658 1482 item
1685 1463 1750 1483 vero

961 1502 995 1529 de
1013 1501 1100 1530 tribus
1127 1501 1181 1530 illis
1213 1501 1313 1529 divinis
1343 1501 1547 1535 adorandisque
1567 1503 1704 1535 personis,
1724 1502 1748 1528 in

118 1549 206 1585 νητῶν
223 1549 409 1577 ὑποστάσεων·
428 1549 465 1581 ὡς
490 1549 598 1584 ἀληθῶς
611 1550 666 1585 γὰρ
683 1550 732 1585 μία
758 1551 816 1577 ὲκεί
831 1550 877 1577 καὶ
892 1551 908 1586 ή

964 1549 1060 1584 quibus
1076 1555 1127 1576 una
1146 1553 1173 1576 et
1191 1549 1285 1576 eadem
1309 1548 1431 1582 operatio
1446 1552 1507 1575 est:
1527 1555 1597 1575 unus
1618 1548 1690 1575 enim
1708 1552 1750 1574 est

118 1597 187 1631 αὐτή
203 1597 260 1622 εστι
277 1604 284 1611 ⁵
302 1596 351 1631 μία
362 1595 417 1632 γὰρ
432 1597 447 1631 ὴ
460 1596 506 1623 τοῦ
518 1595 592 1622 θείου
607 1596 776 1631 βουλήματος
791 1597 908 1632 κίνησις,

119 1644 150 1669 ὲκ
164 1641 385 1677 προκαταρτικοῦ
404 1641 492 1669 αίτίου
505 1641 550 1668 τοῦ
568 1641 674 1678 [ἰατρὸς
689 1640 910 1677 ὁρμωμένη,’καὶ

118 1688 162 1715 διὰ
183 1688 230 1714 τοῦ
248 1687 313 1714 Υίοῦ
340 1687 483 1722 προϊοῦσα,
498 1688 545 1713 καὶ
561 1685 590 1714 ὲν
617 1686 657 1723 τῷ
683 1687 753 1722 ἁγίῳ
770 1688 909 1723 Πνεύματι

120 1732 336 1769 προφαινομένη.
351 1734 405 1760 Καὶ
421 1733 499 1760 τοῦτο
514 1733 593 1768 δῆλον
607 1734 638 1760 ὲκ
650 1733 704 1760 τῶν
720 1733 909 1768 ἀποτελεσμά-

119 1790 174 1808 των
183 1789 190 1796 ·
202 1780 325 1807 ἐντεῦθεν
338 1780 392 1815 γὰρ
405 1781 480 1808 πᾶσα
494 1780 596 1815 φυσικὴ
607 1780 734 1815 ἐνέργεια
749 1780 910 1806 καθίσταται

121 1826 272 1862 γνώριμος.
286 1826 342 1853 Καὶ
352 1826 443 1853 τοίνυν
456 1826 504 1861 οὐχ
519 1824 615 1861 ὥσπερ
625 1825 706 1860 ὁμοία
723 1826 782 1861 μὲν,
799 1826 865 1861 ἄλλη
882 1826 910 1852 δὲ

120 1874 185 1910 παρ’
197 1874 279 1909 ἄλλης
287 1873 419 1908 χελιδόνος
429 1872 580 1900 ἐκτελεῖται
594 1871 676 1899 καλιά
684 1880 691 1887 ·
703 1873 751 1898 καὶ
761 1871 829 1909 ἄλλη
842 1872 908 1906 παρ’

121 1919 201 1947 ἄλλου
219 1916 347 1954 γραφέως
359 1918 568 1955 καταγράφεται
583 1917 667 1950 σελὶς,
686 1915 737 1944 κᾶν
747 1918 780 1943 ὲκ
794 1918 848 1944 τῶν
863 1917 908 1943 αὺο

120 1966 176 1992 τῶν
190 1965 330 2000 στοιχείων
348 1963 377 2002 ᾖ,
405 1964 476 1992 οὕτω
491 1965 537 1992 καὶ
561 1962 607 1990 ἐπὶ
626 1960 743 1998 Πατρδς,
762 1963 810 1990 καὶ
832 1963 908 1995 Υίοῦ,

121 2012 168 2038 καὶ
190 2011 270 2045 ἁγίου
294 2011 462 2045 Πνεύματος,
487 2010 551 2037 ἴδιον
569 2009 743 2044 ἀποτέλεσμα
758 2009 823 2044 παρ’
844 2009 909 2035 ἐκά-

122 2066 188 2093 στης
201 2058 297 2092 ὁρᾶται
314 2056 368 2083 τῶν
392 2056 567 2083 ὕποστάσεων
580 2063 587 2071 ’
601 2055 669 2082 ἀλλὰ
684 2051 759 2082 πᾶσά
772 2055 788 2090 ἡ
810 2054 910 2086 κτίσις,

121 2104 175 2131 τῶν
186 2103 274 2139 -τριῶν
285 2104 358 2130 ἐστιν
373 2103 452 2138 ἔργον
470 2102 509 2130 ἓν.
524 2102 579 2129 Καὶ
592 2099 645 2128 ἀπὸ
660 2100 762 2136 ταύτης
785 2099 849 2134 μίαν
864 2101 911 2127 καὶ

123 2150 207 2185 αὐτὴν
222 2149 275 2176 τῶν
292 2149 374 2184 τριῶν
390 2147 585 2183 προσκυνητῶν
607 2146 772 2182 προσώπων,
787 2145 845 2172 ἀλλ’
861 2146 911 2172 οὐκ

123 2196 347 2230 ἀποτεταγμένην
370 2194 478 2229 ἑκάστῳ
504 2193 551 2220 καὶ
580 2192 676 2228 ὁμοίαν
692 2193 762 2218 νοεῖν
789 2191 842 2218 ὑπὸ
856 2190 910 2218 τῶν

123 2240 252 2276 Πατέρων
268 2240 433 2276 μεμυήμεθα
450 2239 499 2276 τὴν
511 2236 586 2266 θείαν
601 2239 749 2274 ἐνέργειαν.

160 2290 222 2322 ριγ¹.
240 2287 317 2313 Ἐπεὶ
328 2288 356 2313 ὲν
370 2287 493 2321 ἀλλήλοις
503 2286 662 2320 ἁσυγχύτως
678 2294 708 2311 τε
721 2289 767 2311 καὶ
784 2284 911 2319 άφύρτως

124 2333 136 2359 ὁ
156 2331 248 2368 Πατὴρ
261 2332 307 2359 καὶ
321 2332 334 2358 ὁ
348 2331 409 2362 Υἱδς
429 2332 476 2357 καὶ
503 2331 533 2358 τὸ
551 2331 662 2365 Πνεῦμα
687 2330 716 2356 τὸ
737 2328 815 2364 ἅγιόν
830 2330 910 2362 εἰσιν,

123 2378 184 2405 ὅθεν
204 2377 282 2412 ῐσμεν
295 2377 359 2413 μίαν
371 2375 440 2404 εἶναι
464 2376 567 2404 τούτων
595 2376 717 2412 ἀκριϐῶς
733 2376 782 2410 τὴν
805 2373 912 2406 κίνησιν

124 2425 171 2452 καὶ
183 2423 233 2458 τὴν
253 2423 403 2459 ἐνέργειαν,
422 2424 455 2458 ἢν
472 2422 529 2458 ἔχει
542 2424 557 2450 ὁ
576 2422 668 2458 Πατὴρ
687 2423 717 2449 ὲν
735 2421 823 2456 ἑαυτῷ
839 2421 911 2457 ζωὴν

124 2470 140 2505 ἢ
157 2469 281 2504 δύναμιν,
300 2468 348 2503 οὐχ
365 2468 458 2503 ἕτερόν
477 2469 535 2494 ἐστι
562 2467 636 2502 παρὰ
653 2467 698 2494 τὸν
713 2466 787 2498 rm,
804 2466 842 2498 ὡς
862 2465 911 2501 τὴν

124 2515 209 2549 αὐτὴν
226 2515 323 2549 ἐκείνῳ
353 2513 399 2540 καὶ
417 2513 489 2548 ζωὴν
520 2514 567 2540 καὶ
579 2513 695 2548 δύναμιν
713 2512 821 2547 ἔχοντα,
841 2511 912 2538 οὕτω

125 2560 158 2595 δὴ
172 2561 217 2587 καὶ
231 2561 246 2587 ὸ
256 2560 330 2592 Υιδς,
342 2559 389 2587 καὶ
414 2559 444 2586 τὺ
460 2559 571 2594 Πνεῦμα
592 2559 623 2586 τὸ
643 2559 731 2594 ἅγιον.
746 2559 778 2585 υἱ
791 2559 819 2585 δὲ
836 2558 911 2593 νομί-

127 2607 218 2639 ζοντες
232 2607 315 2642 μηδὲν
331 2606 471 2640 διαφέρειν
493 2605 541 2640 τῆς
561 2605 636 2637 θείας
647 2605 741 2637 οὐσίας
764 2605 813 2640 τὴν
837 2604 912 2631 θείαν

127 2654 277 2688 ἐνέργειαν,
294 2653 443 2688 ἐπειδήπερ
457 2653 506 2678 οὐκ
531 2651 620 2684 ἄλλος,
641 2651 699 2679 ἀλλ’
713 2651 793 2684 αὐτός
810 2652 884 2678 ἐστιν
896 2651 911 2677 ὀ

126 2695 193 2730 Θεὸς
211 2699 295 2734 ἡζωὴ
311 2699 399 2734 ἡμῶν,
416 2698 462 2724 καὶ
488 2698 568 2729 αὐτὸς
593 2698 666 2724 ἐστιν
683 2698 696 2724 ό
713 2698 749 2732 μὴ
770 2698 837 2733 πρὸς
853 2698 912 2724 ἓτε-

128 2755 185 2781 ρον,
212 2745 280 2772 ἀλλὰ
293 2745 355 2772 καθ’
378 2744 474 2771 ἑαυτὸν
500 2743 664 2779 προαιὼνιος
688 2743 745 2780 ζωὴ
770 2745 912 2779 ὑπάρχων,

127 2792 268 2824 δυσσεϐεῖς
283 2792 312 2818 τέ
333 2793 386 2818 alat
407 2791 455 2817 καὶ
474 2790 610 2826 ἀμαθεῖς·
635 2789 753 2825 ἀμαθεῖς
768 2790 827 2825 μὲν,
851 2791 913 2818 ἐπεὶ

130 2838 212 2873 μήπω
237 2837 425 2872 ἐδιδάχθησαν,
448 2836 488 2863 ὃτι
515 2836 560 2862 καὶ
577 2836 594 2870 ἡ
620 2835 750 2862 ἀνωτάτω
765 2835 850 2870 Τριὰς
865 2837 913 2872 οὐχ

127 2884 233 2917 ἔτερος,
250 2882 305 2909 ἀλλ’
319 2881 398 2912 αὑτός
411 2883 482 2908 ἐστιν
500 2882 513 2908 ό
530 2881 605 2913 Θεὸς,
625 2881 671 2907 καὶ
683 2881 761 2908 οὐδὲν
773 2882 913 2915 ἐμποδίζει

961 1595 1060 1622 divina;
1072 1594 1217 1622 voluntatis
1233 1594 1338 1627 motus,
1353 1602 1368 1621 a
1382 1594 1513 1628 primario
1526 1594 1658 1629 principio
1671 1594 1750 1623 Patre

961 1642 1105 1674 excitatus,
1120 1645 1146 1669 et
1173 1649 1220 1676 per
1249 1641 1345 1668 Filium
1373 1641 1534 1675 procedens,
1552 1641 1624 1668 etin
1648 1641 1749 1674 Spiritu

961 1693 1055 1715 sancto
1071 1686 1284 1720 vmanil‘eslatus.
1311 1687 1344 1714 Et
1371 1687 1424 1714 hoc
1456 1691 1531 1721 patet
1554 1695 1586 1714 ex
1611 1688 1749 1723 operibus,

960 1735 1057 1762 exinde
1073 1734 1145 1762 enim
1163 1735 1253 1761 omnis
1266 1734 1398 1761 naturalis
1413 1734 1537 1769 operatio
1550 1735 1577 1761 lit
1593 1740 1666 1762 nota.
1681 1735 1750 1770 Ergo

962 1786 1013 1808 non
1030 1781 1098 1807 sicut
1115 1780 1213 1808 similis
1226 1779 1346 1815 quidem,
1364 1780 1412 1808 sed
1433 1780 1504 1807 alius
1521 1780 1555 1807 ab
1579 1781 1631 1807 alia
1652 1781 1750 1807 lilrun-

962 1828 1023 1855 dine
1038 1828 1179 1855 coniicitur
1193 1827 1284 1860 nidus,
1297 1832 1346 1854 nec
1369 1826 1441 1854 sicut
1458 1825 1511 1854 alia
1532 1828 1565 1854 ab
1581 1827 1633 1853 alio
1659 1827 1749 1855 scriba

962 1873 1125 1901 describitur
1140 1873 1248 1908 pagina,
1267 1873 1375 1899 etiamsi
1401 1880 1433 1899 ex
1457 1872 1553 1899 iisdem
1570 1871 1667 1900 litteris
1685 1880 1750 1899 con-

962 1924 1023 1952 stet,
1041 1919 1077 1946 ita
1094 1924 1121 1946 et
1136 1919 1161 1945 in
1176 1919 1257 1946 Patre
1270 1923 1296 1946 et
1308 1914 1377 1945 Filio
1393 1923 1420 1945 et
1437 1917 1540 1953 Spiritu
1566 1922 1661 1946 sancto
1687 1927 1750 1953 pro-

963 1963 1050 1999 prium
1068 1972 1135 1999 opus
1149 1965 1183 1991 ab
1202 1970 1361 1999 unaquaque
1373 1964 1402 1990 iit
1418 1971 1543 1998 persona.
1560 1965 1606 1991 sed
1621 1965 1748 1993 universa

963 2011 1065 2039 creatio
1080 2011 1162 2038 trium
1178 2015 1220 2037 est
1246 2017 1315 2045 opus
1341 2018 1433 2037 unum.
1459 2010 1492 2037 Et
1515 2010 1612 2037 exinde
1626 2018 1706 2038 unam
1723 2017 1750 2039 el.

963 2056 1084 2082 eamdem
1101 2055 1189 2082 tribus
1203 2055 1348 2082 adorandis
1363 2052 1496 2089 personis,
1506 2060 1533 2082 et
1544 2063 1597 2082 non
1613 2057 1748 2090 prapriam

963 2101 1062 2135 cuique
1086 2106 1113 2128 ct
1139 2101 1254 2128 similent
1285 2102 1406 2130 tribuere
1422 2110 1435 2129 a
1455 2102 1582 2130 Patribus
1604 2101 1750 2131 didicimus

963 2147 1082 2174 divinam
1100 2147 1296 2182 operationem.

1004 2282 1064 2311 115.
1075 2284 1141 2317 Quia
1158 2285 1184 2311 in
1202 2291 1231 2312 se
1247 2285 1362 2312 Invicem
1375 2285 1434 2313 sine
1458 2285 1617 2314 confusione
1632 2294 1663 2314 ac
1678 2294 1752 2315 com-

967 2330 1092 2357 mistione
1106 2329 1186 2357 Pater
1199 2335 1227 2357 et
1242 2329 1328 2358 Filius
1347 2334 1374 2357 et
1394 2330 1511 2366 Spiritus
1527 2336 1637 2359 sanctus
1661 2333 1754 2359 coexi-

966 2381 1050 2408 stunt,
1067 2375 1138 2404 unde
1154 2376 1256 2403 scimus
1277 2383 1356 2403 unam
1371 2383 1432 2403 esse
1455 2377 1550 2404 horum
1565 2377 1687 2411 profecto
1707 2385 1752 2404 ac-

967 2423 1067 2450 tionem
1081 2427 1108 2449 et
1124 2422 1310 2457 operationem
1324 2430 1331 2450 :
1351 2423 1411 2450 ideo
1427 2430 1508 2457 quam
1524 2422 1607 2451 habet
1629 2424 1709 2450 Pater
1726 2424 1753 2450 in

966 2469 1055 2505 seipso
1069 2469 1153 2496 vitam
1169 2474 1216 2496 aut
1232 2470 1389 2503 potentiam,
1408 2469 1465 2497 hinc
1483 2477 1536 2497 non
1553 2470 1605 2497 alia
1625 2474 1667 2497 est
1682 2471 1752 2505 apud

966 2515 1076 2548 Filium,
1092 2515 1193 2550 quippe
1207 2516 1254 2550 qui
1269 2516 1392 2543 eamdem
1416 2523 1447 2542 ac
1463 2515 1508 2543 ille
1533 2516 1612 2543 habet
1626 2517 1709 2543 vitam
1725 2521 1752 2543 et

966 2560 1135 2595 potentiam;
1153 2564 1181 2586 ut
1207 2564 1298 2587 autem
1318 2560 1412 2593 Filius,
1428 2561 1467 2588 sic
1494 2566 1521 2588 et
1545 2561 1663 2596 Spiritus
1688 2569 1753 2588 san-

967 2612 1037 2635 ctus.
1050 2607 1101 2641 Qui
1119 2614 1184 2635 vero
1203 2607 1372 2634 arbitrantur
1388 2607 1500 2634 minime
1522 2607 1678 2634 distinctam
1694 2615 1754 2635 esse

967 2661 981 2680 a
998 2653 1088 2681 divina
1115 2653 1231 2680 essentia
1256 2652 1375 2682 divinam
1401 2652 1596 2687 Operationem,
1619 2652 1752 2686 quianon

966 2699 1046 2730 alius.
1059 2700 1105 2727 sed
1123 2700 1180 2734 ipse
1193 2703 1234 2726 est
1251 2698 1320 2726 Deus
1336 2698 1388 2726 vita
1405 2703 1507 2731 nostra,
1525 2702 1552 2724 et
1570 2698 1627 2733 ipse
1643 2706 1694 2725 non
1713 2706 1753 2724 re-

966 2745 1048 2773 lative
1062 2746 1095 2772 ad
1111 2745 1197 2778 aliud,
1216 2744 1263 2772 sed
1287 2744 1314 2772 in
1337 2744 1427 2779 seipso
1450 2750 1554 2771 aeterna
1570 2744 1624 2771 vita
1644 2749 1695 2773 cst.
1715 2744 1753 2772 illi

967 2796 1031 2818 sunt
1045 2791 1118 2825 impii
1134 2795 1160 2819 et
1183 2791 1268 2825 ignari
1284 2798 1291 2818 :
1310 2790 1397 2825 ignari
1411 2789 1532 2825 quidem,
1547 2796 1608 2816 cum
1633 2790 1753 2817 nomium

966 2837 1110 2864 didicerint
1127 2844 1260 2864 summam
1283 2836 1442 2864 Trinitatem
1469 2843 1523 2864 non
1538 2836 1692 2867 alium.sed
1715 2836 1754 2870 ip-

967 2890 1026 2910 sum
1054 2890 1115 2910 esse
1146 2883 1240 2916 Deum,
1258 2891 1345 2919 neque
1373 2883 1399 2911 id
1425 2889 1516 2912 tamen
1537 2884 1666 2919 impedire
1689 2882 1754 2918 quin

1474 2928 1480 2942 \
