1947 3072
191 126 264 159 1203

815 125 1012 160 GREGORII
1034 124 1198 154 PALAMAE

1746 119 1816 152 12M

197 194 203 210 ι
222 183 380 216 lnunorlali,
397 183 538 215 invisibili,
553 182 605 210 soli
618 182 732 218 sapienti
749 181 802 210 Deo
813 182 836 197 “
850 192 856 210 :
877 191 886 208 ι
906 182 979 210 unde

1047 185 1134 219 ιὺσία;
1155 185 1246 212 Θέλων
1272 185 1300 212 δὲ
1317 185 1404 218 δεῖξαι
1430 186 1476 213 καί
1503 195 1565 214 τινα
1589 186 1644 214 τῶν
1669 189 1827 223 προσόντων

199 231 284 262 inagis
302 229 390 257 adhuc
423 228 574 256 ostenditur
591 228 693 256 nullum
710 228 907 262 attributorum‘
931 227 976 255 Dei

186 275 331 302 essentiam
350 282 418 301 esse.
432 273 571 306 Quomodo
587 275 658 302 enim
690 273 892 306 immortalitas,
905 273 974 300 invi-

187 321 311 352 sibilitas,
328 325 355 346 et
365 320 513 354 generatim
535 320 627 346 omnia
649 319 782 354 privative
793 325 838 353 aut
852 319 977 355 negative

187 359 274 398 dicta:
291 366 348 393 sive
370 366 450 393 simul
477 366 535 392 sive
567 365 682 393 seorsim
714 366 833 394 essentia
863 364 976 395 (orent?

188 412 282 440 Omnis
297 412 367 439 enim
394 412 512 446 essentia
526 412 635 440 nonnisi
652 412 704 446 hoc
714 412 757 441 vel
775 412 839 439 illud
852 417 903 440 est.
920 412 977 440 lino

187 458 208 485 si
225 465 286 484 cum
302 458 354 485 illis
371 457 575 492 conjungantur
589 465 648 492 qum
662 465 680 492 a
699 458 834 493 theologis
849 458 977 486 dicuntur

186 504 344 530 :il‘lirmativa
371 503 418 531 Dei
443 504 582 536 attributa,
601 508 674 536 patet
700 505 795 531 horum
812 504 885 531 nullo
899 504 972 532 desi-

187 550 262 584 gnari
279 550 426 578 essentiam
450 550 508 583 Dei,
525 550 648 585 quamvis
663 550 791 577 omnibus
815 550 910 577 borum
929 558 977 578 no-

188 597 316 629 minibus,
326 597 433 632 quando
443 603 511 631 opus
522 599 573 630 est,
588 601 709 629 utamur,
722 597 754 623 ad
767 596 975 631 signiﬁcandum

187 643 335 669 essentiam
353 642 425 670 illam
439 643 513 670 omni
534 642 638 670 nomini
661 642 839 677 superiorem.

1035 232 1138 260 τούτων
1169 232 1414 267 πλεονεκτημάτων
1435 233 1474 268 τῷ
1493 234 1591 270 Πατρὶ,
1621 235 1762 270 προήγαγε
1779 237 1827 262 τὸν

1036 279 1140 306 Παῦλον
1153 280 1278 313 λέγοντα,
1287 279 1440 314 ’Δφθάρτῳ,
1449 280 1568 314 ἀοράτῳ,
1583 281 1656 315 μόνῳ
1669 281 1743 315 σοφῷ
1754 281 1825 317 Θεῷ·

1035 325 1097 353 ὅθεν
1112 325 1150 352 ἔτι
1163 325 1299 352 δείκνυται
1315 325 1425 360 μᾶλλον,
1440 325 1478 357 ὡς
1500 326 1578 352 οὐδὲν
1592 327 1646 353 τῶν
1669 327 1827 362 προσόντων

1035 373 1074 408 τῷ
1099 372 1157 407 Θεῷ
1169 372 1247 399 οὐσία
1270 372 1339 399 ἐστί.
1363 372 1425 404 Πῶς
1438 372 1493 407 γὰρ
1513 372 1546 399 ἂν
1572 372 1615 407 εἴη
1631 373 1662 398 τὸ
1675 373 1826 409 ἄφθαρτον,

1036 418 1084 445 καὶ
1099 418 1129 444 τὸ
1140 417 1265 453 ἀόρατον,
1282 417 1329 444 καὶ
1342 417 1436 450 ἁπλῶς
1451 417 1540 444 πάντα
1557 418 1591 444 τὰ
1603 419 1825 454 άφαιρεματικὰ,

1035 465 1053 500 ἢ
1070 464 1162 491 καὶτὰ
1174 463 1349 498 ἀποφατικὰ,
1372 463 1440 498 ὁμοῦ
1470 472 1509 496 τε,
1538 463 1555 500 ἢ
1583 465 1668 499 χωρὶς
1696 465 1826 499 ἕκαστον,

1037 510 1134 543 onata;
1150 509 1263 545 οὐδεμία
1277 509 1332 544 γὰρ
1347 509 1437 542 οὐσία,
1450 510 1492 536 ὃτι
1510 510 1547 544 μὴ
1562 510 1619 536 τόδε
1635 510 1651 546 ἢ
1667 510 1730 537 τάδε
1755 511 1825 537 ἐστι·

1036 555 1142 588 τούτοις
1165 556 1193 582 δὲ
1208 556 1255 582 καὶ
1276 555 1311 582 τὰ
1326 556 1463 590 προσόντα
1477 555 1516 590 τῷ
1535 555 1606 590 Θεῷ,
1631 557 1828 590 καταφατικῶς

1039 601 1243 636 συνταττόμενοι
1256 601 1331 638 παρὰ
1344 601 1399 628 τῶν
1418 601 1563 635 θεολόγων,
1588 601 1727 628 δείκνυται
1742 600 1828 637 μηδὲν

1038 647 1129 674 αὐτῶν
1143 647 1242 682 δηλοῦν
1253 647 1303 684 τὴν
1314 647 1408 674 οὐσίαν
1423 647 1470 673 τοῦ
1489 647 1567 679 Θεοῦ,
1581 648 1605 673 el.
1623 647 1669 674 καὶ
1690 649 1757 674 πᾶσι
1771 649 1829 679 τοῖς

189 686 292 710 τούτων
316 683 457 718 ὀνόμασιν,
481 685 518 716 ὡς
534 686 711 713 παντάπασιν
728 687 874 722 ἁνωνύμου
900 688 950 722 τῆς
966 688 1200 726 ὑπερουσιότητος
1216 691 1326 728 ἐκείνης
1341 691 1435 728 οὔσης,
1452 693 1496 720 επ·
1509 693 1605 728 αὐτῆς,
1621 691 1694 728 ἡνίκ’
1709 691 1745 719 ἄν
1759 691 1820 726 δέῃ.

191 731 332 767 χρώμεθα.

228 781 290 808 119.
304 779 443 807 Naturalia
455 779 608 807 necessario
619 779 751 814 quaeritur
764 779 842 814 cujus
856 779 910 806 sint
921 786 931 813 3
941 783 977 811 et.

193 827 215 854 si
229 827 328 854 ttlllliul
355 827 419 860 sint,
435 825 566 852 naturalia
582 833 635 852 non
658 830 743 858 sunt;
759 825 780 852 si
809 832 873 852 vero
896 825 979 853 unius

1075 785 1136 820 ριθ¹.
1152 785 1192 812 Τὰ
1203 785 1347 820 προσόντα,
1361 784 1391 816 ὲξ
1406 783 1530 819 ἀνάγκης
1538 783 1659 818 ζητεῖται
1671 783 1725 809 τίνι
1738 783 1827 817 πρόσ-

1039 839 1108 861 εστι,
1125 831 1171 857 καὶ
1184 831 1208 856 εί
1222 830 1326 865 μηδενὶ,
1351 830 1412 857 οὐδὲ
1428 829 1565 864 προσόντα
1586 828 1672 860 ἐστὶν,
1701 829 1725 854 εξ
1747 828 1769 854 δ’
1788 827 1828 854 ἑνί

193 874 332 909 cujusdam
347 873 402 900 sint
416 872 635 904 naturalia.cum
656 871 706 900 hoc
731 872 849 899 essentia
866 872 912 904 sit,
934 872 985 899 mi-

1047 885 1093 903 τινι
1108 876 1238 911 πρόσεστι
1258 876 1291 902 τὰ
1306 875 1452 910 προσόντα,
1470 874 1550 902 τοῦτο
1561 874 1583 900 δ’
1602 874 1678 900 ἐστὶν
1698 874 1714 907 ὴ
1736 873 1827 905 οὐσία,

195 921 267 947 nime
299 924 388 946 autem
416 918 487 950 haec,
499 919 577 953 juxta
596 917 778 951 adversarios,
795 918 923 946 distincta
943 918 982 946 sit

195 974 210 993 a
226 965 340 1000 singulis
351 969 378 992 et
391 965 470 992 simul
497 964 531 993 ab
544 964 670 992 omnibus
690 964 841 998 attributis,
856 965 984 993 attributa

195 1019 260 1040 vero
268 1012 321 1038 sint
331 1013 495 1046 niulta,ergo
508 1017 561 1038 una
571 1010 616 1037 illa
625 1011 745 1038 essentia
768 1010 821 1038 erit
832 1011 984 1046 multiplex,

196 1062 222 1085 et
237 1057 300 1084 illud
317 1058 434 1084 essentia
459 1064 542 1083 unum
565 1056 619 1083 erit
634 1057 753 1083 essentia
785 1056 942 1090 plurimum,
958 1061 986 1083 et

198 1103 295 1130 multas
312 1102 424 1137 proinde
435 1102 546 1129 habebit
559 1102 705 1129 essentias.
717 1101 748 1129 Si
762 1107 851 1129 autem
862 1108 889 1130 et
902 1109 985 1128 unum

197 1153 239 1175 est
252 1153 280 1175 et
293 1147 392 1175 multas
405 1147 486 1174 habet
498 1146 641 1179 essentias,
650 1151 693 1174 est
703 1146 858 1175 necessario
874 1154 988 1181 prorsus

197 1195 386 1229 compositum.
400 1193 423 1220 Δ
441 1197 515 1220 tanta
536 1193 676 1227 impietate
685 1196 713 1220 et
728 1192 879 1228 ignorantia
895 1192 988 1220 ﬁdeles

198 1240 320 1267 exiniens
330 1239 415 1279 divus
426 1238 556 1274 Cyrillus.
573 1238 600 1265 in
613 1239 679 1273 ipsis
693 1237 842 1265 Tltesauris
856 1238 895 1265 ait
909 1247 916 1265 :
930 1247 939 1264 I
958 1237 986 1265 Si

199 1287 380 1322 quodcunque
407 1285 479 1313 inest
504 1285 555 1313 soli
574 1286 637 1316 Deo,
654 1285 720 1312 illud
738 1285 774 1312 sit
788 1285 911 1320 profecto
927 1284 985 1316 ejus

199 1331 327 1364 essentia,
342 1338 376 1358 ex
391 1330 482 1358 tnultis
497 1330 579 1365 igitur
602 1334 710 1357 constat
734 1329 861 1357 essentiis
881 1337 888 1357 :
905 1329 989 1356 multa

200 1376 345 1404 suntenim
359 1383 418 1411 quae
432 1375 469 1402 illi
484 1376 535 1403 soli
552 1376 712 1403 naturaliter
731 1375 833 1409 insunt,
847 1376 914 1404 nulli
927 1383 990 1404 vero

201 1424 246 1452 alii
263 1433 271 1456 ;
287 1430 404 1458 namque
419 1428 462 1450 est
485 1422 540 1450 Rex
558 1428 584 1450 et
599 1423 728 1451 Dominus
743 1427 772 1450 et
787 1423 948 1450 immortalis
963 1427 993 1450 et

202 1470 356 1502 invisibilis,
371 1473 398 1498 et
411 1473 510 1505 praeter
525 1469 582 1496 haec
599 1469 632 1496 de
657 1476 690 1496 eo
702 1473 829 1496 sexcenta
844 1468 940 1496 dicunt
950 1469 992 1496 di-

201 1517 270 1544 vittae
286 1515 444 1550 Scriptum.
456 1515 485 1543 Si
495 1516 578 1550 igitur
601 1515 814 1549 unumquodque
828 1515 990 1542 naturalium

201 1563 262 1597 ejus
274 1562 307 1590 ad
322 1563 468 1590 essentiam
496 1562 678 1595 adscribatur,
702 1569 790 1590 nonne
812 1562 864 1589 erit
881 1568 989 1596 compo-

201 1609 271 1634 situs
281 1607 448 1642 etsimplex‘l
462 1617 471 1633 ι
481 1607 557 1640 Quod
569 1611 611 1635 est
619 1606 989 1642 cogitatu'absurdissimum,

239 1737 302 1766 120,
317 1736 462 1772 Postquam
477 1737 674 1764 demonstravit
699 1737 794 1766 multis
823 1740 990 1774 argumentis

205 1791 287 1819 sagax
310 1783 466 1811 divinorum
489 1783 609 1819 Cyrillus
632 1783 741 1817 Filium,
760 1791 914 1819 quanquam
938 1786 991 1814 vita

205 1831 241 1857 sit
253 1835 281 1856 et
292 1829 375 1856 vitam
390 1829 497 1856 dicatur
511 1829 612 1856 habere
625 1830 775 1857 secundum
793 1831 991 1865 operationem,

205 1876 268 1912 quia
283 1875 402 1904 viviﬁcat
427 1883 477 1902 nos
490 1881 517 1903 et
529 1876 582 1903 vita
600 1876 751 1904 viventium
779 1882 832 1910 est,
850 1886 902 1905 non
933 1886 994 1906 esse

206 1923 233 1950 in
263 1923 314 1950 huc
341 1921 502 1950 dissimilem
519 1921 607 1956 Patri,
633 1930 699 1960 nam
725 1927 753 1950 et
779 1924 824 1951 hic
851 1925 992 1957 viviﬁcat;

207 1967 305 1995 deinde
316 1968 460 1994 ostendere
490 1967 581 1994 volens
596 1968 719 1995 eumdem
744 1968 853 2003 Filium,
871 1971 994 2004 quamvis

209 2021 262 2042 non
281 2014 393 2042 relative
418 2014 451 2041 ad
467 2014 550 2046 aliud,
570 2015 617 2042 sed
642 2015 854 2050 independentcr
886 2024 997 2050 prorsus

208 2067 235 2088 et
245 2061 369 2088 absolute
381 2061 434 2088 vita
445 2062 481 2087 sit
495 2066 523 2087 et
544 2063 627 2088 vitam
641 2061 742 2089 habere
770 2063 889 2094 dicatur,
905 2070 939 2090 ne
955 2063 996 2091 sic

209 2108 315 2143 quidem
325 2115 386 2134 esse
394 2108 466 2134 Patri
480 2109 533 2134 vita
543 2108 710 2141 dissimilem,
721 2110 782 2143 quia
794 2111 902 2144 quando
913 2109 996 2137 Deum

209 2162 261 2181 non
281 2155 361 2181 vitam
380 2160 500 2181 nostram
517 2160 546 2181 ut
575 2162 624 2182 nos
639 2154 831 2188 viviﬁcantem,
851 2156 898 2183 sed
922 2157 998 2184 inde-

212 2200 357 2235 pendenter
383 2207 494 2234 prorsus
507 2205 534 2226 et
558 2200 683 2228 absolute
709 2201 834 2235 dicimus,
852 2207 915 2230 tunc
937 2204 996 2237 ejus
1014 2212 1035 2238 [ι

211 2249 356 2274 essentiam
368 2254 495 2274 vocamus
506 2254 521 2274 a
535 2248 651 2274 naturali
668 2248 726 2283 ejus
746 2249 914 2283 operatione,
928 2250 998 2276 sicut

211 2297 238 2319 ct
253 2293 412 2327 sapientiam
430 2292 634 2326 boaitatemque
646 2300 674 2320 et
694 2297 790 2320 caetera
807 2294 899 2321 omnia
919 2302 927 2328 ;
946 2295 997 2322 hoc

212 2339 293 2373 igitur
316 2340 458 2365 ostendere
486 2338 577 2365 volens
600 2339 666 2366 dicit
685 2347 717 2366 τι
736 2339 803 2366 Cum
819 2340 859 2367 sic
883 2341 1000 2367 dicimus

212 2385 316 2411 Patrem
333 2385 435 2412 habere
449 2385 476 2412 in
492 2385 638 2419 semetipso
668 2386 762 2419 vitam,
778 2391 842 2413 tunc
861 2386 942 2413 vitam
956 2395 1002 2421 ap-

213 2430 345 2465 pellamus
359 2430 467 2462 Filiutn,
484 2431 528 2466 qui
553 2436 595 2458 est
608 2432 678 2460 alius
692 2439 772 2466 quatn
791 2431 870 2459 Pater
887 2440 1002 2466 persona

215 2482 331 2510 tantum,
345 2478 392 2505 sed
419 2485 474 2504 non
502 2478 556 2505 vita
573 2487 580 2505 :
597 2479 668 2505 unde
683 2479 749 2506 nihil
779 2481 960 2512 compositum
978 2485 1007 2506 et

211 2524 305 2559 duplex
321 2525 354 2552 de
364 2532 396 2552 eo
406 2525 548 2558 cogitatur.
563 2524 594 2551 Et
605 2532 666 2552 cum
676 2526 764 2552 adhuc
774 2525 890 2553 dicimus
905 2525 1004 2552 Filium

211 2571 313 2597 habere
327 2571 353 2598 in
375 2571 521 2605 semetipso
537 2571 630 2604 vitam,
647 2572 721 2598 illum
739 2572 844 2599 scilicet
871 2578 931 2607 quae
959 2572 1006 2598 ab-

211 2618 300 2645 solute
322 2617 493 2652 intelligitur,
505 2617 587 2644 vitam
610 2617 776 2651 appellamus
796 2618 925 2645 Patrem:
942 2627 1004 2645 nam

213 2669 265 2691 uta
279 2669 383 2692 estnon
394 2664 506 2691 relative
519 2664 551 2690 ad
565 2663 649 2695 aliud,
661 2666 708 2691 sed
719 2665 845 2692 absolute
859 2665 884 2691 in
899 2666 1003 2699 seipse.

212 2716 238 2737 et
254 2711 306 2738 vita
320 2716 382 2737 sunt
394 2708 422 2737 iit
435 2710 530 2744 seipsis
556 2711 671 2738 inviCctn
690 2710 768 2738 Pater
797 2716 822 2738 et
844 2709 940 2742 Filius.
957 2712 1002 2738 llic

212 2757 282 2784 enim
299 2757 367 2784 dixit
385 2766 391 2783 :
412 2767 421 2782 ι
442 2757 497 2790 Ego
514 2757 539 2783 in
557 2756 647 2789 Patre,
665 2763 690 2784 et
711 2757 789 2784 l‘atcr
812 2758 838 2784 in
853 2765 905 2785 lue.
929 2766 938 2783 ι
957 2758 1002 2785 Sic

252 2846 271 2859 "
301 2849 310 2875 ι
335 2848 437 2882 Τιιιω,
458 2850 501 2878 l7.

1042 920 1125 956 μηδὲν
1138 920 1161 947 δ’
1177 919 1247 954 αὕτη
1263 920 1350 954 πάντη
1368 920 1428 946 κατ’
1452 919 1551 950 αὐτοὺς
1565 918 1699 953 διαφέρει,
1711 918 1829 944 ἑκάστου

1040 975 1071 994 τε
1084 967 1131 993 καὶ
1145 966 1212 1002 ὁμοῦ
1224 967 1334 994 πάντων
1346 965 1401 992 τῶν
1412 965 1578 1000 προσόντων.
1592 965 1633 991 Τὰ
1648 964 1676 991 δὲ
1691 963 1830 999 προσόντα.

1042 1013 1137 1045 πολλὰ,
1152 1014 1169 1048 ἡ
1195 1012 1244 1048 μία
1263 1012 1354 1047 ἐκείνη
1371 1011 1469 1038 πολλαὶ
1486 1011 1594 1038 ἔσονται
1618 1011 1718 1042 οὐσίαι,
1737 1010 1830 1036 καὶτὸ

1043 1059 1072 1086 ἓν
1088 1059 1176 1086 ἐκεῖνο
1192 1059 1253 1086 κατ’
1267 1058 1362 1085 οὐσίαν
1375 1057 1462 1084 πολλὰ
1477 1057 1556 1084 ἔσται
1571 1056 1643 1083 κατὰ
1657 1057 1707 1091 τὴν
1723 1056 1829 1087 οὐσίαν,

1044 1105 1091 1133 καὶ
1105 1105 1206 1137 πολλὰς
1219 1104 1316 1132 οὐκοῦν
1342 1104 1437 1135 οὐσίας
1457 1103 1523 1139 ἔχει.
1551 1103 1582 1129 ΕΞ
1599 1103 1627 1130 δὲ
1654 1103 1701 1130 καὶ
1722 1102 1752 1129 ἓν
1772 1103 1831 1129 ἐστι

1043 1152 1090 1178 καὶ
1107 1152 1205 1183 πολλὰς
1218 1151 1312 1182 οὐσίας
1335 1149 1402 1186 ἔχει,
1429 1149 1556 1176 σύνθετόν
1572 1149 1629 1176 ἐστι
1651 1148 1721 1175 κατά
1741 1149 1831 1175 πᾶσαν

1044 1196 1176 1230 ἀνάγκην.
1193 1195 1302 1222 Τούτων
1327 1194 1374 1222 οὖν
1400 1194 1455 1221 τῶν
1468 1194 1513 1220 ὲπὶ
1535 1193 1662 1220 τοσοῦτον
1693 1193 1832 1220 δυσσεϐῶν

1043 1242 1235 1276 ἀγνοημάτων,
1251 1241 1266 1267 ό
1290 1240 1361 1272 θεῖος
1389 1238 1525 1274 Κύριλλος
1549 1238 1743 1273 ἐξαιρούμενος
1768 1239 1833 1269 τοὺς

1045 1287 1234 1322 πειθομένους,
1255 1287 1284 1313 ὲν
1316 1286 1410 1318 αὐτοῖς
1426 1286 1482 1316 τοῖς
1499 1285 1652 1320 Θησαυροῖς
1677 1293 1779 1320 φησιν·
1801 1285 1833 1310 Et

1045 1335 1113 1368 ὅπερ
1125 1333 1158 1360 ἂν
1173 1333 1283 1368 ὑπάρχῃ
1300 1332 1374 1367 μόνῳ
1391 1331 1429 1367 τῷ
1441 1331 1511 1366 Θεῷ,
1527 1331 1607 1357 τοῦτο
1624 1331 1731 1362 πάντως
1746 1329 1834 1356 αὐτοῦ

1045 1379 1122 1406 ἔσται
1138 1380 1184 1406 καὶ
1195 1379 1283 1409 οὐσία,
1293 1379 1325 1404 ὲκ
1340 1377 1444 1404 πολλῶν
1453 1378 1519 1413 μῖν
1528 1377 1627 1404 οὐσιῶν
1644 1377 1832 1411 συγκείσεται·

1045 1425 1131 1453 πολλὰ
1158 1425 1212 1459 γάρ
1228 1425 1301 1451 ἐστιν
1318 1424 1336 1451 ἃ.
1368 1424 1442 1459 μόνῳ
1473 1424 1522 1458 μὲν
1551 1423 1624 1458 αὐτῷ
1653 1423 1724 1450 κατὰ
1753 1424 1835 1457 φύσιν

1047 1471 1173 1507 ὑπάρχει,
1187 1471 1272 1506 ἑτέρῳ
1289 1471 1316 1497 δὲ
1329 1470 1382 1496 τῶν
1394 1470 1479 1496 όντων
1493 1469 1580 1496 οὐδενί
1593 1477 1600 1484 ·
1617 1469 1666 1495 καὶ
1679 1470 1733 1504 γὰρ
1752 1469 1834 1495 Βασι-

1046 1518 1107 1549 λεὺς
1123 1518 1169 1544 καὶ
1182 1518 1284 1552 Κύριος
1301 1517 1348 1543 καὶ
1362 1516 1497 1551 άφθαρτος
1510 1516 1556 1542 καὶ
1565 1515 1689 1550 ἀόρατος,
1701 1514 1749 1542 καὶ
1768 1514 1837 1549 πώς

1047 1564 1152 1595 τούτοις
1168 1563 1251 1597 ἕτερα
1268 1563 1354 1598 μυρία
1371 1562 1435 1598 περὶ
1458 1562 1541 1589 αὑτοῦ
1569 1560 1694 1596 λέγουσιν
1715 1561 1743 1588 ai
1763 1561 1837 1588 θεῖαι

1048 1609 1165 1645 Γραφαί.
1186 1609 1217 1634 Et
1231 1609 1321 1635 τοίνυν
1336 1608 1451 1634 ἕκαστον
1469 1608 1522 1634 τῶν
1537 1608 1612 1642 αὐτῷ
1633 1607 1790 1642 προσόντων
1808 1608 1836 1632 ἐν

1047 1655 1141 1685 οὐσίας
1157 1654 1234 1687 τάξει
1261 1654 1394 1685 κείσεται,
1417 1653 1475 1685 πῶς
1496 1652 1643 1680 oux—Enni
1673 1653 1801 1683 σύνθετος
1824 1653 1837 1678 ό

1048 1700 1166 1733 ἀπλοῡς;
1184 1699 1252 1734 ὅπερ
1265 1700 1339 1725 ἐστὶν
1355 1699 1454 1724 ἐννοεῖν
1473 1698 1656 1724 ἀτοπώτατον.

1085 1749 1137 1781 ρκ’.
1154 1746 1336 1780 Παραστήσας
1349 1745 1393 1771 διὰ
1417 1744 1522 1771 πολλῶν
1535 1745 1548 1770 ὁ
1561 1743 1641 1777 σοφὸς
1656 1743 1691 1769 τὰ.
1705 1742 1765 1769 θεῖα
1778 1742 1838 1768 Κύ-

1051 1791 1150 1828 ριλλος,
1163 1790 1200 1823 ὡς
1213 1792 1237 1818 εί
1252 1791 1298 1817 καὶ
1314 1791 1370 1826 ζωή
1387 1791 1456 1821 ἐστι,
1478 1791 1526 1816 καὶ
1550 1789 1622 1824 ζωὴν
1639 1789 1710 1823 ἔχειν
1728 1788 1838 1821 λέγεται

1050 1837 1111 1863 κατ’
1126 1836 1268 1872 ἐνέργειαν
1282 1837 1296 1862 ό
1311 1835 1386 1867 Υίὺς,
1401 1835 1438 1866 ὡς
1452 1833 1592 1867 ζωοποιῶν
1609 1834 1696 1868 ἡμᾶς,
1720 1833 1767 1860 καὶ
1781 1832 1839 1867 ζωὴ

1051 1883 1105 1909 τῶν
1122 1881 1231 1914 ζώντων
1245 1881 1293 1914 ὢν,
1309 1881 1360 1908 οὐκ
1374 1881 1448 1907 ἔστιν
1461 1881 1590 1915 ἀνόμοιος
1609 1880 1656 1906 καὶ
1673 1879 1746 1905 κατὰ
1758 1879 1839 1905 τοῦτο

1050 1928 1089 1963 τῷ
1107 1928 1192 1962 Πατρί
1203 1936 1210 1944 ⁸
1222 1929 1268 1954 καὶ
1282 1924 1359 1959 οὗτος
1369 1927 1424 1962 γὰρ
1440 1927 1581 1959 ζωοποιεῖ*
1598 1925 1683 1952 θέλων
1697 1933 1839 1960 προσαπο-

1049 1975 1146 2009 δεῖξαι,
1158 1975 1196 2006 ὡς
1213 1976 1237 2001 εἰ
1268 1975 1315 2000 καὶ
1334 1975 1370 2009 μὴ
1386 1973 1455 2008 πρὸς
1475 1973 1568 2006 ἔτερόν
1593 1980 1630 2001 τι.
1656 1972 1715 1999 ἀλλ’
1731 1972 1841 2006 dmino;

1051 2022 1139 2055 πάντη
1155 2020 1203 2047 καὶ
1218 2020 1359 2052 ἀπολύτως
1379 2019 1436 2054 ζωὴ
1449 2019 1497 2045 καὶ
1514 2018 1587 2052 ζωὴν
1606 2017 1679 2051 ἔχειν
1703 2017 1816 2051 λέγεται
1827 2018 1840 2043 ό

1052 2067 1126 2099 Υίὸς,
1146 2066 1204 2093 ἀλλ’
1217 2065 1270 2092 οὐδ’
1287 2064 1373 2096 οὕτως
1385 2064 1510 2098 ἀνόμοιός
1527 2064 1585 2090 ἐστι
1600 2062 1638 2097 τῷ
1655 2062 1745 2097 Πατρὶ
1772 2062 1841 2088 κατὰ

1051 2112 1100 2147 τὴν
1113 2112 1197 2146 ζωὴν,
1213 2111 1360 2146 ἐπειδήπερ
1380 2110 1460 2146 ἡνίκα
1473 2111 1510 2145 μὴ
1527 2109 1598 2144 ζωὴν
1610 2109 1689 2144 ἡμῶν
1703 2108 1742 2139 ὡς
1768 2108 1842 2142 ἡμᾶς

1053 2155 1236 2188 ζωοποιοῦντα
1251 2156 1296 2182 τὺν
1315 2155 1382 2182 Θεὸν
1393 2155 1522 2189 λέγομεν.
1545 2154 1602 2181 ἀλλ’
1622 2154 1732 2188 άφέτως
1754 2154 1840 2187 πάντη

1053 2203 1101 2229 καὶ
1114 2201 1333 2236 ἁπολελυμένως,
1349 2201 1505 2236 τηνικαῦτα
1514 2200 1563 2234 τὴν
1578 2199 1676 2226 οὐσίαν
1692 2199 1777 2226 αὑτοῦ
1792 2207 1841 2224 κα-

1053 2247 1152 2282 λοῦμεν
1167 2247 1221 2273 ἀπὸ
1238 2247 1287 2281 τῆς
1300 2247 1372 2274 κατὰ
1388 2246 1468 2281 φύσιν
1490 2245 1566 2281 αὺτῷ
1587 2245 1745 2280 προσούσης
1767 2246 1842 2278 ἐνερ-

1054 2292 1142 2326 γείας.
1154 2293 1250 2327 ὥσπερ
1275 2293 1322 2318 καὶ
1337 2292 1434 2326 σοφίαν
1449 2291 1498 2319 καὶ
1510 2291 1666 2326 ἀγαθότητα
1689 2290 1737 2316 καὶ
1761 2289 1843 2316 τᾶλλα

1055 2340 1153 2365 πάντα.
1168 2339 1254 2364 Τοῦτο
1265 2338 1354 2364 τοίνυν
1364 2337 1448 2364 θέλων
1459 2337 1598 2370 ἀποδεῖξαί
1610 2345 1702 2371 φησιν,
1712 2336 1749 2367 ὡς
1763 2335 1843 2362 ὀταν

1054 2385 1140 2416 οὓτως
1160 2385 1296 2420 λέγωμεν,
1312 2384 1384 2419 ζωὴν
1398 2384 1471 2419 ἔχειν
1500 2385 1529 2410 ὲν
1548 2382 1639 2417 ἑαυτῷ
1659 2383 1706 2409 τὸν
1725 2382 1843 2416 Πατέρα,

1055 2431 1127 2467 ζωὴν
1144 2431 1206 2457 τότε
1230 2430 1369 2465 καλοῦμεν
1387 2430 1432 2459 τόν
1459 2430 1535 2463 Υίδν,
1550 2430 1645 2463 ἕτερον
1672 2429 1719 2455 τοῦ
1738 2429 1842 2462 Πατρός

1056 2479 1120 2506 ὅντα
1134 2477 1209 2505 κατὰ
1222 2478 1307 2513 μόνην
1331 2477 1381 2513 τὴν
1412 2477 1574 2506 ὑπόστασιν.
1600 2476 1669 2502 ἀλλὰ
1697 2475 1759 2509 οὐχὶ
1776 2474 1846 2500 κατὰ

1055 2526 1106 2561 τὴν
1121 2526 1205 2560 ζωήν.
1233 2525 1279 2551 Διδ
1304 2524 1366 2551 οὐδὲ
1382 2523 1507 2555 σύνθεσίς
1526 2532 1567 2554 τις
1589 2524 1635 2549 καὶ
1662 2522 1759 2557 διπλόη
1784 2522 1845 2556 περὶ

1054 2572 1136 2599 αὐτὸν
1149 2572 1260 2603 νοείται,
1283 2570 1331 2597 καὶ
1351 2570 1396 2596 ὅτε
1419 2568 1502 2596 πάλιν
1520 2568 1593 2602 ζωὴν
1608 2570 1636 2593 ἐν
1649 2568 1738 2601 ἑαυτῷ
1757 2575 1846 2601 φαμεν

1055 2620 1127 2655 ἔχειν
1138 2619 1184 2646 τὸν
1195 2618 1270 2649 Υίδν,
1281 2617 1331 2652 τὴν
1340 2615 1551 2651 ἀπολελυμένους
1565 2615 1717 2649 νοουμένην
1729 2614 1846 2647 ἐκείνην,

1056 2665 1128 2700 ζωὴν
1139 2663 1278 2698 καλοῦμεν
1296 2663 1342 2689 τὸν
1361 2662 1471 2697 Πατέρα
1487 2669 1495 2676 ·
1511 2661 1569 2695 ζωὴ
1592 2661 1648 2695 γὰρ
1670 2659 1709 2685 ὢν
1733 2660 1764 2685 οὺ
1783 2659 1848 2693 πρὸς

1055 2711 1159 2745 ἕτερον,
1176 2709 1234 2736 ἀλλ’
1249 2709 1358 2742 άφέτως
1373 2707 1455 2740 αὐτὸς
1466 2705 1529 2733 καθ’
1547 2705 1645 2732 ἑαυτὸν
1660 2706 1674 2730 ὸ
1687 2705 1786 2740 Πατὴρ
1803 2703 1849 2730 καὶ

1056 2760 1070 2785 ὁ
1089 2757 1152 2789 Tib;
1161 2757 1190 2783 tv
1203 2755 1330 2792 ἀλλήλοις
1341 2754 1412 2782 είσίν
1423 2762 1430 2770 ’
1446 2753 1527 2785 αὐτὸς
1538 2752 1593 2787 γὰρ
1607 2751 1732 2787 είρηκεν,
1748 2760 1759 2778 ι
1778 2749 1847 2783 Ἐγὼ
