1947 3072
174 118 244 153 1207
799 113 985 145 GREGORII

172 181 203 203 ut
233 180 316 202 entia.
334 173 392 201 luto
422 177 463 200 est
485 172 607 207 quaedam
637 170 797 197 aiﬁrmativa
825 169 960 204 theologia
978 168 1000 197 Δ

173 219 304 255 negativae
331 218 473 252 theologia:
497 217 550 243 vim
583 215 686 243 habens
704 223 712 248 ;
731 215 802 242 sicut
819 222 880 242 cum
901 214 967 241 dicit

173 266 294 300 aliquis:
309 264 403 292 Omnis
435 261 547 290 scientia
568 261 602 289 de
619 260 711 295 aliquo
734 259 839 294 objecto
857 259 966 292 dicitur,

175 312 280 341 scilicet
299 311 332 338 de
347 317 380 338 eo
395 309 466 344 quod
478 308 650 343 cognoscitur
665 306 800 341 ;scientia
813 310 903 333 autem
919 305 965 333 Dei

175 360 247 387 circa
283 356 386 385 nullum
407 353 543 390 obiectum
566 353 675 381 dicitur.
692 353 783 387 ipsum
808 352 880 380 enim
900 351 967 379 illud

176 405 242 432 dicit
255 404 340 431 Deum
372 409 426 429 non
447 407 612 436 cognoscere
626 399 698 427 entia
727 403 861 434 quatenus
879 398 966 430 entia,

178 455 206 476 et
225 447 370 477 scientiam
393 454 482 473 rerum
498 452 551 473 non
564 444 673 477 habere,
690 443 761 471 sicut
774 450 824 470 nos
833 441 967 469 videlicet.

175 496 274 523 Eodem
294 502 342 529 per
362 491 525 529 hyherbolen
554 491 633 518 modo
656 489 756 517 dicitur
780 489 862 516 etiam
881 487 967 515 Deum

175 550 229 569 non
247 549 317 569 esse.
335 540 386 573 Qui
401 544 490 566 autem
506 539 559 565 hoc
571 537 638 564 dicit
649 537 682 563 ad
690 534 897 570 signiﬁcandum
914 540 967 560 non

179 591 247 616 bene
264 587 357 614 dicere
370 593 416 614 eos
431 585 476 620 qui
494 583 588 611 dicunt
609 589 668 610 esse
691 581 786 614 Deum,
799 584 873 615 patet
897 579 967 606 enim

177 642 231 661 non
251 640 298 668 per
327 631 503 668 hyperbolem
532 629 570 658 uti
593 629 717 664 negativa
747 626 894 661 theologia.
921 625 968 652 sed

177 688 226 716 per
249 679 376 714 ellipsim,
392 677 503 713 perinde
514 683 546 704 ac
570 675 592 702 si
603 674 695 702 nullus
721 672 775 700 ullo
791 671 872 700 modo
897 675 970 699 esset

177 726 248 754 Deus
266 733 275 754 ι
292 725 364 760 quod
391 728 433 751 est
457 721 605 757 impietatis
630 719 802 756 hyperbola;
829 722 856 746 et
886 718 969 756 quod,

178 772 248 799 eheu
264 771 272 799 ι
289 769 394 797 iaciunt
409 767 455 802 qui
473 767 595 802 negativa
614 762 749 798 theologia
779 761 893 789 inliciari
922 767 968 787 co-

177 821 278 845 nantur
296 816 448 842 increatam
468 813 556 840 inesse
575 810 630 838 Deo
650 815 706 836 tum
736 807 896 839 essentiam,
914 811 968 832 tum

182 863 381 898 operationem.
397 859 453 887 Nos
469 865 532 886 vero
546 864 599 885 non
630 856 789 883 alterutram
813 850 899 881 altera
924 852 970 879 de-
985 844 1006 871 Β

179 913 331 941 struentes,
351 907 443 942 potius
457 905 489 933 de
507 909 623 938 utraque
632 903 704 938 piam
721 900 836 928 ﬁrmiter
848 904 970 926 tenemus

179 955 341 984 doctrinam.

217 1045 280 1074 124.
296 1045 337 1073 Ad
356 1048 469 1071 cunctas
488 1041 705 1070 adversariorum
722 1037 910 1065 cavillationes
927 1036 969 1062 di-

181 1093 307 1121 luendum
323 1094 350 1117 et
374 1089 491 1123 amplam
509 1085 683 1122 relegendnm
705 1083 879 1112 dementiam.
898 1082 972 1109 solii-

181 1139 256 1168 tiens
271 1141 335 1172 puto
352 1135 433 1163 breve
448 1135 500 1162 hoc
517 1132 605 1160 Patris
618 1130 730 1159 eliatum
747 1137 755 1157 :
776 1138 784 1154 ι
805 1128 871 1156 Sine
896 1128 971 1162 prin-

182 1185 254 1219 cipio
276 1186 327 1216 est,
359 1181 487 1216 inquit,et
507 1178 682 1214 principium,
696 1181 724 1203 et
750 1175 822 1209 quod
845 1179 887 1203 est
907 1180 968 1201 cum

185 1230 328 1267 principio.
351 1227 426 1256 Unus
436 1227 509 1254 Deus
523 1234 531 1259 ;
549 1226 596 1253 sed
618 1223 791 1260 principium,
806 1229 839 1249 eo
852 1219 924 1256 quod
937 1219 974 1246 sit

186 1265 365 1314 principium,
378 1282 433 1302 non
452 1273 511 1301 ideo
528 1276 672 1306 separatur
683 1270 716 1296 ah
729 1276 761 1296 eo
773 1267 845 1302 quod
861 1271 902 1294 est
914 1265 974 1292 sine

185 1313 328 1361 principio.
345 1321 405 1349 Non
418 1321 490 1348 enim
506 1323 601 1346 natura
618 1317 657 1344 illi
670 1321 712 1344 est
726 1322 786 1342 esse
800 1313 973 1349 principium,

184 1360 259 1400 sicut
273 1376 322 1397 nec
340 1369 403 1395 huic
417 1373 479 1394 esse
502 1365 562 1393 sine
579 1362 723 1399 principio.
745 1362 807 1389 Haec
823 1360 894 1387 cnim
911 1363 974 1386 sunt

183 1419 257 1446 circa
291 1420 428 1445 naturam,
449 1420 500 1440 non
528 1418 594 1438 vero
619 1414 725 1437 natura.
744 1417 753 1433 ι
770 1406 842 1440 Quid
866 1405 975 1442 igitur?

184 1464 253 1492 Num
269 1461 333 1497 quia
348 1468 402 1488 non
416 1463 524 1489 natura,
540 1457 587 1485 sed
604 1456 676 1483 circa
693 1459 820 1482 naturam
836 1457 900 1479 sunt
913 1458 974 1478 esse

185 1509 347 1546 principium
362 1511 389 1535 et
406 1512 467 1533 esse
482 1504 541 1531 sine
567 1501 712 1538 principio,
731 1503 823 1528 creata
835 1499 895 1526 ideo
916 1498 973 1524 bare

187 1556 286 1591 aliquis
300 1552 412 1586 dixerit,
429 1551 483 1579 nisi
500 1550 596 1578 deliret
611 1549 622 1575 '2
641 1548 709 1581 Quia
724 1552 815 1574 autem
842 1546 898 1572 haec
913 1547 977 1572 sunt

187 1589 307 1631 increata
329 1605 355 1627 et
374 1600 400 1626 iu
421 1602 517 1625 natura
534 1596 581 1625 Dei
599 1595 703 1626 insunt,
717 1592 918 1627 conipositusne
935 1589 975 1616 ιιι.

187 1651 261 1677 circo
293 1648 367 1675 Deus
391 1645 615 1679 ‘iNequaquain:
635 1647 725 1668 nonne
750 1640 821 1668 enim
850 1637 976 1665 distincta

187 1698 252 1723 sunt
269 1701 282 1719 a
298 1697 393 1720 natura
409 1690 530 1718 iVerum
546 1687 568 1715 si
592 1691 702 1715 econtra
715 1685 786 1713 idem
799 1688 869 1711 esset
881 1687 976 1709 natura

188 1747 269 1774 quam
280 1737 412 1765 naturalia
427 1735 474 1763 Dei
486 1735 625 1766 attributa,
638 1733 818 1767 compositum
841 1734 904 1756 tunc
917 1734 977 1756 esse

190 1786 274 1813 Deum
292 1789 389 1819 printer
403 1783 472 1810 alios
490 1782 585 1810 Patres
598 1779 691 1807 multis
701 1777 791 1805 verbis
804 1782 918 1811 magnus
933 1775 977 1801 de-

191 1835 328 1860 monstrat
344 1829 473 1866 Cyrillus.
489 1828 529 1856 Tu
550 1834 614 1855 vero
634 1831 761 1861 percurre
775 1830 880 1850 mecum
908 1821 976 1849 scri-

191 1885 234 1916 pta
252 1879 342 1914 magni
363 1877 456 1905 Basilii
485 1880 514 1903 et
528 1874 649 1910 germani
681 1873 740 1907 ejus
758 1877 886 1904 germana
917 1876 978 1896 sen-

192 1927 283 1955 tientis
301 1930 396 1954 contra
409 1923 582 1951 Eunomium.
596 1921 634 1949 lbi
647 1920 720 1948 enim
736 1918 854 1953 reperies
866 1917 978 1945 eviden-

192 1981 233 2003 ter
244 1981 307 2003 cum
341 1971 473 1999 Eunomio
488 1969 632 1998 concinere
648 1966 829 1996 adversarios,
864 1968 892 1991 et
904 1963 979 1990 solli-

192 2021 307 2050 cientem
324 2024 419 2045 eorum
439 2014 551 2045 habebis
562 2011 783 2042 coniutatiouem.

229 2155 292 2184 1‘25.
313 2155 426 2188 Propter
450 2151 634 2179 Eunomiaitos
651 2149 815 2177 arbitrantes
833 2154 886 2174 uon
906 2154 980 2174 eam-

193 2203 254 2231 datn
267 2207 327 2230 esse
341 2199 431 2233 Patris
442 2203 469 2226 et
482 2197 542 2225 Filii
558 2196 717 2228 essentiam,
731 2195 795 2229 quia
811 2200 893 2220 omne
906 2193 978 2227 quod
996 2189 1017 2217 D

194 2250 226 2277 de
236 2249 290 2276 Deo
301 2248 411 2280 dicitur,
424 2245 572 2273 secundum
582 2243 728 2271 essentiam
740 2241 794 2269 dici
807 2240 977 2273 existimant,

194 2301 218 2322 «ιι
235 2294 351 2330 probare
361 2296 506 2323 conantur,
523 2296 557 2317 eo
573 2289 645 2324 quod
666 2294 798 2323 generare
813 2291 840 2313 et
851 2285 978 2321 generari

194 2341 249 2367 sint
272 2339 390 2372 divorsa,
410 2337 470 2364 ideo
496 2341 522 2363 et
549 2335 684 2362 csseutias
700 2339 760 2361 esse
785 2332 925 2363 diversas;
953 2334 980 2356 ct

195 2393 305 2422 propter
324 2393 371 2412 eos
385 2384 432 2419 qui
458 2391 552 2411 contra
579 2382 672 2409 dicunt
691 2388 743 2408 non
770 2378 896 2408 eumdem
919 2384 981 2404 esse

195 2435 279 2463 Deum
306 2431 353 2467 qui
383 2429 464 2457 habet
487 2428 608 2456 divinam
635 2426 783 2454 essentiam
807 2429 835 2451 et
861 2424 980 2451 divinam

195 2479 393 2516 operationem,
424 2477 487 2510 quia
512 2481 592 2502 omne
620 2474 693 2509 quod
723 2472 759 2500 de
785 2472 840 2498 Deo
870 2470 980 2502 dicitur,

195 2526 342 2555 essentiam
356 2530 415 2551 esse
429 2527 536 2558 putant,
547 2525 572 2547 cl
583 2520 699 2555 probare
707 2523 854 2550 conantur,
867 2525 899 2544 eo
909 2516 981 2551 quod

196 2574 286 2608 aliqua
299 2573 334 2599 sit
351 2569 491 2598 distinctio
506 2567 632 2596 essentia;
648 2571 675 2593 et
687 2564 854 2599 operationis
869 2563 979 2594 divinae,

198 2619 297 2646 inultos
321 2617 382 2645 ideo
399 2623 432 2643 ac
448 2614 571 2642 diversos
586 2619 648 2639 esse
660 2612 726 2638 deos
742 2610 917 2640 :osteuditur
929 2617 981 2636 non

198 2673 278 2694 omne
298 2663 370 2699 quod
395 2662 428 2688 de
447 2661 501 2688 Deo
530 2659 639 2690 dicitur,
669 2658 819 2685 secundum
834 2655 983 2683 essentiam

199 2713 262 2743 dici,
275 2711 322 2738 sed
331 2710 383 2737 dici
400 2709 481 2736 etiam
500 2707 622 2738 relative,
636 2705 663 2732 id
683 2709 726 2731 est
740 2707 864 2737 respectu
879 2701 913 2729 ad
935 2701 985 2728 ali-

198 2759 262 2792 quid
277 2757 348 2791 quod
365 2756 422 2789 ipse
434 2762 489 2781 non
509 2758 562 2784 est,
583 2752 657 2779 verbi
676 2751 766 2787 gratia
781 2750 863 2777 Pater
885 2748 986 2776 dicitur

199 2802 311 2828 t-‘latlve
336 2801 368 2827 ad
387 2799 497 2831 Filium,
523 2806 585 2825 natn
604 2796 684 2825 Pater
699 2804 752 2824 nan
771 2800 813 2823 est
826 2794 931 2833 FiUus;
958 2799 986 2821 et

201 2846 330 2873 Dominus
345 2845 493 2880 respectivc
508 2844 540 2872 ad
559 2842 708 2870 servientes
724 2847 873 2871 creaturas,
891 2839 978 2866 domi-

1016 110 1181 143 PALAMIE
1731 111 1800 143 nos

1027 172 1086 190 σκει
1101 164 1180 191 αὐτά.
1191 164 1269 191 Ἔστι
1284 164 1313 191 δὲ
1323 165 1370 192 καὶ
1387 167 1562 203 καταφατικὴ
1586 167 1720 203 θεολογία,
1732 170 1813 197 δύνει·

1029 219 1074 245 μιν
1100 211 1275 244 ἀποφατικῆς
1305 211 1445 247 θεολογίας
1461 213 1560 248 ἔχουσα
1574 223 1581 230 ·
1605 215 1644 246 ὡς
1657 216 1723 243 ὅταν
1746 218 1813 253 εῐπῃ

1027 266 1069 288 τις
1082 266 1089 272 ⁸
1107 258 1184 284 Πᾶσα
1203 258 1303 292 γνῶσις
1317 258 1388 286 κατά
1403 268 1476 291 τινος
1495 261 1676 296 ὑποκειμένου
1691 245 1811 298 λέγεταιῗ

1026 303 1146 339 δηλονότι
1161 303 1208 331 τοῦ
1224 305 1438 339 γινωσκομένου.
1460 306 1493 332 Ἦ
1507 306 1537 333 δὲ.
1553 307 1600 333 τοῦ
1628 307 1696 335 Θεοῦ
1709 310 1812 343 γνῶσις

1027 350 1086 376 κατ’
1101 350 1208 381 οὐδενὸς
1231 351 1413 386 ὑποκειμένου
1427 351 1547 386 λέγεται.
1564 353 1635 380 Αὐτὸ
1646 355 1701 389 γὰρ
1724 356 1813 383 ἐκεῖνο

1027 404 1120 431 φησιν,
1137 396 1173 428 ὡς
1187 397 1200 423 ὁ
1219 396 1284 428 Θεὸς
1303 397 1334 424 ού
1350 396 1480 431 γινώσκει
1497 398 1531 425 τὰ
1545 398 1610 426 ὂντα
1663 399 1747 427 ὂνταο
1764 402 1812 428 καὶ

1027 441 1075 476 τὴν
1089 441 1142 469 τῶν
1154 441 1239 469 ὄντων
1252 443 1353 476 γνῶσιν
1367 443 1417 470 οὐκ
1442 443 1510 479 ἔχει,
1531 444 1569 476 ὡς
1582 446 1663 480 ἡμεῖς
1679 438 1811 481 δηλονότι.

1028 487 1127 514 Τοῦτον
1140 487 1194 523 γὰρ
1217 487 1262 514 τὸν
1281 488 1392 523 τρόπον,
1418 489 1466 515 καὶ
1489 490 1522 516 τὸ
1538 490 1576 525 μὴ
1592 489 1663 517 εῖναι
1679 492 1725 518 τὸν
1745 492 1812 518 Θεὸν

1028 533 1089 560 καθ’
1106 533 1243 569 ὑπεροχὴν
1254 533 1376 568 λέγεται.
1414 534 1444 562 Ὀ
1461 535 1489 562 δὲ
1511 536 1591 562 τοῦτο
1613 536 1709 570 λέγων,
1727 539 1767 569 εἰς
1781 539 1813 564 τὺ

1026 578 1111 610 δεῖξαι
1141 580 1178 615 μὴ
1206 580 1295 612 καλῶς
1317 580 1406 614 λέγειν
1431 581 1494 612 τοὺς
1523 581 1652 615 λέγοντας
1675 581 1746 610 εἶναι
1765 584 1812 610 τὸν

1027 623 1104 654 Θεὸν,
1119 625 1233 659 φανερός
1246 625 1304 651 ἐστι
1321 624 1358 660 μὴ
1381 625 1442 651 καθ’
1459 625 1597 661 ὑπεροχὴν
1623 626 1762 662 χρώμενος
1779 631 1811 664 τῇ

1027 656 1331 706 ἀποφατικῇ-θεολογία,
1347 656 1416 697 ἆλλά
1428 672 1488 697 κατ’
1503 656 1689 706 tristi/ivro;
1699 656 1812 709 μηδαμῆ

1028 715 1159 751 μηδαμῶς
1176 716 1253 754 ὄντος
1265 716 1311 744 τοῦ
1340 716 1419 744 Θεοῦ.
1436 717 1522 744 Τοῦτο
1541 718 1569 744 δὲ
1586 719 1714 750 ἀσεδείας
1737 722 1812 747 ἐστὶν

1026 762 1174 798 ὑπερϐολή.
1185 762 1229 794 Ὃ,
1243 761 1310 796 eam
1324 761 1474 796 πάσχουσιν
1487 761 1563 788 οιδιὰ
1573 761 1623 796 τῆς
1638 762 1812 797 ἀποφατικῆς

1023 809 1162 843 θεολογίας
1181 807 1384 843 ἐπιχειροῦντες
1410 807 1551 842 ἀναιρεῖν,
1571 807 1608 839 th;
1636 808 1693 843 ἔχει
1715 810 1729 836 ὁ
1744 809 1810 841 Θεὸς

1023 855 1069 882 καὶ
1083 854 1176 881 οὐσίαν
1191 855 1238 880 καὶ
1250 853 1392 888 ἐνέργειαν
1407 853 1545 879 ᾶκτιστον.
1567 853 1664 887 Ἡμεῖς
1676 854 1699 880 δ¹
1715 854 1754 886 ὡς
1771 856 1808 890 μὴ

1022 900 1068 927 ὑπ’
1083 899 1205 935 ἀλλήλων
1227 898 1440 933 ἀναιρουμένας,
1459 898 1618 934 ἀμφοτέρας
1645 900 1810 935 στέργομεν·

1023 945 1210 980 βεϐαιούμενοι
1224 944 1325 980 μᾶλλον
1355 943 1399 978 ὑφ’
1421 944 1555 979 ἑκατέρας
1576 944 1617 975 εἰς
1641 945 1692 980 τὴν
1707 945 1810 980 εὐσεΰῆ

1017 989 1046 1017 ’δι
1051 991 1150 1018 ἄνοιαν.

1062 1036 1127 1071 ρκδ’.
1142 1037 1198 1068 Τὰς
1211 1036 1266 1063 τῶν
1280 1035 1407 1063 ἐναντίων
1422 1036 1579 1071 ἐρεσχελιας
1596 1035 1697 1069 πάσας,
1714 1036 1814 1066 τελέως

1024 1083 1159 1115 καθελεῖν,
1189 1082 1237 1109 καὶ
1264 1081 1370 1109 πλατὺν
1398 1081 1480 1116 λῆρον
1505 1081 1657 1114 ἀποδείξαι,
1685 1083 1814 1117 ἀποχρῶν

1022 1126 1091 1156 εἷναι
1116 1129 1228 1164 νομίζω,
1248 1128 1294 1154 καὶ
1309 1127 1396 1163 βραχὺ
1418 1128 1495 1162 ῥῆμα
1513 1127 1660 1162 [ἰατρικόν.
1680 1128 1815 1162 ’Δναρχον

1024 1176 1090 1210 γὰρ,
1110 1175 1186 1210 φησὶ,
1205 1175 1252 1201 καὶ
1280 1173 1362 1209 ἀρχὴ,
1383 1173 1432 1200 καὶ
1450 1174 1480 1200 τὸ
1500 1173 1570 1208 μετὰ
1588 1173 1639 1208 τῆς
1654 1174 1750 1207 ἀρχῆς.
1767 1171 1814 1206 Εἷς

1023 1221 1090 1252 Θεός
1104 1229 1111 1237 ’
1127 1221 1184 1247 ἀλλ’
1205 1220 1255 1255 οὐχ
1265 1220 1282 1255 ἡ
1304 1219 1386 1255 ἀρχὴ,
1399 1219 1438 1254 τῷ
1458 1219 1528 1254 ἀρχὴ
1543 1217 1614 1246 εἶναι
1631 1219 1678 1246 τοῦ
1694 1221 1814 1254 ἀνάρχου

1024 1266 1185 1301 διείργεται.
1205 1266 1242 1292 Οὺ
1259 1265 1313 1301 γὰρ
1327 1264 1407 1299 φύσις
1424 1265 1498 1300 αὐτῷ
1512 1266 1529 1300 ἡ
1544 1265 1615 1300 ἀρχή
1629 1273 1635 1280 ·
1652 1265 1747 1301 ὥσπερ
1759 1265 1815 1292 οὐδ’

1024 1312 1121 1347 ἐκείνῳ
1136 1312 1165 1337 τὸ
1185 1312 1313 1347 ἄναρχον.
1336 1311 1404 1346 Περὶ
1421 1311 1475 1345 γὰρ
1500 1310 1549 1346 τὴν
1575 1311 1664 1346 φύσιν,
1683 1312 1714 1338 οὺ
1730 1312 1816 1339 ταῦτα

1026 1359 1115 1393 φύσις.
1131 1357 1163 1384 Τί
1178 1355 1225 1384 οὖν
1238 1365 1246 1390 ;
1263 1357 1303 1383 ὅτι
1322 1357 1359 1392 μὴ
1372 1357 1466 1391 φύσις,
1479 1356 1547 1382 ἀλλὰ
1559 1357 1624 1391 περὶ
1644 1357 1693 1392 τὴν
1707 1357 1788 1391 φύσιν
1799 1359 1816 1394 ή

1027 1403 1110 1439 ἀρχὴ,
1126 1403 1218 1430 καὶτὸ
1239 1403 1367 1438 ἄναρχον,
1387 1403 1485 1430 κτιστὰ
1503 1403 1578 1429 ταῦτ’
1593 1404 1651 1438 ipsi
1668 1412 1720 1435 τις.
1737 1405 1761 1430 ει
1779 1405 1817 1440 μὴ

1029 1450 1152 1485 μαίνοιτο
1167 1458 1174 1483 ;
1189 1449 1292 1476 τούτων
1304 1449 1332 1476 δὲ
1348 1449 1484 1477 ἀκτίστων
1499 1449 1593 1482 δντων,
1617 1450 1666 1476 καὶ
1684 1451 1717 1484 τῇ
1735 1450 1817 1484 φύσει

1027 1496 1074 1522 τοῦ
1091 1495 1159 1522 Θεοῦ
1180 1496 1346 1531 προσόντων,
1363 1495 1490 1526 σύνθετος
1504 1495 1581 1530 παρὰ
1597 1495 1677 1522 τοῦτο
1697 1497 1711 1521 ὁ
1726 1496 1794 1527 Θεός
1808 1504 1816 1527 ς

1028 1543 1163 1578 Οὐδαμῶς
1179 1551 1186 1558 ·
1198 1543 1228 1570 οὐ
1245 1543 1300 1578 γὰρ
1315 1543 1452 1579 διενήνοχε
1469 1543 1517 1578 τῆς
1528 1542 1602 1574 Θείας
1615 1543 1722 1576 φύσεως
1736 1551 1743 1559 ·
1759 1543 1811 1569 ἀλλ

1028 1591 1052 1616 ει
1067 1590 1148 1625 φύσις
1167 1589 1267 1624 μᾶλλον
1283 1589 1326 1624 εἴη
1347 1589 1381 1616 τὰ
1408 1589 1530 1624 φυσικῶς
1544 1589 1679 1623 προσόντα
1693 1588 1731 1624 τῷ
1746 1589 1818 1624 Θεῷ,

1030 1635 1158 1664 σύνθετον
1173 1633 1244 1662 εἷναι
1260 1635 1292 1663 τὸ
1310 1635 1387 1662 Θεῖον
1404 1635 1472 1670 πρὸς
1497 1636 1553 1666 τοῖς
1569 1635 1659 1667 ἄλλοις
1681 1635 1819 1670 lla-spici,

1029 1682 1076 1709 καὶ
1090 1683 1104 1708 ὁ
1132 1681 1220 1717 μέγας
1244 1681 1288 1708 διὰ
1311 1681 1417 1708 πολλῶν
1439 1681 1562 1707 διδάσκει
1579 1680 1722 1715 Κύριλλος.
1739 1680 1777 1706 Σὺ
1792 1681 1821 1706 δέ

1032 1737 1076 1764 μοι
1095 1728 1182 1755 δίελθε
1204 1728 1240 1755 τὰ
1269 1728 1316 1754 τοῦ
1345 1727 1463 1762 μεγάλου
1488 1726 1640 1758 Βασιλείου,
1659 1727 1707 1752 καὶ
1721 1727 1755 1752 τὰ
1772 1726 1822 1752 τοῦ

1030 1774 1144 1811 ἀδελφοῦ
1161 1774 1208 1801 καὶ
1223 1773 1325 1808 ἀδελφὰ
1349 1772 1512 1808 φρονοῦντος
1538 1772 1625 1806 τούτῳ
1656 1771 1724 1806 πώς
1739 1772 1820 1798 Εὐνό-

1032 1829 1104 1856 μιον.
1122 1821 1195 1847 Ἐκεῖ
1205 1820 1259 1856 γὰρ
1272 1820 1401 1855 εὑρήσεις
1415 1819 1537 1855 ἐναργῶς
1552 1818 1677 1853 Εὖνομίῳ
1694 1819 1821 1854 συνᾷδον.

1030 1875 1079 1897 τας
1092 1867 1154 1897 τοὺς
1171 1865 1242 1893 κατὰ
1252 1865 1306 1892 τῶν
1325 1865 1455 1892 ἐναντίων
1470 1885 1478 1898 ,
1496 1866 1540 1892 καὶ
1557 1864 1612 1890 τῶν
1632 1864 1699 1899 πρὸς
1722 1864 1823 1897 αὐτοὺς

1032 1913 1218 1947 ἀντιῤῥήσεων
1237 1911 1307 1944 ἕξεις
1323 1911 1440 1946 διαρκῶς

1067 2146 1131 2182 ρκε”.
1143 2145 1192 2172 Διὰ
1201 2145 1264 2175 τοὺς
1278 2141 1472 2176 Εὑνομιανοὺς,
1487 2137 1631 2170 δοκοῦντας
1651 2135 1690 2170 μὴ
1704 2134 1755 2169 τὴν
1770 2133 1820 2161 αὺ-

1031 2179 1080 2229 τὴν
1108 2191 1215 2226 [ἰατρὸς
1240 2188 1310 2216 εἶναι
1331 2189 1380 2215 καὶ
1392 2186 1458 2213 Υίοῦ
1473 2184 1579 2215 οὐσίαν,
1599 2181 1695 2216 ἐπειδὴ
1712 2181 1768 2207 πᾶν
1790 2179 1822 2205 τὸ

1031 2227 1094 2274 περὶ
1107 2238 1176 2265 Θεοῦ
1190 2236 1347 2271 λεγόμενον,
1370 2232 1431 2261 κατ’
1447 2231 1541 2258 οὐσίαν
1553 2228 1683 2263 λέγεσθαι
1708 2227 1821 2256 οἴονται,

1031 2286 1079 2313 καὶ
1092 2282 1302 2320 φιλονεικοῦσιν,
1316 2281 1354 2312 ὼς
1370 2279 1431 2308 ἐπεὶ
1449 2279 1480 2304 τὸ
1498 2277 1597 2311 γιννᾷν
1613 2275 1661 2302 καὶ
1675 2272 1823 2308 γεννᾶσθαι

1031 2315 1146 2365 διάφορά
1166 2330 1238 2360 ἐστι,
1254 2327 1298 2354 διὰ
1312 2325 1392 2352 τοῦτο
1411 2324 1458 2352 καὶ
1468 2322 1561 2354 οὐσίας
1577 2321 1723 2355 διαφόρους
1742 2315 1821 2347 εἶναι,

1032 2361 1134 2404 καὶίδίὰ
1151 2375 1214 2406 τοὺς
1232 2372 1424 2406 ἀντιλέγοντας
1446 2369 1483 2405 μὴ
1498 2369 1544 2396 τὸν
1560 2367 1640 2394 αὑτὸν
1655 2365 1722 2392 Θεὸν
1741 2361 1823 2392 εἶναι.

1033 2424 1078 2449 τὸν
1093 2421 1189 2457 ἔχοντα
1206 2420 1254 2447 καὶ
1268 2421 1320 2454 τὴν
1339 2417 1414 2444 Θείαν
1443 2415 1537 2442 οὐσίαν
1564 2413 1610 2440 καὶ
1630 2413 1679 2447 τὴν
1692 2411 1768 2437 θείαν
1783 2411 1826 2435 ὲν-

1035 2455 1143 2502 έργειοιν
1158 2475 1165 2482 ”
1183 2464 1277 2500 ἐπειδὴ
1293 2464 1346 2491 πᾶν
1361 2463 1392 2489 τὸ
1408 2461 1474 2496 περὶ
1490 2460 1559 2487 Θεοῦ
1574 2459 1720 2493 λεγόμενον
1731 2455 1824 2482 οὐσίαν

1035 2513 1104 2541 εἱναι
1116 2513 1228 2544 οἴονται,
1243 2511 1291 2538 καὶ
1302 2507 1503 2544 φιλονεικοῦσιν
1513 2506 1550 2537 ὡς
1564 2503 1682 2538 διαφορά
1696 2502 1737 2533 τίς
1753 2502 1827 2527 ἔστιν

1036 2560 1131 2594 οὐσίας
1148 2558 1195 2585 καὶ¹
1217 2556 1359 2591 ἐνεργείας
1380 2554 1467 2586 θείας,
1489 2551 1603 2582 πολλοὺς
1620 2550 1666 2576 καὶ
1683 2547 1828 2582 διαφόρους

1037 2604 1108 2633 εἶναι
1129 2603 1206 2634 θεούς
1220 2610 1227 2617 ·
1256 2602 1395 2628 δείκνυται
1419 2599 1457 2634 μὴ
1473 2606 1527 2625 παν
1540 2597 1569 2624 τὸ
1583 2596 1647 2630 περὶ
1663 2593 1732 2621 Θεοῦ
1753 2591 1829 2625 λεγὸ-

1041 2659 1121 2688 μενον
1133 2650 1192 2677 κατ’
1206 2648 1300 2676 οὐσίαν
1311 2645 1440 2681 λέγεσθαι
1453 2653 1459 2660 ·
1473 2643 1541 2671 ἀλλὰ
1558 2640 1686 2675 λέγεσθαι
1698 2640 1746 2666 καὶ
1764 2639 1831 2665 ἁνα-

1041 2696 1161 2732 φορικῶς
1177 2706 1183 2712 ·
1203 2695 1326 2721 τουτέστι
1342 2692 1410 2727 πρὸς
1427 2700 1464 2721 τι,
1479 2691 1549 2724 ὅπερ
1567 2687 1649 2717 αὐτὸς
1664 2686 1716 2712 οὐκ
1734 2685 1807 2710 ἐστιν
1822 2691 1829 2698 ·

1040 2745 1134 2778 ὥσπερ
1148 2744 1162 2770 ὁ
1176 2741 1270 2776 Πατὴρ
1291 2740 1400 2773 λέγεται
1418 2738 1485 2773 προς
1504 2736 1549 2762 τὸν
1562 2734 1636 2761 Υἱόν.
1653 2733 1690 2758 Οὐ
1708 2733 1761 2766 γάρ
1777 2732 1834 2758 ἔστι

1042 2777 1137 2825 Πατὴρ
1151 2791 1164 2816 ὁ
1183 2788 1249 2820 Υἱός
1265 2795 1272 2803 ·
1291 2786 1339 2812 καὶ
1364 2784 1466 2820 Κύριος
1491 2782 1558 2818 πρὸς
1584 2780 1634 2815 τὴν
1657 2777 1835 2805 δουλεύουσαν

1044 2824 1133 2865 κτίσιν
1150 2844 1156 2851 ·
1174 2833 1296 2870 κυριεύει
1315 2833 1369 2868 γὰρ
1393 2833 1407 2859 ὁ
1422 2830 1487 2866 Θεὸς
1501 2829 1555 2855 τῶν
1580 2827 1608 2854 ὲν
1628 2826 1718 2862 χρόνῳ
1741 2824 1789 2851 καὶ
1809 2824 1837 2849 ἐν
