1947 3072
229 115 292 149 1211
849 117 1041 148 GREGORII

1066 119 1109 148 PA
1116 119 1230 149 [ΑΜΕ
1788 123 1853 152 1212

225 180 271 214 qui
293 179 404 213 spiritus
426 182 547 210 vocatur,
573 177 641 205 nihil
660 177 731 204 aliud
745 183 806 204 esse
821 181 910 211 potest
927 185 1001 212 quam

1056 179 1105 207 καὶ
1118 180 1229 215 Πνεῦμα
1243 180 1418 214 ὀνομάζεται,
1437 180 1514 207 οὐδὲν
1536 181 1629 216 ἕτερον
1646 182 1717 209 εῑναι
1729 182 1841 208 δυνατὸν

226 226 274 252 Dei
295 225 428 260 operatio.
449 233 459 250 ι
477 223 534 251 Hoc
543 223 616 250 enim
636 223 756 251 ostendit
770 223 864 250 dicens
883 232 891 250 :
913 232 922 250 ι
938 223 1007 256 Quid

224 271 296 299 enim
312 271 384 298 aliud
403 271 494 299 esset?
507 269 638 303 autcnjus
652 269 743 297 esset?
759 279 769 295 ι
785 270 818 297 Ει
835 270 1010 303 praestituens

226 317 361 352 quomodo
382 316 449 342 nihil
468 315 554 348 aliud,
574 323 628 343 non
645 315 774 348 qualitas,
790 323 840 343 nec
857 317 1009 350 quantitas,

226 372 274 391 nec
290 364 390 397 aliquid
409 362 563 398 huiusmodi
587 363 706 390 residere
722 363 748 390 in
769 363 822 390 Deo
842 362 942 397 possit,
962 362 1010 390 sed

224 409 346 444 operatio
361 413 475 441 tantum,
490 409 582 437 subdit
597 416 605 436 :
620 417 630 434 ι
648 408 706 437 Hoc
718 409 791 436 enim
808 409 1010 443 quodammodo

226 457 292 491 fugit
316 456 552 491 compositionem.
582 465 591 482 ι
616 456 758 489 Quomodo
781 461 871 483 autem
887 456 1010 491 operatio

226 502 251 528 in
270 501 324 528 Deo
345 507 465 535 spectata
486 501 554 534 fugit
577 500 821 534 compositionem?
841 499 909 533 Quia
933 500 1010 528 solus

223 548 334 573 umnino
348 546 541 580 impassibilem
556 546 638 573 habet
651 545 849 579 operationem,
867 548 894 572 et
912 551 1010 572 secun-

223 592 287 619 dum
303 600 363 619 eam
376 597 506 627 operatur
519 597 635 625 tantum,
647 591 694 619 sed
709 598 762 618 non
776 591 886 626 patitur,
903 598 952 618 nec
969 591 1010 624 iit,

224 647 273 666 nec
291 643 422 666 mutatur.

259 686 320 713 1.29.
349 686 498 714 lucreatam
527 691 620 713 autem
647 685 820 712 innotescere
851 684 903 712 sibi
933 683 1007 711 illam

224 732 409 766 operationem
426 732 579 767 Tbeologus
593 732 674 766 paulo
691 733 818 766 superius
839 731 896 766 ipse
918 731 1007 764 docet,

223 785 283 805 eam
299 785 314 804 a
339 782 464 805 creatura
491 777 661 813 distinguens
680 787 687 806 :
705 787 715 804 ι
746 778 908 805 Nostrorum
924 778 1006 809 enim,

226 825 323 858 inquit,
348 824 489 852 doctorum
510 824 556 851 alii
581 823 712 859 Spiritum
729 827 893 859 putaverunt
912 830 1009 856 opera-

1055 228 1079 252 εί
1092 225 1130 262 μὴ
1140 227 1281 261 ἐνέργειαν
1304 225 1382 253 Θεοῦ.
1411 226 1496 253 Τοῦτο
1519 227 1572 262 γὰρ
1587 227 1721 262 ἐδήλωσεν
1732 227 1818 254 εἰπών
1833 235 1840 242 ·

1056 272 1089 298 Τί
1102 273 1156 308 γὰρ
1171 272 1265 308 ἓτερον
1280 280 1288 304 ;
1304 272 1320 307 ἢ
1343 273 1433 306 τίνος;
1448 273 1714 308 προκατασκευάζων
1730 273 1770 307 δέ,
1785 274 1843 305 πῶς

1055 317 1131 343 οὐδὲν
1152 317 1257 352 ἕτερον,
1279 317 1310 344 οὒ
1326 318 1466 351 ποιότητα,
1483 317 1500 353 ἢ
1520 317 1668 352 ποσότητα,
1695 319 1712 353 ἦ
1737 327 1763 344 τι
1789 319 1844 345 τῶν

1057 362 1185 390 τοιούτων
1194 363 1385 397 ἐνθεωρεῖσθαι
1393 363 1432 398 τῷ
1440 363 1499 398 Θεῷ
1509 363 1630 397 δυνατὸν,
1637 364 1695 392 ἀλλ’
1704 364 1845 399 ἐνέργειαν

1056 407 1151 443 μόνην,
1168 408 1312 443 ἐπιφέρει·
1332 407 1417 435 Τοῦτο
1431 408 1485 443 γάρ
1504 417 1562 440 πως
1579 410 1625 437 καὶ
1640 409 1735 443 φεύγει
1748 409 1844 437 σύνθε-

1056 461 1109 480 σιν.
1123 454 1184 484 Πῶς
1196 454 1251 488 δὲή
1267 453 1392 488 ἐνέργεια
1406 453 1608 489 ἐνθεωρουμένη
1624 454 1662 489 τῷ
1676 454 1735 490 Θεῷ
1747 454 1844 489 φεύγει

1054 498 1105 533 τὴν
1120 498 1243 525 σύνθεσιν
1260 506 1268 532 ;
1289 498 1399 534 Ἐπειδὴ
1416 499 1496 533 μόνος
1514 498 1707 534 ἀπαθεστάτην
1726 499 1782 534 ἔχει
1795 501 1844 536 τὴν

1056 543 1209 577 ἐνέργειαν,
1238 543 1357 578 ἐνεργῶν
1375 544 1466 579 μόνον,
1495 543 1553 570 ἁλλ’
1579 544 1640 578 οὐχὶ
1659 545 1708 570 καὶ
1730 546 1843 580 πάσχων

1055 588 1117 616 κατ’
1132 589 1228 624 αὐτὴν,
1242 589 1304 618 οὐδὲ
1324 589 1476 624 γινόμενος,
1493 589 1554 616 οὐδὲ
1572 589 1774 625 ἁλλοιούμενος.

1095 688 1162 724 ρκθ”.
1191 687 1252 715 Ὄτι
1269 687 1298 714 δέ
1315 687 1362 714 καὶ
1389 687 1517 714 ᾶκτιστον
1543 686 1626 713 οὖσαν
1657 683 1712 712 οῐδε
1738 685 1840 720 ταύτην

1056 734 1104 770 τὴν
1121 734 1262 770 ἐνέργειαν
1281 734 1295 760 6
1318 732 1459 767 Θεολόγος,
1486 732 1614 768 ἀνωτέρω
1639 731 1737 766 μικρὸν
1764 731 1843 762 αὐτὸς

1055 781 1151 815 ἔδειξε,
1172 782 1241 816 πρὸς
1261 780 1293 807 τδ
1308 780 1411 815 κτίσμα
1424 779 1527 815 ταύτην
1544 778 1766 809 ἀντιᾰαστεὶλας.
1783 777 1843 804 Τῶν

1057 828 1117 855 καθ’
1133 828 1208 863 ἡμᾶς
1222 827 1287 862 γὰρ,
1304 827 1382 861 φησὶ.
1411 825 1512 860 σοφῶν,
1540 825 1565 851 0i.
1593 824 1643 859 μὲν
1663 823 1804 858 ἐνέργειαν
1815 823 1843 848 τὸ

225 872 336 904 tionem,
346 871 563 904 aliicrealuram,
579 870 625 898 alii
641 870 736 898 Deum.
750 873 767 895 9
784 869 868 897 Deum
883 870 928 898 bic
943 877 1001 905 per-

1058 859 1168 907 Πνεῦμα
1184 859 1373 903 ὑπέλαϐον,νοὶ
1400 871 1428 897 δὲ
1453 870 1566 906 κτίσμα,
1589 871 1615 897 oi
1637 870 1665 896 δέ
1683 870 1759 896 Θεόν.
1776 869 1841 895 Θειν

224 925 318 944 sonam
341 918 428 952 ipsam
451 917 526 944 dicit.
548 917 570 945 Δ
593 920 718 944 creatura
745 921 835 942 autem
849 916 1006 943 distinctam

222 964 369 992 ostendens
393 963 590 999 operationem,
606 964 676 990 banc
699 971 752 990 non
769 970 830 991 esse
853 967 1006 990 creaturam

221 1011 294 1038 clare
305 1011 487 1038 subostendit.
504 1010 557 1038 Sed
576 1015 604 1037 et
631 1010 712 1045 paulo
739 1013 811 1045 post,
839 1015 943 1036 tantum
959 1008 1006 1036 Dei

221 1062 300 1084 vocat
316 1057 388 1084 illam
414 1057 601 1092 operationem
618 1065 626 1084 ε
652 1066 661 1082 ι
681 1055 779 1084 Nonne
803 1056 944 1084 increatus
963 1061 1006 1084 est

221 1103 268 1130 Dei
296 1103 404 1131 motus?
422 1112 431 1129 ι
460 1103 498 1131 De
523 1111 576 1137 qua
591 1103 674 1130 etiam
696 1103 880 1130 Damascenus
907 1102 1004 1134 deiter,

220 1151 247 1177 in
263 1151 488 1185 quinquagesimo
503 1157 575 1177 nono
586 1149 704 1185 capitulo
717 1150 812 1177 scribit
829 1159 836 1176 :
852 1159 861 1175 ι
877 1149 1005 1184 Operatio

219 1201 261 1223 est
276 1197 383 1223 artivus
398 1200 425 1223 et
437 1196 594 1224 essentialis
616 1201 720 1223 naturae
746 1201 854 1229 motus;
878 1196 1005 1224 activitaa

221 1246 312 1268 autem
328 1246 370 1269 est
386 1246 493 1275 natura,
505 1249 538 1269 ex
553 1248 606 1276 qua
624 1242 748 1277 operatio
766 1243 906 1277 procedit;
936 1250 1004 1277 opus

218 1295 283 1315 vero
305 1292 346 1315 est
367 1287 534 1322 operationis
557 1288 686 1320 elfectus;
717 1289 936 1328 agensldemum
962 1293 1004 1316 est

219 1335 265 1369 qui
283 1336 367 1361 utitur
387 1335 558 1370 operatione,
574 1334 681 1362 scilicet
701 1342 828 1370 persona.

252 1429 315 1457 150.
326 1429 492 1464 Adversarii,
506 1437 539 1457 ex
551 1437 584 1457 eo
598 1431 668 1464 quod
681 1429 834 1464 Theologus
849 1429 893 1457 itlc
905 1429 978 1457 dicat
993 1438 1002 1458 :

220 1484 229 1501 ι
251 1475 278 1503 Si
295 1481 385 1503 autem
405 1476 442 1503 sit
470 1476 604 1510 operatio,
632 1481 739 1512 agetur,
754 1481 782 1504 at
807 1485 861 1504 non
877 1481 948 1512 aget,
972 1481 1000 1504 et

217 1522 297 1549 simul
327 1523 369 1558 agi
393 1522 513 1556 desinet,
532 1532 542 1549 ι
560 1528 681 1551 creatam
711 1524 773 1551 inde
791 1528 957 1559 putaverunt
974 1528 1001 1551 et
1014 1525 1036 1556 α

215 1569 501 1598 (Ιοοιιει-ιιηιυίνῑῃιιιη
520 1570 592 1597 illam
612 1571 810 1605 operationem.
837 1569 1001 1598 Nescierunt

217 1619 288 1645 enirn
304 1618 386 1645 etiam
402 1618 522 1645 increata
535 1618 588 1646 dlci
601 1627 693 1653 opera,
706 1618 916 1653 proutostendit
928 1617 999 1646 idem

217 1665 368 1700 'l‘lieologus
384 1664 448 1692 alibi
474 1665 618 1693 scribens:
644 1674 653 1691 ι
674 1664 702 1692 Si
724 1670 813 1691 autem
830 1663 912 1692 Pater
927 1670 1001 1692 esset

216 1718 314 1738 nomen
342 1711 518 1745 operationis,
546 1711 604 1738 haec
628 1715 786 1743 operaretur
817 1711 998 1739 consubstan-

217 1757 291 1784 tiale.
320 1766 329 1783 ι
356 1757 426 1784 Dicit
442 1765 550 1792 quoque
569 1756 752 1785 Damascenus
776 1758 861 1784 deiler
888 1765 896 1785 :
924 1766 934 1784 ι
956 1757 997 1785 Ad

217 1804 352 1830 dexteram
380 1802 468 1830 Patris
494 1803 618 1830 Christus
647 1803 735 1835 sedet,
764 1804 855 1830 divine
880 1811 998 1839 operans

215 1847 400 1875 universorum
415 1849 622 1884 providentiam,
635 1857 684 1877 nec
698 1849 742 1876 illa
751 1857 799 1876 vox
813 1859 822 1875 ι
840 1850 994 1884 requievit,»

216 1896 280 1928 quin
311 1895 430 1922 iucreata
455 1895 491 1922 sit
515 1896 639 1930 operatio
666 1895 789 1929 impedit.
814 1894 881 1923 Nam
902 1902 996 1924 creare

215 1941 286 1969 Deus
316 1941 409 1976 incipit
441 1942 617 1975 aedesinit,
647 1941 718 1969 sicut
751 1941 817 1970 dicit
850 1941 956 1978 Moyses
985 1951 993 1970 :

216 1997 226 2014 ι
251 1987 390 2022 Βοῳιὶθνὶι
414 1987 484 2015 Deus
503 1990 537 2016 ali
563 1987 689 2016 universo
716 1995 798 2023 opere
820 1989 891 2023 quod
907 1988 997 2021 facere

214 2036 354 2070 inceperat
378 2035 410 2062 ".
438 2044 447 2062 ι
472 2034 582 2063 Creatio
612 2039 702 2062 tamen
731 2035 776 2063 illa
795 2043 876 2070 quam
899 2035 996 2071 incipit

213 2082 282 2109 Deus
297 2087 324 2109 et
340 2082 465 2115 absolvit,
479 2087 520 2109 cst
537 2081 668 2110 naturalis
682 2087 710 2110 et
723 2082 844 2110 increata
861 2082 909 2110 Dei
927 2090 994 2118 ope-

214 2130 294 2157 ratio.
307 2138 317 2156 ι

247 2186 309 2213 151.
325 2184 406 2213 Divus
429 2189 527 2213 iterum
544 2183 739 2217 Damascenus,
763 2188 907 2219 postquam
924 2183 993 2211 dixit

211 2234 396 2268 operationem
415 2239 478 2260 esse
499 2231 617 2259 activum
646 2236 672 2258 et
695 2231 868 2258 essentialem
888 2235 994 2257 natura:

214 2287 326 2312 tuorum,
343 2279 488 2306 ostendere
500 2279 594 2305 volens
608 2277 775 2312 Tlieologum
785 2277 885 2303 dixisse
899 2275 995 2311 hujus-

214 2326 284 2353 modi
304 2325 485 2360 operationem
505 2324 547 2359 agi
559 2327 587 2350 et
597 2323 710 2356 absolvi,
725 2322 827 2350 addidit
846 2331 853 2350 :
872 2331 882 2348 ι
900 2321 994 2349 Scien-

213 2374 277 2399 dum
295 2375 336 2398 est
361 2371 543 2406 operationem
568 2378 630 2398 esse
648 2375 764 2402 motum,
786 2374 812 2396 et
840 2369 881 2404 agi
908 2368 996 2401 potius

214 2424 294 2451 quam
306 2424 397 2451 agere,
413 2423 439 2443 ut
454 2416 491 2444 ait
506 2408 659 2451 Theoloaus
669 2415 816 2451 Gregorius
827 2415 854 2442 in
871 2422 997 2442 sermone

215 2465 248 2491 de
265 2463 366 2497 Spiritu
385 2469 498 2490 sancto:
518 2472 528 2489 ι
545 2463 573 2490 Si
588 2467 677 2490 autem
694 2462 818 2497 operatio
836 2461 881 2493 sit,
900 2465 997 2495 agetur

215 2509 331 2540 scilicet,
357 2514 384 2535 at
414 2516 467 2535 non
498 2514 568 2544 aget,
599 2513 628 2535 et
650 2508 732 2536 simul
759 2508 801 2542 agi
832 2507 948 2534 desinet.
984 2515 994 2532 ι

215 2554 357 2582 Manifeste
373 2556 453 2589 igitur
474 2555 623 2584 adversarii
644 2561 843 2582 creatamesse
867 2553 998 2580 (lucentes

215 2610 297 2636 quam
311 2603 354 2628 liic
374 2601 520 2634 Gregoiius
534 2600 688 2636 'l‘lteologus
714 2601 781 2628 dicit
797 2601 996 2635 operationem,

217 2651 302 2682 ipsum
321 2648 469 2674 naturalem
493 2652 520 2673 et
535 2647 706 2674 essentialem
734 2647 780 2674 Dei
808 2647 995 2681 operationem

215 2694 356 2721 duinenter
380 2693 413 2719 ad
439 2698 575 2720 etealnras
604 2693 759 2728 deprimunt
785 2702 791 2720 :
815 2701 895 2728 quatit
919 2700 997 2719 sacer

218 2741 404 2768 ltantascenus
427 2747 479 2766 non
509 2745 594 2766 actam
619 2741 714 2773 solum,
743 2740 789 2768 sed
819 2744 847 2768 et
872 2746 996 2775 agentem

253 2830 275 2849 "
285 2831 353 2859 Gen.
364 2839 396 2864 ιι,
405 2832 432 2858 '2.

1059 918 1109 954 μὲν
1124 917 1170 944 οὖν
1196 917 1313 945 ἐνταῦθα
1338 917 1386 952 τὴν
1400 916 1548 944 ὑπόστασιν
1560 916 1645 951 αὐτὴν
1660 915 1744 950 λέγει.
1772 916 1842 949 Πρὸς

1058 963 1085 990 δέ
1099 963 1130 989 τὸ
1141 963 1244 998 κτίσμα
1267 962 1500 998 ἀντιδιῃρημένην
1521 962 1611 994 δείξας
1627 962 1675 996 τὴν
1691 961 1841 995 ἐνέργειαν,

1063 1008 1101 1043 μὴ
1115 1005 1184 1034 εἶναι
1199 1007 1302 1043 κτίσμα
1317 1007 1410 1043 σαφῶς
1425 1006 1576 1039 ὑπέδειξεν.
1595 1006 1675 1033 Ἀλλὰ
1685 1006 1732 1032 καὶ
1746 1006 1842 1039 μικρδν

1054 1055 1167 1090 προῖὼν,
1194 1057 1302 1093 κίνησιν
1321 1057 1388 1084 Θεοῦ
1413 1059 1516 1093 ταύτην
1539 1056 1599 1086 εἷπε
1615 1059 1665 1094 τὴν
1687 1059 1842 1094 ἐνέργειαν.

1054 1101 1115 1133 Πῶς
1134 1102 1181 1129 οὖν
1194 1103 1246 1130 οὐκ
1264 1103 1391 1135 ἀκτιστος
1417 1104 1433 1139 ἡ
1456 1104 1503 1131 τοῦ
1529 1105 1597 1132 Θεοῦ
1621 1105 1750 1140 κίνησις;
1781 1107 1842 1142 περὶ

1052 1143 1088 1181 ἦς
1104 1148 1151 1175 καὶ
1167 1149 1347 1185 Δαμασκηνὸς
1374 1151 1388 1176 6
1413 1150 1554 1185 θεοφόρος,
1579 1152 1608 1178 ἐν
1635 1151 1672 1178 νθ¹
1701 1152 1842 1187 κεφαλαίῳ

1052 1192 1166 1227 γράφων
1181 1214 1190 1226 ,
1213 1194 1352 1230 Ἐνέργεια
1380 1195 1430 1230 μέν
1456 1196 1524 1226 ἐστι,
1551 1196 1644 1230 φησὶν,
1666 1197 1683 1231 ή
1711 1195 1842 1232 δραστικὴ

1051 1238 1099 1264 καὶ
1117 1238 1249 1274 οὑσιώδης
1273 1240 1322 1275 τῆς
1347 1240 1455 1274 φύσεως
1473 1240 1579 1274 κίνησις
1595 1249 1602 1256 ·
1620 1241 1797 1276 ἐνεργητικὸν
1813 1242 1839 1267 δὲ

1052 1283 1068 1318 ἡ
1084 1283 1175 1318 φύσις,
1201 1285 1230 1318 ἐξ
1246 1283 1280 1319 ἧς
1299 1286 1315 1320 ἡ
1340 1286 1467 1321 ἐνέργεια
1492 1286 1616 1321 πρόεισιν
1629 1294 1636 1301 ·
1655 1287 1798 1320 ἐνέργημα
1814 1286 1840 1312 δὲ

1051 1329 1081 1355 τὸ
1096 1329 1146 1363 τῆς
1156 1330 1297 1364 ἐνεργείας
1309 1331 1482 1366 ἀποτέλεσμα
1493 1339 1501 1347 ο
1518 1331 1638 1366 ἐνεργῶν
1655 1331 1694 1362 δέ,
1710 1332 1724 1357 6
1741 1339 1840 1366 κεχρη-

1052 1375 1135 1409 μένος
1151 1377 1183 1411 τῇ
1200 1377 1335 1412 ἐνεργείᾳ,
1354 1377 1440 1411 ἦτοιή
1458 1377 1616 1408 ὑπόστασις.

1087 1421 1137 1456 ρλ’.
1145 1423 1175 1448 Οἱ
1187 1423 1314 1454 ἐναντίοι,
1328 1424 1362 1448 ἐκ
1371 1422 1417 1448 τοῦ
1427 1423 1471 1449 τὸν
1483 1422 1612 1456 Θεολόγον
1622 1422 1739 1449 ἐνταῦθα
1748 1423 1843 1457 ιρςὶναι,

1051 1466 1081 1492 Εἰ
1108 1466 1137 1492 δέ
1171 1467 1296 1502 ἐνέργεια
1313 1467 1525 1502 ἐνεργηθήσεται
1548 1469 1594 1493 καὶ
1623 1467 1672 1494 οὐκ
1689 1467 1843 1502 ἐνεργήσει,

1050 1511 1098 1537 καὶ
1110 1510 1179 1545 ὁμοῦ
1196 1511 1227 1537 τὸ
1242 1511 1424 1547 ἐνειργηθῆναι
1452 1512 1610 1546 παύσεται,⁵
1621 1512 1734 1547 κτιστὴν
1749 1513 1844 1539 ἐντεῦ-

1051 1557 1097 1584 θεν
1120 1558 1274 1592 ὑπενόησαν
1290 1557 1337 1584 καὶ
1363 1558 1538 1592 ἀπεφήναντο
1568 1557 1618 1593 τὴν
1637 1558 1714 1584 θείαν
1741 1559 1844 1594 ταύτην

1049 1602 1201 1637 ἐνέργειαν.
1235 1603 1388 1638 Ἠγνόησαν
1411 1603 1466 1638 γὰρ
1479 1604 1520 1630 ὃτι
1539 1603 1570 1630 τὸ
1597 1604 1771 1641 ἐνεργεῖσθαι
1799 1606 1845 1632 καὶ

1050 1648 1096 1674 ἐπὶ
1109 1648 1164 1674 τῶν
1178 1648 1314 1675 ὰκτίστων
1329 1649 1452 1683 λέγεται,
1474 1649 1511 1681 ὡς
1531 1650 1579 1676 καὶ
1592 1651 1606 1676 6
1621 1650 1754 1684 Θεολόγος
1767 1649 1846 1682 οὗτος

1049 1691 1185 1718 δείκνυσιν
1200 1692 1318 1726 ἀλλαχοῦ
1340 1693 1454 1729 γράφων
1468 1701 1474 1708 ’
1493 1694 1524 1720 Εἰ
1548 1694 1576 1721 δὲ
1591 1695 1732 1730 ἐνεργείας
1759 1696 1845 1732 ὄνομα

1049 1738 1063 1763 6
1075 1737 1179 1773 Πατὴρ,
1196 1738 1276 1765 τοῦτο
1299 1740 1451 1774 ἐνηργηκὺς
1467 1739 1500 1766 ἂν
1513 1740 1556 1775 εἴη
1567 1740 1599 1766 τὸ
1614 1741 1846 1776 ὁμοούσιον.Φησὶ

1048 1783 1075 1809 δὲ
1093 1783 1139 1810 καὶ
1153 1784 1167 1809 6
1182 1785 1360 1819 Δαμασκηνὸς
1374 1787 1388 1811 6
1399 1785 1528 1821 θεοφόρος
1545 1794 1552 1801 ·
1579 1787 1623 1812 Ἐν
1635 1786 1710 1822 δεξιᾷ
1724 1787 1771 1813 τοῦ
1789 1789 1846 1814 [ια-

1052 1829 1116 1864 τρὸς
1131 1829 1146 1855 6
1167 1830 1285 1865 Χριστὸς
1315 1831 1436 1863 ἐκάθισε,
1468 1831 1566 1863 Θεῖκῶς
1593 1832 1712 1867 ἐνεργῶν
1727 1833 1776 1867 τὴν
1790 1834 1846 1859 τῶν

1047 1875 1116 1901 ὅλων
1126 1875 1265 1910 πρόνοιαν.
1275 1876 1344 1903 ’Δλλ¹
1357 1877 1417 1904 οὐδὲ
1430 1878 1471 1910 τὸ,
1489 1877 1656 1910 κατέπαυσε,
1671 1878 1710 1912 τῷ
1721 1878 1846 1913 ἁκτίστῳ

1047 1920 1097 1955 τῆς
1112 1921 1252 1956 ἐνεργείας
1268 1922 1459 1956 προσίσταται.
1475 1923 1554 1950 Κατὰ
1569 1923 1624 1958 γὰρ
1640 1923 1669 1949 τὸ
1680 1923 1844 1958 δημιουγεῐν

1047 1965 1160 2001 ἄρχεται
1181 1968 1196 1992 6
1220 1966 1286 1998 Θεὸς
1311 1968 1360 1994 καὶ
1384 1967 1521 1994 παύεται’
1548 1967 1586 1999 ὼς
1612 1969 1661 1995 καὶ
1684 1968 1699 1993 6
1723 1969 1845 2003 Μωῦσῆς

1047 2019 1141 2046 φησιν,
1157 2012 1197 2038 ὅτι
1219 2021 1228 2038 ι
1242 2013 1422 2042 Κατέπαυσεν
1434 2015 1448 2040 6
1457 2014 1522 2045 Θεὸς
1534 2014 1588 2040 ἀπὸ
1603 2015 1712 2041 πάντων
1729 2016 1784 2041 τῶν
1795 2016 1843 2051 ἔρ-

1046 2064 1102 2091 γων
1128 2052 1164 2082 ὧν
1178 2056 1281 2092 ἤρξατο
1304 2058 1427 2092 ποιῆσαι.
1453 2067 1462 2083 ι
1483 2057 1520 2084 Τὺ
1548 2058 1639 2092 μέντοι
1664 2058 1843 2094 δημιουργεῖν

1045 2101 1124 2128 τοῦτο
1146 2102 1207 2128 καθ’
1223 2102 1237 2128 6
1252 2103 1366 2137 ἄρχεται
1380 2103 1393 2128 6
1410 2103 1477 2134 Θεὸς
1506 2103 1554 2130 καὶ
1578 2103 1707 2136 παύεται,
1739 2103 1842 2139 φυσικὴ

1045 2147 1094 2174 καὶ
1104 2147 1234 2180 ἄκτιστός
1253 2149 1328 2175 ἐστιν
1345 2149 1470 2184 ἐνέργεια
1486 2149 1566 2176 Θεοῦ.

1082 2193 1148 2228 pilai.
1172 2193 1200 2220 '0
1213 2195 1282 2226 θεῖος
1301 2194 1381 2226 αὖθις
1405 2194 1595 2230 Δαμασκηνὸς,
1612 2195 1682 2229 μετὰ
1696 2195 1726 2220 τδ
1753 2195 1840 2221 εἰπεῖν

1044 2240 1086 2266 ὅτι
1109 2239 1236 2274 ἐνέργειά
1259 2241 1334 2266 ἐστιν
1357 2241 1374 2275 ὴ
1402 2240 1536 2275 δραστικὴ
1563 2240 1611 2266 καὶ
1635 2240 1769 2275 οὑσιώδης
1791 2240 1840 2275 τῆς

1045 2285 1154 2320 φύσεως
1183 2286 1302 2322 κίνησις,
1330 2286 1414 2313 θέλων
1441 2286 1538 2319 δεῖξαι,
1566 2286 1604 2317 ὡς
1634 2286 1683 2322 τὴν
1710 2288 1839 2321 τοιαύτην

1049 2332 1192 2368 ἐνέργειαν
1203 2333 1217 2358 6
1232 2332 1360 2365 Θεολόγος
1374 2331 1450 2358 εἶπεν
1467 2333 1677 2368 ἐνεργεῖσθαι-ιε
1694 2333 1741 2359 καὶ
1752 2333 1837 2358 παύε-

1049 2378 1121 2410 σοαι,
1142 2379 1365 2414 προσεπήνεγκεν
1382 2387 1389 2393 '
1413 2378 1521 2410 Ίστέον,
1547 2378 1584 2410 ὡς
1610 2378 1626 2413 ὴ
1655 2378 1780 2412 ἐνέργεια
1795 2378 1838 2404 κί-

1049 2423 1125 2458 νησίς
1143 2424 1213 2456 ἐστι,
1227 2424 1274 2449 καὶ
1287 2424 1440 2458 ἐνεργεῖται
1454 2424 1553 2458 μᾶλλον
1568 2424 1585 2459 ἢ
1600 2425 1706 2459 ἐνεργεῖ
1720 2445 1728 2456 ,
1747 2423 1839 2455 καθώς

1048 2477 1129 2503 φησιν
1148 2470 1162 2495 6
1176 2468 1305 2502 Θεολόγος
1325 2469 1484 2504 Γρηγόριος,
1507 2470 1536 2496 ἐν
1558 2469 1597 2505 τῷ
1614 2470 1738 2505 περὶτοῦ
1758 2471 1838 2503 ἁγίου

1049 2514 1206 2549 Πνεύματος
1225 2514 1308 2550 λόγῳ.
1332 2515 1364 2541 El
1381 2515 1408 2541 δὲ
1435 2515 1560 2551 ἐνέργειά
1583 2516 1667 2546 ἐστιν,
1685 2516 1838 2551 ἐνεργηθή-

1049 2569 1124 2587 σεται
1156 2560 1276 2596 δηλονότι
1307 2561 1354 2587 καὶ
1379 2562 1430 2589 οὐκ
1462 2563 1614 2598 ἐνεργήσει,
1643 2562 1690 2588 καὶ
1713 2562 1782 2596 ὁμοῦ
1808 2562 1838 2588 τὺ

1048 2607 1228 2642 ἐνεργηθῆναι
1250 2607 1394 2635 παύσεται.
1420 2608 1538 2643 Φανερὸν
1561 2606 1607 2634 οὖν
1622 2608 1660 2640 ὡς
1675 2609 1699 2634 oi
1726 2610 1759 2636 τὰ
1785 2608 1839 2634 τῶν

1048 2654 1178 2679 ἐναντίων
1209 2654 1384 2688 φρονοῦντες,
1401 2654 1512 2690 κτιστὴν
1537 2652 1606 2680 εἶναι
1627 2655 1838 2689 δογματίζοντες

1047 2699 1080 2734 ἣν
1093 2698 1209 2725 ἐνταῦθα
1226 2699 1374 2735 Γρηγόριος
1411 2700 1541 2734 Θεολόγος
1557 2700 1669 2735 εἴρηκεν
1683 2702 1837 2737 ἐνέργειαν,

1047 2746 1132 2782 αὐτὴν
1145 2745 1194 2782 τὴν
1211 2747 1328 2782 φυσικὴν
1342 2748 1388 2774 καὶ
1403 2748 1518 2782 οὖσιώδη
1536 2747 1583 2774 τοῦ
1597 2747 1664 2774 Θεοῦ
1683 2749 1838 2784 ἐνέργειαν.
