1947 3072
193 132 262 163 1215

193 195 220 216 et
248 189 437 216 insubstantiat
457 193 563 216 cetera
591 195 689 215 omnes
711 188 929 215 considerantur.
945 187 977 213 At
992 188 1016 217 Α

194 236 267 263 Deus
282 235 434 263 substantia
452 234 723 270 supersubslantialis
737 240 789 265 est,
801 235 827 260 in
843 242 895 268 qua
912 241 978 260 con-

194 280 353 307 siderantur
381 283 486 306 tantum
515 279 611 306 relatio
626 283 652 306 et
672 280 756 310 actio,
772 279 873 305 nullam
899 278 925 305 in
947 285 978 304 ea

196 327 332 354 iacientes
365 325 591 360 compositionem
622 331 669 352 aut
703 326 891 352 mulationem.
919 324 981 358 Agit

194 373 266 398 enim
279 372 370 398 omnia
389 371 470 404 Deus,
486 371 551 398 nihil
569 372 626 404 ipse
642 372 668 398 in
688 372 839 398 substantia
863 372 979 405 patiens.
996 379 1003 384 '

195 419 243 444 Est
272 417 352 443 etiam
383 417 497 444 Creator
519 417 632 444 relative
653 417 686 444 ad
715 422 880 448 creaturam,
899 421 981 451 atque

198 463 358 498 principium
387 468 416 490 et
441 462 582 496 Dominus,
609 467 743 498 quatenus
761 463 818 489 hrec
847 462 881 490 ab
916 463 976 497 ipso

200 515 294 536 exorta
312 514 353 536 est
371 516 402 536 ac
415 509 561 544 dependet.
580 509 629 536 Est
654 516 762 543 quoque
776 509 858 536 Pater
878 514 980 541 noster,

197 556 283 589 pratia
300 563 355 583 nos
367 563 543 590 regenerans.
561 555 608 582 Est
624 555 712 582 adhuc
725 554 806 581 Pater
821 555 932 581 relative
948 554 981 581 ad

195 607 327 628 a‘ternum
355 600 465 633 Filium,
478 606 504 628 et
525 600 610 628 Filius
631 601 743 628 relative
760 602 791 626 atl
816 600 935 632 Patrem,
956 605 983 627 et

201 647 352 679 procedens
370 653 384 672 a
402 645 480 672 Patre
500 646 630 679 Spiritus,
647 645 693 680 qui
712 650 753 672 est
772 653 834 672 cum
857 645 937 672 Patre
955 650 983 672 et

199 691 267 718 Filio
276 698 427 719 comet-nus
448 696 474 718 et
483 691 563 718 unius
572 691 747 725 ejusdemque
756 691 922 718 substantiae.
932 690 983 723 Qui

199 746 264 764 vero
280 738 374 764 dicuttt
391 737 472 765 Deum
484 745 544 764 esse
561 745 662 764 meram
683 737 870 769 substantiam,
884 738 910 764 in
930 744 983 771 qua

204 784 294 811 utullus
313 785 406 811 modus
425 784 554 816 resideat,
571 784 610 811 sic
627 785 761 812 actionem
782 783 983 818 operationem-

203 839 256 865 que
264 835 291 858 et
304 831 461 858 relationem
474 831 529 858 Deo
541 831 676 858 auferunt.
692 831 718 858 Si
733 836 823 858 autem
837 830 885 858 has
896 830 984 857 inesse

201 877 257 904 .Dco
274 883 383 911 negant,
397 878 464 904 nihil
480 878 544 912 agit,
561 878 634 909 facit,
649 881 696 904 aut
712 883 853 912 operatur,
873 883 923 904 nec
943 881 985 903 est

202 925 377 959 principium,
392 924 506 951 Creat‘or
527 930 574 951 aut
590 922 731 955 Dominus,
753 929 803 950 nee
823 921 905 950 Pater
937 929 986 949 no-

198 977 256 998 ster
273 976 313 998 est
331 971 479 999 secundum
493 971 618 1006 gratiam.
629 969 769 1003 Quomodo
786 969 858 996 enim
869 969 927 996 haec
943 975 987 995 es-

200 1022 254 1047 set,
271 1016 297 1042 in
315 1015 466 1043 substantia
490 1024 538 1043 sua
559 1015 653 1042 modos
669 1014 810 1041 relationis
824 1018 852 1040 et
871 1013 986 1040 actionis

202 1070 256 1090 non
272 1062 397 1090 habens?
410 1061 541 1089 Attieriur
559 1062 642 1088 etiam
665 1067 841 1095 personarum
868 1060 988 1086 diversa—

206 1115 265 1134 rum
283 1107 414 1140 Trinitas,
434 1107 455 1133 si
467 1106 538 1134 absit
549 1113 564 1134 a
580 1106 626 1133 Dei
638 1106 790 1133 substantia
809 1104 904 1132 modus
919 1104 987 1131 τοιδ-

208 1153 302 1181 tionis.
319 1153 370 1186 Qui
386 1158 476 1179 autem
492 1160 542 1179 nec
559 1153 647 1179 tritius
664 1152 787 1186 personis
802 1158 851 1178 nec
866 1150 986 1177 omnium

202 1198 335 1225 Dominus
348 1202 399 1229 est,
419 1204 471 1224 non
496 1202 538 1224 est
557 1196 639 1224 Deus.
660 1196 739 1223 Athei
757 1203 824 1232 ergo
852 1201 916 1223 sunt
942 1195 987 1230 qui

203 1245 242 1271 sic
255 1243 420 1270 adversariis
435 1243 619 1270 consentiunt.

207 1349 210 1354 λ
239 1325 302 1353 155.
317 1325 403 1353 liabet
417 1324 489 1352 Deus
506 1325 588 1352 etiam
604 1324 675 1359 quod
689 1331 743 1352 non
764 1328 805 1352 est
820 1323 987 1352 substantia.

202 1373 260 1401 Non
277 1377 367 1400 tamen
396 1372 460 1406 quia
485 1372 537 1399 hoc
553 1379 605 1398 non
621 1375 663 1399 est
681 1371 844 1403 substantia,
864 1370 926 1397 ideo
947 1374 990 1397 est

204 1419 331 1447 accidens
348 1428 354 1445 :
375 1418 451 1452 Quod
462 1417 535 1445 enim
547 1417 620 1445 haud
639 1417 727 1446 solum
744 1425 797 1445 non
810 1417 922 1448 recedit,
941 1415 990 1443 sed

204 1472 255 1492 nec
281 1469 459 1500 augmentum
483 1467 532 1491 aut
554 1463 774 1491 imminutionem
798 1469 990 1497 quamcunque

205 1510 301 1544 recipit
317 1514 363 1538 aut
385 1510 498 1544 patitur,
516 1509 628 1537 minime
653 1509 827 1537 annumerari
842 1512 932 1542 potest
943 1515 991 1534 ac-

203 1557 368 1585 cidentibus.
385 1555 438 1584 Sed
452 1564 484 1583 ex
498 1563 532 1583 eo
548 1557 621 1590 quod
650 1563 738 1590 neque
762 1555 888 1583 accidens
902 1561 990 1588 neque
1003 1547 1025 1577 C

203 1603 358 1632 substantia
386 1603 432 1635 sit,
446 1610 501 1629 non
526 1602 588 1630 ideo
606 1609 711 1630 nterum
725 1607 767 1629 est
799 1601 923 1633 nihilum,
941 1600 989 1628 sed

209 1652 318 1680 exsistit
333 1656 360 1680 et
375 1651 518 1678 verissime
533 1651 652 1678 exsistit.
665 1651 746 1684 Atqui
775 1657 827 1677 non
853 1654 899 1676 est
919 1649 991 1676 acci-

204 1697 284 1729 dens,
295 1697 359 1731 quia
377 1696 488 1723 omnino
510 1695 679 1722 immutabile
701 1699 765 1722 est:
791 1701 843 1722 nec
861 1698 903 1720 est
925 1695 991 1720 sub-

209 1743 345 1776 sistentia,
364 1742 428 1776 quia
455 1749 508 1769 non
536 1746 577 1768 est
589 1749 638 1768 eus
660 1741 686 1768 in
705 1749 734 1768 se
750 1741 911 1768 subsistens.
928 1739 992 1766 Ideo

210 1790 340 1818 accidens
368 1790 541 1824 aliquatenus
574 1796 589 1816 a
619 1788 760 1816 nonnullis
787 1787 853 1815 illud
880 1791 993 1814 vocatur

209 1836 352 1871 theologis,
366 1836 412 1871 qui
436 1837 579 1863 ostendere
602 1840 706 1862 tantum
736 1834 831 1861 volunt
849 1834 914 1861 illud
937 1841 991 1860 non

208 1890 270 1910 esse
305 1883 499 1910 substantiam.
532 1881 603 1914 Quid
636 1880 730 1908 enim?
759 1881 822 1915 quia
850 1879 993 1915 personale

207 1929 335 1964 quodque
358 1929 570 1957 attributumet
593 1935 772 1962 personarum
803 1933 992 1961 unaquaeque,

205 1975 259 2004 nec
282 1975 437 2004 substantia
461 1980 503 2002 est
518 1982 570 2001 nec
590 1974 718 2001 accidens
733 1973 761 2000 in
777 1972 840 2004 Deo,
855 1981 919 1999 num
955 1971 994 1998 id-

211 2023 285 2050 circo
301 2029 404 2050 uterum
415 2025 457 2048 est
473 2019 610 2048 nihilum?
621 2018 707 2046 Absit.
722 2017 788 2044 Item
808 2017 888 2052 igitur
900 2016 992 2043 divina

212 2070 258 2098 Dei
271 2069 394 2103 operatio
414 2075 464 2095 nec
478 2067 632 2095 substantia
659 2073 708 2092 nec
726 2064 853 2092 accidens
874 2068 928 2096 est,
945 2070 995 2090 nec

209 2122 299 2143 tamen
318 2123 421 2142 merum
437 2119 478 2141 est
492 2112 615 2140 nihilum.
630 2111 663 2138 Et
678 2116 708 2139 ut
729 2111 818 2138 dicam
832 2109 907 2144 quod
932 2116 994 2136 om-

210 2169 259 2190 nes
274 2161 423 2188 admittunt
435 2158 565 2191 theologi,
581 2157 602 2184 si
617 2157 760 2184 voluntate
775 2156 831 2190 agit
850 2155 934 2187 Deus,
943 2161 996 2182 nec

210 2215 284 2236 mera
294 2213 398 2239 natura,
419 2206 474 2233 alia
503 2205 584 2239 igitur
611 2209 652 2231 cst
675 2203 801 2231 voluntas
829 2209 910 2236 qttam
940 2208 990 2228 na-
1009 2193 1030 2221 θ

209 2261 283 2283 tura.
303 2254 333 2281 Si
346 2252 549 2280 autemdivina
565 2251 692 2278 voluntas
711 2249 764 2276 alia
789 2253 831 2276 est
846 2255 926 2282 quam
946 2255 994 2274 na-

210 2301 393 2332 tura-divina,
407 2306 458 2326 nec
481 2303 571 2325 tamen
600 2301 641 2325 est
665 2294 828 2327 substantia,
842 2302 905 2321 uutn
934 2293 995 2320 ideo

210 2347 369 2375 nullatenus
381 2344 508 2379 exsistit?
535 2343 771 2378 Haudquaquam;
795 2343 843 2368 sed
867 2339 993 2372 exsistit,

211 2395 273 2429 quia
291 2394 361 2421 Deus
375 2400 431 2420 non
448 2390 628 2419 substantiam
648 2389 746 2422 solum,
757 2387 804 2416 sed
822 2393 850 2415 et
869 2386 996 2414 volunta-

211 2447 264 2468 tem
280 2439 363 2467 habet
379 2445 433 2473 qua
451 2438 517 2472 agit,
533 2436 590 2463 sive
606 2435 732 2462 accidens
756 2434 827 2461 forte
846 2433 918 2460 hanc
943 2431 996 2458 ali-

212 2485 275 2521 quis
291 2491 392 2512 vocare
407 2483 471 2511 velit
486 2487 622 2517 quatenus
638 2485 744 2508 nonest
761 2479 923 2510 substantia,
937 2478 996 2506 sive

216 2537 269 2558 non
292 2529 420 2556 accidens
451 2532 586 2562 quatenus
611 2525 711 2553 nullam
733 2524 801 2552 facit
822 2523 996 2557 compositio-

211 2585 271 2604 nem
287 2581 332 2604 aut
346 2575 533 2603 mutationem.
544 2572 717 2607 Habetisitur
730 2571 812 2603 Deus,
827 2576 855 2598 et
870 2570 942 2605 quod
955 2574 997 2598 est

214 2623 378 2656 substantia,
395 2626 422 2649 et
436 2620 507 2654 quod
525 2627 578 2647 non
592 2623 633 2646 est
652 2618 813 2649 substantia,
825 2616 949 2652 quamvis
969 2616 995 2642 id

213 2679 265 2698 non
281 2675 393 2697 vocetur
405 2668 545 2698 accidens.
560 2666 680 2694 divinant
707 2665 813 2692 scilicet
829 2663 996 2691 voluntatem

211 2722 239 2744 et
251 2716 455 2750 operationem.

247 2763 311 2790 156.
326 2762 460 2792 Esscutia,
473 2760 496 2788 si
506 2767 560 2788 nou
571 2759 757 2794 operationem
768 2756 868 2785 habeat
879 2764 894 2784 a
907 2755 997 2790 seipse

214 2809 382 2841 distinctam,
396 2808 507 2836 mitniue
525 2812 566 2834 cst
582 2806 745 2837 subsistens,
760 2805 806 2832 sed
824 2811 898 2831 mera
919 2803 998 2830 intel-

214 2855 298 2883 lectus
311 2856 381 2884 ideo.
400 2856 466 2883 Nam
484 2855 566 2882 homo
583 2854 609 2880 in
632 2862 646 2888 g
663 2860 723 2880 nere
744 2853 832 2880 dictus
854 2860 907 2879 non
924 2851 998 2886 cogi-

816 123 1010 161 GREGORH
1034 130 1192 159 PA].A‘.llxl-‘

1033 181 1132 216 ἐφεξῆς
1147 181 1181 216 τῇ
1194 179 1273 215 οὐσίᾳ
1285 180 1525 216 ὲνθεωρουμένων,
1537 181 1551 207 ὸ
1563 179 1629 212 Θεὸς
1640 181 1718 208 οὐσία
1733 181 1819 218 ὑπερ-

1032 226 1123 257 οὐσιός
1140 227 1214 253 ἐστιν
1231 234 1238 241 ⁸
1256 223 1271 262 ᾖ
1286 226 1470 260 ηὲνθεωρείται.
1496 226 1575 261 μόνα,
1603 227 1634 253 τὸ
1662 228 1729 262 πρός
1745 227 1772 253 τί
1791 236 1821 254 τε

1035 272 1080 298 καὶ
1103 272 1133 313 εδ
1146 272 1243 303 ποιεῖν,
1258 271 1386 306 οᾷδεμίαν
1404 271 1570 306 ἐμποιοῦντα
1585 272 1672 307 ταύτῃ
1696 273 1820 300 σύνθεσιν

1034 317 1219 353 ἢάλλοίωσιν.
1250 318 1325 344 [Ιοιεῑ
1349 319 1404 352 γὰρ
1432 318 1466 344 τὰ
1495 318 1584 344 πάντα
1608 319 1622 344 ὸ
1647 318 1724 352 Θεὸς,
1740 319 1821 354 μηδὲν

1035 364 1116 395 αὐτὸς
1135 364 1246 398 πάσχων
1270 362 1331 388 κατ’
1354 363 1459 389 οὐσίαν.
1485 363 1563 389 Ἐστι
1586 362 1614 388 δὲ
1637 363 1683 388 καὶ
1710 363 1822 396 κτίστης

1036 409 1104 444 πρὸς
1136 407 1185 443 τὴν
1214 407 1312 440 κτίσιν,
1337 408 1385 434 καὶ
1412 409 1483 443 ἀρχὴ
1510 409 1557 434 καὶ
1583 408 1720 442 Δεσπότης
1739 409 1823 443 αὐτῆς

1036 455 1190 491 ἠργμένης,
1207 456 1254 481 καὶ
1266 455 1351 489 αὐτῆς
1361 454 1553 490 δουλευούσης.
1573 454 1652 481 Ἀλλὰ
1670 456 1717 481 καὶ
1731 455 1824 490 Πατὴρ

1037 501 1115 536 ἡμῶν
1131 502 1215 531 ἐστιν,
1230 501 1384 534 ἁναγεννῶν
1398 501 1474 535 ἡμᾶς
1486 502 1518 535 τῇ
1536 500 1627 536 χάριτι
1640 509 1647 516 ·
1663 500 1720 527 ἐστι
1734 501 1762 526 δὲ
1779 501 1826 527 καὶ

1038 547 1132 582 Πατὴρ
1147 546 1214 581 πρὸς
1231 545 1277 572 τὸν
1292 545 1424 581 μηδαμῶς
1441 546 1578 580 ἠργμένον
1597 546 1730 580 χρονικῶς
1751 547 1824 578 Υἰὸν,

1038 593 1085 619 καὶ
1098 592 1161 623 Υἱὸς
1176 592 1243 627 πρὸς
1264 592 1310 618 τὸν
1334 592 1445 626 Πατέρα
1459 600 1465 606 ·
1487 593 1533 618 καὶ
1556 592 1703 627 πρόϐλημα
1721 592 1825 627 Πατρὶς

1037 641 1067 666 τὸ
1084 639 1205 673 Πνεῦμα,
1223 639 1356 665 συναῖδιον
1370 639 1458 672 Ila-cpt
1475 646 1503 665 τε
1521 639 1568 665 καὶ
1588 637 1656 673 Υῑῷ,
1677 639 1742 671 μιᾶς
1762 639 1826 665 ὄντα

1039 687 1086 712 καὶ
1101 686 1151 720 τῆς
1168 685 1253 720 αὐτῆς
1269 685 1376 716 οὐσίας.
1398 685 1430 711 Ol
1448 685 1475 711 δὲ
1498 685 1625 719 λέγοντες
1647 685 1741 712 οὐσίαν
1757 684 1826 712 εἶναι

1040 733 1120 767 μόνον
1132 731 1177 757 τὸν
1190 730 1268 763 Θεὸν,
1291 730 1374 765 μηδὲν
1389 729 1504 764 ἔχουσαν
1520 729 1748 764 ὲνθεωροὺμενον,
1765 729 1826 756 οὐδὲ

1038 779 1069 804 τὸ
1079 779 1167 804 ποιεῖν
1186 777 1234 804 καὶ
1259 771 1393 812 ἐνεργεῖν,
1422 776 1481 803 οὐδὲ
1509 776 1539 802 τὸ
1563 777 1631 810 πρός
1650 785 1676 802 τι
1693 776 1765 810 ἔχειν
1781 776 1826 802 τὸν

1039 825 1106 851 Θεὸν
1125 822 1388 854 κατασκευάζουσιν,
1416 822 1448 848 Εἰ
1479 822 1508 849 δὲ
1541 822 1579 858 μὴ
1606 823 1691 849 ταῦτα
1716 823 1771 857 ἔχει
1797 823 1826 849 ὃν

1041 871 1117 898 αὐτοὶ
1131 870 1272 905 νομίζουσι
1286 869 1363 901 Θεὸν,
1375 868 1435 896 οὐδὲ
1457 869 1583 904 ἐνέργειά.
1600 870 1684 902 ἐστιν,
1703 870 1762 895 οὐδὲ
1778 870 1825 903 δη-

1042 917 1180 953 μιουργδς.
1198 916 1258 942 οὐδὲ
1272 915 1412 951 ἐνέργειαν
1430 915 1486 950 ἔχει
1503 923 1509 929 '
1523 915 1581 941 ἀλλ’
1605 916 1665 942 οὐδὲ
1691 916 1761 950 ἀρχὴ
1779 916 1827 942 καὶ

1041 963 1152 996 κτίστης
1164 962 1211 988 καὶ
1229 961 1366 996 Δεσπότης
1384 969 1390 976 ·
1411 960 1471 986 οὐδὲ
1484 960 1577 996 Πατὴρ
1594 960 1670 995 ἡμῶν
1685 961 1744 986 ἐστι
1757 961 1828 987 κατὰ

1040 1008 1131 1044 χάριν.
1149 1007 1210 1038 Πῶς
1228 1007 1282 1042 γὰρ
1297 1007 1329 1033 ἂν
1345 1007 1387 1041 εἴη
1400 1006 1495 1037 ταῦτα,
1514 1006 1551 1042 μὴ
1571 1005 1778 1040 ὲνοεωρούμενα
1793 1007 1826 1041 τῇ

1041 1053 1102 1080 καθ’
1119 1053 1215 1079 ἑαυτὸν
1229 1052 1319 1088 οὐσίᾳ,
1337 1052 1405 1087 ἔχων
1421 1052 1450 1078 τὸ
1477 1052 1543 1086 πρός
1561 1051 1587 1077 τί
1599 1060 1628 1078 τε
1655 1052 1701 1078 καὶ
1719 1054 1826 1085 ποιεῖν;

1042 1099 1245 1134 συναναιρεῖται
1255 1098 1284 1124 δὲ
1297 1099 1343 1124 καὶ
1357 1099 1387 1125 τὸ
1401 1099 1614 1133 τρισυπόστατον
1626 1099 1674 1133 τῆς
1689 1098 1826 1132 Θεότητος,

1042 1146 1067 1174 ει
1085 1145 1122 1181 μὴ
1138 1146 1172 1180 τῇ
1183 1144 1229 1171 τοῦ
1244 1143 1311 1171 Θεοῦ
1322 1144 1401 1179 οὐσία
1416 1144 1632 1179 ὲνθεωρούμενόν
1643 1145 1700 1170 ἐστι
1717 1144 1748 1170 τὸ
1760 1145 1827 1178 πρός

1036 1199 1074 1217 τι,
1091 1190 1121 1216 '0
1136 1190 1164 1216 δὲ
1185 1189 1222 1224 μὴ
1235 1189 1462 1223 τρισυπόστατος,
1474 1187 1533 1214 οὐδὲ
1548 1187 1595 1213 τοῦ
1611 1189 1712 1218 παντὸς
1727 1189 1827 1215 Δεσπό-

1037 1245 1086 1272 της
1098 1236 1158 1262 οὐδὲ
1169 1235 1248 1267 Θεός.
1265 1234 1358 1261 Ἀθεοι
1369 1234 1514 1269 τοιγαροῦν
1541 1235 1611 1260 εἰσιν
1628 1234 1652 1260 οἱ
1673 1234 1744 1261 οὕτω
1759 1233 1829 1262 κατὰ

1037 1281 1101 1312 τοὺς
1112 1281 1250 1311 ἐναντίους
1266 1280 1439 1316 φρονοῦντες.

1075 1327 1138 1363 plet
1159 1327 1235 1362 Ἔχει
1247 1328 1261 1353 6
1275 1326 1352 1359 Θεὸς,
1367 1327 1416 1353 καὶ
1437 1326 1452 1353 ὓ
1474 1328 1509 1362 μή
1527 1327 1602 1353 ἐστιν
1619 1327 1706 1354 οὐσία.
1722 1327 1758 1354 Οὐ
1777 1328 1830 1362 μὴν

1038 1374 1079 1401 ὅτι
1089 1373 1168 1400 τοῦτο
1182 1374 1231 1400 οὐκ
1247 1372 1320 1400 ἐστιν
1334 1372 1424 1405 οὐσία,
1449 1373 1622 1409 συμϐεϐηκός
1637 1374 1694 1400 ἐστι
1711 1381 1719 1389 ⁸
1733 1374 1764 1400 τὸ
1777 1374 1831 1409 γὰρ

1041 1420 1079 1456 μὴ
1103 1420 1182 1456 μόνον
1206 1420 1256 1446 οὐκ
1285 1420 1494 1454 ἀπογινόμενον,
1510 1420 1568 1446 ἀλλ’
1593 1420 1647 1446 οὐδ’
1676 1419 1790 1455 αὔξησιν
1814 1421 1830 1455 ἦ

1042 1467 1154 1502 μείωσιν
1179 1465 1323 1501 ἡντιναοῦν
1343 1466 1546 1501 ἐπιδεχόμενον,
1574 1466 1590 1501 ἢ
1616 1466 1758 1501 ἐμποιοῦν,
1783 1467 1832 1493 οὐκ

1040 1513 1097 1539 ἐσθ’
1112 1513 1186 1544 ὅπως
1202 1512 1234 1539 ἂν
1247 1512 1440 1547 συναριθμοῖτο
1455 1513 1512 1544 τοῖς
1526 1512 1737 1547 συμϐεϐηκόσιν.
1761 1511 1831 1538 Ἀλλ’

1039 1560 1093 1594 οὐχ·
1109 1560 1150 1586 ὃτι
1177 1560 1246 1595 μήτε
1261 1558 1437 1595 συμϐεϐηκός
1453 1560 1511 1585 ἐστι
1529 1558 1619 1590 τοῦτο,
1647 1559 1716 1593 μήτε
1742 1558 1831 1590 οὐσία,

1039 1607 1093 1632 τῶν
1110 1605 1221 1641 μηδαμῆ
1243 1605 1377 1641 μηδαμῶς
1401 1605 1486 1632 ὄντων
1514 1605 1588 1631 ἐστίν
1603 1613 1610 1620 ·
1639 1605 1695 1632 ἀλλ’
1712 1604 1834 1631 ἐστικαὶ

1040 1652 1077 1683 ὡς
1092 1652 1201 1686 άληθῶς
1217 1653 1303 1678 ἐστιν.
1322 1652 1359 1678 υὺ
1377 1651 1552 1686 συμϐεϐηκὸς
1572 1650 1600 1678 δέ
1628 1652 1714 1682 ἐστιν,
1740 1650 1833 1686 ἐπειδὴ

1040 1699 1213 1726 παντάπασιν
1228 1697 1416 1733 ἀμετάϐλητᾶν
1433 1698 1517 1724 ἐστιν.
1546 1697 1616 1724 Ἀλλ’
1645 1697 1706 1723 οὐδὲ
1733 1697 1813 1722 ninia.
1827 1703 1834 1710 ”

1040 1745 1152 1782 καὶγὰρ
1171 1746 1201 1772 οὑ
1225 1746 1278 1772 τῶν
1301 1745 1362 1777 καθ’
1386 1744 1466 1772 ἑαυτὸ
1481 1745 1674 1779 ὑφεστηκότων
1689 1744 1773 1770 ἐστίν.
1789 1744 1836 1770 Διὸ

1041 1792 1088 1819 καὶ
1101 1791 1274 1827 συμϐεϐηκός
1293 1790 1350 1822 πώς
1370 1792 1427 1817 ἐστι
1451 1791 1515 1826 παρ’
1544 1787 1581 1817 ὧν
1606 1789 1740 1824 οεολόγων
1753 1789 1836 1816 τοῦτο

1042 1839 1170 1873 λέγεται·
1197 1839 1276 1864 τοῦτο
1302 1837 1465 1864 δεικνύντων
1493 1837 1584 1872 μόνον,
1612 1837 1652 1863 ὅτι
1682 1836 1732 1862 οὐκ
1760 1835 1835 1862 ἔστιν

1042 1884 1129 1912 οὐσία.
1149 1884 1182 1910 Τί
1198 1883 1263 1918 γὰρ,
1290 1884 1352 1910 ἐπεὶ
1365 1884 1412 1910 καὶ
1426 1883 1481 1909 τῶν
1493 1883 1684 1910 ὑποστατικῶν
1707 1882 1834 1913 ἕκαστον,

1042 1930 1159 1958 καὶτῶν
1179 1930 1354 1957 ὑποστάσεων
1378 1930 1491 1964 ἑκάστη,
1515 1931 1557 1956 δτι
1580 1929 1649 1964 μήτε
1666 1928 1746 1954 οὐσία
1763 1928 1835 1960 ἐστὶ,

1043 1978 1111 2013 μήτε
1127 1976 1300 2012 συμϐεϐηκὸς
1317 1976 1364 2003 ἐπὶ
1375 1975 1453 2007 Θεοῦ,
1470 1976 1513 2002 διὰ
1529 1975 1607 2002 τοῦτο
1626 1974 1680 2000 τῶν
1701 1974 1835 2009 μηδαμῶς

1041 2023 1126 2050 ὄντων
1153 2023 1250 2053 ὲστίν;
1273 2023 1393 2056 Ἀπαγε.
1420 2023 1473 2048 Τὸν
1489 2022 1570 2047 αὐτὴν
1589 2020 1635 2047 οὖν
1659 2021 1762 2053 τρόπον
1788 2020 1836 2045 καὶ

1041 2072 1058 2106 ἡ
1075 2071 1134 2098 οείςι
1150 2071 1197 2097 τοῦ
1210 2070 1278 2096 Θεοῦ
1296 2070 1431 2105 ἐνέργεια,
1458 2069 1520 2095 οὔτε
1540 2068 1629 2099 οὐσία,
1650 2067 1712 2093 οὒτε
1736 2066 1839 2100 συμϐε-

1042 2118 1126 2152 ϐηκός
1144 2119 1201 2144 ἐστι
1213 2125 1219 2132 ·
1243 2117 1289 2144 καὶ
1305 2116 1359 2142 τῶν
1381 2115 1514 2151 μηδαμῶς
1529 2115 1614 2141 ὄντων
1628 2114 1678 2140 οὐκ
1692 2113 1761 2140 ἐστι.
1782 2113 1838 2139 Καὶ

1043 2163 1076 2189 ἵν’
1102 2162 1172 2189 εἴπω
1189 2163 1218 2189 τὸ
1231 2163 1297 2189 πᾶσι
1312 2164 1368 2194 τοῖς
1391 2162 1526 2196 θεολόγοις
1553 2160 1698 2187 συνδοκοῦν
1714 2168 1721 2175 ·
1753 2161 1784 2186 Εἰ
1809 2160 1839 2186 τὸ

1044 2209 1186 2244 βούλεσθαι
1214 2210 1285 2235 ποιεῖ
1298 2210 1312 2235 ὁ
1324 2207 1400 2239 Θεὸς,
1415 2207 1472 2234 ἀλλ’
1492 2207 1540 2242 οὐχ
1554 2207 1648 2238 ἁπλῶς
1660 2207 1698 2241 τῷ
1716 2207 1838 2241 πεφυκέ-

1043 2265 1096 2284 ναι.
1112 2255 1176 2281 ἄλλο
1191 2255 1245 2291 ἄρα
1260 2255 1290 2281 τὸ
1306 2254 1462 2289 βούλεσθαι,
1485 2254 1533 2280 καὶ
1549 2254 1643 2288 ἕτερον
1662 2253 1692 2279 τὸ
1714 2254 1838 2286 πεφυκέ-

1043 2311 1097 2329 vat.
1118 2302 1149 2328 Ei
1178 2302 1208 2328 δὲ
1230 2301 1309 2327 τοῦτο
1337 2301 1384 2326 καὶ
1413 2301 1429 2336 ἡ
1459 2301 1519 2326 θεία
1548 2299 1628 2334 βουλὴ
1648 2299 1699 2332 τῆς
1731 2299 1840 2333 φύσῖως

1043 2347 1135 2383 ἕτερόν
1147 2348 1221 2374 ἐστιν
1235 2347 1280 2373 ἐπὶ
1294 2346 1372 2376 Θεοῦ,
1387 2347 1431 2372 καὶ
1444 2346 1493 2372 οὐκ
1511 2345 1584 2371 ἔστιν
1599 2345 1687 2376 οὐσία,
1703 2344 1747 2370 διὰ
1759 2343 1839 2370 τοῦτο

1043 2394 1168 2429 οὐδαμῶς
1180 2394 1254 2420 ἐστιν
1268 2402 1275 2426 ;
1291 2391 1431 2428 Οὐμενοῦν
1444 2401 1451 2408 ο
1478 2392 1534 2419 ἀλλ’
1551 2392 1619 2421 ἔστι,
1641 2392 1688 2417 καὶ
1703 2391 1751 2417 τοῦ
1770 2390 1839 2416 Θεοῦ

1045 2439 1092 2466 τοῦ
1112 2440 1149 2474 μὴ
1169 2439 1264 2466 οὐσίαν
1278 2447 1368 2475 μονον,
1388 2438 1456 2464 ἀλλὰ
1473 2438 1519 2464 καὶ
1536 2437 1635 2472 βουλὴν
1654 2437 1763 2471 ἔχοντος
1777 2436 1839 2462 καθ’

1045 2486 1079 2520 ἢν
1104 2485 1187 2517 ποιεῖ,
1211 2484 1263 2511 κᾶν
1292 2483 1465 2518 συμϐεϐηκός
1485 2491 1544 2513 πως
1561 2482 1663 2517 ταύτην
1691 2490 1732 2512 τις
1760 2480 1840 2515 ἐθέλῃ

1046 2532 1138 2558 καλεῖν
1153 2531 1191 2562 ὼς
1217 2530 1254 2565 μὴ
1281 2530 1375 2556 οὐσίαν
1403 2526 1496 2561 οὖσαν,
1529 2529 1580 2554 κᾶν
1601 2528 1637 2562 μὴ
1654 2526 1840 2561 συμϐεϐηκὸς,
1860 2530 1867 2537 ⁸

1045 2578 1083 2610 ὡς
1117 2577 1253 2613 μηδεμίαν
1279 2575 1447 2611 ἐμποιοῦσαν
1475 2574 1609 2605 σύνθεσιν,
1637 2575 1653 2608 ἢ
1684 2573 1840 2600 annuum.

1049 2624 1126 2658 Ἔχει
1150 2623 1205 2657 ἄρα
1230 2623 1244 2648 ό
1268 2621 1334 2652 Θεὸς
1359 2621 1405 2646 καὶ
1429 2620 1442 2646 ὃ
1459 2620 1548 2651 εὐδία,
1565 2619 1612 2645 καὶ
1640 2618 1655 2644 ὃ
1684 2618 1721 2654 μὴ
1750 2618 1841 2650 οὐσία,

1047 2669 1098 2696 κᾶν
1115 2670 1138 2695 εί
1162 2668 1199 2703 μὴ
1215 2667 1388 2703 συμϐεϐηκδς
1406 2668 1524 2700 καλοῖτο,
1549 2666 1598 2701 τὴν
1626 2665 1701 2692 θείαν
1718 2665 1842 2701 δηλονότι

1049 2715 1146 2752 βουλὴν
1163 2715 1210 2741 καὶ
1228 2714 1378 2750 ἐνέργειαν.

1084 2762 1154 2798 ρὶ.ς’.
1181 2761 1213 2787 'H
1234 2760 1312 2786 οὐσία
1327 2761 1350 2786 εἰ
1369 2759 1405 2794 μὴ
1423 2759 1560 2794 ἐνέργειαν
1581 2758 1637 2793 ἔχει
1656 2758 1844 2794 διαφέρουσαν

1049 2809 1159 2843 ἑαυτῆς,
1194 2807 1378 2837 ἀνυπόστατος
1406 2806 1481 2831 ἔσται
1506 2805 1616 2835 τελέως,
1647 2805 1696 2831 καὶ
1724 2804 1845 2835 διανοίας

1051 2856 1118 2891 μόνη
1134 2854 1276 2889 θεώρημα.
1298 2853 1326 2879 Ὀ
1338 2854 1392 2887 γὰρ
1405 2852 1517 2879 καθόλου
1529 2852 1675 2886 λεγόμενος
1687 2851 1844 2886 ἄνθρωπος,
