1947 3072
139 169 204 203 1217

591 169 729 199 CAPITA
758 168 933 204 MIYSICA,
951 167 1206 201 TIIEOLOGICA,
1227 167 1310 198 E'I‘C.

1697 166 1765 199 1213

135 225 165 251 οὐ
180 224 337 257 διανοεῑται,
350 222 380 250 οὺ
398 222 515 257 δοξάζει,
530 223 579 259 οὐχ
592 224 654 259 ὁρᾷ,
669 224 719 250 οὐκ
738 223 923 260 ὀσφραίνεται,

978 229 1028 258 lat,
1045 232 1100 252 non
1135 225 1276 258 opinatur,
1292 231 1345 252 non
1362 224 1445 257 videt,
1470 231 1524 252 non
1552 224 1692 257 odoratur,
1709 232 1764 252 non

135 270 165 296 οὐ
176 269 263 300 λαλεῖ.
283 269 333 296 οὐκ
357 268 466 300 ἀκούει,
490 269 521 296 οὐ
539 270 698 304 περιπατεῖ,
724 269 774 295 οὐκ
799 269 925 300 ἀναπνεῖ,

135 314 186 342 οὐκ
203 314 298 346 ἐσθίει,
317 314 364 341 καὶ
387 314 480 346 ἁπλῶς
507 315 605 347 εἰπεῖν,
629 315 680 341 οὐκ
709 314 764 349 ἔχει
786 314 926 350 ἐνέργειαν

135 360 316 395 διαφέρουσαν
330 360 379 395 τῆς
394 360 497 393 οὐσίας,
518 360 566 387 καὶ
591 360 735 387 δεικνῦσαν
761 360 803 386 ὅτι
815 360 845 387 ἐν
859 360 927 387 ὑπο-

137 406 229 432 στάσει
255 406 313 432 ἐστί
331 413 336 420 ·
357 406 397 432 διὸ
413 406 459 432 καὶ
483 405 582 438 τελέως
606 406 791 438 ἀνυπόστατός
815 406 890 433 ἐστιν
911 406 925 433 ὁ

134 452 249 479 καθήλου
262 452 417 488 ἄνθρωπος.
444 451 473 478 ’0
488 452 517 478 δὲ
540 452 682 488 ἐνέργειαν
710 452 830 487 ἔμφυτον
855 451 925 488 ἔχων

133 498 314 532 διαφέρουσαν
329 499 378 533 τῆς
391 497 495 531 οὐσίας,
512 497 667 533 ἄνθρωπος.
684 498 788 533 μίαν,ῆ
804 498 924 531 πλείους,

134 544 150 579 ἢ
167 544 258 574 πάσας
279 543 397 579 οἵασπερ
417 543 533 579 ἔφημεν,
550 544 581 576 ἐξ
594 544 683 570 αὐτῶν
697 545 862 579 γνωρίζεται
884 544 925 571 ὅτι

133 590 162 615 ἐν
173 589 321 616 ὑποστάσει
339 590 407 621 ἐστὶ,
423 590 470 617 καὶ
496 591 546 618 οὐκ
561 591 748 623 ἀνυπόστατός
761 592 835 618 ἐστιν
851 591 864 617 ὀ
877 591 926 618 ἄν·

134 634 251 669 θρωπος.
261 635 337 661 Ἐπεὶ
349 634 376 661 δὲ
390 635 418 662 αἱ
431 635 553 663 τοιαῦται
568 637 715 671 ἐνέργειαι,
730 637 780 663 οὐκ
800 636 843 670 ἐφ’
856 636 924 668 ἐνὸς,

133 680 149 715 ἢ
167 680 223 713 δύο,
241 681 257 715 ἢ
274 681 367 716 τριῶν,
384 681 441 708 ἀλλ’
464 683 511 708 ἐπὶ
525 682 656 709 πλειόνων
671 683 712 718 τῷ
730 683 841 718 ἀριθμῷ
859 683 926 711 θεω-

134 726 253 762 ροῦνται,
272 727 411 754 δείκνυται
437 727 508 756 εἶναι
533 729 579 756 τὸν
602 729 745 765 ἄνθρωπον
763 731 792 756 ὲν
807 730 926 758 ὑποστά-

133 783 190 800 σεσι
209 774 329 810 μυρίαις.

170 820 236 855 ρ).ς’.
260 821 289 847 '0
305 821 370 853 Θεὸς
393 821 463 848 κατὰ
486 823 535 856 τὴν
560 822 605 849 διὰ
629 823 678 859 τῆς
705 823 787 850 αὐτοῦ
813 823 925 859 χάριτος

134 867 285 903 ἡμετέραν,
314 868 364 903 τῆς
379 869 462 895 αὑτοῦ
477 869 549 903 λέγω
581 869 746 905 Ἐχκλησίας
773 869 924 902 εὐσεϐείας,

975 273 1108 307 loquitur,
1126 280 1178 300 non
1206 272 1294 305 audit,
1314 280 1366 300 non
1397 272 1529 304 ambulat,
1555 279 1606 300 non
1634 272 1763 307 respirat,

976 313 1173 349 nou‘comedit.
1189 323 1217 345 et
1235 327 1291 346 uno
1304 319 1397 351 verbo,
1408 326 1460 347 non
1478 319 1559 346 habet
1576 319 1763 353 operationem

976 366 1009 392 ab
1030 365 1148 393 essentia
1164 365 1332 397 distinctam,
1350 373 1404 399 qua
1418 365 1554 393 indicetur
1576 366 1644 394 hanc
1657 372 1718 393 esse
1737 365 1764 392 in

974 411 1150 438 subsistentia
1168 420 1174 437 :
1195 411 1255 438 ideo
1272 411 1383 438 minime
1398 411 1549 438 subsistens
1563 415 1605 438 est
1633 412 1713 438 homo
1735 410 1763 437 In

979 465 1081 492 genere.
1101 457 1153 485 Sed
1178 457 1259 484 homo
1278 457 1430 484 naturalem
1453 456 1557 483 habens
1576 457 1762 490 operationem

975 505 1009 531 ab
1023 504 1141 532 essentia
1159 504 1326 533 distinctam,
1337 503 1395 530 sive
1410 510 1504 533 unam.
1520 503 1578 530 sive
1593 502 1696 536 plures,
1705 502 1763 528 sive

975 557 1071 577 omnes
1094 557 1272 585 quascunque
1298 550 1426 581 diximus,
1454 557 1487 577 ex
1516 549 1561 577 his
1590 549 1764 584 cognoscitur

975 602 1038 622 esse
1052 595 1079 622 in
1097 595 1271 627 exsistentia,
1284 602 1334 622 nec
1356 602 1416 622 esse
1430 595 1512 621 homo
1531 602 1583 622 non
1600 595 1762 622 subsistens.

975 641 1043 674 Quia
1061 646 1150 668 autem
1172 641 1329 676 huiusmodi
1344 641 1528 675 operationes,
1544 648 1598 668 non
1625 648 1690 672 una,
1707 648 1762 668 non

975 689 1041 722 duo,
1056 696 1110 716 non
1126 692 1192 721 tres,
1208 689 1256 716 sed
1274 688 1396 723 plurimae
1411 692 1600 719 numerantur,
1617 686 1679 714 inde
1691 690 1764 720 patet

976 734 1112 762 hominem
1129 734 1158 762 in
1175 734 1406 762 numerosissimis
1420 733 1552 761 exsistere
1565 732 1762 760 subsistentiis.

1013 824 1076 852 137.
1096 831 1177 857 deus.
1191 824 1268 858 juxta
1291 824 1362 859 piam
1378 825 1529 852 doctrinam
1545 824 1631 858 gratia
1651 831 1699 851 sua
1715 830 1763 850 no.

975 870 1027 902 bis.
1044 870 1071 898 id
1084 875 1124 898 est
1146 878 1201 898 suae
1211 868 1338 897 Ecclesia:
1360 870 1462 902 datam,
1476 871 1662 904 operationem
1682 875 1764 897 natu-

135 901 277 948 ἐνέργειαν
295 901 416 950 εμςουτον
431 915 500 950 ἔχων
510 901 649 952 δειχτικὴν
663 901 771 949 ἑαυτοῦ,
791 917 840 943 καὶ
855 901 923 942 κατά

978 917 1064 944 ralem
1089 916 1192 944 habens
1219 923 1274 943 sua:
1299 901 1468 944 exsistentia:
1483 901 1599 943 indicent
1617 915 1732 950 ideoque
1748 922 1764 942 ι

134 959 214 986 τοῦτο
231 960 414 996 διαφέρουσαν
433 961 483 996 τῆς
499 962 593 994 οὐσίας
609 962 703 990 αὑτοῦ.
716 963 771 989 Καὶ
785 962 840 998 γὰρ
856 971 926 998 προ-

135 1005 265 1040 γινώσκει
284 1015 313 1032 τε
336 1007 384 1033 καὶ
397 1009 551 1043 προνοεῖται
571 1009 626 1034 τῶν
642 1009 857 1045 ὑποδεεστέρων,
879 1009 926 1036 καὶ

135 1051 299 1087 δημιουργεῖ
313 1053 411 1086 ταῦτα,
430 1055 476 1080 καὶ
499 1056 638 1090 συντηρεῖ,
662 1055 710 1082 καὶ
726 1055 863 1088 δεσπόζει,
879 1055 926 1081 καὶ

137 1097 335 1131 μετασκευάζει
347 1091 412 1126 ’κατ’
431 1100 536 1127 οἰκείαν
553 1100 679 1136 βούλησιν
693 1101 731 1132 ὡς
744 1100 814 1128 οῐδεν
833 1102 924 1132 αυτὸν.

135 1144 164 1169 ὲν
175 1145 323 1185 ὑποστάσει
335 1145 473 1173 δείκνυται
481 1146 529 1179 ὢν,
540 1147 598 1174 ἀλλ’
608 1148 659 1174 οὐκ
674 1147 753 1174 οὐσία
763 1148 844 1183 μόνον
859 1147 925 1175 ἀνδ-

135 1190 278 1222 πόστατος.
297 1190 375 1218 Ἐπεὶ
390 1191 418 1218 δὲ
431 1192 459 1218 αι
476 1192 599 1219 τοιαῦται
613 1194 699 1220 πᾶσαι
719 1194 925 1228 ὲνέργειαι.οὺκ

134 1233 179 1268 ἐφ’
192 1233 264 1266 ἐνὸς,
277 1233 336 1259 ἀλλ’
349 1232 379 1259 ἐν
390 1232 481 1268 τρισὶν
495 1232 678 1260 ὺποστάσεσιν
690 1233 820 1268 ὑπάρχων
836 1234 850 1259 ὁ
862 1232 928 1264 Θεὸς

134 1279 200 1314 ἡμῖν
217 1278 393 1314 γνωρίζεται.
421 1278 453 1304 Ol
475 1277 505 1304 δὲ
535 1278 730 1313 ἀντικείμενοι,
747 1277 872 1312 λέγοντες
889 1277 928 1312 μὴ

134 1325 206 1361 Ελειν
221 1324 267 1352 τὸν
281 1324 348 1351 Θεὸν
363 1325 504 1360 ἐνέργειαν
517 1323 638 1359 ἔμφυτον
655 1323 793 1359 δεικτικὴν
815 1321 926 1355 ἐαυτοῦ,

135 1371 266 1398 καὶκατὰ
279 1370 360 1398 τοῦτο
372 1370 557 1406 διαφέρουσαν
581 1370 631 1405 τῆς
647 1369 741 1401 οὐσίας
765 1369 860 1401 αὑτοῦ,
877 1370 928 1396 οὐκ

135 1418 164 1444 ἐν
175 1417 325 1444 ὑποστάσει
336 1416 462 1450 λέγουσιν
479 1413 548 1442 εἶναι
561 1415 608 1442 τὸν
623 1415 700 1446 Θεὸν,
718 1415 764 1442 καὶ
775 1414 926 1441 ἀνυπόστα-

134 1471 180 1490 τον
192 1463 292 1495 τεὶέως
309 1462 416 1489 ποιοῦσι
430 1462 476 1488 τὸν
493 1461 709 1498 τρισυπόστατον
728 1460 830 1496 Κύριον
843 1469 850 1476 ·
862 1468 928 1487 τοσο

134 1508 211 1534 οὓτον
237 1507 454 1542 ὑπερόἀλλοντες
477 1505 622 1541 κακοδοξίᾳ
652 1505 698 1532 τὸν
720 1505 804 1532 Λίϐυν
828 1504 928 1532 Σαὸέλ-

126 1554 202 1586 -λιον,
218 1555 280 1581 ὅσον
293 1553 374 1581 πλέον
389 1554 429 1585 εἰς
453 1553 552 1580 κακίαν
581 1552 638 1588 ἔχει
668 1552 717 1588 τῆς
738 1551 896 1583 δυσσεὸείας
908 1552 922 1585 ἡ
936 1574 959 1603 c

133 1600 256 1628 άσὲὁειει.

170 1646 237 1682 ρ).η’,
252 1646 312 1672 Τῶν
340 1645 425 1682 τριῶν
452 1645 532 1672 οείων
560 1644 747 1678 ὑποστάσεων,
764 1645 794 1670 οὐ
824 1644 873 1679 μία
888 1643 926 1675 ὡς

131 1693 247 1728 ὀμοίαὴ
275 1693 412 1727 ἐνέργεια,
443 1692 570 1727 καθάπερ
597 1692 640 1726 ἐφ’
664 1691 754 1727 ἡμῶν,
778 1690 846 1717 ἀλλὰ
876 1689 925 1725 μία

131 1738 216 1769 ὅντως
231 1739 277 1765 καὶ
290 1738 328 1774 τῷ
356 1737 476 1774 ἀριθμῷ.
504 1738 594 1773 Ὅπερ
619 1738 643 1764 οἰ
671 1737 706 1764 τὰ
725 1737 779 1776 τῶν
798 1737 927 1763 ἐναντίων

131 1785 293 1821 φρονοῦντες
323 1785 415 1819 λέγειν
447 1785 478 1811 οὺ
506 1784 654 1811 δύνανταιο
690 1784 753 1810 ἐπεὶ
776 1783 813 1820 μὴ
833 1783 927 1819 κοινὴν

131 1831 201 1859 εἶναι
216 1831 271 1858 τῶν
283 1830 367 1866 τριῶν
387 1831 516 1857 ἄκτιστον
529 1831 671 1866 ἐνέργειαν
687 1838 782 1864 φασιν,
797 1830 863 1856 ἀλλὰ
878 1828 926 1856 xei.

129 1878 252 1913 ἀλλήλων
264 1878 312 1910 τὰς
325 1879 488 1910 ὑποστάσεις
502 1878 643 1914 ἐνεργείας
655 1876 726 1905 εἷναι
739 1878 873 1912 λέγουσιν,
887 1878 925 1909 ὡς

131 1925 169 1961 μὴ
186 1925 279 1960 κοινῆς
293 1923 377 1960 οὔσης
393 1925 452 1951 κατ’
469 1923 568 1956 αὐτοὺς
586 1923 661 1956 θείας
674 1924 814 1960 ἐνεργείας
831 1933 838 1939 ·
855 1923 924 1950 ὥστε

129 1971 184 1998 οὐδ’
202 1971 288 2002 οὕτως
304 1970 395 2006 ἔχουσι
407 1971 497 2004 λέγειν
512 1970 576 2005 μίαν
593 1970 646 1997 τῶν
663 1971 746 2006 τριῶν
763 1971 919 2007 ἐνέργειαν·

129 2017 196 2043 ἀλλὰ
217 2018 265 2043 καὶ
282 2015 376 2043 ἀλλοτε
395 2015 480 2050 ἄλλην
504 2015 592 2046 οὓτως
617 2016 801 2052 ἀναιροῦντες,
821 2016 925 2044 ἀνυπό-

129 2071 225 2090 στατον
242 2062 389 2089 κάντεῦθεν
400 2061 508 2089 ποιοῦσι
522 2062 568 2088 τὸν
582 2062 796 2098 τρισυπόστατον
811 2063 888 2090 Θεὸν.

166 2108 231 2144 ρλϐ’,
248 2109 278 2135 Ol
298 2108 345 2143 τὴν
365 2107 511 2140 κακόδοξον
531 2108 636 2143 πλάνην
654 2109 723 2136 κατὰ
743 2108 832 2144 ψυχὴν
851 2117 925 2136 νενοσ-

128 2156 255 2190 σηκότες,
272 2155 386 2189 κτιστὴν
408 2155 534 2190 λέγοντες
548 2156 597 2191 τὴν
616 2156 799 2192 διαφέρουσαν
813 2159 863 2192 τῆς
876 2157 924 2184 τοῦ

127 2202 196 2229 Θεοῦ
212 2202 306 2234 οὐσίας
319 2202 472 2238 ἐνέργειαν,
503 2203 621 2234 κτιστῶς
644 2203 718 2238 ἔχειν
734 2203 824 2231 καὶτὸ
841 2203 923 2238 δημι-

979 969 1028 990 sua
1045 962 1163 989 essentia
1180 962 1336 990 distinctam
1353 961 1464 996 (etenim
1479 961 1587 996 praescit
1603 965 1630 988 et
1642 961 1765 996 providet

976 1007 1117 1040 inferiora,
1138 1012 1166 1035 et
1187 1007 1264 1039 facit,
1279 1012 1308 1034 et
1326 1011 1481 1040 conservat,
1496 1012 1524 1034 et
1539 1006 1619 1042 regit.
1635 1011 1663 1033 et
1678 1011 1764 1033 mutat

975 1053 1009 1080 ad
1027 1053 1166 1088 proprium
1184 1057 1278 1080 nutum
1303 1058 1332 1080 ut
1344 1053 1395 1080 sibi
1420 1053 1551 1088 videtur),
1568 1053 1630 1080 inde
1645 1052 1767 1080 ostendi-

976 1103 1021 1127 tur
1032 1105 1092 1127 esse
1106 1099 1132 1126 in
1149 1099 1312 1132 substantia,
1331 1099 1403 1127 haud
1423 1106 1486 1127 vero
1501 1099 1619 1126 essentia
1634 1106 1686 1126 non
1703 1098 1767 1124 sub-

976 1143 1086 1173 sistens.
1103 1144 1184 1179 Atqui
1198 1151 1293 1172 omnes
1307 1144 1461 1180 hujusmodi
1474 1144 1658 1179 operationes,
1673 1151 1725 1170 non
1739 1150 1764 1169 Ill

976 1195 1041 1222 una,
1065 1189 1111 1217 sed
1134 1189 1161 1217 in
1178 1190 1266 1218 tribus
1285 1190 1468 1218 subsistentiis
1480 1190 1585 1218 habens
1603 1190 1675 1217 Deus
1689 1189 1766 1216 nobis

976 1235 1134 1264 innotescit.
1156 1236 1312 1264 Adversarii
1341 1243 1406 1264 vero
1432 1236 1554 1263 dicentes
1580 1243 1634 1263 non
1664 1235 1767 1262 habere

976 1281 1060 1310 Deum
1077 1283 1262 1317 Operationem
1280 1283 1430 1311 naturalem
1449 1289 1505 1310 sua:
1515 1282 1681 1310 exsistentiae
1697 1281 1767 1308 indi-

976 1335 1047 1361 cem,
1065 1329 1179 1363 ideoque
1194 1337 1208 1356 a
1221 1336 1270 1357 sua
1288 1329 1407 1357 essentia
1437 1329 1606 1361 distinctam,
1620 1328 1646 1355 in
1673 1327 1764 1355 subsi-

977 1376 1078 1402 stentia
1088 1383 1149 1404 esse
1166 1375 1250 1403 Deum
1267 1380 1387 1410 negant;
1403 1380 1430 1402 et
1444 1375 1558 1401 minime
1573 1374 1765 1401 subsistentem

976 1423 1145 1450 contendunt
1171 1423 1272 1450 trinum
1305 1421 1490 1449 subsistentiis
1522 1421 1676 1452 Dominum,
1691 1424 1766 1447 tanto

975 1472 1137 1502 superantes
1163 1475 1247 1502 prava
1275 1467 1399 1494 doctrina
1427 1466 1555 1501 Libyeunt
1588 1465 1736 1492 Sabellium
1753 1483 1764 1499 ,

975 1519 1079 1549 quanto
1095 1514 1210 1549 nequior
1221 1517 1264 1542 est
1279 1513 1349 1541 mala
1365 1513 1468 1548 pietate
1483 1512 1618 1546 impietas.

1013 1652 1076 1680 158.
1090 1651 1184 1678 Trium
1200 1649 1353 1677 divinarum
1373 1655 1553 1684 personarum
1571 1646 1693 1681 operatio
1711 1652 1763 1673 una

975 1703 1029 1731 est,
1043 1698 1114 1726 haud
1123 1697 1232 1732 quidem
1248 1696 1358 1728 similis,
1370 1700 1399 1722 ut
1419 1695 1488 1729 apud
1506 1702 1565 1726 nos,
1577 1694 1623 1720 sed
1637 1700 1699 1720 vere
1711 1700 1762 1719 una

974 1735 1192 1778 numera-Quod
1212 1741 1359 1770 adversarii
1380 1741 1470 1768 dicere
1487 1747 1540 1767 non
1557 1743 1681 1774 possunt,
1699 1739 1763 1774 quia

976 1791 1062 1818 tribus
1075 1797 1248 1818 communem
1263 1795 1324 1816 esse
1337 1788 1488 1815 increatam
1506 1786 1692 1821 operationem
1714 1791 1763 1812 ue-

973 1840 1048 1872 μοι,
1061 1840 1088 1863 et
1108 1841 1241 1870 personae,
1262 1834 1338 1868 juxta
1353 1840 1410 1864 eos,
1428 1837 1490 1860 sunt
1506 1832 1548 1858 sui
1569 1831 1683 1858 invicem
1700 1837 1763 1865 ope-

973 1881 1104 1911 rationes.
1121 1880 1192 1907 haud
1209 1886 1275 1906 vero
1290 1877 1445 1905 communis
1462 1880 1506 1904 est
1519 1876 1610 1903 divina
1628 1875 1761 1910 operatio;

973 1931 1001 1954 et
1017 1926 1054 1954 ita
1070 1925 1162 1953 dicere
1184 1928 1321 1959 nequeunt
1336 1931 1418 1950 unam
1439 1929 1501 1949 esse
1527 1922 1608 1948 trium
1626 1921 1762 1955 operatio-

979 1980 1054 2004 nem.
1069 1961 1211 1999 sedabant
1235 1970 1288 1997 alia
1305 1969 1344 1996 sic
1355 1969 1536 1999 destruentes.
1552 1967 1614 1994 inde
1630 1974 1682 1994 non
1698 1965 1761 1994 sub-

973 2019 1115 2046 sistentem
1137 2017 1240 2044 faciunt
1257 2016 1358 2044 trinum
1369 2014 1555 2042 subsistentiis
1566 2013 1663 2040 Deum.

1010 2111 1073 2140 l59.
1097 2111 1200 2146 Quibus
1231 2108 1361 2136 haeretico
1386 2114 1480 2135 errore
1503 2107 1591 2134 anima
1627 2110 1759 2141 δεδι-οισι,

971 2163 1092 2187 creatam
1109 2157 1148 2185 illi
1160 2157 1284 2184 dicentes
1296 2155 1453 2182 distinctam
1469 2161 1482 2180 a
1499 2153 1545 2180 Dei
1561 2153 1681 2180 essentia
1695 2160 1762 2186 ope.

972 2193 1118 2237 rationem,
1132 2208 1254 2232 creatum
1269 2209 1375 2237 quoque
1393 2201 1419 2227 in
1442 2200 1496 2227 Deo
1512 2203 1655 2226 autumant
1670 2203 1760 2226 actum

127 2249 236 2282 ουργεῖν
255 2247 302 2274 τὸν
316 2248 382 2274 Θεὸν
395 2248 548 2281 δοξάζουσι,
567 2249 652 2276 ταυτὸ
670 2248 693 2275 δ’
711 2250 797 2275 εἰπεῖν
814 2249 862 2284 τὴν
877 2249 923 2284 δη-

977 2251 1097 2281 creandi.
1113 2257 1162 2278 seu
1188 2248 1259 2284 quod
1284 2248 1354 2275 idem
1375 2251 1426 2278 est,
1449 2246 1609 2274 creatricem
1629 2245 1688 2280 ejus
1712 2253 1760 2279 ρο-

129 2293 294 2328 μιουργικὴν
308 2292 423 2329 δύναμιν
450 2293 534 2321 αὐτοῦ
548 2302 555 2309 '
577 2295 607 2320 οὺ
632 2294 686 2330 γὰρ
711 2294 785 2321 ἔστιν
800 2295 923 2330 ἐνεργεῖν

128 2338 176 2366 καὶ
188 2338 368 2375 δημιουργεῖν
389 2340 475 2377 χωρὶς
491 2340 631 2375 ἐνεργείας
644 2349 651 2356 ·
674 2341 769 2376 ὥσπερ
786 2341 847 2368 οὐδὲ
871 2342 922 2369 ὐπ-

128 2385 223 2420 άρχειν
249 2386 334 2421 χωρὶς
356 2386 510 2421 ὑπάρξεως.
544 2386 589 2418 Ὠς
616 2386 662 2414 οὖν
687 2388 737 2414 οὐκ
762 2387 802 2414 ενι
817 2388 863 2415 τὸν
879 2387 923 2415 λέ-

127 2439 211 2465 γοντα
230 2431 279 2466 τὴν
308 2433 356 2458 τοῦ
384 2432 451 2459 Θεοῦ
483 2433 600 2469 ὕπαρξιν
629 2433 752 2469 κτιστὴν,
784 2434 922 2466 άκτίστως

126 2475 201 2512 ἔχειν
213 2476 295 2503 αὐτὸν
309 2476 338 2503 τὸ
356 2475 424 2504 εἷναι
440 2478 555 2510 οἴεσθαι,
570 2478 655 2511 οὕτως
668 2478 719 2505 οὐκ
733 2478 790 2505 ἐστι
807 2479 853 2505 τὸν
878 2479 921 2506 λέ-

127 2531 210 2557 γοντα
223 2522 272 2557 τὴν
292 2521 338 2549 τοῦ
359 2522 430 2549 Θεοῦ
450 2523 590 2559 ἐνέργειαν
611 2524 734 2560 κτιστὴν,
754 2524 784 2551 τὸ
799 2525 921 2560 ἐνεργεῖν

126 2577 156 2596 τε
173 2569 219 2595 καὶ
239 2569 417 2604 δημιουργεῖν
433 2570 516 2596 αὑτὸν
534 2570 669 2601 ἁκτίστως
682 2571 755 2606 ἔχειν
770 2572 882 2598 οἴεσθαι.

165 2619 220 2651 ρμ’.
251 2616 395 2651 Κτίσματα
414 2615 461 2642 τοῦ
478 2616 545 2642 θεοῦ
570 2617 617 2642 καὶ.
642 2618 695 2644 stat
721 2618 768 2644 καὶ
797 2618 922 2652 λέγονται

129 2662 205 2696 παρὰ
217 2661 270 2688 τῶν
282 2661 403 2693 εὐσεϐῶς
416 2662 597 2697 φρονούντων,
609 2664 658 2698 οὐχ
673 2665 688 2698 ή
701 2664 748 2690 τοῦ
762 2664 830 2691 Θεοῦ
845 2665 922 2701 ἐνέρ-

127 2716 191 2742 γεια
222 2709 293 2734 κατὰ
313 2708 376 2740 τοὺς
403 2708 458 2734 τῶν
478 2709 608 2735 ἐναντίων
633 2710 742 2745 λήρους,
763 2711 854 2746 ἄπαγε
874 2712 923 2746 τῆς

129 2753 278 2786 ὰσεῦεἰαςί
299 2754 367 2781 ἀλλὰ
380 2754 430 2789 τῆς
455 2754 528 2785 θείας
556 2755 695 2790 ἐνεργείας
715 2756 924 2792 ἀποτελέσματα

126 2801 186 2827 ἔστι
203 2802 236 2827 τὰ
248 2801 398 2836 κτίσματα.
430 2799 461 2827 Εἰ
476 2800 531 2836 γὰρ
547 2801 582 2828 τὰ
603 2801 739 2837 κτίσματα
752 2802 769 2837 ἡ
784 2802 921 2838 ἐνέργεια,

127 2846 272 2882 ῆάκτιστα
291 2846 377 2875 ταῦτά
399 2847 473 2874 ἐστιν
501 2846 533 2882 (ὣ
554 2847 602 2882 τῆς
616 2848 765 2883 παρανοίας
775 2848 807 2884 !),
821 2849 921 2881 ώςνκαὶ

127 2894 193 2929 πρὶν
207 2893 352 2929 κτισῠῆναι
367 2895 442 2926 ὅντα,
461 2893 478 2929 ἢ
494 2894 548 2929 πρὸ
571 2894 626 2921 τῶν
648 2894 806 2930 κτισμάτων
823 2895 856 2931 (ὦ
870 2898 919 2932 τῆς

973 2297 1087 2324 tentiam
1103 2304 1110 2323 :
1123 2302 1178 2322 non
1193 2294 1265 2322 enim
1280 2293 1390 2328 operari
1402 2295 1450 2319 aut
1467 2299 1562 2319 creare
1578 2291 1682 2326 absque
1694 2298 1758 2326 ope-

972 2341 1078 2368 ratione
1096 2344 1194 2375 potest,
1207 2339 1277 2368 sicut
1296 2345 1347 2366 nec
1363 2338 1495 2365 exsistere
1512 2336 1613 2371 absque
1627 2336 1761 2364 exsisten-

973 2387 1020 2413 tia.
1037 2386 1073 2413 llt
1092 2385 1176 2419 igitur
1197 2384 1242 2418 qui
1260 2388 1380 2411 creatam
1409 2382 1475 2410 dicit
1498 2381 1545 2409 Dei
1561 2382 1760 2415 cxsistentiam,

972 2437 1068 2467 putare
1097 2430 1194 2465 nequit
1220 2430 1371 2457 increatum
1389 2428 1416 2455 in
1436 2436 1468 2456 eo
1487 2436 1547 2456 esse
1565 2433 1656 2456 actum
1687 2427 1761 2456 exsi-

971 2477 1062 2506 stendi
1084 2478 1236 2509 exsistere;
1254 2476 1291 2503 ita
1303 2476 1350 2510 qui
1368 2480 1501 2503 cretatatn
1514 2475 1580 2502 dicit
1599 2475 1646 2501 Dei
1663 2481 1762 2508 opera-

971 2524 1084 2555 tionem,
1098 2527 1194 2557 putare
1211 2522 1304 2557 nequit
1320 2522 1470 2550 iucreatutn
1486 2522 1512 2548 in
1531 2529 1565 2549 eo
1588 2529 1648 2549 esse
1667 2526 1759 2548 actum

970 2571 1104 2606 Operandi
1124 2575 1151 2597 et
1161 2569 1285 2597 creandi.

1007 2617 1069 2645 MO.
1085 2617 1225 2644 Creatura:
1243 2617 1289 2645 Dei
1310 2624 1361 2644 nec
1380 2622 1444 2644 sunt
1458 2623 1509 2643 nec
1532 2615 1661 2642 dicuntur
1681 2620 1695 2639 a
1715 2613 1761 2648 pie

969 2664 1166 2696 sentientibus,
1184 2664 1307 2699 operatio
1322 2664 1382 2694 Dei.
1402 2668 1431 2690 ut
1457 2661 1606 2690 adversaiii
1633 2660 1761 2692 delirant.

974 2711 1043 2745 proh
1064 2710 1206 2745 impietas!
1218 2709 1265 2737 sed
1277 2709 1375 2736 divinae
1387 2707 1557 2744 operationis
1570 2706 1685 2734 eﬂectus
1697 2710 1762 2733 sum

971 2761 1116 2784 creaturae.
1132 2755 1160 2782 Si
1176 2755 1249 2783 enim
1262 2760 1392 2783 creaturae
1407 2759 1501 2782 essent
1514 2753 1646 2788 operatio,
1662 2752 1703 2780 vel
1722 2753 1760 2779 in-

968 2807 1068 2830 creata
1096 2806 1189 2830 essent
1207 2803 1216 2837 (
1232 2809 1248 2829 ο
1269 2802 1470 2833 absurditasi).
1492 2801 1528 2828 ita
1557 2805 1588 2827 ut
1611 2804 1759 2835 antequam

968 2853 1130 2878 crearentur
1145 2849 1316 2877 exstitissent
1329 2857 1337 2882 ;
1349 2848 1391 2876 vel
1403 2852 1466 2875 ante
1478 2847 1643 2876 creationem
1659 2847 1686 2882 (ο
1704 2847 1756 2873 im-

968 2893 1085 2928 pietas!)
1103 2902 1156 2921 non
1176 2893 1314 2922 habuisset
1338 2892 1407 2921 Deus
1432 2891 1693 2928 operationem,qni
1713 2896 1759 2920 ta-
