1947 3072
151 167 213 200 1221

601 170 739 202 CAPITA
759 172 931 208 PHYSICA,
951 174 1210 212 TiIEOLOGlCA,
1231 177 1312 208 ETC.

1703 180 1771 212 1292

177 224 249 261 ρμδ¹.
273 226 306 252 Ἦ
323 225 402 253 οὐσία
417 226 465 253 τοῦ
484 225 553 253 Θεοῦ
580 228 755 255 παντάπασίν
773 230 848 257 ἐστιν
860 230 918 257 ἀνώ

970 256 972 260 ,
1019 231 1081 259 in.
1098 232 1222 260 Essentia
1244 233 1291 261 Dei
1315 233 1471 262 nullatenus
1494 237 1645 270 nuncupari
1668 244 1768 272 potest,

139 280 235 307 νυμος,
249 272 311 299 ἐπεὶ
322 272 369 299 καὶ
382 273 471 308 πάντη
483 272 557 300 ἐστὶν
567 273 755 310 ἀπερινόητος⁸
769 276 934 312 ὀνομάζεται

89 352 93 353 ν
138 315 185 344 οὖν
205 319 237 344 ὲκ
255 317 350 345 πασῶν
370 318 424 345 τῶν
439 319 549 346 obtein
564 321 727 356 ἐνεργειῶν,
748 322 862 357 μηδενὸς
875 324 933 351 ἐκεῖ

138 364 192 390 τῶν
204 364 346 399 ὀνομάτων
362 365 431 401 πρὸς
441 365 537 401 ἕτερον
553 367 625 394 κατὰ
642 367 692 403 τὴν
714 370 853 404 σημασίαν
874 371 932 398 δια-

138 412 278 446 φέροντος.
298 412 342 444 Ἐξ
354 412 471 439 ἑκάστου
482 413 537 448 γὰρ
549 414 596 441 καὶ
611 415 720 442 πάντων
734 416 810 443 οὐδὲν
825 417 930 453 ἕτερον,

137 457 152 492 ἢ
174 457 205 484 τὸ
235 458 350 493 κρύφιον
376 459 466 486 ἐκεῖνο
495 460 629 495 μηδαμῶς
658 463 930 498 γιωσκόμενονότί

136 503 204 530 ποτέ
220 504 279 530 ἐστι
299 504 424 531 καλεῖται
445 506 492 532 ἐπὶ
512 506 541 532 δὲ
565 506 618 533 τῶν
638 507 797 543 ἐνεργειῶν,
814 509 929 539 ἕκαστον

135 550 188 576 τῶν
204 551 345 585 ὀνομάτων
362 552 491 587 διάφορον
511 552 567 588 ἔχει
582 554 730 589 σημασίσν.
748 555 797 588 Τίς
813 557 867 593 γὰρ
876 558 927 586 οὐκ

135 593 205 622 οῐδεν
217 596 258 623 ὅτι
275 597 462 632 διενηνόλασιν
474 599 597 635 ἀλλήλων
610 602 640 627 τὸ
656 602 769 634 κτίζειν,
783 604 813 630 τὸ
827 604 926 632 δεσπό-

134 638 204 672 ζειν,
218 640 250 667 τὸ
268 641 382 676 κρίνειν,
400 643 430 668 τὸ
445 644 630 678 προνοεῖσθαι,
648 646 678 673 τὸ
691 647 736 674 διὰ
753 648 804 684 τῆς
821 650 926 684 οἰκείας

133 685 244 720 χάριτος
257 687 303 713 τὸν
316 687 384 714 Θεὸν
397 689 471 723 ἡμᾶς
481 690 613 717 υίοθετείν
621 700 628 724 ;
643 693 675 718 Ol.
685 691 732 720 οὖν
741 694 791 725 τὰς
804 696 926 729 quatit;

133 731 209 763 θείας
237 732 340 765 ταύτας
358 734 509 770 ἐνεργείας,
529 736 567 768 ὡς
596 737 719 773 ἀλλήλων
744 747 775 767 τε
801 743 850 767 καὶ
873 742 924 778 τῆς

132 778 208 810 οείας
238 779 346 814 φύσεως
370 781 552 817 διαφερούσας
584 784 710 819 λέγοντες
739 789 869 822 κτιστάς,
896 790 923 817 τί

131 824 196 851 ἄλλο
213 825 230 859 ἢ
254 825 302 852 τὸν
327 826 393 854 Θεὸν
418 829 457 860 είς
484 829 587 865 κτίσμα
603 832 765 859 κατασπῶσι
779 842 787 866 ;
803 834 845 862 Τὰ
867 836 923 870 γὰρ

131 870 292 906 τίτιζόμενα,
320 873 354 900 τὰ
384 874 583 910 δεσποζόμενα,
617 877 652 904 τὰ
683 879 847 914 κρινόμενα,
875 883 922 908 καὶ

131 917 224 949 ἁπλῶς
241 918 332 945 πάντα
349 919 383 946 τὰ
400 921 524 956 τοιαῦτα,
555 922 613 949 ἔστι
635 924 670 951 τὰ
695 925 843 961 κτίσματα,
863 927 921 955 ἀλλ’

130 963 179 998 οὐχ
191 964 205 989 ό
224 964 356 1000 Κτίστης,
375 966 422 992 καὶ
438 967 451 993 6
477 968 626 1003 Δεσπότης,
653 971 700 997 καὶ
727 973 825 1007 κριτής
837 981 844 989 -
867 973 922 1000 οὑδ⁸

130 1009 197 1035 αὐτὸ
219 1010 249 1037 τὸ
275 1011 392 1045 κρίνειν,
418 1013 465 1040 καὶ
478 1013 631 1047 δεσπόζειν,
661 1016 709 1044 καὶ
734 1016 920 1054 δημιουργεῖν,

130 1054 202 1091 ἅπερ
222 1065 346 1091 φυσικως
361 1059 534 1094 ὲνθεωρεῖται
549 1053 646 1096 τούτῳ.

167 1103 239 1136 ρμυ.
271 1101 303 1128 Ἦ
331 1103 410 1130 οὐσία
434 1104 481 1131 τοῦ
512 1105 598 1140 Θεοῦ,
632 1108 758 1146 καθάπερ
783 1111 925 1148 ἀνώνυμός

131 1147 190 1174 ἔστι
215 1148 399 1182 παντάπασιν,
422 1149 461 1182 ὠς
476 1151 656 1188 ὑπερώνυμος
670 1155 742 1182 κατὰ
769 1158 835 1189 τοὺς
864 1147 924 1186 δεο-

131 1193 240 1227 λόγους,
266 1193 353 1225 οὕτως
367 1195 415 1222 καὶ
428 1196 581 1231 ἀμέθεκτος
606 1199 644 1231 ὠς
659 1199 729 1236 ὑπὲρ
748 1202 857 1237 μέθεξιν
871 1205 924 1232 ὑπ-

129 1238 208 1274 άρχει
236 1240 296 1266 κατ’
312 1240 431 1273 αὐτούς·
451 1242 475 1268 oi
504 1240 550 1269 οὖν
574 1243 751 1278 ἀπειθοῦντες
775 1244 850 1274 οὗτοι
876 1249 924 1276 νῦν

129 1287 161 1320 τῇ
179 1285 224 1312 διὰ
240 1286 296 1312 τῶν
309 1287 396 1321 ἁγίων
421 1288 499 1323 ἡμῶν
529 1289 660 1326 Πατέρων
687 1293 735 1318 τοῦ
763 1293 924 1329 Πνεύματος

127 1331 299 1368 διδασκαλίᾳ,
330 1334 377 1361 καὶ
415 1334 602 1371 λοιδοροῦντες
633 1338 709 1373 ἡμᾶς
733 1340 797 1371 τοὺς
829 1340 922 1374 αὐτοῖς

127 1377 337 1412 ὁμολογοῦντας,
355 1379 470 1412 πολλοὺς
493 1380 617 1415 γίνεσθαί
638 1391 704 1417 φασι
725 1384 811 1417 θεοὺς,
828 1387 844 1420 ἢ
861 1386 923 1414 σύν-

127 1423 203 1450 θετον
233 1425 279 1452 τὸν
303 1425 363 1459 ἕνα,
388 1427 469 1462 εῖπερ
492 1428 509 1463 ἠ
534 1427 594 1455 Θεία
622 1430 746 1465 ἐνέργεια
773 1431 823 1467 τῆς
848 1433 922 1466 θείας

125 1470 219 1503 οὐσίας
245 1471 380 1508 διαφέρει,
407 1472 456 1499 καὶ
491 1474 516 1500 εί
541 1474 610 1506 ὅλως
635 1475 810 1511 ὲνθεωρεῖταί
837 1487 864 1505 τι
887 1480 919 1515 τῇ

125 1516 172 1542 τοῦ
187 1516 254 1543 Θεοῦ
278 1517 369 1553 οὐσίᾳ.
393 1519 535 1553 Ἀγνοοῦσι
548 1521 614 1556 γὰρ,
628 1521 664 1553 ὡς
679 1522 740 1558 οὐχὶ
756 1523 787 1550 τὸ
800 1523 920 1560 ἐνεργεῖν

126 1562 174 1588 καὶ
201 1563 217 1597 ή
244 1563 381 1599 ἐνέργεια,
399 1565 467 1592 ἀλλὰ
487 1567 517 1593 τὸ
531 1568 646 1602 πάσχειν
661 1567 710 1595 καὶ
735 1569 821 1601 πάθος
847 1572 951 1611 ποιεῖς

123 1607 173 1644 τὴν
186 1608 322 1637 σύνθεσιν.
339 1611 369 1637 ‘0
384 1610 412 1637 δὲ
427 1611 493 1644 Θεὸς
519 1613 637 1648 ἐνεργεῖ,
663 1614 748 1649 μηδὲν
772 1615 852 1648 αὐτὸς
869 1617 921 1643 πά-

125 1662 208 1689 σχων,
226 1655 293 1691 μηδὲ
314 1656 508 1692 ἀλλοιούμενος
524 1666 531 1674 '
553 1659 602 1686 οὐκ
624 1659 678 1695 ἄρα
699 1659 825 1693 σύνθετος
842 1661 919 1690 ἔσται

123 1700 168 1727 διὰ
182 1703 233 1737 τὴν
250 1702 404 1738 ἐνέργειαν.
419 1705 474 1731 Καὶ
489 1705 520 1732 τὸ
545 1706 613 1741 πρὸς
634 1707 661 1732 τί
681 1706 710 1734 δὲ
736 1709 750 1734 ὁ
776 1707 842 1741 Θεὸς
870 1709 917 1736 καὶ

124 1747 192 1782 πρὸς
207 1747 256 1784 τὴν
275 1749 364 1776 κτίσιν
389 1749 457 1786 ἔχει,
483 1751 522 1784 ὡς
554 1752 625 1788 ἀρχὴ
647 1753 696 1780 καὶ
724 1755 862 1791 Δεσπότης
880 1755 918 1782 ὦν

122 1794 217 1829 αὐτῆς,
253 1794 311 1822 ἀλλ’
335 1795 367 1823 οὑ
396 1797 605 1833 συναριθμεῖται
632 1801 688 1832 τοῖς
701 1802 826 1835 γεγονόσι
842 1802 918 1838 παρὰ

121 1839 217 1868 τοῦτο.’
237 1841 335 1868 Πολλοὶ
363 1842 392 1869 δὲ
419 1843 502 1870 πάλιν
527 1844 587 1876 πῶς
612 1844 718 1873 ἔσονται
746 1847 802 1874 θεοὶ
820 1847 866 1875 διὰ
886 1849 918 1876 τὸ

121 1886 193 1922 ἔχειν
216 1886 262 1913 τὸν
288 1887 355 1915 Θεὸν
373 1889 526 1925 ἐνέργειαν,
551 1891 631 1926 εῖπερ
660 1891 718 1924 ἑνός
746 1893 805 1920 ἐστι
834 1893 914 1927 Θεοῦ,

122 1932 224 1966 μᾶλλον
253 1932 281 1959 δὲ
307 1934 323 1960 ὁ
344 1934 425 1966 αὐτός
437 1936 498 1961 ἐστι
513 1935 591 1970 Θεὸς,
608 1937 624 1973 ή
640 1937 700 1964 θεία
718 1938 808 1972 οὐσία,
828 1940 875 1966 καὶ
898 1940 916 1976 ή

120 1977 181 2004 Θεία
201 1978 336 2014 ἐνέργεια.
357 1980 450 2016 Σαφὴς
475 1981 523 2008 οὖν
547 1982 631 2015 ὅντως
658 1983 738 2011 τοῦτο
760 1985 842 2022 λῆρος
865 1986 914 2022 τῆς

120 2021 211 2048 αὐτῶν
226 2023 451 2058 φρενοϐλαϐείας.

156 2069 234 2104 ρμς·’.
251 2070 343 2097 Εἰπὼν
354 2072 368 2098 ὁ
379 2072 480 2107 Κύριος
494 2072 562 2109 πρὸς
572 2073 636 2105 τοὺς
647 2073 765 2107 οἰκείους
778 2074 913 2111 μαθητὰς,

118 2114 160 2140 ὅτι
175 2124 184 2140 ι
202 2115 262 2142 Είσί
276 2124 350 2148 τινες
363 2117 418 2144 τῶν
433 2113 485 2145 ὦδε
503 2118 670 2153 ἑστηκότων,
697 2119 723 2146 οἱ
744 2120 775 2146 οὐ
791 2121 828 2156 μὴ
849 2121 913 2155 γεύ-

119 2166 219 2186 σωνται
237 2159 363 2194 θανάτου,
384 2161 435 2193 ἕως
468 2162 501 2189 ἂν
529 2162 605 2190 ῐόωσι
633 2164 682 2199 τὴν
709 2164 848 2199 βασιλείαν
866 2166 912 2193 τοῦ

118 2202 186 2230 Θεοῦ
219 2205 381 2241 ἐληλυθυῖαν
410 2208 439 2234 ὲν
465 2208 591 2244 δυνάμει,
609 2219 618 2235 t
653 2209 713 2246 μεθ’
741 2211 848 2247 ἡμέρας
871 2213 911 2247 ἒξ,

982 285 1045 306 cum
1064 279 1100 306 sit
1124 279 1237 307 omnino
1252 280 1489 316 incomprehensa.
1507 282 1669 311 Nominatur
1687 286 1770 318 igitur

981 331 1013 351 ex
1033 325 1161 353 omnibus
1178 325 1236 353 suis
1253 327 1459 360 operationibus
1472 335 1480 362 ;
1492 333 1519 356 ct
1538 329 1639 356 nullum
1662 330 1697 357 ibi
1718 339 1768 358 uo-

982 370 1086 398 minum
1103 371 1137 398 ab
1149 372 1204 399 alio
1214 372 1414 408 signiﬁcatione
1430 374 1532 402 differt.
1562 375 1682 410 Singulis
1695 377 1766 405 enim

980 419 1008 443 et
1024 417 1152 445 omnibus
1171 418 1239 445 nihil
1254 419 1326 446 aliud
1343 425 1455 446 vocatur
1480 428 1560 454 quam
1576 421 1766 449 absconditum

980 461 1047 489 illud
1061 462 1173 490 minime
1187 468 1279 491 notum
1291 465 1354 498 quid
1369 467 1414 493 sit.
1433 466 1469 493 De
1483 467 1685 501 operationibus
1701 476 1767 496 vero

979 507 1091 534 nomina
1113 509 1219 543 singula
1239 509 1374 538 diversam
1394 511 1493 538 habent
1513 513 1739 547 significationem
1757 523 1765 545 ;

980 552 1041 587 quis
1064 554 1136 581 enim
1151 555 1240 583 nescit
1253 563 1268 582 a
1279 563 1309 583 se
1332 556 1448 584 invicem
1465 557 1593 585 distineta
1610 566 1670 587 esse
1687 567 1766 587 crea-

979 599 1091 632 tionem,
1130 600 1293 633 dominium.
1315 601 1459 636 judicium,
1497 604 1707 638 providentiam,
1739 611 1766 633 et

978 648 1098 671 nostram
1115 652 1147 672 ex
1160 647 1246 681 gratia
1265 647 1312 675 Dei
1328 649 1520 683 adoptionem?
1536 650 1587 683 Qui
1603 658 1667 686 ergo
1684 656 1765 678 natu-

978 688 1048 717 rales
1066 690 1126 718 illas
1151 691 1196 718 Dei
1211 694 1395 728 operationes,
1411 699 1504 729 utpote
1519 697 1552 723 ab
1567 697 1684 725 invicem
1705 703 1732 724 et
1750 705 1764 724 a

981 741 1079 763 natura
1112 738 1201 766 divina
1227 740 1382 773 distinctas,
1409 741 1503 768 dicunt
1535 748 1654 775 creatas,
1672 751 1765 771 nonne

976 782 1061 811 Deum
1084 785 1118 812 ad
1146 790 1302 814 creaturam
1329 787 1508 822 deprimunt?
1526 787 1594 816 Nam
1620 795 1722 822 creata,
1738 795 1764 817 et

976 828 1138 862 gubernata,
1155 835 1184 858 et
1205 831 1338 865 iudicata,
1353 838 1380 859 et
1396 834 1546 868 generatim
1564 835 1655 862 omnia
1672 836 1764 870 hujus-

977 873 1047 900 modi
1073 878 1137 902 sunt
1169 880 1322 910 creaturae;
1345 885 1396 905 nou
1422 886 1486 906 vero
1511 879 1569 913 ipse
1580 879 1710 913 ,Creator,
1734 884 1763 908 et

976 920 1117 954 Dominus,
1138 927 1165 949 et
1178 921 1276 956 iudex,
1289 931 1339 951 nec
1359 924 1448 959 ipsum
1463 924 1606 959 judicium.
1621 931 1648 953 et
1671 927 1763 954 domi-

972 965 1060 999 nium,
1076 971 1103 994 et
1115 967 1230 1002 crcatio,
1239 977 1301 1004 qua:
1312 973 1376 997 sunt
1386 970 1524 998 naturales
1539 971 1625 1006 ipsius
1637 971 1722 1000 modi.

1010 1099 1070 1127 MS.
1088 1100 1213 1128 Essentia
1233 1100 1291 1134 Dei,
1314 1102 1386 1130 sicut
1415 1105 1565 1138 nuncupari
1591 1113 1646 1132 non
1674 1110 1761 1140 potest

971 1145 1036 1180 quia
1048 1149 1091 1173 est
1108 1153 1192 1182 supra
1211 1154 1308 1175 nomen
1324 1148 1400 1182 juxta
1419 1149 1569 1184 theologos,
1584 1151 1621 1178 ita
1637 1159 1687 1178 nec
1698 1159 1761 1186 par-

972 1191 1093 1227 ticipari,
1131 1192 1196 1227 quia
1233 1198 1275 1221 est
1304 1201 1386 1229 supra
1421 1195 1656 1231 participationem
1682 1198 1758 1232 juxta

969 1238 1091 1265 eosdem.
1120 1238 1162 1265 illi
1186 1245 1251 1273 ergo
1278 1240 1324 1274 qui
1346 1248 1417 1268 nunc
1437 1241 1597 1269 inobediunt
1613 1243 1719 1270 tradita:
1744 1252 1758 1270 ιι

970 1283 1073 1311 sanctis
1085 1283 1214 1312 Patribus
1235 1286 1336 1313 nostris
1353 1286 1473 1322 Spiritus
1487 1288 1631 1321 doctrinae,
1653 1297 1759 1324 nosque

969 1327 1013 1355 his
1030 1333 1228 1358 consentaueos
1257 1330 1424 1366 obtrectauit,
1441 1332 1538 1361 dicunt
1563 1335 1664 1362 multos
1697 1335 1754 1363 tieri

970 1373 1048 1406 deos,
1063 1375 1106 1402 vel
1122 1383 1204 1403 unum
1220 1378 1412 1412 compositum,
1427 1379 1449 1406 si
1459 1379 1552 1407 divina
1568 1381 1690 1415 operatio
1703 1382 1758 1410 dis~

969 1421 1052 1448 tincta
1069 1421 1106 1448 sit
1135 1428 1149 1448 a
1167 1422 1258 1449 divina
1272 1424 1402 1456 essentia,
1420 1428 1448 1452 et
1473 1425 1495 1452 si
1521 1425 1585 1460 quis
1609 1427 1705 1454 modus
1732 1427 1758 1455 in

968 1468 1120 1494 substantia
1140 1467 1185 1495 Dei
1201 1469 1330 1497 resideat.
1347 1470 1476 1505 ignorant
1489 1472 1562 1499 enim
1576 1481 1628 1500 non
1644 1474 1673 1501 in
1695 1481 1760 1508 ope-

968 1514 1055 1540 rando
1074 1518 1101 1541 et
1116 1515 1144 1541 in
1162 1515 1334 1549 operatione,
1354 1517 1402 1543 sed
1420 1517 1445 1543 in
1465 1517 1594 1552 patiendo
1609 1523 1636 1546 et
1652 1520 1678 1547 in
1695 1527 1758 1555 pas-

970 1561 1049 1587 sione
1065 1560 1124 1587 lieri
1142 1561 1381 1595 compositionem.
1399 1562 1434 1590 At
1450 1562 1522 1590 Deus
1541 1569 1682 1599 operatur,
1703 1573 1757 1592 non

971 1605 1030 1641 ipse
1045 1607 1163 1640 patiens,
1178 1613 1230 1634 nec
1258 1612 1377 1636 mutatus
1393 1617 1402 1637 :
1416 1616 1469 1636 non
1494 1609 1575 1644 igitur
1589 1611 1757 1645 compositus

945 1662 949 1666 -
969 1652 1022 1677 erit
1033 1653 1144 1685 propter
1155 1651 1355 1686 operationem.
1368 1653 1401 1680 Et
1417 1654 1579 1682 relationem
1591 1655 1671 1682 habet
1686 1656 1758 1684 Deus

968 1697 1002 1723 ad
1020 1701 1185 1730 creaturam,
1211 1703 1305 1732 utpote
1327 1699 1406 1734 hujus
1430 1700 1593 1735 principium
1617 1705 1644 1729 et
1668 1702 1757 1730 Domi-

968 1747 1028 1773 nus,
1045 1741 1092 1769 sed
1111 1750 1164 1769 non
1194 1743 1256 1770 ideo
1270 1745 1405 1772 creaturis
1421 1752 1629 1774 annumeratur.
1647 1747 1754 1781 Adhuc,

966 1788 1104 1823 quomodo
1119 1789 1197 1816 multi
1213 1795 1293 1818 erunt
1306 1790 1344 1818 dii
1371 1799 1404 1818 ex
1425 1798 1460 1819 eo
1481 1793 1553 1827 quod
1578 1793 1659 1821 habet
1684 1795 1756 1822 Deus

965 1835 1164 1869 operationem,
1182 1835 1314 1870 siquidem
1333 1837 1414 1864 unius
1433 1842 1498 1864 sunt
1520 1838 1576 1869 Dei.
1597 1847 1645 1867 seu
1663 1841 1755 1875 potius

966 1887 1036 1908 unus
1050 1886 1115 1908 sunt
1128 1880 1209 1914 Deus,
1221 1882 1314 1909 divina
1329 1883 1447 1910 essentia
1463 1888 1491 1911 et
1501 1884 1590 1912 divina
1612 1887 1755 1920 operatioi

963 1927 1123 1957 Clarissima
1136 1928 1220 1967 igitpr
1233 1929 1260 1956 in
1276 1929 1329 1957 hoc
1345 1929 1463 1957 delirant
1476 1930 1521 1957 isti
1537 1931 1688 1961 deentcs.

999 2067 1062 2096 “6.
1077 2067 1225 2104 Postquam
1241 2070 1350 2098 dixerat
1363 2070 1494 2099 Dominus
1510 2072 1567 2100 suis
1585 2072 1727 2110 discipulis
1743 2082 1752 2103 :

965 2123 974 2140 ι
992 2114 1062 2142 Sunt
1073 2116 1184 2151 quidam
1202 2117 1235 2143 de
1250 2116 1296 2144 hic
1310 2118 1458 2150 stantibus,
1474 2119 1519 2153 qui
1533 2126 1587 2146 non
1604 2122 1753 2155 gustabunt

962 2168 1088 2194 mortem,
1109 2164 1196 2191 donec
1207 2163 1318 2191 videant
1333 2171 1445 2199 regnum
1467 2164 1514 2193 Dei
1526 2167 1640 2194 veniens
1656 2168 1682 2194 in
1697 2168 1751 2195 vir-

962 2214 1018 2236 tute
1025 2209 1061 2243 ";
1076 2214 1136 2245 post
1148 2209 1207 2238 dies
1216 2218 1262 2238 sex
1273 2218 1415 2238 assumens
1425 2209 1545 2244 Petrum,
1560 2218 1586 2239 et
1600 2212 1746 2246 Joannem,

120 2249 287 2284 παραλαϐὼν
297 2252 344 2278 τὸν
357 2253 473 2288 Πέτρον,
488 2254 536 2280 καὶ
560 2255 700 2288 Ίάκωῦον,
717 2257 764 2283 καὶ
785 2257 912 2295 Ἰωάννην

970 2261 986 2284 :t
1002 2256 1154 2285 ascendens
1171 2257 1197 2284 in
1215 2263 1333 2285 montem
1350 2258 1470 2292 Thahor,
1489 2259 1656 2293 resplenduit
1675 2260 1749 2288 sicut

118 2295 166 2320 καὶ
181 2296 222 2327 είς
242 2296 272 2322 τὸ
294 2297 436 2334 Θαὸώριον
459 2299 522 2335 ὅρος
544 2301 666 2327 ἀνελθὼν
690 2301 811 2338 ἔλαμψεν
840 2304 878 2336 ὡς
897 2305 911 2331 ὁ

117 2339 194 2373 ἥλιος
208 2348 214 2355 ·
230 2342 279 2368 καὶ
297 2343 332 2370 τὰ
357 2344 453 2378 ἱμάτια
475 2345 558 2372 αὐτοῦ
585 2347 694 2381 ἐγένετο
721 2347 806 2374 λευκὰ
826 2349 864 2381 ὡς
880 2350 911 2377 τὸ

118 2386 176 2419 φῶς
192 2394 199 2401 ·
224 2387 254 2413 οὐ
286 2389 341 2424 γὰρ
369 2390 501 2425 ἠδύναντο
533 2392 633 2419 ὲκεῖνοι
664 2393 775 2428 βλέπειν
807 2395 908 2423 πλέον·

119 2433 220 2468 μᾶλλον
234 2434 262 2460 δὲ
276 2436 323 2462 καὶ
338 2437 406 2472 πρὸς
422 2438 471 2475 τὴν
491 2439 595 2476 λάμψιν
618 2441 722 2478 ταύτην
738 2444 788 2470 οὒκ
803 2444 910 2480 ίσχύσν-

117 2488 161 2511 τες
180 2481 325 2514 ἀτενίζειν,
342 2486 455 2519 πρηνεῖς
481 2487 521 2517 είς
546 2487 598 2522 γῆν
622 2489 784 2517 κατέπεσον.
814 2490 910 2526 Ὅμως

117 2526 199 2561 εἶδον,
219 2529 291 2555 κατὰ
309 2529 359 2565 τὴν
375 2531 542 2565 ἐπαγγελίαν
558 2534 605 2560 τοῦ
631 2535 765 2571 Σωτῆρος,
789 2537 838 2573 τὴν
865 2537 910 2573 βα-

117 2575 220 2602 σιλείαν
232 2575 279 2602 τοῦ
295 2576 374 2610 Θεοῦ,
401 2578 432 2604 τὸ
461 2579 550 2606 Θείκὸν
579 2581 666 2609 ἐκεῖνο
693 2584 739 2610 καὶ
754 2585 910 2620 ἀπόρρητον

117 2621 194 2655 φῶς·
221 2621 236 2648 ὃ
261 2622 410 2658 Γρηγόριος
438 2623 488 2658 μὲν
503 2626 550 2652 καὶ
569 2626 711 2660 Βασίλειος
738 2629 761 2655 οἱ
783 2631 908 2666 μεγάλοι,

117 2667 232 2702 θεότητςι
265 2669 514 2704 προσαγορεύουσι,
540 2670 613 2705 Φῶς,
626 2672 761 2707 λέγοντες,
817 2684 909 2712 παρα-

115 2714 255 2750 δειχθείσα
270 2715 365 2752 Θεότης
386 2718 433 2743 ἐπὶ
453 2717 500 2744 τοῦ
521 2718 602 2753 ὅρους
619 2721 674 2753 τοῖς
693 2722 843 2758 μαθηταῖς,
863 2725 908 2751 καὶ

117 2761 213 2793 καλλος
228 2761 275 2788 τοῦ
293 2762 378 2794 ὄντως
393 2763 519 2797 δυνατοῦ,
537 2766 552 2801 ἡ
578 2766 661 2802 νοητὴ
675 2767 756 2794 αὐτοῦ
773 2769 820 2796 καὶ
840 2771 907 2797 θεω-

117 2808 187 2844 ρητὴ
203 2808 310 2843 θεότης.
329 2809 359 2836 '0
382 2810 438 2846 γὰρ
463 2811 549 2846 μέγας
573 2812 710 2846 Βασίλειος
734 2817 782 2842 καὶ
810 2817 908 2849 κάλλος

147 2907 171 2925 "
186 2909 268 2936 Mune.
287 2917 343 2940 νιιι,
366 2910 408 2937 51).
427 2919 435 2934 ι

959 2303 1012 2335 Sol,
1040 2307 1067 2330 et
1094 2303 1256 2331 vestimenta
1278 2303 1340 2339 ejus
1360 2303 1430 2332 facta
1450 2310 1516 2332 sunt
1538 2307 1653 2334 candida
1679 2307 1752 2335 sicut

958 2348 1026 2382 lux;
1055 2352 1083 2375 et
1110 2357 1162 2377 non
1191 2354 1318 2385 poterant
1344 2350 1390 2377 ille
1408 2351 1545 2386 respicere
1560 2352 1687 2387 amplius,
1703 2354 1751 2381 sed

959 2396 1049 2430 potius
1070 2395 1162 2423 lumen
1184 2396 1249 2423 illud
1270 2404 1325 2424 non
1347 2397 1468 2425 valentes
1486 2398 1600 2432 intueri,
1619 2400 1697 2434 proni
1723 2402 1751 2428 in

959 2446 1059 2468 terrain
1068 2443 1238 2469 ceciderunt.
1256 2442 1343 2470 Simul
1356 2443 1493 2476 viderunt,
1502 2444 1579 2480 juxta
1593 2446 1750 2480 promissio-

958 2495 1022 2514 nem
1040 2486 1201 2520 Salvatoris,
1220 2496 1333 2524 regnum
1346 2489 1406 2523 Dei,
1418 2490 1540 2518 divinum
1557 2499 1655 2527 nempe
1683 2491 1749 2519 illud

959 2540 986 2561 et
1003 2534 1139 2561 iucliabile
1152 2535 1252 2568 lumen,
1271 2536 1343 2570 quod
1360 2539 1449 2572 magni
1466 2538 1615 2573 Gregorius
1630 2543 1657 2566 et
1674 2538 1750 2566 Basi-

959 2580 1011 2608 'lus
1026 2580 1195 2607 divinitatem
1213 2582 1362 2616 appellant,
1377 2583 1501 2610 dicentes
1516 2592 1522 2611 :
1543 2593 1552 2610 ι
1573 2584 1675 2611 Lumen
1703 2591 1745 2612 est

958 2627 1086 2654 divinitas
1095 2627 1239 2662 discipulis
1251 2628 1278 2655 in
1292 2633 1386 2657 monte
1396 2629 1579 2662 manifestata,
1589 2635 1615 2658 et
1626 2631 1747 2666 pulchri-

957 2675 1023 2701 tudo
1048 2672 1261 2709 Oumipotentis,
1286 2675 1463 2711 intelligibilis
1492 2676 1553 2712 ejus
1578 2677 1747 2712 visibilisque

956 2720 1096 2748 divinitas.
1116 2729 1125 2746 ι
1142 2720 1257 2756 Magnus
1270 2721 1342 2748 enim
1357 2721 1475 2750 Basilius
1489 2724 1577 2751 luc‘em
1605 2723 1679 2750 illam
1703 2723 1745 2751 di-

956 2766 994 2794 cit
1006 2774 1068 2794 esse
1087 2767 1316 2801 pulchritudinem
1334 2768 1392 2802 Dei,
1407 2769 1474 2797 solis
1493 2771 1596 2798 sanctis
1611 2770 1746 2798 visibilem

957 2813 984 2840 in
1000 2813 1100 2841 virtute
1119 2813 1204 2841 divini
1218 2813 1346 2849 Spiritus.
1362 2815 1452 2851 Itaque
1476 2817 1570 2845 subdit
1595 2825 1604 2846 :
1622 2825 1632 2844 ι
1666 2817 1731 2845 Vide
