1947 3072
187 165 259 200 1:23

811 162 1007 194 GREGORII
1038 163 1201 193 PALAMEE

1754 163 1823 196 1224

185 225 351 250 runtautem
364 219 422 254 ejus
435 219 667 254 pulchritudinem
682 219 782 247 Petrus
794 224 822 247 et
837 220 885 247 tllii
900 219 971 247 toni-

1040 217 1096 245 Ῑναι
1122 217 1168 244 τοῦ
1198 216 1266 244 Θεοῦ
1293 226 1360 252 φησι
1375 216 1405 244 τι
1428 216 1485 252 φῶς
1511 217 1611 250 ἱκεῖνο,
1642 217 1733 253 μόνοις
1762 221 1818 251 τοῖς

185 267 238 294 trui
257 268 282 293 in
302 271 406 298 monte,
421 273 502 300 supra
530 265 596 292 solis
618 265 699 299 iubar
724 265 922 299 splendentem,
946 268 974 291 et

185 312 320 348 primitias
335 312 394 345 eius
408 310 561 345 pra-sentite
576 310 662 337 oculis
675 317 842 345 praesumere
866 316 974 336 merue-

186 363 261 387 runt.
291 368 300 384 ι
326 357 360 384 Ει
385 357 570 385 Damascenus
600 357 751 392 theologus,
781 364 842 384 eum
870 355 976 382 Joanne

187 406 394 441 Chrysostomo,
408 403 562 430 naturalem
584 403 736 430 divinitatis
752 402 857 430 radium
884 402 975 428 lumen

187 452 252 479 illud
268 455 443 478 vocaverunt.
463 450 542 477 Prior
556 450 631 476 enim
645 449 744 476 scribit
758 457 764 475 :
784 458 792 474 t
814 448 856 475 Ah
873 453 977 475 mteruo

187 497 271 525 Filius
286 505 318 523 ex
335 496 416 524 Patre
432 497 550 531 genitus,
571 495 720 524 naturalem
742 495 776 522 ab
795 499 900 522 veterno
927 494 977 521 ha.

186 545 229 570 bet
247 543 353 570 radium
372 543 543 575 divinitatis;
558 548 586 570 et
598 541 750 569 divinitatis
765 541 861 579 gloria,
890 540 976 574 gloria

186 589 312 623 corporis
330 588 371 616 ﬁt.
388 598 397 614 ι
415 588 447 615 Ει
461 589 551 624 lingua
567 595 650 615 aurea
669 596 675 616 :
695 597 704 613 ι
722 587 861 622 Fulgidior
874 587 975 620 seipse,

187 635 289 670 inquit,
323 635 456 663 Dominus
489 635 514 662 in
534 640 627 662 monte
659 634 795 670 apparuit,
835 633 980 661 divinitate

188 683 281 710 radios
294 690 358 709 suos
369 681 570 709 manifestante.
590 690 601 709 ι

1026 264 1115 298 ἁγίοις
1131 263 1268 299 θεωρητὴν
1281 264 1310 290 ὲν
1326 264 1358 299 τῇ
1375 263 1487 298 δυνάμει
1505 263 1551 290 τοῦ
1563 263 1636 291 θείου
1650 264 1817 300 Πνεύματος.

1012 310 1072 348 an
1100 309 1146 336 καί
1175 318 1242 344 φησι
1273 309 1354 336 πάλιν
1372 317 1379 323 ·
1397 307 1474 336 Είδον
1503 309 1531 336 δὲ
1559 310 1642 337 αὑτοῦ
1668 312 1698 336 τὸ
1723 311 1820 342 κάλλος

1027 355 1130 390 Πέτρος
1146 356 1192 381 καὶ
1207 354 1231 380 oi
1257 354 1310 380 uiui.
1333 354 1382 389 τῆς
1410 354 1526 389 βροντῆς
1551 356 1580 382 ιν
1595 355 1634 390 τῷ
1648 356 1717 390 δρει,
1734 357 1817 392 ὑπερ-

1026 400 1133 435 λάμπον
1145 402 1193 434 τὴν
1205 400 1251 426 τοῦ
1261 400 1338 434 ἡλίου
1353 400 1534 436 λαμπρότητα
1547 410 1553 417 ·
1568 402 1614 427 καὶ
1630 404 1663 428 τὰ
1690 403 1819 437 προοίμια

1028 447 1078 482 τῆς
1094 446 1177 478 αὑτοῦ
1193 447 1342 482 παρουσίας
1372 447 1522 482 ὀφθαλμοῖς
1538 447 1631 475 λαϐεῖν
1645 449 1818 484 κατηξιώθψ

1029 501 1087 520 σαν.
1097 493 1125 519 ’0
1137 493 1164 518 δὲ
1179 493 1356 528 Δαμασκηνὸς
1363 492 1498 527 θεολόγος,
1511 494 1580 527 μετὰ
1595 493 1641 520 τοῦ
1654 496 1757 529 χρυσοῦ
1767 495 1818 530 τὴν

1028 539 1151 573 γλῶτταν
1170 540 1305 572 Ἰωάννου,
1329 539 1447 574 φυσικὴν
1472 539 1569 566 ἀκτῖνα
1589 540 1637 575 τῆς
1650 540 1777 576 θεότητος
1790 542 1820 567 τὺ

1029 586 1087 621 φῶς
1103 586 1192 612 ἐκεῖνο
1206 585 1433 621 προσηγόρευσαν
1451 593 1458 600 ·
1486 586 1500 611 ὁ
1528 585 1577 620 μὲν
1603 586 1715 621 γράφων
1728 594 1736 602 ·
1761 587 1821 613 Ἀν-

1029 633 1120 668 άρχως
1148 632 1162 658 ὁ
1179 631 1243 663 Υἱὸς
1273 632 1306 658 ὲκ
1331 630 1378 657 τοῦ
1393 630 1500 667 “ampli;
1526 632 1677 667 γεννηθεὶς,
1704 632 1754 668 τὴν
1770 642 1820 667 φυ-

1030 679 1111 714 σικὴν
1124 679 1222 706 ἀκτῖνα
1240 678 1357 713 ἄναρχον
1381 677 1514 713 κέκτηται
1539 678 1589 713 τῆς
1614 679 1740 714 θεότητος
1748 672 1761 694 ”·
1775 679 1822 706 καὶ

190 726 208 761 ἡ
225 725 274 761 τῆς
289 726 415 760 θεότητος
431 725 507 758 δόξα,
527 726 593 759 δόξα
615 728 663 754 τοῦ
683 728 810 762 σώματος
825 727 948 762 γίνεταιο
971 737 984 754 υ
999 727 1027 753 δὲ
1046 725 1263 762 χρυσοῤῥήμων,
1281 725 1495 761 Λαμπρότερος,
1521 724 1616 759 φησὶν,
1630 724 1729 751 ἑαυτοῦ
1746 725 1825 759 ἐφαί-

190 782 254 800 νετο
268 773 280 801 ὑ
294 772 397 808 Κύριος
414 775 461 801 ἐπὶ
474 774 522 802 τοῦ
535 775 627 810 ὅρους,
639 777 689 810 τῆς
702 776 829 811 θεότητος
847 775 1056 812 παραδειεάσης
1069 775 1121 807 τὰς
1136 777 1250 807 ἀκτῖνας
1259 774 1355 808 αὐτῆς.

230 815 293 842 M7.
307 814 372 841 Illud
385 815 507 841 divinum
526 820 553 840 ct
570 814 706 841 int-trahite
721 815 824 844 lumen,
846 813 891 840 Det
917 813 986 839 divi-

194 860 310 886 nitatem
325 864 353 885 et
369 867 494 893 regnum,
511 859 742 894 pulchritudinem
757 865 785 886 et
813 858 984 894 splendorem

192 905 292 931 divinae
316 911 431 938 naturae,
462 909 619 932 sanctorum
650 905 678 932 in
711 903 982 940 incomprehensibili

193 951 347 978 aeternitate
360 951 493 978 visionem
510 957 537 978 et
557 951 727 984 felicitatem,
744 950 895 978 naturalem
913 950 984 978 divi-

193 998 286 1023 uitatis
303 998 408 1024 radium
422 1003 448 1024 et
460 998 585 1032 gloriam,
604 999 764 1032 phantasma
783 1002 810 1024 et
825 1003 981 1024 creaturam

192 1050 253 1070 esse
270 1044 405 1070 blaterant
421 1044 552 1076 hatretici,
570 1048 596 1070 et
612 1051 658 1071 eos
669 1044 715 1078 qui
743 1043 864 1078 ipsorum
895 1043 984 1070 instar

193 1087 220 1115 in
233 1088 351 1115 divinam
367 1089 454 1116 lncetn
469 1089 508 1116 sic
519 1089 711 1124 blztspltentare
723 1095 776 1116 non
790 1088 861 1120 ausi,
878 1088 985 1115 increa-

193 1138 236 1162 tas
251 1134 387 1161 aestimant
406 1133 452 1162 Del
469 1127 611 1162 esseniiam
638 1140 665 1162 et
684 1135 881 1169 operationem,
906 1134 982 1168 poly-

194 1181 273 1208 theos
289 1181 456 1208 calumniosi:
473 1182 724 1208 circumclatnitant
745 1189 752 1214 ;
769 1188 864 1208 verum
884 1180 983 1208 erube-

193 1233 281 1254 scant.
296 1228 424 1261 Quamvis
440 1228 512 1255 enim
528 1228 649 1255 increata
663 1228 699 1255 sit
717 1227 806 1254 divina
833 1227 890 1259 luit,
914 1234 984 1253 unus

195 1273 273 1300 nobis
287 1279 328 1300 est
341 1272 413 1300 Deus
427 1273 453 1299 in
471 1281 522 1300 una
538 1274 692 1305 divinitate.
709 1274 783 1308 quia,
804 1277 835 1300 ut
858 1280 984 1307 superius

193 1319 290 1346 crebro
299 1321 513 1346 demonstratum
525 1325 576 1351 est,
587 1321 665 1348 unius
677 1319 725 1347 Dei
735 1323 808 1354 sunt,
821 1324 849 1347 et
861 1319 982 1346 iucreata

195 1365 325 1397 essentia.
339 1370 366 1392 et
381 1366 500 1393 increata
513 1367 648 1401 operatio,
662 1366 752 1394 divina
769 1366 876 1394 scilicet
897 1365 984 1400 gratia

194 1418 220 1438 et
235 1412 279 1439 lux
294 1413 350 1440 illa.

232 1546 293 1574 HS.
308 1545 408 1574 Nefarii
422 1554 487 1582 ergo
504 1546 637 1578 haeretici,
653 1546 699 1581 qui
713 1550 774 1581 post
789 1546 924 1582 synodum
933 1554 982 1573 au-
998 1567 1021 1597 α

196 1594 290 1621 (laeter
306 1595 434 1620 dixerunt
448 1594 569 1620 divinum
584 1593 650 1620 illud
664 1593 757 1621 lumen
770 1601 784 1620 a
802 1593 944 1622 Salvatore
959 1595 986 1622 in

196 1639 306 1667 Thabor
319 1639 449 1667 emissum
466 1647 516 1674 pro
531 1640 722 1674 phantasmate
738 1647 770 1667 ac
783 1645 909 1667 creatura
934 1641 985 1668 ha-

197 1687 312 1714 bendum
331 1694 404 1718 esse,
420 1690 448 1714 et
463 1687 488 1713 id
502 1686 625 1713 stabilire
643 1686 733 1713 conati
751 1691 826 1717 sunt.
846 1691 873 1714 et
887 1694 901 1713 a
914 1687 985 1714 tnui-

201 1734 235 1760 tis
259 1733 370 1760 refutati
390 1733 463 1760 haud
487 1738 662 1761 mulavetunt
681 1733 858 1765 sententiam,
889 1733 986 1761 delini-

196 1779 271 1807 tione
289 1781 390 1814 scripta
407 1785 435 1807 et
453 1781 627 1808 anathemate
646 1782 769 1816 percussi
787 1785 862 1808 sunt.
874 1780 943 1808 Nam
958 1781 985 1808 in

197 1826 409 1854 incarnationem
423 1827 470 1854 Dei
486 1827 689 1862 hlasphemant,
704 1831 733 1855 et
742 1832 863 1855 creatam
886 1828 985 1856 insane

197 1873 291 1901 dicunt
308 1873 352 1900 Dei
367 1874 549 1907 divinitatem,
571 1878 599 1901 et
616 1874 650 1901 ad
664 1880 831 1906 creaturam,
850 1880 984 1908 quantum

195 1925 320 1955 possunt,
334 1920 420 1954 ipsum
432 1921 591 1955 deprimunt
603 1920 711 1948 Patrem
723 1925 751 1947 et
763 1919 861 1948 Filium
876 1924 905 1947 et
921 1919 984 1954 Spi-

196 1970 278 1995 ritum
293 1974 428 1995 sanctum.
447 1966 505 1995 Una
523 1968 594 1995 enim
611 1973 637 1994 et
652 1967 746 1995 eadem
760 1972 803 1994 est
816 1967 902 1994 tribus
916 1967 984 1994 divi-

197 2015 277 2042 nitas.
295 2013 323 2040 Si
336 2019 425 2041 autem
441 2015 589 2042 increatam
607 2014 650 2041 isti
664 2019 691 2041 et
710 2014 874 2040 adorandam
889 2014 985 2041 dicunt

195 2060 375 2093 divinitatem,
390 2060 459 2088 duas
474 2060 618 2087 manifeste
627 2064 783 2097 agnoscunt
795 2059 842 2087 Dei
857 2059 985 2087 divinita-

197 2111 250 2139 tes.
266 2115 346 2134 unam
363 2112 494 2139 creatam,
514 2111 542 2134 et
557 2106 670 2142 alteram
689 2106 848 2134 increatatn.
865 2105 911 2134 Sic
938 2113 984 2133 sa-

196 2158 291 2188 laguttt
305 2158 418 2182 cunctos
433 2158 539 2181 veteres
556 2152 699 2181 haereticos
725 2153 865 2187 impietate
890 2159 984 2187 super-

195 2201 280 2237 gredi.

233 2333 294 2360 M9.
312 2332 387 2359 Alias
400 2331 524 2359 ha‘resitn
551 2338 628 2358 suam
660 2330 752 2358 velare
781 2333 926 2363 conantes,
956 2335 985 2357 et

201 2380 351 2407 increatam
369 2379 462 2406 dicunt
485 2379 571 2405 lucem
585 2378 610 2405 in
638 2377 748 2405 Thahor
768 2377 983 2408 mattil'estatam.

196 2433 224 2454 et
243 2427 389 2454 essentiam
402 2434 462 2453 esse
477 2425 532 2457 Dei,
551 2425 734 2460 multipliciter
746 2429 773 2452 et
786 2426 813 2452 in
840 2424 890 2452 hoc
909 2424 982 2452 blas-

199 2474 368 2509 phemantes.
384 2471 451 2505 Quia
469 2472 541 2499 enim
562 2472 596 2498 ab
618 2471 749 2507 apostolis
775 2472 864 2498 visum
893 2476 933 2498 est
946 2471 986 2498 lu-

198 2529 259 2549 men
275 2520 353 2553 illud,
375 2520 509 2548 visibilem
539 2524 738 2555 cattsequenter
762 2527 822 2547 esse
843 2523 986 2546 autumant

196 2568 412 2596 Dcicssentiatn.
441 2565 540 2593 Verum
559 2566 671 2592 audiant
691 2566 848 2592 dicentem:
870 2573 879 2590 ‹
899 2563 986 2590 Nemo

196 2616 272 2643 stetit
289 2616 315 2641 in
330 2613 519 2644 subsistentia,
553 2612 600 2647 qui
630 2610 777 2639 essentiam
810 2610 857 2637 Dei
885 2615 912 2637 et
939 2610 986 2638 Dei

197 2669 321 2689 naturam
342 2666 387 2688 aut
401 2660 501 2688 viderit
529 2664 577 2686 aut
609 2657 790 2686 enarraverit.
821 2656 876 2684 Nec
898 2657 985 2684 solum

195 2710 284 2736 nullus
307 2709 457 2740 hominum,
487 2707 534 2734 sed
552 2713 602 2733 nec
629 2704 798 2740 angelorum.
836 2703 894 2737 ipsa
913 2703 985 2730 enitn

197 2764 244 2783 sex
260 2756 312 2782 alis
326 2761 421 2782 ornata
451 2754 588 2788 seraphim
612 2752 648 2780 ob
678 2759 820 2780 excessum
842 2751 987 2778 etnicantis

197 2809 229 2829 el
244 2810 274 2829 ea
287 2801 499 2832 coruscationis,
516 2799 611 2827 facient
628 2799 726 2834 pennis
742 2797 954 2831 circumtcgnnt.
974 2804 984 2822 ι

197 2848 266 2879 Quia
285 2848 369 2881 igitur
386 2848 451 2874 nulli
469 2854 590 2881 unquam
607 2846 663 2872 visa
676 2849 718 2872 est
742 2842 988 2878 supersubstantia-

197 2893 231 2921 lis
246 2894 362 2932 essentia
394 2894 451 2926 Dei,
483 2893 592 2927 quando
621 2893 691 2919 hunc
715 2897 776 2918 esse
799 2889 892 2916 lumen
920 2887 987 2915 illud

1083 814 1154 849 ρμζ’.
1173 814 1258 840 Τοῦτο
1274 814 1304 840 τὸ
1333 814 1423 841 θεῐκὺν
1451 823 1499 841 κα.
1526 815 1683 851 ἀπόρρητον
1699 817 1767 852 φῶς,
1787 819 1836 854 τὴν

1043 860 1091 886 τοῦ
1106 859 1173 886 Θεοῦ
1189 859 1303 894 θεότητα
1322 860 1369 886 καὶ
1391 860 1544 894 βασιλείαν,
1563 861 1594 887 τὸ
1609 862 1706 894 κάλλος
1721 864 1769 890 καὶ
1785 865 1836 898 τὴν

1044 905 1224 941 λαμπρότητα
1238 906 1289 940 τῆς
1303 906 1378 937 Θείας
1392 906 1510 942 φύσεως,
1530 907 1580 942 τὴν
1598 908 1627 934 ἐν
1642 908 1680 943 τῷ
1694 910 1833 945 ἀκαταλή-

1045 960 1104 987 πτῳ
1117 953 1196 979 αίῶνι
1210 951 1264 978 τῶν
1292 953 1377 986 ἁγίων
1404 953 1500 987 ὅρασιν
1525 954 1572 980 καὶ
1597 954 1758 989 ἀπόλαυσιν,
1782 957 1832 992 τὴν

1044 998 1161 1033 φυσικὴν
1189 999 1287 1025 ἀκτῖνα
1309 1000 1355 1025 καὶ
1379 999 1457 1032 δόξαν
1480 999 1530 1035 τῆς
1559 999 1702 1034 θεότητος,
1734 1003 1832 1038 φάσμα

1043 1044 1090 1072 καὶ
1115 1045 1219 1079 κτίσμα
1242 1045 1267 1071 οἱ
1296 1046 1534 1079 γλωσσαλγοῦντες
1563 1048 1696 1080 αίρετικοὶ
1722 1048 1833 1082 λέγουσι

1043 1089 1089 1116 καὶ
1116 1088 1180 1120 τοὺς
1197 1088 1234 1124 μὴ
1254 1087 1436 1123 ἀνεχομένους
1461 1089 1522 1114 κατ’
1547 1089 1646 1121 αὐτοὺς
1667 1091 1707 1121 είς
1718 1090 1747 1116 τὸ
1762 1091 1833 1118 θετον

1042 1135 1100 1169 φῶς
1126 1135 1205 1162 τοῦτο
1228 1134 1410 1170 βλασφημεῖν,
1429 1134 1487 1161 ἀλλ’
1513 1135 1640 1162 ἄκτιστον
1666 1135 1736 1163 εἶναι
1766 1145 1833 1172 φρο-

1042 1180 1154 1212 νοῦντας
1183 1180 1229 1206 τὸν
1255 1179 1321 1206 Θεὸν
1337 1179 1396 1206 κατ’
1409 1179 1514 1212 οὐσίαν,
1532 1180 1580 1207 καὶ
1595 1181 1654 1207 κατ’
1682 1182 1832 1216 ἐνέργειαν,

1041 1227 1082 1253 ὅτι
1097 1225 1188 1257 θεῒτας
1213 1223 1283 1252 εἶναι
1303 1225 1536 1260 συκοφαντοῦντες
1572 1227 1829 1262 περιαγγέλλουσιν.

1048 1272 1118 1298 Ἀλλ’
1145 1271 1378 1306 αίσχυνέσθωσαν.
1399 1272 1539 1299 Ἀκτίστου
1552 1272 1606 1308 γὰρ
1628 1274 1675 1300 καὶ
1698 1273 1746 1300 τοῦ
1761 1275 1832 1301 θείου

1042 1317 1129 1351 φωτὸς
1145 1317 1232 1349 δντος.
1262 1315 1303 1348 εἷς
1323 1318 1389 1352 ἡμῖν
1405 1317 1470 1349 Θεός
1495 1319 1569 1345 ἐστιν
1587 1320 1616 1345 ὲν
1638 1320 1688 1354 μιᾷ
1704 1319 1812 1355 θεότητι
1825 1329 1832 1337 ·

1041 1364 1078 1396 ὡς
1096 1363 1154 1395 ἐνὸς
1170 1363 1248 1396 Θεοῦ,
1262 1363 1389 1398 καθάπερ
1400 1364 1529 1400 ἀνωτέρω
1538 1365 1679 1402 πολλαχῶς
1688 1367 1833 1399 δέδεικται,

1042 1408 1088 1435 καὶ
1111 1409 1160 1444 τῆς
1188 1408 1316 1435 ἀκτίστου
1336 1409 1429 1441 οὐσίας
1443 1410 1536 1445 οὔσης,
1554 1411 1600 1437 καὶ
1626 1411 1676 1446 τῆς
1703 1413 1834 1441 ἀκτίστου

1041 1455 1183 1490 ἐνεργείας
1200 1463 1207 1470 ·
1228 1455 1328 1490 δηλαδὴ
1341 1457 1391 1492 τῆς
1403 1456 1477 1488 θείας
1490 1457 1601 1493 χάριτος
1613 1458 1661 1485 καὶ
1673 1459 1836 1495 smitam;

1041 1502 1151 1537 ταύτης.

1078 1547 1151 1583 ρμη’,
1167 1547 1265 1582 Φάσμα
1286 1547 1431 1583 τοιγαροῦν
1447 1549 1495 1575 καὶ
1523 1550 1626 1585 κτίσμα
1650 1552 1762 1585 φρονεῖν
1788 1553 1835 1580 ἐπὶ

1040 1594 1089 1628 τῆς
1105 1593 1214 1620 συνόδου
1231 1594 1376 1630 τολμηρῶς
1389 1595 1525 1627 είπόντες,
1550 1597 1598 1623 καὶ
1616 1599 1836 1631 κατασκευάζειν

1041 1638 1217 1674 πειραθέντες
1231 1639 1254 1665 οί
1267 1639 1437 1674 κακόφρονες
1455 1642 1598 1676 αἱρετικοὶ,
1615 1643 1645 1669 τδ
1659 1643 1771 1679 λάμψαν
1782 1646 1837 1672 ἀπὸ

1040 1683 1087 1709 τοῦ
1105 1683 1232 1719 Σωτῆρος
1243 1685 1271 1711 ἐν
1289 1685 1388 1721 Θαϐὼρ
1406 1686 1496 1713 θεῖκὸν
1511 1688 1599 1714 ἐκεῖνο
1622 1690 1690 1723 φῶς,
1720 1691 1767 1718 καὶ
1792 1693 1837 1719 διὰ

1041 1729 1146 1756 πολλῶν
1159 1730 1375 1766 ἐξελεγχθέντες,
1393 1733 1441 1759 καὶ
1453 1733 1490 1768 μὴ
1512 1735 1755 1769 μεταπεισθέντες,
1782 1739 1837 1773 ἀφ-

1041 1777 1150 1812 ορισμῴ
1177 1777 1307 1812 ἐγγράφῳ
1332 1780 1378 1805 καὶ
1397 1779 1549 1816 ἀναθέματι
1575 1781 1835 1819 καθυπεὸλὴθησαν.

1042 1823 1090 1854 Et;
1105 1831 1134 1850 τε
1148 1823 1202 1858 γὰρ
1220 1823 1269 1859 τὴν
1284 1823 1327 1850 διὰ
1343 1827 1445 1860 σαρκὸς
1459 1827 1616 1861 οἰκονομίαν
1644 1828 1837 1864 βλασφημοῦσι

1039 1868 1087 1895 τοῦ
1107 1868 1186 1900 Θεοῦ,
1211 1870 1259 1896 καὶ
1286 1870 1402 1906 κτιστὴν
1424 1869 1493 1898 εἶναι
1514 1874 1707 1908 φρενοδλαὸῶς
1725 1876 1837 1911 λέγουσι

1038 1915 1088 1949 τὴν
1112 1914 1159 1940 τοῦ
1185 1914 1253 1941 Θεοῦ
1280 1914 1406 1951 θεότητα,
1424 1918 1471 1944 καὶ
1484 1919 1523 1950 είς
1540 1920 1654 1955 κτίσμα,
1682 1922 1712 1948 τό
1735 1931 1768 1957 γε
1794 1925 1838 1956 είς

1039 1960 1138 1992 αὐτοὺς
1149 1957 1227 1996 ἧκον,
1250 1963 1441 1996 κατασπῶσιν,
1469 1965 1552 1991 αὐτὸν
1571 1966 1617 1992 τὸν
1647 1967 1770 2002 Πατέρα,
1788 1971 1837 1997 καὶ

1038 2006 1083 2032 τὸν
1106 2006 1179 2039 Υίδν,
1205 2007 1253 2034 καὶ
1281 2008 1311 2034 τὸ
1332 2009 1443 2044 Πνεῦμα
1460 2010 1490 2036 τὸ
1517 2011 1605 2045 ἅγιον.
1630 2013 1688 2039 Μία
1711 2014 1765 2050 γὰρ
1789 2016 1837 2042 καὶ

1039 2054 1056 2088 ὴ
1072 2053 1141 2088 αὐτή
1158 2055 1232 2080 ἐστιν
1253 2054 1377 2094 ήίζεότης
1389 2056 1444 2083 τῶν
1462 2057 1556 2093 τριῶν.
1579 2058 1610 2085 Et
1633 2059 1662 2085 δὲ
1685 2060 1733 2086 καὶ
1758 2061 1836 2088 ἄκτι-

1040 2107 1102 2125 στον
1118 2096 1193 2126 οῦτοι
1220 2100 1311 2127 σέϐειν
1340 2101 1449 2136 λέγουσι
1478 2102 1603 2138 θεότητα,
1635 2103 1682 2131 δύο
1708 2108 1836 2142 φανερᾶς

1039 2145 1131 2172 λοιπὸν
1163 2143 1238 2174 οὗτοι
1264 2146 1389 2182 λέγουσιν
1422 2145 1492 2175 εἶναι
1521 2149 1567 2176 τοῦ
1592 2149 1659 2176 Θεοῦ
1689 2151 1835 2189 θεότητας,

1041 2193 1105 2226 μίαν
1118 2193 1240 2228 κτιστὴν,
1259 2194 1306 2220 καὶ
1331 2193 1415 2229 ἄλλην
1442 2195 1582 2223 ἄκτιστον.
1611 2197 1691 2225 Οὕτω
1716 2199 1836 2233 φιλονει-

1000 2248 1022 2275 ι)
1038 2238 1117 2264 κοῦσι
1138 2238 1242 2270 πάντας
1266 2239 1329 2270 τοὺς
1349 2239 1381 2266 ὲκ
1410 2240 1527 2268 παλαιοῦ
1553 2242 1718 2276 κακοδόξονς
1747 2245 1835 2281 ὑπερ-

1038 2283 1119 2319 ϐῆναι
1136 2285 1170 2320 τῇ
1186 2284 1339 2322 δυσσεϐείᾳ.

1074 2329 1146 2366 ρμθ¹.
1164 2331 1274 2358 ¹’Δλλοτε
1305 2332 1334 2359 δὲ
1357 2333 1406 2368 τὴν
1423 2333 1526 2361 οἰκείαν
1542 2336 1706 2370 κακοδοξίαν
1719 2339 1837 2366 συσκιά-

1037 2376 1094 2408 ζειν
1109 2378 1312 2413 μηχανώμενοι,
1324 2379 1372 2406 καὶ
1384 2379 1513 2407 ἄκτιστον
1530 2380 1639 2416 λέγουσι
1650 2383 1680 2410 τδ
1694 2384 1723 2410 ὲν
1739 2385 1837 2412 916m-

1038 2422 1089 2458 ρίῳ
1103 2422 1215 2458 λάμψαν
1230 2425 1299 2458 φῶς,
1317 2426 1365 2452 καὶ
1394 2426 1488 2453 οὐσίαν
1514 2424 1585 2454 εἶναι
1610 2428 1658 2455 τοῦ
1670 2429 1752 2463 Θεοῦ,
1768 2431 1836 2458 πολ-

1036 2469 1146 2501 λαπλῶς
1169 2470 1223 2496 κάν
1244 2470 1332 2506 τούτῳ
1351 2471 1586 2507 βλασφημοῦντες.
1608 2474 1685 2501 Ἐπεὶ
1709 2475 1765 2512 γὰρ
1783 2477 1837 2504 ὑπὸ

1037 2516 1091 2542 τῶν
1121 2516 1278 2543 ἀποστόλων
1306 2518 1426 2553 ἑώραται
1453 2519 1484 2545 τὸ
1512 2519 1570 2554 φῶς
1596 2521 1696 2553 ἐκεῖνο,
1730 2523 1836 2560 ὁρατὴν

1037 2561 1130 2589 λοιπὸν
1142 2560 1212 2589 εῐναι
1235 2563 1328 2596 κακῶς
1343 2565 1474 2600 φρονοῦσι
1498 2566 1548 2600 τὴν
1569 2566 1664 2594 οὐσίαν
1679 2568 1727 2595 τοῦ
1742 2569 1811 2597 Θεοῦ
1826 2591 1834 2597 .

1045 2608 1114 2635 Ἀλλ’
1132 2609 1308 2636 ἀκουέτωσαν
1323 2611 1371 2637 τοῦ
1385 2610 1521 2645 λέγοντος·
1535 2613 1628 2645 Οὐδεὶς
1642 2615 1708 2650 ἔστη
1723 2616 1752 2642 ὲν
1767 2617 1836 2644 ὕπο-

1039 2655 1168 2690 στήματι,
1187 2655 1236 2682 καὶ
1249 2656 1343 2682 οὐσίαν
1370 2656 1449 2690 Θεοῦ,
1465 2659 1513 2685 καὶ
1533 2659 1601 2686 Θεοῦ
1617 2660 1698 2694 φύσιν
1715 2663 1732 2698 ἢ
1751 2660 1834 2698 εἶδεν,

1039 2699 1055 2734 ἤ
1081 2700 1272 2735 ἐξηγόρευσεν.
1302 2703 1358 2729 Καὶ
1387 2703 1425 2738 μὴ
1446 2704 1527 2739 μόνον
1554 2706 1644 2738 οὐδεὶς
1667 2707 1834 2744 ἀνθρώπων,

1039 2746 1095 2773 ἀλλ’
1104 2747 1164 2774 οὐδὲ
1179 2748 1231 2774 τῶν
1243 2748 1367 2783 ἀγγέλων
1377 2756 1384 2764 °
1397 2751 1443 2776 καὶ
1455 2751 1525 2777 αὐτὰ
1539 2751 1594 2787 γὰρ
1609 2752 1644 2779 τὰ
1659 2753 1836 2790 ἑξαπτέρυγα

1039 2793 1175 2829 Σεραφὶμ,
1204 2794 1251 2821 καὶ
1273 2795 1341 2830 πρὸς
1364 2795 1449 2832 αὐτὴν
1463 2797 1514 2833 τὴν
1524 2798 1677 2834 ὑπερϐολὴν
1695 2802 1746 2836 τῆς
1762 2803 1834 2829 ἑκεί-

1039 2839 1085 2867 θεν
1123 2841 1336 2876 ὲκπεμπομένης
1363 2842 1534 2878 ὲλλάμψεως,
1556 2846 1616 2877 ταῖς
1644 2846 1759 2881 πτέρυξι
1784 2857 1836 2874 πε-

1040 2885 1202 2924 ρικαλύπτει
1215 2887 1264 2919 τὰς
1276 2887 1363 2919 ὄψεις.
1389 2888 1465 2915 Ἐπεὶ
1485 2889 1549 2923 γοῦν
1568 2890 1673 2918 οὐδέσιν
1692 2893 1753 2929 οιξδέ
1768 2903 1836 2921 ποτε
