1947 3072
198 112 267 144 1259

824 103 1016 135 GREGOilIl
1039 101 1207 132 SlNAlT/E

1761 97 1820 128 ηϋο

195 168 279 194 etiam
296 165 434 193 dmmones
458 162 658 194 fornicationis,
677 161 757 189 modo
772 161 800 188 in
831 164 984 195 serpentes,

1051 159 1107 186 τοτὲ
1121 158 1151 185 δὲ
1164 159 1204 190 είς
1222 158 1295 194 ἔχεις
1326 167 1579 195 μεταμορφουνται,
1608 162 1674 188 ποτὲ
1685 162 1713 189 δὲ
1730 163 1775 190 καὶ
1784 165 1818 196 είς

195 215 276 242 modo
297 214 324 240 in
341 219 440 240 corvos
457 215 485 238 et
503 209 647 244 graculos;
664 213 692 236 et
718 208 745 234 in
775 207 902 234 volucres
918 213 986 232 con-

195 267 340 290 vertuntur
359 258 506 291 animales,
528 264 559 284 ac
580 254 729 291 praesertim
749 254 815 281 aerii
835 254 986 280 daemones.

195 309 272 338 lianc
287 313 378 335 autem
397 305 433 333 ob
459 310 570 331 causam
599 301 698 337 triplici
726 300 813 336 elligie
842 300 989 326 immutant

195 363 260 384 suas
274 354 378 381 formas
395 352 519 386 spiritus,
534 348 605 384 quod
621 353 677 375 tres
692 347 792 374 habeat
811 345 900 372 anima
926 351 988 377 par-

201 406 242 428 tes
256 410 264 435 ;
285 401 322 427 ita
336 404 365 426 ιιι
385 397 482 432 triplex
499 396 534 423 sit
547 396 646 430 imago,
663 400 760 428 nempe
777 393 804 419 in
818 390 987 421 volucribus,

196 447 261 474 feris
273 450 299 473 et
312 444 473 480 pecudibus,
489 446 601 478 propter
621 438 874 475 concupiSeibilem,
893 435 989 464 irasci-

198 493 276 521 oilem
292 496 319 518 et
334 488 524 519 rationabilem
542 488 639 514 animae
652 485 788 522 potentias
802 492 809 511 :
839 489 894 511 tres
916 482 988 509 enim

198 538 326 565 vitiorum
347 537 430 564 duces
456 535 588 562 adversus
611 537 668 560 tres
697 532 764 559 istas
779 530 851 557 vires
882 535 989 563 semper

198 588 350 615 armantur,
379 587 407 609 ei
436 581 469 608 ad
489 579 561 616 quod
588 579 685 606 vilium
706 577 796 604 anitna
826 575 989 611 propendet,

199 630 260 657 huic
273 629 535 656 conformantsuam
553 626 579 653 in
593 633 644 652 nos
662 622 880 659 aggressionem.

1041 205 1186 235 ἀλώπεκας
1197 212 1204 220 ·
1227 204 1275 240 τῆς
1289 204 1318 231 δὲ
1336 205 1482 239 ἀναιδείας,
1509 207 1550 238 είς
1569 207 1632 238 τοὺς
1654 207 1739 240 κύνας
1754 216 1761 223 ·
1776 208 1821 243 τῆς

1041 251 1200 286 δὲάκηδίας,
1233 253 1274 284 είς
1296 252 1361 283 τοὺς
1378 253 1504 285 κάττους.
1521 250 1605 280 ’Ἔστι
1623 254 1645 280 δ’
1660 255 1704 281 ὅτε
1720 255 1821 290 καὶτῆς

1041 298 1181 333 πορνείας,
1205 298 1270 324 ποτὲ
1298 298 1347 332 μὲν
1376 299 1417 330 είς
1441 299 1529 334 ὄφεις,
1546 300 1612 326 ποτὲ
1626 300 1654 328 δὲ
1670 301 1718 328 καὶ
1731 302 1771 333 εἰς
1780 310 1822 328 xo-

1043 343 1153 377 ράκους,
1182 343 1230 369 καὶ
1250 343 1445 383 κολοιοὺςηὼς
1473 345 1585 371 πετεινὰ
1608 345 1636 371 δὲ
1662 346 1687 372 οἱ
1706 346 1822 381 ψυχικοὶ,

1043 387 1160 422 μάλιστα
1173 386 1201 412 δὲ
1214 387 1333 422 ὲναέριοι
1353 387 1480 422 δαίμονες
1499 388 1728 424 μεταϐάλλονται.
1753 390 1824 424 Ἔχει

1041 433 1068 459 δὲ
1078 432 1127 466 τὴν
1151 432 1241 458 αίτίαν
1257 433 1422 468 ἡφαντασία
1448 434 1561 469 τριχῶς,
1587 434 1750 461 ἀλλοιοῦσαν
1776 435 1822 466 τὰς

1043 477 1151 513 μορφὰς
1172 478 1225 504 τῶν
1243 479 1416 512 πνευμάτων,
1442 479 1553 506 κατὰτὸ
1562 480 1694 515 τριμερὲς
1718 481 1765 515 τῆς
1778 481 1826 515 dru-

1042 524 1102 559 Χῆς,
1132 524 1203 550 ὥστε
1229 525 1276 550 καὶ
1301 525 1351 560 τὴν
1373 526 1528 559 φαντασίαν
1556 526 1675 561 τριπλῆν
1702 524 1782 558 εἶναι,
1799 527 1826 553 ἐν

1043 572 1188 604 πετεινοῖς,
1214 572 1243 597 ὲν
1255 571 1371 607 θηρίοις,
1396 572 1425 599 ὲν
1459 573 1583 607 κτήνεσι,
1610 572 1680 607 πρὸς
1696 572 1727 598 τδ
1740 572 1828 598 ἐπιθυ-

1045 616 1160 650 μητικὸν
1173 637 1180 650 ,
1212 616 1328 652 Θυμικὺν
1344 639 1351 650 ,
1372 619 1420 645 καὶ
1446 619 1602 652 λογιστικὸν
1622 619 1672 650 τὰς
1682 619 1732 653 τῆς
1743 618 1828 653 ψυχῆς

203 673 336 706 δυνάμεις
351 678 358 685 ·
376 672 399 695 οἱ
423 671 500 704 τρεῖς
524 677 579 704 γαρ
597 670 730 704 αρχοντες
744 677 799 695 των
816 669 923 701 παθῶν,
948 669 1018 695 κατά
1033 669 1089 696 τῶν
1105 671 1189 705 τριῶν
1203 671 1245 698 ἀεὶ
1267 673 1435 706 ὁπλίζονται,
1456 676 1504 702 καὶ
1527 676 1596 712 πρὸς
1609 676 1624 704 ὃ
1641 680 1793 709 πεποίωται
1809 684 1825 718 ἡ

204 720 278 755 ψυχὴ
299 718 397 748 πάθος,
416 716 486 750 πρθις
502 716 569 742 αὐτὸ
589 717 661 742 κατὰ
681 715 713 741 τὺ
731 716 860 750 συγγενὲς
878 716 1064 751 μορφάζονται
1080 719 1146 754 ἡμῖν
1165 719 1215 746 καὶ
1233 720 1446 756 προσέρχονται.

243 766 287 794 72.
304 765 375 801 Ignis
390 771 418 793 et
442 766 589 794 carbonum
604 767 692 794 instar
717 767 849 794 invadunt
863 774 934 801 saepe
949 773 996 793 nos

1076 770 1126 806 οβ’.
1150 770 1194 802 Ὠς
1209 770 1264 805 πῦρ
1290 771 1338 805 μὲν
1366 771 1496 802 πολλάκις
1522 771 1570 798 καὶ
1589 771 1628 804 ὡς
1648 771 1783 807 ἄνθρακες
1806 774 1829 799 οἱ

205 813 509 848 volttplatistlwmones.
525 812 646 848 Spiritus
659 813 731 840 enim
746 812 873 845 luxuriae,
884 816 912 839 ct
927 819 991 839 cou-

1051 817 1091 852 τῆς
1107 817 1202 853 ἡδονῆς
1213 817 1411 852 προσέρχονται
1425 817 1569 852 δαίμονες·
1586 817 1621 844 τὰ
1636 818 1764 854 φιλήδονα
1778 818 1830 853 γὰρ

206 859 367 893 piscentiam
384 857 566 891 iullmnmaut,
581 864 609 886 et
624 859 758 886 rationem
790 859 995 894 perturbantcs,

204 905 324 932 animam
358 905 542 932 olitenebrant
558 912 564 931 :
579 905 715 940 siquidem
731 905 799 932 nihil
813 905 866 933 nisi
884 905 996 933 combu-

203 953 331 985 stionem,
355 951 501 979 tumultum
528 959 560 980 ac
580 951 726 987 caliginem
756 952 829 987 parit
853 952 995 979 libidinum

203 1004 298 1026 ESIUS.

240 1057 284 1084 75.
310 1056 441 1084 Tenebrae
466 1057 628 1091 ignorantia:
656 1060 699 1084 est
721 1056 848 1084 vitiorum
865 1065 935 1090 nox;
952 1058 995 1085 vel

202 1102 292 1130 adhuc
319 1111 369 1130 nox
389 1103 437 1130 ista
460 1108 502 1130 est
527 1103 672 1138 imperium
689 1103 736 1130 ubi
753 1109 903 1131 nascuntur
918 1105 993 1137 vitia,

203 1151 247 1176 ubi
267 1155 360 1184 regnat
386 1151 514 1185 princeps
531 1150 717 1183 tenebrarum,
732 1150 778 1177 ubi
797 1149 862 1177 ferae
880 1150 950 1185 agri,
967 1155 994 1178 et

202 1196 322 1222 volatilia
336 1196 410 1229 cmli,
426 1202 452 1223 et
471 1196 579 1230 reptilia
598 1201 676 1223 terra;
693 1195 809 1230 ﬁgurate
825 1196 893 1223 dicti
915 1196 993 1231 spiri-

201 1246 245 1269 tus
260 1243 396 1277 rugientes
409 1246 536 1277 quaerunt
551 1249 646 1278 rapere
660 1249 710 1270 nos
724 1250 814 1270 escam
830 1243 893 1270 sibi.

236 1377 280 1404 74.
299 1376 437 1404 interdum
455 1375 572 1404 vitiosos
584 1381 662 1404 actus
673 1378 853 1414 cogitationes
867 1383 991 1414 tempore

200 1424 367 1459 pricccdunt,
383 1428 410 1451 et
441 1424 578 1451 interdum
594 1429 757 1460 sequuntur.
781 1425 815 1452 Et
830 1427 990 1460 praecedunt

200 1472 308 1506 quidem
333 1470 512 1506 cogitationes
539 1471 712 1505 phantasias,
742 1478 894 1507 sequuntur
925 1480 989 1500 vero

1043 862 1197 898 πνεύματα,
1216 862 1248 888 τδ
1274 861 1323 897 μὲν
1347 861 1545 898 ἐπιθυμητικὸν
1571 863 1722 896 ὲκκαίουσι,
1748 864 1777 890 τδ
1804 865 1831 890 δὲ

1041 909 1221 946 διανοητικδν,
1235 909 1397 944 συγχέοντες
1414 930 1421 942 ,
1457 909 1612 942 σκοτίζουσι
1640 909 1691 944 τῆς
1719 909 1806 944 ψυχῆς
1822 916 1830 925 ·

1042 955 1167 986 καύσεως
1182 954 1248 990 γὰρ,
1264 957 1397 991 ταραχῆς,
1414 956 1461 982 καὶ
1473 955 1585 987 σκότους
1602 955 1687 988 αἰτία,
1701 957 1718 990 ἡ
1732 955 1830 991 κυρίως

1043 1001 1095 1028 τῶν
1109 1000 1203 1027 παΘῶν
1213 1001 1306 1036 ἡδονή.

1078 1049 1127 1080 ογ’.
1143 1046 1201 1078 Νὺξ
1212 1046 1267 1073 τῶν
1281 1046 1387 1076 παθῶν,
1402 1047 1452 1079 τῆς
1468 1046 1579 1080 ἀγνοίας
1593 1047 1623 1073 τὺ
1640 1047 1735 1078 σκότος
1746 1048 1831 1079 εστὶν,

1045 1092 1061 1127 ἦ
1088 1092 1179 1124 πάλιν,
1209 1092 1256 1126 νύξ
1280 1092 1546 1128 ἔστινὴγεννητικὴ
1579 1093 1632 1119 τῶν
1660 1093 1754 1120 παθῶν
1774 1095 1832 1122 ἑπι-

1044 1138 1168 1174 κράτεια,
1181 1139 1209 1164 ὲν
1259 1139 1396 1173 βασιλεύει
1426 1140 1440 1165 ὁ
1452 1139 1499 1165 τοῦ
1522 1139 1634 1170 σκότους
1646 1139 1772 1176 ἔξαρχος,
1786 1141 1830 1167 καὶ

1043 1186 1072 1211 ἐν
1091 1181 1113 1220 ᾧ
1127 1184 1161 1211 τὰ
1177 1185 1260 1220 θηρία
1284 1185 1330 1210 τοῦ
1360 1183 1456 1220 ἀγροῦ,
1474 1184 1523 1210 καὶ
1542 1184 1579 1212 τὰ
1595 1188 1710 1213 ταπεινὰ
1727 1186 1775 1213 τοῦ
1790 1187 1833 1213 οὑ-

1045 1231 1137 1268 ρανοῡ,
1164 1231 1258 1258 καὶτὰ
1275 1231 1379 1266 ἑρπετὰ
1404 1231 1453 1267 τῆς
1472 1232 1524 1267 γῆς
1539 1232 1679 1268 τροπικῶς
1696 1233 1831 1268 λεγόμενα

1044 1278 1188 1312 πνεύματα
1218 1277 1363 1313 ὡρυόμενα
1393 1277 1527 1313 ζητοῦντα
1553 1279 1677 1315 ἁρπάσαι
1702 1279 1776 1314 ἡμᾶς
1793 1279 1831 1311 είς

1045 1323 1147 1360 βρῶσιν
1159 1324 1259 1352 αὐτῶν.

1080 1371 1126 1397 οδ’.
1149 1371 1229 1398 Κατὰ
1260 1370 1356 1406 καιρὸν
1383 1371 1434 1405 τῆς
1459 1370 1512 1397 τῶν
1536 1371 1630 1397 παθῶν
1656 1371 1798 1406 ἐνεργείας
1810 1372 1832 1398 οι

1045 1416 1178 1451 λογισμοὶ,
1190 1417 1214 1443 οι
1231 1416 1280 1451 μὲν
1315 1416 1509 1451 προηγοῦνται,
1531 1417 1554 1443 οἱ
1580 1417 1608 1443 δὲ
1638 1417 1766 1443 ἕπονται⁸
1788 1417 1834 1444 καὶ

1046 1461 1231 1496 προηγοῦνται
1260 1461 1309 1496 μὲν
1324 1462 1348 1488 οἱ
1364 1461 1490 1496 λογισμοὶ
1503 1461 1557 1488 τῶν
1571 1462 1741 1496 φαντασιῶν,
1756 1462 1837 1488 ἕπον-

200 1505 529 1552 phantasiasrpassiones.
545 1518 577 1544 Et
591 1519 731 1553 passiones
756 1505 913 1553 praecedunt
937 1519 991 1547 dre-

1051 1515 1091 1532 ται
1117 1506 1145 1532 δὲ
1168 1506 1223 1532 ’τῶν
1250 1506 1404 1540 φαντασιῶν
1431 1506 1486 1542 [ῖσ.
1514 1508 1573 1538 ταῖς
1605 1507 1780 1543 φαντασίαις]
1805 1510 1840 1535 τὰ

200 1564 338 1597 monibus,
352 1565 491 1592 daemones
507 1572 571 1592 vero
583 1565 726 1599 passiones
738 1571 904 1599 sequuntur.

235 1653 281 1681 75.
297 1653 406 1680 initium
421 1657 447 1680 et
462 1661 545 1681 causa
563 1654 690 1682 vitiorum
707 1659 751 1683 est
773 1655 875 1683 abusus
889 1664 896 1689 ;
925 1656 992 1684 abu-

200 1706 249 1727 sus
264 1703 366 1732 autem,
386 1699 549 1733 inclinatio;
564 1704 591 1727 et
620 1701 819 1735 inclinationis,
846 1698 996 1737 proclivior

201 1745 348 1780 voluntas;
366 1745 512 1774 voluntatis
530 1751 622 1774 autem
640 1748 765 1782 probatio
785 1753 827 1776 est
853 1750 990 1782 tentatio;

200 1797 228 1819 et
244 1792 402 1821 teutationis
419 1797 547 1821 auctores
562 1797 628 1821 sunt
642 1794 796 1828 dmmones,
816 1797 990 1830 permittente

199 1838 390 1872 Providentia,
409 1843 439 1867 ut
456 1839 617 1867 ostendatur
629 1845 732 1876 quanta
745 1841 782 1869 sit
798 1846 893 1870 nostra
908 1843 992 1870 liber-

201 1891 252 1914 tas.

235 1942 280 1970 76.
295 1941 426 1971 Stimulus
442 1944 545 1978 peccati
559 1949 586 1972 et
604 1945 703 1980 sagitta
722 1947 820 1975 mortis
850 1951 892 1975 est
910 1947 991 1975 vitio-

200 1997 247 2017 sus
265 1991 363 2017 anima:
377 1990 487 2018 habitus
503 1999 510 2018 :
527 1999 616 2027 neque
631 1993 705 2020 enim
719 1993 854 2022 mutariet
867 1995 990 2022 converti

200 2041 299 2071 potest,
316 2038 361 2071 qui
373 2037 446 2064 vitiis
461 2038 532 2065 ultro
550 2039 647 2067 servit.

236 2126 282 2152 TI.
302 2126 335 2152 Et
350 2126 536 2162 multipliciter
558 2129 768 2164 distinguuntur
793 2132 950 2166 passiones.
965 2137 993 2159 et

1048 1550 1132 1586 πάθη,
1148 1552 1194 1578 καὶ
1211 1551 1265 1577 τῶν
1279 1552 1327 1587 μὲν
1340 1553 1478 1587 δαιμόνων
1495 1553 1679 1588 προηγοῦνται
1693 1554 1727 1580 τὰ
1751 1554 1838 1589 πάθη,

1046 1597 1158 1624 ἕπονται
1173 1597 1202 1624 δὲ
1215 1598 1270 1629 τοῖς
1284 1599 1399 1626 πάθεσιν
1413 1600 1437 1625 oi
1450 1599 1586 1634 δαίμονες.

1083 1641 1132 1669 oa'.
1143 1643 1169 1668 ’Λ
1175 1642 1226 1678 ρχὴ
1235 1643 1289 1669 τῶν
1299 1643 1393 1670 παθῶν
1407 1644 1453 1670 καὶ
1460 1645 1533 1672 αίτία
1541 1645 1612 1671 ἐστὶν
1623 1645 1639 1680 ἡ
1651 1646 1839 1681 παράχρησις·

1048 1689 1248 1724 παραχρήσεως
1271 1690 1309 1722 δὲ,
1329 1691 1345 1726 ἡ
1365 1691 1452 1726 τροπή
1467 1699 1473 1705 ·
1492 1692 1596 1727 τροπῆς
1611 1692 1651 1724 δὲ,
1668 1693 1685 1727 ἡ
1703 1693 1774 1728 ῥοπὴ
1791 1694 1842 1727 τῆς

1048 1733 1194 1770 θελητικῆς
1217 1735 1311 1768 ἕξεως·
1342 1736 1476 1772 θελήσεως
1487 1738 1514 1764 δὲ
1541 1738 1674 1773 δοκίμιον,
1707 1741 1724 1774 ἡ
1751 1748 1842 1775 προσ-

1049 1780 1114 1816 ϐολή
1134 1790 1141 1797 ·
1157 1782 1313 1818 προσϐολῆς
1343 1783 1381 1816 δὲ,
1399 1785 1424 1810 oi
1437 1784 1574 1819 δαίμονες,
1590 1784 1633 1811 διὰ
1643 1786 1693 1820 τῆς
1710 1787 1843 1821 προνοέας

1048 1828 1296 1862 παραχωρούμενοι
1334 1828 1469 1856 δεικνύειν
1497 1831 1528 1856 τὸ
1557 1830 1637 1866 ἡμῶν
1663 1832 1843 1865 αὐτεξούσιον

1046 1872 1139 1898 ὁποῖόν
1151 1873 1236 1900 ἐστιν.

1085 1946 1139 1975 ος’.
1162 1943 1211 1976 Ίδς
1226 1945 1273 1971 τοῦ
1289 1945 1402 1980 κέντρου
1417 1946 1466 1981 τῆς
1482 1946 1620 1980 ἁμαρτίας
1637 1948 1706 1983 πρὶς
1727 1948 1845 1974 θάνατον

1048 1989 1064 2024 ή
1079 1989 1207 2025 ἐμπαθὴς
1234 1991 1290 2024 ἕξις
1315 1991 1365 2026 τῆς
1387 1991 1476 2027 ψυχῆς
1488 2000 1495 2007 ·
1513 1992 1642 2028 ἀκίνητον
1655 1995 1709 2028 γὰρ
1724 1994 1782 2029 ἔχει
1797 1994 1846 2020 καὶ

1048 2034 1238 2070 ἀμετάϐλητον
1272 2036 1317 2076 τὸν
1345 2037 1446 2072 τρόπον
1466 2039 1480 2064 ὁ
1500 2039 1556 2070 τοῖς
1581 2039 1682 2065 πάθεσι
1711 2040 1846 2070 natumst;

1049 2080 1190 2112 ἑκουσίως.

1085 2118 1133 2158 οξ.
1148 2126 1225 2162 Πάθη
1239 2127 1364 2161 λέγονται
1376 2129 1564 2166 πολυτρόπως,
1579 2130 1749 2165 διαιροῦνται
1764 2132 1794 2158 δὲ
1805 2133 1842 2162 εἰς

204 2173 365 2200 dividuntur
381 2173 407 2201 in
424 2175 582 2209 corporales
600 2181 627 2204 et
643 2177 811 2212 spirituales.
830 2179 991 2214 Corporales

1051 2173 1209 2209 σωματικὰ,
1222 2175 1269 2201 καὶ
1284 2175 1399 2209 ψυχικά·
1418 2177 1452 2202 τὰ
1467 2176 1612 2212 σωματικὰ
1621 2177 1785 2213 ὑποδιαιροῦ
1792 2186 1848 2204 aut

200 2219 414 2247 subdividuntur
430 2221 456 2247 in
473 2221 627 2250 dolorilicas
648 2228 676 2251 et
706 2226 910 2259 peccaminosas
925 2233 933 2254 :
946 2225 992 2254 do-

202 2265 320 2292 lorilerze
352 2266 453 2294 iterum
493 2267 688 2297 discernuntur
715 2270 741 2297 in
776 2272 939 2300 morbiferas
966 2278 994 2300 et

201 2315 334 2348 poenales.
351 2315 513 2351 Spirituales
539 2317 603 2345 item
618 2318 776 2346 dividuntur
787 2319 814 2347 in
830 2321 991 2356 irascibiles,

202 2362 427 2396 concupiscibiles
440 2368 467 2390 et
482 2363 677 2393 rationabiles:
692 2369 719 2393 et
733 2367 913 2396 rationabiles
930 2370 995 2397 sub-

202 2405 363 2433 dividuntur
375 2408 400 2434 in
422 2409 609 2443 phantasticas
624 2415 651 2438 et
666 2413 875 2442 intellectuales.
897 2415 993 2444 Adhuc

202 2452 262 2480 aliae
274 2459 338 2481 sunt
350 2455 509 2483 voluntaria:
534 2464 567 2483 ex
583 2457 682 2491 abusu,
701 2459 761 2486 alia;
783 2462 947 2489 necessaria:
966 2466 994 2490 el.

201 2499 403 2534 iuvoluntariae,
417 2500 489 2528 sicut
515 2504 656 2536 passiones
695 2506 775 2533 dicta:
804 2507 992 2544 inculpabiles,

203 2553 263 2580 quae
277 2549 447 2575 consectaria
465 2553 492 2576 et
508 2551 692 2584 proprietates
709 2557 814 2581 naturae
834 2561 849 2582 a
865 2555 993 2584 Patribus

203 2599 349 2621 vocantur.

238 2650 282 2677 78.
301 2650 370 2678 Tum
384 2651 455 2679 aliud
473 2653 613 2687 passiones
625 2660 775 2689 corporeae,
789 2661 816 2683 et
839 2656 912 2685 aliud
939 2658 993 2693 spi-

200 2697 331 2730 ritualcs;
352 2702 407 2724 tum
427 2698 501 2725 aliud
527 2700 762 2735 concupiscentia
788 2707 815 2729 et
843 2703 917 2730 aliud
934 2704 992 2738 ira,

200 2745 272 2770 aliud
291 2746 404 2773 rationis
429 2750 456 2773 et
475 2745 549 2773 aliud
578 2746 735 2776 intellectus
756 2756 788 2776 ac
821 2750 994 2785 cogitationis

201 2792 351 2824 passiones.
374 2792 409 2820 At
425 2800 517 2823 secum
545 2793 662 2821 invicem
689 2801 789 2823 coeunt
812 2802 838 2824 et
854 2797 913 2824 alite
933 2798 993 2826 aliis

202 2844 384 2871 (“cuperantur
400 2841 541 2874 passiones
555 2841 682 2876 corporis
696 2847 722 2870 ct
743 2843 989 2880 concupiscentiw,

1049 2218 1090 2248 εἰς
1114 2218 1236 2252 ἀλγεινὰ,
1253 2219 1302 2245 καὶ
1317 2220 1512 2255 ἁμαρτητικά”
1529 2220 1563 2247 τὰ
1579 2221 1693 2255 ἀλγεινὰ
1721 2222 1848 2248 ὑποδιαι-

1051 2265 1158 2300 ροῦνται
1172 2267 1210 2297 είς
1220 2267 1323 2301 νοσηρὰ
1333 2267 1380 2293 καὶ
1404 2267 1580 2294 παιδευτικὰ·
1597 2268 1633 2294 τὰ
1644 2268 1752 2303 ψυχικὰ
1764 2269 1847 2294 πάλιν

1050 2311 1218 2347 διαιροῦνται
1229 2314 1269 2345 είς
1286 2312 1402 2347 Θυμικὰ,
1417 2314 1608 2349 ὲπιθυμητικὰ
1622 2315 1671 2342 καὶ
1690 2314 1848 2348 λοτιστιχά¹

1051 2356 1083 2383 τὰ
1093 2356 1236 2391 λογιστικὰ
1248 2359 1470 2394 ὑποδιαιροῦνται
1482 2360 1522 2391 είς
1537 2360 1713 2394 φανταστικὰ
1729 2361 1780 2387 καὶ
1794 2360 1849 2386 δια-

1052 2403 1176 2438 νοητικὰ.
1209 2403 1319 2431 Τούτων
1345 2405 1379 2431 τὰ
1409 2406 1458 2440 μέν
1487 2407 1540 2432 εισι
1570 2406 1642 2432 κατὰ
1670 2407 1850 2442 παράχρῃσιι

1053 2448 1193 2484 Θελητικὰ,
1221 2450 1255 2476 τὰ
1271 2450 1309 2483 δὲ,
1335 2451 1405 2477 κατὰ
1422 2451 1546 2487 ἀνάγκην
1573 2452 1705 2485 ἀκοΰσια,
1723 2453 1763 2485 ὡς
1776 2452 1851 2479 ἀδιά-

1053 2494 1138 2530 ϐλητα
1161 2495 1234 2530 πάιοη
1266 2496 1410 2531 λεγόμενα,
1439 2497 1457 2523 ἃ
1486 2498 1533 2523 καὶ
1555 2498 1851 2534 παρακολουθὴματα.

1054 2543 1101 2568 καὶ
1117 2541 1221 2576 φυσικὰ
1234 2541 1406 2576 ίδιώματα”οί
1423 2543 1544 2578 Πατέρες
1557 2543 1706 2573 ἐκάλεσαν.

1080 2664 1132 2696 σπη’.
1163 2661 1247 2687 Ἀλλα
1261 2661 1295 2687 τὰ
1322 2660 1467 2696 σωματικά
1490 2660 1575 2694 πάθη,
1591 2660 1640 2687 καὶ
1656 2660 1727 2688 ἄλλα
1740 2660 1782 2689 τὰ
1797 2660 1850 2695 ψυ-

1045 2709 1110 2744 χικά
1121 2716 1128 2724 '
1143 2707 1177 2734 τὰ
1197 2708 1248 2742 τῆς
1262 2707 1412 2742 ἐπιθυμίας
1427 2707 1523 2742 ἕτερα,
1537 2707 1584 2733 καὶ
1596 2707 1666 2734 ἄλλα
1676 2708 1726 2735 τοῦ
1745 2707 1853 2743 θυμοῖγ

1044 2755 1127 2790 ’ἐτερα
1144 2753 1179 2780 τὰ
1197 2753 1245 2780 τοῦ
1271 2753 1438 2787 λογιστικοῦ,
1463 2753 1511 2780 καὶ
1522 2752 1589 2779 ἄλλα
1600 2752 1634 2779 τὰ
1647 2753 1696 2780 τοῦ
1718 2754 1791 2785 νοὸς
1808 2756 1856 2779 καὶ

1046 2800 1094 2834 τῆς
1127 2799 1264 2830 διανοίαςο
1303 2798 1460 2825 κοινωνοῦσι
1474 2798 1500 2825 δὲ
1515 2798 1652 2832 ἀλλήλοις,
1679 2800 1729 2826 καὶ
1754 2808 1856 2834 συνερ-

1046 2846 1123 2880 γοῦσι
1141 2845 1240 2881 Θάτερα
1255 2846 1309 2876 τοῖς
1322 2845 1435 2879 ἑτέροις⁸
1453 2845 1484 2871 τὰ
1499 2844 1716 2879 μένεωματικὰ,
1734 2846 1814 2880 πρὸς
1827 2847 1860 2871 τὰ
