1947 3072
142 96 205 128 ιρδι

659 92 796 123 ΟΛΡΙΤΔ
818 91 895 122 PER
916 91 1246 122 ACROSTICIIIDEM.

1700 85 1768 116 1562

132 160 181 194 τῆς
201 156 359 191 ἐπιθυμίας,
378 155 411 182 τὰ
425 155 453 181 δὲ
468 152 584 189 ψυχικὰ,
597 151 664 188 πρὸς
678 151 710 178 τὰ
725 151 769 177 τοῦ
791 151 918 186 θυμικοῦ,

986 149 1082 176 anima:
1095 155 1123 176 et
1139 149 1198 180 iras.
1217 147 1331 175 rationts
1345 151 1371 174 ct
1390 146 1553 178 intellectus,
1572 142 1727 171 intellectus
1743 146 1769 168 ct

133 206 181 232 καὶ
196 204 278 231 πάλιν
290 203 325 229 τὰ
340 200 494 236 λογιστικὰ,
509 199 575 234 πρὸς
585 199 619 225 τὰ
631 198 722 233 νοερὰ,
731 197 818 224 καὶτὰ
826 197 919 232 νοερὰ,

132 253 202 288 πρὸς
217 251 250 278 τὰ
264 251 315 285 τῆς
343 248 462 280 διανοίας
479 247 525 275 καὶ
539 247 587 280 τῆς
618 247 727 281 μνήμης
760 245 919 279 παθήματα.

167 297 215 323 σθ’.
232 295 324 331 Θυμοῦ
350 295 400 330 μὲν
411 295 464 321 είσι
478 293 562 327 παθη,
574 293 654 326 ὀργὴ,
669 291 777 326 πικρία.
799 290 920 325 κραυγὴ,

132 342 269 378 ὀξυχολία,
286 341 397 376 θράσος,
414 339 509 373 τύφος,
527 337 674 369 ἀλαζωνία,
687 337 734 363 καὶ
750 336 801 362 εῐτι
817 335 920 370 ἕτερον’

133 388 281 423 ἐπιθυμίας
296 386 336 417 δὲ,
354 384 507 418 πλεονεξία,
524 383 667 414 ἀκολασία,
680 381 808 417 ἀκρασία,
837 380 924 414 ἀπλη-

134 434 207 465 στία,
238 432 389 468 φιληδονία,
415 430 593 466 φιλαργυρία,
629 429 759 462 φιλαυτία
781 426 924 462 ήπάντων

133 479 322 515 χαλεπωτέρα’
336 478 370 504 τὰ
387 477 415 504 δὲ
429 477 480 512 τῆς
504 475 615 510 σαρκὸς,
645 475 770 508 πορνεία,
803 471 921 507 μοιχεία,

133 524 299 559 ἀκαθαρσία,
324 523 438 554 ἀσωτία,
457 521 558 554 ἀδικία,
575 519 794 555 γαστριμαργία,
810 517 922 552 ἀκηόία,

134 571 319 607 περπερότης,
334 568 509 604 φιλοκοσμία,
528 567 670 602 φιλοζωῖα,
690 567 737 592 καὶ
752 565 805 592 εῐτι
818 564 921 599 ἕτερον’

135 618 168 644 τὰ
187 618 214 645 δὲ
227 617 271 644 τοῦ
286 615 443 650 λογιστικοῦ
461 614 559 650 μέρους
569 614 649 642 εἰσὶν,
664 611 787 644 ἀπιστία,
803 610 924 646 βλασφη-

136 663 204 698 μία.
229 662 357 696 πονηρία.
385 659 554 695 πανουργία,
582 658 762 693 περιέργεια,
791 655 922 691 διψυχία,

135 708 264 744 λοιδορία,
288 706 450 738 καταλαλιὰ,
475 705 647 740 κατὰκρισις,
680 703 865 736 ἐξουδένωσις,
882 701 924 727 εὑ-

135 753 282 789 τραπελία,
300 753 457 787 ὑπόκρισις,
475 750 584 785 ψεῦδος,
599 747 787 784 αἰσχρολογία,
798 747 925 782 ’μωρολο-

136 802 196 834 γία,
213 799 375 834 ὑπουλότης,
387 798 508 832 είρωνία,
525 795 654 831 φανητία,
667 793 924 830 ἀνθρωπαρέσκεια,

137 846 337 881 μετεωρισμὸς,
369 843 518 879 ἐπιορκίαι,
536 841 706 877 ἀργολογίαι,
721 841 768 866 καὶ
784 839 819 865 τὰ
834 838 924 865 λοιπά·

134 894 169 919 τὰ
183 893 210 918 δὲ
224 891 271 918 τοῦ
283 890 354 921 νοὸς,
381 890 481 924 οἴησις,
502 888 628 922 ἔπαρσις,
644 885 838 921 μεγαλαυχίαι,
855 885 924 920 ἔρις,

135 938 228 972 ζῆλος,
243 936 439 972 αὐταρέσκεια,
453 926 604 968 ἀντιλογία,
635 931 761 966 ἀνηκοῖα,
779 930 924 965 φαντασία,

135 982 322 1016 ἁναπλασμοὶ,
341 980 528 1015 φιλενδειξίαι,
560 977 708 1012 φιλοδοξία,
736 976 924 1012 ὑπερηφανία,

133 1029 164 1054 τὸ
179 1027 286 1063 πρῶτον
313 1027 361 1053 καὶ
387 1027 500 1060 ἔσχατον
523 1025 632 1052 πάντων
647 1023 703 1050 τῶν
718 1022 829 1051 κακῶν·
853 1022 888 1057 τὰ
898 1021 926 1046 δὲ

134 1075 183 1108 τῆς
208 1072 330 1104 διανοίας
344 1072 399 1099 είσὶ
434 1071 531 1104 ταῦτα,
544 1071 711 1107 ρεμὸασμοὶ,
729 1067 926 1105 μετεωρισμοὶ,

134 1120 329 1155 αἱχμαλωσίαι,
347 1119 489 1150 σκότωσις,
502 1118 650 1153 τύφλωσις,
668 1118 827 1150 ἀπαγωγαὶ,
843 1124 926 1150 προσ-

133 1168 222 1200 ϐολαὶ,
239 1165 470 1199 συγκαταθέσεις,
487 1164 580 1200 ῥοπαὶ,
596 1163 708 1200 τροπαὶ,
722 1161 924 1198 παραῤῥισμοὶ,

133 1214 181 1240 καὶ
194 1214 228 1240 τὰ
243 1214 324 1247 ὅμοια
348 1212 463 1244 τούτων,
495 1211 533 1242 ὡς
546 1211 574 1236 ὲν
600 1211 655 1245 ὅρῳ
669 1210 698 1237 δὲ
716 1209 811 1244 φάναι,
839 1208 928 1235 πάντα

131 1260 167 1285 τὰ
183 1259 258 1293 παρὰ
288 1258 370 1293 φύσιν
393 1258 467 1285 κακὰ
494 1259 556 1290 ταῖς
569 1257 644 1292 τρισὶ
658 1257 791 1291 δυνάμεσι
810 1255 860 1290 τῆς
876 1254 927 1289 ψυ-

132 1308 186 1342 χῆς
204 1306 403 1340 συνεμίγησαν,
429 1305 524 1338 ὥσπερ
550 1304 598 1330 καὶ
609 1303 643 1329 τὰ
665 1302 755 1337 ἀγαθὰ
781 1303 810 1328 ὲν
832 1301 927 1331 αὑταῖς

131 1352 226 1379 πάντα
241 1352 446 1386 συνυπάρχουσι
461 1350 531 1376 κατὰ
544 1349 632 1384 φύσιν.

173 1398 250 1425 ιη’-Ὢ
259 1398 307 1433 τῆς
320 1397 368 1424 τοῦ
379 1396 461 1423 Δαϐὶδ
477 1396 544 1431 πρὸς
555 1396 601 1422 τὸν
614 1396 681 1422 Θεὸν
697 1395 755 1430 μετ’
771 1393 928 1428 ἐκπλήξεως

138 1445 355 1481 μεγαληγορίας,
379 1442 592 1479 ἐθαυμαστώθη,
619 1441 753 1476 λέγοντος,
779 1441 811 1467 Ἠ
827 1439 927 1474 γνῶσίς

138 1500 186 1517 σου
202 1490 231 1522 ἐξ
246 1490 326 1525 ἐμοῦ,
351 1490 382 1516 οὑ
396 1489 450 1523 γὰρ
467 1488 586 1523 δύναμαι
603 1488 670 1522 πρὸς
685 1486 771 1521 αὐτὴν
788 1485 926 1521 ἰσχυροτέ-

137 1546 189 1572 ραν
221 1535 303 1562 οὗσαν
324 1534 377 1561 ’καὶ
403 1534 548 1568 ἀνέφικτον
578 1533 648 1568 ὑπὲρ
673 1532 722 1567 τὴν
741 1531 810 1566 ἐμὴν
826 1529 927 1564 ἀσθενῆ

137 1584 239 1617 γνῶσιν
252 1582 299 1608 καὶ
320 1581 436 1616 δύναμιν
456 1581 504 1616 τὴν
518 1575 574 1606 ἐπ”
590 1580 669 1614 ἐμοί’
687 1578 744 1609 πῶς
763 1578 811 1604 καὶ
826 1579 842 1612 ἡ
859 1577 928 1613 σὰρξ

137 1628 332 1662 ἀκατάληπτος
359 1627 429 1661 αὓτη
454 1626 526 1653 κατὰ
543 1625 592 1660 τὴν
609 1625 734 1652 σύνθεσιν
755 1624 805 1659 τῆς
815 1623 928 1650 διαπλά-

138 1682 208 1704 σεως
242 1672 319 1705 οὖσα,
346 1672 488 1706 τριαδικὴν
509 1672 539 1698 ὲν
565 1671 674 1706 ἑκάστῳ
699 1671 774 1701 εἴδει,
799 1671 846 1696 καὶ
862 1670 926 1705 μίαν

138 1720 254 1755 ἔχουσιν
273 1720 321 1753 τὴν
338 1719 471 1753 ἁρμονίαν
485 1718 540 1745 τῶν
559 1718 632 1744 ἰδίων
647 1717 735 1753 μελῶν
758 1717 804 1743 καὶ
825 1716 927 1751 μερῶν,

139 1767 185 1791 καὶ
213 1763 323 1799 ἀριθμῷ
351 1763 520 1798 ἑϐδοματικῷ
534 1763 653 1798 δευτέρῳ
673 1763 843 1798 τιμωμένην,
859 1762 927 1798 ὅπερ

138 1811 235 1845 χρόνον
248 1811 295 1837 καὶ
310 1809 390 1844 φύσιν
401 1809 470 1836 κατὰ
486 1811 549 1841 τοὺς
573 1809 773 1844 ἁριθμητικοὺς
790 1809 927 1844 ἐμφαίνει,

137 1856 174 1888 ὡς
189 1854 261 1883 εἶναι
285 1857 331 1883 καὶ
345 1856 410 1882 αὐτὸ
425 1857 466 1886 εἰς
482 1856 561 1888 δόξαν
578 1855 646 1882 Θεοῦ
665 1856 780 1890 δργοινον
796 1857 927 1889 ὲκφαντο-

140 1904 216 1938 ρικὺν
241 1903 384 1939 τριαδικῆς
411 1903 653 1938 μεγαλοπρεπείας
670 1902 925 1936 φυσιολογούμενον,

137 1950 210 1976 κατὰ
226 1950 289 1980 τοὺς
301 1949 424 1983 ὲνεργεῖς
437 1948 536 1984 νόμους
551 1949 669 1982 φύσεως.

173 1994 231 2022 τιδι’.
249 1995 335 2029 Νόμοι
351 1994 456 2029 φύσεώς
469 1995 538 2020 εἰσιν
553 1995 581 2020 αἱ
600 1993 675 2020 ποιαὶ
691 1993 746 2019 τῶν
762 1993 925 2028 ἐνεργουμέ-

139 2045 192 2066 νων
215 2040 304 2076 μελῶν
328 2040 484 2072 συνθέσεις,
503 2040 536 2071 ἃς
559 2041 606 2066 καὶ
629 2040 792 2074 ἑτερότητας
813 2039 827 2064 ὁ
849 2038 927 2072 λόγος

138 2087 278 2119 ἐκάλεσεν,
301 2086 338 2118 ὡς
354 2086 537 2122 πολυμερείας
555 2087 609 2112 τῶν
629 2086 701 2113 ἰδίων
721 2085 870 2120 ίδιοτήτων.
893 2086 926 2111 Ἢ

139 2134 237 2166 πάλιν,
255 2134 337 2169 νόμος
359 2134 473 2168 φυσικός
501 2134 574 2160 ἐστιν
592 2134 608 2168 ὴ
626 2134 742 2160 ἑκάστου
771 2134 857 2164 εἴδους
880 2133 926 2159 καὶ

140 2179 238 2212 μέλους
254 2180 380 2214 ἐνέργεια
397 2181 426 2206 ὲν
441 2179 565 2214 δυνάμει.
581 2179 686 2213 ’Ὠσπερ
703 2179 757 2214 γὰρ
772 2179 786 2205 ὁ
800 2178 866 2209 Θεὸς
878 2178 926 2214 τὴν

136 2225 247 2253 ἅπασαν
263 2227 362 2258 κτίσιν,
380 2226 466 2257 οὕτως
481 2226 497 2260 ἡ
517 2225 590 2261 ψυχὴ
602 2225 636 2252 τὰ
653 2226 700 2252 τοῦ
716 2225 841 2260 σώματος
859 2226 924 2260 μέλη

138 2272 184 2297 καὶ
204 2273 320 2308 ἐνεργεῖ,
337 2272 383 2299 καὶ
399 2273 468 2298 κινεί
483 2272 602 2298 ἕκαστον
616 2272 683 2306 πρὸς
705 2271 753 2307 τὴν
773 2271 840 2298 ίδίαν
855 2270 929 2304 ἐνέρ-

138 2325 225 2349 γειαν.
252 2318 389 2353 Ζητητέον
411 2318 440 2344 δὲ
464 2318 516 2344 τίνι
543 2318 614 2354 λόγῳ
635 2318 678 2344 τὸν
700 2318 786 2353 θυμὸν
810 2319 855 2344 καὶ
877 2318 926 2353 τὴν

139 2363 297 2398 ἐπιθυμίαν,
314 2364 379 2391 ποτὲ
398 2364 446 2399 μὲν
461 2365 486 2390 οἱ
500 2364 623 2399 θεοφόροι
639 2364 744 2400 ἄνδρες,
762 2365 810 2400 τῆς
825 2365 925 2399 σαρκὸς

138 2406 209 2435 εἶναι
233 2410 384 2443 φάσκουσι,
403 2411 467 2437 ποτὲ
482 2410 525 2443 δὲ,
542 2411 584 2437 ὅτι
597 2410 647 2445 τῆς
661 2410 749 2446 ψυχῆς
770 2411 824 2437 είσι
844 2410 925 2438 δυνά-

139 2461 209 2488 μεις.
231 2456 284 2482 Καί
299 2465 404 2491 φαμεν.
421 2457 462 2483 ὃτι
480 2457 609 2492 οὐδεμίαν
625 2457 804 2492 ἀσυμφωνίαν
818 2457 926 2492 ἔχουσιν

137 2500 162 2526 οἱ
182 2500 256 2534 λόγοι
274 2502 329 2528 τῶν
352 2502 437 2536 ἁγίων
453 2503 529 2538 παρὰ
544 2505 601 2534 τοῖς
621 2503 743 2539 ἀκριϐῶς
759 2504 858 2530 είδόσιν
878 2504 925 2530 αὐ-

138 2546 211 2578 τοὺς,
227 2546 284 2574 ἀλλ’
304 2548 453 2583 ἀμφότεροι
470 2548 642 2583 ἀληθεύουσι,
654 2550 781 2577 καὶκατὰ
793 2550 822 2576 τὸ
840 2559 925 2586 προσ-

137 2592 205 2627 ῆκον
225 2594 274 2626 τὰς
296 2596 482 2630 ποοσηγορίας
509 2597 703 2624 ἐναλλ¹ἀσσουσι
728 2597 799 2624 πάνυ
816 2598 904 2632 σοφῶς
916 2617 923 2630 ,

138 2638 183 2664 διὰ
197 2640 246 2675 τὴν
260 2642 388 2677 ἀῤῥήτως
401 2642 484 2676 ἄμφω
497 2643 604 2676 γένεσιν
619 2644 658 2675 είς
671 2644 701 2670 τὸ
714 2642 784 2671 εἶναι
798 2645 868 2671 κατὰ
879 2645 925 2671 τδν

138 2684 186 2719 τῆς
217 2687 410 2723 συνυπὰρξεως
434 2688 534 2723 τρόπον
547 2698 553 2704 ·
573 2689 610 2721 ὡς
636 2688 777 2725 εἶναιίμὲν
798 2690 888 2717 τελεία
908 2691 923 2726 ἠ

139 2730 212 2767 ψυχὴ
237 2734 285 2760 ἀπ’
309 2734 454 2767 ἐντεῦθεν,
481 2735 575 2768 ἀτελὲς
597 2736 625 2763 δὲ
649 2738 679 2763 τδ
696 2737 791 2772 σῶμα,
812 2737 856 2764 διὰ
875 2737 924 2773 τὴν

139 2777 290 2816 θρεπτικὴν
307 2781 432 2815 αὔξησιν.
462 2782 492 2808 Ἠ
518 2783 590 2818 ψυχὴ
606 2783 660 2818 γὰρ
687 2783 748 2810 καθ’
764 2783 849 2819 αὐτὴν
868 2784 924 2819 ἔχει

181 2875 193 2891 ⁹
204 2874 274 2903 Psal.
288 2885 407 2910 csum,
417 2882 446 2907 o'.

984 195 1159 231 cogitationis
1176 194 1369 228 memoriasque
1385 193 1535 226 passiones.

1017 295 1063 324 79.
1083 295 1310 323 Vitiairascibilis
1330 295 1426 321 animo:
1451 298 1514 321 sunt
1535 295 1586 325 ira,
1606 291 1766 323 acrimonia,

980 342 1151 378 jurgiositas.
1175 341 1358 374 irritabilitas,
1383 341 1507 374 audacia,
1529 340 1694 374 arrogantia,
1713 339 1769 373 glo—

983 390 1073 422 riatio,
1099 394 1244 422 elcelera;
1273 387 1617 423 concupiscibilistantem,
1643 385 1769 416 avaritia,

983 436 1192 466 incontinentia,
1205 434 1423 468 intemperantia,
1436 432 1586 462 insatietas,
1601 430 1768 464 voluptatum

984 481 1093 516 cupido,
1112 483 1169 508 auri
1189 481 1284 512 futues,
1310 480 1353 507 sui
1372 479 1457 513 ipsius
1482 485 1568 509 arnor,
1585 477 1630 511 qui
1646 481 1688 503 est
1712 483 1768 501 om-

984 527 1059 554 nium
1070 527 1202 561 pessimus
1216 534 1223 558 ;
1236 526 1361 553 etcarnis
1373 524 1513 559 passiones
1533 528 1595 550 sunt
1617 520 1768 550 fornicatio,

984 572 1112 605 mmcltia,
1129 571 1307 607 impudicitia,
1335 570 1507 600 comessatio,
1524 568 1665 603 iniustitia,
1681 566 1765 601 iugluv

985 620 1056 652 vies,
1071 620 1176 650 acedia,
1198 618 1320 651 fatuitas,
1333 617 1425 649 luxus,
1439 617 1538 643 nimius
1561 615 1621 641 vita:
1643 621 1730 645 amor,
1744 618 1772 640 ct

985 666 1053 698 alia;
1071 671 1098 693 et
1118 663 1442 695 rationis,incrednlitas,
1458 660 1637 696 blasphemia,
1654 659 1769 690 malitia,

986 712 1076 743 dolus,
1090 710 1245 742 curiositas,
1263 709 1418 744 duplicitas,
1448 707 1618 737 detrectatio,
1644 704 1771 732 dill'ama-

987 758 1240 791 tio,condemnatio,
1269 755 1445 792 vituperatio,
1457 753 1596 786 dicacitas,
1607 751 1771 788 hypocrisis,

986 804 1168 836 mendacium,
1183 803 1389 838 turpiloquium,
1404 797 1769 832 scurrilitas,dissimulatio.

987 852 1084 882 ironia,
1098 849 1256 881 ostentatio,
1274 848 1420 883 placentia,
1433 846 1588 877 insolentia,
1611 844 1770 880 periurium,

986 898 1183 932 vaniloquium,
1208 901 1236 923 et
1266 896 1390 930 reliqua;
1413 900 1441 921 ct
1459 893 1620 924 intellectus,
1644 898 1772 925 pransum-

985 946 1049 980 ptio,
1066 943 1159 975 elatio,
1179 941 1321 977 jactantia,
1339 940 1490 972 contentio,
1508 939 1618 971 invidia,
1634 937 1771 965 sullicien-

985 994 1032 1024 tia,
1060 989 1253 1021 contradictio,
1277 987 1477 1018 inobedientia,
1492 986 1645 1021 phantasia,
1671 984 1770 1015 illusio,

984 1034 1100 1069 vanitas,
1109 1035 1233 1070 gloriola,
1241 1034 1379 1068 superbia,
1392 1040 1453 1068 qua:
1461 1033 1625 1066 estprimum
1635 1031 1772 1058 ultimum-

983 1092 1035 1119 que
1058 1084 1178 1110 omnium
1209 1081 1362 1113 malorum;
1389 1084 1416 1106 et
1450 1078 1636 1113 cogitationis,
1671 1076 1771 1103 distra-

983 1131 1099 1162 ctimres,
1116 1132 1223 1154 tumens
1252 1125 1376 1161 spiritus,
1402 1123 1547 1156 set-vilitas.
1575 1121 1772 1153 obtenebratio,

983 1174 1141 1206 obcaecatio,
1156 1172 1343 1206 cvagationes,
1357 1171 1531 1202 teutationcs,
1541 1175 1771 1202 conscnsus,pro-

985 1220 1143 1255 pensiones,
1160 1218 1364 1249 inclinationes,
1374 1216 1553 1252 rcpulsioues,
1575 1219 1602 1243 et
1628 1213 1773 1242 horumsi-

984 1267 1068 1298 milia,
1084 1266 1175 1297 itaut,
1208 1272 1262 1291 uno
1279 1264 1372 1295 verbo,
1405 1262 1498 1289 omnia
1526 1266 1618 1289 contra
1644 1265 1768 1287 naturam

984 1313 1055 1338 mala
1070 1312 1097 1338 in
1112 1311 1200 1339 tribus
1218 1309 1314 1336 auium
1338 1308 1441 1336 viribus
1466 1307 1606 1334 commista
1623 1307 1688 1338 sint,
1700 1306 1772 1332 sicut

985 1364 1010 1384 et
1024 1357 1115 1385 omnia
1127 1357 1203 1391 juxta
1223 1361 1346 1382 naturam
1356 1354 1424 1380 bona
1443 1354 1467 1380 in
1482 1353 1593 1381 eissunt
1603 1351 1771 1379 consociata.

1024 1404 1070 1430 80.
1095 1403 1124 1430 lu
1151 1402 1251 1429 mentis
1276 1407 1389 1428 excessu
1404 1399 1488 1426 cﬂusa
1509 1405 1524 1425 ο
1544 1397 1771 1433 magniloquentia

985 1449 1093 1476 Davitlis
1120 1450 1154 1476 ad
1202 1447 1283 1473 Dt‘lltll
1315 1445 1428 1473 dicentis
1446 1445 1456 1460 θ
1476 1453 1483 1472 :
1505 1454 1514 1469 ι
1541 1443 1671 1470 Mirabilis
1701 1442 1771 1468 facta

984 1501 1026 1522 est
1053 1495 1165 1522 scientia
1191 1499 1235 1521 tua
1263 1501 1295 1519 ex
1320 1496 1422 1525 me;et
1448 1498 1499 1517 non
1532 1494 1626 1524 potero
1643 1489 1675 1516 ad
1699 1496 1770 1520 eam,

946 1543 1045 1578 cquia
1078 1539 1227 1568 contortam
1258 1543 1319 1570 est,
1339 1547 1348 1563 ι
1377 1543 1404 1564 et
1436 1537 1591 1568 inacceSsa,
1624 1539 1652 1561 et
1690 1541 1771 1567 supe-

985 1589 1042 1616 rior
1056 1587 1138 1614 debili
1157 1586 1270 1614 scientia
1286 1593 1346 1612 mea
1362 1588 1388 1612 et
1414 1583 1517 1611 viribus
1533 1584 1612 1615 meis,
1636 1582 1770 1615 quomodo

984 1639 1012 1662 et
1030 1633 1116 1668 ipsius
1129 1632 1220 1659 carnis
1238 1631 1317 1665 hujus
1332 1628 1617 1664 incomprehensibilis
1636 1632 1679 1655 est
1703 1634 1770 1654 con-

984 1678 1160 1708 formationis
1183 1677 1355 1712 compositio,
1369 1683 1428 1710 quas
1441 1676 1539 1703 trinam
1566 1675 1592 1702 in
1608 1681 1771 1709 unoquoque

985 1732 1085 1760 genere
1106 1729 1134 1751 et
1161 1724 1267 1751 unicam
1296 1723 1380 1750 habet
1394 1729 1504 1749 suorum
1540 1721 1721 1748 membrorum
1739 1728 1771 1747 ac

986 1772 1103 1806 partium
1125 1769 1308 1800 harmoniam,
1333 1774 1444 1802 septeno
1471 1772 1498 1795 ct
1521 1767 1585 1794 bino
1610 1767 1770 1793 aestimatam

985 1824 1109 1848 numero,
1126 1815 1170 1850 qni
1202 1821 1306 1849 tempus
1326 1818 1354 1841 et
1378 1818 1501 1840 naturam
1523 1811 1671 1840 secundum
1686 1812 1772 1838 arith-

985 1863 1100 1890 meticos
1122 1861 1289 1897 signiﬁcant,
1306 1861 1342 1887 ita
1359 1865 1389 1886 ut
1415 1864 1443 1886 et
1460 1860 1509 1894 ipsi
1541 1860 1573 1884 ad
1592 1859 1703 1893 gloriam
1725 1857 1770 1883 Dei

985 1908 1130 1936 conferant
1145 1911 1288 1942 angustatur
1298 1906 1459 1933 Trinitatem
1473 1905 1583 1940 physice
1593 1905 1772 1936 OSIentlclIth,

983 1954 1057 1988 juxta
1073 1953 1196 1980 efﬁcaces
1211 1957 1316 1980 natura:
1334 1951 1416 1987 leges.

1020 2001 1064 2027 8t.
1091 1999 1194 2034 Reputa
1211 1999 1282 2033 leges
1302 2002 1405 2025 naturae
1428 2004 1489 2024 esse
1506 1996 1684 2031 particularcs
1715 2003 1772 2022 mo-

985 2050 1074 2074 torum
1106 2046 1290 2073 membrorum
1318 2044 1546 2078 compositiones,
1587 2050 1654 2078 quas
1687 2043 1769 2070 etiam

984 2100 1076 2119 sermo
1093 2096 1172 2118 vocat
1195 2090 1372 2122 din‘ercntias,
1409 2090 1472 2124 quia
1496 2094 1560 2116 sunt
1583 2089 1666 2115 variae
1681 2093 1771 2123 partes

986 2139 1156 2173 propriorum
1184 2137 1388 2164 attribulorum.
1404 2135 1453 2163 Vel
1484 2142 1579 2162 rursus
1597 2134 1639 2161 lex
1665 2139 1769 2162 natura:

989 2190 1031 2211 est
1064 2185 1196 2218 cujusque
1234 2183 1342 2217 generis
1370 2187 1417 2209 aut
1451 2182 1565 2209 membri
1592 2182 1715 2218 operatio
1744 2182 1771 2208 in

952 2219 972 2246 θ
989 2231 1118 2265 potentia.
1157 2229 1191 2256 Ut
1222 2229 1295 2256 enim
1324 2228 1394 2256 Dcus
1420 2234 1515 2256 omnes
1545 2233 1703 2261 creaturas,
1731 2229 1771 2255 sic

985 2276 1075 2303 anima
1090 2275 1214 2310 corporis
1234 2280 1309 2302 artus
1335 2281 1433 2307 movet,
1452 2279 1478 2301 et
1494 2274 1568 2301 ducit
1592 2282 1772 2309 unumquem-

985 2330 1037 2357 que
1051 2322 1083 2349 ad
1100 2321 1236 2357 propriam
1252 2321 1449 2356 operationem;
1465 2320 1660 2355 lnquirendum
1679 2325 1768 2348 autem

984 2375 1026 2397 est
1039 2377 1093 2403 quo
1115 2375 1196 2395 sensu
1211 2372 1312 2402 partem
1328 2367 1489 2395 irascibilem
1500 2368 1770 2404 etconcupiscibilem

984 2416 1037 2443 divi
1056 2415 1152 2443 Patres
1165 2415 1247 2442 modo
1263 2415 1367 2446 carnis,
1398 2415 1478 2442 modo
1503 2415 1603 2442 animat
1631 2415 1768 2450 potentias

985 2466 1153 2496 tmucupenl.
1169 2462 1202 2489 Et
1231 2461 1348 2488 dicimus
1364 2460 1466 2488 trullam
1492 2461 1520 2488 in
1543 2467 1699 2489 sanctorum
1714 2469 1771 2488 ser-

984 2509 1109 2536 monibus
1125 2508 1322 2535 dissonautiatn
1341 2507 1457 2534 inveniri
1481 2508 1515 2534 ab
1529 2508 1570 2534 his
1584 2508 1630 2542 qui
1646 2514 1694 2534 eos
1709 2514 1772 2540 per-

982 2554 1094 2587 callent,
1112 2554 1158 2580 sed
1184 2554 1257 2587 ipsos
1285 2553 1411 2587 utrinque
1436 2561 1530 2580 verum
1550 2552 1652 2584 dicere,
1671 2557 1698 2579 et
1719 2559 1767 2586 pro

983 2601 1158 2635 tongrueutia
1186 2600 1337 2628 locutiones
1365 2605 1472 2627 mutare
1503 2599 1582 2626 valde
1614 2598 1765 2633 sapienter,

982 2647 1044 2681 quia
1077 2653 1176 2681 c0rpus
1204 2651 1230 2673 et
1258 2646 1347 2673 anima
1378 2645 1553 2672 inell‘abiliter
1569 2650 1631 2680 apta
1657 2649 1720 2672 sunt
1734 2646 1768 2672 ad

983 2698 1102 2719 mutuam
1120 2692 1352 2727 coniunctionem,
1366 2691 1402 2718 ita
1425 2695 1454 2717 nt
1471 2689 1589 2725 perfecta
1615 2690 1671 2724 jam
1695 2697 1767 2717 nunc

980 2739 1015 2766 sit
1045 2739 1146 2770 anima,
1177 2738 1364 2774 imperlectum
1394 2745 1458 2764 vero
1483 2744 1591 2771 corpus,
1606 2741 1699 2771 utpote
1719 2744 1769 2772 per

979 2786 1159 2812 :tutritioncm
1175 2793 1313 2813 crescens.
1329 2783 1452 2812 Numano
1464 2785 1554 2810 anima
1566 2783 1768 2820 concupiscibi-
