1947 3072
173 113 240 145 1";63

791 108 983 139 GREGORH
1005 107 1169 138 SiNAlT/E

1720 107 1791 140 1266

171 168 225 195 lem
242 167 390 202 appetitum
416 171 443 193 ct
467 166 518 193 vim
539 164 703 193 irascibilcm
720 172 773 199 qua
787 171 908 193 movetur
923 165 952 193 ad

1006 164 1048 193 καὶ
1060 163 1176 200 δύναμιν
1190 165 1336 201 ὀρεκτικῆς
1349 165 1507 201 ἐπιθυμίας,
1524 165 1572 192 καὶ
1584 164 1702 200 Θυμικὴν
1715 165 1789 199 πρὸς

172 213 360 241 fortitudinem
389 219 474 243 amor,
503 211 530 238 in
546 211 632 245 seipsa
647 211 727 238 habet
752 219 767 238 tt
790 210 954 238 formatione

171 268 231 292 sua,
249 258 390 286 rationalis
404 262 496 284 creata
511 260 539 284 et
556 257 757 284 intellectualis.
772 256 865 292 Neque
880 258 952 284 enim

170 307 316 334 concreata
340 308 384 331 est
397 303 447 337 ipsi
464 303 628 330 irrationalis
643 303 681 330 ira
697 307 724 330 et
749 310 844 331 amens
857 311 955 331 concu-

172 348 314 385 piscentia,
330 347 401 375 sicut.
416 355 466 375 nec
479 347 505 375 in
520 354 634 382 corpore
654 348 730 383 prius
748 356 756 381 ς
775 348 822 376 sed
849 348 953 384 plasma

173 393 377 428 incorruptibile
403 398 464 421 erat
483 393 584 428 absque
609 393 769 422 humoribus
797 402 832 422 ex
854 387 967 430 quibus.

170 440 390 476 concupiscentia
406 444 436 467 et
452 439 492 466 ira
511 439 635 467 bestialis
662 445 762 468 secuta
789 445 864 469 sunt.
903 440 953 469 Ubi

170 486 242 513 enim
265 493 313 521 per
330 485 557 514 ittobedientiam-
572 486 652 513 homo
687 486 830 514 brutorum
856 495 952 515 corru-

170 531 257 566 ptioni
273 537 301 559 et
315 532 488 559 crassitudini
504 532 641 565 subjectus
651 537 702 565 est,
712 533 866 560 necessario
877 535 916 560 ira
927 539 955 560 et

169 577 398 612 concupiscentia
419 578 445 605 in
461 585 493 605 eo
505 578 749 610 degeneraverunt.
766 579 829 606 ideo
843 579 954 607 mortale

170 631 268 658 corpus
282 623 379 651 anima
394 624 525 651 voluntati
551 631 601 658 per
616 625 684 651 iram
707 628 734 651 et
758 625 955 659 concupiscen-

173 669 239 696 tiam
263 669 375 701 resi5tit,
389 677 451 697 cum
462 669 638 703 dominatur;
661 676 724 696 cum
747 675 837 697 autem
853 671 953 699 rationi

170 715 303 751 subiacet,
315 715 434 743 animam
445 715 471 743 in
481 715 560 744 bonis
569 717 696 751 operibus
704 716 953 751 sequitur.Quando

171 761 246 788 enim
266 761 410 789 commisi:
438 767 466 790 et
482 762 595 790 confusa
612 769 675 790 sunt
689 764 835 792 adrctttitia
862 765 953 792 carnis

170 815 233 835 cuin
245 808 342 836 anima
351 809 572 843 proprietatibus,
586 814 649 837 tunc
660 810 758 837 similis
770 815 811 838 est
821 810 953 845 iumentis

999 216 1125 253 ἀνδρείαν
1150 217 1250 252 ἔρωτος
1279 216 1434 251 κινητικὴν,
1463 215 1516 241 ἀπὺ
1545 215 1594 250 τῆς
1615 216 1787 247 διαπλάσεως

999 261 1094 297 αὐτῆς,
1106 261 1216 295 λογικῆς
1231 260 1389 294 κτισθείσης
1404 259 1451 286 καὶ
1473 260 1580 294 νοερᾶς.
1596 259 1634 285 Οὐ
1655 259 1710 294 γὰρ
1727 268 1789 286 συν-

999 306 1112 341 εκτίσθη
1136 306 1204 342 αὐτῇ
1222 305 1308 340 θυμὸς
1331 305 1427 338 ἄλογος
1438 325 1445 336 ,
1473 306 1521 332 καὶ
1538 305 1619 336 ἄνους
1634 304 1770 339 ἐπιθυμία
1781 312 1788 319 ’

998 352 1093 388 ὥσπερ
1109 351 1170 378 οὐδὲ
1191 352 1220 378 ἐν
1241 352 1276 387 τῇ
1296 352 1379 386 σαρκὶ
1400 352 1550 386 πρότερον·
1567 351 1636 378 ἀλλὰ
1655 352 1790 384 πλασθέν,

999 396 1137 432 ἄφθαρτον
1149 393 1184 431 ἦν
1198 391 1284 431 χωρὶς
1300 395 1406 431 χυμῶν.
1425 395 1455 428 ἐξ
1468 392 1505 422 ὧν
1518 396 1535 431 ἡ
1549 395 1687 431 ’ἐπιθυμία
1714 397 1764 424 καὶ⁵
1776 398 1793 423 ὁ

1000 440 1084 476 θυμὸς
1104 441 1119 467 ὸ
1147 439 1282 475 θηριώδης
1307 439 1523 476 ἐπηκολούθησε.
1558 441 1637 468 Μετά
1663 441 1717 476 γὰρ
1739 441 1792 477 τὴν

999 485 1143 522 παρακοὴν
1166 485 1334 512 ὐποπεσόντι
1350 486 1383 521 τῇ
1410 486 1500 521 φθορᾷ
1521 487 1569 513 καὶ
1590 487 1624 522 τῇ
1649 487 1792 523 παχύτητι

998 531 1054 559 τῶν
1079 531 1201 565 ἀλόγων,
1228 530 1259 563 ἐξ
1275 531 1399 566 ἀνάγκης
1415 532 1464 558 καὶ
1484 532 1499 558 ὁ
1517 531 1602 567 θυμὸς
1621 532 1668 559 καὶ
1687 533 1703 567 ἠ
1728 534 1794 560 ἐπι-

999 576 1084 612 θυμία
1107 578 1136 603 ἐν
1162 577 1237 612 αὑτῴ
1250 576 1375 611 ἐνέκυψε.
1394 578 1445 604 Διά
1465 576 1546 604 τοῦτο
1568 578 1623 612 γὰρ
1641 578 1689 605 καὶ
1711 578 1794 605 ἐνανο

999 623 1104 650 τιοῦται
1119 623 1159 659 τῷ
1173 623 1324 658 βουλήματι
1337 623 1389 659 τῆς
1406 622 1495 658 ψυχῆς
1507 624 1579 650 κατά
1596 632 1626 650 τε
1644 624 1689 650 τὸν
1705 624 1794 659 θυμὺν

999 669 1047 696 καὶ
1061 669 1110 706 τὴν
1125 668 1285 703 ἐπιθυμίαν,
1301 669 1346 695 ὅτε
1361 668 1495 704 κυριεύει.
1516 669 1601 696 Ἐπάν
1620 669 1649 696 δὲ
1665 670 1794 706 ὑποταγῇ

999 714 1031 742 τὸ
1049 714 1146 749 θνητὸν
1163 714 1203 750 τῷ
1221 714 1333 749 λογικῷ,
1353 714 1450 742 ἕπεται
1464 713 1532 749 πρὸς
1544 714 1595 750 τὴν
1610 714 1666 742 τῶν
1681 715 1795 749 ἀγαθῶν

1001 761 1143 796 ἐνέργειαν
1158 762 1191 796 τῇ
1203 760 1286 796 ψυχῇ.
1303 760 1370 787 Ὅτε
1386 760 1441 795 γὰρ
1456 760 1648 796 συνεφύρησαν
1664 762 1712 787 καὶ
1725 762 1795 788 ἀνα-

1002 805 1050 841 μὶξ
1074 806 1199 841 ἐγένοντο
1224 806 1259 833 τὰ
1282 805 1331 838 ﬁt;
1350 805 1452 841 σαρκὸς
1473 805 1624 832 ἐπείσακτα
1648 806 1718 840 μετά
1741 808 1814 841 τῆς”

171 854 264 888 Ιιοιιιο,
279 854 330 889 legi
344 854 448 889 peccati
467 862 484 882 ιι
495 857 632 883 ecessario
645 861 672 883 et
687 861 782 884 natura
801 857 952 893 subiacens,

1006 852 1088 887 ψυχῆς
1103 852 1256 888 ιδιώματα,
1274 852 1335 879 τότε
1353 851 1483 887 ὡμοιώθη
1506 853 1563 884 τοῖς
1577 852 1706 887 κτήνεσιν
1725 852 1796 878 ὑπο-

170 905 252 933 atque
266 902 362 928 brutus
375 908 407 928 ex
423 901 548 929 rationali
561 906 587 929 et
597 909 678 936 pecus
687 910 721 931 ex
735 903 843 931 homine
852 903 952 931 lactus.

206 1031 252 1059 82.
264 1031 333 1060 Tum
348 1040 408 1060 cuin
420 1031 511 1061 anima
523 1034 573 1070 per
584 1035 701 1064 amatum
715 1037 856 1066 rationalis
863 1043 889 1066 et
905 1046 952 1074 per

172 1078 338 1112 spiraculum
366 1080 427 1107 vita:
451 1080 645 1110 intellectualis
659 1088 752 1110 creata
769 1089 822 1118 est,
841 1085 910 1112 iram
925 1091 952 1112 et

167 1124 416 1160 concupiscentiam
431 1126 571 1154 bestialem
586 1135 639 1155 non
654 1130 810 1158 concreavit
825 1130 850 1158 ei
867 1132 948 1163 Deus,

169 1171 217 1197 sed
233 1171 285 1197 vim
301 1172 426 1206 cupiendi
443 1173 618 1207 appetitivam
635 1179 663 1202 et
689 1183 750 1202 cum
765 1183 798 1203 ea
813 1175 954 1204 fortitudi-

170 1223 232 1243 ucnt
248 1218 389 1245 suavitatis
402 1219 572 1247 amatricem.
589 1219 628 1248 Ita
643 1228 693 1249 nec
708 1222 815 1257 corpori
837 1222 953 1251 formato

173 1260 241 1287 iratn
258 1266 286 1288 et
298 1263 543 1296 concupiscentiam
557 1264 740 1293 irrationalem
759 1267 793 1295 ab
818 1267 896 1295 initio
910 1269 952 1295 itt-

173 1306 259 1338 didit;
273 1307 319 1334 sed
343 1309 477 1342 posterius
493 1315 542 1343 per
561 1309 772 1339 inobedicntiam
796 1312 898 1340 factum
912 1319 953 1342 est

173 1352 295 1385 mortale,
320 1354 497 1387 corruptibile
515 1363 546 1382 ac
562 1356 687 1389 bestiale,
701 1357 727 1384 itt
747 1358 791 1385 illa
820 1363 953 1387 mutatum

172 1397 271 1430 quibus
281 1397 457 1426 assimilatth
467 1403 518 1427 est.
531 1399 597 1428 Nam
607 1409 718 1436 corpus,
736 1404 812 1431 aiunt
823 1405 953 1441 theologi,

170 1443 239 1470 licet
280 1445 463 1480 corruptionis
489 1454 583 1481 capax,
613 1447 819 1484 incorruptibile
834 1457 952 1479 creatum

169 1492 224 1522 est,
240 1488 311 1516 sicut
323 1496 350 1517 et
364 1491 455 1518 anittta
469 1491 654 1526 impassibilis.
673 1495 726 1523 Sed
740 1492 801 1524 cum
818 1497 867 1524 sibi
884 1498 954 1525 invi—

170 1542 230 1562 cem
245 1536 439 1564 coordiuentur
463 1543 491 1565 et
520 1540 723 1568 communicent
752 1543 952 1571 naturalissima

171 1581 231 1615 lege
242 1581 331 1608 anima
346 1586 374 1610 et
402 1590 508 1617 corpus,
534 1586 615 1613 ambo
639 1592 764 1622 corrupta
794 1592 821 1615 et
841 1589 953 1617 confusa

170 1631 245 1658 sunt,
267 1628 324 1654 haec
339 1628 509 1661 passionibus
532 1638 579 1658 seu
601 1633 689 1666 potius
713 1634 881 1662 daemonibus
900 1641 955 1663 tra-

170 1673 238 1706 dita,
251 1672 316 1700 illud
332 1674 537 1703 irrationalibus
551 1675 682 1710 iumentis
695 1679 875 1708 assimilatum
887 1682 911 1708 vi
927 1686 954 1710 et

172 1720 272 1745 robore
289 1723 376 1746 status
396 1721 438 1747 sui
456 1722 587 1749 mortalis.
605 1722 637 1749 Et
656 1724 797 1752 amborum
814 1726 883 1754 vires
900 1735 953 1755 una

171 1764 334 1799 conjuncta:
355 1767 579 1795 unambestiant
609 1769 648 1796 ira
678 1776 706 1798 et
732 1772 953 1807 concupiscentia

169 1810 354 1838 irrationalem
388 1816 416 1839 et
440 1819 572 1841 amentem
598 1815 754 1848 cﬂecerunl,
776 1822 802 1845 et
815 1819 855 1846 sic
881 1824 954 1848 totus

172 1859 252 1883 nomo
273 1861 450 1891 comparatus
469 1863 512 1886 est
538 1859 687 1895 juntontis,
706 1867 734 1889 ut
749 1862 787 1890 ait
801 1862 952 1900 Scriptura,

168 1908 195 1929 ct
212 1903 308 1931 similis
322 1903 409 1931 factus
424 1909 464 1932 est
477 1905 543 1933 illis.

965 1566 988 1598 C

1000 897 1090 933 κύψας
1107 897 1147 932 τῷ
1163 898 1240 934 νόμῳ
1259 897 1310 933 τῆς
1326 897 1463 933 ἁμαρτίας
1478 897 1523 924 διὰ
1537 898 1588 932 τὴν
1604 897 1728 932 ἀνάγκην
1742 897 1795 932 τῆς

1001 943 1118 978 φύσεως,
1133 943 1231 979 κτῆνος
1248 944 1281 970 ἐκ
1297 943 1419 978 λογικοῦ,
1433 943 1480 970 καὶ
1493 943 1631 979 θηρίονεὲξ
1646 943 1795 979 ἀνθρώπου

1000 989 1156 1024 γενόμενος.

1036 1035 1092 1071 πβ’.
1122 1035 1257 1072 Καθάπερ
1285 1037 1318 1072 τῇ
1347 1036 1420 1071 ψυχῇ
1449 1035 1493 1062 διὰ
1517 1035 1564 1062 τοῦ
1592 1035 1796 1070 ἐμφυσήματος

1002 1082 1238 1119 δημιουργηθείσῃ
1256 1083 1365 1118 λογικῇ,
1383 1082 1430 1109 καὶ
1445 1082 1526 1117 νοερᾷ
1546 1081 1589 1109 δια
1603 1082 1652 1118 τῆς
1674 1082 1796 1116 ζωτικῆς

1002 1129 1195 1163 ἐμπνεύσεως,
1214 1128 1300 1164 θυμὸν
1315 1128 1364 1156 καὶ
1377 1127 1526 1163 ἐπιθυμίαν
1546 1127 1670 1163 κτηνώδη
1684 1129 1715 1154 οὗ
1729 1136 1794 1154 συν-

1002 1175 1109 1202 έκτισεν
1131 1176 1200 1210 αὐτῇ
1217 1176 1231 1202 ὁ
1245 1175 1322 1208 Θεὸς,
1337 1174 1395 1202 ἀλλ’
1416 1174 1536 1209 ἐφέσεως
1549 1174 1667 1209 δύναμιν
1685 1174 1795 1210 ὀρεκτι-

1002 1220 1065 1256 κὴν,
1088 1222 1136 1248 καὶ
1159 1221 1229 1256 πρὸς
1252 1221 1321 1256 αὐτῇ
1348 1220 1464 1252 θέλξεως
1486 1220 1614 1256 ἀνδρείαν
1639 1221 1794 1256 ἐρωτικήν·

1003 1265 1090 1298 οὕτως
1103 1265 1163 1292 οὐδὲ
1181 1265 1220 1301 τῷ
1243 1265 1360 1301 σώματι,
1381 1265 1621 1301 πλαστουργήσας,
1638 1266 1726 1301 θυμὸν
1748 1267 1795 1293 καὶ

1004 1312 1152 1347 ἐπιθυμίαν
1167 1312 1264 1346 ἄλογον
1279 1312 1354 1348 παρά
1373 1312 1424 1345 τὰς
1438 1313 1527 1348 ἀρχὰς
1538 1313 1678 1347 ἐνέθηκεν.
1693 1314 1794 1340 Ὕστε-

1005 1367 1052 1394 ρον
1079 1358 1133 1394 γὰρ
1159 1359 1247 1386 ταῦτα,
1275 1359 1320 1386 διὰ
1341 1359 1391 1395 τῆς
1415 1360 1560 1395 παρακοῆς
1583 1359 1739 1395 προσέλαϐε
1764 1360 1796 1386 ab

1007 1404 1123 1440 θνητὸν,
1148 1405 1196 1431 καὶ
1223 1404 1355 1440 φθαρτὸν,
1379 1405 1427 1432 καὶ
1453 1404 1608 1439 κτηνῶδες.
1632 1405 1662 1431 ἐν
1686 1402 1728 1437 οἷς
1749 1406 1796 1432 καὶ

1005 1450 1134 1486 ὡμοιώθη
1150 1450 1306 1486 γενόμενον.
1328 1451 1365 1477 Τὸ
1383 1450 1436 1487 γὰρ
1450 1452 1540 1487 σῶμα,
1565 1451 1647 1485 φασὶν
1666 1451 1690 1477 oi
1705 1451 1797 1478 θεολό-

1006 1507 1068 1533 γοι,
1090 1499 1227 1533 ἄφθαρτον
1249 1499 1380 1534 ἐκτίσθη,
1400 1496 1456 1526 οἷον
1468 1500 1515 1525 καὶ
1530 1499 1725 1534 ἀναστήσεται,
1744 1500 1797 1525 κᾶν

1006 1544 1128 1570 δεκτικὸν
1144 1544 1198 1580 [ἵσ.
1214 1545 1277 1571 add.
1294 1543 1421 1580 (900954],
1437 1544 1533 1579 ὥσπερ
1546 1545 1593 1572 καὶ
1608 1544 1710 1580 ἡψυχὴ
1726 1546 1798 1571 ἀπα-

1009 1589 1068 1624 θής.
1100 1589 1275 1625 Ἐφοάρησαν
1306 1590 1328 1617 δ’
1350 1590 1494 1625 ἀμφότερα
1515 1591 1562 1617 καὶ
1588 1590 1798 1625 συνεκράθησαν

1008 1635 1052 1663 διὰ
1065 1635 1111 1662 τὸν
1125 1636 1315 1670 φυσικώτατον
1329 1636 1431 1670 θεσμὸν
1444 1637 1493 1671 τῆς
1507 1637 1548 1668 εἰς
1562 1635 1665 1670 ἄλληλα
1679 1644 1799 1671 περιχω-

1011 1681 1118 1718 ρήσεώς
1129 1691 1158 1709 τε
1172 1683 1220 1709 καὶ
1234 1682 1413 1717 μεταδόσεως,
1427 1682 1444 1717 ἥ
1459 1690 1489 1708 τε
1501 1681 1576 1717 ψυχὴ
1591 1682 1638 1708 καὶ
1650 1681 1680 1708 τὺ
1697 1681 1779 1716 σῶμα
1790 1689 1800 1697 ·

1012 1728 1029 1763 ἡ
1055 1727 1105 1762 μὲν
1127 1729 1182 1760 τοῖς
1199 1727 1315 1760 πάθεσι,
1337 1727 1437 1762 μᾶλλον
1457 1727 1486 1753 δέ
1503 1727 1611 1762 δαίμοσι
1628 1727 1800 1753 ποιωθείσα·

1012 1774 1043 1800 τὸ
1059 1773 1086 1800 δὲ
1114 1775 1170 1806 τοῖς
1189 1774 1297 1808 ἀλόγοις
1316 1774 1443 1808 κτήνεσιν
1462 1773 1678 1808 ἐξομοιούμενον,
1700 1775 1734 1808 τῇ
1751 1773 1801 1807 τῆς

1011 1820 1204 1850 καταστάσεως
1225 1820 1360 1854 ἐνεργείᾳ,
1380 1820 1427 1846 καὶ
1441 1820 1475 1854 τῇ
1493 1818 1655 1854 ἐπικρατείᾳ.
1672 1819 1722 1853 τῆς
1740 1819 1801 1852 φθο-

1012 1866 1073 1900 ρᾶς.
1099 1865 1154 1892 Καὶ
1170 1865 1210 1896 είς
1231 1864 1260 1891 ἐν
1278 1864 1333 1892 τῶν
1354 1865 1518 1899 ἀμφοτέρων
1534 1864 1562 1891 αἱ
1578 1864 1710 1898 δυνάμεις
1725 1864 1802 1897 γενό-

1014 1919 1103 1946 μεναι,
1123 1910 1152 1937 ἓν
1170 1911 1269 1944 κτῆνος
1284 1910 1381 1944 ἄλογον
1396 1910 1444 1936 καὶ
1461 1910 1541 1937 ἄνουν
1557 1909 1596 1944 τῷ
1610 1908 1690 1944 θυμῷ
1706 1910 1753 1936 καὶ
1770 1912 1802 1944 τῇ

166 1956 301 1992 ἐπιθυμίᾳ
319 1955 467 1990 γενόμενον
493 1951 684 1979 ἀπετέλεσαν
714 1952 762 1978 καὶ
785 1950 858 1978 οὓτω
878 1960 887 1977 ι
907 1952 1137 1987 παρασυνεόλήοη
1165 1954 1224 1984 τοῖς
1250 1954 1371 1988 κτήνεσι,
1403 1955 1475 1981 κατὰ
1510 1956 1560 1991 τὴν
1583 1956 1710 1992 Γραφὴν,
1748 1959 1797 1984 καὶ

167 2003 298 2040 ὡμοιώθη
308 2001 412 2036 αὐτοῖς,
428 2009 437 2026 ι
453 1999 526 2026 κατὰ
536 1999 625 2025 πάντα
635 1998 747 2033 τρόπον.

203 2051 248 2078 85.
267 2049 301 2077 Ut
324 2051 430 2077 initittm
457 2055 485 2077 et
508 2052 584 2086 origo
604 2053 731 2079 \irtntum
748 2059 790 2080 est
810 2053 881 2081 bona
904 2063 951 2082 vo-

168 2095 269 2129 luntas,
282 2096 386 2123 scilicet
410 2097 518 2124 virtutis
536 2097 711 2130 desiderium,
725 2099 764 2125 sic
782 2099 850 2126 Deus
866 2107 945 2127 causa

170 2148 211 2170 est
229 2148 255 2170 ct
273 2143 333 2170 forts
345 2143 432 2170 omnis
450 2143 526 2170 boni.
551 2143 666 2171 Virtutis
680 2145 768 2171 adhuc
784 2145 888 2171 initium
910 2150 952 2173 est

170 2190 249 2220 lides,
282 2188 323 2215 vel
355 2190 445 2222 potius
477 2189 611 2220 Christus,
645 2189 690 2223 qui
717 2195 758 2216 est
783 2195 857 2224 pelta
877 2189 950 2223 ﬁdei,

169 2239 197 2261 et
212 2234 375 2268 principium
402 2233 660 2268 fundamentumque
678 2235 754 2262 nobis
773 2241 814 2262 est
829 2237 949 2262 omnium

168 2281 310 2312 virtutum,
341 2280 367 2305 in
394 2287 448 2313 quo
472 2279 617 2307 fundamus
641 2284 668 2307 et
692 2280 855 2309 aedificamus
870 2289 949 2308 omne

168 2325 279 2352 bonum.
301 2325 351 2354 Hic
370 2331 411 2352 est
425 2325 495 2359 lapis
518 2326 656 2360 angularis
682 2334 730 2353 nos
753 2326 862 2354 sibimet
886 2334 951 2354 cou-

165 2371 291 2404 jnngens,
307 2376 332 2398 et
351 2371 467 2405 pretiosa
491 2372 648 2406 margarita,
672 2380 754 2405 quam
770 2380 895 2408 quaerens
909 2375 951 2401 in-

169 2423 278 2450 gressus
291 2417 448 2443 altissimam
471 2417 655 2451 quietudinem
676 2420 841 2451 monachus,
857 2428 951 2447 omnes

169 2469 234 2488 suas
251 2462 400 2488 voluntates
414 2464 503 2489 tcudit
523 2471 554 2490 at:
575 2464 707 2491 mandatis
719 2465 822 2498 subdit,
844 2471 873 2492 ut
889 2466 951 2494 inde

168 2509 240 2535 illam
256 2510 386 2543 acquirat.

204 2600 246 2626 δι.
272 2599 376 2626 Tun-nt
408 2599 611 2626 bitttiltltldlttcm
639 2599 708 2626 inter
728 2607 758 2627 se
773 2601 898 2633 virtutes,
925 2608 952 2629 ct

167 2656 261 2675 omnes
299 2648 324 2674 in
359 2656 441 2674 unum
470 2647 648 2679 com‘cnitlttl,
687 2654 714 2675 ct
743 2656 828 2684 genus
868 2658 949 2677 uutttn

174 2703 307 2730 unamque
321 2695 466 2721 coniiciunt
483 2694 612 2728 apecicttt.
626 2693 694 2722 Sunt
710 2696 782 2722 enim
796 2696 910 2723 virtutes
925 2701 952 2723 et

169 2747 290 2771 Virtutes,
312 2746 338 2767 et
365 2740 424 2767 alia:
445 2741 506 2767 aliis
534 2740 658 2774 majores,
677 2747 769 2776 utpote
784 2742 885 2769 multas
908 2744 950 2771 vel

167 2788 249 2814 ctiam
267 2791 377 2813 cunctas
389 2787 650 2821 compreltcndentes
673 2795 704 2814 ac
716 2789 926 2822 complectentes
943 2799 950 2816 :

168 2833 237 2859 sicut
251 2841 327 2859 amor
344 2833 401 2865 Dei,
419 2833 566 2866 humilitas,
585 2839 611 2860 ct
627 2835 717 2862 divina
733 2835 875 2869 patientia.
908 2836 950 2863 Di-

967 2291 987 2317 D

169 2877 206 2902 cit
225 2878 295 2904 enim
312 2877 344 2905 de
359 2879 409 2905 ltac
436 2878 567 2906 Dominus
587 2887 595 2908 ι
623 2889 631 2905 ι
649 2880 677 2906 In
708 2880 837 2915 patientia
861 2887 950 2908 vestra
971 2882 974 2885 '

169 2921 345 2954 possidebitis
380 2922 485 2951 animus
512 2929 618 2952 vestras
649 2924 730 2960 (Luc.
759 2925 952 2960 nt,19):at

1042 2049 1096 2084 πγ’.
1130 2051 1214 2085 Ἀρχὴ
1241 2050 1294 2077 τῶν
1318 2050 1423 2085 ἀρετῶν
1452 2050 1498 2076 καὶ
1530 2052 1648 2084 γένεσις,
1669 2051 1686 2084 ἡ
1707 2051 1797 2085 ἀγαθὴ

1007 2096 1153 2131 πρόθεσις,
1175 2097 1225 2122 εἴτ’
1247 2094 1293 2122 οὖν
1318 2097 1335 2130 ἡ
1361 2095 1454 2130 ἔφεσις
1478 2095 1524 2122 τοῦ
1543 2095 1646 2122 καλοῦ·
1668 2095 1765 2130 ὥσπερ
1784 2098 1798 2122 ὁ

1007 2142 1072 2171 Θεὸς
1098 2142 1173 2168 αίτία
1202 2142 1250 2168 καὶ
1274 2141 1349 2175 πηγὴ
1379 2140 1479 2172 παντὸς
1503 2140 1618 2174 ἀγαθοῦ.
1641 2140 1736 2167 Καλοῦ
1770 2141 1797 2168 δὲ

1007 2188 1078 2224 ἁρχὴ
1106 2189 1122 2222 ἡ
1147 2187 1248 2219 πίστις,
1273 2187 1413 2222 μᾶλλονδὲ
1427 2188 1441 2214 ὁ
1456 2187 1584 2222 Χριστὸς,
1603 2187 1619 2222 ὴ
1642 2187 1732 2222 πέτρα

1008 2235 1140 2266 πίστεως,
1156 2234 1186 2260 ὃν
1206 2233 1243 2265 ὼς
1265 2233 1352 2269 ἀρχὴν
1367 2234 1413 2260 καὶ
1435 2233 1560 2268 θεμέλιον
1575 2233 1674 2268 ἔχομεν
1690 2234 1798 2260 πάντων

1008 2280 1061 2307 τῶν
1079 2280 1195 2316 ἀρετῶν,
1209 2281 1236 2307 ἐν
1281 2280 1448 2315 βεὸἡκαμεν,
1466 2279 1513 2306 καὶ
1525 2280 1553 2305 ἐν
1565 2275 1587 2312 ᾧ
1601 2279 1798 2314 οἰκοδομοῦμεν

1007 2327 1062 2353 πᾶν
1074 2326 1184 2360 ἀγαθόν.
1198 2323 1281 2358 Οὗτος
1293 2327 1306 2352 ὁ
1322 2326 1394 2358 λίθος
1407 2327 1421 2351 ὸ
1433 2326 1640 2360 ἀκρογωνιαῖος,
1655 2326 1669 2351 ὁ
1683 2325 1799 2351 συνδέων

1007 2373 1081 2409 ἡμᾶς
1105 2372 1213 2407 ἐαυτῷ.
1242 2372 1289 2398 καὶ
1321 2373 1335 2398 ὁ
1367 2371 1516 2406 πολύτιμος
1545 2371 1741 2406 μαργαρίτης·
1771 2372 1799 2397 ἰν

1008 2419 1097 2455 ζητῶν
1113 2419 1127 2446 ὁ
1146 2420 1186 2451 είς
1202 2419 1248 2446 τὸν
1266 2417 1347 2453 βυθὸν
1366 2417 1416 2452 τῆς
1432 2417 1547 2452 ήπυκῐας
1566 2417 1697 2443 εἰσδύνων
1715 2426 1798 2451 you-

1007 2464 1066 2498 χὸς,
1086 2463 1174 2490 πάντα
1190 2463 1225 2489 τὰ
1240 2462 1397 2497 ὑπάρχοντα
1416 2460 1492 2495 αὐτῷ
1518 2460 1669 2495 θελήματα.
1695 2462 1799 2496 πιπρὰ-

1009 2518 1069 2536 σκει
1084 2509 1127 2536 διὰ
1142 2510 1191 2544 τῆς
1207 2508 1331 2543 ὑπακοῆς
1344 2507 1398 2534 τῶν
1411 2506 1537 2538 ἐντολῶν,
1555 2506 1599 2533 ἵνα
1613 2506 1660 2533 ἀπ’
1675 2507 1799 2534 ἐντεῦθεν

1010 2556 1090 2583 αὑτὸν
1107 2556 1252 2590 κτήσηται.

1046 2601 1098 2629 πδ’.
1122 2601 1243 2635 Ἰσότητα
1258 2599 1324 2634 πρὸ,
1344 2598 1460 2634 ἀλλήλας
1477 2599 1504 2625 αἱ
1526 2599 1623 2633 ἀρεταὶ
1641 2600 1796 2635 κέκτηνται,

1010 2648 1057 2675 καῖ
1083 2648 1166 2674 πᾶσαι
1191 2648 1231 2677 εἰς
1256 2646 1284 2672 ἓν
1310 2645 1483 2679 συνάγονται,
1513 2645 1560 2671 καὶ
1583 2645 1633 2671 ἕνα
1655 2645 1731 2680 ὅρον,
1756 2654 1799 2672 και

1010 2694 1079 2726 εἶδος
1096 2695 1201 2729 ἀρετῆςἰ
1221 2693 1438 2728 συμπληροῦσιν.
1459 2693 1519 2719 Εἰσὶ
1541 2694 1596 2728 γὶιρ
1620 2694 1729 2728 ἀρεταί,
1751 2694 1794 2720 καὶ

1010 2742 1077 2768 εισὶν
1100 2740 1206 2775 ἀρετῶν
1226 2739 1323 2774 ἀρεταὶ
1342 2739 1469 2774 μείζους,
1492 2739 1530 2770 ὡς
1558 2741 1735 2775 περιεκτικαὶ
1751 2742 1795 2766 καὶ

1011 2786 1166 2814 συνεκτικαὶ
1182 2785 1236 2811 τῶν
1257 2785 1398 2818 πλειόνων,
1413 2785 1428 2820 ἧ
1445 2786 1491 2811 καὶ
1513 2785 1634 2812 πάντων·
1652 2787 1691 2818 ὡς
1705 2788 1721 2821 ἡ
1739 2787 1797 2812 θεία

1751 2188 1798 2222 τῆς

1010 2834 1112 2868 αγάπη,
1128 2832 1173 2858 καὶ
1189 2832 1204 2866 ἡ
1219 2830 1392 2858 ταπείνωσς.
1410 2832 1456 2857 καὶ
1473 2832 1489 2866 ἡ
1504 2831 1564 2856 θεία
1581 2831 1719 2867 ὑπομονῆς
1731 2833 1798 2865 Φησὶ
1840 2847 1844 2849 -

1001 2882 1055 2916 γὰρ
1073 2881 1087 2908 ὁ
1103 2879 1205 2914 Κύριος
1229 2878 1293 2912 περὶ
1306 2876 1402 2910 αὐτῆς·
1423 2887 1432 2902 ε
1463 2878 1506 2904 Ἐν
1522 2879 1554 2913 τῇ
1572 2877 1696 2914 ὑπομῦνῇ
1715 2879 1793 2914 ὑμῶν

1003 2926 1140 2963 κτήσατθέ
1165 2927 1212 2957 τάξ
1236 2924 1324 2960 ’ὲυκὶς
1339 2924 1434 2956 ὑμῶν·
1463 2934 1472 2950 ι
1490 2925 1536 2950 καὶ
1559 2925 1609 2952 οῦκ
1632 2924 1724 2952 εἶπεν
1746 2925 1793 2952 Ἐν
