1947 3072
687 138 704 145 κ
767 140 820 148 .4-

99 218 154 251 1⁵265

593 217 636 245 CA
644 216 730 245 Pl'I‘A
754 213 829 244 PER
850 207 1181 241 ACROSTICHIDEM.

1627 203 1695 237 l‘ZlSG

86 275 113 308 τῇ
123 270 221 306 νηστείᾳ
234 268 322 304 ὑμῶν,
338 269 367 303 ἢ,
380 267 420 302 Τῇ
436 265 576 301 ἀγρυπνίᾳ
591 264 677 300 ὑμῶν.
699 263 856 299 ’Υπομονῆς

931 271 964 290 on
996 263 1063 290 dixit
1084 262 1135 289 :ln
1165 260 1268 297 jejunio
1293 264 1396 293 vestro,
1410 264 1456 288 aut
1483 260 1509 287 in
1528 261 1627 295 vigiliis
1654 270 1700 289 ve-

86 319 108 346 δὲ
121 318 182 351 λέγω
192 336 200 347 ,
217 315 266 350 τῆς
289 313 361 341 κατὰ
382 313 448 339 Θεὸν
463 310 611 346 γινομένης
621 329 630 342 ,
645 309 694 344 τῆς
722 308 857 343 βασιλίδος

85 364 130 390 τῶν
149 361 266 398 ἀρετῶν,
289 359 338 386 τοῦ
364 357 491 394 θεμελίου
513 356 567 384 τῶν
591 354 857 390 ἀνδραγαθημάτων.

85 408 146 443 Αὕτη
165 407 218 442 γάρ
234 406 319 439 ἐστιν,
337 403 417 438 αὕτη,
433 403 450 438 ἡ
472 403 501 429 ἐν
517 401 647 436 πολέμοις
665 400 773 435 είρήνη,
793 399 810 434 ἡ
829 399 860 426 ἐν

85 453 144 490 ζάλῃ
159 453 272 488 γαλήνη,
291 451 308 486 ἡ
326 451 355 477 ἐν
378 450 435 481 τοῖς
452 447 656 483 κατορθωκόσιν
683 446 771 482 αὐτὴν
792 446 861 472 απε-

87 500 215 535 ρίτρεπτος
242 498 367 533 ἵδρυσις·
392 495 425 531 ἢν
449 495 500 529 οὐχ
525 493 597 520 ὅπλα
619 492 667 519 καὶ
689 492 808 528 δόρατα,
828 491 860 518 οὐ

85 544 239 580 στρατόπεδα
266 543 422 578 ἀφιέμενα,
449 540 498 575 οὺχ
520 538 590 574 αὕτη
614 539 630 574 ή
652 537 708 565 τῶν
725 537 862 573 δαιμόνων

85 590 242 627 παράταξις,
267 589 316 624 οὑχ
344 589 361 623 ἡ
387 587 491 622 ζοφερὰ
519 585 573 612 τῶν
599 584 729 611 ἐναντίων
754 582 862 618 φάλαγξ

86 637 172 673 βλάψαι
189 636 350 670 δυνήσονται
367 633 414 660 τὸν
433 632 536 667 ταύτην
558 631 731 667 κτησάμενον
750 630 779 656 ἐν
795 630 863 666 Χρι-

85 683 134 718 στῷ
154 681 252 717 Ἰησοῦ.

114 728 161 756 rte’.
189 728 223 754 At
249 726 367 762 ἀρεταὶ,
392 725 445 752 κᾶν
469 723 594 759 ἀλλήλων
615 723 671 749 εἰσὶ
686 721 864 758 γεννητικαὶ,

84 775 135 803 ἀλλ’
148 776 178 801 ἐκ
190 774 245 800 τῶν
258 773 343 808 τριῶν
359 771 504 806 δυνάμεων
518 771 573 806 τῆς·
587 769 675 805 ψυχῆς
696 769 745 804 τὴν
758 768 865 803 γένεσιν

85 822 192 857 ἔχουσιν,
212 819 278 846 ἄνευ
298 817 352 844 τῶν
375 818 467 845 οείων.
485 816 565 844 Attia
583 815 638 850 γὰρ
657 815 703 842 καὶ
720 815 792 850 ἀρχὴ
812 814 867 842 τῶν

85 866 214 900 τεσσάρων
229 864 347 899 γενικῶν
366 864 395 890 ἐν
410 864 467 894 τοῖς
484 862 610 897 φυσικοῖς
635 861 682 888 καὶ
703 860 783 887 θείων
802 860 867 895 ἁρε-

84 913 142 946 τῶν,
156 911 185 944 ἐξ
199 908 237 938 ὧν
251 911 299 938 καὶ
323 911 351 936 tv
367 906 411 941 αἷς
426 909 453 935 αί
468 908 563 935 λοιπαὶ¹
575 907 762 939 συνίστανται,
775 906 825 940 τῆς
838 914 868 932 τε

915 310 990 337 suis.
1010 308 1171 337 Patientiam
1202 312 1291 334 autem
1315 307 1375 334 dico
1399 314 1459 341 quae
1484 311 1526 335 est
1553 309 1699 335 secundum

915 356 1013 388 Deum,
1030 363 1090 390 quae
1103 355 1196 390 regina
1211 359 1253 382 est
1271 354 1416 386 virtutum.
1437 355 1626 388 bonorumque
1636 361 1701 387 ope-

916 411 976 430 rum
994 402 1207 429 fundamentum.
1221 400 1283 428 Haec
1296 404 1338 428 est
1350 399 1421 427 enim
1437 399 1464 426 in
1482 399 1552 427 bello
1569 407 1632 434 pax,
1644 400 1701 427 haec

917 451 943 478 in
957 454 1117 485 tempestate
1144 448 1289 480 serenitas,
1307 449 1365 476 haec
1391 447 1594 483 possidentibus
1614 447 1700 482 ipsam

917 496 1080 524 inconcussa
1108 495 1198 528 sedes,
1215 502 1298 529 quam
1323 494 1346 522 si
1373 494 1434 529 quis
1458 495 1484 522 in
1506 494 1616 521 Christo
1636 492 1702 521 Jesu

917 543 1032 577 adeptus
1046 547 1099 574 est,
1144 549 1199 569 non
1224 541 1263 569 illi
1293 548 1368 568 arma
1381 545 1408 568 et
1430 541 1495 574 tela,
1513 549 1566 568 non
1588 541 1702 567 militum

918 588 1044 623 impetus,
1061 596 1116 616 non
1133 589 1189 623 ipsa
1213 588 1367 615 daemonum
1383 588 1467 620 acies,
1484 595 1537 615 non
1554 587 1704 616 tenebrosae

919 635 1037 663 hostium
1052 640 1168 662 caterva:
1183 641 1282 662 nocere
1298 639 1422 669 possunt.

954 725 1000 753 85.
1019 725 1136 753 invicem
1165 724 1290 760 quamvis
1315 732 1344 752 se
1369 729 1499 760 generent
1519 725 1643 757 virtutes,
1671 732 1704 752 ex

919 771 1005 799 tribus
1032 776 1122 798 tamen
1160 771 1258 798 animae
1294 770 1400 798 viribus
1441 771 1575 806 originem
1602 773 1705 799 ducunt

923 818 1047 853 exceptis
1063 818 1231 854 theologicis.
1255 818 1322 846 Nam
1353 823 1470 853 quatuor
1488 819 1603 846 virtutes
1615 818 1705 846 cardi-

920 864 1005 897 nales,
1016 871 1076 898 quae
1091 864 1229 892 naturales
1244 870 1307 892 sunt
1334 871 1366 891 ac
1385 864 1494 896 divinae,
1508 869 1535 892 et
1554 872 1587 891 ex
1604 865 1702 899 quibus

919 915 946 938 et
962 911 987 938 iu
1004 911 1101 945 quibus
1114 916 1220 938 extera:
1237 911 1401 944 consistunt,
1425 911 1533 939 scilicet
1551 912 1705 946 prudentia,

85 960 246 994 φρονήσεως,
274 957 322 984 καὶ
345 955 484 992 ἀνδρείας,
514 953 693 989 σωφροσύνης
712 962 742 979 τε
763 953 813 980 καὶ
828 952 869 978 δι-

928 957 1060 990 'orlitudo,
1073 958 1252 992 temperantia
1275 962 1302 985 et
1319 957 1436 992 justitia,
1452 965 1563 985 causam
1581 963 1608 985 et
1622 959 1706 992 ογῑιςίο

86 1004 239 1039 καιοσύνης,
256 1003 331 1030 ἐστιν
354 1003 372 1037 ἡ
390 1001 451 1028 θεία
462 1000 518 1027 τῶν
536 999 670 1033 θεολόγων
685 997 870 1033 πνευματοκί-

85 1059 158 1085 νητος
174 1049 267 1084 σοφία,
285 1048 356 1075 κατὰ
375 1047 438 1074 νοῦν
462 1046 602 1081 τετραχῶς
625 1044 786 1079 κινουμένη.
814 1043 872 1078 Οὐχ

85 1096 139 1130 ἅμα
155 1095 182 1121 δὲ
200 1093 290 1125 πάσας
309 1092 427 1127 ἐνεργεῖ,
449 1090 508 1117 ἀλλ’
527 1090 581 1125 ἰδίᾳ
596 1088 716 1123 ἑκάστην
737 1088 766 1114 ἐν
781 1087 873 1122 καιρῷ

87 1140 165 1174 αὐτῆς
187 1138 279 1169 καθὼς
305 1137 430 1172 βούλεται
444 1144 452 1150 ο
470 1135 518 1162 καὶ
537 1134 586 1170 τὴν
601 1133 663 1168 μέν,
678 1132 716 1164 ὡς
730 1132 788 1168 φῶς
800 1141 808 1148 ·
823 1131 873 1166 τὴν

85 1185 123 1217 δὲ,
146 1185 182 1216 ὼς
205 1183 321 1219 δύναμιν
345 1182 437 1216 ὀξεῖαν
460 1181 508 1208 καὶ¹
530 1180 688 1215 ἀεικίνητον
703 1179 870 1214 ἐμπνευσιν·

84 1230 132 1266 τὴν
143 1229 181 1261 δὲ,
195 1229 232 1260 ὠς
247 1228 412 1263 ἁγιαστικὴν
431 1227 546 1261 δύναμιν
558 1225 606 1253 καὶ
619 1225 790 1261 καθαρτικήν
801 1232 808 1239 ·
824 1223 874 1259 τὴν

84 1276 121 1308 δὲ,
146 1276 182 1307 ὼς
197 1274 292 1309 δρόσον
314 1273 428 1307 ἁγνείας
442 1271 630 1307 εὐφραντικὴν
641 1291 648 1304 ,
672 1270 721 1297 καὶ
734 1269 783 1296 τοῦ
805 1268 874 1296 καύ-

85 1330 166 1353 σωνος
200 1321 255 1348 τῶν
291 1319 387 1347 παθῶν
428 1317 692 1353 ἀναψυχαγωγικήν.
721 1316 876 1357 ,Ἕκάστην

84 1369 205 1402 ἑκάστῳ,
237 1367 276 1398 ὡς
308 1365 489 1401 προείρηται,
508 1363 603 1398 τελείῳ
629 1363 738 1389 τελείαν
756 1362 805 1388 καὶ
825 1362 875 1396 τὴν

84 1414 223 1450 ἐνέργειαν
238 1412 310 1440 κατὰ
321 1412 370 1448 τὴν
386 1410 520 1447 τροπικὴν
533 1410 635 1437 δίδωσι.

118 1457 177 1492 πς’.
199 1457 299 1486 Ῥῶσιν
314 1456 421 1484 τελείαν
435 1456 527 1492 ψυχῆς
537 1455 568 1483 οὐ
585 1453 730 1490 χαρίζεται
743 1453 798 1480 τῶν
811 1454 875 1489 ἀρι-

83 1505 136 1533 τῶν
159 1505 190 1537 ἐξ
205 1505 273 1536 ἰδίας
286 1504 406 1539 σπουδῆς
420 1504 456 1530 τὰ
468 1502 675 1538 ἐπιτηδεύματα
686 1521 694 1534 ,
709 1502 734 1528 εί
747 1501 784 1536 μὴ
797 1498 878 1528 αὗται

83 1552 221 1584 οὐσιωδῶς
234 1553 264 1578 ἐν
279 1552 313 1587 τῇ
330 1551 386 1584 ἕξει
400 1549 445 1577 διὰ
455 1549 507 1584 τῆς
523 1549 636 1585 χάριτος
650 1548 876 1587 παραγένωνταιἶ

920 1009 981 1030 nem
993 1003 1094 1030 habent
1108 1002 1227 1030 divinam
1245 1003 1396 1030 divinarutn
1410 1011 1499 1030 rerum
1515 1005 1674 1039 sapientiam
1691 1012 1706 1032 a

922 1049 1024 1084 Spiritu
1053 1051 1080 1077 in
1103 1054 1194 1077 mente
1208 1050 1422 1085 quadrupliciter
1437 1056 1547 1078 motam.
1567 1051 1632 1084 Qua:
1653 1059 1706 1080 non

919 1104 1014 1124 omnes
1025 1096 1105 1125 simul
1120 1097 1179 1124 illas
1191 1097 1326 1131 producit,
1346 1098 1392 1124 sed
1404 1105 1525 1126 seorsum
1545 1098 1666 1134 singulas
1680 1100 1707 1126 in

923 1145 1044 1175 tempore
1057 1147 1210 1176 opportuno
1230 1147 1309 1177 prout
1325 1142 1381 1170 vult
1396 1151 1404 1171 :
1418 1148 1446 1170 et
1462 1144 1542 1171 aliam
1558 1145 1666 1178 quidem
1680 1150 1709 1172 ut

921 1187 1019 1220 lttcem,
1035 1188 1116 1214 aliam
1133 1191 1162 1215 ut
1195 1189 1277 1215 robur
1307 1190 1469 1217 acerrimum
1494 1196 1709 1225 perpetuumque

924 1233 1083 1268 impulsum,
1098 1233 1180 1261 aliam
1194 1238 1224 1261 ut
1248 1235 1303 1262 vim
1321 1235 1537 1263 sanctiﬁcantem
1547 1241 1573 1263 et
1590 1245 1710 1271 purgan-

924 1283 988 1313 tem,
1005 1279 1086 1307 sliam
1101 1279 1218 1315 denique
1234 1285 1264 1307 ut
1279 1288 1371 1309 rorem
1382 1282 1510 1316 puritatis
1524 1282 1659 1310 laetificum
1680 1287 1710 1310 et.

923 1326 1048 1353 vitiorum
1064 1326 1188 1354 flammas
1212 1327 1437 1362 refrigerantem;
1454 1332 1481 1355 et
1503 1329 1625 1362 singulas
1651 1329 1710 1356 sin-

923 1371 993 1407 gulis
1015 1371 1231 1406 perfectionibus
1262 1373 1446 1407 perfectiones
1475 1379 1503 1401 et
1538 1376 1711 1409 operationes

923 1425 1060 1452 congruas
1076 1417 1202 1452 largitur,
1218 1423 1248 1444 ut
1264 1418 1367 1445 dictum
1381 1423 1433 1446 est.

960 1463 1007 1490 86.
1035 1462 1171 1491 Bonorum
1196 1463 1344 1498 perfectam
1375 1465 1527 1492 ﬁrmitatem
1562 1474 1616 1493 non
1648 1465 1714 1493 dant

925 1509 1022 1537 animae
1047 1509 1150 1544 proprii
1163 1510 1204 1537 sui
1218 1517 1346 1543 conatus,
1373 1511 1425 1538 nisi
1450 1511 1491 1538 illa
1508 1511 1541 1538 ad
1553 1512 1713 1540 substantiae.

927 1555 1047 1583 habitum
1070 1555 1159 1591 gratia
1177 1556 1363 1590 pervenerint.
1379 1555 1484 1592 Quippe
1499 1564 1558 1591 quae
1571 1557 1711 1591 proprium
1766 1565 1770 1569 λ

89 1598 208 1632 Ἐκάστη
235 1597 290 1632 γὰρ
300 1584 373 1631 ⁷’ἔχει
405 1584 625 1632 χάρισμανῐδιον,
648 1594 791 1630 ἐνέργειαν
815 1584 874 1620 καθ1

928 1609 1097 1637 unaquaeque
1111 1602 1191 1630 habet
1207 1602 1342 1630 charisma
1372 1603 1592 1638 peculiaremque
1616 1611 1713 1639 opera-

83 1644 181 1678 αὐτὴν,
206 1643 277 1669 ὥστε
301 1641 431 1669 δύνασθαι
446 1641 495 1668 καὶ
522 1640 560 1676 μὴ
586 1640 766 1676 βουλομένους
787 1638 878 1665 ἕλκειν

82 1690 148 1720 τοὺς
166 1688 296 1723 μετόχους
309 1688 395 1722 αὐτῆς
408 1687 477 1723 πρὸς
495 1686 595 1722 ἑαυτὴν
607 1687 641 1721 τῇ
654 1685 711 1719 ἕξει
728 1684 778 1712 καὶ
796 1684 878 1719 φύσει

83 1733 133 1761 τοῦ
150 1733 265 1768 ἀγαθοῦ.
282 1733 337 1760 Καὶ
363 1733 407 1759 ὅτε
424 1733 490 1767 ἡμῖν
514 1731 596 1767 δοθῇ,
626 1730 807 1758 ἀναλλοίωτον
830 1729 879 1756 καὶ

83 1782 224 1816 ἄτρεπτον
253 1779 347 1806 ἕκτοτε
376 1778 561 1813 συντηρεῖται.
587 1777 683 1805 Ζῶσαν
705 1776 760 1812 γὰρ
784 1775 879 1811 ὥσπερ

83 1827 177 1863 ψυχὴν
193 1827 222 1853 ἐν
239 1825 314 1857 ἰδίοις
331 1825 440 1860 μέλεσιν
456 1824 559 1859 ἔχουσι,
580 1823 629 1850 τοῦ
645 1824 768 1859 ἐνεργεῖν
782 1822 880 1855 αὑτὰς,

83 1874 135 1909 τὴν
160 1873 241 1908 χάριν
263 1871 311 1899 τοῦ
338 1869 506 1906 [Ινεύματος.
533 1870 578 1896 Διδ
595 1870 642 1896 καὶ
658 1869 756 1905 νεκρὸς
770 1869 842 1900 ἅπας
861 1870 876 1897 ὁ

83 1919 143 1946 τῶν
164 1918 272 1954 ἀρετῶν
293 1917 386 1953 ὅμιλος
404 1916 489 1952 χωρὶς
507 1915 593 1950 αὐτῆς
615 1915 738 1949 πέφυκε·
761 1914 881 1946 καὶτοῖς

83 1964 199 1992 δοκοῦσι
225 1963 338 1995 τελείως
365 1962 437 1998 ἔχειν
463 1961 481 1997 ἢ
503 1960 683 1996 κατορθοῦσιν
705 1959 805 1991 αὑτὰς,
832 1960 882 1986 καὶ

84 2007 171 2038 αὗται
190 2008 279 2044 ἐαυτῷ
300 2009 390 2044 μόναι,
408 2007 485 2035 σκιαὶ
501 2008 548 2034 καὶ
559 2007 639 2034 τύποι
656 2004 704 2033 τοῦ
720 2005 816 2038 καλοῦ.
831 2005 880 2034 καὶ

84 2057 139 2084 οὑκ
154 2056 285 2092 ἀληθείας
303 2055 464 2090 ἰνδάλματα.

120 2103 178 2136 πρ.
196 2102 274 2130 Εἰσὶν
287 2100 333 2129 οὖν
349 2101 482 2137 τέσσαρες
499 2100 549 2136 μὲν
569 2100 598 2127 αι
613 2099 757 2127 καθολικαὶ
771 2100 881 2135 ἀρεταὶ,

79 2148 210 2184 ἀνδρεία,
223 2148 364 2184 φρόνησις,
379 2147 552 2182 σωφροσύνη,
565 2147 612 2173 καὶ
621 2146 778 2182 δικαιοσύνη
788 2153 796 2161 ·
809 2145 882 2173 ὀκτὼ

78 2196 122 2228 δέ,
150 2196 180 2222 αἱ
207 2194 268 2221 καθ’
292 2193 448 2229 ὑπερσολὴν
471 2192 521 2219 καὶ
548 2191 667 2227 ἔλλειψιν
692 2191 781 2219 αὐτῶν
798 2191 882 2226 ἐγγὺς

79 2241 299 2276 παρεπόμεναι·
332 2239 427 2266 κακίαι
455 2238 505 2274 μέν
532 2238 597 2273 παρ’
623 2238 704 2274 ἡμῖν,
730 2237 828 2274 ἀρεταὶ
851 2236 881 2265 δέ

927 1648 1038 1682 tionem,
1054 1655 1107 1683 qua
1123 1648 1209 1683 pOSsit
1230 1648 1311 1675 etiam
1336 1648 1453 1676 invictos
1465 1648 1506 1675 sui
1517 1653 1656 1684 compotes
1672 1652 1714 1676 at-

926 1695 1034 1722 trahere
1055 1694 1088 1722 ad
1111 1695 1230 1729 seipsatn
1251 1694 1344 1723 habitu
1361 1700 1388 1722 et
1403 1699 1500 1723 natura
1517 1695 1591 1724 boni.
1604 1696 1638 1724 Et
1652 1704 1714 1725 cum

926 1740 1005 1768 nobis
1024 1741 1086 1768 data
1097 1746 1149 1774 est,
1163 1741 1277 1768 firmiter
1292 1746 1321 1768 et
1339 1741 1552 1770 immutabiliter
1572 1750 1717 1772 conserva-

927 1791 980 1813 tur.
999 1787 1047 1814 Est
1059 1787 1130 1814 enim
1142 1787 1287 1815 virtutibus
1299 1788 1376 1822 quasi
1394 1789 1483 1815 anima
1499 1789 1593 1817 vivens
1607 1791 1716 1824 propria

926 1841 1019 1860 earnm
1033 1835 1154 1860 membra
1172 1834 1309 1861 viviﬁcaris
1321 1835 1408 1869 gratia
1417 1834 1539 1869 spiritus.
1551 1834 1641 1868 Quare
1657 1836 1716 1864 sine

928 1879 978 1907 hac
990 1884 1045 1906 tota
1059 1879 1188 1905 virtutum
1196 1879 1294 1906 cohors
1307 1884 1349 1907 est
1363 1885 1480 1913 mortua,
1491 1884 1518 1908 et
1530 1880 1558 1907 in
1570 1881 1603 1908 iis
1616 1881 1660 1916 qui
1676 1881 1717 1908 vi-

928 1927 1024 1952 tientur
1032 1932 1078 1953 eas
1087 1925 1187 1953 habere
1194 1932 1225 1953 ac
1233 1925 1381 1960 pOSsidere,
1390 1927 1458 1954 nihil
1470 1931 1512 1955 est
1528 1928 1582 1955 nisi
1590 1928 1646 1955 sola
1659 1935 1717 1954 unt-

929 1972 977 1999 bra
987 1977 1014 2000 et
1029 1971 1117 2007 imago
1126 1971 1202 2005 horti,
1213 1979 1268 2000 non
1282 1976 1373 2000 autem
1387 1973 1444 2008 ipsa
1455 1979 1499 2002 res
1509 1981 1590 2008 quam
1604 1973 1724 2009 efﬁngit-

965 2140 1010 2168 87.
1027 2140 1062 2169 Ut
1078 2146 1142 2168 sunt
1155 2145 1273 2176 quatuor
1295 2141 1412 2169 virtutes
1427 2141 1590 2175 cardinales,
1609 2141 1719 2170 fortitu-

932 2187 976 2220 do,
994 2187 1149 2223 prudentia,
1167 2187 1361 2223 temperantia,
1374 2187 1491 2222 Iustitia,
1507 2193 1570 2216 octo
1581 2193 1644 2217 sunt
1655 2188 1718 2217 illas

934 2242 982 2269 per
996 2234 1133 2263 defectum
1149 2239 1195 2262 aut
1210 2241 1353 2262 excessum
1367 2234 1493 2269 proxime
1512 2235 1719 2270 consequentia,

78 2287 165 2321 παρὰ
180 2287 236 2317 τοῖς
256 2286 286 2312 tv
301 2285 408 2320 κόσμῳ,
424 2284 472 2312 καὶ
490 2283 649 2319 λεγόμεναι,
667 2283 714 2310 καὶ
726 2283 874 2319 νοούμεναιι

936 2289 997 2317 quae
1010 2289 1024 2309 a
1036 2281 1115 2309 nobis
1130 2281 1212 2314 mala,
1224 2288 1239 2308 a
1253 2281 1429 2309 saecularibus
1453 2287 1519 2308 vero
1540 2280 1609 2308 bona
1623 2280 1719 2308 dicun-

78 2332 143 2359 Καὶ
168 2331 219 2367 τῆς
249 2331 299 2366 μὲν
322 2331 458 2366 ἀνδρείας,
488 2329 626 2365 θρασύτης
645 2329 693 2356 καὶ⁹
708 2329 809 2356 δειλία·
832 2331 882 2365 τῆς

77 2377 249 2413 φρονήσεως
260 2377 300 2409 δὲ,
318 2376 435 2412 πονηρία
448 2377 494 2403 καὶ
510 2376 604 2411 ἄγνοια
619 2384 626 2390 ·
639 2375 688 2410 τῆς
705 2375 881 2411 σωφροσύνης

56 2424 124 2457 ‘Bt,
151 2422 287 2450 ἀκολασία
313 2423 360 2449 καὶ
387 2422 547 2457 ὴλιΘιότης·
574 2421 625 2457 τῆς
648 2421 677 2448 δὲ
697 2421 880 2455 δικαιοσύνης,

77 2468 233 2500 πλεονεξία
248 2468 295 2495 καὶ
309 2467 412 2499 ἀδικία,
430 2467 478 2493 εἴτ’
496 2465 543 2494 οὖν
559 2467 706 2503 μειονεξία.
723 2467 812 2494 Μέσαι
827 2467 882 2501 γάρ

77 2516 160 2542 εἰσιν
183 2514 292 2548 ἀρεταὶ,
307 2514 338 2541 οὐ
366 2514 447 2549 μόνον
467 2514 495 2541 ai
511 2513 654 2540 καθολικαὶ
666 2533 674 2545 ,
691 2512 739 2540 καὶ
752 2512 881 2548 φυσικαὶ,

78 2562 137 2589 καὶ
168 2560 261 2595 πάσης
295 2558 441 2594 ἐλλείψεως
472 2560 518 2585 καὶ
547 2559 699 2594 ὑπερὸολῆς
727 2558 882 2593 ἀνώτεραι,

77 2607 160 2635 ἀλλὰ
177 2606 225 2633 καὶ
238 2606 267 2634 αἱ
283 2605 447 2641 πρακτικαί.
465 2605 520 2631 Καὶ
533 2605 561 2631 αί
582 2605 630 2640 μὲν
647 2604 696 2639 τὴν
711 2604 882 2640 προαίρεσιν,

77 2655 118 2689 τῇ
134 2652 191 2687 τῆς
206 2652 319 2688 γνώμης
334 2651 463 2686 εὑθύτητι
474 2659 480 2665 ·
495 2651 523 2677 αί
537 2650 575 2684 δὲ,
593 2650 643 2686 τὴν
655 2650 759 2685 τροπὴν
773 2649 821 2676 καὶ
834 2648 883 2685 τὴν

78 2699 184 2734 ρῖησιν
213 2698 343 2733 συνεργὸν
369 2697 526 2732 κέκτηνται.
558 2696 626 2732 Περὶ
649 2695 704 2731 γὰρ
725 2695 814 2723 αὐτῶν
843 2696 884 2722 ὅτι

79 2744 179 2780 μέσαι
193 2744 261 2770 εἰσιν
277 2743 375 2779 ἀρεταὶ
389 2743 439 2777 τῆς
453 2742 611 2779 εὐθύτητος,
632 2742 737 2777 μάρτυς
753 2741 770 2777 ἡ
786 2749 883 2777 παροι-

79 2791 141 2826 μία
165 2789 267 2816 οὑτωσὶ
291 2788 449 2823 φάσκουσα³
468 2797 477 2815 ι
498 2789 551 2816 Καὶ
572 2787 758 2823 κατορθώσεις
778 2787 883 2818 πάντας

76 2837 194 2870 ἄξονας
209 2835 340 2871 ἀγαθούς.
357 2844 365 2861 ι
386 2836 476 2862 Πᾶσαι
490 2835 536 2862 οὖν
551 2835 580 2861 ἐν
591 2836 651 2866 ταῖς
664 2834 738 2870 τρισὶ
753 2832 885 2870 δυνάμεσι

75 2883 136 2919 τῆς
153 2881 246 2917 ψυχῆς
263 2879 467 2912 συνιστάμεναι,
485 2878 513 2904 ἐν
533 2875 578 2909 αῖς
596 2877 735 2904 τίκτονται
750 2877 798 2904 καί
811 2877 885 2905 οἱκο-

76 2928 260 2965 ἱομηῦντηι,
293 2927 330 2956 ὡς
363 2923 489 2958 θεμέλιον
522 2923 570 2955 τὰς
608 2924 745 2958 τέσσαρας
778 2925 889 2959 γενικὰς

934 2333 977 2355 tur
991 2332 1019 2355 et
1030 2327 1214 2355 aestimantur.
1232 2327 1267 2355 Et
1279 2326 1388 2362 quidem
1402 2326 1587 2354 fortitudinem
1601 2334 1721 2362 sequuti.-

931 2379 976 2401 tur
989 2374 1104 2401 audacia
1117 2377 1144 2401 et
1159 2374 1260 2407 timor;
1276 2373 1463 2408 prudentiam,
1484 2374 1584 2402 astutia
1599 2378 1628 2402 et
1643 2374 1722 2408 igno-

932 2419 1039 2452 rantia;
1055 2421 1276 2454 temperantiam,
1291 2419 1492 2447 incontinentis
1509 2419 1720 2455 et.stupiditas;

930 2467 1076 2502 justitiam,
1089 2466 1205 2493 avaritia
1216 2469 1246 2494 et
1263 2465 1411 2501 iniustitia.
1428 2471 1565 2501 quatenus
1584 2471 1625 2494 est
1646 2465 1722 2494 defe-

933 2518 1002 2540 ctus.
1021 2512 1088 2539 Nam
1106 2512 1230 2545 virtutes,
1247 2519 1300 2539 non
1317 2513 1404 2539 soltun
1422 2512 1584 2540 cardinales.
1595 2517 1623 2539 et
1642 2516 1722 2540 natu:

933 2559 1004 2586 rales
1019 2577 1028 2590 .
1053 2558 1102 2586 sed
1137 2563 1165 2586 et
1188 2559 1336 2594 praeﬁcae,
1365 2558 1392 2585 in
1419 2559 1509 2586 medio
1532 2564 1616 2592 stant,
1640 2565 1723 2593 supra

935 2613 1042 2633 omnem
1065 2606 1200 2633 defectum
1237 2610 1264 2633 et
1289 2612 1442 2633 ercessum.
1475 2605 1508 2632 Et
1528 2604 1587 2632 aliae
1613 2604 1722 2639 quidem

936 2660 997 2680 cum
1026 2652 1110 2680 animi
1137 2651 1299 2680 rectitudine
1318 2651 1533 2686 cooperatricetn
1551 2650 1654 2678 habent
1674 2657 1725 2678 vo-

936 2699 1093 2729 luntatem.
1124 2697 1184 2725 aliae
1213 2705 1279 2725 vero
1318 2697 1518 2725 inclinationem
1559 2700 1586 2723 et
1629 2703 1725 2730 super-

937 2745 1020 2781 biam:
1051 2744 1140 2778 Atque
1155 2744 1270 2771 virtutes
1302 2743 1329 2770 in
1340 2743 1431 2770 medio
1458 2741 1627 2770 rectitudinis
1651 2746 1726 2769 stare

938 2793 1054 2818 testatur
1081 2788 1258 2816 Eroverbium
1283 2789 1379 2816 dicens
1401 2796 1408 2815 :
1429 2797 1438 2814 ι
1458 2787 1491 2815 Ει
1505 2788 1607 2823 diriges
1631 2795 1726 2814 omnes

939 2838 1024 2865 bonas
1039 2836 1161 2864 semitas.
1179 2845 1188 2862 ι
1201 2835 1301 2863 Omnes
1314 2835 1396 2869 igitur
1412 2836 1439 2862 in
1457 2834 1543 2862 tribus
1568 2834 1665 2861 ani-ma:
1681 2842 1728 2868 po-

939 2884 1032 2911 tentiis
1042 2883 1180 2917 stabilitas,
1192 2886 1325 2918 generata:
1335 2886 1362 2909 et
1375 2881 1515 2909 aediﬁcatae
1527 2885 1556 2908 ut
1565 2880 1726 2909 fundamen-

941 2934 997 2956 tum
1011 2937 1067 2958 sum
1086 2926 1299 2956 constructionis
1317 2925 1416 2955 habent
1428 2931 1544 2961 quatuor
1561 2926 1728 2957 cardinales.
1755 2956 1758 2957 ν
