1947 3072
125 170 194 203 1269

641 173 780 204 CAPITA
801 174 876 203 PER
896 175 1228 208 ACROSTICHIDEM.

1683 178 1764 211 1270’

112 223 162 250 καὶ
177 222 282 258 ἑτέροις
295 221 341 248 τὸν
359 223 500 258 φωτισμὸν
512 223 558 250 τοῦ
574 223 704 259 Χριστοῦ.
723 225 828 260 Ὥσπερ
845 226 905 253 τινὰ

963 230 1081 258 Christi.
1111 231 1178 258 Nam
1208 239 1360 260 sermonem
1389 231 1573 260 diviuiinslar
1597 234 1710 261 seminis
1725 235 1752 262 in

113 269 215 304 σπόρον
228 269 298 296 θεῖον
312 268 358 296 τὸν
372 269 451 303 λόγον
467 270 497 296 ἐν
508 271 569 302 ταῖς
580 269 711 305 ψυχικαῖς
724 271 779 298 τῶν
791 272 906 299 ἀκουόν-

111 323 165 341 των
182 314 314 350 ἀρούραις
333 315 414 342 αὺτδν
430 315 546 350 ἐνίησιν.
569 325 578 341 ι
603 316 633 342 '0
646 316 726 350 λόγος
746 316 834 352 ὑμῶν,
853 326 906 353 φη-

112 362 166 391 σὶν.
184 361 254 387 ἔστω
277 361 308 387 ὲν
330 361 423 396 χάριτι
436 361 590 395 ἠρτυμένος
610 361 686 393 θείας
705 362 901 397 χρηστότητος,

112 407 156 433 ῐνα
176 406 214 441 δῷ
236 406 318 442 χάριν
334 407 392 438 τοῖς
411 407 440 433 ἐν
460 406 552 433 πίστει
572 406 710 434 ἀκούουσι.
736 416 745 432 ι
764 407 907 443 Γεωργοὺς

111 452 140 479 δὲ
163 452 263 485 πάλιν,
288 453 336 479 καὶ
361 452 516 487 γεώργιον,
547 452 612 484 τοὺς
639 452 831 486 διδασκάλους,
859 453 906 480 καὶ

111 498 321 533 διδασκομένους
340 497 436 530 εἰπὼν,
463 498 593 533 ἐμφαίνει
615 498 688 534 μάλα
710 498 818 533 σοφῶς,
841 499 907 531 τοὺς

113 545 163 580 μὲν
181 544 220 576 ὼς
253 544 392 580 ἀροτῆρας
421 545 469 571 καὶ
495 546 606 580 σπορεῖς
630 543 677 571 τοῦ
703 545 775 572 θείου
807 545 906 580 λόγου,

110 591 174 622 τοὺς
193 591 221 618 δὲ
249 591 288 622 ὡς
316 591 371 618 τῶν
401 591 508 626 ἀρετῶν
530 592 583 626 γῆν
606 593 686 624 πίαν,
713 592 907 628 καρποφόρον,

111 637 158 662 καὶ
183 635 328 671 εΰλσταχυν.
364 636 516 672 Ἱερουργὶα
541 637 596 671 γὰρ
613 638 715 672 κυρίως
730 637 856 673 ἀληθινὴ,
876 638 907 664 οὐ

113 682 194 716 μόνον
219 683 236 717 η
250 681 305 709 τῶν
325 682 406 709 θείων
427 683 562 718 ἐνέργεια,
581 683 649 710 ἀλλὰ
674 683 721 710 καὶ
737 684 754 719 ἡ
777 683 909 719 μετουσία

111 728 166 755 τῶν
183 727 293 760 ἀγαθῶν
311 729 358 755 καὶ
375 729 529 764 μετάδοσις.

142 774 198 807 ιιδν.
217 774 350 809 Διάφορός
367 774 442 800 ἐστιν
460 775 474 800 ό
489 775 533 801 διὰ
554 776 695 810 προφορᾶς
713 775 780 811 πρὸς
796 776 910 811 διδαχην

113 819 317 855 προερχόμενος
340 819 420 854 λόγος
431 841 437 852 ,
458 821 504 846 καὶ
518 820 656 856 διαφόρως
674 822 706 847 ἐκ
723 820 831 848 πολλῶν
846 821 908 856 τρό-

112 874 172 892 πων
192 865 341 900 συνάγεται
363 867 394 892 ὲκ
417 866 561 902 τεσσάρων
587 866 666 893 εἰδῶν
679 874 686 881 ·
704 867 718 892 ό
741 866 791 902 μὲν
809 867 841 894 ὲκ
858 876 910 902 μα-

962 274 1133 305 audientium
1144 277 1250 305 animos
1260 279 1335 306 velut
1345 279 1372 305 in
1383 286 1477 313 agrum
1492 279 1628 306 immittit:
1642 280 1754 309 «Sermo

962 327 1062 356 vester,
1075 324 1183 358 dicitur,
1197 324 1233 351 sit
1255 324 1281 351 in
1299 324 1385 360 gratia
1404 324 1536 366 _condil.us
1556 325 1655 353 divina:
1674 327 1752 354 boni-

964 369 1038 403 tatis,
1051 369 1131 397 utdot
1146 371 1260 403 gratiam
1273 370 1447 398 audientibus
1459 371 1486 398 in
1502 371 1564 399 ﬁde.
1579 380 1589 397 ›
1615 371 1755 407 Agricolas

962 415 1025 443 alibi
1041 420 1068 443 ct
1090 416 1282 451 agriculturam
1291 423 1392 444 vocans
1408 417 1556 452 Apostolus
1571 418 1713 452 magistros
1728 424 1756 446 et

962 461 1121 497 discipulos,
1136 462 1286 490 manifeste
1313 463 1433 490 ostendit
1462 463 1530 491 alios
1549 464 1657 498 quidem
1692 473 1754 493 esse

962 512 992 536 ut
1007 509 1123 535 cultores
1140 514 1166 535 et
1180 513 1284 537 satores
1300 509 1383 537 divini
1402 509 1487 545 verbi,
1511 509 1580 539 alios
1592 518 1658 539 vero
1677 512 1754 544 quasi

962 561 1055 590 agrum
1068 555 1203 589 pinguem,
1219 555 1376 589 frugiferum
1389 560 1416 583 et
1430 562 1521 590 segete
1535 557 1655 584 uberem.
1685 557 1751 584 Nam

961 607 1025 628 vere
1039 605 1065 628 et
1077 602 1185 636 proprie
1193 601 1372 629 sanctiﬁcatio
1382 605 1434 635 est,
1449 609 1504 629 non
1517 602 1595 629 modo
1607 609 1697 629 rerum
1710 602 1753 629 di-

962 647 1086 674 vinarum
1104 648 1236 681 operatio,
1257 647 1305 675 sed
1324 647 1406 675 etiam
1427 647 1559 676 bonorum
1584 649 1756 684 participatio

962 698 989 719 et
1003 693 1222 721 communicatio.

999 771 1044 798 94.
1065 771 1112 799 Est
1128 772 1220 800 varius
1233 780 1323 800 sermo
1339 773 1372 800 ad
1386 773 1539 801 doctrinam
1554 782 1602 802 ore
1616 775 1752 810 prolatus,

962 823 988 844 et
1007 817 1081 844 varie
1104 824 1138 845 ex
1159 818 1346 853 quadruplicis
1366 819 1468 854 speciei
1487 819 1608 848 fontibus
1633 826 1753 854 emanat,

963 864 1067 892 scilicet
1083 864 1151 891 alius
1166 872 1199 891 ex
1216 865 1342 898 scientia,
1358 865 1427 892 alius
1441 873 1475 893 ex
1491 866 1619 900 lectione,
1635 867 1707 895 alius
1721 876 1754 896 ex

113 903 236 947 θήσεως,
256 913 270 939 ό
286 912 314 939 δὲ
340 914 372 939 ὲκ
397 914 446 948 τῆς
469 912 667 947 ἀναγνώσεως·
686 913 764 945 ἄλλος
790 914 822 940 ἐκ
839 914 908 949 πρά-

964 909 1089 941 actibus,
1115 910 1185 936 alius
1212 917 1245 937 ex
1274 911 1371 945 gratia.
1401 910 1635 944 Quemadmodum
1664 919 1756 942 autem

113 957 192 991 ξεως,
214 958 262 984 καὶ
274 957 368 993 ἕτερος
384 958 415 984 ὲκ
427 959 476 993 τῆς
491 958 614 993 χάριτος.
632 958 738 993 Ὥσπερ
749 958 778 985 δὲ
792 959 822 985 τὸ
837 957 910 993 ὕδωρ

112 1003 142 1030 ἓν
158 1004 215 1040 ἐστι
229 1005 263 1039 τῇ
274 1003 365 1038 φύσει,
380 1005 566 1038 μεταποιεῖται
584 1004 612 1030 δὲ
631 1005 677 1030 καὶ
696 1004 908 1039 μεταϐάλλεται,

113 1050 185 1076 κατὰ
205 1050 255 1085 τὴν
276 1050 463 1085 ὑποκειμένην
486 1050 616 1086 διάφορον
630 1051 677 1077 τοῦ
693 1051 754 1086 χοὸς
776 1051 854 1086 ὓλην,
871 1053 911 1083 εἰς

113 1095 219 1121 οἰκείαν
239 1095 382 1130 ποιότητα,
400 1095 437 1127 ὡς
452 1097 484 1132 τῇ
501 1096 594 1130 γεύσει
617 1097 763 1132 νοούμενον
780 1095 850 1124 εἶναι
879 1098 910 1123 τὸ

115 1141 164 1175 μὲν
190 1141 306 1176 πικρὸν,
326 1141 356 1168 τὸ
375 1141 403 1168 δὲ
433 1142 538 1175 γλυκὺ,
559 1143 606 1169 καὶ
625 1142 690 1171 ἄλλο
714 1143 837 1180 ἁλμυρὸν
861 1144 910 1170 καὶ

113 1187 213 1218 όζῶδες
237 1186 293 1223 [ίσ.
319 1187 448 1223 όξῶδεςιι
475 1188 547 1215 οὕτω
570 1190 641 1216 κατὰ
664 1189 714 1226 τὴν
731 1189 830 1225 ἠθικὴν
853 1189 910 1223 ἕξιν

114 1233 231 1259 ἑκάστου
261 1234 463 1270 προερχόμενος
486 1234 500 1260 ό
527 1234 607 1269 λόγος
632 1236 679 1263 καὶ
698 1235 908 1275 ἀλλοιούμενος,

113 1280 239 1316 ἐνεργείᾳ
251 1281 417 1314 γινώσκεται
433 1282 480 1308 καὶ
493 1282 543 1316 τὴν
556 1282 693 1317 ὠφέλειαν
707 1284 825 1311 δίδωσιν.

150 1329 202 1361 ke’.
233 1328 343 1364 Ἐπειδὴ
371 1328 399 1355 δὲ
423 1329 436 1355 ό
455 1329 534 1364 λόγος
563 1331 603 1361 είς
629 1330 780 1358 ἀπόλαυσιν
805 1331 911 1359 δέδοται.

114 1375 205 1410 πάσης
219 1375 332 1410 λογικῆς
347 1374 467 1409 φύσεως,
481 1375 578 1412 ὥσπερ
594 1376 731 1412 ὲδέσματά
747 1386 809 1405 τινα
823 1377 910 1405 πολλὰ

114 1420 246 1456 διάφορα,
269 1420 319 1456 τὴν
339 1421 436 1456 ἡδονὴν
452 1421 542 1448 αὐτῶν
565 1423 703 1458 διαφόρως
718 1425 734 1458 ὴ
748 1424 822 1459 ψυχὴ
843 1424 910 1451 ἁπο-

114 1464 293 1501 λαμὸάνουσα
317 1466 486 1494 αἰσθάνεται.
512 1468 590 1503 Ἔχει
612 1469 666 1505 γὰρ
693 1469 739 1496 τὸν
760 1470 910 1506 ἐπιστημο-

113 1512 189 1539 νικὸν
206 1512 304 1546 λόγον,
329 1513 367 1546 ὡς
395 1513 569 1548 παιδαγωγὸν
591 1514 660 1551 πρὸς
682 1513 748 1551 ἦθος
773 1515 910 1543 τυποῦντα

113 1558 200 1593 αὑτήν
211 1567 218 1574 ·
245 1559 291 1586 τδν
305 1559 334 1586 δὲ
357 1559 406 1594 τῆς
424 1559 620 1594 ἀναγνώσεως,
635 1561 673 1593 ὡς
689 1561 761 1598 ὕδωρ
785 1562 911 1589 ἀναπαύ-

115 1612 184 1636 σεως
203 1603 389 1641 ἐκτρέφοντα·
409 1606 455 1633 τὸν
479 1607 507 1633 δὲ
531 1607 581 1642 τῆς
603 1607 746 1643 πράξεως,
770 1608 807 1641 ὡς
826 1609 909 1636 τόπον

113 1650 194 1685 χλόης
210 1651 351 1679 πιαίνοντα
364 1660 370 1668 ·
392 1652 438 1679 τὸν
461 1653 490 1679 δὲ
504 1652 555 1688 τῆς
576 1653 704 1689 χόιριτος⁹
724 1654 762 1686 ὡς
778 1655 909 1691 ποτήριον

116 1696 286 1731 μεθύσκοντα
301 1698 386 1734 αὐτὴν
402 1699 449 1725 καὶ
466 1699 664 1735 εὐφραίνοντα·
681 1701 730 1736 τὴν
745 1701 773 1728 δὲ
789 1701 909 1737 ἄρρητον

114 1742 201 1777 αὐτῆς
220 1743 380 1777 ἀγαλλίασιν
393 1764 400 1777 ,
426 1745 464 1777 ὼς
489 1746 579 1774 ἔλαιον
596 1747 743 1783 πρόσωπον
767 1748 904 1783 ιλαρύνου-

116 1796 165 1814 σαν
175 1807 182 1819 ,
198 1789 245 1815 καὶ
259 1790 375 1825 φαιδρὰν
394 1791 594 1827 ἐργαζομένην.

150 1833 210 1868 ιε,ςῆ
234 1835 347 1871 Κυρίως
372 1836 402 1863 οὺ
422 1837 502 1872 μόνον
523 1839 551 1865 ὲν
574 1839 641 1874 αὐτῇ
655 1839 692 1871 ὡς
710 1839 814 1876 ζωὴνὴ
834 1840 908 1876 ψυχὴ

113 1880 199 1907 ταῦτα
224 1881 375 1916 κέκτηται,
402 1883 460 1910 ἀλλ’
480 1884 525 1910 ὅτε
548 1885 595 1911 καὶ
616 1885 681 1921 παρ’
705 1885 796 1917 ἄλλοις
814 1886 908 1913 ἀκούει

113 1926 199 1954 ταῦτα
213 1927 283 1963 πρὸς
295 1928 406 1964 διδαχὴν
422 1929 581 1958 αἰσθάνεται
593 1939 600 1947 ·
616 1932 737 1966 ὁπηνίκα
753 1933 908 1968 προηγῆται

113 1973 277 2009 ἀμφοτέρων
303 1974 398 2010 ἀγάπη
429 1976 476 2002 καὶ
503 1976 612 2009 πίστις·
642 1979 689 2004 καὶ
712 1979 726 2004 ό
745 1979 795 2013 μὲν
816 1979 907 2006 πίστει

114 2018 232 2052 ἀκούων,
245 2019 259 2045 'o
271 2019 300 2045 δὲ
313 2021 408 2056 ἀγάπῃ
425 2021 572 2056 παιδεύων,
587 2022 652 2050 ἄνευ
665 2024 750 2058 τύφου
767 2025 812 2051 καὶ
828 2025 907 2061 δόξης

118 2065 178 2096 τοὺς
197 2064 293 2099 λόγους
313 2065 368 2093 τῶν
391 2067 498 2103 ἀρετῶν
520 2069 692 2104 ποιούμενος.
712 2070 764 2098 Τὸν
781 2071 830 2106 μὲν
854 2071 908 2108 γὰρ

116 2111 149 2136 ὲκ
173 2111 320 2146 μαθήσεως
339 2112 419 2147 λόγον
444 2114 482 2146 ὡς
508 2115 684 2150 παιδαγωγὸν
718 2116 844 2152 δέχεται·
863 2118 908 2145 τὸν

113 2157 142 2183 δὲ
165 2158 216 2193 τῆς
237 2157 427 2193 ἀναγνώσεως,
450 2160 486 2192 ὡς
511 2162 612 2198 τροφόν
625 2171 632 2177 ·
655 2162 699 2189 τὸν
719 2163 747 2189 δὲ
764 2164 814 2198 τῆς
835 2165 906 2200 πρά-

115 2201 192 2236 ξεως,
208 2202 246 2234 ὼς
266 2204 429 2238 ἐνδιάθετον,
447 2206 485 2238 ὡς
498 2207 683 2242 νυμφοστόλον
696 2208 828 2243 ἡδύτατον
843 2219 847 2223 ·
862 2210 909 2237 τὸν

113 2247 139 2275 δὲ
159 2248 205 2274 τοῦ
233 2249 394 2285 Πνεύματος
423 2252 604 2286 φωτιστικὸν,
623 2253 660 2284 ὡς
688 2253 806 2288 νυμφίον
831 2254 909 2289 λόγον

113 2293 242 2320 ἑνωτικὸν
263 2295 368 2330 αὐτῆς,
386 2297 431 2323 τὸν
455 2297 648 2334 εὐφραίνοντα.
675 2299 732 2326 Πᾶν
755 2300 808 2336 γὰρ
833 2300 908 2336 ῥῆμα

113 2338 330 2376 ἐκπορευόμενον
348 2343 392 2370 διὰ
409 2344 553 2378 στόματος,
574 2345 642 2371 Θεοῦ
661 2346 746 2378 ἐστιν,
763 2348 786 2373 οί
801 2347 847 2374 διὰ
859 2347 908 2374 τοῦ

112 2385 273 2421 Πνεῦματος
306 2389 338 2415 ὲκ
364 2389 499 2425 στόματος
527 2391 582 2418 τῶν
614 2392 700 2426 ἁγίων
730 2393 909 2427 προελθόντες

112 2429 204 2464 λόγοι,
229 2432 245 2467 ἡ
268 2431 302 2460 δι’
330 2435 472 2470 ἐνέργειαν
494 2436 653 2473 γλυκυτάτη
676 2437 724 2465 τοῦ
749 2439 909 2476 Πνεύματος

113 2476 260 2510 ἐπίπνοια,
288 2479 322 2514 ἥν
343 2481 483 2516 τρυφῶσιν
510 2483 541 2510 οὐ
562 2485 683 2517 πάντες,
707 2485 774 2512 ἀλλὰ
792 2486 868 2521 μόνοι
883 2487 908 2514 οἱ

113 2522 193 2555 ἄξιοι.
226 2524 337 2561 Ἐπειδὴ
357 2527 385 2553 δὲ
409 2529 455 2554 καὶ
480 2530 585 2565 τρυφὴν
612 2531 703 2566 ἔχουσι
723 2532 768 2558 τὸν
788 2532 867 2567 λόγον
883 2535 907 2561 οἱ

113 2567 229 2604 λογικοὶ,
243 2571 359 2599 ἐνταῦθα
376 2573 426 2608 μὲν
444 2575 468 2600 οἱ
486 2575 540 2601 τῶν
552 2577 598 2603 τοῦ
615 2577 772 2613 Πνεύματος
785 2579 908 2615 ἐναργῶς

113 2614 335 2652 εὐφραινόμενοι,
361 2619 448 2654 ὀλίγοι
474 2620 535 2648 λίαν
555 2623 638 2649 εἰσίν·
666 2624 729 2656 τοὺς
751 2614 855 2658 τύπους
879 2625 908 2652 δὲ

115 2659 195 2695 μόνον
220 2663 243 2688 oi
270 2663 364 2691 πολλοὶ
388 2665 443 2691 τῶν
467 2669 663 2703 πνευματικῶν
686 2670 773 2704 λόγων
795 2671 840 2699 διὰ
858 2672 908 2708 τῆς

114 2707 226 2754 μνήμης
251 2709 298 2736 καὶ
321 2711 487 2744 γινώσκουσι
516 2715 560 2741 καὶ
583 2715 738 2752 μετέχουσι,
758 2717 804 2744 τὸν
824 2707 908 2754 ἄρτον

112 2752 190 2799 obrue
204 2753 249 2780 τὸν
265 2754 393 2790 ἀληθινὸν
418 2759 466 2786 τοῦ
486 2760 629 2795 μέλλοντος
653 2763 682 2790 ὲν
697 2762 823 2799 αἰσθήσει
839 2752 907 2792 θεοῦ

112 2798 399 2846 λόγον-μετασχόντες.
424 2805 512 2838 Μόνος
527 2807 582 2842 γὰρ
595 2807 676 2840 αὐτὸς
690 2798 779 2836 ἐκεῖσε
795 2813 903 2846 πρόκει-

963 963 1033 990 aqua
1054 963 1107 983 una
1131 960 1171 984 est
1190 962 1299 990 natura,
1315 957 1523 985 discriminatur
1540 967 1605 987 vero
1619 967 1651 987 ac
1667 965 1758 988 trans-

963 1007 1094 1036 mntatur,
1112 1010 1161 1037 pro
1177 1003 1288 1031 diverso
1306 1004 1382 1031 humi
1404 1004 1571 1039 subiacentis
1591 1006 1712 1042 ingenio,
1728 1008 1756 1036 in

963 1050 1129 1084 peculiarem
1158 1050 1338 1085 qualitatem.
1368 1051 1405 1078 ita
1431 1056 1461 1078 ut
1488 1056 1568 1087 gustu
1594 1053 1755 1087 aestimetur,

963 1097 1020 1123 lucc
1037 1103 1142 1128 amara,
1164 1096 1208 1124 illa
1230 1097 1330 1131 dulcis,
1347 1098 1399 1125 alia
1418 1098 1490 1126 salsa
1508 1103 1534 1125 et
1552 1099 1646 1133 acida;
1664 1101 1704 1128 sic
1723 1103 1756 1128 ad

963 1141 1181 1177 uniuscujusque
1220 1143 1338 1171 indolem
1373 1145 1596 1173 accommodatus
1628 1151 1656 1174 et
1688 1154 1755 1175 con-

962 1195 1058 1216 versus
1091 1195 1201 1222 sertno,
1233 1197 1314 1225 opere
1346 1190 1519 1226 dignoscitur
1550 1197 1578 1221 et
1611 1193 1755 1225 utilitatem

962 1233 1049 1262 affert.
1147 1246 1149 1249 ·
1423 1244 1426 1245 ⁷

997 1336 1042 1364 95.
1064 1336 1218 1364 Rationalis
1245 1337 1395 1373 cujuslibet
1418 1344 1521 1367 naturae
1547 1341 1580 1368 ad
1611 1342 1755 1371 utilitatem

962 1390 1023 1410 cum
1040 1382 1120 1410 datus
1136 1383 1172 1410 sit
1188 1391 1289 1416 sermo,
1303 1392 1335 1412 ex
1352 1392 1384 1412 eo
1399 1386 1473 1412 velut
1485 1393 1518 1413 ex
1533 1387 1625 1415 mttltis
1640 1389 1761 1423 dapibus'

963 1429 1046 1456 variis
1074 1429 1179 1456 variant
1209 1430 1299 1456 anima
1325 1432 1442 1466 percipit
1466 1439 1498 1460 ac
1518 1439 1610 1468 gustat
1633 1436 1756 1463 suavita-

963 1479 1028 1502 tem.
1047 1475 1134 1503 Habet
1149 1475 1221 1503 enim
1238 1477 1361 1504 scientias
1377 1485 1531 1506 sermonem
1550 1486 1578 1507 ut
1596 1482 1754 1516 magistrum

963 1529 1053 1548 mores
1076 1529 1141 1549 suos
1167 1521 1382 1557 informantem;
1403 1531 1430 1551 et
1456 1524 1592 1558 lectionis,
1611 1532 1640 1553 ut
1657 1535 1754 1562 aquam

963 1568 1132 1596 relicientem
1150 1573 1177 1596 ct
1195 1570 1379 1605 nutrientem;
1403 1577 1430 1599 et
1452 1572 1580 1605 actionis,
1599 1578 1626 1600 ut
1646 1579 1753 1608 pratum

962 1614 1046 1642 herba
1071 1615 1190 1649 pingue;
1209 1619 1237 1642 et
1258 1617 1362 1651 gratias,
1381 1621 1410 1644 ut
1433 1622 1524 1651 potum
1545 1626 1596 1652 qua
1615 1619 1671 1653 ipsa
1695 1620 1755 1648 itte-

960 1659 1067 1687 briatur
1083 1664 1110 1687 et
1127 1659 1290 1693 laetiﬁcatur,
1303 1665 1331 1689 et
1341 1661 1505 1690 incﬁubilem
1521 1662 1580 1699 ejus
1595 1665 1754 1694 exsttltatio-

960 1714 1042 1739 nem,
1064 1710 1093 1734 ut
1117 1706 1221 1740 oleum,
1249 1707 1345 1736 faciem
1374 1707 1496 1736 hilarans
1512 1715 1539 1736 et
1568 1711 1681 1739 nitidam
1713 1712 1754 1740 fa-

960 1760 1045 1780 olens.

997 1841 1042 1869 96.
1064 1840 1178 1874 Deinde,
1197 1841 1256 1869 haec
1275 1849 1328 1869 non
1349 1842 1436 1870 solum
1460 1844 1486 1871 in
1507 1845 1596 1879 seipsa
1623 1852 1650 1873 ut
1672 1848 1752 1875 vitam

960 1888 1050 1915 anima
1075 1887 1214 1922 possidet,
1233 1887 1281 1915 sed
1303 1888 1384 1915 etiam
1408 1889 1555 1924 aliquando
1572 1892 1606 1919 ab
1624 1893 1685 1920 aliis
1707 1894 1753 1922 do~

960 1933 1084 1961 centibus
1100 1933 1215 1961 audiens
1227 1933 1338 1966 ediscit,
1356 1942 1415 1961 cum
1433 1935 1509 1962 ducit
1524 1941 1669 1972 utrumque
1686 1939 1753 1967 ﬁdes

960 1986 987 2007 et
1006 1980 1126 2007 cbaritas
1144 1988 1152 2013 ;
1170 1987 1239 2007 unus
1264 1987 1362 2015 nempe
1386 1981 1412 2008 in
1433 1981 1486 2009 ﬁde
1500 1983 1584 2016 audit,
1604 1985 1671 2012 alter
1689 1993 1754 2014 vero

961 2028 988 2054 in
1006 2026 1140 2054 cliaritate
1164 2025 1255 2059 docet,
1270 2026 1330 2054 sine
1353 2027 1423 2055 fastu
1441 2033 1487 2055 aut
1502 2027 1634 2063 jactantia
1651 2031 1683 2059 de
1698 2033 1754 2060 vir-

961 2075 1062 2102 tutibus
1082 2075 1282 2102 sermocinans.
1300 2073 1377 2101 Tunc
1398 2075 1469 2102 enim
1488 2076 1578 2104 anima
1597 2085 1750 2107 sermonem

961 2120 1081 2149 scientiae
1097 2126 1127 2148 ut
1145 2120 1304 2155 magistrum
1325 2121 1442 2156 accipit;
1461 2125 1488 2149 et
1509 2122 1645 2156 lectionis,
1664 2129 1694 2152 ut
1712 2126 1753 2153 ci-

962 2166 1042 2199 bum;
1060 2169 1088 2193 et
1107 2172 1260 2192 sermonem
1281 2173 1374 2200 opere,
1393 2173 1446 2193 non
1470 2175 1517 2194 ore
1536 2175 1704 2203 expressum,
1721 2175 1752 2198 ut

961 2211 1144 2247 gratissimum
1166 2212 1402 2247 paranymphum;
1422 2217 1448 2240 et
1468 2213 1676 2243 illuminativum
1695 2216 1752 2251 spi-

963 2258 1033 2285 ritus
1052 2264 1218 2289 sermonem,
1236 2261 1265 2283 ut
1283 2256 1390 2284 laetiﬁca
1407 2258 1489 2285 verba
1507 2265 1632 2293 sponsam
1651 2268 1750 2296 sponso

962 2303 1095 2331 unienlia.
1120 2302 1187 2330 Nam
1214 2311 1359 2333 sermones
1379 2311 1412 2330 ex
1432 2311 1480 2331 ore
1504 2304 1550 2332 Dei
1574 2307 1752 2341 procedentes

961 2355 1025 2378 sunt
1046 2350 1137 2377 omnia
1160 2351 1242 2378 verba
1261 2358 1310 2385 per
1325 2349 1456 2385 Spiritum
1475 2358 1508 2378 ex
1530 2359 1577 2379 ore
1593 2359 1750 2382 sanctorum

960 2396 1078 2432 prolata,
1098 2400 1126 2424 et
1154 2404 1237 2431 opera
1267 2395 1425 2423 dulcissimo
1444 2395 1563 2432 Spiritus
1582 2398 1676 2435 alliam
1705 2401 1750 2428 in-

960 2443 1075 2474 stinctu,
1088 2449 1143 2477 quo
1157 2449 1211 2469 non
1226 2449 1331 2474 omnes,
1348 2443 1394 2469 sed
1409 2442 1482 2478 digni
1499 2449 1600 2472 tantum
1614 2445 1750 2477 fruuntur.

959 2488 1027 2516 Cum
1053 2493 1145 2515 autem
1171 2495 1296 2515 sermone
1316 2487 1443 2516 fruantur
1459 2490 1616 2526 quicunque
1634 2493 1752 2520 rationa-

960 2535 1009 2567 les,
1027 2541 1098 2560 nunc
1114 2534 1269 2569 paucissimi
1285 2540 1348 2561 sunt
1362 2543 1431 2570 quos
1447 2535 1564 2572 Spiritus
1581 2538 1666 2574 reipsa
1685 2539 1752 2567 lacti-

961 2582 1038 2614 ﬁcat,
1059 2581 1107 2608 scd
1137 2580 1247 2615 plurimi
1276 2581 1383 2615 species
1410 2581 1545 2610 duntaxat
1569 2584 1750 2617 spiritualium

960 2635 1118 2656 sermonum
1133 2626 1263 2654 memoria
1277 2632 1444 2662 cognoscunt
1457 2633 1482 2654 et
1495 2629 1670 2663 participant,
1685 2638 1752 2657 non-

960 2676 1023 2702 dum
1044 2675 1127 2702 cibati
1145 2681 1210 2701 vero
1226 2681 1295 2708 pane
1311 2673 1400 2700 divini
1417 2674 1492 2701 verbi
1509 2682 1590 2709 quem
1609 2675 1635 2702 in
1658 2675 1751 2704 futuro

959 2721 1119 2756 gustabunt,
1135 2724 1162 2747 et
1183 2719 1229 2754 qui
1255 2719 1330 2746 solus
1353 2719 1408 2746 illic
1428 2719 1589 2753 proponitur
1607 2721 1640 2748 ad
1663 2721 1752 2749 laetiﬁ-

959 2766 1062 2795 candos
1080 2772 1177 2793 omnes
1195 2764 1303 2800 dignos,
1324 2771 1374 2791 nec
1390 2771 1507 2799 unquam
1524 2766 1685 2799 comeditur,
1703 2775 1754 2796 nec

960 2814 1125 2842 absorbetur
1143 2817 1189 2840 aut
1205 2811 1385 2840 consumitur.

115 2848 161 2868 ται
178 2842 218 2874 εις
236 2843 326 2873 πᾶσαν
343 2847 398 2878 τοῖς
411 2847 498 2880 ἀξίοις
512 2848 613 2881 ἱκανῶς
627 2850 727 2884 ἡδονήν
739 2859 745 2866 ·
761 2842 831 2887 μήτε
844 2853 1013 2888 ὲσθιόμενος,
1032 2855 1104 2890 μήτε
1117 2852 1324 2889 δαπανώμενος,
1337 2853 1354 2888 ἢ
1369 2853 1502 2889 θυόμενος
1518 2852 1642 2881 πώποτε.
