1947 3072
173 160 244 194 12τ3

690 164 827 195 CAPITA
848 164 922 195 PER
943 163 1275 197 ACROSTICHIDEM.

1726 163 1794 195 ιετι

167 220 284 255 ὥρας’ἓξ
295 219 347 251 ἕως
363 228 435 255 πρω.
447 227 454 234 ⁸
470 218 530 246 alta
546 218 660 254 ψάλλειν
672 217 722 253 τὴν
739 216 855 252 πρώτην
876 217 952 252 ὥραν

1009 227 1036 250 et
1057 224 1083 250 in
1106 223 1213 251 silentio
1235 224 1341 257 sedere,
1360 227 1388 250 ut
1415 230 1497 258 supra
1523 222 1624 249 dictum
1645 226 1695 254 cst,
1710 227 1736 248 et
1756 222 1796 249 vel

166 266 213 292 καὶ
235 264 398 297 καθέζεσθαι
421 264 604 299 ἡσυχάζοντα,
623 263 660 294 ὡς
675 263 837 298 προείρηται
850 271 858 279 ·
876 263 922 289 καὶ
937 263 954 298 ἦ

165 310 228 342 τοὺς
243 311 323 345 ὄρους
336 310 392 337 τῶν
408 309 547 345 ἐργασιῶν
570 308 716 343 φυλάττειν
737 308 781 335 διὰ
796 308 850 335 τῶν
865 308 956 344 ὡρῶν,

165 357 181 391 ἢ
197 357 247 392 τὴν
269 357 410 391 συνέχειαν
427 355 528 391 δηλαδὴ
546 356 595 390 τῆς
620 354 776 390 προσευχῆς
795 355 957 381 ἀδιάστατον

163 405 269 438 τηρεῖν,
298 403 332 430 δι’
358 400 394 438 ἦς
420 403 437 437 ἡ
465 401 522 434 ἕξις
546 402 594 428 τὴν
622 400 843 436 πολιτευόμενον.
869 401 903 427 Ἦ
929 401 957 427 δὲ

1009 277 1090 304 opera
1113 270 1185 297 horis
1201 270 1333 305 regulare,
1349 270 1390 296 Vel
1406 276 1562 304 permanere
1579 269 1678 302 jugiler
1689 268 1715 294 in
1735 275 1797 294 ora-

1010 317 1083 343 tione
1111 317 1258 347 continua,
1287 323 1335 350 pro
1365 315 1488 342 monachi
1521 314 1659 341 facultate.
1687 313 1798 340 Tertius

1009 362 1125 396 denique
1150 361 1246 388 modus
1267 366 1308 388 est
1335 366 1420 388 totam
1445 365 1550 388 nectent
1574 361 1672 387 ducere
1695 360 1797 386 insom—

1011 415 1083 435 ηειιι.

164 450 244 483 τρίτη
265 449 398 482 πολιτεία,
418 447 565 483 παννύχιον
590 447 647 482 ἔχει
666 446 715 482 τὴν
732 447 827 474 στάσιν
845 447 893 473 καὶ
908 448 958 484 τὴν
973 450 1153 485 ἐγρήγορσιν.

202 491 255 528 ρβί.
275 491 341 518 ἰδοὺ
356 492 411 526 γὰρ
427 491 473 518 καὶ
490 490 556 526 περὶ
569 489 697 525 βρώσεώς
711 497 812 524 φαμεν,
826 489 867 516 ὅτι
878 489 957 524 λίτρα

167 539 250 574 ἄρτου
263 539 345 573 ἀρκεῖ
365 538 447 564 παντὶ
467 537 507 573 τῷ
526 537 720 572 ἀγωνιζομένῳ
740 536 810 571 πρὸς
827 535 954 571 ἡσυχίαν,

167 585 214 611 καὶ
231 585 303 610 οἴνου
321 583 370 619 μὲν
389 583 445 610 δύω
457 583 591 619 βαυκάλια
606 583 727 618 ἀκράτου
740 581 838 614 πίνειν,
860 580 956 613 ὓδατος

166 629 194 656 δὲ
213 629 295 663 τρία’
314 628 361 655 καὶ
380 628 434 654 ἀπὸ
455 628 509 654 τῶν
524 627 727 663 εὑρισκομένων
745 626 837 653 σιτίων
856 626 954 661 τρέφει-

167 675 239 706 σοαι,
253 676 302 710 οὐχ
315 676 364 702 ὅσα
380 675 456 710 ζητεῖ
471 675 488 709 ἡ
505 674 586 708 φύσις
601 673 818 708 ἐπιθυμητικῶς,
835 673 891 699 ἀλλ’
906 673 955 699 ὃσα

166 723 181 756 ἡ
208 722 321 756 πρόνοια
340 721 487 755 οἰκονομεῖ,
505 720 622 755 χρᾶσθαι
653 719 805 754 ἐγκρατῶς.
828 719 954 753 Ἀριστος

166 767 221 804 [ῖσ.
249 767 360 803 ἀρίστη]
385 765 432 794 οὗν
457 767 504 794 καὶ
529 767 662 800 σύντομος
688 766 789 801 εἴδησις
815 766 880 802 περὶ
900 766 954 793 τῶν

166 813 287 850 ἀκριϐῶς
313 812 505 840 πολιτεύεσθαι
533 812 715 848 βουλομένων,
741 812 791 843 τὰς
806 813 882 847 τρεῖς
899 812 955 838 τῶν

165 858 270 894 ἀρετῶν
279 857 456 893 πριεκτικάς
469 857 600 893 ἐργασίας
612 858 715 892 τηρεῖν,
728 857 856 891 νηστείαν
870 857 952 892 φημὶ,

1044 499 1105 525 102.
1126 499 1199 526 Talia
1230 499 1263 526 de
1290 498 1427 525 alimentis
1456 497 1612 524 statuimus.
1634 497 1690 524 lina
1717 497 1796 531 panis

1007 545 1074 571 libra
1102 546 1168 572 satis
1192 549 1234 572 est
1257 545 1370 571 cuilibet
1393 544 1424 570 ml
1447 544 1633 579 quietmlinem
1659 544 1796 576 tendenti;

1007 591 1082 618 bibat
1097 599 1159 619 vero
1173 591 1227 618 duo
1240 591 1295 618 vini
1309 591 1375 618 meri
1392 591 1498 625 pocula,
1513 595 1539 617 et
1554 598 1630 624 aqua!
1644 590 1708 616 tria.
1723 590 1796 616 (libis

1006 637 1212 664 occurrentibus
1235 637 1335 668 alatur,
1357 644 1407 663 nec
1430 636 1463 664 iis
1485 644 1552 670 quos
1575 641 1672 662 natura
1697 635 1797 668 cupide

1006 683 1118 716 appetit,
1140 683 1186 710 sed
1213 690 1282 717 quos
1307 682 1387 710 oﬂ‘ert
1413 682 1599 712 Providentia,
1625 685 1724 707 utatur.
1750 679 1797 706 llis

1005 728 1087 763 igitur
1106 728 1151 763 qni
1175 728 1292 763 perfecte
1307 728 1396 755 vivere
1417 727 1507 753 volunt
1523 748 1531 759 ,
1564 731 1636 754 recta
1659 730 1684 752 et
1707 725 1796 752 brevis

1006 775 1047 801 via
1069 779 1111 801 est
1122 781 1231 801 servare
1264 775 1314 801 tria
1336 782 1416 808 opera
1435 774 1532 807 quibus
1559 773 1670 799 virtutes
1687 779 1798 798 conser-

1006 825 1115 853 vantur,
1141 828 1238 854 nempe
1264 820 1474 850 abstinentiam.
1501 819 1654 857 orationem
1683 822 1708 845 et
1732 817 1798 851 rigi-

1006 865 1088 898 liam,
1113 874 1174 901 quae
1197 871 1309 893 cunctas
1338 865 1494 892 firmissimo
1528 864 1668 891 stabiliunt
1698 863 1796 890 funda-

165 903 333 939 ἀγρυπνίαν,
350 904 397 930 καὶ
413 903 580 939 προσευχὴν,
594 904 624 930 τὸ
641 903 757 937 ἔρεισμα
780 903 888 930 πάντων
909 902 954 938 βεσ
971 898 989 923 Β
1007 916 1111 940 meum.

165 950 503 985 ϐαιούσας-κραταιότιιτα.
948 967 951 981 ε

201 994 254 1029 ργ’.
281 994 312 1022 Ἢ
334 994 434 1029 ἡσυχία
451 994 505 1029 πρὸ
531 994 641 1022 πάντων
665 994 784 1025 πίστεως
802 993 888 1020 δεῖται
907 995 954 1021 καὶ

166 1040 304 1075 ὑπομονῆς
315 1061 322 1072 ,
337 1039 385 1066 καὶ
399 1040 447 1074 τῆς
465 1036 494 1073 ἐξ
508 1040 572 1075 ὅλης
583 1039 706 1074 καρδίας,
728 1041 775 1066 καὶ
791 1038 893 1073 ἰσχύος,
907 1039 954 1065 καὶ

165 1086 315 1121 δυνάμεως,
343 1086 464 1120 ἀγάπης,
491 1086 538 1113 καὶ
554 1086 671 1117 ἐλπίδος.
701 1086 730 1112 ’0
758 1086 806 1120 μὲν
832 1085 886 1120 γάρ
908 1093 954 1111 πι-

166 1131 279 1163 στεύων,
303 1131 356 1158 xiv
382 1131 501 1159 ἐνταῦθα
518 1131 564 1158 τοῦ
588 1131 754 1167 ζητουμένου
773 1131 896 1167 ἀποτύχῃ
919 1130 954 1157 δι’

165 1177 295 1211 ἀμέλειαν
319 1177 412 1212 τυχὸν,
433 1177 450 1212 ἢ
474 1177 557 1212 ἀλλην
574 1177 675 1208 αἰτίαν,
692 1176 750 1203 ἀλλ’
764 1177 793 1202 έν
818 1177 851 1211 τῇ
871 1175 954 1211 ἐξόδῳ

163 1223 273 1254 πάντως
294 1223 425 1250 ἀδύνατον
450 1223 487 1257 μὴ
512 1222 756 1258 πληροφορηθῆναι
778 1222 824 1249 τδν
848 1221 955 1256 καρπὸν

164 1269 212 1304 τῆς
233 1269 351 1298 πίστεως
373 1268 420 1294 καὶ
442 1267 490 1294 τοῦ
511 1268 634 1302 ἀγῶνος,
662 1267 711 1294 καὶ
729 1267 795 1293 ἰδεῖν
814 1267 862 1302 τὴν
879 1266 955 1293 ἐλευ-

165 1316 277 1351 θερίαν·
302 1315 331 1347 ὃς
350 1316 425 1341 ἐστιν
452 1313 556 1349 Ἰησοῦς
576 1314 590 1340 ὁ
605 1313 734 1348 Χριστὸς,
751 1313 768 1348 ἡ
786 1312 840 1339 τῶν
861 1311 955 1347 ψυχῶν

165 1364 353 1398 ἀπολύτρωσις
384 1362 432 1388 καὶ
457 1361 598 1396 σωτηρία,
623 1361 637 1387 ὁ
660 1360 834 1394 οεάνθρωπος
857 1359 953 1393 Λόγος.

170 1410 200 1436 '0
214 1410 243 1436 δὲ
272 1408 395 1436 ἀπιστῶν
420 1406 654 1442 κατακριθήσεται
678 1406 787 1437 πάντως
804 1405 833 1431 ὲν
853 1404 934 1439 ἐξόδῳ
946 1411 954 1420 ”

165 1455 294 1483 ἀλλὰκαὶ
309 1454 359 1489 ήδη
375 1454 513 1489 κέκριται,
532 1452 614 1487 φησὶν
626 1452 640 1477 ό
654 1451 764 1485 Κύριος.
785 1451 813 1478 Ὀ
829 1451 883 1485 γὰρ
895 1451 956 1481 ταῖς

165 1503 271 1538 ἡδοναῖς
299 1499 442 1531 δουλεύων,
467 1498 610 1531 καὶδόξαν
632 1497 682 1532 τὴν
706 1497 782 1532 παρά
805 1496 956 1531 ἀνθρώπων

165 1547 255 1583 ζητῶν
267 1567 274 1579 ,
292 1547 340 1573 καὶ
356 1546 386 1572 ού
401 1545 451 1580 τὴν
471 1546 503 1572 ὲκ
529 1544 608 1577 Θεοῦ,
633 1543 746 1573 ἄπιστός
769 1543 827 1569 ἐστι
839 1563 846 1574 ,
867 1541 953 1577 φησί’
967 1558 988 1585 c

165 1592 217 1619 κᾶν
235 1593 264 1618 ἐν
281 1591 354 1625 λόγῳ
373 1589 468 1621 πιστὸς
488 1587 558 1615 εἶναι
573 1589 639 1623 δοκῇ
664 1588 678 1614 ὁ
694 1586 826 1619 τοιοῦτος,
847 1588 953 1621 ἠπάτη-

167 1647 213 1666 σεν
231 1638 328 1665 ἑαυτὸν
339 1636 501 1671 λεληθότως.
520 1634 679 1663 Ἀκούσεται
691 1634 756 1669 γὰρ,
771 1635 813 1661 ὅτι
832 1634 903 1659 ἈνΘ’
918 1629 956 1662 ὧν

165 1684 216 1711 οὐκ
234 1683 327 1714 ἑλαὸές
344 1692 377 1718 με
395 1683 424 1708 ὲν
443 1683 476 1716 τῇ
490 1680 590 1717 καρδίᾳ
605 1688 663 1712 σου,
678 1679 736 1706 ἀλλ’
753 1679 909 1715 ἀπέρριψάς
923 1687 956 1714 με

166 1730 254 1756 ὀπίσω
273 1729 321 1756 τοῦ
335 1729 420 1756 νώτου
435 1737 499 1760 σου,
522 1727 600 1762 κάγὼ
615 1726 763 1762 ἀπώσομαι
786 1735 827 1753 σε.
842 1727 889 1752 Δεῖ
902 1725 958 1763 γὰρ

166 1775 212 1802 τὸν
238 1775 333 1801 πιστὸν
361 1773 471 1801 εὖελπιν
493 1771 580 1805 εἶναι,
600 1772 647 1800 καὶ
663 1771 802 1800 πιστεύειν
835 1771 885 1807 μὲν
907 1771 957 1807 τὴν

167 1821 214 1849 τοῦ
237 1820 305 1848 Θεοῦ
321 1819 451 1854 ἀλήθειαν
462 1838 469 1850 ,
489 1818 718 1854 μαρτυρουμένην
731 1818 761 1844 ὲν
778 1817 881 1848 πάσαις
897 1818 957 1848 ταῖς

167 1867 290 1902 Γραφαῖς
301 1886 308 1896 ,
323 1864 466 1900 ὁμολογεῖν
477 1863 505 1890 δὲ
517 1865 567 1898 τὴν
581 1862 679 1890 ἑαυτοῦ
692 1861 845 1893 ἀσθένειαν,
862 1860 905 1890 ῐνα
919 1861 957 1896 μὴ

168 1911 279 1938 διπλοῦν
292 1909 340 1946 ἒξῃ
357 1909 387 1936 τὸ
404 1910 490 1945 κρῖμα
505 1909 554 1937 καὶ
568 1907 766 1943 ἀπαραίτητον.

204 1958 251 1992 ρδ’.
277 1955 525 1991 Συντετριμμένηνξ
540 1955 656 1990 καρδίαν
677 1955 724 1980 καὶ
740 1953 830 1988 ψυχὴν
861 1961 956 1981 ταπει-

168 2002 292 2038 νωμένην
320 2001 396 2030 οὐδὲν
415 2000 503 2032 οὕτως
532 2001 655 2035 ἐμποιεῖ,
685 2000 723 2030 ὡς
749 2000 780 2025 τὸ
799 1998 910 2031 ἱδιάξειν
929 1999 958 2025 ἐν

168 2048 278 2082 γνώσει,
294 2048 340 2074 καὶ
362 2048 379 2082 ἡ
395 2049 427 2076 ὲκ
444 2047 554 2074 πάντων
573 2046 674 2081 σιωπή.
700 2045 810 2079 κυρίως
823 2045 872 2071 οὐκ
894 2044 958 2072 ἀλλο

168 2093 193 2120 τί
213 2093 324 2119 ἐστι-τὺ
349 2093 480 2126 ).υμαίνον
499 2091 548 2126 τὴν
565 2091 733 2118 κατάστασιν
756 2089 806 2123 τῆς
830 2089 956 2125 ἡσυχίας,

168 2141 214 2168 καὶ
227 2140 276 2174 τὴν
295 2138 370 2166 θείαν
391 2138 421 2171 ἐξ
440 2137 525 2172 αὐτῆς
543 2136 702 2172 περιαιροῶι
717 2136 844 2170 δύναμιν,
867 2135 905 2167 ὡς
923 2134 959 2162 τὰ

167 2184 330 2221 περιεκτικά
354 2184 384 2217 ἒξ
411 2183 484 2217 πάθη
514 2183 622 2210 ταῦτα’
652 2181 813 2219 παρρησία,
845 2190 958 2217 γαστρι-

1043 999 1104 1027 105.
1122 999 1261 1034 Estquieti
1277 1004 1340 1027 ante
1350 1000 1440 1026 omnia
1459 1007 1527 1032 opus
1537 999 1613 1031 fides,
1624 1003 1651 1026 et
1668 1002 1797 1025 constan-

1005 1045 1054 1079 tia,
1072 1050 1099 1073 et
1111 1046 1232 1072 cliaritas
1245 1053 1278 1072 ex
1293 1051 1347 1072 tota
1363 1045 1464 1076 anima,
1491 1045 1591 1072 virtute
1618 1051 1650 1071 ac
1665 1043 1795 1079 polentia,

1004 1095 1034 1120 et
1049 1098 1123 1126 spes.
1138 1091 1205 1119 Nam
1221 1091 1243 1119 si
1258 1092 1318 1125 quis
1335 1091 1413 1118 fidem
1429 1091 1520 1123 habet,
1534 1091 1597 1118 licet
1611 1097 1684 1117 nunc
1703 1091 1794 1117 forsan

1004 1147 1018 1166 a
1036 1144 1121 1173 scopo
1136 1137 1170 1165 ob
1186 1137 1320 1164 incuriam
1338 1137 1452 1164 aliamve
1469 1144 1579 1164 causam
1598 1136 1718 1167 aberret,
1744 1136 1797 1163 sal-

1006 1187 1059 1210 tem
1082 1183 1109 1209 in
1134 1182 1207 1209 exitu
1234 1182 1295 1208 vitae
1324 1189 1377 1208 non
1402 1186 1492 1216 potest
1511 1189 1562 1208 non
1588 1181 1660 1208 ferre
1682 1181 1796 1208 multum

1006 1228 1070 1256 fidei
1091 1233 1119 1255 et
1141 1228 1299 1256 certaminis
1322 1227 1451 1259 fructum,
1467 1233 1494 1255 et
1515 1228 1669 1255 libertatem
1691 1227 1795 1257 videre.

1006 1284 1067 1310 qua!
1092 1279 1134 1302 est
1159 1274 1241 1302 Jesus
1265 1274 1411 1306 Chrisms,
1438 1275 1592 1301 animarum
1617 1274 1748 1301 liberator
1769 1277 1797 1300 et

1006 1320 1138 1351 salvator,
1155 1319 1224 1346 Deus
1247 1319 1328 1346 boum
1341 1320 1471 1347 Verbum.
1485 1319 1537 1352 Qui
1552 1326 1615 1346 vero
1630 1326 1683 1345 non
1699 1319 1796 1349 credit,

1005 1370 1078 1392 certe
1091 1365 1319 1392 condemnabilur
1341 1365 1366 1391 in
1391 1366 1476 1396 exitu,
1490 1369 1517 1390 et
1526 1365 1580 1399 jam
1595 1364 1729 1404 judicatus
1744 1369 1796 1396 est,

1005 1411 1043 1438 ait
1056 1411 1076 1437 D
1089 1410 1208 1438 ominus.
1223 1409 1273 1443 Qui
1288 1410 1359 1437 enim
1375 1410 1557 1445 voluptatibus
1568 1410 1690 1444 inservit,
1701 1414 1727 1437 et
1741 1409 1798 1444 glo-

1008 1455 1078 1483 riam
1098 1455 1197 1490 quaerit
1211 1457 1244 1482 ab
1265 1455 1433 1486 hominibus.
1449 1463 1501 1482 non
1520 1463 1534 1482 a
1558 1455 1622 1487 Deo,
1640 1455 1796 1482 incredulus

1006 1504 1060 1534 est,
1078 1500 1184 1534 inquit;
1204 1504 1232 1526 et
1251 1500 1376 1534 quamvis
1399 1501 1426 1526 in
1451 1507 1576 1527 sermone
1599 1500 1686 1528 ﬁdelis
1705 1500 1797 1526 vidca-

1005 1549 1060 1579 tnr,
1078 1545 1254 1580 semetipsum
1283 1546 1384 1573 inscius
1402 1546 1479 1572 fallit.
1500 1545 1628 1580 Namque
1650 1545 1721 1572 banc
1741 1552 1793 1571 au-

1006 1591 1061 1618 diet
1088 1591 1255 1618 sententiam
1274 1598 1283 1618 :
1300 1590 1369 1623 Quia
1398 1599 1449 1618 non
1472 1591 1600 1625 recepisti
1625 1598 1668 1618 me
1686 1598 1719 1618 ex
1742 1595 1798 1617 toto

1007 1637 1089 1668 corde
1109 1641 1167 1670 tuo,
1185 1641 1213 1664 et
1237 1645 1281 1666 me
1300 1643 1362 1672 post
1385 1641 1489 1672 tergum
1514 1637 1644 1669 refecisti,
1661 1642 1688 1663 et
1704 1644 1754 1672 ego
1771 1642 1798 1664 te

1008 1683 1149 1717 repellam.
1167 1682 1251 1710 Debet
1272 1684 1357 1717 igitur
1374 1683 1461 1710 fidelis
1479 1683 1576 1710 bonam
1593 1690 1668 1718 spem
1686 1683 1798 1715 habere,

1007 1733 1033 1755 ct
1050 1727 1165 1755 credere
1181 1727 1291 1763 quidem
1320 1727 1366 1755 Dei
1389 1727 1547 1760 veritatem,
1563 1735 1642 1761 quam
1663 1731 1799 1755 testantur

1006 1781 1104 1800 omnes
1128 1773 1289 1808 Scriptum,
1306 1773 1429 1800 conﬁteri
1448 1778 1540 1800 autem
1559 1773 1697 1808 propriam
1723 1773 1799 1799 infir-

1008 1819 1143 1852 mitatem,
1162 1826 1196 1846 ne
1219 1819 1318 1854 duplex
1341 1824 1369 1847 et
1391 1819 1561 1846 inexorabile
1585 1819 1706 1846 incurrat
1724 1819 1799 1853 judi-

1007 1871 1093 1891 ctum.

1045 1952 1107 1981 104.
1126 1954 1166 1980 Ad
1190 1961 1238 1980 cor
1261 1952 1407 1981 contritum
1433 1958 1461 1980 et
1483 1953 1602 1980 animam
1628 1952 1797 1980 bumiliatam

1009 1999 1078 2028 nihil
1100 2004 1154 2026 tam
1174 1999 1315 2031 conducit,
1330 2007 1411 2034 quam
1431 2000 1485 2026 vita
1503 1999 1617 2026 interius
1634 1998 1747 2033 mystica
1771 2002 1799 2025 et

1010 2046 1124 2073 omnino
1149 2046 1244 2073 silens.
1268 2045 1325 2074 Nec
1349 2045 1422 2073 aliud
1451 2046 1559 2080 proprie
1581 2050 1634 2072 tam
1659 2044 1800 2080 perturbat

1009 2091 1109 2125 quietis
1129 2096 1229 2119 statum
1250 2097 1277 2119 et
1302 2092 1419 2119 divinam
1440 2091 1474 2118 ab
1496 2098 1528 2118 ea
1549 2091 1638 2118 aufert
1659 2091 1797 2122 virtutem,

1009 2145 1091 2172 quam
1109 2137 1237 2173 capitalia
1253 2145 1301 2165 sex
1319 2138 1384 2165 vitia
1403 2138 1459 2165 haec
1474 2145 1482 2164 ι
1497 2138 1582 2165 nimia
1601 2137 1722 2170 libertas,
1738 2144 1798 2164 ser-

1008 2184 1081 2211 vitus
1101 2183 1215 2217 ventris,
1237 2182 1455 2217 multilnquentia
1468 2203 1476 2216 ,
1498 2182 1686 2217 negotiosilas,
1705 2181 1798 2214 elatio,

170 2231 286 2266 μαργία,
301 2229 450 2263 πολυλογία
464 2237 494 2255 τε
510 2229 558 2254 καὶ
584 2227 777 2263 περισπασμὸς
789 2246 798 2259 ,
814 2228 956 2261 φυσίωσις,

1010 2235 1038 2257 et
1055 2229 1147 2264 regina
1165 2222 1322 2263 passionum
1346 2227 1484 2262 superbia.
1502 2227 1551 2255 His
1566 2228 1611 2263 qui
1629 2228 1740 2255 studere
1756 2235 1800 2256 as-

168 2278 214 2303 καὶ
236 2276 253 2311 ἡ
280 2275 362 2310 κυρία
381 2274 436 2301 τῶν
453 2274 548 2301 παθῶν
566 2273 666 2309 οἴησις.
692 2273 740 2305 Εἰς
760 2272 832 2307 ἅπερ
854 2272 869 2298 ό
888 2272 959 2306 μετά

169 2322 324 2358 προθυμίας
343 2321 448 2354 ἐθίσας,
463 2320 574 2352 τελείως
595 2319 643 2346 καὶ
661 2319 732 2354 μετὰ
751 2319 801 2354 τὴν
816 2319 959 2354 προκοπὴν

170 2368 216 2394 ἐπὶ
240 2367 331 2394 πλεῖον
350 2365 553 2401 σκοτιζόμενος,
580 2364 745 2400 ἀναίσθητος
764 2364 878 2398 γίνεται.
903 2364 960 2391 Καὶ

169 2414 194 2440 εἰ
210 2413 260 2448 μὲν
284 2412 429 2439 ἀνανεύσει
446 2411 543 2445 πάλιν,
563 2410 633 2446 μετά
649 2410 768 2442 πίστεως
787 2410 836 2439 καὶ
859 2410 960 2445 προθυ-

172 2459 235 2494 μίας
251 2457 340 2492 βαλὼν
358 2457 455 2492 ἀρχὴν,
469 2456 518 2483 τοῦ
536 2456 705 2492 ζητουμένου
721 2456 846 2489 τεύξεται
861 2456 957 2484 πάλιν·

170 2506 217 2532 καὶ
231 2504 350 2540 μάλιστα
363 2502 576 2538 ταπεινούμενος
590 2503 636 2530 καὶ
651 2501 750 2539 ζητῶν.
768 2502 799 2530 Et
814 2502 843 2529 δὲ
859 2501 889 2529 ἓν
903 2502 959 2529 τῶν

170 2549 379 2586 προειρημένων
391 2548 437 2575 διά
449 2548 499 2583 τῆς
511 2548 643 2583 ἀμελείας
661 2548 736 2584 βασι)
742 2547 818 2575 εΰσει
830 2549 859 2575 ὲν
874 2547 958 2583 αὐτῷ,

169 2598 230 2624 τότε
248 2597 320 2626 ἄπας
334 2595 348 2620 ὁ
372 2593 427 2621 τῶν
448 2594 540 2621 κακῶν
561 2596 712 2629 κατάλογος
727 2596 775 2622 σὺν
790 2597 822 2630 τῇ
845 2594 961 2630 ὀλεθρίῳ

172 2643 285 2679 ἀπιστίᾳ
303 2641 519 2677 ἐκστρατεύσας,
545 2637 647 2675 ἔρημον
662 2642 711 2675 τὴν
728 2640 818 2675 ψυχὴν
838 2638 963 2674 ἀπεργά-

172 2689 267 2721 ζεται·
286 2684 341 2713 οἷον
355 2695 416 2712 τινα
435 2685 607 2712 Βαὸυλωνίαν
622 2685 699 2712 πόλιν
714 2685 797 2720 ἄλλην
808 2705 815 2716 ,
834 2685 894 2716 ταῖς
908 2683 963 2710 τῶν

173 2735 309 2770 δαιμόνων
338 2732 484 2767 γινομένην
510 2732 644 2766 ταραχαῖς
671 2731 718 2757 καὶ
749 2729 891 2766 θορύϐοις.
925 2730 963 2761 ὡς

173 2781 244 2808 εἶναι
273 2780 307 2806 τὰ
323 2779 426 2814 ἔσχατα
441 2778 551 2814 χείρονα
571 2779 625 2804 τῶν
639 2777 757 2812 πρώτων
769 2783 776 2791 ⁸
797 2777 844 2803 καὶ
866 2776 964 2811 ὲχθρον

174 2826 323 2862 Θυμοειδῆ,
347 2827 394 2852 καὶ
423 2826 576 2860 κατήγορον
602 2825 672 2850 κατὰ
694 2823 748 2849 τῶν
773 2824 965 2859 ἡσυχαζόντων

1011 2275 1100 2303 suevit
1120 2279 1148 2302 et
1167 2275 1195 2302 in
1215 2275 1256 2302 eis
1275 2274 1364 2309 magis
1385 2274 1525 2309 magisque
1544 2274 1669 2309 profecit,
1690 2273 1720 2301 ﬁt
1742 2282 1800 2301 om-

1009 2321 1073 2348 nino
1093 2328 1181 2348 caecus
1205 2324 1233 2348 et
1259 2328 1358 2348 sensus
1380 2328 1503 2356 exspers.
1522 2320 1597 2354 Quod
1614 2321 1636 2347 si
1654 2320 1751 2348 iterum
1769 2328 1798 2349 se

1010 2367 1109 2402 erigat,
1126 2375 1187 2395 cum
1211 2367 1263 2395 fide
1283 2374 1315 2395 ac
1329 2367 1470 2403 diligentia
1485 2371 1605 2402 emptum
1621 2367 1722 2400 iniens,
1738 2374 1800 2395 sco-

1009 2420 1071 2447 pum
1089 2421 1183 2441 rursus
1199 2413 1380 2448 adipiscetur,
1401 2413 1520 2441 maxime
1535 2413 1556 2440 si
1572 2413 1712 2441 humiliter
1727 2413 1799 2441 hunc

1009 2460 1175 2494 quaesiverit.
1195 2459 1223 2486 Si
1240 2467 1304 2487 vero
1319 2468 1372 2487 una
1389 2467 1423 2487 ex
1439 2459 1561 2495 praefatis
1576 2461 1748 2496 passionibus
1762 2460 1797 2488 ob

1009 2505 1203 2541 negligentiam
1231 2505 1258 2533 in
1284 2513 1318 2534 eo
1344 2511 1456 2541 regnet,
1486 2510 1551 2534 tunc
1579 2510 1634 2534 tota
1663 2507 1796 2533 malorum

1008 2553 1094 2580 series
1110 2559 1171 2579 cum
1188 2552 1292 2580 letifera
1314 2552 1507 2580 incredulitate
1528 2553 1694 2587 irrumpens,
1718 2552 1796 2579 deso-

1008 2599 1081 2627 lalur
1103 2599 1243 2632 animam,
1264 2606 1342 2634 quae,
1364 2599 1438 2626 velut
1464 2598 1549 2626 altera
1577 2599 1642 2626 urbs
1667 2597 1796 2633 Babylon,

1009 2645 1163 2672 damionum
1193 2644 1309 2672 traditur
1339 2644 1426 2672 turbis
1453 2651 1486 2672 ac
1512 2643 1682 2676 tumultibus,
1701 2643 1737 2670 ita
1767 2648 1797 2671 ut

1009 2689 1075 2716 fiant
1092 2689 1239 2716 novissima
1256 2689 1317 2723 ejus
1333 2689 1426 2724 pejora
1448 2688 1596 2724 prioribus,
1612 2693 1639 2716 et
1659 2688 1799 2723 impugnet

1009 2735 1069 2770 ejus
1091 2735 1209 2770 quietem
1234 2735 1321 2763 hostis
1343 2740 1372 2763 et
1395 2741 1549 2769 accusator,
1572 2739 1600 2762 et
1621 2734 1739 2770 linguam
1767 2739 1797 2762 ut

1010 2781 1135 2809 lanceam
1150 2781 1322 2816 gladiumque
1335 2781 1479 2816 bipennem
1494 2786 1589 2808 contra
1602 2780 1676 2808 illam
1689 2787 1798 2818 semper

1011 2832 1138 2857 exacuet.

174 2873 327 2909 γινόμενον,
344 2872 390 2899 καὶ
408 2872 458 2906 τὴν
472 2871 597 2905 γλῶσσαν
612 2871 648 2902 ὠς
663 2870 753 2902 ὀξεῖαν
770 2870 815 2897 καὶ
832 2870 867 2902 ὡς
883 2869 1008 2907 δίστομον
1024 2872 1065 2899 ἀεὶ
1081 2872 1144 2900 κατ’
1161 2871 1247 2899 αὐτῶν
1262 2871 1397 2906 μάχαιραν
1413 2871 1539 2905 Θήγοντα.
