1947 3072
164 137 233 170 1275

202 195 263 221 105.
283 193 392 221 Cmuosi
423 191 579 225 turbidique
605 190 691 218 instar
718 191 802 217 maris
832 190 951 225 quietam
967 192 989 220 Α

163 239 329 267 inundantes
349 239 469 266 animam
484 238 562 264 undat
582 237 751 271 passionum,
767 236 846 262 aliter
862 235 948 270 trajici

163 290 298 319 nequeunt
320 293 400 319 quam
419 285 469 311 levi
488 284 595 316 citaque
616 284 676 309 navi
696 282 860 309 universalis
883 288 950 316 pau-

164 331 276 366 perlatis
290 336 317 357 et
337 330 530 364 temperantim.
557 327 624 355 Nam
642 337 674 355 ex
701 328 912 362 intemperantia
924 331 952 353 et

163 385 195 404 ex
217 376 365 411 cupiditate
388 375 540 402 dillluentes
566 375 591 402 iu
617 379 717 401 terram
737 374 828 401 cordis
849 373 951 407 passio-

163 428 229 447 num
255 425 402 453 torrentes,
418 425 447 447 et
466 427 575 447 onmem
600 420 731 446 malarum
754 419 950 453 cogitationum

163 467 335 501 putredinem
353 471 435 499 atque
452 467 559 493 sordem
578 466 604 492 in
626 474 683 492 eam
701 466 870 496 invehentes,
887 471 951 499 per-

163 513 274 539 Iutbaul
299 517 435 544 utentem,
462 512 628 539 intellectum
658 511 778 543 ftedaut,
808 511 952 546 ingravant

161 565 272 591 Corpus,
291 563 318 584 et
341 565 427 590 usque
452 557 520 584 adeo
545 558 572 584 in
600 556 789 591 negligentiam
814 556 953 582 tenebras-

163 612 215 637 que
243 609 269 630 et
296 609 432 637 torporem
461 603 580 630 animam
610 607 636 629 et
663 611 709 630 cor
736 602 896 635 impellunt,
923 605 953 628 ut

162 652 216 683 jam
240 659 293 677 nun
317 653 466 678 securnlum
492 655 616 676 naturain
642 650 762 676 habeant
786 656 814 676 se
836 655 868 675 ac
890 655 953 675 sen-

164 700 241 722 luant.

198 741 263 767 106.
286 741 424 774 Desidem,
443 741 565 775 ignavam
587 745 614 767 et
637 739 810 774 insipientem
830 739 897 766 nihil
916 739 953 766 ita

163 789 252 814 reddit
274 787 436 814 certantium
461 787 591 817 animam,
613 792 643 813 ut
667 787 708 813 sui
735 794 821 818 amor,
842 785 888 820 qui
912 790 951 812 est

162 841 225 860 νι-το
247 833 405 868 passionum
427 832 521 859 levites.
543 831 610 859 Cum
629 832 699 858 enim
725 832 850 865 corporis
874 832 953 866 quie-

163 885 217 907 tem
236 879 374 906 laboribus
393 880 524 905 virtutum
544 878 683 912 praeferat,
700 883 728 905 et
744 885 793 912 pro
810 878 952 905 salutifera

162 927 239 960 gnosi
258 930 363 960 reputet
378 933 430 951 nou
454 925 578 951 laborare
594 932 644 951 nec
663 924 770 959 operari
787 924 869 956 ultro,
885 931 954 957 prae-

162 971 255 997 sertim
279 971 307 998 in
328 970 453 997 facilibus
476 969 634 1004 levibusque
652 970 842 996 mandatorum
862 969 954 1003 operi-

163 1018 226 1050 bus,
243 1017 356 1052 proiude
383 1017 501 1044 animam
528 1017 643 1044 inertem
676 1017 708 1043 ad
740 1015 952 1050 pereurrendum

162 1064 329 1098 quietudiuis
349 1063 468 1090 stadium
492 1062 604 1089 reddere
622 1061 701 1095 solet,
720 1067 801 1096 atque
820 1061 952 1088 desidiam

162 1111 189 1137 in
227 1110 358 1144 operibus
395 1117 520 1144 magnam
555 1110 681 1144 producit
717 1114 744 1137 et
779 1109 953 1143 inexpugna-

163 1157 254 1183 bilem.

199 1203 261 1230 107.
281 1202 385 1229 Eximio
402 1202 544 1236 primaque
561 1202 765 1236 medieiua,qua
782 1205 950 1236 agrotautes

157 1258 177 1275 -a
196 1249 238 1276 via
267 1249 460 1275 mandatorum
486 1251 584 1275 luteam
600 1256 680 1282 quatit
700 1247 846 1274 ebiberunt
859 1246 953 1281 caligi—

162 1304 224 1323 nem
251 1295 330 1323 facile
345 1299 485 1326 evomant,
505 1299 622 1322 estcum
640 1294 692 1321 lide
716 1294 743 1320 in
769 1294 896 1320 oumibus
912 1293 953 1319 in-

163 1343 290 1370 distincte
303 1343 426 1370 obedire.
441 1341 485 1369 Est
502 1341 573 1368 enim
589 1342 664 1375 potio
680 1341 778 1367 multas
795 1340 822 1366 in
838 1339 949 1367 bibenti—

163 1391 213 1417 bus
227 1390 385 1424 germinans
397 1389 523 1420 virtutes,
539 1392 566 1414 ct
582 1387 725 1414 cicatrices
743 1387 884 1413 vulnerum
900 1390 954 1412 uno

162 1437 218 1463 ictu
235 1436 387 1463 emundaus
411 1434 568 1468 scalpellum
584 1442 592 1462 :
610 1440 664 1468 quo
686 1433 708 1460 si
727 1433 788 1468 quis
804 1433 830 1459 in
853 1433 905 1459 ﬁde
923 1439 954 1459 ac

166 1482 344 1516 simplicitate
361 1482 397 1508 uti
409 1481 475 1508 velit
491 1486 517 1507 ct
535 1480 614 1513 Sciat,
628 1488 723 1507 omnes
741 1487 792 1506 una
814 1478 954 1513 passiones

162 1528 309 1560 abscindit,
327 1535 378 1554 nec
391 1527 479 1555 solum
499 1527 618 1561 quietem
644 1526 814 1560 adipiscitur,
830 1525 877 1552 sed
897 1525 953 1558 jam
967 1540 989 1571 Ο

163 1582 195 1602 ea
211 1582 259 1609 per
275 1573 457 1601 obedientiam
473 1574 574 1607 potitus
589 1577 642 1604 est,
659 1573 722 1607 quia
745 1571 886 1599 Christqu
909 1571 955 1598 in-

162 1622 248 1654 venit,
267 1621 381 1655 ejusque
394 1619 514 1646 imitator
528 1618 683 1646 etfamnlus
699 1619 728 1645 lit
743 1625 774 1645 ac
791 1618 900 1645 dicitur.

970 864 990 891 Β

201 1710 263 1737 108.
281 1709 376 1736 Omnis
394 1709 505 1736 inluctu
523 1717 577 1736 nou
593 1716 711 1743 operans
726 1713 753 1735 et
771 1708 876 1741 vivens,
891 1708 957 1735 tole-

165 1764 229 1784 rare
255 1756 349 1790 nequit
371 1756 489 1784 calorem
516 1755 694 1790 quietudinis.
716 1754 784 1782 Nam
818 1755 862 1789 qui
882 1755 957 1789 luget

166 1809 248 1838 atque
271 1802 400 1830 terribilia
419 1802 517 1829 mortis
529 1801 659 1836 praeludis
675 1805 703 1828 et
715 1801 886 1827 consecmria
903 1808 960 1827 me-

166 1850 280 1880 ditatur,
295 1848 453 1882 priusquam
474 1848 591 1882 ipsamet
606 1845 764 1877 adveniam,
775 1846 955 1872 constantiam

167 1895 279 1922 habebit
295 1899 321 1920 et
335 1893 527 1926 lnunililatem,
548 1900 606 1926 qum
628 1896 693 1918 sunt
713 1892 766 1919 duo
783 1891 883 1926 quietis
897 1892 958 1918 fun-

169 1941 310 1968 damenta.
327 1939 379 1972 Qui
405 1947 470 1966 vero
498 1940 557 1966 sine
584 1938 626 1965 bis
642 1939 725 1964 vitam
746 1937 801 1972 agit
825 1938 955 1971 quietam,

165 1987 213 2013 alit
225 1994 331 2020 semper
346 1993 407 2013 cum
431 1984 596 2020 negligentia
613 1983 781 2018 superbiam,
800 1991 832 2009 ex
858 1982 957 2017 quibus

167 2033 336 2059 tentationes
352 2036 379 2058 et
393 2030 586 2058 distractiones
598 2029 734 2064 pullulant
747 2033 773 2056 et
784 2029 816 2055 ad
834 2033 956 2062 teporem

166 2085 216 2106 nos
234 2077 388 2112 impellunt.
408 2076 513 2104 Exinde
532 2075 584 2103 lilia
598 2075 730 2102 socordia
747 2075 957 2109 intemperantia

166 2126 294 2161 ignavum
309 2128 337 2151 et
347 2124 450 2151 inerme
465 2123 555 2150 reddit
566 2129 676 2156 corpus,
692 2126 813 2148 mentem
826 2128 891 2147 vero
907 2121 958 2148 ob-

167 2171 292 2198 tenebrat
310 2175 341 2197 et
355 2169 476 2196 indurat.
495 2168 570 2195 Tunc
584 2167 664 2195 .lcsus
683 2174 713 2194 se
727 2167 881 2198 abscondit,
894 2167 956 2201 quia

167 2217 194 2244 in
213 2217 277 2245 sede
296 2216 396 2244 mentis
415 2215 544 2250 squalent
557 2213 671 2241 turbidae
686 2213 877 2248 cogitationes.

205 2358 267 2386 109.
289 2358 499 2385 Remordeutem
517 2365 589 2384 nunc
607 2357 647 2384 vel
664 2357 689 2384 iu
709 2357 800 2383 futuro
812 2355 956 2383 conscien-

169 2405 235 2431 tiam
267 2404 361 2431 seutiri
387 2404 421 2431 ab
439 2404 564 2430 omnibus
583 2403 753 2438 impossibile
772 2406 831 2433 est;
848 2403 893 2430 sed
915 2402 956 2429 his

172 2455 279 2478 tantum
293 2450 402 2485 preprie
414 2450 439 2476 id
455 2450 703 2485 conlingit,quibus
717 2449 802 2486 gloria
820 2453 867 2476 aut
881 2455 957 2476 amor

168 2498 247 2525 deest
277 2497 319 2524 vel
346 2495 473 2523 defutura
501 2500 554 2523 est.
570 2495 637 2523 Nam
665 2496 711 2523 illa
733 2501 774 2524 est
788 2495 866 2531 quasi
881 2495 957 2522 dirus

169 2544 256 2572 hostis
280 2547 374 2571 sontes
402 2542 592 2578 multipliciter
617 2543 745 2576 puniens,
769 2547 798 2569 et
826 2547 957 2578 tyrannus

169 2592 278 2620 videtur
291 2591 430 2618 stimulum
445 2596 473 2617 et
499 2590 673 2624 exprobriutn
690 2594 718 2616 ut
732 2588 851 2623 gladium
873 2588 958 2615 mira-

169 2639 250 2676 gilem
279 2645 388 2673 semper
411 2637 572 2672 evaginans.
606 2635 770 2663 Stimulante
798 2635 881 2668 igitur
907 2641 956 2661 nos

170 2685 348 2716 conscientia,
373 2683 501 2710 debemus
517 2681 670 2716 tripliciter,
689 2688 784 2714 nempe
799 2684 894 2707 contra
907 2679 956 2706 ad-

169 2730 307 2757 versarios
342 2733 523 2763 naturamque
555 2733 582 2755 et
609 2727 739 2759 animam,
758 2732 868 2761 movere
892 2724 957 2752 illud

171 2775 243 2809 quod
260 2776 335 2803 zelus
350 2779 475 2808 vocatur,
492 2779 518 2802 et
533 2775 572 2801 ira
589 2772 720 2800 naturalis
733 2772 832 2799 dicitur
840 2772 873 2798 ab
886 2771 957 2804 aliis,

172 2821 218 2854 qui
235 2821 306 2848 hanc
325 2822 407 2856 gladii
424 2823 511 2849 instar
531 2821 603 2848 acuti
626 2820 756 2846 adversus
779 2819 872 2845 hostes
894 2825 958 2844 exc-

174 2873 237 2893 rerc
247 2874 295 2895 nos
308 2868 415 2902 jubent.
431 2867 463 2894 Et
479 2869 589 2902 quidem
606 2867 627 2895 si
653 2866 746 2894 vicerit
758 2870 784 2893 et
799 2865 955 2893 dualitatem

775 137 797 166 G
806 135 969 166 HEGORII
995 132 1164 166 SINAITIE

1715 130 1787 161 1276

1042 195 1089 228 ρε¹.
1108 191 1211 218 Ὕδατα
1222 190 1326 224 παθῶν,
1344 191 1373 224 ἐξ
1388 189 1425 218 ὧν
1438 188 1454 226 ἡ
1465 190 1564 226 θολερὰ
1581 191 1628 218 καὶ
1641 198 1798 227 συμμικτος

1004 238 1053 272 τῆς
1077 236 1191 272 ἡσυχίας
1216 237 1378 272 πλημμυροῖ
1400 237 1450 272 τὴν
1477 236 1567 272 ψυχὴν
1587 236 1727 269 θάλασσα,
1744 238 1797 263 οὐκ

1003 283 1077 308 ἐστιν
1092 282 1180 314 ἄλλως
1203 282 1332 317 περᾶσαι,
1351 283 1376 308 εί
1391 283 1429 317 μὴ
1445 285 1473 309 ἐν
1493 282 1532 317 τῷ
1547 282 1633 318 πλοίῳ
1647 282 1686 318 τῷ
1701 283 1798 318 κούφῳ

1004 329 1051 355 καὶ
1073 327 1183 363 ἐλαφρῷ
1205 329 1254 362 τῆς
1278 328 1459 364 περιεκτικῆς
1475 329 1609 363 ἁκτησίας
1628 330 1675 356 καὶ
1693 330 1798 365 ἐγκρα-

1004 375 1090 406 τείας.
1118 374 1166 401 Ἐκ
1180 374 1235 410 γὰρ
1260 374 1311 409 τῆς
1326 374 1462 409 ἀκρασίας
1479 374 1526 400 καὶ
1541 374 1680 409 φιλοῡλίας
1699 375 1724 401 οἱ
1742 375 1799 401 τῶν

1005 421 1100 447 παθῶν
1114 418 1261 457 χείμαρροι
1275 421 1326 455 τὴν
1346 420 1400 455 γῆν
1413 420 1463 454 τῆς
1486 421 1601 455 καρδίας
1611 420 1800 455 περικλύσαν-

1003 476 1059 499 τες,
1074 468 1119 494 καὶ
1138 468 1230 494 πᾶσαν
1246 467 1366 502 σαπρίαν
1380 467 1428 494 καὶ
1446 467 1513 502 ὕλην
1527 466 1668 502 λογισμῶν
1682 468 1711 494 ἐν
1726 467 1798 502 αὐτῇ

1005 514 1218 547 καταγαγόντες,
1244 513 1303 540 τότε
1325 513 1457 548 σύγχυσιν
1484 515 1533 549 μὲν
1552 513 1592 549 τῷ
1607 513 1658 546 νοῒ,
1682 513 1800 540 θόλωσιν

1004 559 1032 585 δὲ
1048 560 1080 594 τῇ
1099 559 1214 594 διανοίᾳ,
1236 559 1318 594 βάρος
1337 558 1365 585 δὲ
1382 558 1422 594 τῷ
1442 558 1549 594 σώματι
1566 558 1732 594 ἐμποιοῦσι·
1748 559 1801 586 καὶ

1004 605 1147 638 ὀλίγωρον,
1169 605 1216 631 καὶ
1234 605 1376 639 σκοτεινὴν
1387 623 1394 636 ,
1411 605 1459 631 καὶ
1481 604 1626 640 ναρκῶσαν
1643 605 1692 640 τὴν
1706 605 1800 640 ψυχὴν

1005 651 1052 677 καὶ
1067 652 1115 685 τὴν
1131 651 1243 686 καρδίαν
1260 651 1473 686 ἀπεργάζονται,
1485 651 1531 678 καὶ
1545 652 1596 686 τῆς
1606 651 1707 683 οἰκείας
1724 652 1798 680 κατὰ

1003 697 1084 731 (pinv
1098 697 1182 729 ἕξεως
1195 697 1242 723 καὶ
1259 697 1411 732 αἰσθήσεως
1425 697 1613 724 ἐκϐάλλουσιν.

1041 742 1096 778 ρξ’.
1113 743 1234 778 Χαύνην,
1250 743 1297 769 καὶ
1310 742 1443 778 ὀλίγωρον
1455 763 1462 775 ,
1476 744 1524 770 καὶ
1544 744 1625 770 ἄνουν
1637 744 1687 778 οὐχ
1698 743 1798 776 οὕτως,

1003 788 1040 820 ὡς
1069 789 1085 824 ή
1106 789 1235 824 φιλαυτία
1259 789 1405 824 κυρίως,ἡ
1431 788 1485 815 τῶν
1511 788 1605 815 παθῶν
1633 789 1732 823 τροφδς
1748 789 1800 825 τὴν

1004 835 1091 871 ψυχὴν
1111 835 1164 862 τῶν
1177 835 1329 862 σπουδαίων
1349 835 1468 870 ἐμποιεῖ.
1491 834 1589 861 Ἡνίκα
1607 835 1662 870 γὰρ
1681 835 1731 867 τὰς
1749 834 1800 862 τοῦ

1005 882 1131 916 σώματος
1146 881 1314 912 ἀναπαύσεις
1331 881 1386 908 τῶν
1405 880 1477 915 ὑπὲρ
1500 881 1601 917 ἀρετῆς
1618 883 1710 908 πόνων
1731 889 1801 917 προ-

1003 929 1082 963 τιμᾷ,
1113 929 1161 954 καὶ
1191 927 1406 962 περι-ποιητικὴν
1431 928 1541 962 ἡγεῖται
1564 928 1664 961 γνῶσιν
1691 928 1722 954 τὸ
1760 928 1802 963 μή

1005 976 1097 1001 πονεῖν
1112 974 1141 1000 ἐν
1161 974 1212 1005 τοῖς
1229 973 1319 1009 ἔργοις
1332 974 1474 1006 ἑκουσίως,
1495 973 1612 1008 μάλιστα
1628 974 1658 1000 ἐν
1669 974 1801 1008 εὖχερέσι

1003 1019 1058 1047 τῶν
1081 1019 1195 1046 ἐντολῶν
1213 1019 1322 1054 μικροῖς
1344 1018 1449 1054 ἱδρῶτι,
1470 1019 1530 1045 τότε
1544 1019 1654 1045 ἀτονίαν
1670 1020 1702 1055 τῇ
1722 1020 1799 1055 ψυχῇ

1005 1065 1074 1101 πρὸς
1097 1066 1127 1091 τῦ
1144 1065 1193 1100 τῆς
1223 1064 1339 1100 ἡσυχίας
1365 1064 1472 1091 στάδιον
1489 1065 1576 1090 ποιεῖν
1598 1065 1704 1098 πέφυκε
1717 1084 1727 1097 ,
1748 1065 1800 1091 καὶ

1004 1112 1055 1147 τὴν
1071 1111 1179 1138 ἔκλυσιν
1194 1112 1222 1137 ἐν
1239 1112 1295 1142 τοῖς
1320 1110 1412 1146 ἔργοις
1432 1109 1568 1144 κραταιὰν
1589 1109 1637 1136 καὶ
1651 1111 1800 1145 ἁκαταμά-

1007 1167 1090 1194 χητον
1109 1156 1306 1192 ἀπεργάζεται.

1045 1203 1095 1239 ρξ’.
1120 1203 1224 1239 Ἰατρὸς
1237 1202 1348 1238 ἄριστος
1359 1202 1405 1229 καὶ
1418 1201 1526 1237 πρῶτος
1539 1202 1594 1234 τοῖς
1610 1201 1677 1236 πρὸς
1691 1202 1741 1234 τὰς
1756 1203 1803 1229 ἐν-

1004 1251 1085 1282 τολὰς
1100 1249 1255 1282 ἀσθενοῦσι,
1272 1249 1320 1276 καὶ¹
1332 1249 1381 1283 τὴν
1394 1247 1495 1283 θολώδη
1510 1247 1643 1274 σκότωσιν
1657 1248 1803 1284 ἑλομένοις

1006 1297 1082 1332 ἐμεῖν
1088 1295 1220 1330 εὐχερῶς,
1229 1295 1280 1321 οὐκ
1288 1293 1371 1326 ἔστιν,
1379 1293 1415 1325 ὡς
1426 1294 1441 1328 ἡ
1453 1293 1610 1328 ἀδιάκριτος
1617 1293 1665 1320 καὶ
1673 1294 1742 1328 μετὰ
1754 1294 1804 1321 πί-

1006 1351 1091 1373 στεως
1108 1343 1136 1368 ἐν
1148 1342 1229 1368 πᾶσιν
1243 1340 1363 1374 ὑπακοή.
1379 1339 1528 1375 Φάρμακον
1542 1338 1596 1374 γάρ
1611 1339 1670 1365 ἐστι
1683 1339 1804 1370 ζωτικὸν

1006 1388 1203 1415 πολυσύνοετον
1218 1386 1324 1421 ἀρετῶν
1338 1386 1394 1417 τοῖς
1408 1386 1526 1416 πίνουσι,
1546 1385 1594 1412 καὶ
1610 1385 1733 1420 μάχαιρα
1750 1386 1803 1418 τὰς

1006 1435 1086 1465 οὐλὰς
1103 1434 1158 1460 τῶν
1173 1433 1339 1467 τραυμάτων
1355 1432 1400 1467 ἀφ’
1418 1432 1476 1463 ἐνὸς
1496 1431 1700 1466 ἐκκαθαίρουσα
1711 1440 1719 1446 ³
1735 1431 1772 1466 ἢν
1788 1432 1803 1458 ό

1007 1483 1036 1508 ἐν
1052 1481 1142 1507 πίστει
1167 1479 1214 1506 καὶ
1233 1479 1365 1512 ἁπλότητι
1383 1477 1534 1513 προκρίνας
1556 1477 1650 1504 πασῶν
1664 1477 1802 1512 ἐνεργεῖν,

1007 1527 1094 1553 πάντα
1115 1526 1149 1552 τὰ
1167 1525 1239 1560 παθη
1261 1524 1305 1558 ὑφ’
1326 1524 1355 1550 ἓν
1379 1523 1546 1558 περιέκοψε·
1566 1523 1614 1549 καὶ
1634 1523 1751 1557 ἡσυχίαν
1769 1523 1802 1549 οὐ

1005 1573 1110 1608 φθάσας
1122 1573 1211 1607 μόνον,
1227 1571 1283 1598 ἀλλ’
1299 1571 1348 1607 ἥδη
1362 1570 1409 1597 καὶ
1423 1570 1467 1596 διὰ.
1477 1569 1527 1604 τῆς
1543 1569 1667 1603 ὑπακοῆς
1684 1569 1799 1604 κατώρ-

1006 1619 1092 1646 θωσεν
1114 1617 1198 1653 αὐτὴν
1225 1617 1343 1652 Χριστὸν
1368 1614 1473 1651 εὑρὼν,
1498 1615 1546 1641 καὶ
1571 1615 1694 1649 μιμητὴς
1714 1615 1802 1641 αὑτοῦ

1006 1666 1053 1692 καὶ
1067 1665 1159 1696 δοῦλος
1170 1684 1176 1696 ,
1196 1665 1243 1690 καὶ
1260 1662 1416 1698 γενόμενος,
1433 1662 1482 1688 καὶ
1497 1662 1654 1696 λεγόμενος.

1042 1715 1094 1748 ρη¹.
1118 1711 1199 1738 Ἀνευ
1241 1709 1374 1744 πενθικῆς
1410 1708 1542 1744 ἐργασίας
1572 1710 1620 1734 καὶ
1660 1707 1804 1739 πολιτείας

1005 1760 1135 1786 ἀδύνατον
1158 1759 1202 1784 τὸν
1221 1757 1271 1792 τῆς
1295 1756 1410 1792 ἡσυχίας
1437 1755 1567 1783 καύσωνα
1587 1754 1745 1790 ὑπομεῖναι.
1771 1754 1802 1780 '0

1007 1806 1055 1841 μὲν
1081 1805 1135 1839 γὰρ
1163 1803 1286 1836 πενθῶν,
1311 1803 1358 1829 καὶ
1385 1803 1418 1830 τὰ
1443 1801 1496 1837 πρὸ
1522 1801 1570 1828 τοῦ
1599 1801 1718 1828 θανάτου
1751 1802 1803 1828 καὶ

1006 1851 1075 1885 μετὰ
1096 1850 1210 1877 θάνατον
1233 1848 1308 1876 δεινὰ
1339 1847 1468 1884 μελετῶν,
1497 1847 1562 1881 πρὶν
1585 1847 1602 1882 ἢ
1625 1847 1671 1881 ἀφ’
1691 1847 1802 1873 ἑαυτῶν

1004 1896 1114 1932 ἥξουσι,
1128 1896 1175 1921 καὶ
1198 1894 1337 1930 ὑπομονὴν
1357 1893 1412 1926 ἕξει
1433 1893 1480 1919 καὶ
1494 1892 1672 1923 ταπείνωσιν,
1688 1892 1724 1919 τὰ
1740 1892 1802 1919 δύω

1004 1941 1053 1976 τῆς
1068 1941 1181 1976 ἡσυχίας
1205 1940 1329 1974 θεμέλια.
1356 1939 1386 1965 '0
1405 1939 1433 1965 δὲ
1455 1939 1537 1974 χωρὶς
1553 1937 1609 1964 τῶν
1625 1938 1801 1973 προειρημέ-

1004 1996 1057 2014 νων
1070 1988 1184 2022 ἡσυχίαν
1195 1986 1280 2020 ᾶγων,
1296 1986 1445 2020 σύντροφον
1457 1984 1514 2019 ¹ἔχει
1530 1983 1574 2010 ἀεὶ
1586 1984 1635 2018 τῆς
1649 1983 1803 2018 ὀλιγωρίας

1004 2033 1054 2069 τὴν
1085 2034 1193 2069 οἴησιν·
1223 2032 1254 2065 ἐξ
1280 2029 1317 2059 ὧν
1349 2031 1535 2067 αἰχμαλωσίαι
1563 2030 1611 2056 καὶ
1638 2030 1802 2065 ρεμὸασμοὶ

1005 2079 1204 2115 πληθύνονται,
1230 2079 1276 2106 καὶ
1301 2078 1370 2114 πρὸς
1393 2077 1443 2112 τὴν
1468 2076 1605 2112 χαύνωσιν
1629 2075 1802 2102 συνωθοῦσιν

1005 2127 1090 2161 ἡμᾶς.
1112 2124 1253 2152 Ἐντεῦθεν
1267 2125 1284 2158 ἡ
1301 2124 1352 2159 τῆς
1373 2123 1509 2159 ῥᾳθυμίας
1523 2122 1647 2157 θυγάτηρ
1674 2122 1800 2157 ἀκρασία

1005 2172 1103 2206 χαῦνον
1122 2171 1171 2206 μὲν
1187 2171 1235 2197 καὶ
1259 2170 1352 2198 ἄτονον
1376 2169 1407 2195 τὸ
1430 2168 1515 2204 σῶμα,
1531 2168 1652 2203 ἐμποιεῖ,
1672 2167 1720 2193 τδν
1734 2166 1801 2193 νοῦν

970 2215 1034 2245 Ι)δέ
1049 2215 1242 2251 ἐσκοτισμένον
1263 2215 1310 2242 καὶ
1326 2213 1532 2250 πεπωρωμένον
1552 2212 1713 2248 ἐργάζεται.
1730 2212 1801 2238 Τότε

1006 2262 1034 2289 δὲ
1049 2263 1097 2289 καὶ
1118 2262 1224 2296 Ἰησοῦς
1246 2260 1349 2296 ἐκρύϐη
1361 2280 1368 2293 ,
1392 2260 1471 2295 ὄχλου
1486 2259 1564 2291 ὄντος
1587 2258 1734 2294 νοημάτων
1751 2258 1802 2284 καὶ

1006 2309 1143 2343 λογισμῶν
1158 2308 1186 2334 ἐν
1203 2307 1241 2343 τῷ
1259 2308 1329 2334 κατὰ
1342 2307 1462 2334 διάνοιαν
1479 2305 1566 2340 τύπῳ.

1041 2355 1090 2391 ρΘ’.
1109 2355 1292 2390 Συνειδήσεως
1308 2353 1424 2388 βάσανον
1438 2353 1487 2385 τῆς
1503 2350 1566 2384 νῦν,
1584 2350 1601 2384 ἢ
1615 2349 1665 2385 τῆς
1682 2348 1801 2384 μελλού-

1006 2411 1065 2437 σης,
1088 2403 1117 2428 ἐν
1128 2401 1251 2436 αἰσθήσει
1276 2399 1443 2434 γεύσασθαι,
1465 2399 1522 2429 τοῖς
1547 2398 1629 2424 πᾶσιν
1649 2395 1796 2422 ἀδύνατον.

1004 2449 1103 2480 Μόνοις
1118 2449 1172 2483 γὰρ
1187 2447 1300 2478 ἐκείνοις
1324 2445 1415 2477 ίδικῶς
1431 2445 1621 2480 προσγίνεται,
1642 2440 1715 2478 οίςλή
1730 2441 1799 2474 δόξα

1005 2496 1052 2523 καὶ
1077 2495 1093 2528 ἠ
1121 2494 1215 2528 ἀγάπη
1237 2492 1284 2518 ἀπ’
1308 2490 1433 2518 ἐντεῦθεν
1453 2491 1470 2526 ἢ
1504 2489 1610 2516 ἐκεῖθεν
1628 2489 1801 2523 ὑστερείται.

1012 2542 1054 2574 Ὧς
1070 2541 1125 2577 γὰρ
1148 2540 1245 2576 δήμιός
1257 2538 1299 2570 τίς
1323 2539 1382 2565 ἐστι
1402 2537 1518 2572 φοὸερδς
1540 2537 1604 2567 τοὺς
1626 2534 1802 2566 ὑπευθύνους

1001 2593 1177 2627 πολυτρόπως
1193 2588 1324 2618 κολάζων,
1348 2586 1394 2611 καὶ
1413 2585 1459 2610 τὸν
1478 2582 1589 2618 ζῆλονῆ
1609 2581 1733 2616 ἔλεγχον,
1753 2581 1796 2614 ὡς

1002 2637 1140 2676 ῥομφαίαν
1159 2635 1261 2669 ἄτομον
1280 2630 1450 2668 τυραννικῶς
1471 2628 1640 2664 ἀπογυμνῶν
1662 2629 1709 2656 ἀεὶ
1729 2628 1799 2663 φαί-

1001 2675 1085 2713 νεται.
1103 2681 1211 2719 Τριχῶς
1226 2679 1272 2708 οὖν
1288 2678 1422 2706 κινεῖσθαι
1437 2676 1505 2712 πρός
1519 2684 1548 2702 τε
1563 2675 1627 2707 τοὺς
1640 2675 1799 2706 ἐναντίους,

1002 2732 1049 2759 καὶ
1065 2730 1114 2766 τὴν
1132 2728 1222 2763 φύσιν,
1241 2726 1288 2752 καὶ
1302 2725 1352 2760 τὴν
1368 2723 1472 2758 ψυχὴν,
1488 2721 1612 2756 δοθείσης
1627 2721 1679 2755 τῆς
1707 2729 1802 2747 συνει-

1002 2780 1115 2813 δησεως,
1137 2776 1151 2802 ὁ
1175 2772 1343 2808 καλούμενος
1361 2770 1452 2804 ζῆλος,
1476 2768 1523 2795 καὶ
1538 2768 1604 2802 παρ’
1621 2768 1727 2802 ἑτέροις
1745 2777 1804 2802 φυ-

1005 2823 1079 2854 σικὸς
1099 2821 1183 2855 θυμός
1195 2828 1201 2834 “
1226 2818 1256 2845 ὃν
1273 2818 1310 2848 ὼς
1337 2815 1475 2851 ῥομφαίαν
1493 2813 1629 2848 ἀπότομον
1646 2812 1717 2848 πρὸς
1731 2813 1802 2843 τοὺς

1005 2868 1119 2904 ἐχθροὺς
1145 2865 1248 2898 ὀξύνειν
1278 2863 1352 2897 ἡμᾶς
1375 2859 1586 2895 προστάσσουσι.
1610 2857 1667 2884 Καὶ
1694 2858 1718 2884 εἰ
1751 2858 1804 2892 μὲν
