1947 3072
214 159 280 192 1277

739 163 875 198 ὩΛΡῙΤΑ
896 168 972 198 PER
995 167 1320 199 ACROSTICHIUEM.

1770 166 1837 197 1978

208 224 334 258 νικήσας,
347 221 476 254 ὁποτάξοι
489 219 522 246 τὰ
533 220 588 247 δύω
604 219 642 255 τῷ
658 219 708 251 ἐνὶ,
723 219 784 254 ὅρος
797 219 922 254 ἀνδρείας
937 218 989 258 τοτε

1051 223 1148 250 unitati
1176 222 1334 258 subiecerit,
1348 225 1413 249 tunc
1425 222 1594 250 fortitudinis
1619 223 1723 257 apicem
1740 223 1837 259 adepta

211 267 443 305 μεταποιούμενος
462 267 529 302 πρὸς
546 267 612 293 Θεὸν
629 266 744 299 γίνεται.
772 267 801 292 Εἰ
827 266 856 292 δὲ.
874 266 997 301 ὑποταγῇ

207 316 268 346 ταῖς
280 314 356 341 δυσὶν
371 315 388 349 ὴ
404 313 489 349 ψυχὴ,
500 313 636 348 ἁμαρτίᾳ,
655 312 737 347 φημὶ.
752 312 798 338 καὶ¹
816 312 908 346 σαρκὶ,
922 312 997 342 τέλος

207 361 312 389 ἐκεῖθεν
329 361 446 396 βάσανος
467 360 535 394 αὐτῇ
551 359 660 393 ἁνιλεὴς
681 359 843 385 καθίσταται
856 377 862 388 ,
882 357 919 389 ὡς
936 358 998 383 δου-

207 407 326 444 λωθείσῃ
344 407 500 442 αὐθαιρέτῳ
515 405 612 442 γνώμῃ
624 406 681 436 τοῖς
696 405 838 436 ἐναντίοις.
856 403 997 430 Ἐντεῦθεν

208 454 367 488 πράττουσα
383 452 417 479 τὰ
433 452 569 487 αἴσχιστα,
586 451 634 478 κα)⁵
654 451 691 482 ὡς
710 451 758 486 τὴν
774 451 803 483 ἐξ
823 450 928 486 ἀρετῶν
948 459 998 478 κα-

206 499 339 526 τάστασιν
355 498 512 525 ἀπολέσασα
525 518 531 530 ,
558 497 732 530 ἐκπέπτωκε,
749 497 796 523 τοῦ
821 497 888 523 Θεοῦ
913 505 998 532 χωρι-

209 544 312 573 σθεῖσα.

244 589 289 624 ρι’.
307 590 416 625 Κυρίως
432 590 541 616 πάντων
564 589 619 615 τῶν
634 589 727 615 παθῶν
747 589 802 615 δύω
819 588 872 615 εἱσὶ
893 589 999 623 σκληρὰ

208 636 254 662 καὶ
271 636 410 670 βαρύτατα
433 636 526 670 πάθη.
547 635 659 670 πορνεία
679 635 726 661 καὶ
752 635 861 668 ἀκηδία,
882 635 916 661 τὰ
937 644 999 660 συν-

207 681 303 714 έχοντα
322 683 367 707 καὶ
380 681 510 708 ἐκλύοντα
527 682 577 716 τὴν
595 681 768 716 ταλαίπωρον
787 681 889 716 ψυχήν·
904 681 997 716 κοινήν

206 726 386 761 ἀλληλουχίαν
407 726 504 760 ἔχοντα
518 726 565 752 καὶ
592 725 723 760 συζυγίαν
738 726 861 761 ἀλλήλοις
872 734 879 741 ·
895 725 995 752 δυσκα-

205 773 353 807 ταμάχητα
368 772 433 798 ὂντα
452 773 498 798 καὶ
517 773 650 807 ἀήττητοι,
668 772 715 799 καὶ
729 772 838 803 τελείως
856 773 901 806 ὑφ’
918 772 995 807 ἡμῶν

206 818 333 851 ἁνίκητα.
353 818 406 844 Καὶ
418 818 447 843 τὸ
464 818 512 852 μὲν
541 817 682 849 πλεονάζει
696 818 724 843 ἐν
739 817 778 852 τῷ
792 817 992 852 ἐπιθυμητικῷ,

205 864 330 898 περιέχει
347 863 375 889 δὲ
391 864 440 898 τὴν
463 863 528 898 ὓλην
543 863 625 897 φύσει
639 863 799 898 ἀδιορίστως
818 863 992 898 ἀμφοτέρων,

204 908 291 942 λέγω,
313 908 402 942 ψυχῆς
430 908 477 934 καὶ
505 907 648 942 σώματος,
679 906 907 941 συγκεκραμένην
934 905 994 940 ἕχον

205 954 270 990 ὅλην
291 955 320 980 ὲν
335 954 407 985 ὅλοις
427 954 520 988 μέλεσι
534 953 581 989 τὴν
597 952 692 988 ἡδονὴν
709 953 794 988 αὐτῆς
805 962 812 968 ·
831 954 846 988 ἡ
863 953 906 984 δὲ,
925 953 991 979 ἄνων

205 1001 251 1026 θεν
270 1000 300 1026 τὺ
321 1000 487 1035 ἡγεμονικὸν
513 999 664 1034 κρατοῦσα,
681 999 745 1033 ὃλην
772 998 861 1034 ψυχὴν
876 998 923 1025 καὶ
946 999 997 1033 τὴν

205 1045 293 1079 σάρκα
318 1045 444 1079 καθάπερ
473 1045 574 1080 σμίλαξ
592 1045 641 1080 ὅλη
664 1045 916 1080 περιλαμϐάνουσα,
945 1053 995 1070 νω-

205 1091 290 1126 θρὰν,
315 1092 361 1118 καὶ
390 1091 592 1126 ἐκλελυμένην,
621 1091 667 1118 καὶ
697 1090 814 1126 πάρετον
840 1090 889 1125 τὴν
915 1090 994 1124 φύσιν

204 1139 286 1163 ποιεῖ.
313 1137 505 1171 Ἐκόέϐληνται
525 1137 569 1168 δὲ,
599 1137 647 1163 καὶ
672 1136 703 1162 οὐ
728 1136 839 1166 τελείως
859 1135 994 1171 ἡττῶνται

205 1182 258 1216 πρὸ
273 1182 322 1216 τῆς
344 1183 482 1216 μακαρίας
497 1181 642 1214 ἀπαθείας,
663 1181 764 1207 ὁπόταν
780 1182 796 1216 ἡ
813 1180 898 1216 ψυχὴ,
913 1180 995 1206 ilva-3-

205 1235 291 1262 ματος
319 1227 398 1261 ἁγίου
428 1227 554 1262 εὶληφυῖα
576 1227 690 1261 δύναμιν
713 1228 742 1252 ἐν
766 1228 923 1261 προσευχῇ,
945 1225 994 1262 τὴν

204 1273 335 1300 ποιοῦσαν
352 1273 443 1300 ἄνεσιν
459 1275 528 1308 αὐτῇ
546 1274 592 1300 καὶ
618 1274 694 1308 ίσχὺν
719 1274 766 1300 καὶ
786 1273 897 1308 βαθεῖαν
917 1274 994 1308 είρή-

203 1328 252 1354 νην
274 1321 302 1346 ὲν
326 1321 425 1355 καρδίᾳ
437 1321 479 1346 διὰ
503 1321 552 1354 τῆς
568 1320 685 1355 ἡσυχίας
709 1320 895 1355 εὐφραίνεται.
918 1319 992 1354 Αὕτη

203 1366 306 1401 ὲστὶνή
325 1366 406 1401 ἁρχὴ,
432 1366 478 1392 καὶ
500 1365 614 1400 βασιλὶς,
634 1366 681 1391 καὶ
697 1365 790 1400 κυρία,
808 1365 855 1392 καὶ
881 1366 896 1399 ὴ
919 1373 994 1399 περι-

203 1412 299 1447 εκτικὴ
309 1413 362 1438 τῶν
373 1412 473 1447 ἡδονῶν
491 1412 583 1447 ἡδονὴ,
596 1412 642 1438 καὶ
656 1413 672 1445 ἡ
686 1411 834 1446 σύντροφος
848 1412 932 1445 αὐτῆς
943 1412 993 1446 ῥα-

204 1459 289 1492 θυμία
310 1460 326 1492 ή
350 1460 412 1489 τοὺς
429 1459 578 1493 τριστάτας
594 1458 639 1484 τοῦ
660 1457 760 1492 Φαραὼ
781 1458 950 1492 ἐπιφέρουσα
962 1457 991 1484 τὸ

202 1506 415 1540 ἁκαταμάχητον
430 1504 507 1538 ἅρμα
518 1514 524 1519 -
541 1505 573 1530 δι’
593 1501 630 1530 ὧν
647 1505 675 1529 αἱ
693 1504 816 1538 ἀφορμαὶ
826 1504 880 1529 τῶν
896 1503 992 1530 παθῶν

202 1551 240 1586 τῷ
257 1551 306 1586 βίῳ
321 1552 377 1581 τοῖς
392 1550 494 1582 ἀθλίοις
509 1551 574 1584 ἡμῖν
589 1550 760 1584 ἐπεισῆλθον.

239 1597 300 1633 ριαῗ.
325 1598 406 1633 ’Λρχὴ
425 1598 474 1632 τῆς
496 1598 592 1632 νοερᾶς
616 1597 788 1632 προσευχῆς,
808 1598 823 1632 ὴ
848 1596 988 1630 ἐνέργεια,

202 1645 251 1671 εἰτ’
267 1645 314 1671 οὖν
330 1645 346 1680 ὴ
362 1644 514 1679 καθαρτικὴ
535 1644 581 1670 τοῦ
598 1643 757 1678 [Ινεύματις
769 1644 893 1677 δύναμις,
911 1643 958 1669 καὶ
972 1644 988 1678 ἡ

205 1692 322 1726 μυστικὴ
337 1691 382 1718 τοῦ
396 1691 454 1722 νοὸς
475 1682 614 1726 ίεροῖλργία
629 1699 635 1704 ·
657 1690 751 1723 ὥσπερ
768 1689 838 1725 ἁρχὴ
859 1689 907 1723 τῆς
924 1690 990 1723 ἠσυ-

202 1739 273 1773 χίας,
296 1739 313 1773 ἡ
331 1737 431 1772 σχολὴ-
458 1738 573 1772 μεσὸτης
587 1737 614 1762 δὲ
627 1757 634 1768 ,
651 1737 668 1771 ἡ
690 1737 841 1770 φωτιστικη
875 1736 990 1770 δύναμις

202 1785 249 1810 καὶ
269 1783 386 1818 θεωρία⁶
405 1783 452 1809 καὶ
478 1783 564 1814 τέλος,
587 1783 604 1817 ἡ
629 1782 756 1813 ἔκστασις
772 1782 818 1808 καὶ
841 1783 857 1817 ἡ
876 1782 988 1816 ἁρπ>γὴ

199 1830 246 1856 τοῦ
261 1830 318 1860 νοὸς
334 1829 402 1864 πρὸς
421 1829 497 1855 Θεόν.

236 1875 299 1910 ριβ’.
324 1875 467 1910 Ἰερατεῖον
493 1874 678 1910 πνευματικόν
697 1874 755 1900 ἐστι
778 1874 829 1909 πρὸ
854 1874 904 1909 τῆς
925 1873 988 1908 μελ-

198 1922 297 1956 λούσης
325 1922 395 1957 ὑπὲρ
418 1921 480 1948 νοῦν
505 1921 699 1952 ἀπολαύσεως,
729 1921 746 1955 ἡ
764 1920 845 1954 νοερὰ
862 1920 908 1946 τοῦ
928 1920 988 1952 νοὸς

197 1968 335 2004 ἐνέργεια,
359 1968 405 1994 τὸν
440 1967 540 2002 Ἀμνὸν
561 1967 700 2003 μυστικῶς
725 1968 753 1993 ἐν
775 1967 916 2002 ὰρραὸὡνι
939 1967 985 1993 τοῦ

197 2014 265 2041 Θεοῦ
279 2015 308 2040 ἐν
320 2013 357 2048 τῷ
375 2014 424 2048 τῆς
440 2014 530 2048 ψυχῆς
545 2014 731 2048 θυσιαστηρίῳ
747 2013 794 2040 καὶ
816 2012 987 2048 ἱερουργοῦν-

196 2068 242 2091 eo;
261 2060 308 2086 καὶ
336 2059 506 2094 μετέχοντος,
533 2059 648 2085 Ἐσθίειν
675 2059 703 2084 δέ
724 2059 782 2085 ἐστι
808 2059 854 2085 τὸν
887 2058 986 2093 ’Δμνδν

195 2107 242 2134 τοῦ
268 2106 334 2133 Θεοῦ
352 2107 381 2132 ὲν
399 2105 438 2142 τῷ
454 2105 540 2141 νοερῷ
562 2105 746 2140 θυσιαστηρίῳ
760 2105 811 2140 τῆς
834 2105 940 2140 ψυχῆς,
954 2106 984 2132 οὑ

195 2152 227 2180 τὸ
242 2154 349 2188 νοῆσαι,
364 2153 380 2189 ἢ
397 2155 544 2188 μετασχεῖν
562 2152 653 2187 μόνον,
670 2152 737 2178 ἀλλὰ
754 2153 800 2178 καὶ
812 2152 841 2177 τὺ
857 2151 985 2186 γενέσθαι

195 2199 231 2230 ὡς
253 2200 299 2226 τὸν
326 2199 424 2234 ’Λμνὺν
439 2199 508 2225 κατὰ
525 2198 573 2233 τὴν
595 2198 735 2232 μόρφωσιν
750 2198 780 2223 ὲν
793 2197 831 2232 τῷ
848 2198 981 2232 μέλλοντι.

1012 892 1035 921 Β

1006 1565 1028 1594 C

1052 269 1211 298 conscendit
1230 270 1261 296 ad
1274 269 1357 296 Deum
1369 269 1508 296 aniina.Si
1525 277 1588 296 vero
1603 269 1729 296 dualitati
1746 270 1836 296 anima

1051 316 1221 350 Suhjiciatur,
1252 321 1364 349 peccato
1395 315 1524 342 videlicet
1556 321 1638 349 atque
1666 316 1751 345 carni.
1771 315 1835 342 inde

1051 362 1230 396 consequitur
1247 362 1298 395 ipsi
1316 365 1481 388 tormentum
1498 361 1614 393 immite,
1627 361 1664 387 ita
1689 365 1719 387 ut
1734 362 1839 395 rediga-

1052 412 1094 434 tur
1110 407 1160 433 sub
1177 407 1255 441 plena
1280 407 1455 434 inimicorum
1472 410 1616 440 potestate.
1633 405 1709 433 Unde
1736 407 1838 440 turpis-

1050 454 1118 480 sima
1135 458 1306 488 perpetratis,
1322 458 1348 478 et
1375 453 1505 488 dignitate
1529 452 1675 480 virtutibus
1699 454 1838 487 acquisita

1051 500 1191 531 excidens,
1211 499 1267 526 Deo
1279 498 1404 526 orbatur.
1593 495 1597 502 ’

1086 588 1148 615 HO.
1166 589 1233 616 Ante
1253 596 1348 616 omnes
1369 588 1510 622 passiones
1529 589 1587 615 dine
1605 593 1666 615 sunt
1684 588 1838 615 durissima:

1050 639 1077 661 ct
1106 635 1334 668 profundissimaa,
1348 635 1452 661 luxuria
1477 635 1583 661 scilicet
1602 638 1629 660 ct
1653 635 1759 664 ﬁt'Ctilﬂ,
1777 642 1837 668 quas

1051 680 1176 707 miseram
1210 680 1352 707 involvunt
1379 687 1411 707 ac
1442 680 1745 710 dissolvuntanimam,
1775 688 1835 706 mu-

1051 729 1181 759 tuamqiie
1200 726 1270 752 inter
1289 734 1317 752 se
1333 726 1433 752 habent
1455 725 1653 752 connexionein
1674 730 1700 751 et
1716 726 1836 752 net-essi-

1051 772 1184 803 tudincui,
1202 779 1250 798 nec
1269 772 1383 806 pugnari
1401 771 1560 805 superarive
1579 776 1626 797 aut
1641 771 1744 797 devinci
1760 779 1774 797 a
1790 778 1838 797 no-

1051 817 1092 844 bis
1107 817 1244 844 ullzitenus
1258 821 1381 851 possunt.
1398 816 1478 844 Prior
1504 817 1614 850 quidem
1636 817 1756 844 abundat
1769 817 1794 843 iu
1811 817 1837 844 vi

1051 862 1268 897 concupiscibili,
1283 866 1309 889 et
1335 866 1419 890 totam
1443 862 1636 896 complectitur
1658 862 1836 889 substantiam

1049 909 1192 943 utriusque
1211 912 1324 940 naturae,
1339 908 1436 935 animm
1452 908 1557 935 scilicet
1573 913 1654 943 atque
1671 909 1773 940 carnis,
1790 913 1831 935 to-

1048 961 1101 983 tam
1128 956 1242 990 singulis
1262 956 1363 990 passiin
1389 955 1518 982 membris
1536 963 1612 982 suam
1631 955 1774 981 insinuans
1790 963 1836 981 vo-

1045 1002 1177 1036 luptatem
1194 1010 1201 1035 ;
1219 1002 1353 1036 posterior
1375 1009 1439 1028 vero
1466 1002 1638 1035 superiorem
1664 1001 1835 1027 rationalem-

1045 1057 1097 1084 que
1115 1054 1218 1083 partem
1248 1048 1402 1079 dominans,
1419 1052 1446 1074 et
1474 1051 1557 1074 totum
1575 1052 1629 1074 t0ia
1654 1047 1772 1073 animam
1804 1050 1835 1072 et

1044 1101 1153 1122 carnem
1173 1096 1248 1129 quasi
1275 1093 1374 1120 hedera
1395 1093 1597 1127 circumligatus,
1619 1092 1734 1126 pigra",
1758 1092 1832 1118 desi-

1045 1141 1104 1168 dem
1123 1148 1154 1167 ae
1165 1140 1324 1168 dissolutam
1340 1139 1428 1167 reddit
1443 1140 1572 1166 animam.
1590 1139 1774 1165 Removentur
1789 1145 1834 1165 au-

1045 1192 1100 1213 tem
1117 1186 1172 1218 illa,
1189 1193 1345 1220 quanquam
1370 1192 1424 1212 non
1450 1185 1560 1211 omnino
1583 1188 1749 1218 superantur
1768 1189 1831 1210 ante

1045 1233 1149 1259 beatam
1167 1232 1423 1266 impassibilitatem,
1448 1231 1556 1265 quando
1582 1231 1685 1260 anima,
1706 1237 1738 1257 ex
1764 1237 1828 1256 ora-

1045 1279 1118 1306 tione
1130 1283 1274 1306 consecuta
1291 1277 1408 1311 Spiritus
1426 1277 1512 1304 sancti
1531 1276 1670 1306 virtutem,
1686 1283 1719 1302 cx
1746 1283 1834 1309 eaque

1044 1327 1139 1360 adepta
1171 1325 1292 1359 requiem
1312 1324 1554 1357 fortitudinemquc
1569 1328 1596 1350 et
1614 1321 1773 1356 profundam
1790 1328 1832 1355 pa-

1043 1379 1113 1404 cein,
1133 1371 1160 1397 in
1177 1371 1266 1397 cordis
1290 1370 1448 1405 quietudine
1463 1370 1579 1395 laetatur.
1597 1368 1668 1401 Dux,
1687 1373 1713 1394 et
1727 1366 1834 1401 regina,

1043 1422 1069 1444 et
1086 1417 1248 1447 domina,ct
1278 1421 1365 1443 mater
1389 1417 1558 1449 voluptatum
1585 1414 1628 1440 illa
1657 1414 1777 1444 luxuria,
1805 1418 1833 1439 et

1043 1470 1136 1490 comes
1151 1463 1210 1496 ejus
1234 1462 1352 1496 pigritia.
1370 1461 1413 1487 hic
1427 1465 1469 1487 est
1495 1467 1593 1487 currus
1614 1457 1831 1493 inexpugnabilis

1045 1507 1148 1533 vehens
1161 1506 1312 1533 Pharaonis
1327 1505 1410 1532 duces
1428 1513 1436 1532 :
1454 1512 1502 1538 per
1516 1504 1577 1531 illas
1590 1504 1662 1531 enim
1677 1503 1833 1537 passionum

1045 1553 1164 1586 impetus
1184 1553 1269 1579 vitam
1288 1556 1410 1578 nostram
1425 1551 1605 1577 miserrimam
1622 1549 1742 1576 irruunt.

1080 1599 1141 1625 Ml.
1159 1598 1255 1625 Trahit
1274 1598 1406 1633 originem
1433 1597 1560 1624 mentalis
1582 1596 1671 1624 oratio
1687 1596 1721 1623 ab
1734 1603 1833 1631 opera-

1044 1645 1117 1672 tione
1131 1652 1178 1672 seu
1194 1645 1296 1671 virtuie
1320 1643 1464 1678 purgativa
1486 1641 1616 1677 Spiritus,
1633 1646 1660 1669 et
1682 1650 1696 1669 a
1719 1642 1833 1677 mystico

1043 1691 1142 1717 mentis
1163 1690 1297 1717 sacriﬁcio
1312 1698 1318 1716 :
1332 1690 1403 1716 sicut
1418 1689 1580 1723 principium
1603 1689 1770 1722 quietudinis
1785 1692 1830 1715 est

1042 1736 1126 1763 animi
1150 1736 1314 1763 recollectio.
1332 1735 1450 1762 Medium
1471 1739 1561 1761 autem
1580 1735 1653 1761 illius
1676 1739 1718 1761 est
1737 1735 1824 1761 virtus

1023 1801 1030 1807 .
1042 1780 1218 1807 illiimiuatira
1234 1785 1260 1807 et
1277 1780 1492 1814 contemplatio;
1510 1779 1573 1806 linis
1596 1779 1705 1806 demum
1724 1784 1764 1806 est
1779 1786 1826 1806 ex-

1041 1833 1136 1853 cessus
1151 1830 1179 1852 et
1197 1830 1290 1860 raptus
1307 1825 1408 1852 mentis
1423 1825 1456 1851 ad
1475 1825 1569 1851 Deum.

1078 1871 1141 1898 “'2.
1156 1871 1332 1906 liitelligibile
1354 1871 1542 1898 sanctiiarium
1558 1875 1611 1903 est,
1624 1874 1685 1897 ante
1703 1869 1832 1896 ininiciti-

1040 1918 1149 1953 gibilem
1166 1917 1285 1944 futuram
1315 1917 1523 1949 beatitudinem,
1540 1915 1692 1949 spiritualis
1707 1916 1831 1950 operatio

1041 1964 1151 1996 mentis,
1169 1963 1276 1998 Agnum
1294 1963 1440 1998 mysticum
1455 1963 1481 1989 in
1506 1962 1553 1989 Dci
1575 1961 1677 1996 Spiritu
1699 1969 1779 1996 super
1791 1963 1831 1989 al-

1041 2011 1093 2038 tari
1123 2010 1222 2037 animae
1248 2009 1430 2037 sacrificantis
1459 2013 1487 2035 et
1503 2007 1704 2043 participantis.
1720 2007 1830 2035 Mandu-

1040 2062 1103 2085 care
1116 2061 1206 2084 autem
1223 2062 1322 2090 agnum
1339 2055 1385 2082 Dei
1406 2054 1586 2089 spiritualiier
1602 2054 1627 2079 in
1643 2052 1741 2079 animae
1757 2053 1827 2079 alta-

1040 2104 1074 2135 ri,
1095 2111 1147 2130 non
1169 2107 1210 2130 est
1232 2102 1307 2128 illum
1337 2101 1491 2136 intelligere
1511 2105 1559 2127 aut
1582 2099 1744 2133 participare
1766 2104 1827 2126 tan-

1040 2153 1108 2181 tum,
1128 2148 1174 2176 sed
1197 2147 1222 2175 ei
1243 2147 1360 2175 similem
1381 2146 1466 2174 forma
1485 2146 1542 2172 tieri
1561 2145 1696 2176 in,l'iituro
1710 2146 1821 2173 saeculo.

1039 2196 1107 2223 Nam
1121 2196 1164 2222 hic
1182 2195 1291 2230 quidem
1307 2195 1434 2226 rationes,
1447 2193 1494 2221 sed
1513 2193 1568 2220 illic
1593 2200 1637 2220 res
1663 2193 1738 2228 ipsas
1770 2200 1829 2230 my-

194 2245 263 2276 Τοὺς
278 2246 327 2280 μὲν
341 2246 396 2280 γὰρ
405 2245 500 2279 λόγους
526 2244 643 2270 ἐνταῦθα
656 2265 663 2276 ,
679 2244 713 2271 τὰ
723 2243 751 2270 δὲ
765 2245 916 2279 πράγματα
930 2244 984 2270 τῶν

1046 2243 1185 2271 steriorum
1198 2248 1248 2268 nos
1259 2241 1475 2275 apprehensuros
1487 2247 1638 2274 speramus.

196 2292 351 2326 μυστηρίων
367 2292 455 2317 ἐκεῖσε
473 2290 620 2317 ἀπολαὸεἶν
639 2289 795 2324 ἐλπίζομεν.

231 2341 292 2372 ριγ’.
311 2338 450 2372 Προσευχή
464 2338 532 2368 ἐστι,
551 2337 626 2371 παρὰ
643 2336 692 2370 μὲν
707 2337 762 2366 τοῖς
777 2336 928 2371 ἀρχαρίοις,
945 2336 982 2366 ὡς

193 2383 249 2419 πῦρ
270 2383 438 2418 εὐφροσύνης
463 2383 517 2409 ἀπὸ
540 2383 652 2418 καρδίας
675 2382 885 2417 ἀναδιδόμενον·
907 2383 982 2418 παρὰ

193 2429 220 2455 δὲ
237 2430 290 2460 τοῖς
311 2428 442 2461 τελείοις,
465 2429 503 2460 ὼς
522 2429 579 2463 φῶς
606 2428 753 2460 εὐωδιάζον
773 2428 979 2463 ἐνεργούμενον.

195 2475 230 2501 Ἦ
257 2474 355 2501 πάλιν·
375 2475 514 2509 προσευχὴ
540 2476 613 2501 ἐστιν
650 2475 806 2501 ἀποστόλων
831 2475 980 2510 κήρυγμα’

191 2521 310 2552 πίστεως
326 2520 452 2556 ἐνέργεια
462 2528 469 2535 ·
489 2520 589 2555 μᾶλλον
602 2521 640 2553 δὲ,
661 2521 753 2552 πίστις
772 2520 873 2556 ἀμεσος
883 2529 890 2537 ο
904 2521 980 2547 ἐλπι-

190 2567 313 2603 ζομένων
326 2567 475 2599 ὑπόστασις
485 2575 492 2583 ’
508 2568 690 2603 ἐνεργουμένη
708 2568 804 2603 ἀγάπη
817 2575 825 2583 ⁵
846 2567 979 2602 ἀγγελικὴ

193 2611 301 2646 κίνησις
314 2617 320 2624 ·
338 2609 452 2642 δύναμις
471 2608 642 2642 ἀσωμάτων·
667 2608 748 2643 ἔργον
767 2610 813 2635 καὶ.
827 2610 980 2644 εὐφροσύνη

195 2655 305 2683 αὐτῶν·
335 2653 502 2688 Εὐαγγέλιον
534 2652 621 2679 Θεοῖν
649 2653 823 2688 πληροφορία
847 2655 981 2689 καρδίας*

196 2702 334 2737 σωτηρίας
352 2700 430 2732 ἐλπίς
441 2707 448 2716 ο
462 2699 594 2734 ἁγνισμοῦ
611 2701 723 2734 σημεῖον
757 2700 899 2736 ἁγιότητος
914 2701 985 2736 σύμ-

198 2749 291 2776 6ολον-
317 2747 384 2775 Θεοῦ
404 2747 551 2781 ἐπίγνωσις
563 2754 569 2761 ·
597 2746 786 2782 βαπτίσματος
812 2747 982 2782 φανέρωσις·

198 2793 311 2829 λουτροῦ
332 2793 482 2828 κάθαρσις·
507 2791 666 2827 Πνεύματος
689 2791 767 2825 ἁγίου
788 2792 936 2828 ἁρραὁών·
956 2792 987 2818 τὸ

200 2841 246 2867 τοῦ
283 2839 367 2875 Ἰησοῦ
394 2839 572 2873 ἀγαλλίαμα·
601 2838 756 2873 εὐφροσύνη
780 2838 884 2874 ψυχῆς
912 2839 988 2870 ἔλεος

200 2885 268 2911 Θ;οῦ
282 2893 286 2898 ³
303 2884 473 2917 καταλλαγῆς
488 2885 615 2917 σημεῖον·
630 2883 747 2918 Χριστοῦ
764 2885 892 2919 σφραγίς·
908 2885 986 2916 ἀκτὶς

1075 2329 1142 2357 115.
1158 2329 1252 2357 Oratio
1278 2333 1320 2357 est
1341 2329 1535 2364 incipientibus
1547 2330 1618 2356 Vetui
1638 2328 1707 2363 ignis
1729 2328 1831 2355 laetitiae

1038 2376 1072 2403 de
1089 2375 1171 2403 corde
1186 2376 1318 2407 emicans,
1333 2374 1461 2408 perfectis
1474 2382 1537 2401 vero
1555 2374 1631 2408 quasi
1647 2374 1692 2400 lux
1707 2381 1820 2400 suavem

1039 2421 1158 2449 fundens
1173 2423 1297 2449 odorem.
1316 2420 1362 2448 Vel
1381 2421 1471 2448 adhuc
1483 2421 1572 2448 oratio
1581 2425 1623 2447 est
1638 2419 1829 2454 Apostolorum

1039 2467 1205 2504 praedicatio,
1223 2467 1285 2494 tldei
1307 2467 1437 2502 operatio,
1456 2473 1504 2494 seu
1520 2467 1610 2502 potius
1643 2465 1711 2492 tides
1731 2466 1828 2492 imme-

1039 2514 1124 2543 diata.
1139 2512 1334 2547 sperandaruin
1350 2512 1505 2539 substantia
1520 2519 1624 2543 rerum,
1643 2509 1765 2536 charitas
1775 2508 1828 2535 for-

1040 2564 1124 2592 mata,
1138 2563 1226 2586 motus
1248 2559 1401 2593 aiigclicus,
1419 2556 1628 2592 incorporalium
1648 2555 1744 2587 virtus,
1760 2561 1828 2588 opus

1039 2611 1068 2633 ct
1091 2605 1231 2640 gaudium,
1245 2604 1426 2640 Evaiigclium
1450 2603 1509 2635 Dei,
1529 2602 1627 2630 fiducia
1644 2602 1744 2634 cordis,
1761 2609 1826 2636 spes

1039 2652 1146 2684 salutis,
1175 2651 1302 2686 puritatis
1330 2651 1448 2685 signum,
1476 2649 1629 2684 symbolum
1659 2648 1826 2681 sanctitatis,
1849 2670 1852 2675 .

1039 2698 1088 2726 Dei
1103 2697 1235 2732 cognitio,
1250 2697 1392 2723 character
1404 2694 1586 2730 baptismatis,
1599 2694 1735 2721 l.ivacruiii
1747 2701 1824 2720 inuu-

1039 2746 1125 2777 dans;
1151 2743 1247 2778 pignus
1271 2742 1390 2777 Spiritus
1420 2741 1521 2774 sancti,
1545 2740 1647 2768 Christi
1662 2739 1824 2773 exsultatio,

1040 2791 1131 2820 lietilia
1143 2792 1250 2822 animm,
1264 2791 1310 2818 Dei
1326 2789 1523 2822 misericordia,
1538 2788 1645 2822 signum
1661 2785 1824 2815 reconcilia-

1041 2841 1134 2872 tionis,
1151 2837 1268 2872 sigilluni
1289 2836 1401 2868 Christi,
1418 2836 1508 2863 radius
1523 2836 1589 2863 solis
1605 2834 1767 2870 spiritualis,
1781 2833 1823 2860 lu-

1039 2885 1108 2915 cifer
1135 2884 1269 2916 cordium,
1298 2882 1505 2910 fundamentum
1532 2880 1744 2914 Christianismi,
1777 2879 1823 2906 Dei
