1947 3072
187 89 258 124 1285

711 95 846 126 CAPITA
870 98 945 127 PER
970 97 1299 137 ACROSTICIIIDEM.

1742 115 1812 148 1.9.86

181 162 226 180 ται
244 153 298 188 γάρ
312 152 369 180 εισι
383 152 452 188 μέλη
467 152 515 180 καὶ
536 151 607 187 μέρη
628 151 674 179 τοῦ
693 152 860 187 ἀφηνιαστοῦ
878 152 955 187 δαίμε

1024 161 1143 188 membra
1170 167 1198 189 et
1224 168 1316 197 partes
1335 164 1443 194 rebellis
1466 167 1608 201 dtemonii,
1629 171 1674 204 qui
1699 172 1812 201 devorat

181 209 237 232 νος,
253 200 298 226 τοῦ
315 199 514 230 καταπίνοντος
529 199 592 230 τοὺς
602 199 696 230 νόθους
709 199 764 225 τῶν
776 199 972 232 ὑπηκόων,καὶ

180 247 414 283 παραπέμποντος
426 247 460 281 τῇ
475 245 588 281 ἁδύοσῳ
602 245 641 280 τῷ
656 245 793 280 δράκοντι.
811 246 865 273 Καὶ
887 247 903 280 ἡ
922 245 971 280 μὲν

182 292 309 327 παρακοὴ
342 292 401 318 ὲστι
422 291 452 317 τδ
477 290 525 317 τοῦ
541 290 605 326 ᾇδου
623 290 710 326 στόμα
721 299 728 306 ·
741 291 758 326 ὴ
776 290 804 317 δὲ
820 290 969 324 ἀντιλογία,

179 339 195 373 ἡ
210 337 320 370 γλῶσσα
347 336 430 364 αὐτοῦ
458 337 496 368 ὡς
525 336 599 368 ὀξεῖα
617 336 755 372 μάχαιρα·
769 337 786 372 ἡ
807 336 835 362 δὲ
853 336 972 370 αὑταρέ-

177 391 268 415 σκεια,
287 382 393 413 ὀδόντες
408 381 490 408 αὐτοῦ
503 382 669 417 ὴκονημένοι
681 391 687 397 ·
705 381 735 408 τὺ
747 381 774 408 δὲ
795 381 944 415 δικαίωμα,
956 380 971 406 ὁ

177 428 268 465 θώραξ
279 428 361 455 αὑτοῦ
373 437 380 443 θ
407 428 424 463 ἡ
440 427 468 454 δὲ
493 427 652 458 διάπνευσις
677 427 727 462 τῆς
749 427 900 462 παμφάγου
917 436 970 462 γα-

177 476 258 511 στρὸς
274 473 369 506 αὑτοῦ,
395 474 412 508 ὴ
429 473 497 508 πρὸς
510 473 555 499 τὸν
568 473 635 508 ᾅδην
655 473 858 508 προπέμπουσα
869 473 968 508 οἴησις.

178 523 272 552 Ὅστις
285 521 314 548 δὲ
329 520 358 547 τὸ
374 520 483 555 πρῶτον
496 519 540 546 διὰ
552 519 602 554 τῆς
618 519 742 554 ὑπακοῆς
753 520 826 554 νικᾷ,
841 519 876 546 τὰ
888 518 969 546 λοιπὰ

175 568 220 602 ὑφ’
237 567 266 594 ἓν
287 565 448 602 περιέκοψε,
465 566 512 593 καὶ
532 566 573 598 είς
602 565 736 601 οὐρανοὺς
766 566 810 592 διὰ
832 565 882 600 τῆς
904 566 969 600 μιᾶς

175 613 305 648 βαθμίδος
332 613 415 645 ὀξέως
428 612 583 647 ἀνέρχεται.
596 611 694 646 Θαῦμα
704 611 732 638 δὲ
746 611 842 643 ὅντως,
854 611 902 637 καὶ
914 611 968 636 τῶν

173 661 302 696 ἁρρήτων
315 659 356 692 ὃν,
373 660 419 686 καὶ
433 660 590 692 ἀνέφικτον,
609 659 655 685 καὶ
672 658 752 685 τοῦτο
780 659 793 685 ὁ
814 657 968 693 φιλάνθριιμ

173 715 224 738 πος
243 707 322 742 ἡμῶν
338 706 471 741 πεποίηκε
489 705 602 740 Κύριος,
621 705 723 736 τδ,”διὰ
737 706 801 739 μιᾶς
816 704 928 739 ἀρετῆς,
950 703 966 739 ἥ

175 753 277 788 μᾶλλον
289 753 436 787 ἐπιταγῆς,
453 753 576 788 ἁχρόνως
589 752 629 783 είς
644 751 776 787 οὐρανοὺς
792 750 965 786 ἀνέρχεσθαι,

172 799 267 834 ὥσπερ
282 798 329 825 καὶ
342 798 386 825 διὰ
397 798 462 833 μιᾶς
478 797 620 833 παρακοῆς
633 797 674 829 είς
690 797 736 824 τὸν
749 796 815 832 ᾅδην
830 795 966 831 κατήλθο-

174 853 225 879 μεν
238 843 285 870 καὶ
301 843 502 879 κατερχόμεθα.

209 889 279 924 ρκβ¹.
290 889 396 924 Ὥσπερ
413 888 492 920 ἄλλος
503 888 606 924 κόσμος
620 888 708 920 διττὸς
724 889 737 915 ὁ
753 887 907 923 ἄνθρωπος,
917 887 965 913 καὶ

975 830 998 858 Β

1025 206 1095 232 lilios
1119 215 1260 236 servarunt
1277 218 1399 244 suorum,
1414 219 1516 246 eosque
1531 213 1661 242 Tartareo
1691 223 1812 244 reservat

1025 252 1146 281 draconi.
1164 255 1350 284 lnobedientia
1374 264 1413 286 est
1438 259 1536 287 inferni
1552 269 1600 293 os;
1618 264 1810 298 contradictio,

1022 299 1081 333 ejus
1108 299 1197 335 lingua
1217 307 1245 329 ut
1267 303 1373 339 gladius
1401 312 1579 340 mucronata;
1602 309 1808 341 conmlacenlia.

1022 346 1117 382 dentes
1131 347 1190 380 ejus
1203 349 1293 381 acuti;
1309 351 1448 385 proprium
1462 352 1605 387 judicium.
1622 355 1681 388 ejus
1694 361 1787 390 peetus
1800 365 1808 390 ;

1021 396 1047 418 et
1066 393 1202 426 spiramen
1221 395 1324 423 ventris
1340 398 1407 431 ejus,
1423 399 1536 425 trahens
1554 400 1586 426 ad
1602 400 1739 428 infernum
1762 411 1810 430 su-—

1021 439 1123 471 peritia.
1152 437 1281 474 Quisquis
1305 448 1394 469 anteiri
1419 444 1537 477 primum
1565 446 1629 473 illud
1656 447 1808 477 obedienlia

1020 489 1142 518 superat,
1166 491 1265 514 caetera
1293 495 1347 516 uno
1362 490 1479 517 concidit
1496 492 1560 523 ictu,
1576 498 1603 518 et
1618 493 1645 519 in
1663 494 1746 522 roelos
1762 503 1809 528 per

1020 538 1102 557 tinum
1129 532 1241 566 gradum
1268 533 1340 561 illico
1355 537 1488 566 ascendit.
1516 539 1562 565 sed
1587 540 1710 567 mirabile
1730 549 1808 575 pror-

1017 583 1064 603 sus
1090 576 1325 613 inenarrabiloque
1350 585 1376 607 et
1402 581 1541 610 incll'abile
1556 589 1598 611 est
1614 586 1808 613 misericordiae

1018 621 1063 649 Dei
1080 622 1192 652 donum.
1211 625 1251 651 sic
1269 633 1316 660 per
1333 634 1413 653 unam
1429 628 1567 659 virtutem.
1585 638 1632 656 seu
1653 633 1743 664 potius
1760 640 1808 665 per

1017 677 1099 696 unum
1123 671 1279 698 mandatum
1297 672 1440 700 confestim
1462 676 1494 701 ad
1510 675 1594 703 cmlos
1610 679 1804 709 Conscendere.

1017 718 1047 742 ut
1063 723 1112 749 per
1129 716 1213 743 solam
1240 717 1452 746 inobcdientiam
1479 721 1506 748 in
1535 721 1670 749 infernum
1698 723 1804 751 delabi-

1017 767 1077 786 mur
1090 765 1117 787 ct
1133 762 1296 790 decidimus.

1048 891 1110 919 122.
1135 891 1208 933 Tunt
1222 893 1370 925 secundus,
1397 899 1453 922 tmn
1479 903 1565 924 novus
1592 897 1662 924 alter
1688 899 1803 926 muadus

172 936 265 967 καινὸς
288 935 465 970 ὀνομάζεται,
491 934 564 961 κατὰ
581 934 626 961 τδν
649 934 720 961 θεῖον
740 933 904 960 ’Λπόστολον
918 934 955 960 τὸν

1010 942 1124 964 vocatur
1138 938 1228 970 homo,
1240 939 1314 974 juxta
1328 940 1418 967 divum
1433 942 1591 976 Apostolum
1606 944 1740 971 dicentem
1756 945 1778 961 ¹³
1792 953 1801 976 :

150 1000 152 1002 -
170 981 282 1008 εἰπόντα
294 989 300 997 ·
316 991 325 1006 ι
341 981 373 1008 Et
385 989 428 1012 τις
441 981 469 1007 ὲν
484 980 595 1016 Χριστῷ
606 981 686 1016 καινὴ
702 980 800 1011 κτίσις.
816 989 826 1006 ι
842 978 962 1014 Καὶ-γὰρ

169 1028 216 1054 καὶ
230 1027 355 1060 οὐρανὸς,
372 1027 419 1052 καὶ
435 1026 482 1061 γῆ.
500 1026 547 1052 καὶ
564 1026 654 1053 πάντα
670 1026 721 1053 ὅσα
733 1026 748 1052 ὁ
763 1025 877 1061 κόσμος,
889 1025 903 1051 ὁ
915 1024 962 1052 ἄν-

169 1073 278 1108 θρωπος
304 1072 409 1106 γίνεται
432 1081 462 1099 τε
490 1072 561 1099 κατὰ
586 1072 688 1108 ἀρετὴν
703 1071 751 1099 καὶ
775 1070 959 1106 ὀνομάζεται·

169 1120 240 1154 ὑπὲρ
250 1117 280 1147 οὗ
296 1120 369 1151 ἄπας
381 1120 460 1153 λόγος
472 1120 519 1146 καὶ
536 1119 610 1147 ἁπαν
623 1119 784 1155 μυστήριον,
800 1119 838 1152 ὥς
849 1128 934 1156 φησιν
946 1121 961 1147 ὁ

166 1166 308 1199 Θεολόγος.
337 1165 446 1201 Ἐπειδὴ
465 1165 520 1201 γὰρ
539 1173 549 1190 ‹
567 1165 618 1200 τὴν
645 1165 733 1200 πάλην
750 1165 829 1200 ἡμῶν
844 1162 915 1192 εἶναι
928 1164 960 1192 οὐ

167 1212 235 1248 πρὸς
255 1209 325 1247 αἷμα
341 1211 390 1238 καὶ
417 1211 518 1246 σάρκα,
536 1211 605 1238 ἀλλὰ
626 1211 694 1246 πρὸς
711 1211 760 1243 τὰς
775 1211 874 1247 ἀρχὰς,
890 1211 959 1245 πρὸς

165 1258 215 1289 τὰς
233 1257 358 1290 ἐξουσίας
370 1257 418 1284 τοῦ
436 1257 548 1289 σκότους
567 1257 614 1284 τοῦ
640 1257 738 1289 αἰῶνος
764 1257 871 1289 τούτου,
889 1259 959 1292 πρὸς

165 1304 199 1331 τὰ
211 1303 386 1338 πνευματικὰ
402 1303 449 1338 τῆς
460 1303 592 1339 πονηρίας
611 1305 640 1330 ἐν
651 1305 707 1335 τοῖς
727 1303 900 1338 ἐπουρανίοις
911 1302 958 1330 τοῦ

165 1350 295 1385 ἄρχοντος
311 1349 360 1376 τοῦ
380 1350 474 1384 ἀέρος,
508 1358 517 1375 ι
546 1349 593 1376 τοῦ
628 1349 789 1376 Ἀποστόλου
807 1350 956 1385 φήσαντος,

165 1395 294 1431 ἁρμόδιον
309 1393 379 1422 εἶναι
391 1395 429 1427 ὡς
444 1397 484 1427 εἰς
504 1395 606 1430 κόσμον
625 1395 705 1423 ἄλλον
732 1396 819 1431 μέγαν
841 1397 892 1431 τῆς
907 1395 958 1430 φύ-

165 1449 234 1472 σεως
246 1441 301 1467 τῶν
314 1440 437 1476 ψυχικῶν
457 1440 536 1476 ἡμῶν
560 1440 702 1475 δυνάμεων
717 1438 787 1467 εἶναι
802 1441 866 1472 τοὺς
879 1441 955 1467 ἀντι-

164 1486 329 1518 παλαίοντας
340 1487 408 1521 ἡμῖν
431 1485 578 1522 κρυπτῶς’
596 1486 666 1513 κατὰ
683 1486 737 1514 τῶν
759 1487 843 1522 τριῶν
859 1486 914 1522 γὰρ
931 1488 957 1514 οί

161 1534 237 1568 τρεῖς
263 1533 395 1568 ἄρχοντες
420 1533 477 1564 τοῖς
496 1533 662 1566 ἀγωνισταῖς
686 1532 955 1568 ἀντικαθιστάμενοι,

162 1579 389 1614 ὲκστρατεύουσι,
403 1578 451 1605 καὶ
460 1578 523 1605 καθ’
539 1578 554 1605 ὃ
575 1578 609 1605 ἂν
624 1578 761 1614 προέκοψε
783 1588 834 1611 τις,
851 1578 899 1607 καὶ
914 1579 955 1610 είς

160 1626 228 1662 ὅπερ
256 1625 413 1662 ἐργάζεται,
442 1625 487 1652 ὑπ’
505 1625 596 1653 αὐτῶν
615 1625 784 1660 πολεμεῖται.
807 1625 887 1652 Καὶὸ
903 1624 954 1661 μὲν

159 1672 266 1707 δράκων
285 1672 299 1698 ό
312 1673 404 1708 ἄρχων
420 1672 470 1704 τῆς
483 1671 614 1705 ἀϐύσσου,
633 1671 701 1707 πρὸς
716 1671 780 1704 τοὺς
795 1672 954 1708 καρδιακῶς

159 1718 344 1753 προσέχοντας
367 1717 559 1753 ὲκστρατεύων
576 1718 728 1750 ὲνίσταται,
751 1718 790 1750 ὡς
816 1719 885 1754 πρὸς
903 1719 953 1753 τὴν

159 1763 245 1796 ὀσφὺν
270 1761 319 1797 τῆς
336 1763 485 1798 ἐπιθυμίας
509 1763 558 1790 καὶ⁸
585 1762 632 1790 τοῦ
655 1763 779 1799 ὀμφαλοῦ
796 1764 846 1798 τὴν
875 1764 952 1799 ίσχὺν

158 1807 239 1843 ἔχων,
255 1808 302 1834 καὶ
316 1807 361 1834 διὰ
380 1807 427 1834 τοῦ
442 1808 492 1843 τῆς
502 1808 589 1844 λήθης
603 1809 729 1844 ὲνηδόνου
747 1809 884 1843 γίγαντος,
900 1809 952 1841 τὰς

158 1854 310 1885 καυστικὰς
319 1853 374 1881 τῶν
386 1855 594 1890 πεπυρωμένων
605 1855 689 1891 βελῶν
700 1856 829 1891 δυνάμεις
843 1856 951 1883 ἀκοντί-

157 1900 212 1932 ζων
226 1901 330 1934 αὐτοῖς,
346 1900 441 1935 ὥσπερ
453 1900 592 1928 θάλασσαν
603 1901 698 1936 ἄλλην,
715 1902 763 1928 καὶ
772 1902 890 1930 ἄϐυσσον
901 1902 950 1938 τὴν

155 1944 307 1980 ἐπιθυμίαν
318 1944 400 1980 ἔχων,
413 1945 510 1979 δύνων,
525 1947 573 1973 καὶ
587 1946 692 1982 ἕρπων,
707 1947 755 1974 καὶ
772 1948 950 1983 ἐκταράττων

155 1991 241 2027 αὐτὴν
257 1992 304 2019 καὶ
317 1991 452 2027 ἀφρίζων,
468 1991 578 2025 ὰναζέει
594 1994 696 2027 αὐτὴν,
712 1994 760 2020 καὶ
774 1994 842 2029 πρὸς
855 2003 950 2021 συνου-

156 2037 291 2072 σιασμοὺς
317 2037 433 2071 ἐκκαίει,
453 2039 500 2065 καὶ
515 2040 571 2070 τοῖς
589 2039 643 2066 τῶν
670 2040 772 2075 ἡδονῶν
786 2040 950 2076 χειμάρροις

154 2083 295 2116 ἐπικλύζει
311 2083 407 2119 αὐτὴν,
426 2084 473 2111 καὶ
488 2084 526 2117 ὡς
541 2085 680 2121 ἄπληστον
695 2086 746 2113 οὐκ
764 2086 901 2122 ὲμπιπλᾷ.
919 2087 947 2113 '0

152 2129 180 2156 δὲ
196 2129 288 2165 ἄρχων
304 2129 352 2157 τοῦ
369 2130 472 2166 κόσμου
489 2131 584 2158 τούτου
612 2132 680 2168 πρὸς
693 2133 756 2165 τοὺς
767 2133 817 2168 τὴν
832 2141 949 2167 πρακτι-

965 1506 988 1535 C

1014 993 1023 1009 ί
1046 984 1074 1010 Si
1091 992 1143 1018 qua
1161 985 1186 1012 in
1204 985 1315 1013 Christo
1334 995 1401 1014 nova
1426 993 1562 1017 creatura.
1580 999 1590 1015 ι
1607 989 1728 1026 Namque
1743 999 1801 1019 ca:-

1010 1033 1063 1059 lum
1090 1037 1218 1068 terraque
1242 1039 1269 1061 et
1292 1035 1437 1063 universus
1461 1038 1577 1065 mundus
1602 1038 1682 1066 homo
1708 1044 1750 1066 est
1774 1045 1800 1068 et

1009 1078 1183 1111 nominatur,
1212 1085 1323 1114 propter
1350 1088 1430 1114 quem
1458 1089 1539 1110 omne
1565 1089 1608 1110 est.
1635 1085 1745 1112 verbum
1772 1090 1800 1112 et

1008 1131 1090 1151 omne
1106 1125 1277 1161 mysterium,
1295 1132 1323 1152 ut
1340 1127 1378 1154 ait
1394 1127 1556 1164 Theologus.
1576 1130 1683 1157 Etenim
1700 1141 1709 1156 ι
1730 1140 1800 1165 (μμ)-

1008 1171 1079 1197 niam
1098 1178 1152 1198 non
1169 1176 1212 1198 est
1230 1172 1307 1199 nobis
1326 1173 1483 1200 colluctatio
1500 1174 1631 1202 adversus
1648 1184 1757 1202 carnem
1771 1181 1798 1204 et

1007 1217 1178 1251 sanguinem,
1204 1218 1250 1245 sed
1275 1219 1404 1246 adversus
1433 1219 1569 1254 principes
1591 1225 1618 1247 et
1637 1226 1798 1255 potestates,

1006 1265 1137 1291 adversus
1155 1269 1276 1290 rectores
1293 1266 1465 1291 tenebrarum
1484 1266 1564 1300 hujus
1580 1267 1687 1303 saeculi,
1703 1272 1796 1294 contra

1005 1308 1157 1343 spiritualia
1175 1310 1302 1344 nequitia:
1320 1311 1345 1337 in
1363 1311 1521 1339 coelestibus
1539 1312 1617 1346 primi
1635 1314 1718 1346 aeris,
1737 1322 1746 1339 ι
1766 1317 1797 1341 ιιι

1004 1356 1042 1382 ait
1068 1356 1214 1391 Apostolus
1241 1356 1275 1389 ⁸⁵,
1303 1357 1495 1384 convenienter
1519 1358 1591 1385 velut
1616 1358 1641 1385 in
1666 1367 1794 1392 magnum

1005 1401 1119 1428 alterum
1144 1406 1250 1429 natum
1276 1404 1404 1429 mundum
1432 1403 1457 1430 iu
1483 1405 1580 1431 anima:
1603 1411 1702 1432 nostra:
1722 1406 1795 1433 vires

1003 1450 1124 1479 pugnant
1136 1445 1248 1473 latentes
1260 1447 1411 1474 adversarii
1427 1449 1523 1476 nostri.
1538 1449 1604 1476 Nam
1615 1451 1794 1479 colluctantes

1003 1491 1081 1518 nobis
1117 1496 1172 1519 tres
1202 1494 1338 1526 principes
1372 1498 1426 1521 tres
1465 1495 1623 1529 impugnant
1657 1498 1794 1531 pOIPnliaS

1005 1538 1118 1570 animm;
1136 1543 1162 1566 et
1179 1540 1222 1566 ubi
1240 1542 1376 1572 prolectus
1392 1545 1442 1571 est.
1462 1541 1505 1568 ubi
1525 1542 1608 1575 labor,
1625 1543 1659 1568 ibi
1671 1544 1791 1578 pnelium

1004 1585 1187 1612 committunt.
1228 1585 1259 1612 Et
1287 1583 1394 1620 quidem
1432 1587 1515 1614 draco
1547 1588 1673 1624 princeps
1704 1589 1791 1623 abyssi

1003 1636 1097 1658 contra
1121 1639 1169 1658 eos
1184 1632 1228 1666 qui
1252 1638 1315 1659 sunt
1331 1632 1410 1659 corde
1428 1633 1534 1664 attenti,
1549 1634 1681 1661 dimicans
1699 1634 1790 1660 insur-

1002 1679 1050 1712 git,
1068 1683 1160 1712 utpote
1179 1679 1204 1705 in
1222 1680 1469 1714 concupiscentiam
1486 1681 1640 1708 lumborum
1656 1687 1682 1709 et
1700 1683 1790 1708 utubi-

1001 1724 1046 1751 lici
1066 1729 1226 1758 potestatem
1254 1725 1375 1757 habens;
1402 1731 1428 1752 et
1453 1734 1500 1760 per
1525 1726 1704 1761 voluptarium
1723 1727 1792 1754 obli-

1001 1771 1088 1797 vionis
1104 1771 1238 1805 gigantem
1256 1770 1392 1798 limumeos
1409 1772 1554 1805 ignllorum
1576 1773 1688 1799 telorum
1706 1773 1790 1806 impe-

1000 1822 1044 1844 tus
1063 1817 1089 1843 in
1114 1817 1174 1844 illos
1194 1817 1327 1851 jneulnns,
1346 1818 1594 1851 concupiscentiam
1612 1819 1689 1852 quasi
1715 1827 1790 1845 mare

999 1863 1083 1893 subit.
1101 1863 1204 1897 irrepit,
1221 1865 1372 1897 perturbat,
1387 1868 1413 1890 et
1430 1872 1583 1897 spmnosam
1603 1864 1789 1898 fervidamtu

999 1909 1073 1939 facit,
1088 1914 1116 1935 et
1137 1909 1169 1934 ad
1185 1909 1297 1941 copulas
1311 1909 1433 1935 enrnales
1455 1910 1606 1941 succendit,
1622 1915 1650 1936 et
1664 1910 1788 1943 \‘tilnpla—

997 1959 1053 1982 tum
1071 1954 1238 1981 torrentibus
1263 1954 1387 1986 inundat,
1404 1958 1432 1980 et
1453 1959 1581 1988 tanquam
1607 1955 1786 1982 insatiabili-ui

995 2008 1050 2028 non
1078 2000 1183 2034 implet.
1209 1999 1338 2033 Princeps
1363 2005 1451 2026 autem
1480 2001 1571 2027 mutuli
1601 2002 1679 2034 hujus
1704 2011 1785 2036 opem

995 2046 1110 2074 virtutes
1132 2049 1326 2079 persequentes
1351 2045 1519 2079 aggreditur,
1540 2051 1672 2079 quatenus
1691 2052 1785 2074 contra

995 2097 1100 2127 partem
1118 2091 1285 2119 irascibilem
1310 2091 1435 2124 luctans;
1452 2097 1478 2118 et
1497 2099 1543 2126 per
1560 2092 1674 2127 ignavrae
1691 2093 1786 2127 gigan-

995 2143 1050 2166 tem
1077 2138 1233 2166 omnimoda
1263 2138 1420 2171 passionum
1450 2138 1585 2172 prtcstigia
1615 2138 1641 2164 iu
1670 2138 1784 2166 alterius

152 2175 203 2211 κῆν
220 2176 322 2213 ἀρετὴν
347 2178 568 2214 μετερχομένους
590 2179 760 2212 ἀνθίσταται,
774 2180 812 2212 ὡς
832 2179 901 2215 πρὸς
917 2180 947 2206 τὸ

1005 2185 1086 2213 nundi
1107 2185 1178 2212 illius
1195 2185 1333 2211 theatrum
1352 2189 1378 2210 et
1402 2185 1518 2211 stadium
1544 2192 1631 2218 pugna
1649 2185 1781 2218 spirituali

154 2221 270 2257 θυμικὸν
280 2223 330 2259 τὴν
339 2224 429 2260 πάλην
448 2223 528 2260 ἔχων,
545 2225 593 2252 καὶ
606 2225 650 2252 διὰ
663 2225 710 2252 τοῦ
736 2226 785 2261 τῆς
809 2226 946 2262 ῥᾳθυμίας

1005 2231 1122 2264 aculans,
1140 2230 1181 2258 vel
1198 2230 1293 2262 vincit.
1311 2230 1354 2257 vel
1370 2230 1486 2257 vincitur
1507 2230 1541 2257 ab
1557 2230 1590 2257 iis
1612 2231 1657 2265 qui
1675 2231 1783 2258 fortiter

151 2269 290 2303 γίγαντος,
303 2270 352 2302 τὰς
363 2271 538 2302 παντοδαπὰς
551 2271 605 2298 τῶν
616 2272 710 2298 παθῶν
726 2273 893 2307 μαγγανείας
909 2273 946 2305 ὼς

150 2315 190 2346 εἰς
207 2315 311 2350 κόσμον
339 2316 431 2350 ἄλλον,
457 2317 473 2353 ἢ
502 2317 617 2353 θέατρόν
649 2327 678 2345 τε
705 2319 753 2345 καὶ
772 2319 880 2347 στάδιον
894 2318 944 2354 τὴν

147 2361 236 2394 πάλην
265 2363 367 2398 νοερῶς
390 2365 486 2397 ποιῶν,
503 2364 597 2396 νικῶν,
615 2365 631 2400 ἢ
645 2366 799 2402 ἡττώμενος
813 2367 878 2401 τοὺς
890 2369 933 2396 ἀεὶ

151 2404 230 2452 αὐτῷΔ
240 2404 376 2442 ἀνδρικῶς
395 2408 647 2443 προσπαλαίοντας,
674 2410 721 2437 καὶ
738 2412 899 2447 στεφάνους,
924 2415 941 2452 ἢ

151 2449 283 2485 αἰσχύνην
307 2450 423 2478 ἐνώπιον
444 2453 570 2487 ἀγγέλων
594 2454 689 2487 αὐτοῖς
717 2457 868 2493 προξενῶν,
893 2449 944 2493 τάξ

151 2496 320 2530 παρατάξεις
331 2497 413 2523 αὑτοῦ
429 2498 491 2524 καθ’
511 2499 592 2534 ἡμῶν
611 2501 744 2537 διηνεκῶς
767 2504 942 2540 καθοπλίζει,

150 2541 215 2575 ἡμῖν
243 2542 406 2577 μαχόμενος.
442 2543 472 2570 Ὀ
493 2544 521 2571 δὲ
537 2545 629 2581 ἄρχων
654 2547 703 2575 τοῦ
718 2548 798 2584 ἀέρος
829 2552 892 2584 τοὺς
908 2555 942 2589 τῇ

150 2587 255 2623 διανοίᾳ
272 2588 341 2623 πρὸς
356 2589 473 2625 θεωρίαν
497 2591 677 2626 σχολάζοντας
700 2595 857 2632 ἐπέρχεται,
874 2587 942 2634 φανζ

148 2635 392 2670 τασιοσκοπῶν,ὡς
409 2637 477 2674 πρδς
487 2639 518 2664 τὸ
531 2638 639 2672 λογικόν
650 2649 679 2667 τε
697 2643 743 2669 καὶ
758 2645 850 2680 νοερὸν
866 2646 944 2680 ἐγγί-

150 2680 215 2713 ζων,
231 2681 300 2716 μετὰ
313 2682 368 2709 τῶν
379 2683 428 2717 τῆς
443 2683 577 2719 πονηρίας
593 2685 641 2712 τοῦ
662 2687 744 2722 ἀέρος
760 2691 941 2724 πνευμάτων·

150 2728 198 2754 καὶ
221 2728 266 2754 διὰ
294 2728 341 2755 τοῦ
357 2729 406 2765 τῆς
423 2730 536 2765 ἀγνοίας
551 2731 680 2766 γίγαντος
708 2734 756 2769 τὴν
773 2735 941 2775 ἁνατατικὴν

181 2812 200 2827 "
216 2812 223 2838 l
243 2812 305 2840 Cor.
323 2821 348 2844 ν,
366 2814 408 2841 t7.
447 2815 469 2830 "
484 2816 582 2850 Epltcs.
599 2826 633 2852 ιι,
655 2819 684 2845 lz.’

990 2284 1076 2312 usque
1100 2276 1149 2310 ipsi
1174 2276 1323 2309 resistunt;
1342 2279 1369 2303 et
1395 2284 1510 2303 coronas
1533 2281 1579 2303 aut
1604 2277 1780 2311 ignominiam

990 2323 1017 2350 in
1035 2328 1181 2357 conspectu
1198 2323 1353 2358 angelorum
1371 2323 1448 2349 nobis
1466 2331 1638 2358 comparans,
1662 2331 1709 2350 sua
1728 2325 1781 2351 tela

988 2377 1098 2404 semper
1111 2374 1138 2397 et
1154 2377 1229 2396 arma
1247 2370 1272 2396 in
1287 2376 1337 2396 nos
1351 2373 1525 2404 contorquet.
1545 2370 1675 2404 Princeps
1689 2376 1779 2397 autem

990 2415 1063 2443 acris
1090 2416 1201 2443 rnentali
1228 2419 1358 2442 vacantes
1375 2411 1491 2443 orationi
1519 2416 1631 2448 invadit,
1650 2417 1781 2451 imagina-

993 2464 1096 2488 tionem
1121 2462 1255 2496 impetens
1279 2461 1500 2495 intellectumque
1521 2466 1548 2488 et
1568 2462 1699 2488 rationem
1715 2463 1781 2488 ado-

993 2508 1067 2535 riens
1082 2515 1145 2534 cum
1161 2507 1285 2541 malignis
1297 2507 1436 2542 spiritibus
1451 2508 1560 2535 aetheris
1571 2516 1579 2540 ;
1592 2514 1619 2535 ct
1631 2517 1677 2543 per
1690 2509 1782 2543 gigan-

992 2559 1045 2581 tem
1064 2554 1227 2588 ignorantia:
1241 2554 1408 2588 superiorem
1423 2555 1578 2582 intellectus
1591 2559 1692 2588 partem
1708 2554 1780 2581 velut

990 2600 1109 2628 alterum
1125 2599 1267 2634 spirituale
1281 2599 1379 2627 ctelum
1397 2607 1505 2627 coanose
1521 2599 1621 2631 turbat,
1640 2604 1667 2626 et
1691 2599 1779 2633 phan-

989 2647 1102 2673 tasticas
1115 2645 1330 2680 tcuebrosasquc
1341 2646 1484 2680 spirituum
1498 2646 1598 2672 formas
1610 2650 1633 2671 et
1647 2650 1780 2671 transum-

986 2693 1119 2724 tatioucs,
1135 2692 1213 2726 quasi
1230 2692 1346 2727 fulgura,
1363 2697 1390 2718 ct
1405 2696 1534 2720 tonitrua.
1550 2691 1736 2725 proccllanpte
1751 2696 1779 2718 et

985 2738 1112 2775 fragores
1138 2738 1287 2772 exhibens,
1314 2743 1444 2766 terrorem
1473 2738 1580 2765 incutit.
1608 2737 1646 2765 ita
1677 2736 1776 2772 singuli
