1947 3072
167 156 235 189 1227

682 156 725 186 CA
732 157 816 186 i‘l'l‘A
842 157 913 187 PER
937 154 1267 187 ACROSTI'CUIDEM.

1725 153 1794 182 1‘39}

165 229 233 250 mag,
260 220 275 253 ἡ
301 217 435 253 κουφότης
447 224 455 232 ⁸
471 218 520 253 τῆς
534 217 563 244 δὲ
575 217 728 253 προκοπῆς,
747 217 760 243 ὸ
775 215 870 251 φθόνος
883 223 890 231 '
902 216 950 250 τῆς

1005 215 1065 246 diae,
1091 214 1196 242 diunon
1217 211 1373 248 progressui
1391 209 1537 237 mtuuians:
1559 209 1672 244 pinnatis
1690 209 1792 236 dercti.

164 265 190 290 δὲ
204 273 240 290 πα
256 264 381 298 δευτικῆς
396 263 634 298 παραχωρήσεως,
651 263 668 297 ὴ
682 262 840 297 ὲφὰμαρτος
862 261 949 296 βιοτή.

165 310 217 335 Καὶ
234 309 249 344 ἡ
268 309 316 344 μὲν
342 309 373 334 ἐκ
389 308 498 342 φθόνου,
527 308 574 334 καὶ
588 308 704 343 οίήσεως
731 308 825 342 μόνης,
839 308 951 342 ταχεῖαν

164 356 218 388 ἕλει
231 356 280 390 τὴν
296 356 377 384 ἴασιν.
394 355 458 381 ὅταν
473 354 590 390 μάλιστα
602 355 650 380 καὶ
661 353 833 390 ταπεινωθῃ·
844 353 861 388 ὴ
878 353 905 379 δὲ
920 354 952 379 ἐκ

164 401 287 432 παιδείας
301 401 335 427 δι’
350 401 487 436 ἁμαρτίαν
504 399 543 435 τῷ
558 401 667 435 Σατανᾷ
690 400 805 432 ἕκδοσις,
821 399 952 431 πολλάκις

165 447 245 481 μεχρι
256 446 371 472 θανάτου
391 445 459 480 πρὸς
474 445 573 480 ἄφεσιν
592 445 605 471 ό
619 445 687 477 Θεὸς
713 446 874 480 παραχωρεῖ
885 444 952 470 ταὺ-

163 501 221 522 in“.
239 492 316 517 ’Ἐστι
331 491 352 516 δ’
368 491 413 517 ὅτε
436 490 484 517 καὶ
507 490 673 522 ἀνευθύνους
690 490 862 522 κολάζεσθαι,
883 491 951 524 πρὶς

165 536 300 569 σωτηρίαν
319 535 454 562 ἐκδίδωσι.
475 535 536 571 Χρὴ
551 535 579 562 δὲ
595 534 706 566 εἰδέναι,
726 535 767 561 ὅτι
785 536 832 561 καὶ
846 534 926 566 αὐτὸς
938 535 952 561 ό

163 582 211 615 τῆς
225 583 338 615 οἰήσεως
350 581 456 615 δαίμων
469 581 598 615 προλέγει
611 581 640 607 ὲν
659 581 716 612 τοῖς
731 580 768 616 μὴ
782 580 903 616 ἀκριϐῶς
918 581 951 616 τῇ

165 629 261 662 καρδίᾳ
278 628 470 662 προσέχουσιν.

200 671 265 707 (def.
284 673 378 707 ἰερεῖς
397 673 444 699 καὶ
460 672 581 707 βασιλεῖς
606 672 639 707 τῇ
656 671 771 707 ἀληθείᾳ
787 671 910 706 χρίονται
924 672 952 698 ἐν

162 721 194 753 τῇ
210 718 381 745 ἀνακαινίσει
397 719 496 749 πάντες
515 717 540 744 οἱ
562 717 696 749 εὐσεϐεῖς,
712 717 808 751 ὥσπερ
823 717 892 743 κατὰ
907 716 953 742 τὸν

164 766 249 791 τύπον
273 765 334 791 τότε
351 763 398 790 κοιλ¹
412 765 437 790 οί
451 763 573 791 παλαιοί.
602 763 689 789 Τύποι
704 763 758 798 γὰρ
771 760 841 797 ἦσαν
855 763 954 788 ἐκεῖνοι

163 814 196 846 τῇ
215 811 336 846 ἡμετέρᾳ.
350 810 464 845 ἀληθείᾳ
478 817 485 825 ·
503 809 553 835 οὐκ
569 810 601 836 ἐκ
616 809 726 844 μέρους,
740 808 797 835 ἀλλ’
809 808 864 834 ὅλοι
876 808 954 840 ὅλους

165 857 239 890 ἡμᾶς
266 855 471 890 ἐτεκμαίροντο.
488 854 558 882 Οὔτε
578 855 632 890 γὰρ
648 855 708 881 κατ’
727 853 848 886 ἐκείνους
862 854 954 888 ὁμοιό-

164 889 264 937 τροπος
279 902 326 929 καὶ
343 889 469 936 ὁμοειδὴς
484 902 500 937 ἠ
515 901 641 936 ἡμετέρα
661 900 796 936 βασιλεία,
815 901 862 927 καὶ
881 901 955 935 ίερα-
968 889 990 919 Β

165 950 236 978 rain.
251 948 304 975 κᾶν
317 947 440 982 σύμϐολα
455 947 489 973 τὰ
506 947 575 973 αὑτά
589 954 596 961 ’
616 945 678 972 οὔτε
695 945 757 972 καθ’
780 945 853 980 ἡμᾶς
872 945 956 980 διορι-

166 994 234 1026 eam
248 993 304 1028 ἔχει
320 995 336 1028 ἡ
355 993 447 1026 φύσις,
458 992 474 1026 ἢ
487 993 502 1027 ἠ
522 992 610 1027 χάρις,
624 992 670 1018 καὶ
687 993 703 1027 ἡ
717 991 814 1026 κλῆσις
828 991 895 1026 πρὸς
906 990 955 1026 τὴν

165 1040 265 1074 χρίσιν,
277 1038 323 1066 τοῦ
340 1036 410 1065 εἶναι
427 1039 459 1065 τὰ
475 1038 623 1073 χρισθέντα
647 1037 764 1072 διάφορα
775 1045 781 1052 ·
799 1036 867 1063 ἀλλὰ
891 1037 955 1071 μίαν

165 1085 212 1111 καὶ
225 1085 274 1120 τὴν
285 1084 370 1119 αὐτὴν
382 1084 490 1118 κλῆσιν.
509 1083 555 1109 καὶ
567 1083 669 1112 πίστιν.
684 1083 731 1109 καὶ
745 1083 885 1118 μόρφωσιν
897 1082 956 1117 ἕχο-

167 1139 227 1165 μεν.
244 1130 324 1165 Δηλοῖ
337 1130 364 1156 δὲ
380 1130 427 1156 καὶ
442 1129 581 1164 ἐμφαίνει,
610 1128 682 1155 κατὰ
695 1128 744 1154 τὸν
758 1129 808 1162 τῆς
825 1128 955 1163 ἀληθείας

165 1176 254 1210 λόγον,
273 1176 302 1202 τὸ
316 1175 438 1211 καθαρὸν
456 1175 503 1202 καὶ
519 1172 637 1206 ἀπαθὲς,
654 1175 701 1202 καὶ
721 1175 781 1201 ὅλον
798 1174 956 1210 ἀφιερωμέ-

165 1231 220 1255 νον,
232 1221 291 1257 Θεῷ
303 1221 431 1255 γενέσθαι
446 1221 492 1248 νῦν
508 1230 537 1247 τε
555 1221 600 1248 καὶ
612 1221 640 1246 ὲν
656 1220 695 1254 τῷ
709 1220 845 1253 μέλλοντι.

202 1268 265 1302 ρλδ’.
287 1267 386 1301 Σοφίαν
399 1266 550 1300 τηνικαῦτα
565 1267 669 1297 ἐκεῖνος
684 1265 723 1302 τῷ
740 1266 854 1301 στόματι
867 1266 953 1300 λαλεῖ,

165 1314 212 1339 καὶ
233 1313 267 1348 τῇ
292 1313 341 1347 τῆς
357 1312 471 1348 καρδίας
491 1312 590 1348 μελέτῃ
606 1311 725 1345 σύνεσιν,
744 1313 757 1338 ὀ
773 1311 840 1338 Θεὸν
856 1312 953 1346 Λόγον,

165 1360 214 1392 τὴν
228 1358 275 1385 τοῦ
288 1359 356 1385 Θεοῦ
367 1359 412 1385 καὶ
432 1359 538 1393 [ἰατρὸς
556 1358 739 1385 ὲνυπόστατον
764 1358 870 1392 σοφίαν,
886 1367 953 1393 τρα-

165 1406 216 1437 νῶς
234 1406 266 1432 ὲκ
289 1405 344 1432 τῶν
369 1405 454 1432 ὄντων
474 1405 624 1440 ἐμφαίνων,
652 1404 689 1436 ὼς
705 1405 768 1435 τοὺς
788 1404 884 1438 λόγους
897 1405 952 1432 τῶν

162 1449 326 1485 ὰρχετύπων
342 1451 370 1476 ἐν
384 1451 438 1480 τοῖς
452 1448 528 1476 οὖσιν
542 1449 611 1484 ἔχων
627 1450 890 1485 χαρακτηρίςοντας,
905 1451 953 1477 καὶ

162 1497 207 1522 διὰ
232 1497 279 1522 τοῦ
302 1496 362 1522 κατ’
391 1495 533 1530 ἐνέργειαν
553 1495 653 1528 ζῶντος
669 1495 760 1529 λόγου,
785 1495 824 1530 τῷ
838 1495 953 1528 στόματι

164 1541 240 1567 λαλεῖ
260 1541 356 1576 σοφίαν
371 1542 402 1567 ὲκ
415 1541 527 1575 σοφίας·
541 1542 572 1576 τῇ
589 1541 616 1567 δὲ
634 1541 733 1576 καρδίᾳ.
749 1541 954 1576 ἐλλαμπόμενος

165 1589 197 1622 τῇ
214 1587 326 1622 δυνάμει
340 1587 388 1622 τῆς
404 1587 623 1622 μεταποιητικῆς
646 1586 781 1618 συνέσεως
802 1587 955 1622 μελετωμέ-

165 1641 213 1666 νης
227 1632 266 1667 τῷ
279 1632 427 1667 πνεύματι,
452 1633 540 1659 ποιεῖν
563 1632 610 1658 καὶ
630 1633 760 1666 φωτίζειν
787 1632 899 1659 δύναται
911 1633 957 1660 διὰ

164 1680 212 1713 τῆς
229 1678 375 1710 συνέσεως,
390 1678 454 1708 τοὺς
470 1678 572 1710 πιστῶς
585 1678 742 1710 ἀκούοντας.

202 1722 265 1757 ρλε’.
285 1723 317 1749 Ἠ
331 1723 438 1758 μεγάλη
451 1723 501 1757 τῆς
511 1723 640 1757 ἀληθείας
653 1723 811 1756 ἀντίπαλος,
824 1723 872 1751 καὶ
887 1724 955 1761 πρὸς

165 1768 304 1795 ἀπώλειαν
324 1769 387 1800 τοὺς
403 1769 563 1804 ἀνθρώπους
586 1770 704 1797 ἕλκουσα
730 1770 817 1806 πλάνη
836 1772 954 1806 σήμερον

165 1813 214 1849 (δι’
228 1811 261 1849 ἧς
278 1814 294 1849 ἡ
310 1813 406 1846 ἄγνοια
431 1814 476 1840 τοῦ
494 1815 606 1846 σκότους
635 1815 664 1842 ἐν
692 1818 753 1847 ταῖς
778 1817 878 1851 ψυχαῖς
899 1817 954 1844 τῶν

165 1859 295 1895 ῥᾳθύμων
306 1860 491 1893 ἐϐασίλευσεν,
503 1861 534 1887 ὲκ
546 1861 613 1887 Θεοῦ
626 1861 832 1897 ἁλλοτριώσασα
844 1862 953 1894 αὐτούς’

164 1907 189 1933 οἶ
200 1907 246 1932 καὶ
262 1906 300 1938 ὡς
315 1906 352 1942 μὴ
367 1904 438 1933 εἶναι
453 1907 520 1933 Θεὸν
535 1908 729 1941 γινώσκοντες,
742 1907 789 1934 τὸν
802 1909 876 1943 ἡμᾶς
890 1908 955 1934 ἀνα-

163 1952 334 1988 γεννήσαντα
358 1953 405 1980 καὶ
429 1953 597 1988 φωτίσαντα,
612 1953 629 1989 ἢ
649 1954 722 1989 λόγῳ
738 1954 811 1989 μόνῳ
821 1953 892 1989 ψιλῷ
908 1962 954 1980 πι-

164 1997 328 2032 στευόμενον
339 1998 387 2024 καὶ
399 1998 613 2034 γινωσκόμενον,
626 1999 673 2026 καὶ
695 1999 745 2026 οὐκ
762 1999 846 2034 ἔργῳ,
862 1999 878 2035 ἦ
897 2000 955 2032 τοῖς

162 2042 288 2078 ἀρχαίοις
295 2043 385 2079 μόνοις
395 2044 614 2079 ἐπιφαινόμενον,
627 2045 673 2071 καὶ
681 2045 741 2080 οὒχὶ
752 2045 798 2071 καὶ
813 2046 889 2080 ἡμῖν,
902 2045 954 2077 τὰς

163 2089 305 2124 Γραφικὰς
320 2090 384 2125 περὶ
402 2090 470 2117 Θεοῦ
487 2090 642 2126 μαρτυρίας
668 2090 769 2123 ἄλλοις,
787 2090 803 2126 ἢ
819 2090 867 2117 καὶ
897 2091 954 2122 τοῖς

161 2135 285 2170 είρηκόσι
294 2135 493 2171 προσάπτουσι,
506 2136 554 2165 καὶ
569 2136 659 2170 δόξαν,
675 2136 713 2169 ὦς
725 2145 791 2172 φησι
800 2137 864 2172 περὶ
872 2136 951 2170 Θεοῦ,

161 2182 363 2217 βλασφημοῦσι,
379 2183 430 2219 τὴν
452 2183 480 2210 δὲ
501 2184 675 2218 ἐπιγνώσεως
701 2184 785 2215 ὅντως
811 2183 953 2212 εὺσέὃειαν

156 2234 377 2270 ἀπαρνούμενοι,
396 2234 444 2262 καὶ
462 2235 627 2271 σωματικῶς
645 2235 735 2271 μόνον,
751 2235 796 2262 ἵνα
814 2236 852 2272 μὴ
882 2237 951 2264 εἴπω
969 2249 989 2276 D

163 2280 326 2314 Ἰουδαϊκῶς,
343 2281 391 2312 τὰς
404 2281 516 2317 Γραφὰς
532 2281 761 2316 ἀναγινώσκουσι,
776 2282 827 2318 τὴν
842 2283 888 2311 διὰ
900 2284 951 2319 τῆς

158 2326 331 2359 ἀναστάσεως
346 2327 396 2362 τῆς
410 2326 500 2362 ψυχῆς
514 2326 639 2353 ἐντεῦθεν
654 2326 764 2362 ἔγερσιν
773 2328 950 2364 ἀπαρνούμε-

159 2380 209 2402 νοι,
227 2372 274 2398 καὶ
289 2373 427 2398 κατοικεῖν
444 2373 473 2399 ὲν
486 2371 581 2406 τάφοις
601 2371 750 2406 ἀγνώστοις
764 2373 949 2409 ἐπιποθοῦσι)-

159 2415 194 2441 τὰ
210 2415 271 2449 τρία
288 2415 374 2442 ταῦτα
387 2415 462 2451 πάθη
480 2416 650 2452 ὑπάρχουσιν
661 2425 667 2432 ·
680 2417 805 2450 ἀπιστία,
821 2418 950 2453 πονηρία,

161 2461 208 2487 καὶ
234 2461 366 2496 ῥᾳθυμία.
390 2462 526 2496 ’Λλλήλων
549 2462 577 2488 δέ
592 2464 645 2489 εἰσι
660 2464 808 2497 γεννητικὰ
830 2464 877 2490 καὶ
894 2473 952 2490 συν-

161 2507 259 2534 εκτικὰ
269 2516 275 2522 ·
290 2507 405 2534 ἀπιστία
417 2509 482 2543 γὰρ,
498 2509 633 2544 πονηρίας
643 2509 803 2542 διδάσκαλος
812 2518 819 2525 ν
834 2511 953 2546 πονηρία

161 2554 199 2584 δὲ,
221 2553 370 2588 σύντροφος
387 2554 535 2589 ῥᾳθυμίας,
555 2553 589 2590 ἦς
603 2557 620 2591 ἡ
633 2556 748 2592 ὀκνηρία
763 2556 899 2592 σύμϐολον
912 2565 918 2572 ·
934 2556 951 2592 ἢ

161 2600 191 2625 τὸ
202 2599 346 2630 ἀνάπαλιν,
362 2600 495 2635 ῥᾳθυμία,
509 2601 642 2636 πονηρίας
653 2603 809 2638 γεννήτρια,
824 2604 861 2635 ὡς
871 2605 884 2630 ό
898 2603 953 2630 Κύ-

163 2654 220 2681 ριος
233 2645 350 2681 ἔφησεν·
370 2655 379 2672 t
397 2647 503 2682 Πονηρὲ
525 2647 603 2674 δοῦλε
619 2649 665 2675 καὶ
679 2649 790 2685 ὀκνηρέ.
805 2659 814 2675 ι
833 2650 953 2686 Πονηρία

161 2692 201 2724 δὲ,
221 2692 312 2727 μήτηρ
334 2692 481 2725 ἀπιστίας·
507 2694 561 2725 πᾶς
585 2694 640 2729 γὰρ
658 2695 786 2730 πονηρὸς,
801 2696 926 2729 ἄπιστος,
940 2697 954 2723 ὀ

162 2738 190 2764 δὲ
203 2737 241 2772 μὴ
259 2739 405 2771 πιστεύων,
423 2740 470 2765 καὶ
486 2739 586 2773 ἄφοϐος
603 2739 673 2774 Θεῷ.
696 2741 740 2774 Ἐξ
757 2738 790 2776 ἧς
803 2742 818 2776 ἡ
831 2741 953 2777 ῥᾳθυμία

163 2784 304 2817 γεννᾶται,
321 2784 337 2819 ἡ
354 2785 446 2820 μήτηρ
469 2785 519 2820 τῆς
536 2787 780 2822 καταφρονήσεως,
794 2788 828 2814 δι’
839 2785 874 2824 ἧς
899 2789 954 2816 πᾶν

163 2829 265 2861 ἀγαθὸν
275 2830 429 2865 ἀμελεῖται,
446 2832 493 2858 καὶ
503 2833 558 2858 πᾶν
576 2833 661 2860 κακὸν
675 2833 886 2868 διαπράττεται.

200 2875 271 2914 ρλς’.
299 2877 366 2911 Δόξα
387 2879 450 2914 περὶ
477 2878 544 2906 Θεοῦ
573 2879 685 2915 ἀληθὴς,
709 2880 755 2908 καὶ
779 2881 879 2915 γνῶσις
897 2881 953 2910 τῶν

965 1567 986 1595 C

1001 260 1110 294 ctiouis,
1127 259 1181 287 vita
1204 258 1402 293 peccaminosa.
1421 255 1471 289 Qui
1494 261 1563 282 errat
1583 263 1617 283 ex
1640 255 1742 282 invidia
1767 260 1794 281 et

1001 307 1127 340 superbia
1148 310 1264 337 tantum,
1282 309 1406 339 prompto
1443 307 1557 330 sanatur
1574 301 1703 334 remedio,
1723 308 1792 335 pun.

1000 353 1095 380 sertiut
1114 353 1136 379 si
1159 351 1338 383 lnmiilietur;
1362 350 1408 384 qui
1429 356 1493 376 vero
1511 349 1538 374 in
1560 355 1667 381 pennam
1689 347 1793 381 peccati

1007 398 1115 426 Satauze
1130 398 1245 425 traditus
1267 403 1318 429 est,
1339 403 1410 430 salpe
1427 395 1501 422 illum
1518 402 1603 429 usque
1622 394 1655 420 ad
1678 399 1793 420 mortem

1001 445 1101 472 deserit
1131 444 1200 471 Deus
1231 451 1262 470 ac
1277 442 1453 476 dercliuquit.
1472 441 1624 476 Aliquando
1643 445 1732 467 tamen
1750 441 1792 467 vel

1000 491 1087 526 iustos
1103 498 1188 526 pucnm
1218 489 1300 517 tradit
1315 489 1349 516 ad
1366 489 1492 516 salutem.
1508 488 1657 516 Sciendum
1672 493 1737 515 vero
1751 491 1793 515 est

1003 537 1036 565 ab
1048 538 1106 572 ipso
1118 536 1250 570 superbia:
1262 535 1396 562 diellioliio
1417 534 1600 569 pracoccttpari
1616 540 1664 561 eos
1676 533 1722 568 qui
1739 539 1792 560 non

1003 583 1147 618 diligenter
1162 582 1236 610 cordi
1263 589 1315 608 suo
1334 581 1489 616 invigilant.

1042 675 1101 703 155.
1114 674 1276 702 Sacerdotes
1288 679 1316 701 et
1329 681 1405 709 reges
1419 674 1506 708 rcipsa
1519 679 1659 708 unguntur
1672 673 1698 701 in
1712 681 1793 701 reno—

1004 723 1111 750 ratione
1125 729 1221 749 omnes
1243 721 1291 755 pii,
1307 722 1376 747 sicttt
1397 721 1462 747 olitn
1486 720 1601 755 ﬁgurate
1619 720 1792 755 ungebautur

1006 774 1120 795 veteres.
1133 767 1171 794 ibi
1183 766 1254 794 enim
1271 766 1481 801 praeligurabant
1501 770 1621 793 nostram
1636 766 1791 798 veritatem,

1004 818 1031 840 et
1047 820 1100 839 non
1117 819 1149 838 ex
1163 816 1250 846 parte,
1267 811 1313 838 sed
1327 816 1403 838 totos
1417 811 1462 838 loti
1477 818 1526 837 nos
1537 811 1794 846 praemonstrabant.

1006 859 1098 893 Neque
1113 859 1185 885 enim
1203 857 1412 892 congruentiam
1429 861 1532 883 tantum
1547 861 1573 884 et
1587 857 1792 884 similitudim-tn

1003 913 1065 932 cum
1090 904 1131 932 eis
1154 903 1255 930 habent
1270 907 1393 930 nostrum
1418 910 1530 936 regnum
1554 907 1580 929 et
1598 903 1790 934 sacerdotium.

1001 959 1061 986 quae
1073 950 1167 978 iisdem
1181 950 1267 984 signis
1275 949 1491 984 portenduntur;
1506 956 1596 983 nequc
1606 949 1792 977 diversitatem

1003 997 1104 1024 habent
1118 996 1188 1031 apud
1204 1003 1254 1023 nos
1269 999 1376 1027 natura,
1392 1000 1439 1022 aut
1454 995 1552 1029 gratia,
1569 1000 1616 1022 aut
1629 995 1736 1022 voeatiu
1760 997 1792 1021 ad

1003 1044 1170 1076 unctionem,
1185 1046 1215 1070 ut
1231 1046 1311 1069 uncta
1327 1042 1382 1069 sint
1399 1041 1597 1075 discrepantia,
1609 1042 1657 1068 sed
1672 1049 1752 1067 unam
1768 1046 1796 1068 et.

1002 1090 1127 1118 eamdem
1142 1089 1311 1117 vocationem
1327 1087 1461 1121 iidemque
1473 1095 1504 1114 ac
1518 1087 1635 1114 tenuant
1650 1088 1792 1114 habemus.

1002 1135 1127 1164 Ostendit
1143 1139 1232 1162 autem
1249 1141 1280 1161 ac
1299 1134 1476 1165 demonstrat,
1498 1133 1575 1167 juxta
1593 1132 1717 1159 veritatis
1734 1140 1795 1159 ver-

1003 1184 1076 1215 bum,
1097 1182 1200 1216 puritas
1222 1179 1482 1215 impassibilitasqne
1493 1184 1520 1206 et
1534 1179 1638 1214 quaevis
1661 1179 1794 1207 sanctitas

1003 1227 1130 1254 unionem
1147 1235 1208 1254 cum
1225 1225 1281 1253 Deo
1297 1231 1459 1260 pratscutetn
1477 1229 1504 1252 et
1520 1225 1651 1253 futuram.

1038 1273 1101 1301 15L
1120 1272 1168 1300 ltle
1189 1272 1245 1306 jam
1272 1279 1346 1299 nunc
1369 1278 1418 1298 ore
1442 1271 1562 1306 loquitur
1583 1271 1744 1306 sapientiam
1767 1276 1795 1298 et

1003 1320 1094 1347 cordis
1110 1318 1287 1346 meditatione
1299 1319 1483 1352 prudentiam,
1494 1317 1540 1352 qni
1559 1317 1642 1345 Deun.
1658 1317 1789 1350 Verbum,

1003 1365 1214 1394 substantialem
1229 1364 1274 1391 Dei
1288 1363 1377 1391 Patris
1390 1365 1564 1398 Sapientiam,
1578 1364 1652 1391 clare
1665 1372 1696 1391 ex
1713 1365 1794 1392 rebus

1003 1412 1138 1444 ostendit;
1161 1410 1209 1445 qui
1236 1411 1344 1438 ratione
1367 1410 1580 1445 archetyporutu
1598 1411 1624 1437 iu
1651 1411 1734 1438 rebus
1756 1413 1794 1437 vi-

1003 1457 1070 1485 dens
1095 1464 1251 1492 expressas,
1269 1463 1303 1483 ex
1330 1456 1447 1483 viventis
1473 1464 1520 1491 per
1545 1457 1729 1491 operationem
1753 1465 1794 1483 ra—

1005 1503 1085 1530 tionis
1102 1502 1234 1537 sapientia
1256 1501 1418 1538 sapientiam
1439 1510 1487 1529 ore
1510 1502 1643 1537 loquitur,
1660 1508 1689 1534 et
1712 1504 1793 1530 corde

1004 1549 1172 1576 illuminatus
1189 1554 1272 1583 atque
1290 1549 1500 1576 transformatus
1515 1557 1562 1584 per
1579 1549 1706 1576 virtutem
1722 1557 1789 1584 pnt-

1003 1595 1100 1622 dentia:
1121 1594 1275 1628 spiritualia
1292 1594 1458 1626 meditantis,
1475 1593 1564 1621 facere
1588 1599 1619 1621 et
1634 1594 1790 1622 illuminare

1002 1645 1091 1676 potest
1104 1648 1151 1675 per
1170 1641 1240 1668 hanc
1255 1641 1427 1676 prudentiam
1441 1641 1534 1668 ﬁdeles
1552 1641 1701 1668 auditores.

1039 1729 1099 1756 155.
1118 1727 1280 1756 Labefactat
1296 1729 1410 1756 multum
1425 1729 1567 1757 verilatcm
1583 1735 1611 1758 et
1625 1731 1749 1760 homines
1761 1733 1794 1761 ad

1002 1775 1148 1810 perniciem
1166 1782 1239 1801 inme
1271 1774 1352 1801 trahit
1378 1782 1464 1808 error,
1484 1783 1531 1810 per
1545 1783 1623 1810 quem
1643 1777 1794 1812 ignorantia
1831 1793 1834 1797 ~

1002 1822 1150 1855 caliginosa
1173 1821 1198 1846 in
1215 1820 1312 1847 animis
1330 1819 1490 1854 ignavorum
1514 1825 1618 1856 regnat,
1635 1830 1650 1849 a
1668 1823 1724 1850 Deo
1746 1831 1795 1851 eos

1002 1868 1174 1894 abalienans:
1191 1867 1235 1901 qui
1252 1866 1372 1900 quidem,
1391 1873 1518 1901 tanquam
1535 1869 1689 1896 nescientes
1704 1870 1795 1897 exsis-

1003 1919 1057 1940 tere
1072 1912 1156 1940 Deum
1174 1913 1220 1947 qui
1237 1913 1310 1947 ipsos
1319 1906 1422 1939 creavit
1433 1916 1461 1940 et
1475 1913 1649 1948 illuminavit,
1668 1920 1714 1942 aut
1731 1923 1792 1942 eum

1002 1960 1125 1989 dicentes
1137 1966 1210 1986 mera
1225 1963 1330 1986 tantum
1343 1958 1460 1992 ratione,
1473 1963 1501 1986 at
1512 1966 1564 1987 non
1578 1960 1707 1995 operibus
1718 1962 1793 1989 credi

1002 2011 1083 2040 atque
1102 2006 1239 2040 cognosci,
1267 2009 1314 2033 aut
1335 2007 1473 2034 veteribus
1496 2011 1612 2040 tantum,
1631 2007 1701 2034 haud
1731 2015 1793 2036 vero

1002 2052 1082 2079 nobis
1105 2051 1308 2078 manifestatum
1333 2059 1406 2083 esse,
1424 2052 1571 2088 Scriptura:
1587 2052 1622 2080 de
1637 2053 1694 2081 Deo
1715 2055 1793 2081 testi-

1003 2098 1092 2125 monia
1103 2096 1169 2124 aliis
1184 2098 1345 2126 auctoribus
1368 2098 1534 2133 attribuunt,
1552 2106 1582 2127 ac
1601 2100 1715 2135 gloriam
1732 2101 1791 2135 Dei,

1003 2151 1031 2171 ut
1047 2146 1082 2172 ita
1096 2145 1196 2176 dicant,
1213 2145 1412 2179 blaspltetnant,
1436 2150 1517 2180 atque
1534 2153 1626 2174 veram
1648 2147 1791 2174 scientiam

1004 2195 1187 2227 pietatemque
1203 2196 1359 2224 renuentes,
1373 2191 1551 2226 corporaliter
1563 2196 1681 2226 tantum,
1693 2198 1721 2220 ut
1735 2202 1790 2220 nott

1004 2238 1091 2265 dicam
1107 2238 1223 2272 iudaice,
1237 2237 1396 2272 Scripturas
1412 2238 1516 2273 legunt,
1529 2243 1554 2266 et
1570 2244 1730 2273 priesentcm
1749 2248 1791 2267 re-

1004 2285 1160 2312 viviscentis
1176 2285 1272 2312 auiune
1291 2290 1422 2319 negantes
1442 2286 1683 2320 resurrectionem,
1703 2287 1730 2313 in
1749 2295 1791 2315 sc-

1005 2331 1106 2366 pulcris
1129 2331 1235 2366 inglorii
1259 2331 1385 2358 habitare
1407 2332 1532 2367 cupiunt.
1550 2329 1793 2361 Errorem‘stibse-

1003 2381 1126 2411 quuutur
1149 2377 1200 2403 tria
1224 2376 1280 2404 haec
1302 2375 1368 2403 vitia
1391 2384 1401 2404 :
1425 2377 1613 2411 incrcduiitas,
1639 2379 1740 2406 malitia
1765 2385 1793 2408 et

1003 2423 1121 2457 ignavia.
1139 2422 1202 2450 Haec
1216 2429 1246 2450 se
1262 2423 1377 2450 invicem
1393 2429 1528 2458 generant
1549 2429 1576 2452 et
1596 2431 1759 2454 conservant
1783 2435 1791 2456 ‘.

1003 2469 1179 2496 incredulitas
1192 2469 1264 2496 enim
1277 2474 1318 2496 est
1330 2469 1440 2497 malitia:
1455 2470 1584 2505 magistra
1598 2480 1605 2504 ;
1623 2472 1725 2499 malitia
1744 2472 1793 2499 a'u-

1005 2522 1058 2543 tem
1073 2523 1165 2544 comes
1182 2516 1307 2551 ignaviae,
1325 2517 1403 2550 cujus
1421 2517 1529 2552 signum
1549 2522 1591 2545 est
1610 2518 1728 2552 pigritia,
1745 2525 1792 2546 ant

1003 2564 1062 2590 viee
1078 2571 1154 2590 versa
1179 2563 1286 2598 ignavia
1309 2567 1351 2590 est
1364 2563 1474 2591 malitiae
1493 2567 1591 2596 mater,
1608 2569 1638 2591 ut
1661 2563 1792 2592 Dominus

1000 2609 1065 2637 dicit
1082 2609 1190 2645 (Matth.
1210 2616 1274 2641 xxv,
1289 2609 1369 2643 26),t
1380 2609 1464 2637 Serve
1480 2609 1550 2637 male
1566 2615 1593 2637 et
1610 2610 1695 2644 piger.
1717 2619 1726 2636 ι
1739 2610 1793 2638 Ma-

1001 2656 1058 2683 litia
1082 2656 1145 2683 item
1167 2660 1210 2682 est
1231 2656 1435 2683 incredulitatis
1456 2663 1556 2690 parcns
1577 2664 1585 2684 :
1607 2657 1698 2684 omnis
1719 2657 1791 2684 enim

1002 2702 1100 2734 malus.
1112 2702 1272 2730 incredulus
1283 2705 1342 2735 est;
1354 2705 1382 2729 et
1394 2702 1441 2737 qui
1456 2709 1508 2730 non
1524 2702 1623 2735 credit,
1639 2703 1723 2730 Deum
1739 2711 1790 2731 net:

1003 2749 1079 2775 timet
1096 2757 1103 2775 :
1119 2753 1145 2775 et
1158 2755 1190 2775 ex
1211 2748 1261 2776 hac
1271 2748 1393 2776 nascitur
1411 2748 1517 2783 ignavia
1532 2753 1619 2776 mater
1635 2749 1793 2784 dt-speclio-

1000 2796 1061 2828 nis,
1086 2802 1134 2830 per
1153 2802 1236 2830 quam
1258 2802 1340 2822 omne
1361 2794 1464 2822 bonum
1497 2795 1686 2829 committitur,
1711 2803 1793 2825 omne

1002 2842 1103 2870 malum
1120 2841 1269 2869 omittitur.

1037 2889 1100 2917 156.
1112 2889 1187 2917 Laus
1199 2888 1246 2918 Dei
1262 2896 1337 2923 vera,
1351 2892 1378 2917 et
1394 2888 1508 2918 scicntia
1527 2896 1616 2918 rerum
1631 2894 1716 2924 certa,
1731 2896 1794 2925 per»
