1947 3072
132 133 188 169 1321

446 136 496 166 DE
514 135 760 170 QUIETUDINE
783 136 832 165 ET
859 130 1014 166 DUOBUS
1033 130 1246 165 ORATIONIS
1272 130 1405 162 MODIS.

1684 128 1751 160 1322

130 194 222 217 στασις.
243 194 251 211 ι
280 184 410 220 Μοιχεὺει
429 184 483 219 γῖιρ
502 184 556 211 τῶν
573 184 703 211 τοιούτων
722 185 735 210 ὀ
751 184 822 217 νοῦς,
840 186 904 211 ὅταν

962 192 1055 216 [ιιιειιιιι-
1075 190 1176 223 quippe
1207 187 1362 221 tmjusmodi
1391 193 1478 217 mons,
1496 193 1510 212 a
1542 185 1588 212 Dei
1620 186 1749 213 memoria

129 232 222 267 ἀποστῇ
236 235 285 266 τῆς
300 232 347 257 τοῦ
362 231 430 258 Θεοῦ
449 232 568 266 μνήμης,
584 231 621 263 ὡς
640 232 693 257 ἀπὸ
709 232 838 266 νυμφίου.
850 232 904 258 Καὶ

129 277 152 303 ὲν
160 277 307 312 ἐλαχίστοις
323 276 482 311 πράγμασιν
493 276 630 310 ἐρωτικῶς
641 275 740 310 ἔχεται.
751 277 787 303 Τὸ
800 277 905 309 διδάξαι

129 324 151 350 δὲ
163 324 206 350 καὶ
221 324 324 359 ἑτέροις
344 323 393 358 τὴν
418 323 503 358 αὐτὴν
514 322 601 354 τάξιν,
622 323 672 348 οὐκ
688 323 717 349 ἐν
736 323 817 349 πᾶσιν
833 322 906 349 ἐνδέ-

128 376 205 402 χεται.
223 368 285 398 Τοῖς
301 367 350 402 μὲν
367 367 486 398 ἰδιώταις
502 367 632 402 ὑπηκήοις
651 367 710 394 οὖσι
737 368 783 394 καὶ
797 368 905 403 ἀγραμ-

131 414 226 447 μάτοις,
242 414 303 440 ναί·
318 413 412 448 διότιή
426 413 534 448 ὑπακοὴ
549 414 580 439 ὲκ
607 413 697 448 πάσης
709 413 810 448 ἀρετῆς
841 420 905 448 μετ-

129 458 241 494 έχει,’διὰ
255 459 303 494 τῆς
314 458 516 491 ταπεινώσεως.
533 459 742 490 Ἀνυποτάκτοις
757 459 785 486 δὲ
797 459 828 485 οὗ
837 460 906 486 δίδο-

128 514 178 538 ται,
192 505 233 531 ἴνα
251 506 287 540 μὴ
299 505 482 540 πλανηθῶσινΔ
499 505 631 541 εὐχερῶς,
647 505 699 532 κᾶν
722 505 836 537 ἰδιῶται,
854 505 907 532 κᾶν

129 552 265 584 γνωστικοὶ
274 549 324 577 ὦσι
335 559 341 566 ·
356 551 423 578 διότι
439 552 453 577 ὁ
467 551 642 586 αὐτόστοιχος
656 551 686 578 οὐ
701 551 907 585 δύναταιέκφυ-

128 599 179 632 γείν
191 598 238 633 τὴν
251 598 349 633 οἴησιν,
366 595 444 633 δι’ἦς
466 598 484 631 ἡ
501 597 588 632 πλάνη
612 597 806 624 ἐπακολουθεῖν
818 598 907 631 nsqu-

129 653 180 676 κεν,
191 644 228 674 ὥς
247 652 329 678 φησιν
353 645 367 670 ὁ
381 644 458 677 ἅγιος
484 643 586 670 Ἰσαάκ,
598 643 676 673 Τινὲς
688 643 716 669 δὲ
732 643 770 677 μὴ
784 643 907 669 ἐννοοῦνδ

127 697 167 720 τες
185 689 233 723 τὴν
253 689 402 723 μέλλουσαν
420 688 534 722 βλάϐην,
555 688 624 722 πρὸς
638 688 669 715 τὸ
684 687 827 721 συνηθίσαι
840 689 908 722 φασὶ

127 735 169 761 καὶ
182 735 324 769 ἀγαπῆσαι
338 735 383 761 τὸν
399 734 462 761 νοῦν
476 735 526 770 τὴν
543 734 589 760 τοῦ
616 734 684 760 Θεοῦ
711 734 832 769 μνήμην,
851 735 908 765 τοῖς

128 780 232 815 τυχοῦσι
259 780 362 815 ταύτην
380 780 465 814 μόνην
492 781 614 814 ἐνεργεῖν
629 781 817 806 διδάσκουσιν
838 780 908 814 ὅπερ

127 824 172 849 οὐκ
187 823 333 858 ἐνδέχεται,
356 824 404 850 καὶ
423 824 540 858 μάλιστα
557 824 740 860 ὶδιορρύθμοις
759 823 829 852 οὖσι.
848 826 908 851 Ἔτι

128 869 176 904 γὰρ
190 868 237 895 τοῦ
255 869 313 900 νοὸς
330 869 420 895 αὐτῶν
439 869 595 904 ἀκαθάρτου
622 869 698 901 ὄντος
719 870 753 896 δι’
767 869 908 904 ἀμέλειαν,
923 860 943 887 Β

127 915 171 942 καὶ
187 915 420 950 ὑψηλοφροσύνην,
450 915 494 942 διὰ
508 915 634 950 δακρύων
650 915 688 951 μὴ
704 915 909 950 προκαθαρθέν-

128 969 177 992 τος,
190 961 286 988 εἴδωλα
299 961 400 995 μᾶλλον
413 961 513 996 αἰσχρά
527 961 676 995 λογισμῶν.
691 962 739 988 καὶ
752 961 783 988 οὺ
796 969 910 997 προσευ-

127 1007 173 1042 χὴν
201 1007 414 1042 ἐνοπτρὶζονται,
441 1007 495 1033 τῶν
525 1007 555 1033 ὲν
573 1010 606 1042 τῇ
621 1007 720 1043 καρδίᾳ
746 1008 909 1043 πνευμάτων

127 1053 296 1088 ἀκαθάρτων,
310 1053 361 1079 ὑπο
375 1049 424 1080 τοῦ
435 1053 550 1088 ῳοὸεροῦ
565 1053 694 1088 ὀνόματος
708 1054 908 1088 ταραχθέντων,

129 1099 173 1124 καὶ
200 1098 304 1125 ἀνελεῖν
328 1098 482 1134 βρυχόντων
506 1099 551 1125 τὸν
568 1098 742 1133 μαστίζοντα.
770 1098 834 1126 Ἐὰν
855 1099 910 1132 γὰρ

128 1143 239 1180 ἀκούσῃ,
254 1144 271 1179 ἢ
288 1144 398 1180 διδαχθῇ
413 1146 427 1171 ὁ
444 1145 618 1180 ἰδιόῥρυθμος
636 1143 702 1178 περὶ
715 1144 764 1180 τῆς
778 1144 910 1179 ἐργασίας

127 1189 237 1226 ταύτης,
250 1190 298 1217 καὶ
310 1190 433 1224 βούλεται
452 1191 586 1225 κρατῆσαι
601 1191 696 1226 αὐτὴν,
707 1190 737 1217 ἓν
750 1191 784 1217 ἐκ
793 1190 847 1216 τῶν
855 1189 910 1216 δύω

129 1234 218 1269 μέλλει
231 1234 341 1261 παθεῖν·
357 1235 382 1261 εἰ
396 1235 445 1270 μὲν
469 1235 602 1270 βιάζεται,
618 1235 764 1266 πλανᾶται,
777 1235 823 1261 καὶ
834 1234 910 1262 ἀνία-

127 1287 170 1310 τος
183 1279 275 1314 μένει·
289 1281 314 1306 εἰ
328 1280 351 1306 δ’
371 1280 477 1314 ἀμελεῖ,
503 1280 660 1316 ἀπρόκοπος
680 1282 709 1307 ἐν
727 1281 775 1316 ὅλῃ
803 1283 836 1316 τῇ
853 1281 910 1316 ζωῇ

127 1325 207 1352 αὑτοῦ
220 1325 390 1353 καθίσταται.

163 1369 194 1397 θ’.
217 1370 287 1405 Ἐρῶ
298 1371 326 1397 δὲ
340 1370 473 1405 κάγὼ,ὡς
484 1371 538 1398 ἀπὺ
550 1372 647 1406 πείρας
657 1372 754 1406 μικρὸν
769 1372 910 1406 ὲγνωκώς⁴

128 1415 191 1442 Ὅτε
203 1416 318 1451 καθίσῃς
334 1416 364 1442 ἐν
375 1416 466 1452 ἡμέρᾳ
479 1416 534 1451 ἢὲν
550 1419 627 1443 νυκτὶ
637 1417 791 1452 ἡσυχάζων,
808 1418 912 1452 cuium;

127 1461 252 1495 δεόμενος
263 1461 310 1487 τοῦ
329 1461 408 1494 Θεοῦ,
438 1463 523 1496 χωρὶς
539 1462 677 1497 λογισμῶν
693 1464 722 1489 ὲν
738 1464 912 1494 ταπεινώσει,

128 1507 173 1533 καὶ
189 1507 314 1542 ἀτονήσει
328 1508 398 1542 μὲνό
411 1509 472 1540 νοῦς
487 1509 607 1544 κράζων,
616 1509 729 1543 ἀλγήσει
738 1510 766 1536 δὲ
780 1511 810 1536 τὸ
823 1511 912 1544 σῶμα.

127 1553 175 1579 καὶ
189 1553 206 1587 ὴ
223 1553 322 1588 καρδία
335 1555 367 1589 τῇ
385 1554 486 1590 σφοδρᾷ
505 1554 586 1590 πήξει
600 1555 651 1589 τῆς
674 1556 774 1590 συχνῆς
801 1556 914 1591 ἐπικλή-

128 1605 197 1629 σεως
219 1598 265 1625 τοῦ
283 1599 382 1634 Ἰησοῦ,
410 1600 509 1634 μηκέτι
525 1600 750 1635 θερμαινόμενος,
765 1600 781 1636 ἢ
801 1601 915 1634 εὐφραι-

127 1643 250 1676 νόμενος,
267 1643 296 1675 ἐξ
308 1641 345 1670 ὧν
359 1644 375 1678 ἡ
387 1644 536 1679 προθυμία,
554 1645 601 1670 καὶ
616 1646 631 1679 ὴ
650 1645 772 1680 ὑπομονὴ
794 1645 832 1680 τῷ
843 1646 916 1679 ἀγω-

127 1691 204 1724 νιστῇ
220 1690 358 1723 γεννᾶται,
375 1691 435 1716 τότε
449 1690 573 1725 ἐγερθεὶς
584 1691 673 1726 στῆθι,
688 1692 734 1718 καὶ
751 1692 835 1726 ψάλλε
845 1693 916 1718 κατὰ

129 1733 225 1768 μόνας,
241 1734 258 1769 ἢ
278 1734 347 1768 μετὰ
361 1735 408 1760 τοῦ
432 1735 558 1766 συνόντος
575 1744 616 1762 σοι
634 1735 767 1770 μαθητοῦ,
783 1736 800 1771 ἢ
817 1736 916 1772 μελέτῃ

126 1777 200 1808 τινὸς
213 1777 336 1812 ρητοῦ,ἢ
355 1778 451 1814 μνήμῃ
475 1774 633 1814 finitimi)
656 1780 781 1815 ἐνεργείᾳ
804 1780 913 1815 χειρῶν,

127 1823 239 1850 καὶτῶν
254 1822 355 1849 λοιπῶν
366 1823 573 1858 ἀσχολούμενος,
591 1825 607 1859 ἢ
619 1826 651 1860 τῇ
667 1826 819 1858 ἀναγνώσει
832 1833 916 1860 προσ-ι

127 1868 197 1905 έχων
208 1868 349 1903 ἱστάμενος
358 1869 466 1904 μᾶλλον,
475 1870 518 1896 ἵνα
528 1871 612 1897 κόπον
623 1871 739 1906 ὲμποιῇς
749 1872 788 1906 τῷ
797 1873 914 1906 σώματι.

127 1915 184 1942 Καὶ
201 1915 265 1941 ὅταν
278 1915 326 1950 μὲν
346 1915 454 1942 ἵσταται
478 1916 550 1942 κατὰ
566 1917 649 1951 μόνας
664 1917 784 1951 ψάλλων,
807 1917 870 1951 λέγε
887 1918 917 1944 τὸ

127 1960 287 1996 Τρισάγιον,
304 1960 351 1997 καὶ
363 1959 411 1986 εἷθ’
430 1959 501 1987 οὕτω
513 1961 562 1996 τὴν
586 1962 741 1997 προσευχὴν
754 1961 887 1997 ψυχικῶς,
899 1963 917 1998 ἢ

127 2007 241 2042 νοερῶς,
256 2006 435 2042 προσέχοντος
450 2007 497 2033 τοῦ
511 2007 558 2034 νοῦ
571 2009 605 2042 τῇ
622 2008 731 2043 καρδίᾳ.
746 2008 809 2035 Ἐὰν
821 2008 922 2035 ὃὲὲπὶ-

127 2063 219 2081 κειται
235 2054 344 2090 ἀκηδία,
363 2054 425 2088 λέγε
444 2055 492 2082 καὶ
508 2055 634 2091 ψαλμοὺς
649 2055 714 2088 δύω,
730 2055 746 2091 ἢ
762 2057 849 2091 τρεῖς,
872 2056 920 2083 καὶ

125 2101 267 2136 τροπάρια
279 2101 467 2128 κατανυκτικὰ
480 2101 543 2128 ἄνευ
558 2101 658 2135 μέλους
667 2108 674 2115 ⁹
695 2102 734 2128 ὃτι
746 2102 777 2128 οὑ
794 2102 918 2137 μελῳδή-

127 2154 222 2172 σουσιν
236 2147 260 2172 οἱ
275 2146 403 2180 τοιοῦτοι,
418 2147 522 2181 φησὶνὸ
533 2147 582 2182 τῆς
598 2147 749 2181 Κλίμακος.
762 2145 855 2182 ’Λρκεῖ
865 2147 919 2182 γὰρ

923 1530 946 1561 C

958 235 1036 269 quisi
1056 244 1069 261 a
1087 242 1186 267 sparteo
1204 232 1355 261 discedens.
1371 231 1509 258 ctinlimis
1524 231 1605 257 rebus
1628 238 1749 257 amorem

958 282 1137 314 prostituens.
1170 281 1241 306 idem
1268 283 1357 305 autem
1379 279 1445 304 ordo
1473 277 1533 304 aliis
1553 277 1660 303 suaderi
1693 284 1748 302 tton

957 327 1084 354 omnibus
1103 329 1201 360 potest.
1232 323 1429 351 Oltedientibus
1453 323 1559 357 quidem
1588 323 1690 356 ignaris
1721 327 1749 349 ct

957 373 1107 400 illitteratis
1123 375 1223 406 potest,
1239 371 1302 404 quia
1317 370 1472 397 obedientia
1490 375 1599 394 omnem
1617 369 1748 394 virtutetn

958 427 1007 453 per
1033 418 1212 446 humilitatem
1245 416 1402 451 participat.
1433 414 1538 441 Liberis
1562 418 1663 443 autem,
1692 412 1750 438 sive

956 456 1056 499 ignari,
1078 465 1136 491 sive
1149 463 1222 490 docti
1245 462 1310 493 sint,
1339 469 1392 488 non
1421 460 1589 489 conceditur.
1619 466 1654 485 ne
1669 458 1750 485 facile

956 514 1059 542 errent,
1086 509 1150 543 quia
1167 515 1291 535 seorsum
1319 507 1518 533 meditansnon
1551 509 1639 538 potest
1664 504 1752 531 vitare

956 556 1209 589 praesumptionem.
1242 553 1314 580 unde
1340 553 1416 587 sequi
1444 553 1512 579 solet
1539 559 1627 583 error,
1656 556 1686 577 ut
1712 552 1751 577 ait

958 599 1176 627 sanetuslsnae.
1198 599 1312 632 Quidam
1330 606 1407 629 vero,
1434 605 1486 624 non
1504 597 1656 632 cogitantes
1678 596 1751 623 futu-

959 652 1018 670 rum
1048 645 1190 675 damnum,
1223 643 1256 670 ad
1288 642 1537 674 assuefaciendam,
1557 642 1693 676 inquiunt,
1723 646 1752 668 et

958 690 1130 717 alliciendam
1148 695 1267 717 mentem
1280 690 1312 716 ad
1329 690 1376 716 Dei
1392 689 1563 719 memoriam,
1584 687 1684 722 quibus
1709 688 1751 714 vis

959 735 1032 761 illam
1050 735 1136 762 solam
1161 735 1317 761 ntetltndum
1335 734 1450 761 suadent
1465 742 1471 761 :
1487 734 1558 767 quod
1576 741 1628 760 non
1662 732 1752 766 possi-

959 782 1010 807 bile
1022 787 1077 812 est,
1093 787 1125 806 ac
1140 781 1288 814 prmsertiin
1306 780 1348 806 Itis
1363 781 1408 813 qui
1424 780 1539 806 seorsim
1561 779 1664 806 vivunt.
1682 779 1751 806 Cum

958 827 1030 853 enim
1054 827 1175 853 nondum
1195 833 1270 853 mens
1290 832 1384 852 eorum
1412 825 1511 852 munda
1532 824 1567 852 sit
1581 829 1692 859 propter
1705 830 1753 850 ne-

960 873 1115 907 gligentiam
1129 877 1156 898 et
1169 871 1336 906 superbiam,
1352 871 1481 906 lacrymis
1497 878 1550 897 non
1569 871 1632 901 lota.
1661 875 1754 904 tttrpes

962 918 1160 952 cogitationum
1196 917 1337 952 imagines,
1376 917 1466 951 potius
1495 923 1576 951 quam
1601 915 1753 943 orationem

962 964 1150 997 speculantur,
1169 963 1315 991 immundis
1333 963 1426 990 cordis
1450 963 1593 997 spiritibus
1611 961 1753 989 tremendo

963 1011 1073 1038 nomitte
1099 1009 1277 1044 perturbatis,
1305 1013 1333 1035 et
1361 1009 1541 1036 frementibus
1574 1013 1603 1035 ιιι
1629 1007 1754 1035 auferant

962 1062 1024 1082 etim
1040 1055 1087 1090 qui
1102 1055 1176 1089 ipsos
1192 1054 1322 1090 ﬂagellat.
1338 1054 1408 1081 Nam
1424 1054 1447 1080 si
1465 1054 1557 1081 audiat
1580 1058 1608 1080 et
1623 1054 1754 1081 doceatur

962 1099 1036 1126 illam
1056 1100 1213 1126 methodum
1231 1100 1278 1133 qui
1292 1098 1428 1134 privatum
1446 1098 1523 1131 vivit,
1541 1105 1624 1125 unum
1643 1105 1675 1125 ex
1689 1099 1754 1124 duo-

962 1146 1011 1172 bus
1028 1146 1146 1180 patietur
1160 1145 1258 1172 malum
1275 1153 1282 1172 :
1301 1145 1324 1171 si
1353 1145 1469 1171 luctetur
1499 1143 1606 1178 quidem
1631 1145 1752 1174 aberrat,

961 1197 988 1217 rt
1001 1192 1163 1218 insanabilis
1183 1193 1223 1221 lit,
1240 1191 1263 1217 si
1286 1198 1348 1217 vero
1364 1191 1400 1217 sit
1429 1189 1580 1225 negligens,
1609 1189 1713 1216 nullout
1726 1189 1754 1216 in

963 1242 1017 1263 tota
1035 1238 1086 1263 vita
1101 1237 1255 1271 profectum
1272 1236 1346 1263 facit.

998 1374 1023 1400 9.
1041 1374 1131 1400 Dicam
1149 1372 1286 1406 equidem,
1304 1376 1398 1405 utpote
1426 1372 1594 1405 experientia
1622 1371 1753 1398 nonuu'la

962 1421 1086 1449 edoctus,
1103 1417 1216 1452 quando
1244 1417 1350 1444 sedebis
1374 1416 1418 1454 die
1447 1415 1489 1442 vui
1522 1421 1600 1442 nocte
1631 1416 1750 1450 quietus,

962 1465 1119 1499 frequenter
1140 1463 1224 1490 Deum
1240 1469 1355 1496 precans
1363 1462 1424 1488 sine
1434 1462 1644 1496 cogitationibus
1660 1462 1685 1488 in
1703 1463 1752 1488 ltit-

964 1511 1090 1539 milttate,
1104 1514 1129 1533 et
1149 1508 1257 1534 fatiscet
1272 1515 1349 1534 utens
1369 1507 1524 1537 clamitans,
1555 1514 1654 1540 corpus
1687 1515 1751 1532 wro

963 1555 1075 1587 dolebit,
1090 1559 1117 1580 el
1133 1561 1178 1580 σοι·
1199 1554 1300 1580 acriter
1327 1557 1483 1580 contentum
1510 1553 1542 1578 ad
1573 1552 1746 1586 frequentem

961 1601 1027 1629 Jesu
1044 1601 1323 1634 invocationem,jam
1345 1606 1397 1626 non
1416 1599 1516 1626 sentiet
1543 1599 1676 1625 fervorem
1705 1605 1753 1632 aut

963 1649 1098 1680 laetitiam,
1128 1647 1229 1681 quibus
1257 1647 1340 1673 ardor
1367 1651 1394 1673 et
1420 1647 1623 1679 perseverantia
1658 1646 1752 1672 militis

963 1695 1190 1726 fovet-tumtunc
1205 1700 1320 1726 surgens
1353 1698 1406 1724 sta,
1435 1695 1463 1718 et
1495 1692 1578 1725 pSttlle
1602 1692 1675 1718 solus
1704 1696 1751 1717 ant

962 1748 1024 1767 cum
1044 1746 1090 1767 tuo
1098 1742 1201 1767 comite
1213 1739 1358 1774 discipulo,
1378 1738 1419 1765 vel
1437 1738 1606 1764 meditationi
1636 1738 1751 1772 alic‘ujns

964 1787 1051 1818 verbi,
1065 1786 1107 1813 Vel
1128 1786 1266 1812 memoria:
1284 1786 1393 1814 mortis.
1419 1784 1461 1810 vel
1494 1783 1579 1810 labori
1611 1791 1750 1814 manuum,

962 1837 990 1858 et
1004 1831 1066 1858 aliis
1084 1838 1196 1861 vacans,
1210 1831 1253 1856 vel
1272 1829 1378 1856 lectioni
1413 1830 1570 1859 attendens,
1599 1833 1675 1855 statis
1705 1836 1752 1862 po-

964 1877 1033 1909 tius,
1049 1880 1080 1903 ut
1094 1882 1194 1910 corpus
1209 1873 1317 1908 fatiges.
1334 1873 1367 1899 Et
1387 1880 1449 1900 cum
1462 1879 1519 1899 stas
1535 1873 1610 1900 solus
1619 1873 1751 1907 psallens,

963 1920 1213 1954 reeita’l‘risagion,
1225 1919 1363 1945 autetiam
1374 1924 1479 1952 preces,
1493 1919 1581 1944 anima
1597 1919 1638 1944 vel
1651 1924 1750 1950 mente,

962 1967 1119 1994 attendente
1136 1965 1210 1992 cordi
1227 1964 1376 1991 intellectu.
1403 1963 1511 1997 Quodsi
1540 1963 1622 1990 instet
1647 1964 1751 1995 acedia,

964 2014 1048 2040 recita
1058 2013 1139 2040 etiam
1156 2012 1227 2039 duos
1242 2011 1285 2037 vel
1303 2016 1358 2037 tres
1388 2010 1519 2045 psalmos,
1543 2016 1569 2036 et
1603 2010 1751 2036 versiculos

964 2064 1111 2087 nocturnos
1127 2057 1230 2092 absque.
1242 2062 1334 2089 cantu,
1349 2057 1414 2091 quia
1432 2063 1506 2082 (non
1525 2056 1675 2082 cantabunt
1703 2057 1749 2089 qui

963 2111 1027 2133 sunt
1051 2104 1218 2140 hujusmodi,
1232 2104 1271 2131 ait
1284 2103 1416 2131 Clituax.»
1448 2112 1458 2128 ‹
1474 2102 1578 2129 Sufficit
1595 2102 1666 2129 enini
1685 2101 1751 2136 ipsis

964 2153 997 2179 ad
1013 2152 1140 2188 gaudium
1158 2150 1237 2177 labor
1271 2150 1362 2177 cordis
1393 2157 1442 2184 pro
1469 2148 1571 2182 pietate
1595 2153 1749 2182 susceptus,

125 2193 222 2224 αὐτοῖς
233 2193 272 2224 εἰς
287 2192 457 2228 εὐφροσύνην
483 2195 498 2218 ὁ
509 2192 558 2227 τῆς
569 2192 681 2228 καρδίας
695 2194 774 2224 πόνος
788 2193 858 2228 ὑπὲρ
872 2193 913 2219 εὑ-

966 2198 1055 2232 inquit
1067 2201 1182 2224 sanctus
1199 2195 1319 2228 Marcus,
1336 2199 1363 2222 et
1381 2194 1471 2221 fervor
1497 2194 1608 2228 spiritus
1624 2194 1657 2220 ad
1685 2194 1753 2219 lania

128 2238 239 2270 σεὸειας
264 2239 417 2273 γινόμενος,
434 2238 526 2271 καθώς
550 2248 633 2274 φησιν
655 2240 669 2265 ὁ
695 2240 772 2274 ἆγιος
794 2241 916 2275 Μάρκος,

127 2287 179 2310 καὶ
192 2286 209 2319 ἡ
227 2283 315 2319 θέρμη
331 2285 378 2311 τοῦ
402 2285 560 2320 Πνεύματος
586 2286 654 2320 πρὸς
668 2287 755 2321 χαρὰν
771 2287 818 2314 καί
831 2287 918 2321 ἀγαλ-

126 2329 221 2356 λίασιν
239 2330 330 2362 αὐτοῖς
356 2330 493 2366 διδομένη.
510 2331 580 2365 Λέγε
601 2331 630 2357 δὲ
645 2333 715 2358 κατὰ
728 2331 844 2366 ψαλμὸν,
871 2333 919 2358 καὶ

126 2375 181 2410 τὴν
194 2375 347 2411 προσευχὴν
358 2376 469 2410 νοερῶς,
485 2375 648 2411 ἢψυχικῶς,
666 2376 856 2411 ἀρεμόἀστως,
872 2377 919 2404 καὶ

125 2421 174 2451 τὸ,
198 2421 366 2456 ’Λλληλοὺῐα.
383 2420 457 2456 Αὕτη
473 2421 554 2456 γὰρὴ
567 2421 643 2454 τάξις
660 2421 715 2447 τῶν
731 2421 816 2454 ἁγίων
831 2421 918 2448 Πατέ-

129 2475 202 2502 ρων,
218 2467 432 2501 Βαρσανουφίου,
447 2467 494 2493 καὶ
521 2468 658 2502 Διαδόχου,
674 2468 722 2494 καὶ
736 2467 789 2494 τῶν
807 2467 919 2494 λοιπῶν.

127 2513 202 2545 Καὶ,
220 2512 310 2544 καθώς
326 2521 408 2548 φησιν
427 2514 441 2539 ὁ
457 2513 527 2545 θεῖος
552 2514 698 2544 Βασίλειος.
715 2513 755 2540 δεῖ
773 2514 836 2545 τοὺς
852 2513 921 2548 ψαλ-

130 2558 204 2593 μοὺς
223 2557 284 2584 καθ’
301 2557 407 2593 ἡμέραν
421 2557 602 2589 ἐναλλάττειν,
620 2558 663 2585 διὰ
681 2559 710 2584 τὸ
735 2558 868 2593 ἐρεθίζειν
880 2559 920 2589 εἰς

129 2602 303 2639 προθυμίαν,
324 2603 372 2629 καὶ
397 2603 440 2628 ἵνα
468 2602 516 2637 μὴ,
532 2602 625 2637 φησὶν,
650 2602 741 2637 ἀηδῶς
764 2603 778 2628 ὁ
793 2601 856 2632 νοῦς
870 2601 920 2636 ἔχῃ

129 2650 252 2677 πάντοτε
265 2648 299 2675 τὰ
315 2647 386 2675 αὐτὰ
401 2647 519 2683 ψάλλων,
535 2648 602 2674 ἀλλὰ
610 2648 658 2683 τὴν
675 2647 831 2682 ἐλευθερίαν
846 2647 921 2680 αὐτῷ

128 2697 191 2731 χρὴ
207 2695 395 2730 παραχωρεῖν,
411 2693 459 2720 καὶ
473 2693 512 2720 ἔτι
528 2693 628 2728 μᾶλλον
647 2694 687 2725 εἰς
706 2692 861 2727 προθυμίαν
875 2692 921 2727 ιρι

120 2743 228 2776 ῥωται.
244 2742 307 2767 Ἐὰν
322 2741 351 2768 δὲ
371 2741 439 2776 μετὰ
468 2740 591 2776 μαθητοῦ
607 2740 702 2767 πιστοῦ
728 2741 836 2768 ἵσταο-αι
850 2741 919 2775 ψάλ-

119 2787 192 2818 λων,
208 2788 309 2819 ἐκεῖνος
326 2787 376 2822 μὲν
387 2787 452 2819 τοὺς
465 2787 590 2822 ψαλμοὺς
600 2787 712 2821 λεγέτω,
730 2787 761 2813 σὺ
772 2787 798 2813 δὲ
811 2788 843 2822 τῇ
856 2795 921 2821 καρ-

118 2833 172 2868 δίᾳ
195 2832 324 2866 κρυπτῶς
337 2832 481 2868 προσέχων
500 2833 550 2859 καὶ
580 2833 810 2867 προσευχόμενος,
841 2831 920 2866 τήρει

223 2892 360 2921 ΡΑτιιοι.
390 2891 448 2920 Gs.
476 2889 531 2918 CL.

965 2245 1029 2270 tiant
1059 2247 1086 2269 et
1111 2241 1322 2269 exsultationem
1349 2241 1389 2267 eis
1409 2241 1500 2266 (latus.
1522 2248 1532 2265 ι
1558 2239 1652 2266 Adhuc
1681 2239 1751 2265 intra

963 2289 1096 2323 psalmum
1113 2292 1141 2314 et
1156 2294 1251 2321 preces
1264 2286 1353 2313 anima
1365 2286 1408 2312 vel
1421 2291 1510 2312 mente
1526 2284 1599 2312 haud
1622 2289 1751 2319 vagantur

964 2339 1061 2365 tactas.
1077 2333 1121 2361 dic
1130 2333 1256 2361 Alleluia.
1273 2333 1336 2360 llaec
1359 2338 1402 2358 est
1422 2333 1494 2358 enim
1522 2333 1664 2358 tnetliodus
1689 2339 1752 2357 san-

963 2387 1069 2409 ctorum
1081 2380 1203 2413 Patrum,
1215 2378 1408 2414 Barsannpltii,
1433 2377 1573 2410 Diadoclti,
1584 2382 1611 2405 ct
1623 2377 1750 2404 aliorum.

964 2429 1063 2462 Atque,
1077 2433 1108 2454 ut
1123 2427 1160 2454 ait
1175 2426 1255 2454 divus
1269 2425 1396 2456 Basilius,
1421 2434 1430 2450 ι
1449 2429 1556 2458 oportet
1571 2425 1690 2459 psalmos
1720 2425 1749 2450 in

964 2476 1022 2503 dies
1048 2474 1195 2505 alternare,
1219 2474 1253 2500 ad
1283 2473 1478 2500 stintulatnlunt
1505 2472 1642 2503 arderent,
1669 2477 1753 2505 utque

964 2529 1102 2555 nunquam
1120 2527 1206 2550 mens,
1222 2520 1320 2554 inquit,
1349 2519 1461 2546 eosdem
1482 2517 1602 2552 psalmos
1620 2517 1751 2547 fastidiat,

963 2567 1010 2594 sed
1029 2566 1139 2592 libertas
1152 2565 1176 2591 ei
1197 2564 1378 2598 permittenda
1389 2570 1441 2596 est,
1456 2569 1484 2590 ct.
1501 2564 1542 2590 sic
1574 2562 1669 2597 majori
1705 2569 1751 2589 ac-

963 2612 1097 2639 ccndetur
1113 2610 1214 2636 studio.
1239 2619 1247 2634 ι
1269 2610 1345 2642 Quod
1375 2609 1397 2636 si
1425 2617 1486 2636 cum
1515 2608 1646 2643 discipulo
1677 2608 1751 2635 fideli

964 2663 1022 2685 stas
1038 2658 1169 2692 psallens,
1188 2657 1231 2684 hic
1248 2657 1356 2690 quidem
1377 2656 1495 2690 psalmos
1510 2655 1616 2686 recitet,
1630 2658 1658 2681 tu
1687 2661 1751 2680 vero

963 2705 1047 2732 corde
1056 2705 1129 2731 intus
1142 2703 1328 2730 attendentem
1338 2708 1365 2729 ct
1378 2708 1534 2736 precantem
1549 2706 1611 2727 tene
1622 2700 1749 2734 teipsunt.

963 2749 1066 2775 Omnes
1083 2753 1175 2775 autem
1191 2747 1456 2783 cogitationeshsive
1482 2745 1666 2777 sensibilium,
1692 2745 1751 2772 sive

965 2793 1196 2827 intelligibiiium,
1215 2793 1242 2818 in
1257 2793 1340 2819 corde
1360 2793 1464 2819 inertas
1478 2791 1646 2826 asperneris,
1676 2791 1754 2825 adju-

963 2846 1047 2867 vante
1076 2839 1214 2866 oratione.
1241 2837 1309 2865 Nam
1335 2838 1462 2872 quietudo
1492 2842 1534 2864 est
1560 2837 1758 2871 cogitationum

1563 2883 1602 2912 1&2
