  <div class='ocr_page' id='page_1' title='image "/cluster/home/n/w/nwhite01/storage/ocr_20150623/150/njp.32101077773180/682.png"; bbox 0 0 1947 3072; ppageno 0'>
   <div class='ocr_carea' id='block_1_1' title="bbox 119 110 185 142">
    <p class='ocr_par' dir='ltr' id='par_1_1' title="bbox 119 110 185 142">
     <span class='ocr_line' id='line_1_1' title="bbox 119 110 185 142; baseline -0.015 -1"><span class='ocrx_word' id='word_1_1' title='bbox 119 110 185 142; x_wconf 80' lang='lat'><strong>135</strong></span> 
     </span>
    </p>
   </div>
   <div class='ocr_carea' id='block_1_2' title="bbox 432 110 1399 150">
    <p class='ocr_par' dir='ltr' id='par_1_2' title="bbox 432 110 1399 150">
     <span class='ocr_line' id='line_1_2' title="bbox 432 110 1399 150; baseline 0.009 -10"><span class='ocrx_word' id='word_1_2' title='bbox 432 111 482 141; x_wconf 86' lang='lat' dir='ltr'><strong>DE</strong></span> <span class='ocrx_word' id='word_1_3' title='bbox 503 110 751 147; x_wconf 79' lang='lat' dir='ltr'><strong>QUIE&#39;l‘UDlNE</strong></span> <span class='ocrx_word' id='word_1_4' title='bbox 778 114 825 145; x_wconf 87' lang='grc' dir='ltr'><strong>ΕΤ</strong></span> <span class='ocrx_word' id='word_1_5' title='bbox 849 115 1006 145; x_wconf 76' lang='lat' dir='ltr'><strong>DUOBUS</strong></span> <span class='ocrx_word' id='word_1_6' title='bbox 1037 117 1248 146; x_wconf 77' lang='lat' dir='ltr'><strong>ORATIONIS</strong></span> <span class='ocrx_word' id='word_1_7' title='bbox 1269 118 1399 150; x_wconf 79' lang='lat' dir='ltr'><strong>MODIS.</strong></span> 
     </span>
    </p>
   </div>
   <div class='ocr_carea' id='block_1_3' title="bbox 1672 121 1739 152">
    <p class='ocr_par' dir='ltr' id='par_1_3' title="bbox 1672 121 1739 152">
     <span class='ocr_line' id='line_1_3' title="bbox 1672 121 1739 152; baseline 0.015 -1"><span class='ocrx_word' id='word_1_8' title='bbox 1672 121 1680 151; x_wconf 73' lang='grc' dir='ltr'><strong>ί</strong></span> <span class='ocrx_word' id='word_1_9' title='bbox 1686 122 1739 152; x_wconf 75' lang='grc'><strong>326</strong></span> 
     </span>
    </p>
   </div>
   <div class='ocr_carea' id='block_1_4' title="bbox 115 165 904 208">
    <p class='ocr_par' dir='ltr' id='par_1_4' title="bbox 115 165 904 203">
     <span class='ocr_line' id='line_1_4' title="bbox 115 165 904 203; baseline 0.005 -13"><span class='ocrx_word' id='word_1_10' title='bbox 115 165 182 199; x_wconf 78' lang='grc' dir='ltr'>πρός</span> <span class='ocrx_word' id='word_1_11' title='bbox 197 173 278 190; x_wconf 89' lang='grc' dir='ltr'>τινων</span> <span class='ocrx_word' id='word_1_12' title='bbox 299 165 458 200; x_wconf 86' lang='grc' dir='ltr'>ἀρέσκειαν,</span> <span class='ocrx_word' id='word_1_13' title='bbox 484 166 552 200; x_wconf 81' lang='grc' dir='ltr'>μηδὲ</span> <span class='ocrx_word' id='word_1_14' title='bbox 569 167 652 193; x_wconf 77' lang='grc' dir='ltr'>πάλιν</span> <span class='ocrx_word' id='word_1_15' title='bbox 678 168 840 203; x_wconf 82' lang='grc' dir='ltr'>ἀπλήστως·</span> <span class='ocrx_word' id='word_1_16' title='bbox 865 169 904 194; x_wconf 78' lang='grc' dir='ltr'>ὅτι</span> 
     </span>
    </p>
   </div>
   <div class='ocr_carea' id='block_1_5' title="bbox 958 165 1739 208">
    <p class='ocr_par' dir='ltr' id='par_1_5' title="bbox 958 171 1739 208">
     <span class='ocr_line' id='line_1_5' title="bbox 958 171 1739 208; baseline 0.008 -11"><span class='ocrx_word' id='word_1_17' title='bbox 958 171 1148 204; x_wconf 66' lang='grc' dir='ltr'>ητίιιὴειοτίο,</span> <span class='ocrx_word' id='word_1_18' title='bbox 1165 174 1213 200; x_wconf 82' lang='lat' dir='ltr'><strong>sed</strong></span> <span class='ocrx_word' id='word_1_19' title='bbox 1228 174 1358 208; x_wconf 75' lang='lat' dir='ltr'><strong>graviter,</strong></span> <span class='ocrx_word' id='word_1_20' title='bbox 1376 174 1516 206; x_wconf 83' lang='lat' dir='ltr'><strong>decenter,</strong></span> <span class='ocrx_word' id='word_1_21' title='bbox 1544 175 1631 208; x_wconf 83' lang='lat' dir='ltr'><strong>lirme,</strong></span> <span class='ocrx_word' id='word_1_22' title='bbox 1659 177 1739 203; x_wconf 85' lang='lat' dir='ltr'><strong>intel-</strong></span> 
     </span>
    </p>
   </div>
   <div class='ocr_carea' id='block_1_6' title="bbox 114 210 906 247">
    <p class='ocr_par' dir='ltr' id='par_1_6' title="bbox 114 210 906 247">
     <span class='ocr_line' id='line_1_6' title="bbox 114 210 906 247; baseline 0.005 -12"><span class='ocrx_word' id='word_1_23' title='bbox 114 210 167 235; x_wconf 80' lang='grc' dir='ltr'>πᾶν</span> <span class='ocrx_word' id='word_1_24' title='bbox 182 210 280 245; x_wconf 83' lang='grc' dir='ltr'>μέτρον</span> <span class='ocrx_word' id='word_1_25' title='bbox 293 210 414 244; x_wconf 78' lang='grc' dir='ltr'>ἄριστον,</span> <span class='ocrx_word' id='word_1_26' title='bbox 431 211 498 245; x_wconf 80' lang='grc' dir='ltr'>μηδὲ</span> <span class='ocrx_word' id='word_1_27' title='bbox 513 212 647 246; x_wconf 78' lang='grc' dir='ltr'>τραχέως,</span> <span class='ocrx_word' id='word_1_28' title='bbox 660 212 727 247; x_wconf 82' lang='grc' dir='ltr'>μηδὲ</span> <span class='ocrx_word' id='word_1_29' title='bbox 737 212 849 247; x_wconf 78' lang='grc' dir='ltr'><strong>νωθρῶς</strong></span> <span class='ocrx_word' id='word_1_30' title='bbox 858 214 906 239; x_wconf 72' lang='grc' dir='ltr'>καὶ</span> 
     </span>
    </p>
   </div>
   <div class='ocr_carea' id='block_1_7' title="bbox 113 255 903 291">
    <p class='ocr_par' dir='ltr' id='par_1_7' title="bbox 113 255 903 291">
     <span class='ocr_line' id='line_1_7' title="bbox 113 255 903 291; baseline 0.006 -11"><span class='ocrx_word' id='word_1_31' title='bbox 113 255 314 290; x_wconf 69' lang='grc' dir='ltr'>ἠμελημένως,</span> <span class='ocrx_word' id='word_1_32' title='bbox 343 256 412 282; x_wconf 77' lang='grc' dir='ltr'>ἀλλὰ</span> <span class='ocrx_word' id='word_1_33' title='bbox 435 257 552 291; x_wconf 81' lang='grc' dir='ltr'><strong>σεμνῶς,</strong></span> <span class='ocrx_word' id='word_1_34' title='bbox 584 258 726 289; x_wconf 78' lang='grc' dir='ltr'>επιεικῶς,</span> <span class='ocrx_word' id='word_1_35' title='bbox 753 259 903 290; x_wconf 81' lang='grc' dir='ltr'><strong>εὐσταθῶς,</strong></span> 
     </span>
    </p>
   </div>
   <div class='ocr_carea' id='block_1_8' title="bbox 115 303 905 340">
    <p class='ocr_par' dir='ltr' id='par_1_8' title="bbox 115 303 905 340">
     <span class='ocr_line' id='line_1_8' title="bbox 115 303 905 340; baseline 0.004 -12"><span class='ocrx_word' id='word_1_36' title='bbox 115 303 242 334; x_wconf 78' lang='grc' dir='ltr'>συνετῶς.</span> <span class='ocrx_word' id='word_1_37' title='bbox 258 303 413 338; x_wconf 74' lang='grc' dir='ltr'><strong>εὐρύθμως,</strong></span> <span class='ocrx_word' id='word_1_38' title='bbox 423 304 524 338; x_wconf 86' lang='grc' dir='ltr'>νοερῶς</span> <span class='ocrx_word' id='word_1_39' title='bbox 532 312 563 331; x_wconf 85' lang='grc' dir='ltr'><strong>τε</strong></span> <span class='ocrx_word' id='word_1_40' title='bbox 571 305 618 331; x_wconf 77' lang='grc' dir='ltr'>καὶ</span> <span class='ocrx_word' id='word_1_41' title='bbox 628 304 763 340; x_wconf 67' lang='grc' dir='ltr'>ψυχικῶς,</span> <span class='ocrx_word' id='word_1_42' title='bbox 775 306 793 340; x_wconf 81' lang='grc' dir='ltr'>ἢ</span> <span class='ocrx_word' id='word_1_43' title='bbox 805 305 852 332; x_wconf 73' lang='grc' dir='ltr'>καὶ</span> <span class='ocrx_word' id='word_1_44' title='bbox 862 305 905 331; x_wconf 78' lang='grc' dir='ltr'>λο-</span> 
     </span>
    </p>
   </div>
   <div class='ocr_carea' id='block_1_9' title="bbox 114 348 904 387">
    <p class='ocr_par' dir='ltr' id='par_1_9' title="bbox 114 348 904 387">
     <span class='ocr_line' id='line_1_9' title="bbox 114 348 904 387; baseline 0.004 -12"><span class='ocrx_word' id='word_1_45' title='bbox 114 348 208 381; x_wconf 82' lang='grc' dir='ltr'>γικῶς.</span> <span class='ocrx_word' id='word_1_46' title='bbox 228 349 270 375; x_wconf 80' lang='grc' dir='ltr'>Ἑν</span> <span class='ocrx_word' id='word_1_47' title='bbox 281 349 387 381; x_wconf 69' lang='grc' dir='ltr'>τούτοις</span> <span class='ocrx_word' id='word_1_48' title='bbox 402 351 457 385; x_wconf 68' lang='grc' dir='ltr'>γὰρ</span> <span class='ocrx_word' id='word_1_49' title='bbox 476 350 710 385; x_wconf 77' lang='grc' dir='ltr'>ἐνδυναμοὺμενος</span> <span class='ocrx_word' id='word_1_50' title='bbox 719 353 733 378; x_wconf 84' lang='grc' dir='ltr'><strong>ό</strong></span> <span class='ocrx_word' id='word_1_51' title='bbox 742 352 814 384; x_wconf 78' lang='grc' dir='ltr'>νοῦς,</span> <span class='ocrx_word' id='word_1_52' title='bbox 827 352 904 387; x_wconf 79' lang='grc' dir='ltr'>ἰσχὺν</span> 
     </span>
    </p>
   </div>
   <div class='ocr_carea' id='block_1_10' title="bbox 114 392 904 432">
    <p class='ocr_par' dir='ltr' id='par_1_10' title="bbox 114 392 904 432">
     <span class='ocr_line' id='line_1_10' title="bbox 114 392 904 432; baseline 0.004 -13"><span class='ocrx_word' id='word_1_53' title='bbox 114 395 141 419; x_wconf 82' lang='grc' dir='ltr'>ἐν</span> <span class='ocrx_word' id='word_1_54' title='bbox 153 392 208 425; x_wconf 75' lang='grc' dir='ltr'>ἕξει</span> <span class='ocrx_word' id='word_1_55' title='bbox 222 393 367 428; x_wconf 80' lang='grc' dir='ltr'>λαμϐάνει,</span> <span class='ocrx_word' id='word_1_56' title='bbox 382 396 422 426; x_wconf 82' lang='grc' dir='ltr'><strong>είς</strong></span> <span class='ocrx_word' id='word_1_57' title='bbox 436 395 469 421; x_wconf 80' lang='grc' dir='ltr'>τὸ</span> <span class='ocrx_word' id='word_1_58' title='bbox 481 395 683 430; x_wconf 82' lang='grc' dir='ltr'><strong>προσεύχεσθαι</strong></span> <span class='ocrx_word' id='word_1_59' title='bbox 702 396 904 432; x_wconf 85' lang='grc' dir='ltr'>κραταιῶς.Ὲν</span> 
     </span>
    </p>
   </div>
   <div class='ocr_carea' id='block_1_11' title="bbox 113 439 903 475">
    <p class='ocr_par' dir='ltr' id='par_1_11' title="bbox 113 439 903 475">
     <span class='ocr_line' id='line_1_11' title="bbox 113 439 903 475; baseline 0.006 -10"><span class='ocrx_word' id='word_1_60' title='bbox 113 439 140 466; x_wconf 77' lang='grc' dir='ltr'>δὲ</span> <span class='ocrx_word' id='word_1_61' title='bbox 148 440 205 470; x_wconf 86' lang='grc' dir='ltr'>τοῖς</span> <span class='ocrx_word' id='word_1_62' title='bbox 219 440 429 474; x_wconf 71' lang='grc' dir='ltr'><strong>προειρημένοις</strong></span> <span class='ocrx_word' id='word_1_63' title='bbox 452 442 582 473; x_wconf 77' lang='grc' dir='ltr'>ἐναντίοις</span> <span class='ocrx_word' id='word_1_64' title='bbox 598 442 711 475; x_wconf 83' lang='grc' dir='ltr'>τούτων,</span> <span class='ocrx_word' id='word_1_65' title='bbox 725 443 857 470; x_wconf 85' lang='grc' dir='ltr'>σκότωσίν</span> <span class='ocrx_word' id='word_1_66' title='bbox 874 452 903 469; x_wconf 87' lang='grc' dir='ltr'><strong>τε</strong></span> 
     </span>
    </p>
   </div>
   <div class='ocr_carea' id='block_1_12' title="bbox 952 216 1740 252">
    <p class='ocr_par' dir='ltr' id='par_1_12' title="bbox 952 216 1740 252">
     <span class='ocr_line' id='line_1_12' title="bbox 952 216 1740 252; baseline 0.009 -10"><span class='ocrx_word' id='word_1_67' title='bbox 952 216 1078 250; x_wconf 72' lang='lat' dir='ltr'><strong>ligenler,</strong></span> <span class='ocrx_word' id='word_1_68' title='bbox 1093 226 1250 249; x_wconf 81' lang='lat' dir='ltr'><strong>nutuerose.</strong></span> <span class='ocrx_word' id='word_1_69' title='bbox 1266 226 1327 245; x_wconf 85' lang='lat' dir='ltr'><strong>cum</strong></span> <span class='ocrx_word' id='word_1_70' title='bbox 1352 219 1500 252; x_wconf 86' lang='lat' dir='ltr'><strong>intellectu,</strong></span> <span class='ocrx_word' id='word_1_71' title='bbox 1530 221 1620 248; x_wconf 80' lang='lat' dir='ltr'><strong>anima</strong></span> <span class='ocrx_word' id='word_1_72' title='bbox 1638 226 1665 248; x_wconf 83' lang='lat' dir='ltr'><strong>et</strong></span> <span class='ocrx_word' id='word_1_73' title='bbox 1693 229 1740 248; x_wconf 76' lang='lat' dir='ltr'><strong>ra-</strong></span> 
     </span>
    </p>
   </div>
   <div class='ocr_carea' id='block_1_13' title="bbox 952 262 1737 300">
    <p class='ocr_par' dir='ltr' id='par_1_13' title="bbox 952 262 1737 300">
     <span class='ocr_line' id='line_1_13' title="bbox 952 262 1737 300; baseline 0.009 -12"><span class='ocrx_word' id='word_1_74' title='bbox 952 263 1035 290; x_wconf 85' lang='lat' dir='ltr'><strong>tione.</strong></span> <span class='ocrx_word' id='word_1_75' title='bbox 1049 262 1079 289; x_wconf 88' lang='lat' dir='ltr'><strong>In</strong></span> <span class='ocrx_word' id='word_1_76' title='bbox 1096 263 1138 290; x_wconf 82' lang='lat' dir='ltr'><strong>liis</strong></span> <span class='ocrx_word' id='word_1_77' title='bbox 1151 265 1223 290; x_wconf 87' lang='lat' dir='ltr'><strong>cuitu</strong></span> <span class='ocrx_word' id='word_1_78' title='bbox 1234 265 1409 291; x_wconf 88' lang='lat' dir='ltr'><strong>corroborata</strong></span> <span class='ocrx_word' id='word_1_79' title='bbox 1424 273 1512 300; x_wconf 88' lang='lat' dir='ltr'><strong>mens,</strong></span> <span class='ocrx_word' id='word_1_80' title='bbox 1537 267 1611 294; x_wconf 86' lang='lat' dir='ltr'><strong>vires</strong></span> <span class='ocrx_word' id='word_1_81' title='bbox 1644 268 1737 295; x_wconf 79' lang='lat' dir='ltr'><strong>italiilu</strong></span> 
     </span>
    </p>
   </div>
   <div class='ocr_carea' id='block_1_14' title="bbox 951 308 1738 346">
    <p class='ocr_par' dir='ltr' id='par_1_14' title="bbox 951 308 1738 346">
     <span class='ocr_line' id='line_1_14' title="bbox 951 308 1738 346; baseline 0.008 -12"><span class='ocrx_word' id='word_1_82' title='bbox 951 308 1071 342; x_wconf 74' lang='lat' dir='ltr'><strong>acquirit</strong></span> <span class='ocrx_word' id='word_1_83' title='bbox 1086 309 1118 335; x_wconf 86' lang='lat' dir='ltr'><strong>ad</strong></span> <span class='ocrx_word' id='word_1_84' title='bbox 1134 309 1241 336; x_wconf 82' lang='lat' dir='ltr'><strong>fortiter</strong></span> <span class='ocrx_word' id='word_1_85' title='bbox 1269 313 1415 337; x_wconf 78' lang='lat' dir='ltr'><strong>orandum.</strong></span> <span class='ocrx_word' id='word_1_86' title='bbox 1445 312 1474 338; x_wconf 84' lang='lat' dir='ltr'><strong>lu</strong></span> <span class='ocrx_word' id='word_1_87' title='bbox 1504 313 1623 346; x_wconf 58' lang='lat' dir='ltr'><strong>praefatis</strong></span> <span class='ocrx_word' id='word_1_88' title='bbox 1646 319 1738 341; x_wconf 79' lang='lat' dir='ltr'><strong>autem</strong></span> 
     </span>
    </p>
   </div>
   <div class='ocr_carea' id='block_1_15' title="bbox 952 353 1741 392">
    <p class='ocr_par' dir='ltr' id='par_1_15' title="bbox 952 353 1741 392">
     <span class='ocr_line' id='line_1_15' title="bbox 952 353 1741 392; baseline 0.009 -14"><span class='ocrx_word' id='word_1_89' title='bbox 952 353 1049 379; x_wconf 88' lang='lat' dir='ltr'><strong>horum</strong></span> <span class='ocrx_word' id='word_1_90' title='bbox 1074 354 1243 387; x_wconf 87' lang='lat' dir='ltr'><strong>contrariis,</strong></span> <span class='ocrx_word' id='word_1_91' title='bbox 1262 355 1424 389; x_wconf 82' lang='lat' dir='ltr'><strong>ca-eitatem,</strong></span> <span class='ocrx_word' id='word_1_92' title='bbox 1443 355 1575 384; x_wconf 68' lang='lat' dir='ltr'><strong>desidiam</strong></span> <span class='ocrx_word' id='word_1_93' title='bbox 1590 362 1617 385; x_wconf 88' lang='lat' dir='ltr'><strong>et</strong></span> <span class='ocrx_word' id='word_1_94' title='bbox 1633 363 1741 392; x_wconf 87' lang='lat' dir='ltr'><strong>pertur-</strong></span> 
     </span>
    </p>
   </div>
   <div class='ocr_carea' id='block_1_16' title="bbox 950 399 1740 432">
    <p class='ocr_par' dir='ltr' id='par_1_16' title="bbox 950 399 1740 432">
     <span class='ocr_line' id='line_1_16' title="bbox 950 399 1740 432; baseline 0.008 -7"><span class='ocrx_word' id='word_1_95' title='bbox 950 399 1087 426; x_wconf 85' lang='lat' dir='ltr'><strong>bationetn</strong></span> <span class='ocrx_word' id='word_1_96' title='bbox 1101 400 1223 432; x_wconf 77' lang='lat' dir='ltr'><strong>incurrit,</strong></span> <span class='ocrx_word' id='word_1_97' title='bbox 1255 402 1290 428; x_wconf 86' lang='lat' dir='ltr'><strong>ita</strong></span> <span class='ocrx_word' id='word_1_98' title='bbox 1312 408 1341 429; x_wconf 88' lang='lat' dir='ltr'><strong>ut</strong></span> <span class='ocrx_word' id='word_1_99' title='bbox 1367 403 1457 430; x_wconf 82' lang='lat' dir='ltr'><strong>doleat</strong></span> <span class='ocrx_word' id='word_1_100' title='bbox 1470 404 1495 429; x_wconf 91' lang='lat' dir='ltr'><strong>in</strong></span> <span class='ocrx_word' id='word_1_101' title='bbox 1522 404 1635 431; x_wconf 79' lang='lat' dir='ltr'><strong>cerebro</strong></span> <span class='ocrx_word' id='word_1_102' title='bbox 1656 405 1740 431; x_wconf 57' lang='lat' dir='ltr'><strong>tutel.</strong></span> 
     </span>
    </p>
   </div>
   <div class='ocr_carea' id='block_1_17' title="bbox 951 445 1493 481">
    <p class='ocr_par' dir='ltr' id='par_1_17' title="bbox 951 445 1493 481">
     <span class='ocr_line' id='line_1_17' title="bbox 951 445 1493 481; baseline 0.009 -10"><span class='ocrx_word' id='word_1_103' title='bbox 951 445 1050 481; x_wconf 82' lang='lat' dir='ltr'><strong>lectus,</strong></span> <span class='ocrx_word' id='word_1_104' title='bbox 1064 451 1091 473; x_wconf 91' lang='lat' dir='ltr'><strong>et</strong></span> <span class='ocrx_word' id='word_1_105' title='bbox 1106 446 1139 473; x_wconf 83' lang='lat' dir='ltr'><strong>ad</strong></span> <span class='ocrx_word' id='word_1_106' title='bbox 1153 447 1306 474; x_wconf 75' lang='lat' dir='ltr'><strong>oralionem</strong></span> <span class='ocrx_word' id='word_1_107' title='bbox 1324 448 1493 476; x_wconf 82' lang='lat' dir='ltr'><strong>debilitetur.</strong></span> 
     </span>
    </p>
   </div>
   <div class='ocr_carea' id='block_1_18' title="bbox 113 480 1734 534">
    <p class='ocr_par' dir='ltr' id='par_1_18' title="bbox 113 480 1734 534">
     <span class='ocr_line' id='line_1_18' title="bbox 113 480 1734 534; baseline 0.014 -27"><span class='ocrx_word' id='word_1_108' title='bbox 113 480 170 532; x_wconf 66' lang='grc' dir='ltr'><strong>καὶ⁸</strong></span> <span class='ocrx_word' id='word_1_109' title='bbox 186 481 338 534; x_wconf 70' lang='grc' dir='ltr'>χαύνωσιν,</span> <span class='ocrx_word' id='word_1_110' title='bbox 355 485 403 513; x_wconf 82' lang='grc' dir='ltr'>καὶ</span> <span class='ocrx_word' id='word_1_111' title='bbox 427 485 559 513; x_wconf 74' lang='grc' dir='ltr'><strong>ἔκστασιν</strong></span> <span class='ocrx_word' id='word_1_112' title='bbox 573 486 671 513; x_wconf 81' lang='grc' dir='ltr'>κτᾶται</span> <span class='ocrx_word' id='word_1_113' title='bbox 684 495 690 501; x_wconf 90' lang='grc'><strong>·</strong></span> <span class='ocrx_word' id='word_1_114' title='bbox 717 486 789 514; x_wconf 66' lang='grc' dir='ltr'>ὥστε</span> <span class='ocrx_word' id='word_1_115' title='bbox 803 488 898 522; x_wconf 81' lang='grc' dir='ltr'>ἀλγεῖν</span> <span class='ocrx_word' id='word_1_116' title='bbox 909 489 958 517; x_wconf 72' lang='grc' dir='ltr'>καὶ</span> <span class='ocrx_word' id='word_1_117' title='bbox 975 491 1007 518; x_wconf 79' lang='grc' dir='ltr'>τὸ</span> <span class='ocrx_word' id='word_1_118' title='bbox 1020 492 1184 527; x_wconf 77' lang='grc' dir='ltr'>ἡγεμονικὸν</span> <span class='ocrx_word' id='word_1_119' title='bbox 1205 497 1234 522; x_wconf 66' lang='grc' dir='ltr'>ἐν</span> <span class='ocrx_word' id='word_1_120' title='bbox 1247 496 1285 531; x_wconf 86' lang='grc' dir='ltr'>τῷ</span> <span class='ocrx_word' id='word_1_121' title='bbox 1299 497 1456 532; x_wconf 62' lang='grc' dir='ltr'>ἐγκεφάλῳ.</span> <span class='ocrx_word' id='word_1_122' title='bbox 1471 498 1517 524; x_wconf 77' lang='grc' dir='ltr'>καὶ</span> <span class='ocrx_word' id='word_1_123' title='bbox 1529 498 1569 529; x_wconf 81' lang='grc' dir='ltr'>εὶς</span> <span class='ocrx_word' id='word_1_124' title='bbox 1583 499 1634 533; x_wconf 81' lang='grc' dir='ltr'>τὴν</span> <span class='ocrx_word' id='word_1_125' title='bbox 1649 507 1734 534; x_wconf 81' lang='grc' dir='ltr'>προσ-</span> 
     </span>
    </p>
   </div>
   <div class='ocr_carea' id='block_1_19' title="bbox 113 525 324 561">
    <p class='ocr_par' dir='ltr' id='par_1_19' title="bbox 113 525 324 561">
     <span class='ocr_line' id='line_1_19' title="bbox 113 525 324 561; baseline 0.024 -11"><span class='ocrx_word' id='word_1_126' title='bbox 113 525 193 561; x_wconf 83' lang='grc' dir='ltr'>ευχὴν</span> <span class='ocrx_word' id='word_1_127' title='bbox 208 528 324 556; x_wconf 75' lang='grc' dir='ltr'>ἀτονεῑν.</span> 
     </span>
    </p>
   </div>
   <div class='ocr_carea' id='block_1_20' title="bbox 145 578 899 614">
    <p class='ocr_par' dir='ltr' id='par_1_20' title="bbox 145 578 899 614">
     <span class='ocr_line' id='line_1_20' title="bbox 145 578 899 614; baseline -0.001 -9"><span class='ocrx_word' id='word_1_128' title='bbox 145 578 324 614; x_wconf 76' lang='grc' dir='ltr'>ιβ’.Πρόσεχε</span> <span class='ocrx_word' id='word_1_129' title='bbox 350 579 378 606; x_wconf 85' lang='grc' dir='ltr'>δὲ</span> <span class='ocrx_word' id='word_1_130' title='bbox 396 588 443 606; x_wconf 87' lang='grc' dir='ltr'><strong>και</strong></span> <span class='ocrx_word' id='word_1_131' title='bbox 471 581 504 614; x_wconf 83' lang='grc' dir='ltr'><strong>τῇ</strong></span> <span class='ocrx_word' id='word_1_132' title='bbox 530 579 658 614; x_wconf 78' lang='grc' dir='ltr'><strong>προθέσει</strong></span> <span class='ocrx_word' id='word_1_133' title='bbox 686 579 748 606; x_wconf 74' lang='grc' dir='ltr'>καθ’</span> <span class='ocrx_word' id='word_1_134' title='bbox 762 579 848 614; x_wconf 82' lang='grc' dir='ltr'>ὥραν,</span> <span class='ocrx_word' id='word_1_135' title='bbox 869 580 899 605; x_wconf 84' lang='grc' dir='ltr'>ὲν</span> 
     </span>
    </p>
   </div>
   <div class='ocr_carea' id='block_1_21' title="bbox 111 624 905 660">
    <p class='ocr_par' dir='ltr' id='par_1_21' title="bbox 111 624 905 660">
     <span class='ocr_line' id='line_1_21' title="bbox 111 624 905 660; baseline 0 -10"><span class='ocrx_word' id='word_1_136' title='bbox 111 624 219 660; x_wconf 72' lang='grc' dir='ltr'>ἐκριὸεῖ</span> <span class='ocrx_word' id='word_1_137' title='bbox 235 626 364 660; x_wconf 77' lang='grc' dir='ltr'>ἐρευνᾷν,</span> <span class='ocrx_word' id='word_1_138' title='bbox 380 625 432 652; x_wconf 79' lang='grc' dir='ltr'>ποῦ</span> <span class='ocrx_word' id='word_1_139' title='bbox 445 626 535 659; x_wconf 78' lang='grc' dir='ltr'>ῥέπει,</span> <span class='ocrx_word' id='word_1_140' title='bbox 551 627 576 652; x_wconf 83' lang='grc' dir='ltr'><strong>εί</strong></span> <span class='ocrx_word' id='word_1_141' title='bbox 591 626 662 652; x_wconf 80' lang='grc' dir='ltr'>κατὰ</span> <span class='ocrx_word' id='word_1_142' title='bbox 674 625 740 652; x_wconf 72' lang='grc' dir='ltr'>Θεὸν</span> <span class='ocrx_word' id='word_1_143' title='bbox 751 625 784 651; x_wconf 86' lang='grc' dir='ltr'>δι’</span> <span class='ocrx_word' id='word_1_144' title='bbox 799 625 864 651; x_wconf 73' lang='grc' dir='ltr'>αὐτὸ</span> <span class='ocrx_word' id='word_1_145' title='bbox 874 625 905 651; x_wconf 70' lang='grc' dir='ltr'>τὸ</span> 
     </span>
    </p>
   </div>
   <div class='ocr_carea' id='block_1_22' title="bbox 112 669 903 706">
    <p class='ocr_par' dir='ltr' id='par_1_22' title="bbox 112 669 903 706">
     <span class='ocr_line' id='line_1_22' title="bbox 112 669 903 706; baseline 0 -10"><span class='ocrx_word' id='word_1_146' title='bbox 112 669 293 702; x_wconf 52' lang='lat' dir='ltr'><strong>accumbam</strong></span> <span class='ocrx_word' id='word_1_147' title='bbox 303 670 422 705; x_wconf 71' lang='grc' dir='ltr'>ψυχικῆς</span> <span class='ocrx_word' id='word_1_148' title='bbox 437 670 572 704; x_wconf 71' lang='grc' dir='ltr'>ὡφελείας</span> <span class='ocrx_word' id='word_1_149' title='bbox 583 671 701 706; x_wconf 81' lang='grc' dir='ltr'><strong>κάθησαι</strong></span> <span class='ocrx_word' id='word_1_150' title='bbox 716 670 871 706; x_wconf 72' lang='grc' dir='ltr'><strong>ἡσυχάζων,</strong></span> <span class='ocrx_word' id='word_1_151' title='bbox 887 671 903 705; x_wconf 86' lang='grc' dir='ltr'>ἢ</span> 
     </span>
    </p>
   </div>
   <div class='ocr_carea' id='block_1_23' title="bbox 112 713 904 751">
    <p class='ocr_par' dir='ltr' id='par_1_23' title="bbox 112 713 904 751">
     <span class='ocr_line' id='line_1_23' title="bbox 112 713 904 751; baseline 0.003 -11"><span class='ocrx_word' id='word_1_152' title='bbox 112 713 264 750; x_wconf 78' lang='grc' dir='ltr'>ψάλλων,ῆ</span> <span class='ocrx_word' id='word_1_153' title='bbox 289 714 496 749; x_wconf 74' lang='grc' dir='ltr'>ἀναγινώσκων,</span> <span class='ocrx_word' id='word_1_154' title='bbox 523 715 540 750; x_wconf 81' lang='grc' dir='ltr'>ἢ</span> <span class='ocrx_word' id='word_1_155' title='bbox 559 716 787 751; x_wconf 77' lang='grc' dir='ltr'>προσευχόμενος,</span> <span class='ocrx_word' id='word_1_156' title='bbox 813 716 830 750; x_wconf 81' lang='grc' dir='ltr'><strong>ἢ</strong></span> <span class='ocrx_word' id='word_1_157' title='bbox 856 715 904 742; x_wconf 58' lang='grc' dir='ltr'>τὴν</span> 
     </span>
    </p>
   </div>
   <div class='ocr_carea' id='block_1_24' title="bbox 113 761 903 798">
    <p class='ocr_par' dir='ltr' id='par_1_24' title="bbox 113 761 903 798">
     <span class='ocr_line' id='line_1_24' title="bbox 113 761 903 798; baseline 0 -10"><span class='ocrx_word' id='word_1_158' title='bbox 113 761 219 788; x_wconf 85' lang='grc' dir='ltr'>οίανοῦν</span> <span class='ocrx_word' id='word_1_159' title='bbox 229 762 329 797; x_wconf 69' lang='grc' dir='ltr'>ἀρετὴν</span> <span class='ocrx_word' id='word_1_160' title='bbox 342 761 538 797; x_wconf 73' lang='grc' dir='ltr'>ἐργαζόμενος,</span> <span class='ocrx_word' id='word_1_161' title='bbox 562 762 605 789; x_wconf 84' lang='grc' dir='ltr'><strong>ἴνα</strong></span> <span class='ocrx_word' id='word_1_162' title='bbox 623 762 660 798; x_wconf 85' lang='grc' dir='ltr'>μὴ</span> <span class='ocrx_word' id='word_1_163' title='bbox 680 762 796 789; x_wconf 57' lang='lat' dir='ltr'><strong>aulam</strong></span> <span class='ocrx_word' id='word_1_164' title='bbox 816 763 903 795; x_wconf 69' lang='grc' dir='ltr'>ἀγνύ-</span> 
     </span>
    </p>
   </div>
   <div class='ocr_carea' id='block_1_25' title="bbox 114 808 904 844">
    <p class='ocr_par' dir='ltr' id='par_1_25' title="bbox 114 808 904 844">
     <span class='ocr_line' id='line_1_25' title="bbox 114 808 904 844; baseline 0.003 -9"><span class='ocrx_word' id='word_1_165' title='bbox 114 816 200 840; x_wconf 83' lang='grc' dir='ltr'>στως·</span> <span class='ocrx_word' id='word_1_166' title='bbox 230 809 328 844; x_wconf 85' lang='grc' dir='ltr'>μήπως</span> <span class='ocrx_word' id='word_1_167' title='bbox 366 808 482 844; x_wconf 77' lang='grc' dir='ltr'><strong>εὑρεθῇς</strong></span> <span class='ocrx_word' id='word_1_168' title='bbox 517 808 557 844; x_wconf 84' lang='grc' dir='ltr'>τῷ</span> <span class='ocrx_word' id='word_1_169' title='bbox 585 809 636 844; x_wconf 73' lang='grc' dir='ltr'>μὲν</span> <span class='ocrx_word' id='word_1_170' title='bbox 668 810 789 844; x_wconf 84' lang='grc' dir='ltr'>σχήματι</span> <span class='ocrx_word' id='word_1_171' title='bbox 823 808 904 844; x_wconf 74' lang='grc' dir='ltr'>ἐργά-</span> 
     </span>
    </p>
   </div>
   <div class='ocr_carea' id='block_1_26' title="bbox 113 854 903 891">
    <p class='ocr_par' dir='ltr' id='par_1_26' title="bbox 113 854 903 891">
     <span class='ocr_line' id='line_1_26' title="bbox 113 854 903 891; baseline 0.001 -10"><span class='ocrx_word' id='word_1_172' title='bbox 113 863 179 890; x_wconf 87' lang='grc' dir='ltr'>της,</span> <span class='ocrx_word' id='word_1_173' title='bbox 212 855 252 890; x_wconf 82' lang='grc' dir='ltr'>τῷ</span> <span class='ocrx_word' id='word_1_174' title='bbox 283 855 312 882; x_wconf 82' lang='grc' dir='ltr'>δὲ</span> <span class='ocrx_word' id='word_1_175' title='bbox 337 855 431 891; x_wconf 88' lang='grc' dir='ltr'>τρόπῳ</span> <span class='ocrx_word' id='word_1_176' title='bbox 459 855 508 883; x_wconf 76' lang='grc' dir='ltr'>καὶ</span> <span class='ocrx_word' id='word_1_177' title='bbox 534 857 568 891; x_wconf 79' lang='grc' dir='ltr'><strong>τῇ</strong></span> <span class='ocrx_word' id='word_1_178' title='bbox 600 855 706 891; x_wconf 75' lang='grc' dir='ltr'>διανοίᾳ</span> <span class='ocrx_word' id='word_1_179' title='bbox 734 854 903 890; x_wconf 85' lang='grc' dir='ltr'>ἀνθρώποις.</span> 
     </span>
    </p>
   </div>
   <div class='ocr_carea' id='block_1_27' title="bbox 113 901 905 937">
    <p class='ocr_par' dir='ltr' id='par_1_27' title="bbox 113 901 905 937">
     <span class='ocr_line' id='line_1_27' title="bbox 113 901 905 937; baseline 0 -9"><span class='ocrx_word' id='word_1_180' title='bbox 113 901 160 928; x_wconf 75' lang='grc' dir='ltr'>καὶ</span> <span class='ocrx_word' id='word_1_181' title='bbox 179 901 211 928; x_wconf 83' lang='grc' dir='ltr'>οὐ</span> <span class='ocrx_word' id='word_1_182' title='bbox 234 901 294 936; x_wconf 82' lang='grc' dir='ltr'><strong>Θεῷ</strong></span> <span class='ocrx_word' id='word_1_183' title='bbox 320 901 451 936; x_wconf 79' lang='grc' dir='ltr'><strong>ἀρέσκειν</strong></span> <span class='ocrx_word' id='word_1_184' title='bbox 477 901 648 937; x_wconf 83' lang='grc' dir='ltr'>βουλόμενος.</span> <span class='ocrx_word' id='word_1_185' title='bbox 681 901 771 928; x_wconf 86' lang='grc' dir='ltr'>Πολλά</span> <span class='ocrx_word' id='word_1_186' title='bbox 795 901 850 936; x_wconf 81' lang='grc' dir='ltr'>γὰρ</span> <span class='ocrx_word' id='word_1_187' title='bbox 872 901 905 928; x_wconf 79' lang='grc' dir='ltr'><strong>τὰ</strong></span> 
     </span>
    </p>
   </div>
   <div class='ocr_carea' id='block_1_28' title="bbox 112 947 905 984">
    <p class='ocr_par' dir='ltr' id='par_1_28' title="bbox 112 947 905 984">
     <span class='ocr_line' id='line_1_28' title="bbox 112 947 905 984; baseline 0 -10"><span class='ocrx_word' id='word_1_188' title='bbox 112 947 206 983; x_wconf 72' lang='grc' dir='ltr'>ἔνεδρα</span> <span class='ocrx_word' id='word_1_189' title='bbox 233 948 281 974; x_wconf 79' lang='grc' dir='ltr'>τοῦ</span> <span class='ocrx_word' id='word_1_190' title='bbox 319 948 417 982; x_wconf 81' lang='grc' dir='ltr'>δολίου,</span> <span class='ocrx_word' id='word_1_191' title='bbox 447 949 495 975; x_wconf 76' lang='grc' dir='ltr'>καὶ</span> <span class='ocrx_word' id='word_1_192' title='bbox 526 949 630 984; x_wconf 64' lang='grc' dir='ltr'>σφόδρα</span> <span class='ocrx_word' id='word_1_193' title='bbox 663 948 787 983; x_wconf 81' lang='grc' dir='ltr'><strong>κρυφίως</strong></span> <span class='ocrx_word' id='word_1_194' title='bbox 812 947 905 983; x_wconf 81' lang='grc' dir='ltr'>βλέπει</span> 
     </span>
    </p>
   </div>
   <div class='ocr_carea' id='block_1_29' title="bbox 111 993 904 1030">
    <p class='ocr_par' dir='ltr' id='par_1_29' title="bbox 111 993 904 1030">
     <span class='ocr_line' id='line_1_29' title="bbox 111 993 904 1030; baseline 0.001 -11"><span class='ocrx_word' id='word_1_195' title='bbox 111 993 162 1028; x_wconf 84' lang='grc' dir='ltr'>τὴν</span> <span class='ocrx_word' id='word_1_196' title='bbox 185 993 271 1029; x_wconf 74' lang='grc' dir='ltr'>ῥοπὴν</span> <span class='ocrx_word' id='word_1_197' title='bbox 295 994 346 1029; x_wconf 86' lang='grc' dir='ltr'><strong>τῆς</strong></span> <span class='ocrx_word' id='word_1_198' title='bbox 377 994 534 1030; x_wconf 80' lang='grc' dir='ltr'>προθέσεως</span> <span class='ocrx_word' id='word_1_199' title='bbox 565 995 604 1026; x_wconf 82' lang='grc' dir='ltr'>ὼς</span> <span class='ocrx_word' id='word_1_200' title='bbox 633 995 815 1030; x_wconf 80' lang='grc' dir='ltr'>ἀγνοούμενος</span> <span class='ocrx_word' id='word_1_201' title='bbox 848 995 904 1026; x_wconf 78' lang='grc' dir='ltr'>τοῖς</span> 
     </span>
    </p>
   </div>
   <div class='ocr_carea' id='block_1_30' title="bbox 113 1040 905 1077">
    <p class='ocr_par' dir='ltr' id='par_1_30' title="bbox 113 1040 905 1077">
     <span class='ocr_line' id='line_1_30' title="bbox 113 1040 905 1077; baseline 0.001 -11"><span class='ocrx_word' id='word_1_202' title='bbox 113 1040 222 1072; x_wconf 79' lang='grc' dir='ltr'>πολλοῖς</span> <span class='ocrx_word' id='word_1_203' title='bbox 238 1061 245 1073; x_wconf 89' lang='grc'><strong>,</strong></span> <span class='ocrx_word' id='word_1_204' title='bbox 260 1041 308 1067; x_wconf 76' lang='grc' dir='ltr'>καὶ</span> <span class='ocrx_word' id='word_1_205' title='bbox 321 1041 365 1068; x_wconf 74' lang='grc' dir='ltr'>ἀεὶ</span> <span class='ocrx_word' id='word_1_206' title='bbox 382 1040 506 1076; x_wconf 83' lang='grc' dir='ltr'>βούλεται</span> <span class='ocrx_word' id='word_1_207' title='bbox 515 1041 600 1077; x_wconf 84' lang='grc' dir='ltr'>συλᾷν</span> <span class='ocrx_word' id='word_1_208' title='bbox 612 1041 644 1068; x_wconf 86' lang='grc' dir='ltr'>τὸ</span> <span class='ocrx_word' id='word_1_209' title='bbox 655 1042 735 1076; x_wconf 82' lang='grc' dir='ltr'>ἔργον</span> <span class='ocrx_word' id='word_1_210' title='bbox 748 1041 905 1075; x_wconf 78' lang='grc' dir='ltr'>ἀγνώστως,</span> 
     </span>
    </p>
   </div>
   <div class='ocr_carea' id='block_1_31' title="bbox 114 1086 906 1123">
    <p class='ocr_par' dir='ltr' id='par_1_31' title="bbox 114 1086 906 1123">
     <span class='ocr_line' id='line_1_31' title="bbox 114 1086 906 1123; baseline 0.003 -11"><span class='ocrx_word' id='word_1_211' title='bbox 114 1087 159 1113; x_wconf 77' lang='grc' dir='ltr'>ἵνα</span> <span class='ocrx_word' id='word_1_212' title='bbox 172 1086 209 1122; x_wconf 81' lang='grc' dir='ltr'>μὴ</span> <span class='ocrx_word' id='word_1_213' title='bbox 224 1087 295 1113; x_wconf 72' lang='grc' dir='ltr'>κατὰ</span> <span class='ocrx_word' id='word_1_214' title='bbox 313 1087 380 1113; x_wconf 77' lang='grc' dir='ltr'>Θεὸν</span> <span class='ocrx_word' id='word_1_215' title='bbox 396 1088 510 1122; x_wconf 83' lang='grc' dir='ltr'>γένηται</span> <span class='ocrx_word' id='word_1_216' title='bbox 526 1088 557 1114; x_wconf 82' lang='grc' dir='ltr'>τὸ</span> <span class='ocrx_word' id='word_1_217' title='bbox 573 1088 726 1123; x_wconf 86' lang='grc' dir='ltr'>γινόμενον.</span> <span class='ocrx_word' id='word_1_218' title='bbox 739 1088 769 1114; x_wconf 79' lang='lat' dir='ltr'><strong>Ei</strong></span> <span class='ocrx_word' id='word_1_219' title='bbox 784 1088 840 1123; x_wconf 77' lang='grc' dir='ltr'><strong>γὰρ</strong></span> <span class='ocrx_word' id='word_1_220' title='bbox 859 1088 906 1114; x_wconf 78' lang='grc' dir='ltr'>καὶ</span> 
     </span>
    </p>
   </div>
   <div class='ocr_carea' id='block_1_32' title="bbox 113 1132 906 1169">
    <p class='ocr_par' dir='ltr' id='par_1_32' title="bbox 113 1132 906 1169">
     <span class='ocr_line' id='line_1_32' title="bbox 113 1132 906 1169; baseline 0 -10"><span class='ocrx_word' id='word_1_221' title='bbox 113 1132 261 1164; x_wconf 82' lang='grc' dir='ltr'>ἀνενόὁτως</span> <span class='ocrx_word' id='word_1_222' title='bbox 277 1133 402 1168; x_wconf 84' lang='grc' dir='ltr'>πολεμεῖ,</span> <span class='ocrx_word' id='word_1_223' title='bbox 418 1134 466 1160; x_wconf 74' lang='grc' dir='ltr'>καὶ</span> <span class='ocrx_word' id='word_1_224' title='bbox 485 1133 603 1165; x_wconf 79' lang='grc' dir='ltr'>ἀναιδῶς</span> <span class='ocrx_word' id='word_1_225' title='bbox 623 1134 820 1169; x_wconf 74' lang='grc' dir='ltr'>προσέρχεται,</span> <span class='ocrx_word' id='word_1_226' title='bbox 837 1133 906 1159; x_wconf 83' lang='grc' dir='ltr'><strong>ἀλλά</strong></span> 
     </span>
    </p>
   </div>
   <div class='ocr_carea' id='block_1_33' title="bbox 114 1177 905 1214">
    <p class='ocr_par' dir='ltr' id='par_1_33' title="bbox 114 1177 905 1214">
     <span class='ocr_line' id='line_1_33' title="bbox 114 1177 905 1214; baseline 0.001 -11"><span class='ocrx_word' id='word_1_227' title='bbox 114 1179 146 1204; x_wconf 82' lang='grc' dir='ltr'>σὺ</span> <span class='ocrx_word' id='word_1_228' title='bbox 162 1177 273 1212; x_wconf 77' lang='grc' dir='ltr'>βεὸαίαν</span> <span class='ocrx_word' id='word_1_229' title='bbox 287 1178 338 1214; x_wconf 83' lang='grc' dir='ltr'>τὴν</span> <span class='ocrx_word' id='word_1_230' title='bbox 355 1177 485 1213; x_wconf 81' lang='grc' dir='ltr'>πρόθεσιν</span> <span class='ocrx_word' id='word_1_231' title='bbox 497 1179 537 1210; x_wconf 85' lang='grc' dir='ltr'><strong>είς</strong></span> <span class='ocrx_word' id='word_1_232' title='bbox 552 1179 619 1205; x_wconf 83' lang='grc' dir='ltr'>Θεὸν</span> <span class='ocrx_word' id='word_1_233' title='bbox 643 1179 724 1214; x_wconf 80' lang='grc' dir='ltr'>ἔχων,</span> <span class='ocrx_word' id='word_1_234' title='bbox 739 1179 771 1205; x_wconf 84' lang='grc' dir='ltr'>οὐ</span> <span class='ocrx_word' id='word_1_235' title='bbox 789 1178 905 1205; x_wconf 80' lang='grc' dir='ltr'>συλᾶσαι</span> 
     </span>
    </p>
   </div>
   <div class='ocr_carea' id='block_1_34' title="bbox 113 1223 891 1260">
    <p class='ocr_par' dir='ltr' id='par_1_34' title="bbox 113 1223 891 1260">
     <span class='ocr_line' id='line_1_34' title="bbox 113 1223 891 1260; baseline 0.003 -10"><span class='ocrx_word' id='word_1_236' title='bbox 113 1223 229 1258; x_wconf 87' lang='grc' dir='ltr'>συχνῶς,</span> <span class='ocrx_word' id='word_1_237' title='bbox 243 1223 294 1250; x_wconf 76' lang='grc' dir='ltr'>κᾶν</span> <span class='ocrx_word' id='word_1_238' title='bbox 310 1224 445 1255; x_wconf 74' lang='grc' dir='ltr'><strong>ἀκουσίως</strong></span> <span class='ocrx_word' id='word_1_239' title='bbox 463 1224 614 1260; x_wconf 72' lang='grc' dir='ltr'>ῥέμϐεσθαι</span> <span class='ocrx_word' id='word_1_240' title='bbox 630 1225 675 1250; x_wconf 69' lang='grc' dir='ltr'><strong>ὑπ’</strong></span> <span class='ocrx_word' id='word_1_241' title='bbox 691 1225 796 1252; x_wconf 80' lang='grc' dir='ltr'>ἐκείνου</span> <span class='ocrx_word' id='word_1_242' title='bbox 810 1224 891 1260; x_wconf 78' lang='grc' dir='ltr'>βιάξη</span> 
     </span>
    </p>
   </div>
   <div class='ocr_carea' id='block_1_35' title="bbox 112 1270 904 1307">
    <p class='ocr_par' dir='ltr' id='par_1_35' title="bbox 112 1270 904 1307">
     <span class='ocr_line' id='line_1_35' title="bbox 112 1270 904 1307; baseline 0.003 -11"><span class='ocrx_word' id='word_1_243' title='bbox 112 1278 158 1297; x_wconf 81' lang='grc' dir='ltr'><strong>ται</strong></span> <span class='ocrx_word' id='word_1_244' title='bbox 175 1271 192 1305; x_wconf 81' lang='grc' dir='ltr'>ἡ</span> <span class='ocrx_word' id='word_1_245' title='bbox 208 1270 278 1305; x_wconf 76' lang='grc' dir='ltr'>ῥοπὴ</span> <span class='ocrx_word' id='word_1_246' title='bbox 292 1270 340 1297; x_wconf 82' lang='grc' dir='ltr'>τοῦ</span> <span class='ocrx_word' id='word_1_247' title='bbox 353 1270 514 1305; x_wconf 80' lang='grc' dir='ltr'>θελήματος.</span> <span class='ocrx_word' id='word_1_248' title='bbox 530 1271 586 1298; x_wconf 81' lang='grc' dir='ltr'>Κοιί</span> <span class='ocrx_word' id='word_1_249' title='bbox 600 1271 666 1303; x_wconf 82' lang='grc' dir='ltr'>ἴσως</span> <span class='ocrx_word' id='word_1_250' title='bbox 680 1272 696 1307; x_wconf 86' lang='grc' dir='ltr'>ἢ</span> <span class='ocrx_word' id='word_1_251' title='bbox 713 1272 761 1298; x_wconf 84' lang='grc' dir='ltr'>καὶ</span> <span class='ocrx_word' id='word_1_252' title='bbox 780 1271 810 1304; x_wconf 75' lang='grc' dir='ltr'><strong>ἐξ</strong></span> <span class='ocrx_word' id='word_1_253' title='bbox 823 1271 904 1298; x_wconf 88' lang='grc' dir='ltr'>ἀσθε-</span> 
     </span>
    </p>
   </div>
   <div class='ocr_carea' id='block_1_36' title="bbox 115 1316 904 1352">
    <p class='ocr_par' dir='ltr' id='par_1_36' title="bbox 115 1316 904 1352">
     <span class='ocr_line' id='line_1_36' title="bbox 115 1316 904 1352; baseline 0.003 -10"><span class='ocrx_word' id='word_1_254' title='bbox 115 1316 187 1347; x_wconf 73' lang='grc' dir='ltr'>νείας</span> <span class='ocrx_word' id='word_1_255' title='bbox 198 1317 312 1350; x_wconf 77' lang='grc' dir='ltr'><strong>ἡττᾶται</strong></span> <span class='ocrx_word' id='word_1_256' title='bbox 328 1325 370 1348; x_wconf 80' lang='grc' dir='ltr'><strong>τις</strong></span> <span class='ocrx_word' id='word_1_257' title='bbox 380 1317 527 1350; x_wconf 57' lang='grc' dir='ltr'>ἀκουσίως,</span> <span class='ocrx_word' id='word_1_258' title='bbox 539 1317 597 1344; x_wconf 76' lang='grc' dir='ltr'>ἀλλ’</span> <span class='ocrx_word' id='word_1_259' title='bbox 614 1317 728 1352; x_wconf 83' lang='grc' dir='ltr'>ἑτοίμως</span> <span class='ocrx_word' id='word_1_260' title='bbox 756 1319 904 1352; x_wconf 82' lang='grc' dir='ltr'>συγχωρεῖ-</span> 
     </span>
    </p>
   </div>
   <div class='ocr_carea' id='block_1_37' title="bbox 114 1362 906 1398">
    <p class='ocr_par' dir='ltr' id='par_1_37' title="bbox 114 1362 906 1398">
     <span class='ocr_line' id='line_1_37' title="bbox 114 1362 906 1398; baseline 0.003 -10"><span class='ocrx_word' id='word_1_261' title='bbox 114 1370 158 1388; x_wconf 88' lang='grc' dir='ltr'><strong>ται</strong></span> <span class='ocrx_word' id='word_1_262' title='bbox 179 1362 226 1388; x_wconf 80' lang='grc' dir='ltr'>καὶ</span> <span class='ocrx_word' id='word_1_263' title='bbox 237 1363 390 1390; x_wconf 79' lang='grc' dir='ltr'>ἐπαινεῖται</span> <span class='ocrx_word' id='word_1_264' title='bbox 405 1363 480 1398; x_wconf 88' lang='grc' dir='ltr'><strong>παρά</strong></span> <span class='ocrx_word' id='word_1_265' title='bbox 494 1362 541 1389; x_wconf 81' lang='grc' dir='ltr'>τοῦ</span> <span class='ocrx_word' id='word_1_266' title='bbox 564 1363 614 1394; x_wconf 79' lang='grc' dir='ltr'><strong>τὰς</strong></span> <span class='ocrx_word' id='word_1_267' title='bbox 626 1363 771 1398; x_wconf 85' lang='grc' dir='ltr'>προθέσεις</span> <span class='ocrx_word' id='word_1_268' title='bbox 795 1364 843 1390; x_wconf 80' lang='grc' dir='ltr'>καὶ</span> <span class='ocrx_word' id='word_1_269' title='bbox 855 1364 906 1395; x_wconf 81' lang='grc' dir='ltr'>τὰς</span> 
     </span>
    </p>
   </div>
   <div class='ocr_carea' id='block_1_38' title="bbox 113 1407 905 1444">
    <p class='ocr_par' dir='ltr' id='par_1_38' title="bbox 113 1407 905 1444">
     <span class='ocr_line' id='line_1_38' title="bbox 113 1407 905 1444; baseline 0.003 -10"><span class='ocrx_word' id='word_1_270' title='bbox 113 1407 227 1443; x_wconf 80' lang='grc' dir='ltr'>καρδίας</span> <span class='ocrx_word' id='word_1_271' title='bbox 240 1407 431 1441; x_wconf 77' lang='grc' dir='ltr'>γινώσκοντος.</span> <span class='ocrx_word' id='word_1_272' title='bbox 443 1409 528 1436; x_wconf 85' lang='grc' dir='ltr'>Τοῦτο</span> <span class='ocrx_word' id='word_1_273' title='bbox 536 1410 566 1435; x_wconf 82' lang='grc' dir='ltr'><strong>τὺ</strong></span> <span class='ocrx_word' id='word_1_274' title='bbox 580 1409 678 1441; x_wconf 85' lang='grc' dir='ltr'>πάθος,</span> <span class='ocrx_word' id='word_1_275' title='bbox 687 1410 736 1444; x_wconf 83' lang='grc' dir='ltr'><strong>τῆς</strong></span> <span class='ocrx_word' id='word_1_276' title='bbox 751 1410 905 1443; x_wconf 78' lang='grc' dir='ltr'>κενοδοξίας</span> 
     </span>
    </p>
   </div>
   <div class='ocr_carea' id='block_1_39' title="bbox 112 1453 904 1497">
    <p class='ocr_par' dir='ltr' id='par_1_39' title="bbox 112 1453 904 1497">
     <span class='ocr_line' id='line_1_39' title="bbox 112 1453 904 1497; baseline 0.003 -18"><span class='ocrx_word' id='word_1_277' title='bbox 112 1453 194 1487; x_wconf 78' lang='grc' dir='ltr'>λέγω,</span> <span class='ocrx_word' id='word_1_278' title='bbox 211 1455 261 1480; x_wconf 75' lang='grc' dir='ltr'>οὐκ</span> <span class='ocrx_word' id='word_1_279' title='bbox 288 1454 326 1488; x_wconf 77' lang='grc' dir='ltr'><strong>ἑᾷ·</strong></span> <span class='ocrx_word' id='word_1_280' title='bbox 344 1454 390 1480; x_wconf 85' lang='grc' dir='ltr'>τὸν</span> <span class='ocrx_word' id='word_1_281' title='bbox 413 1454 530 1489; x_wconf 75' lang='grc' dir='ltr'>μοναχὸν</span> <span class='ocrx_word' id='word_1_282' title='bbox 550 1455 686 1490; x_wconf 76' lang='grc' dir='ltr'>προκόψαι</span> <span class='ocrx_word' id='word_1_283' title='bbox 719 1455 758 1497; x_wconf 76' lang='grc' dir='ltr'><strong>είς</strong></span> <span class='ocrx_word' id='word_1_284' title='bbox 785 1455 904 1490; x_wconf 86' lang='grc' dir='ltr'>ἀρετήν·</span> 
     </span>
    </p>
   </div>
   <div class='ocr_carea' id='block_1_40' title="bbox 113 1495 939 1542">
    <p class='ocr_par' dir='ltr' id='par_1_40' title="bbox 113 1495 939 1542">
     <span class='ocr_line' id='line_1_40' title="bbox 113 1495 939 1542; baseline 0.004 -17"><span class='ocrx_word' id='word_1_285' title='bbox 113 1495 183 1526; x_wconf 64' lang='grc' dir='ltr'><strong>ἀλλᾶ</strong></span> <span class='ocrx_word' id='word_1_286' title='bbox 192 1501 255 1531; x_wconf 80' lang='grc' dir='ltr'>τοὺς</span> <span class='ocrx_word' id='word_1_287' title='bbox 273 1500 375 1531; x_wconf 85' lang='grc' dir='ltr'>κόπους</span> <span class='ocrx_word' id='word_1_288' title='bbox 392 1501 534 1535; x_wconf 86' lang='grc' dir='ltr'>ὑπομένει,</span> <span class='ocrx_word' id='word_1_289' title='bbox 556 1501 603 1528; x_wconf 71' lang='grc' dir='ltr'>καὶ</span> <span class='ocrx_word' id='word_1_290' title='bbox 617 1502 646 1527; x_wconf 76' lang='grc' dir='ltr'><strong>έν</strong></span> <span class='ocrx_word' id='word_1_291' title='bbox 659 1495 733 1536; x_wconf 57' lang='grc' dir='ltr'>γήρα</span> <span class='ocrx_word' id='word_1_292' title='bbox 748 1501 906 1536; x_wconf 78' lang='grc' dir='ltr'>εὑρίσκεται</span> <span class='ocrx_word' id='word_1_293' title='bbox 917 1511 939 1542; x_wconf 77' lang='lat' dir='ltr'><strong>C</strong></span> 
     </span>
    </p>
   </div>
   <div class='ocr_carea' id='block_1_41' title="bbox 112 1545 907 1582">
    <p class='ocr_par' dir='ltr' id='par_1_41' title="bbox 112 1545 907 1582">
     <span class='ocr_line' id='line_1_41' title="bbox 112 1545 907 1582; baseline 0 -10"><span class='ocrx_word' id='word_1_294' title='bbox 112 1545 249 1581; x_wconf 76' lang='grc' dir='ltr'>ἄκαρπος.</span> <span class='ocrx_word' id='word_1_295' title='bbox 262 1547 317 1573; x_wconf 82' lang='grc' dir='ltr'><strong>Καὶ</strong></span> <span class='ocrx_word' id='word_1_296' title='bbox 326 1547 381 1580; x_wconf 83' lang='grc' dir='ltr'><strong>γὰρ</strong></span> <span class='ocrx_word' id='word_1_297' title='bbox 394 1548 442 1573; x_wconf 83' lang='grc' dir='ltr'>καὶ</span> <span class='ocrx_word' id='word_1_298' title='bbox 457 1548 513 1578; x_wconf 86' lang='grc' dir='ltr'>τοῖς</span> <span class='ocrx_word' id='word_1_299' title='bbox 525 1547 615 1582; x_wconf 83' lang='grc' dir='ltr'>τρισὶν</span> <span class='ocrx_word' id='word_1_300' title='bbox 628 1547 790 1581; x_wconf 78' lang='grc' dir='ltr'>ἐπεμϐαίνει</span> <span class='ocrx_word' id='word_1_301' title='bbox 801 1547 844 1573; x_wconf 76' lang='grc' dir='ltr'><strong>ἀεὶ</strong></span> <span class='ocrx_word' id='word_1_302' title='bbox 860 1547 907 1574; x_wconf 84' lang='grc' dir='ltr'><strong>καὶ</strong></span> 
     </span>
    </p>
   </div>
   <div class='ocr_carea' id='block_1_42' title="bbox 112 1590 906 1627">
    <p class='ocr_par' dir='ltr' id='par_1_42' title="bbox 112 1590 906 1627">
     <span class='ocr_line' id='line_1_42' title="bbox 112 1590 906 1627; baseline 0.004 -12"><span class='ocrx_word' id='word_1_303' title='bbox 112 1591 212 1624; x_wconf 86' lang='grc' dir='ltr'>γυμνοῐ</span> <span class='ocrx_word' id='word_1_304' title='bbox 227 1590 327 1622; x_wconf 72' lang='grc' dir='ltr'>αὐτοὺς</span> <span class='ocrx_word' id='word_1_305' title='bbox 343 1591 392 1626; x_wconf 83' lang='grc' dir='ltr'><strong>τῆς</strong></span> <span class='ocrx_word' id='word_1_306' title='bbox 405 1591 536 1625; x_wconf 79' lang='grc' dir='ltr'>ἐργασίας</span> <span class='ocrx_word' id='word_1_307' title='bbox 555 1591 610 1618; x_wconf 81' lang='grc' dir='ltr'><strong>τῶν</strong></span> <span class='ocrx_word' id='word_1_308' title='bbox 641 1592 759 1626; x_wconf 81' lang='grc' dir='ltr'>ἀρετῶν,</span> <span class='ocrx_word' id='word_1_309' title='bbox 781 1593 906 1627; x_wconf 80' lang='grc' dir='ltr'>ἀρχαρίῳ</span> 
     </span>
    </p>
   </div>
   <div class='ocr_carea' id='block_1_43' title="bbox 112 1636 541 1672">
    <p class='ocr_par' dir='ltr' id='par_1_43' title="bbox 112 1636 541 1672">
     <span class='ocr_line' id='line_1_43' title="bbox 112 1636 541 1672; baseline 0.002 -10"><span class='ocrx_word' id='word_1_310' title='bbox 112 1636 196 1670; x_wconf 82' lang='grc' dir='ltr'>λέγω,</span> <span class='ocrx_word' id='word_1_311' title='bbox 207 1637 254 1662; x_wconf 77' lang='grc' dir='ltr'>καὶ</span> <span class='ocrx_word' id='word_1_312' title='bbox 269 1637 355 1672; x_wconf 78' lang='grc' dir='ltr'>μέσῳ,</span> <span class='ocrx_word' id='word_1_313' title='bbox 372 1637 418 1663; x_wconf 86' lang='grc' dir='ltr'>καὶ</span> <span class='ocrx_word' id='word_1_314' title='bbox 434 1637 541 1672; x_wconf 78' lang='grc' dir='ltr'>τελείῳ.</span> 
     </span>
    </p>
   </div>
   <div class='ocr_carea' id='block_1_44' title="bbox 149 1682 906 1720">
    <p class='ocr_par' dir='ltr' id='par_1_44' title="bbox 149 1682 906 1720">
     <span class='ocr_line' id='line_1_44' title="bbox 149 1682 906 1720; baseline 0.003 -12"><span class='ocrx_word' id='word_1_315' title='bbox 149 1685 195 1716; x_wconf 84' lang='grc' dir='ltr'>ιγ’.</span> <span class='ocrx_word' id='word_1_316' title='bbox 213 1682 299 1709; x_wconf 82' lang='grc' dir='ltr'>Ίόὖτο</span> <span class='ocrx_word' id='word_1_317' title='bbox 315 1683 343 1708; x_wconf 85' lang='grc' dir='ltr'>δὲ</span> <span class='ocrx_word' id='word_1_318' title='bbox 360 1682 454 1717; x_wconf 83' lang='grc' dir='ltr'>μαθὼν</span> <span class='ocrx_word' id='word_1_319' title='bbox 467 1683 550 1717; x_wconf 81' lang='grc' dir='ltr'>λέγω,</span> <span class='ocrx_word' id='word_1_320' title='bbox 564 1684 605 1710; x_wconf 79' lang='grc' dir='ltr'>ὅτι</span> <span class='ocrx_word' id='word_1_321' title='bbox 620 1684 705 1719; x_wconf 73' lang='grc' dir='ltr'>χωρὶς</span> <span class='ocrx_word' id='word_1_322' title='bbox 730 1685 785 1711; x_wconf 84' lang='grc' dir='ltr'><strong>τῶν</strong></span> <span class='ocrx_word' id='word_1_323' title='bbox 799 1685 906 1720; x_wconf 79' lang='grc' dir='ltr'>ἀρετῶν</span> 
     </span>
    </p>
   </div>
   <div class='ocr_carea' id='block_1_45' title="bbox 112 1728 905 1765">
    <p class='ocr_par' dir='ltr' id='par_1_45' title="bbox 112 1728 905 1765">
     <span class='ocr_line' id='line_1_45' title="bbox 112 1728 905 1765; baseline 0.004 -11"><span class='ocrx_word' id='word_1_324' title='bbox 112 1728 216 1755; x_wconf 79' lang='grc' dir='ltr'>τούτων</span> <span class='ocrx_word' id='word_1_325' title='bbox 253 1729 370 1764; x_wconf 72' lang='grc' dir='ltr'>μοναχὸς</span> <span class='ocrx_word' id='word_1_326' title='bbox 395 1730 427 1755; x_wconf 79' lang='grc' dir='ltr'>οὺ</span> <span class='ocrx_word' id='word_1_327' title='bbox 455 1729 605 1764; x_wconf 78' lang='grc' dir='ltr'>προκόπτει</span> <span class='ocrx_word' id='word_1_328' title='bbox 643 1736 724 1762; x_wconf 86' lang='grc' dir='ltr'>ποτε,</span> <span class='ocrx_word' id='word_1_329' title='bbox 759 1731 905 1765; x_wconf 82' lang='grc' dir='ltr'>νηστείας,</span> 
     </span>
    </p>
   </div>
   <div class='ocr_carea' id='block_1_46' title="bbox 112 1774 905 1813">
    <p class='ocr_par' dir='ltr' id='par_1_46' title="bbox 112 1774 905 1813">
     <span class='ocr_line' id='line_1_46' title="bbox 112 1774 905 1813; baseline 0.005 -13"><span class='ocrx_word' id='word_1_330' title='bbox 112 1774 289 1809; x_wconf 76' lang='grc' dir='ltr'>ιγκρατείας,</span> <span class='ocrx_word' id='word_1_331' title='bbox 299 1775 464 1809; x_wconf 85' lang='grc' dir='ltr'>ἀγρυπνίας,</span> <span class='ocrx_word' id='word_1_332' title='bbox 476 1775 626 1811; x_wconf 81' lang='grc' dir='ltr'>ὑπομονῆς,</span> <span class='ocrx_word' id='word_1_333' title='bbox 635 1777 772 1812; x_wconf 88' lang='grc' dir='ltr'>ἀνδρείας,</span> <span class='ocrx_word' id='word_1_334' title='bbox 779 1778 905 1813; x_wconf 75' lang='grc' dir='ltr'>ἡσυχίας,</span> 
     </span>
    </p>
   </div>
   <div class='ocr_carea' id='block_1_47' title="bbox 113 1820 906 1859">
    <p class='ocr_par' dir='ltr' id='par_1_47' title="bbox 113 1820 906 1859">
     <span class='ocr_line' id='line_1_47' title="bbox 113 1820 906 1859; baseline 0.005 -13"><span class='ocrx_word' id='word_1_335' title='bbox 113 1820 279 1856; x_wconf 80' lang='grc' dir='ltr'>προσευχῆς,</span> <span class='ocrx_word' id='word_1_336' title='bbox 295 1821 412 1856; x_wconf 84' lang='grc' dir='ltr'>σιωπῆς,</span> <span class='ocrx_word' id='word_1_337' title='bbox 428 1821 751 1855; x_wconf 76' lang='grc' dir='ltr'>πένθους,ταπεινώσεως</span> <span class='ocrx_word' id='word_1_338' title='bbox 762 1832 769 1839; x_wconf 86' lang='grc'>·</span> <span class='ocrx_word' id='word_1_339' title='bbox 786 1825 839 1850; x_wconf 72' lang='grc' dir='ltr'>εἰσὶ</span> <span class='ocrx_word' id='word_1_340' title='bbox 852 1824 906 1859; x_wconf 83' lang='grc' dir='ltr'>γὰρ</span> 
     </span>
    </p>
   </div>
   <div class='ocr_carea' id='block_1_48' title="bbox 113 1867 906 1905">
    <p class='ocr_par' dir='ltr' id='par_1_48' title="bbox 113 1867 906 1905">
     <span class='ocr_line' id='line_1_48' title="bbox 113 1867 906 1905; baseline 0.006 -13"><span class='ocrx_word' id='word_1_341' title='bbox 113 1867 272 1902; x_wconf 76' lang='grc' dir='ltr'>γεννητικαὶ</span> <span class='ocrx_word' id='word_1_342' title='bbox 285 1867 408 1902; x_wconf 79' lang='grc' dir='ltr'>ἀλλήλων</span> <span class='ocrx_word' id='word_1_343' title='bbox 438 1867 486 1894; x_wconf 77' lang='grc' dir='ltr'>καὶ</span> <span class='ocrx_word' id='word_1_344' title='bbox 512 1868 687 1902; x_wconf 77' lang='grc' dir='ltr'>φυλακτικαί.</span> <span class='ocrx_word' id='word_1_345' title='bbox 712 1869 779 1896; x_wconf 76' lang='grc' dir='ltr'>’Λπὺ</span> <span class='ocrx_word' id='word_1_346' title='bbox 790 1869 844 1905; x_wconf 89' lang='grc' dir='ltr'><strong>γάρ</strong></span> <span class='ocrx_word' id='word_1_347' title='bbox 861 1878 906 1905; x_wconf 82' lang='grc' dir='ltr'>νη-</span> 
     </span>
    </p>
   </div>
   <div class='ocr_carea' id='block_1_49' title="bbox 114 1913 905 1952">
    <p class='ocr_par' dir='ltr' id='par_1_49' title="bbox 114 1913 905 1952">
     <span class='ocr_line' id='line_1_49' title="bbox 114 1913 905 1952; baseline 0.003 -12"><span class='ocrx_word' id='word_1_348' title='bbox 114 1914 206 1945; x_wconf 81' lang='grc' dir='ltr'>στείας</span> <span class='ocrx_word' id='word_1_349' title='bbox 218 1913 346 1949; x_wconf 78' lang='grc' dir='ltr'>συνεχοῦς</span> <span class='ocrx_word' id='word_1_350' title='bbox 365 1915 551 1951; x_wconf 77' lang='grc' dir='ltr'>μαραινομένῃ</span> <span class='ocrx_word' id='word_1_351' title='bbox 569 1916 741 1951; x_wconf 82' lang='grc' dir='ltr'>ἡέπιθυμία,</span> <span class='ocrx_word' id='word_1_352' title='bbox 755 1917 842 1943; x_wconf 79' lang='grc' dir='ltr'>τίκτει</span> <span class='ocrx_word' id='word_1_353' title='bbox 854 1917 905 1952; x_wconf 82' lang='grc' dir='ltr'>τὴν</span> 
     </span>
    </p>
   </div>
   <div class='ocr_carea' id='block_1_50' title="bbox 113 1961 904 1998">
    <p class='ocr_par' dir='ltr' id='par_1_50' title="bbox 113 1961 904 1998">
     <span class='ocr_line' id='line_1_50' title="bbox 113 1961 904 1998; baseline 0.004 -12"><span class='ocrx_word' id='word_1_354' title='bbox 113 1961 294 1994; x_wconf 60' lang='grc' dir='ltr'>ἐγκράτειαν</span> <span class='ocrx_word' id='word_1_355' title='bbox 310 1961 326 1995; x_wconf 80' lang='grc' dir='ltr'><strong>ἡ</strong></span> <span class='ocrx_word' id='word_1_356' title='bbox 346 1961 506 1996; x_wconf 71' lang='grc' dir='ltr'>ἐγκράτεια,</span> <span class='ocrx_word' id='word_1_357' title='bbox 524 1962 574 1997; x_wconf 81' lang='grc' dir='ltr'>τὴν</span> <span class='ocrx_word' id='word_1_358' title='bbox 593 1962 766 1997; x_wconf 69' lang='grc' dir='ltr'>ἀγρυπνίαν*</span> <span class='ocrx_word' id='word_1_359' title='bbox 782 1963 800 1998; x_wconf 78' lang='grc' dir='ltr'><strong>ἠ</strong></span> <span class='ocrx_word' id='word_1_360' title='bbox 817 1963 904 1998; x_wconf 83' lang='grc' dir='ltr'>ἀγρυ-</span> 
     </span>
    </p>
   </div>
   <div class='ocr_carea' id='block_1_51' title="bbox 113 2006 904 2044">
    <p class='ocr_par' dir='ltr' id='par_1_51' title="bbox 113 2006 904 2044">
     <span class='ocr_line' id='line_1_51' title="bbox 113 2006 904 2044; baseline 0.004 -12"><span class='ocrx_word' id='word_1_361' title='bbox 113 2006 189 2038; x_wconf 73' lang='grc' dir='ltr'>πνία,</span> <span class='ocrx_word' id='word_1_362' title='bbox 202 2006 252 2040; x_wconf 84' lang='grc' dir='ltr'>τὴν</span> <span class='ocrx_word' id='word_1_363' title='bbox 268 2006 423 2042; x_wconf 86' lang='grc' dir='ltr'>ὑπομονήν·</span> <span class='ocrx_word' id='word_1_364' title='bbox 445 2007 462 2042; x_wconf 82' lang='grc' dir='ltr'>ἡ</span> <span class='ocrx_word' id='word_1_365' title='bbox 487 2008 621 2043; x_wconf 79' lang='grc' dir='ltr'>ὑπομονὴ,</span> <span class='ocrx_word' id='word_1_366' title='bbox 636 2009 686 2043; x_wconf 82' lang='grc' dir='ltr'>τὴν</span> <span class='ocrx_word' id='word_1_367' title='bbox 712 2008 839 2044; x_wconf 82' lang='grc' dir='ltr'>ἀνδρείαν</span> <span class='ocrx_word' id='word_1_368' title='bbox 853 2017 860 2023; x_wconf 70' lang='grc'>⁸</span> <span class='ocrx_word' id='word_1_369' title='bbox 888 2010 904 2043; x_wconf 81' lang='grc' dir='ltr'>ἡ</span> 
     </span>
    </p>
   </div>
   <div class='ocr_carea' id='block_1_52' title="bbox 111 2052 903 2090">
    <p class='ocr_par' dir='ltr' id='par_1_52' title="bbox 111 2052 903 2090">
     <span class='ocr_line' id='line_1_52' title="bbox 111 2052 903 2090; baseline 0.004 -12"><span class='ocrx_word' id='word_1_370' title='bbox 111 2052 235 2087; x_wconf 80' lang='grc' dir='ltr'>ἀνδρεία,</span> <span class='ocrx_word' id='word_1_371' title='bbox 246 2052 295 2088; x_wconf 81' lang='grc' dir='ltr'>τὴν</span> <span class='ocrx_word' id='word_1_372' title='bbox 308 2053 439 2088; x_wconf 84' lang='grc' dir='ltr'>ἡσυχίαν·</span> <span class='ocrx_word' id='word_1_373' title='bbox 464 2054 481 2089; x_wconf 82' lang='grc' dir='ltr'>ὴ</span> <span class='ocrx_word' id='word_1_374' title='bbox 495 2054 606 2089; x_wconf 79' lang='grc' dir='ltr'>ἡσυχία,</span> <span class='ocrx_word' id='word_1_375' title='bbox 626 2055 675 2090; x_wconf 79' lang='grc' dir='ltr'>τὴν</span> <span class='ocrx_word' id='word_1_376' title='bbox 694 2056 869 2090; x_wconf 65' lang='grc' dir='ltr'>προσευχὴνδ</span> <span class='ocrx_word' id='word_1_377' title='bbox 887 2056 903 2090; x_wconf 81' lang='grc' dir='ltr'>ὴ</span> 
     </span>
    </p>
   </div>
   <div class='ocr_carea' id='block_1_53' title="bbox 112 2100 905 2136">
    <p class='ocr_par' dir='ltr' id='par_1_53' title="bbox 112 2100 905 2136">
     <span class='ocr_line' id='line_1_53' title="bbox 112 2100 905 2136; baseline 0.003 -10"><span class='ocrx_word' id='word_1_378' title='bbox 112 2100 263 2135; x_wconf 76' lang='grc' dir='ltr'>προσευχὴ,</span> <span class='ocrx_word' id='word_1_379' title='bbox 276 2100 326 2136; x_wconf 82' lang='grc' dir='ltr'>τὴν</span> <span class='ocrx_word' id='word_1_380' title='bbox 342 2101 448 2135; x_wconf 89' lang='grc' dir='ltr'>σιωπήν</span> <span class='ocrx_word' id='word_1_381' title='bbox 457 2109 465 2115; x_wconf 87' lang='grc'>·</span> <span class='ocrx_word' id='word_1_382' title='bbox 480 2102 496 2136; x_wconf 86' lang='grc' dir='ltr'>ὴ</span> <span class='ocrx_word' id='word_1_383' title='bbox 509 2102 609 2136; x_wconf 77' lang='grc' dir='ltr'>σιωπὴ,</span> <span class='ocrx_word' id='word_1_384' title='bbox 622 2102 652 2128; x_wconf 84' lang='grc' dir='ltr'><strong>τὺ</strong></span> <span class='ocrx_word' id='word_1_385' title='bbox 667 2102 764 2133; x_wconf 85' lang='grc' dir='ltr'>πένθος</span> <span class='ocrx_word' id='word_1_386' title='bbox 776 2110 782 2118; x_wconf 78' lang='grc'><strong>”</strong></span> <span class='ocrx_word' id='word_1_387' title='bbox 796 2103 826 2128; x_wconf 80' lang='grc' dir='ltr'><strong>τὸ</strong></span> <span class='ocrx_word' id='word_1_388' title='bbox 840 2103 905 2128; x_wconf 78' lang='grc' dir='ltr'>πέν-</span> 
     </span>
    </p>
   </div>
   <div class='ocr_carea' id='block_1_54' title="bbox 112 2146 906 2184">
    <p class='ocr_par' dir='ltr' id='par_1_54' title="bbox 112 2146 906 2184">
     <span class='ocr_line' id='line_1_54' title="bbox 112 2146 906 2184; baseline 0.004 -12"><span class='ocrx_word' id='word_1_389' title='bbox 112 2146 170 2178; x_wconf 83' lang='grc' dir='ltr'>θος,</span> <span class='ocrx_word' id='word_1_390' title='bbox 182 2146 231 2182; x_wconf 82' lang='grc' dir='ltr'>τὴν</span> <span class='ocrx_word' id='word_1_391' title='bbox 245 2147 428 2174; x_wconf 83' lang='grc' dir='ltr'>ταπείνωσιν·</span> <span class='ocrx_word' id='word_1_392' title='bbox 445 2147 462 2182; x_wconf 82' lang='grc' dir='ltr'>ἡ</span> <span class='ocrx_word' id='word_1_393' title='bbox 477 2147 643 2178; x_wconf 76' lang='grc' dir='ltr'>ταπείνωσις</span> <span class='ocrx_word' id='word_1_394' title='bbox 669 2148 855 2184; x_wconf 78' lang='grc' dir='ltr'>ἀντιστρόφως</span> <span class='ocrx_word' id='word_1_395' title='bbox 876 2149 906 2175; x_wconf 75' lang='grc' dir='ltr'>τὸ</span> 
     </span>
    </p>
   </div>
   <div class='ocr_carea' id='block_1_55' title="bbox 969 584 1742 622">
    <p class='ocr_par' dir='ltr' id='par_1_55' title="bbox 969 584 1742 622">
     <span class='ocr_line' id='line_1_55' title="bbox 969 584 1742 622; baseline 0.003 -10"><span class='ocrx_word' id='word_1_396' title='bbox 969 603 972 606; x_wconf 83' lang='lat'><strong><em>-</em></strong></span> <span class='ocrx_word' id='word_1_397' title='bbox 989 585 1033 612; x_wconf 76' lang='lat' dir='ltr'><strong>l2.</strong></span> <span class='ocrx_word' id='word_1_398' title='bbox 1046 585 1164 612; x_wconf 79' lang='lat' dir='ltr'><strong>Attende</strong></span> <span class='ocrx_word' id='word_1_399' title='bbox 1177 584 1260 611; x_wconf 84' lang='lat' dir='ltr'><strong>etiam</strong></span> <span class='ocrx_word' id='word_1_400' title='bbox 1271 585 1413 612; x_wconf 88' lang='lat' dir='ltr'><strong>intentioni</strong></span> <span class='ocrx_word' id='word_1_401' title='bbox 1424 593 1587 620; x_wconf 85' lang='lat' dir='ltr'><strong>quocunque</strong></span> <span class='ocrx_word' id='word_1_402' title='bbox 1610 592 1742 622; x_wconf 83' lang='lat' dir='ltr'><strong>tempore,</strong></span> 
     </span>
    </p>
   </div>
   <div class='ocr_carea' id='block_1_56' title="bbox 952 631 1741 669">
    <p class='ocr_par' dir='ltr' id='par_1_56' title="bbox 952 631 1741 669">
     <span class='ocr_line' id='line_1_56' title="bbox 952 631 1741 669; baseline 0.001 -12"><span class='ocrx_word' id='word_1_403' title='bbox 952 631 1098 666; x_wconf 88' lang='lat' dir='ltr'><strong>diligenter</strong></span> <span class='ocrx_word' id='word_1_404' title='bbox 1115 634 1244 657; x_wconf 79' lang='lat' dir='ltr'><strong>scrutatis</strong></span> <span class='ocrx_word' id='word_1_405' title='bbox 1259 638 1313 664; x_wconf 89' lang='lat' dir='ltr'><strong>quo</strong></span> <span class='ocrx_word' id='word_1_406' title='bbox 1325 636 1430 664; x_wconf 80' lang='lat' dir='ltr'><strong>vergat,</strong></span> <span class='ocrx_word' id='word_1_407' title='bbox 1442 639 1486 669; x_wconf 46' lang='grc' dir='ltr'><strong>,οη</strong></span> <span class='ocrx_word' id='word_1_408' title='bbox 1518 631 1606 666; x_wconf 77' lang='lat' dir='ltr'><strong>ipsum</strong></span> <span class='ocrx_word' id='word_1_409' title='bbox 1639 631 1741 660; x_wconf 81' lang='lat' dir='ltr'><strong>bonum</strong></span> 
     </span>
    </p>
   </div>
   <div class='ocr_carea' id='block_1_57' title="bbox 953 676 1742 711">
    <p class='ocr_par' dir='ltr' id='par_1_57' title="bbox 953 676 1742 711">
     <span class='ocr_line' id='line_1_57' title="bbox 953 676 1742 711; baseline 0.003 -10"><span class='ocrx_word' id='word_1_410' title='bbox 953 682 1063 711; x_wconf 79' lang='lat' dir='ltr'><strong>propter</strong></span> <span class='ocrx_word' id='word_1_411' title='bbox 1081 677 1164 704; x_wconf 88' lang='lat' dir='ltr'><strong>Deum</strong></span> <span class='ocrx_word' id='word_1_412' title='bbox 1180 676 1275 709; x_wconf 81' lang='lat' dir='ltr'><strong>facias,</strong></span> <span class='ocrx_word' id='word_1_413' title='bbox 1288 684 1321 703; x_wconf 91' lang='lat' dir='ltr'><strong>an</strong></span> <span class='ocrx_word' id='word_1_414' title='bbox 1339 682 1448 710; x_wconf 83' lang='lat' dir='ltr'><strong>propter</strong></span> <span class='ocrx_word' id='word_1_415' title='bbox 1479 680 1576 704; x_wconf 74' lang='lat' dir='ltr'><strong>animae</strong></span> <span class='ocrx_word' id='word_1_416' title='bbox 1601 677 1742 705; x_wconf 86' lang='lat' dir='ltr'><strong>utilitatem</strong></span> 
     </span>
    </p>
   </div>
   <div class='ocr_carea' id='block_1_58' title="bbox 953 722 1742 757">
    <p class='ocr_par' dir='ltr' id='par_1_58' title="bbox 953 722 1742 757">
     <span class='ocr_line' id='line_1_58' title="bbox 953 722 1742 757; baseline 0.004 -9"><span class='ocrx_word' id='word_1_417' title='bbox 953 724 1049 750; x_wconf 80' lang='lat' dir='ltr'><strong>sedeas</strong></span> <span class='ocrx_word' id='word_1_418' title='bbox 1061 723 1180 756; x_wconf 88' lang='lat' dir='ltr'><strong>quietus,</strong></span> <span class='ocrx_word' id='word_1_419' title='bbox 1195 722 1236 749; x_wconf 85' lang='lat' dir='ltr'><strong>vel</strong></span> <span class='ocrx_word' id='word_1_420' title='bbox 1250 722 1380 756; x_wconf 83' lang='lat' dir='ltr'><strong>psallens,</strong></span> <span class='ocrx_word' id='word_1_421' title='bbox 1394 723 1436 749; x_wconf 96' lang='lat' dir='ltr'><strong>vel</strong></span> <span class='ocrx_word' id='word_1_422' title='bbox 1453 723 1556 757; x_wconf 75' lang='lat' dir='ltr'><strong>legens,</strong></span> <span class='ocrx_word' id='word_1_423' title='bbox 1577 723 1618 750; x_wconf 90' lang='lat' dir='ltr'><strong>vel</strong></span> <span class='ocrx_word' id='word_1_424' title='bbox 1646 730 1742 754; x_wconf 81' lang='lat' dir='ltr'><strong>oram.</strong></span> 
     </span>
    </p>
   </div>
   <div class='ocr_carea' id='block_1_59' title="bbox 953 768 1743 802">
    <p class='ocr_par' dir='ltr' id='par_1_59' title="bbox 953 768 1743 802">
     <span class='ocr_line' id='line_1_59' title="bbox 953 768 1743 802; baseline -0.001 -6"><span class='ocrx_word' id='word_1_425' title='bbox 953 768 997 796; x_wconf 86' lang='lat' dir='ltr'><strong>vel</strong></span> <span class='ocrx_word' id='word_1_426' title='bbox 1011 769 1164 802; x_wconf 79' lang='lat' dir='ltr'><strong>quamlibet</strong></span> <span class='ocrx_word' id='word_1_427' title='bbox 1175 775 1308 795; x_wconf 78' lang='lat' dir='ltr'><strong>exercens</strong></span> <span class='ocrx_word' id='word_1_428' title='bbox 1321 768 1501 801; x_wconf 86' lang='lat' dir='ltr'><strong>virtutem,.ut</strong></span> <span class='ocrx_word' id='word_1_429' title='bbox 1528 777 1580 796; x_wconf 88' lang='lat' dir='ltr'><strong>Itou</strong></span> <span class='ocrx_word' id='word_1_430' title='bbox 1606 768 1743 802; x_wconf 82' lang='lat' dir='ltr'><strong>diripiaris</strong></span> 
     </span>
    </p>
   </div>
   <div class='ocr_carea' id='block_1_60' title="bbox 953 813 1741 849">
    <p class='ocr_par' dir='ltr' id='par_1_60' title="bbox 953 813 1741 849">
     <span class='ocr_line' id='line_1_60' title="bbox 953 813 1741 849; baseline 0 -7"><span class='ocrx_word' id='word_1_431' title='bbox 953 814 1066 847; x_wconf 80' lang='lat' dir='ltr'><strong>inscius,</strong></span> <span class='ocrx_word' id='word_1_432' title='bbox 1097 821 1148 841; x_wconf 87' lang='lat' dir='ltr'><strong>nec</strong></span> <span class='ocrx_word' id='word_1_433' title='bbox 1178 813 1328 841; x_wconf 71' lang='lat' dir='ltr'><strong>invenieris</strong></span> <span class='ocrx_word' id='word_1_434' title='bbox 1351 814 1442 848; x_wconf 78' lang='lat' dir='ltr'><strong>specie</strong></span> <span class='ocrx_word' id='word_1_435' title='bbox 1476 814 1585 848; x_wconf 78' lang='lat' dir='ltr'><strong>quidem</strong></span> <span class='ocrx_word' id='word_1_436' title='bbox 1614 822 1741 849; x_wconf 83' lang='lat' dir='ltr'><strong>operans,</strong></span> 
     </span>
    </p>
   </div>
   <div class='ocr_carea' id='block_1_61' title="bbox 954 859 1743 894">
    <p class='ocr_par' dir='ltr' id='par_1_61' title="bbox 954 859 1743 894">
     <span class='ocr_line' id='line_1_61' title="bbox 954 859 1743 894; baseline 0.001 -8"><span class='ocrx_word' id='word_1_437' title='bbox 954 860 1106 887; x_wconf 84' lang='lat' dir='ltr'><strong>intentione</strong></span> <span class='ocrx_word' id='word_1_438' title='bbox 1121 867 1186 886; x_wconf 86' lang='lat' dir='ltr'><strong>vero</strong></span> <span class='ocrx_word' id='word_1_439' title='bbox 1202 863 1230 886; x_wconf 87' lang='lat' dir='ltr'><strong>et</strong></span> <span class='ocrx_word' id='word_1_440' title='bbox 1241 859 1407 894; x_wconf 83' lang='lat' dir='ltr'><strong>cogitatione</strong></span> <span class='ocrx_word' id='word_1_441' title='bbox 1423 860 1594 892; x_wconf 82' lang='lat' dir='ltr'><strong>hominibus,</strong></span> <span class='ocrx_word' id='word_1_442' title='bbox 1604 867 1660 888; x_wconf 87' lang='lat' dir='ltr'><strong>non</strong></span> <span class='ocrx_word' id='word_1_443' title='bbox 1687 860 1743 887; x_wconf 71' lang='lat' dir='ltr'><strong>De»</strong></span> 
     </span>
    </p>
   </div>
   <div class='ocr_carea' id='block_1_62' title="bbox 953 904 1743 940">
    <p class='ocr_par' dir='ltr' id='par_1_62' title="bbox 953 904 1743 940">
     <span class='ocr_line' id='line_1_62' title="bbox 953 904 1743 940; baseline -0.001 -7"><span class='ocrx_word' id='word_1_444' title='bbox 953 905 1061 940; x_wconf 80' lang='lat' dir='ltr'><strong>placere</strong></span> <span class='ocrx_word' id='word_1_445' title='bbox 1071 905 1196 940; x_wconf 86' lang='lat' dir='ltr'><strong>cupiens.</strong></span> <span class='ocrx_word' id='word_1_446' title='bbox 1211 904 1302 932; x_wconf 70' lang='lat' dir='ltr'><strong>Multae</strong></span> <span class='ocrx_word' id='word_1_447' title='bbox 1313 909 1377 932; x_wconf 86' lang='lat' dir='ltr'><strong>sunt</strong></span> <span class='ocrx_word' id='word_1_448' title='bbox 1387 904 1459 932; x_wconf 88' lang='lat' dir='ltr'><strong>enim</strong></span> <span class='ocrx_word' id='word_1_449' title='bbox 1475 905 1555 932; x_wconf 87' lang='lat' dir='ltr'><strong>calidi</strong></span> <span class='ocrx_word' id='word_1_450' title='bbox 1586 905 1673 933; x_wconf 73' lang='lat' dir='ltr'><strong>hostis</strong></span> <span class='ocrx_word' id='word_1_451' title='bbox 1701 906 1743 932; x_wconf 74' lang='lat' dir='ltr'><strong>in-</strong></span> 
     </span>
    </p>
   </div>
   <div class='ocr_carea' id='block_1_63' title="bbox 952 949 1743 984">
    <p class='ocr_par' dir='ltr' id='par_1_63' title="bbox 952 949 1743 984">
     <span class='ocr_line' id='line_1_63' title="bbox 952 949 1743 984; baseline 0 -6"><span class='ocrx_word' id='word_1_452' title='bbox 952 951 1075 984; x_wconf 64' lang='lat' dir='ltr'><strong>sidiaa,et</strong></span> <span class='ocrx_word' id='word_1_453' title='bbox 1087 950 1285 983; x_wconf 82' lang='lat' dir='ltr'><strong>occultissime,</strong></span> <span class='ocrx_word' id='word_1_454' title='bbox 1317 955 1347 977; x_wconf 87' lang='lat' dir='ltr'><strong>ut</strong></span> <span class='ocrx_word' id='word_1_455' title='bbox 1377 949 1475 977; x_wconf 85' lang='lat' dir='ltr'><strong>multus</strong></span> <span class='ocrx_word' id='word_1_456' title='bbox 1497 950 1592 983; x_wconf 78' lang='lat' dir='ltr'><strong>latens.</strong></span> <span class='ocrx_word' id='word_1_457' title='bbox 1623 950 1743 978; x_wconf 81' lang='lat' dir='ltr'><strong>intuetur</strong></span> 
     </span>
    </p>
   </div>
   <div class='ocr_carea' id='block_1_64' title="bbox 952 994 1744 1029">
    <p class='ocr_par' dir='ltr' id='par_1_64' title="bbox 952 994 1744 1029">
     <span class='ocr_line' id='line_1_64' title="bbox 952 994 1744 1029; baseline 0 -6"><span class='ocrx_word' id='word_1_458' title='bbox 952 995 1049 1024; x_wconf 84' lang='lat' dir='ltr'><strong>ﬂexum</strong></span> <span class='ocrx_word' id='word_1_459' title='bbox 1061 994 1232 1027; x_wconf 80' lang='lat' dir='ltr'><strong>intentionis,</strong></span> <span class='ocrx_word' id='word_1_460' title='bbox 1259 999 1287 1022; x_wconf 83' lang='lat' dir='ltr'><strong>et</strong></span> <span class='ocrx_word' id='word_1_461' title='bbox 1316 1001 1425 1029; x_wconf 87' lang='lat' dir='ltr'><strong>setnper</strong></span> <span class='ocrx_word' id='word_1_462' title='bbox 1452 995 1552 1029; x_wconf 71' lang='lat' dir='ltr'><strong>quaerit</strong></span> <span class='ocrx_word' id='word_1_463' title='bbox 1579 995 1649 1022; x_wconf 87' lang='lat' dir='ltr'><strong>elain</strong></span> <span class='ocrx_word' id='word_1_464' title='bbox 1673 1002 1744 1029; x_wconf 75' lang='lat' dir='ltr'><strong>opus</strong></span> 
     </span>
    </p>
   </div>
   <div class='ocr_carea' id='block_1_65' title="bbox 952 1040 1744 1075">
    <p class='ocr_par' dir='ltr' id='par_1_65' title="bbox 952 1040 1744 1075">
     <span class='ocr_line' id='line_1_65' title="bbox 952 1040 1744 1075; baseline 0.001 -7"><span class='ocrx_word' id='word_1_465' title='bbox 952 1040 1093 1074; x_wconf 89' lang='lat' dir='ltr'><strong>furari,ut</strong></span> <span class='ocrx_word' id='word_1_466' title='bbox 1103 1048 1160 1068; x_wconf 89' lang='lat' dir='ltr'><strong>non</strong></span> <span class='ocrx_word' id='word_1_467' title='bbox 1192 1045 1304 1075; x_wconf 82' lang='lat' dir='ltr'><strong>propter</strong></span> <span class='ocrx_word' id='word_1_468' title='bbox 1331 1040 1417 1068; x_wconf 89' lang='lat' dir='ltr'><strong>Deum</strong></span> <span class='ocrx_word' id='word_1_469' title='bbox 1446 1040 1493 1068; x_wconf 85' lang='lat' dir='ltr'><strong>fiat</strong></span> <span class='ocrx_word' id='word_1_470' title='bbox 1520 1041 1593 1075; x_wconf 91' lang='lat' dir='ltr'><strong>quod</strong></span> <span class='ocrx_word' id='word_1_471' title='bbox 1627 1041 1666 1068; x_wconf 82' lang='lat' dir='ltr'><strong>tit.</strong></span> <span class='ocrx_word' id='word_1_472' title='bbox 1688 1040 1744 1069; x_wconf 86' lang='lat' dir='ltr'><strong>Sed</strong></span> 
     </span>
    </p>
   </div>
   <div class='ocr_carea' id='block_1_66' title="bbox 952 1086 1744 1122">
    <p class='ocr_par' dir='ltr' id='par_1_66' title="bbox 952 1086 1744 1122">
     <span class='ocr_line' id='line_1_66' title="bbox 952 1086 1744 1122; baseline -0.001 -8"><span class='ocrx_word' id='word_1_473' title='bbox 952 1087 1076 1122; x_wconf 83' lang='lat' dir='ltr'><strong>quamvis</strong></span> <span class='ocrx_word' id='word_1_474' title='bbox 1091 1090 1118 1114; x_wconf 87' lang='lat' dir='ltr'><strong>te</strong></span> <span class='ocrx_word' id='word_1_475' title='bbox 1130 1086 1320 1114; x_wconf 86' lang='lat' dir='ltr'><strong>indesinenter</strong></span> <span class='ocrx_word' id='word_1_476' title='bbox 1339 1086 1479 1120; x_wconf 87' lang='lat' dir='ltr'><strong>impugnet</strong></span> <span class='ocrx_word' id='word_1_477' title='bbox 1502 1093 1534 1112; x_wconf 86' lang='lat' dir='ltr'><strong>ac</strong></span> <span class='ocrx_word' id='word_1_478' title='bbox 1570 1086 1744 1120; x_wconf 87' lang='lat' dir='ltr'><strong>impudenter</strong></span> 
     </span>
    </p>
   </div>
   <div class='ocr_carea' id='block_1_67' title="bbox 954 1130 1743 1164">
    <p class='ocr_par' dir='ltr' id='par_1_67' title="bbox 954 1130 1743 1164">
     <span class='ocr_line' id='line_1_67' title="bbox 954 1130 1743 1164; baseline -0.001 -5"><span class='ocrx_word' id='word_1_479' title='bbox 954 1132 1076 1164; x_wconf 82' lang='lat' dir='ltr'><strong>invadat,</strong></span> <span class='ocrx_word' id='word_1_480' title='bbox 1088 1137 1114 1159; x_wconf 89' lang='lat' dir='ltr'><strong>tu</strong></span> <span class='ocrx_word' id='word_1_481' title='bbox 1132 1137 1223 1158; x_wconf 80' lang='lat' dir='ltr'><strong>tanien</strong></span> <span class='ocrx_word' id='word_1_482' title='bbox 1238 1131 1320 1158; x_wconf 80' lang='lat' dir='ltr'><strong>lixam</strong></span> <span class='ocrx_word' id='word_1_483' title='bbox 1334 1131 1361 1158; x_wconf 91' lang='lat' dir='ltr'><strong>in</strong></span> <span class='ocrx_word' id='word_1_484' title='bbox 1373 1130 1460 1158; x_wconf 85' lang='lat' dir='ltr'><strong>Deum</strong></span> <span class='ocrx_word' id='word_1_485' title='bbox 1485 1132 1664 1160; x_wconf 81' lang='lat' dir='ltr'><strong>intentionem</strong></span> <span class='ocrx_word' id='word_1_486' title='bbox 1691 1133 1743 1159; x_wconf 83' lang='lat' dir='ltr'><strong>Ita-</strong></span> 
     </span>
    </p>
   </div>
   <div class='ocr_carea' id='block_1_68' title="bbox 954 1176 1744 1211">
    <p class='ocr_par' dir='ltr' id='par_1_68' title="bbox 954 1176 1744 1211">
     <span class='ocr_line' id='line_1_68' title="bbox 954 1176 1744 1211; baseline 0 -7"><span class='ocrx_word' id='word_1_487' title='bbox 954 1178 1032 1210; x_wconf 78' lang='lat' dir='ltr'><strong>bens,</strong></span> <span class='ocrx_word' id='word_1_488' title='bbox 1043 1185 1079 1204; x_wconf 86' lang='lat' dir='ltr'><strong>ne</strong></span> <span class='ocrx_word' id='word_1_489' title='bbox 1093 1178 1254 1211; x_wconf 85' lang='lat' dir='ltr'><strong>frequenter</strong></span> <span class='ocrx_word' id='word_1_490' title='bbox 1271 1176 1429 1210; x_wconf 85' lang='lat' dir='ltr'><strong>abripiaris,</strong></span> <span class='ocrx_word' id='word_1_491' title='bbox 1443 1176 1550 1204; x_wconf 87' lang='lat' dir='ltr'><strong>etiamsi</strong></span> <span class='ocrx_word' id='word_1_492' title='bbox 1573 1177 1656 1204; x_wconf 81' lang='lat' dir='ltr'><strong>invita</strong></span> <span class='ocrx_word' id='word_1_493' title='bbox 1679 1185 1744 1205; x_wconf 64' lang='lat' dir='ltr'><strong>eva«</strong></span> 
     </span>
    </p>
   </div>
   <div class='ocr_carea' id='block_1_69' title="bbox 954 1222 1744 1258">
    <p class='ocr_par' dir='ltr' id='par_1_69' title="bbox 954 1222 1744 1258">
     <span class='ocr_line' id='line_1_69' title="bbox 954 1222 1744 1258; baseline 0 -8"><span class='ocrx_word' id='word_1_494' title='bbox 954 1224 1014 1258; x_wconf 88' lang='lat' dir='ltr'><strong>gari</strong></span> <span class='ocrx_word' id='word_1_495' title='bbox 1027 1229 1141 1257; x_wconf 75' lang='lat' dir='ltr'><strong>cogatur</strong></span> <span class='ocrx_word' id='word_1_496' title='bbox 1156 1223 1191 1250; x_wconf 85' lang='lat' dir='ltr'><strong>ab</strong></span> <span class='ocrx_word' id='word_1_497' title='bbox 1208 1223 1256 1250; x_wconf 90' lang='lat' dir='ltr'><strong>illo</strong></span> <span class='ocrx_word' id='word_1_498' title='bbox 1273 1222 1413 1250; x_wconf 87' lang='lat' dir='ltr'><strong>inclinatio</strong></span> <span class='ocrx_word' id='word_1_499' title='bbox 1443 1222 1602 1250; x_wconf 75' lang='lat' dir='ltr'><strong>voluntatis.</strong></span> <span class='ocrx_word' id='word_1_500' title='bbox 1619 1223 1653 1250; x_wconf 85' lang='lat' dir='ltr'><strong>Et</strong></span> <span class='ocrx_word' id='word_1_501' title='bbox 1680 1223 1744 1250; x_wconf 83' lang='lat' dir='ltr'><strong>licet</strong></span> 
     </span>
    </p>
   </div>
   <div class='ocr_carea' id='block_1_70' title="bbox 953 1268 1746 1304">
    <p class='ocr_par' dir='ltr' id='par_1_70' title="bbox 953 1268 1746 1304">
     <span class='ocr_line' id='line_1_70' title="bbox 953 1268 1746 1304; baseline 0.001 -8"><span class='ocrx_word' id='word_1_502' title='bbox 953 1269 988 1296; x_wconf 90' lang='lat' dir='ltr'><strong>ob</strong></span> <span class='ocrx_word' id='word_1_503' title='bbox 1004 1269 1191 1296; x_wconf 73' lang='lat' dir='ltr'><strong>inﬁrmitatem</strong></span> <span class='ocrx_word' id='word_1_504' title='bbox 1224 1268 1322 1302; x_wconf 77' lang='lat' dir='ltr'><strong>aliquis</strong></span> <span class='ocrx_word' id='word_1_505' title='bbox 1347 1268 1474 1295; x_wconf 77' lang='lat' dir='ltr'><strong>vincatur</strong></span> <span class='ocrx_word' id='word_1_506' title='bbox 1499 1269 1621 1300; x_wconf 81' lang='lat' dir='ltr'><strong>invitus,</strong></span> <span class='ocrx_word' id='word_1_507' title='bbox 1653 1277 1746 1304; x_wconf 73' lang='lat' dir='ltr'><strong>prota-</strong></span> 
     </span>
    </p>
   </div>
   <div class='ocr_carea' id='block_1_71' title="bbox 955 1314 1747 1349">
    <p class='ocr_par' dir='ltr' id='par_1_71' title="bbox 955 1314 1747 1349">
     <span class='ocr_line' id='line_1_71' title="bbox 955 1314 1747 1349; baseline 0.003 -8"><span class='ocrx_word' id='word_1_508' title='bbox 955 1321 1026 1349; x_wconf 88' lang='lat' dir='ltr'><strong>ptam</strong></span> <span class='ocrx_word' id='word_1_509' title='bbox 1044 1321 1132 1342; x_wconf 86' lang='lat' dir='ltr'><strong>tamen</strong></span> <span class='ocrx_word' id='word_1_510' title='bbox 1151 1316 1258 1342; x_wconf 88' lang='lat' dir='ltr'><strong>veniam</strong></span> <span class='ocrx_word' id='word_1_511' title='bbox 1277 1319 1307 1342; x_wconf 93' lang='lat' dir='ltr'><strong>et</strong></span> <span class='ocrx_word' id='word_1_512' title='bbox 1323 1314 1429 1341; x_wconf 87' lang='lat' dir='ltr'><strong>laudem</strong></span> <span class='ocrx_word' id='word_1_513' title='bbox 1452 1315 1551 1349; x_wconf 81' lang='lat' dir='ltr'><strong>accipit</strong></span> <span class='ocrx_word' id='word_1_514' title='bbox 1562 1315 1596 1343; x_wconf 85' lang='lat' dir='ltr'><strong>ab</strong></span> <span class='ocrx_word' id='word_1_515' title='bbox 1616 1315 1747 1344; x_wconf 80' lang='lat' dir='ltr'><strong>intentio-</strong></span> 
     </span>
    </p>
   </div>
   <div class='ocr_carea' id='block_1_72' title="bbox 955 1361 1744 1395">
    <p class='ocr_par' dir='ltr' id='par_1_72' title="bbox 955 1361 1744 1395">
     <span class='ocr_line' id='line_1_72' title="bbox 955 1361 1744 1395; baseline 0.004 -9"><span class='ocrx_word' id='word_1_516' title='bbox 955 1369 1018 1387; x_wconf 87' lang='lat' dir='ltr'><strong>num</strong></span> <span class='ocrx_word' id='word_1_517' title='bbox 1030 1367 1057 1388; x_wconf 88' lang='lat' dir='ltr'><strong>et</strong></span> <span class='ocrx_word' id='word_1_518' title='bbox 1079 1361 1201 1388; x_wconf 82' lang='lat' dir='ltr'><strong>cordium</strong></span> <span class='ocrx_word' id='word_1_519' title='bbox 1237 1365 1402 1388; x_wconf 82' lang='lat' dir='ltr'><strong>scrutatore.</strong></span> <span class='ocrx_word' id='word_1_520' title='bbox 1430 1361 1531 1388; x_wconf 74' lang='lat' dir='ltr'><strong>Verum</strong></span> <span class='ocrx_word' id='word_1_521' title='bbox 1554 1361 1606 1388; x_wconf 88' lang='lat' dir='ltr'><strong>ltoc</strong></span> <span class='ocrx_word' id='word_1_522' title='bbox 1639 1362 1744 1395; x_wconf 85' lang='lat' dir='ltr'><strong>vitium,</strong></span> 
     </span>
    </p>
   </div>
   <div class='ocr_carea' id='block_1_73' title="bbox 955 1406 1746 1440">
    <p class='ocr_par' dir='ltr' id='par_1_73' title="bbox 955 1406 1746 1440">
     <span class='ocr_line' id='line_1_73' title="bbox 955 1406 1746 1440; baseline 0.001 -6"><span class='ocrx_word' id='word_1_523' title='bbox 955 1407 1059 1434; x_wconf 81' lang='lat' dir='ltr'><strong>scilicet</strong></span> <span class='ocrx_word' id='word_1_524' title='bbox 1074 1415 1142 1433; x_wconf 84' lang='lat' dir='ltr'><strong>vana</strong></span> <span class='ocrx_word' id='word_1_525' title='bbox 1159 1406 1256 1440; x_wconf 77' lang='lat' dir='ltr'><strong>gloria,</strong></span> <span class='ocrx_word' id='word_1_526' title='bbox 1272 1414 1325 1433; x_wconf 91' lang='lat' dir='ltr'><strong>non</strong></span> <span class='ocrx_word' id='word_1_527' title='bbox 1342 1407 1409 1433; x_wconf 82' lang='lat' dir='ltr'><strong>sinit</strong></span> <span class='ocrx_word' id='word_1_528' title='bbox 1441 1407 1604 1434; x_wconf 87' lang='lat' dir='ltr'><strong>monachum</strong></span> <span class='ocrx_word' id='word_1_529' title='bbox 1635 1408 1663 1434; x_wconf 92' lang='lat' dir='ltr'><strong>in</strong></span> <span class='ocrx_word' id='word_1_530' title='bbox 1689 1409 1746 1435; x_wconf 84' lang='lat' dir='ltr'><strong>vir-</strong></span> 
     </span>
    </p>
   </div>
   <div class='ocr_carea' id='block_1_74' title="bbox 956 1451 1746 1486">
    <p class='ocr_par' dir='ltr' id='par_1_74' title="bbox 956 1451 1746 1486">
     <span class='ocr_line' id='line_1_74' title="bbox 956 1451 1746 1486; baseline 0.001 -8"><span class='ocrx_word' id='word_1_531' title='bbox 956 1457 1014 1478; x_wconf 87' lang='lat' dir='ltr'><strong>tute</strong></span> <span class='ocrx_word' id='word_1_532' title='bbox 1048 1451 1186 1486; x_wconf 78' lang='lat' dir='ltr'><strong>progredi,</strong></span> <span class='ocrx_word' id='word_1_533' title='bbox 1220 1451 1268 1477; x_wconf 80' lang='lat' dir='ltr'><strong>sed</strong></span> <span class='ocrx_word' id='word_1_534' title='bbox 1295 1451 1402 1478; x_wconf 80' lang='lat' dir='ltr'><strong>labores</strong></span> <span class='ocrx_word' id='word_1_535' title='bbox 1427 1452 1511 1482; x_wconf 87' lang='lat' dir='ltr'><strong>subit,</strong></span> <span class='ocrx_word' id='word_1_536' title='bbox 1540 1456 1662 1479; x_wconf 78' lang='lat' dir='ltr'><strong>etsenex</strong></span> <span class='ocrx_word' id='word_1_537' title='bbox 1686 1453 1746 1480; x_wconf 85' lang='lat' dir='ltr'><strong>sine</strong></span> 
     </span>
    </p>
   </div>
   <div class='ocr_carea' id='block_1_75' title="bbox 956 1496 1743 1532">
    <p class='ocr_par' dir='ltr' id='par_1_75' title="bbox 956 1496 1743 1532">
     <span class='ocr_line' id='line_1_75' title="bbox 956 1496 1743 1532; baseline 0.001 -8"><span class='ocrx_word' id='word_1_538' title='bbox 956 1497 1046 1524; x_wconf 83' lang='lat' dir='ltr'><strong>fructu</strong></span> <span class='ocrx_word' id='word_1_539' title='bbox 1063 1497 1209 1524; x_wconf 79' lang='lat' dir='ltr'><strong>invenitur.</strong></span> <span class='ocrx_word' id='word_1_540' title='bbox 1223 1496 1329 1523; x_wconf 80' lang='lat' dir='ltr'><strong>Etenim</strong></span> <span class='ocrx_word' id='word_1_541' title='bbox 1346 1497 1433 1523; x_wconf 88' lang='lat' dir='ltr'><strong>tribus</strong></span> <span class='ocrx_word' id='word_1_542' title='bbox 1463 1504 1573 1530; x_wconf 80' lang='lat' dir='ltr'><strong>semper</strong></span> <span class='ocrx_word' id='word_1_543' title='bbox 1605 1498 1743 1532; x_wconf 79' lang='lat' dir='ltr'><strong>subrepit.</strong></span> 
     </span>
    </p>
   </div>
   <div class='ocr_carea' id='block_1_76' title="bbox 957 1542 1741 1576">
    <p class='ocr_par' dir='ltr' id='par_1_76' title="bbox 957 1542 1741 1576">
     <span class='ocr_line' id='line_1_76' title="bbox 957 1542 1741 1576; baseline 0 -6"><span class='ocrx_word' id='word_1_544' title='bbox 957 1548 985 1570; x_wconf 87' lang='lat' dir='ltr'><strong>et</strong></span> <span class='ocrx_word' id='word_1_545' title='bbox 1000 1550 1083 1574; x_wconf 81' lang='lat' dir='ltr'><strong>opera</strong></span> <span class='ocrx_word' id='word_1_546' title='bbox 1102 1542 1235 1570; x_wconf 80' lang='lat' dir='ltr'><strong>virtutum</strong></span> <span class='ocrx_word' id='word_1_547' title='bbox 1247 1542 1375 1576; x_wconf 85' lang='lat' dir='ltr'><strong>subripit,</strong></span> <span class='ocrx_word' id='word_1_548' title='bbox 1387 1542 1493 1569; x_wconf 84' lang='lat' dir='ltr'><strong>scilicet</strong></span> <span class='ocrx_word' id='word_1_549' title='bbox 1512 1542 1669 1576; x_wconf 87' lang='lat' dir='ltr'><strong>incipienti,</strong></span> <span class='ocrx_word' id='word_1_550' title='bbox 1683 1550 1741 1570; x_wconf 84' lang='lat' dir='ltr'><strong>tne-</strong></span> 
     </span>
    </p>
   </div>
   <div class='ocr_carea' id='block_1_77' title="bbox 957 1586 1244 1622">
    <p class='ocr_par' dir='ltr' id='par_1_77' title="bbox 957 1586 1244 1622">
     <span class='ocr_line' id='line_1_77' title="bbox 957 1586 1244 1622; baseline 0 -8"><span class='ocrx_word' id='word_1_551' title='bbox 957 1588 1002 1615; x_wconf 93' lang='lat' dir='ltr'><strong>dio</strong></span> <span class='ocrx_word' id='word_1_552' title='bbox 1016 1591 1096 1622; x_wconf 88' lang='lat' dir='ltr'><strong>atque</strong></span> <span class='ocrx_word' id='word_1_553' title='bbox 1111 1586 1244 1621; x_wconf 84' lang='lat' dir='ltr'><strong>perfecto.</strong></span> 
     </span>
    </p>
   </div>
   <div class='ocr_carea' id='block_1_78' title="bbox 996 1677 1745 1712">
    <p class='ocr_par' dir='ltr' id='par_1_78' title="bbox 996 1677 1745 1712">
     <span class='ocr_line' id='line_1_78' title="bbox 996 1677 1745 1712; baseline 0.001 -7"><span class='ocrx_word' id='word_1_554' title='bbox 996 1679 1040 1705; x_wconf 73' lang='lat'><strong>15.</strong></span> <span class='ocrx_word' id='word_1_555' title='bbox 1051 1677 1106 1705; x_wconf 87' lang='lat' dir='ltr'><strong>Hoc</strong></span> <span class='ocrx_word' id='word_1_556' title='bbox 1118 1678 1200 1705; x_wconf 84' lang='lat' dir='ltr'><strong>etiam</strong></span> <span class='ocrx_word' id='word_1_557' title='bbox 1219 1683 1348 1712; x_wconf 71' lang='lat' dir='ltr'><strong>expertus</strong></span> <span class='ocrx_word' id='word_1_558' title='bbox 1361 1677 1421 1706; x_wconf 85' lang='lat' dir='ltr'><strong>dico</strong></span> <span class='ocrx_word' id='word_1_559' title='bbox 1438 1686 1446 1704; x_wconf 88' lang='lat'><strong>:</strong></span> <span class='ocrx_word' id='word_1_560' title='bbox 1463 1677 1526 1705; x_wconf 88' lang='lat' dir='ltr'><strong>Sine</strong></span> <span class='ocrx_word' id='word_1_561' title='bbox 1543 1678 1585 1705; x_wconf 84' lang='lat' dir='ltr'><strong>bis</strong></span> <span class='ocrx_word' id='word_1_562' title='bbox 1597 1678 1745 1706; x_wconf 75' lang='lat' dir='ltr'><strong>virtutibus</strong></span> 
     </span>
    </p>
   </div>
   <div class='ocr_carea' id='block_1_79' title="bbox 960 1723 1746 1758">
    <p class='ocr_par' dir='ltr' id='par_1_79' title="bbox 960 1723 1746 1758">
     <span class='ocr_line' id='line_1_79' title="bbox 960 1723 1746 1758; baseline 0.003 -8"><span class='ocrx_word' id='word_1_563' title='bbox 960 1724 1110 1750; x_wconf 85' lang='lat' dir='ltr'><strong>monachus</strong></span> <span class='ocrx_word' id='word_1_564' title='bbox 1139 1731 1193 1750; x_wconf 89' lang='lat' dir='ltr'><strong>non</strong></span> <span class='ocrx_word' id='word_1_565' title='bbox 1213 1723 1320 1757; x_wconf 86' lang='lat' dir='ltr'><strong>prolicit</strong></span> <span class='ocrx_word' id='word_1_566' title='bbox 1347 1731 1478 1757; x_wconf 86' lang='lat' dir='ltr'><strong>unquam,</strong></span> <span class='ocrx_word' id='word_1_567' title='bbox 1506 1723 1613 1751; x_wconf 83' lang='lat' dir='ltr'><strong>scilicet</strong></span> <span class='ocrx_word' id='word_1_568' title='bbox 1642 1724 1746 1758; x_wconf 84' lang='lat' dir='ltr'><strong>absque</strong></span> 
     </span>
    </p>
   </div>
   <div class='ocr_carea' id='block_1_80' title="bbox 955 1770 1744 1804">
    <p class='ocr_par' dir='ltr' id='par_1_80' title="bbox 955 1770 1744 1804">
     <span class='ocr_line' id='line_1_80' title="bbox 955 1770 1744 1804; baseline 0.004 -9"><span class='ocrx_word' id='word_1_569' title='bbox 955 1770 1071 1804; x_wconf 69' lang='lat' dir='ltr'><strong>jejunio.</strong></span> <span class='ocrx_word' id='word_1_570' title='bbox 1087 1770 1278 1804; x_wconf 83' lang='lat' dir='ltr'><strong>temperantia,</strong></span> <span class='ocrx_word' id='word_1_571' title='bbox 1297 1770 1398 1804; x_wconf 70' lang='lat' dir='ltr'><strong>vigilia,</strong></span> <span class='ocrx_word' id='word_1_572' title='bbox 1415 1771 1558 1804; x_wconf 87' lang='lat' dir='ltr'><strong>patientia,</strong></span> <span class='ocrx_word' id='word_1_573' title='bbox 1573 1770 1744 1803; x_wconf 81' lang='lat' dir='ltr'><strong>fortitudine.</strong></span> 
     </span>
    </p>
   </div>
   <div class='ocr_carea' id='block_1_81' title="bbox 957 1815 1745 1850">
    <p class='ocr_par' dir='ltr' id='par_1_81' title="bbox 957 1815 1745 1850">
     <span class='ocr_line' id='line_1_81' title="bbox 957 1815 1745 1850; baseline 0.004 -9"><span class='ocrx_word' id='word_1_574' title='bbox 957 1815 1128 1850; x_wconf 84' lang='lat' dir='ltr'><strong>quietudine,</strong></span> <span class='ocrx_word' id='word_1_575' title='bbox 1153 1816 1288 1847; x_wconf 77' lang='lat' dir='ltr'><strong>oratione.</strong></span> <span class='ocrx_word' id='word_1_576' title='bbox 1306 1815 1428 1848; x_wconf 83' lang='lat' dir='ltr'><strong>silentio,</strong></span> <span class='ocrx_word' id='word_1_577' title='bbox 1452 1816 1538 1848; x_wconf 88' lang='lat' dir='ltr'><strong>luctu,</strong></span> <span class='ocrx_word' id='word_1_578' title='bbox 1567 1815 1745 1844; x_wconf 83' lang='lat' dir='ltr'><strong>humilitate:</strong></span> 
     </span>
    </p>
   </div>
   <div class='ocr_carea' id='block_1_82' title="bbox 958 1861 1744 1895">
    <p class='ocr_par' dir='ltr' id='par_1_82' title="bbox 958 1861 1744 1895">
     <span class='ocr_line' id='line_1_82' title="bbox 958 1861 1744 1895; baseline 0 -7"><span class='ocrx_word' id='word_1_579' title='bbox 958 1869 989 1888; x_wconf 88' lang='lat' dir='ltr'><strong>se</strong></span> <span class='ocrx_word' id='word_1_580' title='bbox 1002 1861 1075 1888; x_wconf 84' lang='lat' dir='ltr'><strong>enim</strong></span> <span class='ocrx_word' id='word_1_581' title='bbox 1093 1861 1208 1888; x_wconf 88' lang='lat' dir='ltr'><strong>invicem</strong></span> <span class='ocrx_word' id='word_1_582' title='bbox 1240 1865 1426 1895; x_wconf 77' lang='lat' dir='ltr'><strong>congcneraut</strong></span> <span class='ocrx_word' id='word_1_583' title='bbox 1441 1867 1468 1888; x_wconf 88' lang='lat' dir='ltr'><strong>et</strong></span> <span class='ocrx_word' id='word_1_584' title='bbox 1484 1867 1658 1889; x_wconf 83' lang='lat' dir='ltr'><strong>conservant.</strong></span> <span class='ocrx_word' id='word_1_585' title='bbox 1676 1861 1744 1889; x_wconf 83' lang='lat' dir='ltr'><strong>Nam</strong></span> 
     </span>
    </p>
   </div>
   <div class='ocr_carea' id='block_1_83' title="bbox 959 1908 1747 1942">
    <p class='ocr_par' dir='ltr' id='par_1_83' title="bbox 959 1908 1747 1942">
     <span class='ocr_line' id='line_1_83' title="bbox 959 1908 1747 1942; baseline 0.001 -8"><span class='ocrx_word' id='word_1_586' title='bbox 959 1915 1079 1942; x_wconf 86' lang='lat' dir='ltr'><strong>perenne</strong></span> <span class='ocrx_word' id='word_1_587' title='bbox 1089 1908 1224 1942; x_wconf 75' lang='lat' dir='ltr'><strong>jejunium</strong></span> <span class='ocrx_word' id='word_1_588' title='bbox 1239 1909 1489 1942; x_wconf 83' lang='lat' dir='ltr'><strong>concupiscentiam</strong></span> <span class='ocrx_word' id='word_1_589' title='bbox 1505 1914 1658 1936; x_wconf 79' lang='lat' dir='ltr'><strong>extenuans</strong></span> <span class='ocrx_word' id='word_1_590' title='bbox 1674 1908 1747 1942; x_wconf 80' lang='lat' dir='ltr'><strong>parit</strong></span> 
     </span>
    </p>
   </div>
   <div class='ocr_carea' id='block_1_84' title="bbox 960 1952 1749 1988">
    <p class='ocr_par' dir='ltr' id='par_1_84' title="bbox 960 1952 1749 1988">
     <span class='ocr_line' id='line_1_84' title="bbox 960 1952 1749 1988; baseline 0.003 -10"><span class='ocrx_word' id='word_1_591' title='bbox 960 1952 1167 1986; x_wconf 81' lang='lat' dir='ltr'><strong>temperantiam</strong></span> <span class='ocrx_word' id='word_1_592' title='bbox 1191 1953 1396 1985; x_wconf 87' lang='lat' dir='ltr'><strong>;temperantia</strong></span> <span class='ocrx_word' id='word_1_593' title='bbox 1420 1953 1551 1988; x_wconf 80' lang='lat' dir='ltr'><strong>vigiliam,</strong></span> <span class='ocrx_word' id='word_1_594' title='bbox 1579 1953 1669 1988; x_wconf 73' lang='lat' dir='ltr'><strong>vigilia</strong></span> <span class='ocrx_word' id='word_1_595' title='bbox 1700 1961 1749 1987; x_wconf 85' lang='lat' dir='ltr'><strong>pa-</strong></span> 
     </span>
    </p>
   </div>
   <div class='ocr_carea' id='block_1_85' title="bbox 960 1996 1744 2034">
    <p class='ocr_par' dir='ltr' id='par_1_85' title="bbox 960 1996 1744 2034">
     <span class='ocr_line' id='line_1_85' title="bbox 960 1996 1744 2034; baseline 0.005 -12"><span class='ocrx_word' id='word_1_596' title='bbox 960 1996 1092 2028; x_wconf 83' lang='lat' dir='ltr'><strong>tientiam,</strong></span> <span class='ocrx_word' id='word_1_597' title='bbox 1107 1996 1238 2030; x_wconf 80' lang='lat' dir='ltr'><strong>patientia</strong></span> <span class='ocrx_word' id='word_1_598' title='bbox 1256 1996 1455 2030; x_wconf 79' lang='lat' dir='ltr'><strong>fortitudinem,</strong></span> <span class='ocrx_word' id='word_1_599' title='bbox 1472 1997 1603 2025; x_wconf 80' lang='lat' dir='ltr'><strong>fortitudo</strong></span> <span class='ocrx_word' id='word_1_600' title='bbox 1614 1998 1744 2034; x_wconf 85' lang='lat' dir='ltr'><strong>quietem,</strong></span> 
     </span>
    </p>
   </div>
   <div class='ocr_carea' id='block_1_86' title="bbox 959 2042 1744 2076">
    <p class='ocr_par' dir='ltr' id='par_1_86' title="bbox 959 2042 1744 2076">
     <span class='ocr_line' id='line_1_86' title="bbox 959 2042 1744 2076; baseline 0.004 -8"><span class='ocrx_word' id='word_1_601' title='bbox 959 2042 1036 2076; x_wconf 86' lang='lat' dir='ltr'><strong>quies</strong></span> <span class='ocrx_word' id='word_1_602' title='bbox 1047 2042 1209 2075; x_wconf 84' lang='lat' dir='ltr'><strong>oralionem,</strong></span> <span class='ocrx_word' id='word_1_603' title='bbox 1223 2042 1312 2069; x_wconf 86' lang='lat' dir='ltr'><strong>oratio</strong></span> <span class='ocrx_word' id='word_1_604' title='bbox 1319 2043 1469 2076; x_wconf 87' lang='lat' dir='ltr'><strong>silentiutn,</strong></span> <span class='ocrx_word' id='word_1_605' title='bbox 1481 2044 1617 2072; x_wconf 88' lang='lat' dir='ltr'><strong>silentiuut</strong></span> <span class='ocrx_word' id='word_1_606' title='bbox 1630 2047 1744 2076; x_wconf 83' lang='lat' dir='ltr'><strong>luctum.</strong></span> 
     </span>
    </p>
   </div>
   <div class='ocr_carea' id='block_1_87' title="bbox 959 2089 1746 2126">
    <p class='ocr_par' dir='ltr' id='par_1_87' title="bbox 959 2089 1746 2126">
     <span class='ocr_line' id='line_1_87' title="bbox 959 2089 1746 2126; baseline 0.005 -12"><span class='ocrx_word' id='word_1_607' title='bbox 959 2089 1047 2115; x_wconf 89' lang='lat' dir='ltr'><strong>luctus</strong></span> <span class='ocrx_word' id='word_1_608' title='bbox 1057 2089 1248 2122; x_wconf 77' lang='lat' dir='ltr'><strong>humilitatem,</strong></span> <span class='ocrx_word' id='word_1_609' title='bbox 1259 2089 1400 2117; x_wconf 76' lang='lat' dir='ltr'><strong>humilitas</strong></span> <span class='ocrx_word' id='word_1_610' title='bbox 1409 2091 1527 2118; x_wconf 86' lang='lat' dir='ltr'><strong>vicissim</strong></span> <span class='ocrx_word' id='word_1_611' title='bbox 1537 2091 1650 2118; x_wconf 88' lang='lat' dir='ltr'><strong>luctum.</strong></span> <span class='ocrx_word' id='word_1_612' title='bbox 1658 2093 1746 2126; x_wconf 80' lang='lat' dir='ltr'><strong>Atque</strong></span> 
     </span>
    </p>
   </div>
   <div class='ocr_carea' id='block_1_88' title="bbox 960 2134 1745 2173">
    <p class='ocr_par' dir='ltr' id='par_1_88' title="bbox 960 2134 1745 2173">
     <span class='ocr_line' id='line_1_88' title="bbox 960 2134 1745 2173; baseline 0.006 -13"><span class='ocrx_word' id='word_1_613' title='bbox 960 2134 1087 2169; x_wconf 85' lang='lat' dir='ltr'><strong>deinceps</strong></span> <span class='ocrx_word' id='word_1_614' title='bbox 1116 2135 1214 2162; x_wconf 84' lang='lat' dir='ltr'><strong>iterum</strong></span> <span class='ocrx_word' id='word_1_615' title='bbox 1242 2135 1304 2162; x_wconf 66' lang='lat' dir='ltr'><strong>lilia:</strong></span> <span class='ocrx_word' id='word_1_616' title='bbox 1322 2141 1425 2163; x_wconf 84' lang='lat' dir='ltr'><strong>matres</strong></span> <span class='ocrx_word' id='word_1_617' title='bbox 1453 2137 1591 2171; x_wconf 85' lang='lat' dir='ltr'><strong>quomodo</strong></span> <span class='ocrx_word' id='word_1_618' title='bbox 1620 2139 1745 2173; x_wconf 71' lang='lat' dir='ltr'><strong>gignant,</strong></span> 
     </span>
    </p>
   </div>
   <div class='ocr_carea' id='block_1_89' title="bbox 112 2179 904 2228">
    <p class='ocr_par' dir='ltr' id='par_1_89' title="bbox 112 2179 904 2228">
     <span class='ocr_line' id='line_1_89' title="bbox 112 2179 904 2228; baseline 0.003 -10"><span class='ocrx_word' id='word_1_619' title='bbox 112 2179 221 2224; x_wconf 78' lang='grc' dir='ltr'>πένθος.</span> <span class='ocrx_word' id='word_1_620' title='bbox 236 2193 291 2219; x_wconf 76' lang='grc' dir='ltr'><strong>Καὶ</strong></span> <span class='ocrx_word' id='word_1_621' title='bbox 302 2192 422 2227; x_wconf 74' lang='grc' dir='ltr'>καθεξῆς</span> <span class='ocrx_word' id='word_1_622' title='bbox 431 2179 567 2220; x_wconf 72' lang='grc' dir='ltr'>ἀνάπαλιν</span> <span class='ocrx_word' id='word_1_623' title='bbox 584 2194 612 2219; x_wconf 88' lang='grc' dir='ltr'><strong>αί</strong></span> <span class='ocrx_word' id='word_1_624' title='bbox 628 2179 776 2228; x_wconf 74' lang='grc' dir='ltr'>θυγατέρες</span> <span class='ocrx_word' id='word_1_625' title='bbox 787 2179 837 2225; x_wconf 70' lang='grc' dir='ltr'><strong>τάς</strong></span> <span class='ocrx_word' id='word_1_626' title='bbox 847 2179 904 2228; x_wconf 18' lang='grc' dir='ltr'>γμη-</span> 
     </span>
    </p>
   </div>
   <div class='ocr_carea' id='block_1_90' title="bbox 958 2179 1748 2228">
    <p class='ocr_par' dir='ltr' id='par_1_90' title="bbox 961 2181 1748 2218">
     <span class='ocr_line' id='line_1_90' title="bbox 961 2181 1748 2218; baseline 0.008 -11"><span class='ocrx_word' id='word_1_627' title='bbox 961 2188 1010 2215; x_wconf 76' lang='lat' dir='ltr'><strong>per</strong></span> <span class='ocrx_word' id='word_1_628' title='bbox 1033 2181 1166 2215; x_wconf 86' lang='lat' dir='ltr'><strong>analysim</strong></span> <span class='ocrx_word' id='word_1_629' title='bbox 1184 2181 1313 2215; x_wconf 82' lang='lat' dir='ltr'><strong>reperies.</strong></span> <span class='ocrx_word' id='word_1_630' title='bbox 1343 2181 1399 2209; x_wconf 83' lang='lat' dir='ltr'><strong>liae</strong></span> <span class='ocrx_word' id='word_1_631' title='bbox 1422 2182 1505 2216; x_wconf 80' lang='lat' dir='ltr'><strong>igitur</strong></span> <span class='ocrx_word' id='word_1_632' title='bbox 1521 2188 1613 2210; x_wconf 90' lang='lat' dir='ltr'><strong>mutua</strong></span> <span class='ocrx_word' id='word_1_633' title='bbox 1633 2193 1748 2218; x_wconf 70' lang='lat' dir='ltr'><strong>genera-</strong></span> 
     </span>
    </p>
   </div>
   <div class='ocr_carea' id='block_1_91' title="bbox 112 2239 905 2277">
    <p class='ocr_par' dir='ltr' id='par_1_91' title="bbox 112 2239 905 2277">
     <span class='ocr_line' id='line_1_91' title="bbox 112 2239 905 2277; baseline 0.003 -11"><span class='ocrx_word' id='word_1_634' title='bbox 112 2239 196 2274; x_wconf 82' lang='grc' dir='ltr'>τέρας</span> <span class='ocrx_word' id='word_1_635' title='bbox 210 2240 267 2272; x_wconf 86' lang='grc' dir='ltr'><strong>πῶς</strong></span> <span class='ocrx_word' id='word_1_636' title='bbox 278 2241 421 2274; x_wconf 84' lang='grc' dir='ltr'>γεννῶσιν,</span> <span class='ocrx_word' id='word_1_637' title='bbox 447 2241 618 2272; x_wconf 83' lang='grc' dir='ltr'>ἀναλυτικῶς</span> <span class='ocrx_word' id='word_1_638' title='bbox 643 2241 780 2276; x_wconf 75' lang='grc' dir='ltr'>εὑρήσεις.</span> <span class='ocrx_word' id='word_1_639' title='bbox 797 2242 905 2277; x_wconf 83' lang='grc' dir='ltr'>Ταύτης</span> 
     </span>
    </p>
   </div>
   <div class='ocr_carea' id='block_1_92' title="bbox 111 2285 906 2324">
    <p class='ocr_par' dir='ltr' id='par_1_92' title="bbox 111 2285 906 2324">
     <span class='ocr_line' id='line_1_92' title="bbox 111 2285 906 2324; baseline 0.005 -12"><span class='ocrx_word' id='word_1_640' title='bbox 111 2285 159 2313; x_wconf 75' lang='grc' dir='ltr'>οὖν</span> <span class='ocrx_word' id='word_1_641' title='bbox 170 2286 219 2320; x_wconf 85' lang='grc' dir='ltr'><strong>τῆς</strong></span> <span class='ocrx_word' id='word_1_642' title='bbox 239 2286 543 2323; x_wconf 78' lang='grc' dir='ltr'>ἀλληλογενεσιουργίας</span> <span class='ocrx_word' id='word_1_643' title='bbox 573 2288 674 2323; x_wconf 77' lang='grc' dir='ltr'>μείζων</span> <span class='ocrx_word' id='word_1_644' title='bbox 689 2289 717 2314; x_wconf 83' lang='grc' dir='ltr'>ὲν</span> <span class='ocrx_word' id='word_1_645' title='bbox 732 2289 843 2324; x_wconf 80' lang='grc' dir='ltr'>ἀρεταῖς</span> <span class='ocrx_word' id='word_1_646' title='bbox 855 2289 906 2316; x_wconf 73' lang='grc' dir='ltr'>οὐκ</span> 
     </span>
    </p>
   </div>
   <div class='ocr_carea' id='block_1_93' title="bbox 112 2333 777 2370">
    <p class='ocr_par' dir='ltr' id='par_1_93' title="bbox 112 2333 777 2370">
     <span class='ocr_line' id='line_1_93' title="bbox 112 2333 777 2370; baseline 0.003 -11"><span class='ocrx_word' id='word_1_647' title='bbox 112 2333 181 2360; x_wconf 78' lang='grc' dir='ltr'>ἔστι.</span> <span class='ocrx_word' id='word_1_648' title='bbox 198 2333 238 2360; x_wconf 79' lang='grc' dir='ltr'><strong>Τὰ</strong></span> <span class='ocrx_word' id='word_1_649' title='bbox 249 2333 303 2368; x_wconf 82' lang='grc' dir='ltr'><strong>γὰρ</strong></span> <span class='ocrx_word' id='word_1_650' title='bbox 315 2334 425 2361; x_wconf 76' lang='grc' dir='ltr'>ἐναντία</span> <span class='ocrx_word' id='word_1_651' title='bbox 436 2335 548 2366; x_wconf 84' lang='grc' dir='ltr'>τούτων,</span> <span class='ocrx_word' id='word_1_652' title='bbox 563 2335 630 2361; x_wconf 79' lang='grc' dir='ltr'>πᾶσι</span> <span class='ocrx_word' id='word_1_653' title='bbox 645 2334 777 2370; x_wconf 63' lang='grc' dir='ltr'>πρωηλα.</span> 
     </span>
    </p>
   </div>
   <div class='ocr_carea' id='block_1_94' title="bbox 153 2379 906 2416">
    <p class='ocr_par' dir='ltr' id='par_1_94' title="bbox 153 2379 906 2416">
     <span class='ocr_line' id='line_1_94' title="bbox 153 2379 906 2416; baseline 0.004 -11"><span class='ocrx_word' id='word_1_654' title='bbox 153 2379 194 2412; x_wconf 84' lang='grc' dir='ltr'>ιδ’,</span> <span class='ocrx_word' id='word_1_655' title='bbox 209 2380 254 2406; x_wconf 85' lang='grc' dir='ltr'>Δεῖ</span> <span class='ocrx_word' id='word_1_656' title='bbox 278 2380 306 2406; x_wconf 82' lang='grc' dir='ltr'>δὲ</span> <span class='ocrx_word' id='word_1_657' title='bbox 323 2381 371 2406; x_wconf 74' lang='grc' dir='ltr'>καὶ</span> <span class='ocrx_word' id='word_1_658' title='bbox 394 2381 457 2412; x_wconf 74' lang='grc' dir='ltr'>τοὺς</span> <span class='ocrx_word' id='word_1_659' title='bbox 476 2381 576 2412; x_wconf 77' lang='grc' dir='ltr'>κόπους</span> <span class='ocrx_word' id='word_1_660' title='bbox 601 2382 648 2407; x_wconf 75' lang='grc' dir='ltr'><strong>καὶ</strong></span> <span class='ocrx_word' id='word_1_661' title='bbox 663 2381 726 2412; x_wconf 78' lang='grc' dir='ltr'>τοὺς</span> <span class='ocrx_word' id='word_1_662' title='bbox 742 2381 840 2413; x_wconf 76' lang='grc' dir='ltr'>πόνους</span> <span class='ocrx_word' id='word_1_663' title='bbox 856 2382 906 2416; x_wconf 79' lang='grc' dir='ltr'><strong>τῆς</strong></span> 
     </span>
    </p>
   </div>
   <div class='ocr_carea' id='block_1_95' title="bbox 113 2426 907 2463">
    <p class='ocr_par' dir='ltr' id='par_1_95' title="bbox 113 2426 907 2463">
     <span class='ocr_line' id='line_1_95' title="bbox 113 2426 907 2463; baseline 0.004 -12"><span class='ocrx_word' id='word_1_664' title='bbox 113 2426 246 2460; x_wconf 75' lang='grc' dir='ltr'>ἐργασίας</span> <span class='ocrx_word' id='word_1_665' title='bbox 261 2426 378 2452; x_wconf 77' lang='grc' dir='ltr'>ἐνταῦθα</span> <span class='ocrx_word' id='word_1_666' title='bbox 392 2427 483 2458; x_wconf 75' lang='grc' dir='ltr'>τάξαι,</span> <span class='ocrx_word' id='word_1_667' title='bbox 499 2428 546 2454; x_wconf 82' lang='grc' dir='ltr'><strong>καὶ</strong></span> <span class='ocrx_word' id='word_1_668' title='bbox 562 2427 620 2458; x_wconf 81' lang='grc' dir='ltr'><strong>πῶς</strong></span> <span class='ocrx_word' id='word_1_669' title='bbox 634 2428 674 2453; x_wconf 78' lang='grc' dir='ltr'><strong>δεῖ</strong></span> <span class='ocrx_word' id='word_1_670' title='bbox 691 2427 829 2463; x_wconf 79' lang='grc' dir='ltr'>μετελθεῖν</span> <span class='ocrx_word' id='word_1_671' title='bbox 843 2428 907 2455; x_wconf 75' lang='grc' dir='ltr'><strong>ἑκά-</strong></span> 
     </span>
    </p>
   </div>
   <div class='ocr_carea' id='block_1_96' title="bbox 113 2472 906 2510">
    <p class='ocr_par' dir='ltr' id='par_1_96' title="bbox 113 2472 906 2510">
     <span class='ocr_line' id='line_1_96' title="bbox 113 2472 906 2510; baseline 0.004 -12"><span class='ocrx_word' id='word_1_672' title='bbox 113 2481 182 2507; x_wconf 87' lang='grc' dir='ltr'>στην</span> <span class='ocrx_word' id='word_1_673' title='bbox 196 2472 336 2506; x_wconf 81' lang='grc' dir='ltr'>ἐργασίαν,</span> <span class='ocrx_word' id='word_1_674' title='bbox 352 2473 446 2506; x_wconf 81' lang='grc' dir='ltr'>σαφῶς</span> <span class='ocrx_word' id='word_1_675' title='bbox 468 2474 593 2500; x_wconf 77' lang='grc' dir='ltr'>ἐκθέσθαι</span> <span class='ocrx_word' id='word_1_676' title='bbox 605 2483 612 2490; x_wconf 88' lang='grc'>·</span> <span class='ocrx_word' id='word_1_677' title='bbox 631 2474 674 2500; x_wconf 79' lang='grc' dir='ltr'>ἵνα</span> <span class='ocrx_word' id='word_1_678' title='bbox 692 2475 728 2510; x_wconf 81' lang='grc' dir='ltr'>μὴ</span> <span class='ocrx_word' id='word_1_679' title='bbox 743 2475 851 2507; x_wconf 83' lang='grc' dir='ltr'>ἀπόνως</span> <span class='ocrx_word' id='word_1_680' title='bbox 864 2484 906 2506; x_wconf 87' lang='grc' dir='ltr'><strong>τις</strong></span> 
     </span>
    </p>
   </div>
   <div class='ocr_carea' id='block_1_97' title="bbox 113 2518 903 2556">
    <p class='ocr_par' dir='ltr' id='par_1_97' title="bbox 113 2518 903 2556">
     <span class='ocr_line' id='line_1_97' title="bbox 113 2518 903 2556; baseline 0.003 -11"><span class='ocrx_word' id='word_1_681' title='bbox 113 2519 144 2552; x_wconf 73' lang='grc' dir='ltr'><strong>ἐξ</strong></span> <span class='ocrx_word' id='word_1_682' title='bbox 160 2519 245 2554; x_wconf 84' lang='grc' dir='ltr'>ἀκοῆς</span> <span class='ocrx_word' id='word_1_683' title='bbox 261 2519 371 2550; x_wconf 75' lang='grc' dir='ltr'>ὁδεύων,</span> <span class='ocrx_word' id='word_1_684' title='bbox 388 2518 435 2545; x_wconf 82' lang='grc' dir='ltr'>τοῦ</span> <span class='ocrx_word' id='word_1_685' title='bbox 462 2520 569 2554; x_wconf 78' lang='grc' dir='ltr'>καρποῦ</span> <span class='ocrx_word' id='word_1_686' title='bbox 597 2521 753 2556; x_wconf 82' lang='grc' dir='ltr'>ἀποτυχὼν,</span> <span class='ocrx_word' id='word_1_687' title='bbox 782 2522 866 2556; x_wconf 76' lang='grc' dir='ltr'>ἡμᾶς,</span> <span class='ocrx_word' id='word_1_688' title='bbox 887 2522 903 2555; x_wconf 79' lang='grc' dir='ltr'><strong>ἦ</strong></span> 
     </span>
    </p>
   </div>
   <div class='ocr_carea' id='block_1_98' title="bbox 112 2565 905 2603">
    <p class='ocr_par' dir='ltr' id='par_1_98' title="bbox 112 2565 905 2603">
     <span class='ocr_line' id='line_1_98' title="bbox 112 2565 905 2603; baseline 0.005 -12"><span class='ocrx_word' id='word_1_689' title='bbox 112 2574 190 2596; x_wconf 74' lang='grc' dir='ltr'>τινας</span> <span class='ocrx_word' id='word_1_690' title='bbox 204 2565 372 2599; x_wconf 83' lang='grc' dir='ltr'>αίτιάσηται,</span> <span class='ocrx_word' id='word_1_691' title='bbox 390 2565 428 2596; x_wconf 79' lang='grc' dir='ltr'>ὡς</span> <span class='ocrx_word' id='word_1_692' title='bbox 443 2566 492 2592; x_wconf 83' lang='grc' dir='ltr'>οὐκ</span> <span class='ocrx_word' id='word_1_693' title='bbox 509 2566 567 2592; x_wconf 75' lang='grc' dir='ltr'>ἐστι</span> <span class='ocrx_word' id='word_1_694' title='bbox 582 2567 671 2599; x_wconf 82' lang='grc' dir='ltr'>καθὼς</span> <span class='ocrx_word' id='word_1_695' title='bbox 689 2569 852 2603; x_wconf 81' lang='grc' dir='ltr'>εἰρήκαμεν.</span> <span class='ocrx_word' id='word_1_696' title='bbox 876 2568 905 2594; x_wconf 80' lang='grc'><strong>’0</strong></span> 
     </span>
    </p>
   </div>
   <div class='ocr_carea' id='block_1_99' title="bbox 113 2611 904 2648">
    <p class='ocr_par' dir='ltr' id='par_1_99' title="bbox 113 2611 904 2648">
     <span class='ocr_line' id='line_1_99' title="bbox 113 2611 904 2648; baseline 0.006 -12"><span class='ocrx_word' id='word_1_697' title='bbox 113 2613 170 2645; x_wconf 65' lang='grc' dir='ltr'>γὰρ</span> <span class='ocrx_word' id='word_1_698' title='bbox 186 2611 265 2642; x_wconf 81' lang='grc' dir='ltr'>πόνος</span> <span class='ocrx_word' id='word_1_699' title='bbox 282 2611 331 2646; x_wconf 83' lang='grc' dir='ltr'><strong>τῆς</strong></span> <span class='ocrx_word' id='word_1_700' title='bbox 349 2611 474 2646; x_wconf 82' lang='grc' dir='ltr'>καρδίας,</span> <span class='ocrx_word' id='word_1_701' title='bbox 492 2611 540 2638; x_wconf 73' lang='grc' dir='ltr'>κα).</span> <span class='ocrx_word' id='word_1_702' title='bbox 558 2612 572 2638; x_wconf 80' lang='grc' dir='ltr'><strong>ό</strong></span> <span class='ocrx_word' id='word_1_703' title='bbox 594 2613 641 2638; x_wconf 82' lang='grc' dir='ltr'>τοῦ</span> <span class='ocrx_word' id='word_1_704' title='bbox 659 2613 784 2648; x_wconf 82' lang='grc' dir='ltr'>σώματος</span> <span class='ocrx_word' id='word_1_705' title='bbox 808 2615 904 2647; x_wconf 72' lang='grc' dir='ltr'>κόπος,</span> 
     </span>
    </p>
   </div>
   <div class='ocr_carea' id='block_1_100' title="bbox 111 2656 904 2695">
    <p class='ocr_par' dir='ltr' id='par_1_100' title="bbox 111 2656 904 2695">
     <span class='ocr_line' id='line_1_100' title="bbox 111 2656 904 2695; baseline 0.006 -12"><span class='ocrx_word' id='word_1_706' title='bbox 111 2656 185 2683; x_wconf 76' lang='grc' dir='ltr'>οἶδεν</span> <span class='ocrx_word' id='word_1_707' title='bbox 205 2657 286 2691; x_wconf 79' lang='grc' dir='ltr'>ἔργον</span> <span class='ocrx_word' id='word_1_708' title='bbox 299 2657 428 2693; x_wconf 84' lang='grc' dir='ltr'>ἀληθείας</span> <span class='ocrx_word' id='word_1_709' title='bbox 455 2659 551 2685; x_wconf 87' lang='grc' dir='ltr'>ποιεῖν.</span> <span class='ocrx_word' id='word_1_710' title='bbox 569 2659 614 2692; x_wconf 78' lang='grc' dir='ltr'><strong>Ἐξ</strong></span> <span class='ocrx_word' id='word_1_711' title='bbox 628 2656 666 2686; x_wconf 87' lang='grc' dir='ltr'>ὧν</span> <span class='ocrx_word' id='word_1_712' title='bbox 682 2660 699 2695; x_wconf 86' lang='grc' dir='ltr'><strong>ή</strong></span> <span class='ocrx_word' id='word_1_713' title='bbox 715 2661 839 2695; x_wconf 78' lang='grc' dir='ltr'>ἐνέργεια</span> <span class='ocrx_word' id='word_1_714' title='bbox 857 2662 904 2688; x_wconf 81' lang='grc' dir='ltr'><strong>τοῦ</strong></span> 
     </span>
    </p>
   </div>
   <div class='ocr_carea' id='block_1_101' title="bbox 111 2701 904 2738">
    <p class='ocr_par' dir='ltr' id='par_1_101' title="bbox 111 2701 904 2738">
     <span class='ocr_line' id='line_1_101' title="bbox 111 2701 904 2738; baseline -0.003 -8"><span class='ocrx_word' id='word_1_715' title='bbox 111 2704 192 2736; x_wconf 80' lang='grc' dir='ltr'>ἁγίου</span> <span class='ocrx_word' id='word_1_716' title='bbox 215 2703 374 2738; x_wconf 82' lang='grc' dir='ltr'>Πνεύματος</span> <span class='ocrx_word' id='word_1_717' title='bbox 391 2702 568 2738; x_wconf 79' lang='grc' dir='ltr'>φανεροῦται,</span> <span class='ocrx_word' id='word_1_718' title='bbox 587 2702 603 2737; x_wconf 80' lang='grc' dir='ltr'><strong>ἡ</strong></span> <span class='ocrx_word' id='word_1_719' title='bbox 621 2702 666 2728; x_wconf 73' lang='grc' dir='ltr'><strong>διὰ</strong></span> <span class='ocrx_word' id='word_1_720' title='bbox 681 2701 727 2728; x_wconf 79' lang='grc' dir='ltr'>τοῦ</span> <span class='ocrx_word' id='word_1_721' title='bbox 749 2702 904 2736; x_wconf 59' lang='grc' dir='ltr'>βαπτίσμαι</span> 
     </span>
    </p>
   </div>
   <div class='ocr_carea' id='block_1_102' title="bbox 111 2747 907 2784">
    <p class='ocr_par' dir='ltr' id='par_1_102' title="bbox 111 2747 907 2784">
     <span class='ocr_line' id='line_1_102' title="bbox 111 2747 907 2784; baseline -0.003 -8"><span class='ocrx_word' id='word_1_722' title='bbox 111 2759 157 2782; x_wconf 72' lang='lat' dir='ltr'><strong>to,-</strong></span> <span class='ocrx_word' id='word_1_723' title='bbox 172 2749 297 2784; x_wconf 81' lang='grc' dir='ltr'>διδομένη</span> <span class='ocrx_word' id='word_1_724' title='bbox 325 2750 377 2781; x_wconf 79' lang='grc' dir='ltr'>σοὶ,</span> <span class='ocrx_word' id='word_1_725' title='bbox 404 2749 450 2775; x_wconf 71' lang='grc' dir='ltr'>καὶ</span> <span class='ocrx_word' id='word_1_726' title='bbox 478 2749 561 2775; x_wconf 75' lang='grc' dir='ltr'>παντὶ</span> <span class='ocrx_word' id='word_1_727' title='bbox 578 2747 680 2782; x_wconf 78' lang='grc' dir='ltr'>πιστῷ,</span> <span class='ocrx_word' id='word_1_728' title='bbox 695 2748 711 2782; x_wconf 84' lang='grc' dir='ltr'>ὴ</span> <span class='ocrx_word' id='word_1_729' title='bbox 726 2747 770 2773; x_wconf 71' lang='grc' dir='ltr'><strong>διὰ</strong></span> <span class='ocrx_word' id='word_1_730' title='bbox 787 2747 837 2782; x_wconf 84' lang='grc' dir='ltr'><strong>τῆς</strong></span> <span class='ocrx_word' id='word_1_731' title='bbox 850 2747 907 2774; x_wconf 82' lang='grc' dir='ltr'><strong>τῶν</strong></span> 
     </span>
    </p>
   </div>
   <div class='ocr_carea' id='block_1_103' title="bbox 111 2793 907 2830">
    <p class='ocr_par' dir='ltr' id='par_1_103' title="bbox 111 2793 907 2830">
     <span class='ocr_line' id='line_1_103' title="bbox 111 2793 907 2830; baseline -0.005 -8"><span class='ocrx_word' id='word_1_732' title='bbox 111 2795 230 2823; x_wconf 77' lang='grc' dir='ltr'>ἐντολῶν</span> <span class='ocrx_word' id='word_1_733' title='bbox 243 2795 372 2830; x_wconf 81' lang='grc' dir='ltr'>ἀμελείας</span> <span class='ocrx_word' id='word_1_734' title='bbox 386 2796 442 2826; x_wconf 78' lang='grc' dir='ltr'>τοῖς</span> <span class='ocrx_word' id='word_1_735' title='bbox 457 2795 554 2821; x_wconf 74' lang='grc' dir='ltr'>πάθεσι</span> <span class='ocrx_word' id='word_1_736' title='bbox 576 2793 780 2828; x_wconf 76' lang='grc' dir='ltr'>συγχωσθείσςι,</span> <span class='ocrx_word' id='word_1_737' title='bbox 795 2793 843 2820; x_wconf 79' lang='grc' dir='ltr'>καὶ</span> <span class='ocrx_word' id='word_1_738' title='bbox 856 2793 907 2827; x_wconf 85' lang='grc' dir='ltr'>τὴν</span> 
     </span>
    </p>
   </div>
   <div class='ocr_carea' id='block_1_104' title="bbox 113 2839 907 2878">
    <p class='ocr_par' dir='ltr' id='par_1_104' title="bbox 113 2839 907 2878">
     <span class='ocr_line' id='line_1_104' title="bbox 113 2839 907 2878; baseline -0.004 -9"><span class='ocrx_word' id='word_1_739' title='bbox 113 2843 260 2878; x_wconf 68' lang='grc' dir='ltr'>μετάνοιαν</span> <span class='ocrx_word' id='word_1_740' title='bbox 276 2843 356 2874; x_wconf 69' lang='grc' dir='ltr'>ἡμῶν</span> <span class='ocrx_word' id='word_1_741' title='bbox 373 2842 544 2874; x_wconf 76' lang='grc' dir='ltr'>ἀναμένουτα</span> <span class='ocrx_word' id='word_1_742' title='bbox 571 2841 605 2866; x_wconf 77' lang='grc' dir='ltr'>δι’</span> <span class='ocrx_word' id='word_1_743' title='bbox 623 2841 726 2872; x_wconf 75' lang='grc' dir='ltr'>ἄφατον</span> <span class='ocrx_word' id='word_1_744' title='bbox 750 2840 821 2872; x_wconf 75' lang='grc' dir='ltr'>ἕλεος</span> <span class='ocrx_word' id='word_1_745' title='bbox 834 2847 842 2854; x_wconf 91' lang='grc'><strong>·</strong></span> <span class='ocrx_word' id='word_1_746' title='bbox 862 2839 907 2866; x_wconf 78' lang='grc' dir='ltr'>ἵνα</span> 
     </span>
    </p>
   </div>
   <div class='ocr_carea' id='block_1_105' title="bbox 963 2227 1746 2265">
    <p class='ocr_par' dir='ltr' id='par_1_105' title="bbox 963 2227 1746 2265">
     <span class='ocr_line' id='line_1_105' title="bbox 963 2227 1746 2265; baseline 0.009 -12"><span class='ocrx_word' id='word_1_747' title='bbox 963 2227 1035 2254; x_wconf 86' lang='lat' dir='ltr'><strong>tione</strong></span> <span class='ocrx_word' id='word_1_748' title='bbox 1051 2227 1138 2262; x_wconf 84' lang='lat' dir='ltr'><strong>major</strong></span> <span class='ocrx_word' id='word_1_749' title='bbox 1155 2227 1181 2254; x_wconf 90' lang='lat' dir='ltr'><strong>in</strong></span> <span class='ocrx_word' id='word_1_750' title='bbox 1197 2227 1344 2255; x_wconf 84' lang='lat' dir='ltr'><strong>virtutibus</strong></span> <span class='ocrx_word' id='word_1_751' title='bbox 1359 2237 1412 2255; x_wconf 91' lang='lat' dir='ltr'><strong>non</strong></span> <span class='ocrx_word' id='word_1_752' title='bbox 1437 2235 1490 2256; x_wconf 77' lang='lat' dir='ltr'><strong>est.</strong></span> <span class='ocrx_word' id='word_1_753' title='bbox 1515 2229 1637 2265; x_wconf 86' lang='lat' dir='ltr'><strong>Namque</strong></span> <span class='ocrx_word' id='word_1_754' title='bbox 1651 2233 1746 2260; x_wconf 86' lang='lat' dir='ltr'><strong>barum</strong></span> 
     </span>
    </p>
   </div>
   <div class='ocr_carea' id='block_1_106' title="bbox 960 2273 1500 2302">
    <p class='ocr_par' dir='ltr' id='par_1_106' title="bbox 960 2273 1500 2302">
     <span class='ocr_line' id='line_1_106' title="bbox 960 2273 1500 2302; baseline 0.006 -3"><span class='ocrx_word' id='word_1_755' title='bbox 960 2273 1099 2299; x_wconf 87' lang='lat' dir='ltr'><strong>contraria</strong></span> <span class='ocrx_word' id='word_1_756' title='bbox 1116 2278 1179 2300; x_wconf 87' lang='lat' dir='ltr'><strong>sunt</strong></span> <span class='ocrx_word' id='word_1_757' title='bbox 1193 2274 1325 2301; x_wconf 88' lang='lat' dir='ltr'><strong>omnibus</strong></span> <span class='ocrx_word' id='word_1_758' title='bbox 1346 2274 1500 2302; x_wconf 82' lang='lat' dir='ltr'><strong>manifesta.</strong></span> 
     </span>
    </p>
   </div>
   <div class='ocr_carea' id='block_1_107' title="bbox 997 2375 1745 2412">
    <p class='ocr_par' dir='ltr' id='par_1_107' title="bbox 997 2375 1745 2412">
     <span class='ocr_line' id='line_1_107' title="bbox 997 2375 1745 2412; baseline 0.001 -7"><span class='ocrx_word' id='word_1_759' title='bbox 997 2378 1040 2406; x_wconf 68' lang='lat' dir='ltr'><strong>l6.</strong></span> <span class='ocrx_word' id='word_1_760' title='bbox 1070 2375 1185 2412; x_wconf 74' lang='lat' dir='ltr'><strong>Oportet</strong></span> <span class='ocrx_word' id='word_1_761' title='bbox 1204 2375 1247 2404; x_wconf 81' lang='lat' dir='ltr'><strong>hic</strong></span> <span class='ocrx_word' id='word_1_762' title='bbox 1271 2384 1382 2412; x_wconf 85' lang='lat' dir='ltr'><strong>quoque</strong></span> <span class='ocrx_word' id='word_1_763' title='bbox 1405 2376 1513 2404; x_wconf 82' lang='lat' dir='ltr'><strong>labores</strong></span> <span class='ocrx_word' id='word_1_764' title='bbox 1542 2382 1570 2404; x_wconf 92' lang='lat' dir='ltr'><strong>et</strong></span> <span class='ocrx_word' id='word_1_765' title='bbox 1597 2378 1745 2406; x_wconf 63' lang='lat' dir='ltr'><strong>industria;</strong></span> 
     </span>
    </p>
   </div>
   <div class='ocr_carea' id='block_1_108' title="bbox 962 2422 1747 2459">
    <p class='ocr_par' dir='ltr' id='par_1_108' title="bbox 962 2422 1747 2459">
     <span class='ocr_line' id='line_1_108' title="bbox 962 2422 1747 2459; baseline -0.001 -8"><span class='ocrx_word' id='word_1_766' title='bbox 962 2424 1131 2459; x_wconf 83' lang='lat' dir='ltr'><strong>operationis</strong></span> <span class='ocrx_word' id='word_1_767' title='bbox 1163 2422 1278 2454; x_wconf 87' lang='lat' dir='ltr'><strong>referre,</strong></span> <span class='ocrx_word' id='word_1_768' title='bbox 1304 2428 1332 2449; x_wconf 76' lang='lat' dir='ltr'><strong>et</strong></span> <span class='ocrx_word' id='word_1_769' title='bbox 1358 2423 1496 2456; x_wconf 87' lang='lat' dir='ltr'><strong>quomodo</strong></span> <span class='ocrx_word' id='word_1_770' title='bbox 1523 2422 1681 2451; x_wconf 88' lang='lat' dir='ltr'><strong>faciendum</strong></span> <span class='ocrx_word' id='word_1_771' title='bbox 1710 2426 1747 2452; x_wconf 85' lang='lat' dir='ltr'><strong>sit</strong></span> 
     </span>
    </p>
   </div>
   <div class='ocr_carea' id='block_1_109' title="bbox 960 2467 1748 2504">
    <p class='ocr_par' dir='ltr' id='par_1_109' title="bbox 960 2467 1748 2504">
     <span class='ocr_line' id='line_1_109' title="bbox 960 2467 1748 2504; baseline -0.001 -7"><span class='ocrx_word' id='word_1_772' title='bbox 960 2473 1141 2504; x_wconf 87' lang='lat' dir='ltr'><strong>quodcunque</strong></span> <span class='ocrx_word' id='word_1_773' title='bbox 1167 2477 1235 2503; x_wconf 84' lang='lat' dir='ltr'><strong>opus</strong></span> <span class='ocrx_word' id='word_1_774' title='bbox 1250 2470 1323 2495; x_wconf 81' lang='lat' dir='ltr'><strong>clare</strong></span> <span class='ocrx_word' id='word_1_775' title='bbox 1333 2477 1479 2503; x_wconf 77' lang='lat' dir='ltr'><strong>exponere.</strong></span> <span class='ocrx_word' id='word_1_776' title='bbox 1496 2473 1526 2495; x_wconf 89' lang='lat' dir='ltr'><strong>ut</strong></span> <span class='ocrx_word' id='word_1_777' title='bbox 1537 2476 1591 2496; x_wconf 87' lang='lat' dir='ltr'><strong>non</strong></span> <span class='ocrx_word' id='word_1_778' title='bbox 1601 2467 1660 2497; x_wconf 84' lang='lat' dir='ltr'><strong>sine</strong></span> <span class='ocrx_word' id='word_1_779' title='bbox 1672 2470 1748 2497; x_wconf 66' lang='lat' dir='ltr'><strong>labo&lt;</strong></span> 
     </span>
    </p>
   </div>
   <div class='ocr_carea' id='block_1_110' title="bbox 960 2514 1746 2549">
    <p class='ocr_par' dir='ltr' id='par_1_110' title="bbox 960 2514 1746 2549">
     <span class='ocr_line' id='line_1_110' title="bbox 960 2514 1746 2549; baseline -0.004 -7"><span class='ocrx_word' id='word_1_780' title='bbox 960 2523 991 2542; x_wconf 83' lang='lat' dir='ltr'><strong>re</strong></span> <span class='ocrx_word' id='word_1_781' title='bbox 1021 2515 1117 2549; x_wconf 77' lang='lat' dir='ltr'><strong>aliquis</strong></span> <span class='ocrx_word' id='word_1_782' title='bbox 1141 2521 1172 2541; x_wconf 79' lang='lat' dir='ltr'><strong>ex</strong></span> <span class='ocrx_word' id='word_1_783' title='bbox 1201 2514 1341 2541; x_wconf 84' lang='lat' dir='ltr'><strong>auditione</strong></span> <span class='ocrx_word' id='word_1_784' title='bbox 1368 2514 1522 2544; x_wconf 84' lang='lat' dir='ltr'><strong>ambulans.</strong></span> <span class='ocrx_word' id='word_1_785' title='bbox 1550 2515 1640 2541; x_wconf 86' lang='lat' dir='ltr'><strong>lruetu</strong></span> <span class='ocrx_word' id='word_1_786' title='bbox 1675 2514 1746 2541; x_wconf 81' lang='lat' dir='ltr'><strong>haud</strong></span> 
     </span>
    </p>
   </div>
   <div class='ocr_carea' id='block_1_111' title="bbox 961 2560 1746 2596">
    <p class='ocr_par' dir='ltr' id='par_1_111' title="bbox 961 2560 1746 2596">
     <span class='ocr_line' id='line_1_111' title="bbox 961 2560 1746 2596; baseline -0.004 -8"><span class='ocrx_word' id='word_1_787' title='bbox 961 2566 1099 2596; x_wconf 75' lang='lat' dir='ltr'><strong>percepto,</strong></span> <span class='ocrx_word' id='word_1_788' title='bbox 1116 2569 1164 2587; x_wconf 72' lang='lat' dir='ltr'><strong>nos</strong></span> <span class='ocrx_word' id='word_1_789' title='bbox 1181 2561 1284 2587; x_wconf 84' lang='lat' dir='ltr'><strong>aliosve</strong></span> <span class='ocrx_word' id='word_1_790' title='bbox 1306 2565 1427 2590; x_wconf 81' lang='lat' dir='ltr'><strong>accuset.</strong></span> <span class='ocrx_word' id='word_1_791' title='bbox 1445 2568 1477 2587; x_wconf 86' lang='lat' dir='ltr'><strong>eo</strong></span> <span class='ocrx_word' id='word_1_792' title='bbox 1503 2560 1575 2594; x_wconf 84' lang='lat' dir='ltr'><strong>quod</strong></span> <span class='ocrx_word' id='word_1_793' title='bbox 1607 2567 1746 2594; x_wconf 73' lang='lat' dir='ltr'><strong>nuuquarn</strong></span> 
     </span>
    </p>
   </div>
   <div class='ocr_carea' id='block_1_112' title="bbox 961 2605 1748 2634">
    <p class='ocr_par' dir='ltr' id='par_1_112' title="bbox 961 2605 1748 2634">
     <span class='ocr_line' id='line_1_112' title="bbox 961 2605 1748 2634; baseline -0.005 0"><span class='ocrx_word' id='word_1_794' title='bbox 961 2609 993 2634; x_wconf 85' lang='lat' dir='ltr'><strong>de</strong></span> <span class='ocrx_word' id='word_1_795' title='bbox 1012 2608 1062 2634; x_wconf 87' lang='lat' dir='ltr'><strong>hoc</strong></span> <span class='ocrx_word' id='word_1_796' title='bbox 1091 2606 1174 2633; x_wconf 86' lang='lat' dir='ltr'><strong>locuti</strong></span> <span class='ocrx_word' id='word_1_797' title='bbox 1193 2613 1324 2633; x_wconf 83' lang='lat' dir='ltr'><strong>essemus.</strong></span> <span class='ocrx_word' id='word_1_798' title='bbox 1353 2605 1419 2633; x_wconf 85' lang='lat' dir='ltr'><strong>Nam</strong></span> <span class='ocrx_word' id='word_1_799' title='bbox 1449 2606 1584 2632; x_wconf 83' lang='lat' dir='ltr'><strong>industria</strong></span> <span class='ocrx_word' id='word_1_800' title='bbox 1602 2605 1692 2632; x_wconf 82' lang='lat' dir='ltr'><strong>cordis</strong></span> <span class='ocrx_word' id='word_1_801' title='bbox 1719 2611 1748 2631; x_wconf 75' lang='lat' dir='ltr'><strong>et</strong></span> 
     </span>
    </p>
   </div>
   <div class='ocr_carea' id='block_1_113' title="bbox 960 2651 1745 2686">
    <p class='ocr_par' dir='ltr' id='par_1_113' title="bbox 960 2651 1745 2686">
     <span class='ocr_line' id='line_1_113' title="bbox 960 2651 1745 2686; baseline -0.003 -7"><span class='ocrx_word' id='word_1_802' title='bbox 960 2653 1083 2686; x_wconf 86' lang='lat' dir='ltr'><strong>corporis</strong></span> <span class='ocrx_word' id='word_1_803' title='bbox 1100 2653 1176 2679; x_wconf 87' lang='lat' dir='ltr'><strong>labor</strong></span> <span class='ocrx_word' id='word_1_804' title='bbox 1202 2652 1292 2678; x_wconf 85' lang='lat' dir='ltr'><strong>sciunt</strong></span> <span class='ocrx_word' id='word_1_805' title='bbox 1320 2659 1389 2686; x_wconf 83' lang='lat' dir='ltr'><strong>opus</strong></span> <span class='ocrx_word' id='word_1_806' title='bbox 1412 2651 1536 2678; x_wconf 82' lang='lat' dir='ltr'><strong>veritatis</strong></span> <span class='ocrx_word' id='word_1_807' title='bbox 1571 2651 1672 2678; x_wconf 76' lang='lat' dir='ltr'><strong>facere.</strong></span> <span class='ocrx_word' id='word_1_808' title='bbox 1706 2651 1745 2678; x_wconf 63' lang='lat' dir='ltr'><strong>Ex</strong></span> 
     </span>
    </p>
   </div>
   <div class='ocr_carea' id='block_1_114' title="bbox 960 2695 1747 2732">
    <p class='ocr_par' dir='ltr' id='par_1_114' title="bbox 960 2695 1747 2732">
     <span class='ocr_line' id='line_1_114' title="bbox 960 2695 1747 2732; baseline -0.003 -8"><span class='ocrx_word' id='word_1_809' title='bbox 960 2699 1060 2732; x_wconf 85' lang='lat' dir='ltr'><strong>quibus</strong></span> <span class='ocrx_word' id='word_1_810' title='bbox 1073 2699 1195 2731; x_wconf 74' lang='lat' dir='ltr'><strong>OpCtatio</strong></span> <span class='ocrx_word' id='word_1_811' title='bbox 1220 2697 1338 2731; x_wconf 87' lang='lat' dir='ltr'><strong>Spiritus</strong></span> <span class='ocrx_word' id='word_1_812' title='bbox 1364 2699 1451 2724; x_wconf 80' lang='lat' dir='ltr'><strong>sancti</strong></span> <span class='ocrx_word' id='word_1_813' title='bbox 1467 2695 1668 2729; x_wconf 78' lang='lat' dir='ltr'><strong>manifestatur,</strong></span> <span class='ocrx_word' id='word_1_814' title='bbox 1698 2704 1747 2730; x_wconf 81' lang='lat' dir='ltr'><strong>per</strong></span> 
     </span>
    </p>
   </div>
   <div class='ocr_carea' id='block_1_115' title="bbox 961 2742 1746 2778">
    <p class='ocr_par' dir='ltr' id='par_1_115' title="bbox 961 2742 1746 2778">
     <span class='ocr_line' id='line_1_115' title="bbox 961 2742 1746 2778; baseline -0.003 -7"><span class='ocrx_word' id='word_1_815' title='bbox 961 2745 1125 2778; x_wconf 82' lang='lat' dir='ltr'><strong>baptismum</strong></span> <span class='ocrx_word' id='word_1_816' title='bbox 1152 2744 1200 2770; x_wconf 91' lang='lat' dir='ltr'><strong>tibi</strong></span> <span class='ocrx_word' id='word_1_817' title='bbox 1218 2744 1280 2770; x_wconf 83' lang='lat' dir='ltr'><strong>data</strong></span> <span class='ocrx_word' id='word_1_818' title='bbox 1302 2748 1329 2770; x_wconf 90' lang='lat' dir='ltr'><strong>et</strong></span> <span class='ocrx_word' id='word_1_819' title='bbox 1348 2745 1421 2769; x_wconf 87' lang='lat' dir='ltr'><strong>omni</strong></span> <span class='ocrx_word' id='word_1_820' title='bbox 1453 2742 1537 2773; x_wconf 83' lang='lat' dir='ltr'><strong>Iideli,</strong></span> <span class='ocrx_word' id='word_1_821' title='bbox 1555 2743 1602 2769; x_wconf 73' lang='lat' dir='ltr'><strong>sed</strong></span> <span class='ocrx_word' id='word_1_822' title='bbox 1634 2747 1746 2777; x_wconf 82' lang='lat' dir='ltr'><strong>propter</strong></span> 
     </span>
    </p>
   </div>
   <div class='ocr_carea' id='block_1_116' title="bbox 963 2786 1745 2821">
    <p class='ocr_par' dir='ltr' id='par_1_116' title="bbox 963 2786 1745 2821">
     <span class='ocr_line' id='line_1_116' title="bbox 963 2786 1745 2821; baseline -0.008 -4"><span class='ocrx_word' id='word_1_823' title='bbox 963 2789 1154 2817; x_wconf 84' lang='lat' dir='ltr'><strong>mandatorum</strong></span> <span class='ocrx_word' id='word_1_824' title='bbox 1180 2788 1356 2816; x_wconf 74' lang='lat' dir='ltr'><strong>omissionem</strong></span> <span class='ocrx_word' id='word_1_825' title='bbox 1384 2787 1558 2821; x_wconf 86' lang='lat' dir='ltr'><strong>passionibns</strong></span> <span class='ocrx_word' id='word_1_826' title='bbox 1576 2786 1745 2818; x_wconf 77' lang='lat' dir='ltr'><strong>abscondita,</strong></span> 
     </span>
    </p>
   </div>
   <div class='ocr_carea' id='block_1_117' title="bbox 962 2831 1752 2870">
    <p class='ocr_par' dir='ltr' id='par_1_117' title="bbox 962 2831 1752 2870">
     <span class='ocr_line' id='line_1_117' title="bbox 962 2831 1752 2870; baseline -0.005 -7"><span class='ocrx_word' id='word_1_827' title='bbox 962 2841 989 2864; x_wconf 88' lang='lat' dir='ltr'><strong>et</strong></span> <span class='ocrx_word' id='word_1_828' title='bbox 1006 2840 1126 2863; x_wconf 80' lang='lat' dir='ltr'><strong>nostram</strong></span> <span class='ocrx_word' id='word_1_829' title='bbox 1148 2833 1338 2870; x_wconf 81' lang='lat' dir='ltr'><strong>poenitcntiam</strong></span> <span class='ocrx_word' id='word_1_830' title='bbox 1363 2838 1526 2868; x_wconf 79' lang='lat' dir='ltr'><strong>exspectans</strong></span> <span class='ocrx_word' id='word_1_831' title='bbox 1551 2831 1752 2860; x_wconf 78' lang='lat' dir='ltr'><strong>iuelIabilitui-</strong></span> 
     </span>
    </p>
   </div>
  </div>
