1947 3072
176 106 252 138 "1327

808 97 998 131 GREGORH
1020 95 1188 126 SlNAlTE

1741 86 1811 119 13%

173 164 333 195 scrieor-lia,
346 165 375 189 ut
391 169 445 189 non
463 161 489 188 in
507 159 559 186 fine
577 159 682 193 absque
698 158 787 186 fructu
801 157 902 192 reperti
917 157 968 183 hoc

1031 154 1059 188 ιὴ
1076 154 1114 184 εἰς
1129 153 1206 184 τέλος
1221 152 1264 178 διὰ
1292 152 1341 186 τὴν
1366 152 1506 187 ἀκαρπίαν
1534 151 1613 185 ἡμῶν
1639 149 1814 184 ἀκούσωμεν·

178 211 342 236 audiamus:
372 217 381 234 ι
400 207 497 234 Tollite
523 205 557 232 ab
577 212 610 232 eo
638 205 780 235 talentum.
800 212 810 230 ι
829 208 856 230 ct
869 202 935 229 illttd
958 210 965 228 :

181 265 189 280 ι
211 255 286 288 Quod
300 254 406 281 videtur
418 253 531 283 habere,
545 250 685 278 auferetur
699 249 733 276 ab
759 256 791 276 eo
809 248 828 282 ‘,
847 257 861 284 ι,
875 252 904 274 et
921 254 972 274 nos

179 302 207 327 in
218 299 350 334 supplicia
372 297 477 332 ejiciat,
498 301 631 324 aeternum
648 296 675 327 in
692 296 816 330 geltenna
846 293 972 321 crucian-

179 347 238 373 tios.
255 344 351 372 Omnis
362 344 435 371 enim
449 343 574 378 operatio
591 341 743 377 corporalis
771 344 800 368 et
824 338 974 374 spiritualis

180 393 239 420 sine
254 391 388 419 industria
410 394 438 417 et
451 389 545 417 labore
560 389 643 421 facta,
665 387 776 415 facienti
794 386 900 414 nullum
917 392 972 412 un-

179 446 260 473 quam
287 437 382 464 atl‘cret
405 436 525 463 fructum
542 455 551 468 ,
577 434 641 469 quia
664 442 674 460 ι
690 431 814 468 Regnum
841 430 972 459 calorum

181 485 236 511 vim
265 484 378 518 patitur,
407 481 498 516 inquit
511 480 657 512 Dominus,
676 484 704 507 et
721 478 834 506 violenti
864 477 976 512 rapiunt

181 518 247 556 illud
260 529 285 560 ¹,
307 537 316 554 ι
346 529 399 554 vim
428 525 568 562 appellans
596 524 761 552 laboriosam
789 522 916 557 corporis
946 521 976 547 in

174 576 308 603 omnibus
337 573 525 600 vexationem.
551 571 640 604 Unde,
673 577 737 598 cum
764 569 842 596 multi
873 567 976 595 multos

175 623 277 649 forsan
293 622 353 648 sine
378 620 471 646 labore
486 625 574 645 annos
591 616 716 652 degerint
732 615 775 643 vel
792 615 903 649 degant,
925 620 977 640 nec

184 667 318 695 industrie
333 667 360 692 in
379 664 484 692 fervido
499 663 591 691 cordis
609 663 708 690 ardore
733 661 844 689 labores
859 659 980 690 faciant,-

185 711 265 740 vacui
284 720 296 737 a
310 709 444 737 munditia
458 713 488 736 et
505 707 626 743 Spiritus
644 706 734 734 sancti
768 708 899 739 expertes
913 702 976 730 facti

185 763 262 790 sunt,
279 756 382 791 rejecta
399 754 524 782 laborum
544 753 705 788 asperitate.
728 751 779 784 Qui
795 751 868 778 enint
887 749 976 783 negli-

187 808 284 838 genter
301 805 329 829 et
344 801 442 836 ignave
456 803 617 835 operantur,
646 797 773 825 videntur
787 796 879 823 forsan
910 794 979 822 mul-

188 845 244 874 t'um
271 846 418 877 laborare;
435 851 576 878 nunquam
605 847 696 870 tamen
725 840 842 868 fructum
858 842 980 875 gustant.

188 889 439 926 utpoteindustriae
454 896 487 916 ac
500 889 604 916 doloris
617 889 728 922 penitus
743 890 882 920 expertes.
900 884 978 917 Quod

189 939 307 961 testatur
323 934 370 969 qui
392 934 460 960 dicit
474 942 481 961 :
505 942 515 959 ι
537 932 566 960 Si
578 940 675 960 omnes
687 932 836 967 prmelarss
850 936 980 966 geramus

188 980 322 1012 actiones,
339 986 391 1006 eor
406 986 471 1006 vero
488 978 587 1006 dolens
607 986 661 1005 non
673 978 836 1010 habeamus,
849 977 901 1004 illae
913 985 979 1012 spu<

191 1025 238 1052 riae
248 1033 280 1051 ac
295 1025 412 1052 rancidac
441 1025 520 1052 ﬁunt.
536 1025 606 1052 Item
625 1024 774 1059 aliquando
801 1024 979 1058 indiligenter

191 1070 373 1103 ambulantes,
401 1078 457 1105 pra:
485 1071 579 1098 acedia
610 1071 638 1098 in
655 1071 849 1099 distractioues
883 1072 984 1106 direpti

192 1116 311 1149 inutiles,
337 1116 563 1148 obtenebramur,
586 1117 638 1144 visi
660 1117 686 1143 in
701 1117 744 1144 his
760 1118 882 1151 requiem
908 1118 985 1145 inve-

193 1163 265 1194 nire,
282 1163 354 1196 quod
368 1170 420 1189 non
434 1167 486 1193 est.
504 1163 551 1190 sed
566 1162 759 1189 insolubilibus
777 1162 872 1190 fasciis
885 1163 983 1190 invisi-

193 1209 284 1236 biiiter
298 1209 386 1243 ligati,
417 1208 572 1235 immobiles
586 1212 614 1234 et
635 1208 735 1235 inertes
760 1208 786 1234 in
811 1208 887 1235 omni
901 1215 985 1242 opere

195 1255 286 1286 timus,
299 1254 404 1281 desidia
422 1254 449 1280 in
471 1254 552 1281 nobis
563 1253 712 1288 completa,
727 1254 878 1288 prazsertim
902 1254 924 1280 si
945 1254 986 1280 in.

194 1300 328 1335 cipienles
342 1300 439 1327 sitnus.
472 1298 607 1327 Pcrfeetis
621 1299 695 1325 enim
711 1299 803 1325 omnia
821 1298 855 1325 ad
874 1305 984 1326 mensu-

196 1354 253 1373 ram
269 1346 344 1373 utilia
370 1349 444 1372 sunt.
459 1354 468 1371 ι
485 1345 557 1372 ltlem
587 1349 701 1371 testatur
718 1351 832 1379 magnus
857 1343 986 1378 prraim

195 1392 288 1419 dicens
309 1400 315 1417 :
336 1400 346 1416 ι
366 1390 500 1418 Laborem
534 1389 627 1416 labora
649 1389 802 1421 laboriose,
819 1395 849 1416 ut
876 1390 990 1424 effugias

195 1436 335 1463 irritorum
347 1435 471 1462 laborum
496 1434 616 1461 labores.
634 1433 662 1460 Si
676 1441 745 1465 non,
773 1434 851 1467 juxta
869 1435 987 1468 prophe-

1025 208 1033 224 ι
1051 200 1153 234 ’Ἄρατε
1171 199 1201 225 τὸ
1214 198 1344 225 τάλαντον
1357 198 1404 225 ἀπ’
1418 197 1513 224 αὐτοῦ·
1536 207 1545 224 ι
1564 198 1610 224 καὶ
1627 197 1675 230 τὺ,
1696 206 1706 222 ι
1725 197 1760 223 ’Ὀ
1771 197 1816 222 δο-

1021 246 1064 272 κεῖ
1078 245 1150 280 ἔχειν
1180 245 1330 280 ἀρθήσεται
1356 245 1405 272 ἀπ’
1422 244 1521 271 αὐτοῦ’
1534 255 1543 270 ι
1574 244 1621 271 καὶ
1639 245 1680 275 εἰς
1701 244 1817 270 κόλασιν

1020 291 1171 327 ἀποπέμψῃ
1196 291 1281 326 ἡμᾶς,
1310 291 1429 322 αἱωνίως
1450 291 1480 317 ἒν
1495 291 1592 326 γεέννῃ
1617 290 1816 325 ὀδυνωμένους.

1020 338 1100 365 Πᾶσα
1112 337 1167 373 γὰρ
1184 337 1302 373 ἐργασία
1318 338 1461 373 σωματική
1473 346 1504 364 τε
1523 337 1569 364 καὶ
1583 336 1768 372 πνευματικὴ.
1780 337 1819 370 μὴ

1021 383 1121 419 ἔχουσα
1145 384 1238 417 πόνον,
1270 383 1399 419 ἢκόπον,
1429 383 1559 410 οὐδέποτε
1580 383 1755 417 καρποφορεῖ
1780 383 1820 416 τε)

1021 430 1124 466 ταύτην
1139 429 1332 466 μετερχομένῳ
1342 437 1349 444 ·
1365 430 1406 456 ὃτι
1424 438 1433 455 ι
1451 429 1551 463 Βιαστή
1567 428 1641 455 ἐστιν
1653 428 1670 461 ὴ
1690 427 1821 462 βασιλεία

1021 478 1077 506 τῶν
1091 478 1224 513 οὐρανῶν.
1238 476 1348 512 φησὶνΐ
1355 476 1469 512 Κύριος,
1490 475 1539 502 καὶ
1552 475 1661 511 βιασταὶ
1673 475 1821 509 ἁρπάζου-

1025 533 1067 552 σιν
1079 525 1166 560 αὐτήν
1177 531 1185 540 σ
1200 533 1210 550 ›
1229 523 1291 559 βίαν
1306 522 1392 549 εἰπὼν
1407 522 1457 558 τὴν
1486 521 1534 548 τοῦ
1552 521 1679 556 σώματος
1691 522 1722 547 ἑν
1736 522 1823 547 πᾶσιν

1024 571 1153 598 ἐπίπονον
1168 570 1307 605 αἴσθησιν,
1323 569 1385 596 ἐπεὶ
1401 569 1427 595 oi
1452 568 1547 595 πολλοὶ
1561 567 1611 603 μὲν
1625 567 1693 599 ἴσως
1701 567 1824 597 πολλοὺς

1025 617 1166 648 ἐνιαυτοὺς
1181 616 1289 648 ἀπόνως
1300 615 1474 651 εἰργάσαντο,
1493 616 1510 652 ἢ
1526 614 1702 650 ἐργάζονται,
1717 614 1767 640 καὶ
1778 614 1825 640 διὰ

1025 665 1056 691 τδ
1075 664 1113 700 μὴ
1126 663 1253 697 ὲμτιόνως
1278 663 1308 689 ὲν
1331 661 1433 697 ζεούσῃ
1459 661 1600 697 προθυμίᾳ
1627 660 1745 696 καρδίας
1758 662 1825 690 τοὺς

1026 711 1125 742 πόνους
1138 708 1318 741 ποιεῖν,κινο“ι
1328 708 1524 744 καθαρότητος,
1537 708 1586 734 καὶ
1598 706 1730 742 ἀμέτοχοι
1741 707 1826 733 Ilvati-

1027 765 1112 792 ματος
1139 757 1219 790 ἁγίου
1236 755 1377 790 γεγόνασι,
1390 754 1422 781 τὸ
1434 754 1522 790 δριμὺ
1539 753 1595 780 τῶν
1607 753 1700 780 πόνων
1715 754 1826 787 ἅπαντι.

1027 803 1148 838 νάμενοι.
1163 804 1195 830 Οῑ
1210 803 1265 838 γὰρ
1280 804 1310 830 ὲν
1331 802 1447 838 ἀμελείᾳ
1463 801 1509 828 καὶ
1518 800 1655 837 χαυνὼσει
1668 800 1826 836 ἐργαζόμε-

1027 859 1078 884 νοι,
1094 849 1211 877 κοπιῶσι
1231 850 1280 886 μὲν
1297 850 1418 882 ίσως,ὡς
1433 849 1554 882 δοκοῦσι,
1572 849 1658 876 πολλά
1669 856 1677 863 ·
1693 847 1827 874 οὐδέποτε

1024 898 1056 925 δὲ
1074 897 1180 932 ιιαρπδν
1206 897 1329 932 τρυγῶσι
1355 896 1399 923 διὰ
1412 895 1443 922 τὸ
1462 895 1572 928 ἄπονον,
1589 895 1630 926 είς
1643 894 1726 929 βάθος
1740 893 1826 921 ἂνάλ-

1029 953 1106 978 γητοι
1121 944 1209 976 ὄντες.
1225 944 1279 970 Καὶ
1296 943 1403 979 μάρτυς
1429 943 1443 968 ὁ
1457 943 1546 976 λέγων
1556 950 1564 958 ’
1591 942 1650 968 Κᾶν
1666 941 1760 972 πάσας
1777 942 1827 971 τὰς

1030 990 1167 1022 πολιτείας
1195 990 1274 1024 ἡμῶν
1299 989 1423 1024 μεγάλας
1450 988 1567 1023 ἔχωμεν,
1590 986 1639 1021 τὴν
1663 986 1692 1013 δὲ
1707 986 1828 1021 καρδίαν

1028 1036 1160 1063 ἆνώδυνον
1173 1036 1203 1062 οὐ
1217 1036 1388 1071 κεκτήμεθα,
1401 1034 1474 1061 νόθοι
1492 1031 1571 1061 αὗται
1597 1034 1645 1060 καὶ
1661 1032 1743 1059 ἕωλοι
1757 1032 1827 1058 καθ-

1029 1082 1190 1116 εστήκασιν.
1210 1081 1288 1112 Ἴσως
1309 1080 1332 1107 δ’
1349 1081 1394 1107 ὅτε
1410 1080 1457 1106 καὶ
1480 1079 1589 1110 ἀπόνως
1604 1077 1756 1109 ὁδεύοντες,
1775 1077 1829 1104 ὑπὸ

1029 1126 1144 1161 ἀκηδίας
1160 1127 1200 1157 είς
1224 1125 1433 1161 περισπασμοὺς
1448 1123 1648 1157 συνωθούμενοι
1665 1122 1731 1153 τοὺς
1757 1124 1830 1149 am-

1031 1173 1132 1207 φελεῖς,
1147 1172 1340 1207 σκοτιζόμεθα,
1355 1171 1499 1202 δοκοῦντες
1512 1171 1542 1196 ὲν
1553 1169 1660 1200 τούτοις
1674 1169 1770 1196 ἄνεσιν
1783 1169 1829 1195 ei).

1034 1220 1102 1255 ρεῖν.
1119 1220 1188 1254 ὅπερ
1203 1219 1253 1245 οὐκ
1267 1218 1351 1249 ἔστιν,
1367 1217 1436 1244 ἀλλὰ
1463 1216 1595 1254 κειρείαις
1618 1215 1732 1246 ἀλύτοις
1745 1215 1831 1249 ἀθρα-

1029 1274 1084 1298 τως
1097 1265 1287 1300 δεσμούμενοι.
1298 1266 1422 1299 ἀκίνητοι
1435 1265 1484 1290 καὶ
1505 1262 1687 1298 ἀνενέργητοι
1698 1262 1730 1288 ὲν
1746 1261 1832 1287 παντὶ

1030 1310 1103 1347 ἔργῳ
1114 1310 1257 1345 γινόμεθα,
1276 1309 1327 1344 τῆς
1343 1309 1509 1344 χαυνότητος
1535 1309 1563 1334 ὲν
1578 1307 1644 1342 ἡμῖν
1663 1306 1831 1341 πληθυνθεί-

1031 1363 1091 1388 σης,
1110 1355 1157 1381 καὶ
1175 1354 1294 1389 μάλιστα
1306 1353 1451 1389 ἁρχαρίοις
1468 1351 1538 1380 οὖσι.
1555 1353 1618 1384 Τοῖς
1632 1352 1687 1387 γὰρ
1702 1352 1829 1383 τελείοις,

1030 1402 1064 1427 τὰ
1080 1400 1168 1427 πάντα
1185 1401 1214 1426 ὲν
1225 1399 1318 1434 μέτρῳ
1329 1399 1468 1434 ὠφέλιμα.
1489 1398 1575 1425 Τοῦτο
1600 1400 1741 1434 μαρτυρεῖ
1756 1400 1806 1425 καὶ
1818 1400 1831 1424 ὁ

1033 1447 1120 1481 μέγας
1141 1446 1262 1481 Ἐφραὶμ
1273 1446 1371 1480 λέγων
1386 1445 1470 1472 Πόνον
1484 1445 1559 1472 πόνει
1568 1445 1764 1480 ἑμπόνως,ῐνα
1777 1446 1831 1472 δια-

197 1487 251 1508 tam
268 1482 291 1513 ³,
313 1488 393 1508 rencs
412 1481 496 1508 nostri
510 1481 639 1507 deﬁciant
653 1486 682 1507 et
696 1480 880 1508 tlissolVantur
891 1481 976 1515 jejuni

1031 1480 1135 1528 δράσῃς
1149 1480 1204 1519 τῶν
1228 1492 1352 1526 ματαίων
1368 1491 1458 1518 πόνων
1472 1492 1535 1522 τοὺς
1558 1491 1668 1521 πόνους.
1696 1491 1764 1517 Ἐὰν
1785 1492 1830 1525 μὴ.

197 1528 300 1560 labore,
316 1534 343 1554 et
367 1527 476 1553 dolores
500 1526 688 1561 concipiamus
714 1526 791 1560 quasi
808 1526 985 1560 parturientis

197 1575 281 1602 fctttm
297 1574 369 1601 lassa
385 1573 479 1600 cordis
500 1580 643 1607 compage,
668 1580 722 1600 tton
737 1572 906 1606 gesutbimus
929 1573 987 1607 spi-

197 1622 280 1648 ritum
296 1619 394 1647 salutis
411 1619 438 1646 in
456 1624 533 1646 utero
545 1620 647 1651 cordis,
663 1620 736 1646 sicut
758 1618 880 1650 audiisti,
896 1619 943 1646 sed
959 1619 986 1645 in

198 1673 323 1700 tempore
353 1670 471 1698 tantum,
503 1669 531 1692 et
550 1665 635 1692 sterili
661 1665 784 1697 deserto,
815 1670 843 1692 et
870 1665 938 1696 otio.
958 1669 987 1692 et

191 1712 300 1746 quiete,
318 1716 448 1746 putantes
478 1718 530 1738 nos
547 1717 609 1738 esse
627 1710 741 1745 aliquid,
767 1711 927 1745 gloriamur,
944 1711 989 1739 die

199 1765 264 1786 vero
275 1758 362 1786 exitus
375 1757 489 1785 indubia
509 1757 632 1785 fructum
654 1764 763 1785 onmem
792 1765 888 1785 omnes
903 1766 986 1792 agno-

193 1811 318 1833 iacemus.

223 1955 271 1982 ηδ.
302 1954 390 1982 Nemo
418 1959 537 1990 potesta
562 1955 653 1990 seipse
676 1955 807 1983 virtutum
837 1957 979 1985 scientiam

190 2000 309 2031 discere,
325 1999 388 2027 licet
407 2000 490 2035 aliqui
513 2000 683 2035 experientia
703 2006 831 2036 tanquam
850 2003 979 2038 magistra

192 2046 233 2073 ttsi
245 2046 320 2073 'sint'.
332 2046 399 2073 Nam
419 2054 432 2072 a
446 2047 536 2081 seipso
560 2047 619 2074 sine
634 2048 848 2082 praecedentium
866 2050 981 2077 consilio

187 2098 283 2126 agere,
300 2091 538 2125 praesumptionem
558 2091 641 2119 habet
655 2099 702 2120 seu
719 2093 809 2127 potius
826 2100 924 2128 parere
938 2102 982 2122 so-

192 2137 240 2165 let.
258 2137 287 2164 Si
304 2137 376 2164 enim
399 2146 408 2162 ι
429 2136 514 2164 Filius
534 2144 549 2164 a
568 2144 598 2165 se
611 2145 664 2165 non
676 2139 741 2166 facit
756 2139 919 2175 quidquam,
934 2142 981 2168 sed

1032 1538 1104 1565 κατὰ
1119 1538 1165 1564 τὸν
1181 1538 1337 1573 προφήτην,
1354 1537 1370 1571 ὴ
1395 1537 1481 1570 ὀσφὺς
1494 1535 1573 1571 ἡμῶν
1588 1535 1705 1571 ἐκλείπῃ
1717 1535 1775 1562 ἀπὸ
1791 1539 1833 1562 ὲπο

1031 1584 1138 1616 λύσεως
1158 1583 1198 1618 τῷ
1212 1583 1261 1617 τῆς
1273 1582 1401 1617 νηστείας
1431 1582 1519 1616 κόπῳ,
1537 1581 1586 1608 καὶ
1604 1581 1705 1613 ὠδῖνας
1734 1582 1832 1614 συλλη-

1033 1630 1147 1665 φθῶμεν
1163 1630 1201 1661 ὠς
1214 1629 1360 1663 τικτούσης
1378 1628 1498 1663 ἔμϐρυον
1518 1629 1551 1663 τῇ
1568 1627 1681 1663 ἀλγεινῇ
1694 1628 1748 1662 τῆς
1763 1636 1832 1662 sup—

1033 1676 1092 1706 δίας
1103 1675 1196 1710 πήξει,
1214 1674 1245 1701 οὗ
1264 1674 1301 1709 μὴ
1315 1673 1466 1709 κυήσωμεν
1480 1673 1590 1708 πνεῦμα
1612 1672 1756 1707 σωτηρίας
1776 1673 1834 1699 ἐπι-

1035 1722 1086 1757 γῆς
1111 1722 1161 1757 τῆς
1183 1721 1309 1756 καρδίας,
1339 1720 1436 1755 ὥσπερ
1464 1720 1595 1755 ἧκουσας,
1620 1719 1681 1746 ἀλλ’
1709 1720 1741 1746 ὲν
1778 1721 1831 1750 τοῖς

1034 1769 1141 1803 χρόνοις
1157 1767 1248 1802 μόνον,
1263 1767 1311 1794 καὶ
1324 1767 1358 1802 τῇ
1375 1767 1498 1801 ἁνονήτῳ
1512 1766 1620 1802 ἐρήμῳ,
1651 1765 1700 1792 καὶ
1717 1767 1753 1800 τῇ
1768 1775 1833 1800 χαυ-

1035 1814 1126 1846 νώσει,
1145 1815 1193 1841 καὶ
1208 1814 1308 1849 ἡσυχίᾳ
1319 1814 1438 1848 οἰόμενοι
1460 1810 1531 1840 εἷναί
1546 1821 1631 1844 τινες,
1649 1812 1830 1848 καυχώμεθα.

1042 1862 1085 1888 Ἐν
1107 1861 1134 1887 δὲ
1151 1861 1190 1896 τῷ
1214 1861 1305 1896 καιρῷ
1326 1861 1374 1896 τῆς
1406 1856 1497 1892 ἐξόδου
1522 1859 1722 1895 ἀναμφιϐόλως
1744 1860 1831 1887 πάντα

1034 1907 1140 1942 καρπὸν
1158 1907 1258 1938 πάντες
1274 1906 1497 1941 ὲπιγνωσόμεθα.

1069 1952 1110 1980 ιε’.
1127 1953 1183 1980 οὐκ
1196 1953 1254 1980 ἐστι
1268 1953 1296 1979 δὲ
1311 1953 1344 1980 δι’
1361 1953 1458 1980 ἑαυτοῦ
1467 1961 1510 1984 τις
1522 1952 1572 1988 τὴν
1586 1952 1642 1980 τῶν
1657 1953 1767 1988 ἀρετῶν
1780 1954 1834 1979 ἐπι-

1035 2000 1141 2035 στήμην
1161 1999 1269 2035 μαθεῖν,
1287 2001 1310 2027 εἰ
1324 2001 1370 2026 καί
1387 2008 1460 2032 τινες
1475 2000 1512 2031 ὡς
1527 1999 1683 2035 διδασκάλῳ
1695 2001 1731 2035 τῇ
1751 2001 1832 2034 πείρᾳ

1035 2046 1195 2081 ἐχρήσαντο.
1218 2045 1255 2073 Τὸ
1274 2047 1329 2082 γὰρ
1343 2047 1390 2081 ἀφ’
1407 2047 1516 2079 ἑαυτοῦ,
1533 2047 1580 2073 καὶ
1594 2047 1633 2081 μὴ
1641 2048 1676 2082 τῇ
1690 2047 1830 2081 συμϐουλῇ

1033 2092 1087 2118 τῶν
1099 2093 1311 2128 προωδευκότων
1324 2095 1420 2125 ποιεῖν,
1438 2094 1528 2128 οἴησιν
1541 2093 1598 2128 ἔχει
1609 2114 1616 2126 ,
1631 2094 1737 2128 μᾶλλον
1749 2094 1778 2120 δὲ
1794 2094 1831 2119 τί-

1036 2146 1110 2166 κτειν
1120 2138 1252 2173 πέφυκεν.
1267 2139 1298 2165 Εἰ
1307 2140 1362 2174 γὰρ
1373 2149 1382 2165 ι
1401 2140 1431 2165 '0
1442 2139 1505 2172 Υίὺς
1519 2139 1568 2174 ἀφ’
1581 2139 1682 2166 ἑαυτοῦ
1696 2137 1770 2166 ποιεῖ
1788 2140 1831 2166 96-

192 2190 369 2217 qumcumquc
397 2183 566 2210 demonstrat
593 2184 619 2211 ei
646 2183 738 2218 Pater,
771 2185 829 2214 haec
855 2187 980 2227 similiter

1036 2185 1090 2218 ὁὲν,
1123 2185 1191 2212 ἀλλὰ
1219 2186 1310 2217 καθὼς
1340 2186 1460 2218 ἐδίδαξεν
1486 2186 1568 2213 αὑτὸν
1589 2187 1604 2213 ὁ
1624 2186 1736 2222 Πατὴρ,
1763 2187 1830 2213 οὕτω

193 2230 258 2257 facit
276 2230 303 2262 *,
318 2239 326 2255 ι
339 2235 367 2257 et
375 2229 496 2265 Spiritus
512 2239 521 2256 ι
536 2238 588 2258 non
608 2231 730 2266 loquitur
746 2240 760 2260 a
778 2234 927 2269 semetipso
939 2235 959 2268 ³,
973 2245 981 2261 ι

194 2277 255 2310 quis
272 2281 314 2304 est
331 2277 374 2304 hic
392 2282 495 2304 tantum
509 2278 622 2312 adeptus
635 2278 744 2307 virtutis
755 2279 872 2314 apicem,
888 2285 917 2307 ut
931 2289 984 2309 non

195 2322 314 2357 indigeat
338 2323 392 2350 alio
420 2323 537 2358 quodam
565 2324 654 2358 ipsum
683 2325 984 2355 ducente?amcntiam

195 2368 287 2401 potius
303 2366 384 2402 qitam
412 2370 540 2398 virtutem
555 2369 657 2397 habere
671 2370 799 2402 videtur;
815 2375 841 2398 et
860 2372 982 2400 aberral.

196 2413 259 2441 Ideo
274 2414 390 2442 suadere
414 2418 522 2449 oportet
545 2416 695 2444 scientibus
723 2416 831 2444 labores
849 2419 981 2452 practice:

195 2461 315 2493 virtutis,
333 2465 362 2487 ut
381 2462 438 2488 haec
453 2466 589 2497 satagant,
619 2463 724 2491 scilicet
742 2463 876 2499 jejunium
894 2465 982 2492 fante-

197 2507 291 2540 licum,
318 2508 525 2542 temperantiam
541 2509 574 2536 ab
588 2510 663 2537 omni
687 2510 837 2544 voluptate,
862 2512 982 2547 vigiliam

197 2553 345 2584 assiduam,
361 2553 578 2587 genuﬂexiouem
595 2554 749 2586 molestam,
764 2555 927 2582 laboriosam
954 2556 982 2582 in

197 2598 296 2626 stando
313 2598 544 2632 intmobiliiatem,
566 2601 719 2627 orationem
737 2601 906 2633 continuam,
933 2601 984 2627 ltu-

198 2643 341 2672 militatem
357 2646 503 2678 sinceram,
524 2645 716 2672 contritioncm
739 2651 767 2673 et
787 2646 916 2681 gemitum
945 2647 985 2673 itt-

197 2690 382 2725 deiicientem,
397 2692 535 2720 silentium
551 2691 660 2727 sapiens
675 2697 702 2720 ct
727 2694 804 2728 quasi
818 2694 875 2721 sale
890 2694 986 2722 condi-

201 2741 268 2770 tum,
285 2743 366 2771 atque
389 2739 415 2765 in
437 2738 565 2766 omnibus
589 2739 757 2772 patientiam.
790 2739 883 2773 Neque
913 2742 984 2766 enim

237 2798 244 2812 '
262 2797 356 2834 Matth.
387 2807 450 2834 xw,
469 2800 511 2834 18,
532 2801 576 2834 Ξὸ,
605 2801 650 2827 ‘29.

719 2804 729 2818 ‘
748 2801 842 2828 Matth.
866 2809 902 2834 at,
932 2801 974 2828 1'2.

201 2837 254 2864 ιιι,
269 2833 312 2859 15.

1036 2232 1128 2264 ποιεῖ,
1150 2241 1159 2256 ι
1178 2232 1226 2258 καὶ
1240 2232 1270 2257 τὸ
1290 2231 1402 2266 Πνεῦμα
1414 2240 1420 2247 ·
1451 2233 1482 2258 οὑ
1503 2232 1558 2266 γὰρ
1573 2232 1687 2267 λαλήσει
1705 2234 1754 2267 ἀφ’
1769 2234 1830 2259 ἑαυ-

1034 2277 1100 2304 τοῦ·
1126 2277 1167 2309 τίς
1193 2278 1268 2304 ἐστιν
1291 2275 1368 2309 οὗτος
1386 2279 1400 2304 ὁ
1428 2279 1469 2309 είς
1494 2277 1623 2305 τοσοῦτον
1639 2279 1747 2314 ἀρετῆς
1769 2279 1831 2313 ὕψος

1036 2323 1189 2359 ἐληλακὼς,
1205 2324 1242 2354 ὡς
1261 2325 1297 2359 μὴ
1317 2324 1444 2358 δεόμενος
1462 2324 1557 2359 ἑτέρου
1577 2323 1651 2354 τινὸς
1671 2325 1722 2350 τοῦ
1750 2333 1831 2359 μυστ-

1035 2370 1209 2404 αγωγοῦντος
1218 2371 1299 2397 αὐτὸν
1313 2391 1320 2402 ,
1332 2371 1462 2397 ἀπόνοιαν
1483 2371 1582 2406 μᾶλλον
1599 2371 1615 2405 ἢ
1628 2371 1734 2407 ἀρετὴν
1749 2371 1831 2398 δοκῶν

1036 2415 1107 2450 ἔχειν
1120 2416 1275 2451 limi-mut;
1302 2417 1342 2442 διὸ
1359 2416 1501 2442 πείθεσθαι
1526 2417 1566 2443 δεῖ
1587 2418 1646 2448 τοῖς
1671 2417 1760 2444 εἰδόσι
1771 2417 1830 2446 τοῦς

1036 2461 1134 2493 πόνους
1158 2462 1208 2496 τῆς
1222 2464 1378 2498 πρακτικῆς
1392 2463 1504 2497 ἀρετῆς,
1534 2463 1582 2488 καὶ
1597 2462 1672 2489 οὕτω
1699 2463 1830 2498 μετέρχε-

1039 2507 1116 2533 σθαι·
1136 2507 1221 2542 ἦγουν
1238 2508 1366 2542 νηστείαν
1397 2508 1535 2539 ἐκπεινον,
1554 2508 1725 2542 ἐγκράτειαν
1740 2508 1830 2542 ἀνήδο-

1037 2562 1093 2586 νον,
1110 2554 1266 2589 ἀγρυπνίαν
1294 2554 1435 2589 ἐπίμονον,
1463 2553 1638 2587 γονυκλισίαν
1667 2554 1830 2589 ὲπίμοχθον,

1037 2602 1132 2629 στάσιν
1146 2601 1275 2628 ἐπίπονον
1289 2601 1437 2636 ἀκινήτως,
1454 2599 1610 2636 προσευχὴν
1634 2600 1770 2635 ἔμμονον,
1788 2609 1832 2626 τευ

1039 2648 1169 2676 πείνωσιν
1192 2647 1354 2678 ἀνόθευτον,
1387 2645 1572 2681 συντριμμὸν,
1603 2646 1653 2673 καὶ
1679 2646 1833 2679 στεναγμὸν

1046 2692 1194 2722 ἄπαυστον,
1219 2691 1325 2726 σιωπὴν
1349 2690 1469 2723 εὔλογον,
1487 2690 1535 2717 καὶ
1552 2689 1589 2722 ὡς
1603 2691 1633 2716 ἐν
1653 2691 1739 2718 ἅλατι
1754 2692 1836 2725 ἠρω-

1047 2741 1139 2772 μένην,
1157 2737 1204 2764 καὶ
1211 2737 1240 2762 ἐν
1256 2738 1338 2763 πᾶσιν
1353 2736 1504 2770 ὑπομονήν.
1520 2736 1558 2762 Οὺ
1573 2736 1631 2771 γὰρ
1649 2737 1708 2773 χρὴ
1724 2738 1836 2764 πάντοτε

1043 2799 1188 2829 'Naltum.
1216 2807 1247 2831 ll,
1275 2798 1317 2826 10.
1373 2798 1474 2827 ‘Joan.
1497 2807 1524 2834 ν,
1551 2801 1596 2833 19,
1613 2801 1662 2830 20.

1735 2806 1745 2821 ³
1758 2804 1833 2831 Joan.
