1947 3072
140 196 207 229 1337

660 199 707 230 PR
713 200 865 231 IECEPTA
888 200 938 230 AD
961 200 1243 233 HESYCHASTAS.

1698 200 1762 234 1338

139 264 214 286 κασι,
229 255 276 282 καὶ
300 256 315 281 ὀ
335 255 384 290 μὲν
402 255 502 289 ὀλίγον,
516 255 530 281 ό
547 255 575 282 δὲ
590 254 658 283 πολὺ
675 255 766 282 δέεται
779 255 846 291 πρὸς
878 257 921 283 σύ-

974 257 1031 285 bitu
1046 258 1205 293 requiritur.
1219 258 1344 286 Attamen
1367 258 1496 292 quistista
1512 266 1622 294 semper
1638 259 1765 286 esuriens

140 310 234 328 στασιν
262 301 310 336 τῆς
323 301 441 336 φυσικῆς
456 301 538 327 αὑτοῦ
557 301 708 336 δυνάμεως,
724 301 839 333 ἕκαστος
852 302 924 328 κατὰ

138 349 187 383 τὴν
203 347 318 383 δύναμιν
342 348 389 374 καὶ
416 349 465 382 τὴν
490 347 546 380 ἕξιν
569 348 786 384 ὲπαρκούμενος.
803 349 924 384 Ὅμωςὸ

138 394 292 429 ἡσυχάζων,
315 393 429 420 πάντοτε
447 393 540 427 ἐνδεὴς
551 393 654 427 ὀφείλει
669 391 749 425 εἶναι,
766 393 804 428 μὴ
828 402 923 428 κορεν--

138 439 261 474 νύμενος·
279 439 463 474 βαρυνομένου
493 439 546 474 γὰρ
576 438 624 465 τοῦ
648 439 796 474 στομάχου,
811 438 858 465 καὶ
874 437 922 465 τοῦ

137 486 195 517 νοὸς
209 484 371 516 θολωθέντος
387 485 432 511 διὰ
445 484 549 517 τούτου,
565 484 625 511 οὐδὲ
643 485 798 520 προσευχὴν
812 484 924 511 δύναται

137 531 225 565 λέγειν
242 531 389 566 κραταιῶς,
406 530 422 565 ἢ
440 530 579 565 καθαρῶς,
606 530 662 557 ἀλλ’
690 531 723 557 ἐκ
746 531 795 566 τῆς
821 530 922 557 ἀναθυ-

138 578 256 614 μιάσεως
269 575 323 603 τῶν
337 575 443 602 πολλῶν
459 575 611 611 βρωμάτων
622 575 660 610 τῷ
675 575 752 610 ὕπνῳ
766 575 922 611 καταφερό-

138 633 228 660 μενος,
242 623 408 659 κοιμηθῆναι
419 622 525 657 ταχέως
540 622 676 654 ἐπιποθεῖ,
693 622 724 654 ἐξ
734 618 765 649 οὗ
775 622 921 656 φαντασίαι

136 671 315 706 ἀναρίθμητοι
339 671 368 696 ὲν
382 669 422 705 τῷ
435 669 511 705 ὕπνῳ
536 668 714 696 ἐπιπίπτουσι
740 669 779 704 τῷ
794 669 843 695 νοΐ.
859 668 921 695 Τοι-

136 716 237 751 γαροῦν
250 716 288 750 τῷ
306 715 460 750 βουλομένῳ
485 715 624 750 σωτηρίας
646 715 749 749 τυχεῖν,
767 714 814 740 καὶ
826 713 918 749 βιαζοο

137 763 210 797 μένῳ
235 762 281 788 διὰ
307 761 352 788 τὸν
384 760 486 797 Κύριον
517 761 626 796 ἡσύχως
641 760 750 795 βιῶναι,
765 760 858 795 ἄρτου,
883 760 920 791 ὡς

134 809 223 844 οἶμαι,
238 808 317 843 λίτρα
332 808 421 834 ικανοί
446 807 533 842 αὐτῷ,
561 807 608 834 καὶ
636 807 742 838 ὕδατος,
765 807 813 832 καὶ
835 807 918 837 οῐνου,

134 854 204 882 κατὰ
213 854 263 889 τὴν
276 853 394 889 ἡμέραν,
407 853 481 887 τρία,
496 852 512 887 ῆ
527 853 649 888 τέσσαρα
662 853 790 888 ποτήρια,
804 852 852 878 καὶ
866 851 920 878 ἀπὺ

133 901 188 929 τῶν
216 899 431 935 παρατυχόντων
459 898 613 934 βρωμάτων
629 898 719 932 ὀλίγον
748 898 782 925 ὲκ
810 897 919 924 πάντων

135 947 204 974 κατὰ
215 946 311 980 καιρὸν
327 945 554 980 μεταλαμϐάνειν,
579 944 774 978 ἀπωθούμενον
788 944 837 977 τὴν
850 941 918 975 πλη-

135 991 246 1026 σμονὴν,
264 991 306 1017 ἵνα
326 991 377 1018 κάν
400 990 487 1026 τούτῳ
503 990 591 1025 σοφῶς
617 991 797 1025 χρησάμενος,
814 988 860 1014 τὸν
872 987 919 1014 τύ-

134 1047 182 1072 φον
196 1038 239 1064 διὰ.
256 1038 304 1072 τῆς
320 1039 352 1064 ὲκ
367 1038 475 1070 πάντων
495 1037 673 1073 μεταλήψεως
692 1036 822 1072 ἐκφυγεῖν
838 1035 917 1069 δυνή-

134 1092 224 1118 σηται,
253 1084 298 1110 καὶ
325 1084 360 1110 τὰ
383 1083 430 1110 τοῦ
447 1083 514 1110 Θεοῦ
543 1083 603 1110 λίαν
616 1083 687 1110 καλὰ
715 1084 855 1117 ποιήματα
879 1080 918 1115 μὴ

135 1128 296 1164 βδελύεοιτο,
309 1130 477 1165 εὐχαριστῶν
491 1130 564 1166 αὺτῷ
579 1130 649 1165 ὑπὲρ
661 1129 778 1156 πάντων·
791 1128 837 1154 καὶ
849 1126 917 1161 αὕτη

130 1179 185 1205 τῶν
198 1178 337 1214 φρονίμων
362 1179 379 1212 ὴ
408 1178 555 1213 διάκρισις.
572 1179 634 1210 Τοῖς
648 1178 676 1204 δὲ
690 1178 833 1205 ἀσθενοῦσι
849 1178 922 1205 κατὰ

132 1225 233 1256 πίστιν,
255 1224 304 1251 καὶ
322 1224 394 1250 κατὰ
406 1224 507 1260 ψυχὴν,
535 1225 552 1259 ὴ
578 1225 668 1259 ἀποχὴ
691 1224 771 1251 πλέον
788 1223 922 1260 συμφέρει

131 1271 186 1297 τῶν
201 1271 349 1306 ἐδωδίμων,
361 1268 402 1302 οἷς
414 1271 519 1305 λάχανα
533 1270 634 1298 ἐσθίειν
657 1270 801 1297 ἐκέλευσεν
815 1270 829 1295 ὁ
846 1269 923 1296 Ἀπό-

133 1317 236 1350 στόλος,
257 1317 301 1344 διὰ
323 1318 354 1344 τὺ
377 1318 414 1352 μὴ
431 1317 572 1344 πιστεύειν
586 1317 684 1347 αὐτοὺς
698 1317 731 1343 ὲκ
746 1316 815 1342 Θεοῦ
835 1315 921 1350 φυλαν

131 1363 239 1399 χθῆναι.
254 1363 286 1390 Τί
314 1363 342 1391 δέ
363 1372 403 1390 σοι
434 1363 515 1393 εἴπω,
527 1363 568 1389 ὅτι
585 1362 687 1389 κανόνα
715 1360 861 1396 ἐζήτησας,
874 1361 922 1388 καὶ

133 1409 216 1444 βάρος
240 1410 320 1441 πολὺ,
340 1409 429 1444 γέρων
454 1409 508 1441 tim;
539 1409 666 1442 νεώτεροι
691 1408 722 1434 οὐ
750 1407 876 1434 δύνανται
892 1408 923 1435 ὲν

134 1454 247 1490 σταθμῷ
262 1455 311 1481 καὶ
338 1455 440 1490 μέτρῳ,
459 1455 507 1480 καὶ
528 1454 586 1484 πῶς
605 1455 637 1481 σὺ
669 1453 817 1488 κρατήσεις
837 1453 921 1487 uino;

131 1501 187 1535 Τὴν
203 1500 362 1535 ἐλευθερίαν
390 1500 443 1534 γὰρ
468 1499 570 1535 πρέπει
587 1507 628 1525 σοι
651 1500 762 1534 κρατεῖν
783 1499 814 1525 ἐν
829 1491 922 1532 παντὶ,

131 1546 265 1573 acilio-nr
280 1546 304 1572 sl
323 1545 351 1572 δὲ
367 1546 493 1581 ἤττασαι,
517 1544 687 1581 μεταμελοῠ,
703 1545 750 1571 καὶ
767 1544 848 1572 πάλιν
863 1545 922 1571 ὲπι-

133 1592 271 1628 χείρησον,
288 1593 336 1619 καὶ
367 1591 405 1627 μὴ
428 1590 519 1627 παύσῃ
534 1591 606 1618 οὕτω
628 1590 713 1617 ποιῶν
735 1590 862 1621 πάντοτε,
879 1590 956 1634 ’πί-ε

133 1647 218 1672 πτων,
235 1638 282 1665 καὶ
310 1637 497 1673 ἐγειρόμενος,
521 1639 569 1664 καὶ
595 1637 770 1672 μεμφόμενος
781 1636 825 1662 ἀεὶ
841 1644 922 1662 σεαυ-

131 1686 188 1716 τὸν,
205 1685 252 1711 καὶ
267 1685 305 1720 μὴ
319 1684 409 1716 ἄλλον,
426 1685 474 1711 καὶ
497 1683 569 1716 ἔξεις
590 1683 755 1714 ἀνάπαυσιν,
773 1683 862 1718 σοφῶς
879 1683 923 1709 διὰ

133 1729 287 1764 πτωμάτων
303 1729 351 1764 τὴν
368 1729 447 1764 νίκην
462 1728 633 1763 ποιούμενος.
647 1728 718 1755 κατὰ
733 1727 782 1763 τὴν
798 1727 921 1763 Γραφήνι

133 1775 203 1810 πλὴν
228 1775 265 1810 μὴ
281 1775 454 1810 παραϐαίνῃς
473 1774 518 1801 τὸν
537 1775 599 1810 ὅρον
623 1774 652 1801 ὃν
674 1774 858 1810 προεθέμεθα,
874 1774 923 1800 καὶ

133 1821 214 1855 ἀρκεῖ
228 1827 279 1847 σοι’
296 1820 356 1846 οὐδὲ
371 1821 425 1855 γὰρ
443 1820 592 1854 ῥωννύουσι
612 1820 641 1847 τὸ
670 1820 750 1855 σῶμα
777 1821 806 1846 at
829 1820 922 1846 λοιπαὶ

134 1866 249 1901 βρώσεις
269 1866 406 1899 τοσοῦτον,
421 1866 484 1892 ὅσον
499 1866 515 1900 ἡ
529 1865 576 1892 τοῦ
590 1866 673 1899 ἄρτου
699 1866 745 1892 καὶ
760 1866 856 1896 ὓδατος
874 1873 922 1900 με·

131 1913 258 1949 τάληψις.
278 1913 328 1939 Διὰ
354 1913 433 1939 τοῦτο
458 1913 551 1947 ἔλεγεν
571 1913 585 1940 ὁ
610 1913 767 1948 Προφήτης,
789 1912 831 1939 Τὰ
854 1912 923 1939 ἄλλα

132 1960 172 1989 εὶς
197 1959 274 1985 οὐδὲν
291 1957 416 1993 θέμενος,
438 1958 478 1985 υἱὲ
502 1959 659 1994 ἀνθρώπου,
685 1957 799 1994 σταθμῷ
812 1958 857 1985 τὸν
871 1958 922 1993 ἀρ-

131 2013 178 2031 τον
201 2013 249 2031 σου
275 2004 394 2038 φάγεσαι
419 2005 466 2031 καὶ
495 2005 587 2040 μέτρῳ
612 2004 643 2030 τὸ
660 2003 732 2039 ὕδωρ
752 2012 800 2030 σου
818 2004 920 2030 πίεσαι·

131 2051 204 2085 τρεῖς
218 2051 272 2086 γὰρ
291 2050 370 2085 ὄρους
380 2050 437 2086 ἔχει
460 2051 476 2085 ἡ
494 2050 605 2085 βρῶσις,
622 2049 801 2085 ἐγκράτειαν,
819 2050 921 2085 αὐτάρ-

132 2106 221 2129 κειαν,
236 2098 283 2123 καὶ
301 2097 394 2132 κόρον.
414 2097 579 2132 Ἐγκράτειά
594 2098 652 2123 ἐστι
679 2096 709 2123 τὸ
725 2097 821 2132 πεινᾷν
836 2097 922 2122 ἑστια-

974 304 1054 331 debet
1065 311 1138 337 esse,
1155 311 1211 331 non
1228 308 1387 332 saturatos:
1403 308 1515 340 gravato
1531 305 1605 332 enim
1621 305 1763 332 stomacho

973 355 1000 377 et
1016 355 1106 377 mente
1120 351 1168 384 per
1186 350 1259 378 hunc
1277 351 1397 383 turbata,
1423 358 1477 378 non
1496 356 1586 386 potest
1609 350 1763 377 orationem

974 395 1065 423 dicere
1094 395 1205 424 fortiter
1228 403 1260 424 ac
1292 403 1371 431 pure,
1399 396 1447 424 sed
1466 397 1612 423 multorum
1636 395 1760 422 ciborum

973 441 1122 475 vaporibus
1139 441 1172 468 ad
1197 449 1322 469 somnum
1338 447 1444 477 raptus,
1472 443 1572 469 cubare
1596 442 1650 469 cito
1675 442 1760 475 cupit,

973 489 1044 515 unde
1074 487 1215 515 innumera
1237 488 1264 515 in
1289 495 1386 516 somno
1402 489 1591 523 phantasmata
1618 488 1702 516 menti
1719 488 1762 515 itt-

974 537 1087 568 gruunt.
1110 532 1183 567 Ergo
1195 534 1297 560 volenti
1314 534 1429 561 salutem
1444 534 1586 568 consequi,
1602 539 1628 561 et
1651 533 1760 561 conanti

972 582 1083 613 propter
1114 578 1258 606 Dominum
1284 580 1376 613 quiete
1401 581 1502 612 vivere,
1520 580 1611 615 panis,
1636 584 1666 606 ut
1683 584 1760 614 puto,

973 624 1042 651 libra
1056 623 1164 657 subicit,
1185 630 1212 652 et
1234 632 1313 659 aqua!
1340 632 1373 652 ac
1391 625 1446 652 vini
1466 626 1517 652 tria
1544 626 1583 652 vel
1600 631 1699 660 quator
1716 633 1763 659 po-

978 670 1050 702 cula,
1063 674 1092 697 et
1118 677 1151 697 ex
1176 670 1385 698 occurrentibus
1409 670 1479 698 cibis
1503 671 1629 698 omnibus
1646 678 1761 705 paucum

972 716 1125 748 desumere,
1153 716 1253 749 reiecta
1279 717 1367 750 copia,
1396 721 1425 743 ut
1441 717 1493 744 hoc
1516 725 1603 752 pauco
1621 718 1762 752 sapienter

972 766 1064 793 utens.
1099 762 1253 796 superbiam
1287 763 1421 790 sumendo
1446 770 1481 790 ex
1508 763 1633 790 omnibus
1668 763 1764 797 iugete

973 809 1068 842 possit,
1085 813 1114 835 et
1133 808 1316 842 pulcherrima
1331 808 1378 836 Dei
1409 817 1490 844 opera
1516 817 1569 836 non
1600 809 1761 841 abhorreat,

972 854 1073 888 gratias
1089 855 1113 881 ei
1130 862 1214 888 agens
1229 855 1264 882 de
1281 855 1426 883 omnibus:
1442 861 1467 882 et
1482 856 1534 883 hoc
1545 861 1587 883 est
1597 856 1761 890 sapientium

971 901 1115 936 judicium.
1131 901 1249 928 lniirmis
1265 907 1354 929 autem
1372 901 1425 929 ﬁde
1439 906 1467 930 et
1486 903 1576 929 attinta
1598 903 1684 937 magis
1698 910 1763 937 pro—

974 948 1033 975 dest
1048 948 1141 975 carnis
1155 947 1339 976 abstinentia:
1357 948 1455 983 quibus
1475 949 1609 983 tegumina
1633 949 1762 983 prtecepit

973 994 1129 1028 Apozstolus,
1150 994 1213 1028 quia
1230 1001 1283 1021 non
1300 993 1416 1021 credunt
1430 994 1480 1029 ipsi
1495 1002 1524 1021 se
1539 1002 1553 1020 a
1579 993 1635 1021 Deo
1649 1001 1763 1021 servan-

974 1041 1033 1068 dos.
1066 1039 1136 1073 Quid
1163 1047 1226 1068 vero
1252 1040 1299 1067 tibi
1332 1039 1419 1066 dicam
1463 1040 1594 1074 quaerenti
1626 1040 1761 1074 regulam,

975 1094 1058 1121 grave
1073 1087 1180 1122 pondus
1195 1086 1317 1114 seniori?
1331 1086 1360 1113 Id
1371 1086 1495 1121 iuniores
1510 1092 1563 1113 non
1584 1086 1719 1113 sustinent
1735 1086 1761 1113 itt

975 1138 1078 1165 statera
1094 1138 1120 1160 et
1137 1140 1276 1164 mensura,
1292 1137 1320 1159 et
1334 1133 1470 1167 quomodo
1486 1137 1513 1159 tu
1544 1132 1657 1160 suﬂ‘eres
1677 1131 1761 1158 illud?

972 1178 1137 1205 Libertatem
1169 1179 1216 1205 tibi
1251 1178 1404 1206 comedenti
1438 1179 1567 1206 convenit
1598 1185 1709 1206 servare
1734 1177 1763 1205 in

974 1225 1121 1257 omnibus;
1153 1225 1224 1259 quod
1251 1225 1274 1252 si
1306 1225 1436 1256 vincaris,
1465 1224 1605 1259 resipisee,
1624 1229 1651 1251 et
1675 1231 1762 1251 novos

974 1271 1072 1298 adhibe
1088 1271 1176 1302 nisus,
1195 1279 1244 1298 nec
1262 1271 1356 1298 desine
1371 1271 1410 1298 sic
1428 1270 1518 1298 facere
1533 1278 1651 1304 semper,
1667 1271 1762 1304 iapSus

973 1325 1125 1350 resurgere.
1153 1325 1184 1344 ac
1203 1322 1379 1344 contemnere
1394 1324 1502 1350 semper
1517 1321 1543 1343 ιο
1563 1317 1651 1351 ipsunt
1666 1336 1673 1348 ,
1706 1323 1763 1343 llOll

973 1369 1036 1389 vero
1052 1362 1146 1394 alium,
1171 1368 1197 1389 ct
1211 1363 1323 1389 habebis
1354 1362 1486 1397 requiem,
1519 1363 1656 1396 sapienter
1683 1369 1763 1388 casus
1791 1393 1794 1396 γ

973 1409 998 1435 in
1018 1408 1160 1435 victoriam
1176 1408 1383 1440 vertens,juxla
1406 1408 1586 1442 Scriptttrnm.
1617 1408 1657 1435 Ne
1675 1414 1763 1434 tamen

972 1454 1091 1480 excedas
1121 1460 1276 1480 mensuram
1301 1461 1382 1487 quam
1402 1458 1481 1480 antea
1508 1453 1763 1486 determinavimus,

972 1504 1000 1526 et
1016 1498 1115 1525 suilicit
1130 1498 1198 1525 tibi:
1226 1505 1316 1532 neque
1345 1498 1420 1525 enim
1448 1502 1553 1525 tantum
1584 1498 1764 1525 corroborant

972 1551 1071 1578 corpus
1104 1543 1157 1570 alia
1197 1543 1336 1574 alimenta,
1362 1549 1495 1577 quantum
1524 1543 1604 1578 panis
1631 1549 1659 1570 et
1685 1551 1764 1578 aqua:

972 1593 1102 1624 sumptio.
1138 1589 1283 1623 Propterea
1309 1589 1421 1616 dicebat
1456 1590 1599 1624 propheta,
1625 1589 1679 1616 alia
1714 1595 1764 1623 pro

972 1635 1058 1663 nihilo
1074 1641 1226 1670 reputans:
1249 1634 1294 1662 «in
1324 1635 1448 1670 pondere
1477 1643 1576 1670 panem
1608 1640 1685 1662 tuum
1708 1642 1764 1662 co—

972 1681 1076 1712 medes.
1104 1685 1131 1707 et
1142 1687 1240 1715 aquam
1267 1680 1294 1706 in
1310 1687 1437 1707 mensura
1453 1680 1529 1708 bibes
1547 1679 1566 1706 ¹.
1589 1688 1600 1705 ι
1613 1679 1681 1706 Nam
1697 1683 1756 1707 tres

971 1728 1054 1756 habet
1083 1727 1220 1754 nutrimen
1255 1725 1409 1754 terminos:
1457 1726 1677 1760 temperantiam,
1702 1724 1764 1752 fru-

973 1774 1113 1809 galitatem
1141 1778 1170 1801 et
1189 1773 1373 1801 saturitatem.
1391 1772 1420 1799 ln
1447 1772 1638 1807 temperantia,
1670 1776 1764 1807 pastus

972 1820 1061 1846 adhuc
1088 1819 1197 1850 esurit;
1231 1818 1259 1845 in
1279 1818 1445 1853 li'ugalitate,
1463 1824 1512 1844 nec
1527 1818 1615 1845 esurit
1634 1824 1685 1845 nec
1701 1824 1764 1852 gra-

972 1870 1070 1897 vatur;
1100 1865 1126 1891 itt
1157 1864 1312 1896 saturitate,
1338 1868 1468 1897 gravatur
1489 1862 1610 1897 paulum.
1631 1861 1686 1889 Sed
1701 1866 1765 1896 post

974 1912 1142 1940 saturitatem
1167 1911 1257 1937 adhuc
1281 1910 1435 1941 comedere,
1460 1913 1538 1943 porta
1555 1913 1597 1936 est
1623 1908 1762 1943 ingluvies:

972 1965 1021 1993 per
1049 1964 1130 1992 quam
1146 1957 1250 1984 luxuria
1270 1956 1429 1990 ingreditur.
1447 1954 1488 1982 Tu
1505 1963 1569 1982 vero
1588 1955 1656 1981 .htec
1673 1954 1758 1989 probe

973 2005 1075 2037 sciens,
1104 2010 1153 2038 pro
1182 2002 1286 2030 viribus
1322 2003 1376 2029 tuis
1406 2001 1502 2029 melius
1527 2002 1606 2036 elige,
1635 2008 1688 2028 non
1713 2008 1763 2028 ex-

977 2051 1078 2078 cedens
1092 2051 1212 2078 limites:
1242 2057 1304 2076 natu
1321 2048 1451 2084 perfectis
1477 2049 1608 2084 competit
1641 2048 1763 2083 Apostoli

976 2097 1062 2124 instar
1077 2096 1198 2129 tsatiari,
1216 2101 1244 2123 et
1255 2096 1371 2128 esurire,
1387 2101 1414 2122 et
1428 2096 1517 2122 omnia
1544 2102 1622 2128 posse
1633 2095 1671 2120 ’.ι

134 2145 215 2171 θέντα
229 2152 236 2159 ·
257 2144 411 2178 αὐτάρκεια
433 2145 472 2176 δὲ,
494 2146 524 2171 τδ
545 2146 614 2179 μήτε
637 2145 744 2180 πεινᾷν,
765 2146 834 2180 μήτε
855 2144 997 2179 βαρεῖσθαι
1011 2151 1018 2159 ·
1050 2143 1130 2178 κόρος
1146 2142 1186 2173 δὲ,
1203 2142 1233 2167 τὸ
1251 2141 1384 2175 βαρεῖσθα
1415 2141 1526 2175 μικρόν,
1540 2141 1576 2167 Τὸ
1590 2140 1620 2166 δὲ
1636 2140 1706 2172 μετά
1724 2141 1756 2165 τὸ

133 2192 300 2228 κορεσθῆναι
315 2193 399 2220 πάλιν
414 2192 526 2226 ἐσθίειν,
551 2192 622 2226 θύρα
645 2192 706 2218 ἐστὶ
738 2191 973 2226 γαστριμαργίας,
1002 2189 1034 2216 δι’
1051 2187 1085 2225 ἦς
1100 2190 1117 2222 ὴ
1131 2188 1245 2223 πορνεία
1258 2189 1424 2223 εἰσέρχεται.
1438 2187 1475 2214 Σὺ
1489 2187 1517 2213 δὲ
1529 2187 1615 2213 ταῦτα
1633 2187 1756 2221 ἀκριῦῶς

135 2238 335 2276 ἐπισταμένης,
350 2239 421 2265 κατὰ
441 2242 492 2273 τὴν
506 2239 556 2273 σὴν
571 2239 687 2273 δύναμιν
703 2238 735 2264 τὸ
754 2239 880 2272 κρεῖττον
892 2237 1026 2269 ἐπίλεξαι,
1043 2236 1082 2269 μὴ
1104 2235 1280 2271 ὑπερϐαίνων
1300 2235 1363 2264 τοὺς
1381 2234 1461 2268 ὄρους
1476 2241 1484 2249 ·
1501 2233 1556 2260 τῶν
1570 2232 1627 2267 γὰρ
1642 2232 1758 2259 τελείων

135 2287 198 2313 ἐστὶ
211 2288 258 2314 καὶ
272 2287 366 2320 τοῦτο,
381 2287 453 2314 κατὰ
464 2287 511 2313 τὸν
531 2286 707 2315 Ἀπόστολον,
725 2286 755 2312 τὺ
773 2286 881 2320 πεινᾷν,
895 2286 943 2311 καὶ
956 2282 1149 2318 χορτάζεσθαι,
1164 2283 1212 2309 καὶ
1224 2284 1254 2309 ὲν
1266 2282 1334 2308 πᾶσι
1347 2281 1478 2310 δυνατοὺς
1490 2278 1573 2307 εἶναι.

132 2342 202 2374 Περὶ
216 2331 345 2374 math”,
366 2341 401 2366 ἐν·
416 2337 440 2375 ᾧ
456 2340 504 2366 καὶ
519 2339 584 2372 περ)
603 2338 728 2365 πολλῶν
738 2338 921 2366 ὑποθέσεων.

169 2389 240 2423 Ὅρα
256 2387 283 2414 δὲ
300 2387 340 2414 ὃτι
358 2387 486 2422 βούλομαί
502 2394 530 2412 σε
546 2385 669 2420 ἀκριϐῶς
684 2384 783 2412 εἰδέναι
799 2384 924 2418 περὶτῆς

133 2434 250 2469 πλάνης,
276 2433 323 2460 τοῦ
353 2432 537 2468 φυλάττεσθαι
571 2432 601 2465 ἐξ
630 2432 739 2466 αὐτῆς,
768 2431 867 2466 μήπως
894 2431 924 2463 ἐξ

134 2480 245 2514 ἀγνοίας
272 2479 433 2514 φερόμενος,
455 2478 557 2513 βλαδῇς
585 2480 619 2505 τὰ
649 2479 776 2513 μέγιστα,
800 2477 847 2504 καὶ
875 2477 924 2511 τὴν

133 2526 221 2561 ψυχὴν
245 2525 394 2560 ἀπολέσῃς.
418 2524 491 2550 Ater
517 2524 635 2555 εὐκόλως
657 2524 743 2550 κλίνει
768 2525 799 2550 τὸ
827 2523 923 2555 αὐτεξ-

134 2572 228 2600 ούσιον
243 2571 289 2598 τοῦ
315 2571 463 2606 ἀνθρώπου
479 2570 546 2605 πρὸς
562 2571 702 2597 κοινωνίαν
717 2570 772 2596 τῶν
785 2570 922 2602 ἐναντίων,

136 2619 184 2649 καὶ
204 2619 322 2653 μάλιστα
351 2616 405 2643 τῶν
433 2615 564 2650 ἀπείρων,
585 2615 639 2641 τῶν
665 2616 870 2650 μετερχομένων
887 2615 925 2646 ὡς

137 2665 182 2691 ὑπ’
200 2664 299 2690 αὐτῶν·
312 2664 395 2697 ἐγγὺς
407 2663 461 2697 γὰρ
476 2662 576 2693 αὐτῶν,
591 2662 638 2688 καὶ
655 2661 746 2697 κύκλῳ
760 2663 784 2687 οἱ
799 2661 925 2696 δαίμονες

137 2711 191 2737 τῶν
213 2710 353 2745 ἁρχαρῐων
370 2710 415 2736 καὶ
435 2708 615 2744 ἰδιηρρὑθμων
644 2707 803 2741 πεφύκασι,
826 2708 925 2734 διατεί-

137 2765 229 2787 νοντες
244 2755 361 2790 παγίδας
389 2755 538 2789 λογισμῶν,
561 2754 606 2781 καὶ
626 2754 742 2784 λάκκους
759 2754 924 2788 πτωμάτων,

139 2801 184 2834 καὶ
200 2800 400 2835 φαντασμάτων
428 2799 545 2835 ιλεθρονσ
560 2801 576 2834 ἡ
603 2799 679 2830 πόλις
696 2799 750 2834 γὰρ
764 2799 853 2825 αὐτῶν
881 2799 926 2825 ὑπ’

516 2893 524 2907 ¹
543 2891 656 2926 ίῚιιίὶιψ.
678 2898 714 2923 tv,
735 2891 775 2920 12.
795 2892 836 2916 ίῦ.
865 2923 878 2937 χ

187 2897 297 2929 ’ίίενυίμ
320 2903 354 2927 n,
375 2894 413 2924 10,
436 2893 476 2921 Η,

1081 2331 1119 2359 De
1142 2338 1243 2363 errore,
1271 2330 1313 2357 ubi
1326 2334 1351 2356 et
1364 2332 1397 2357 de
1411 2329 1501 2356 multis
1525 2329 1655 2356 materiis.

1014 2386 1091 2415 Scito
1106 2394 1148 2414 tne
1162 2386 1232 2413 velle
1249 2385 1296 2413 tibi
1313 2384 1424 2420 penitus
1441 2385 1614 2412 innotescere
1629 2392 1762 2418 errorem,

973 2439 1001 2461 ut
1015 2439 1113 2460 caveas
1128 2432 1162 2458 ab
1175 2439 1218 2464 eo,
1237 2438 1287 2458 nec
1299 2431 1453 2466 ignorantia
1470 2431 1580 2464 ductus,
1610 2431 1762 2457 maximum

971 2479 1072 2507 subeas
1089 2480 1230 2510 damnum,
1246 2483 1273 2505 et
1306 2478 1423 2504 animam
1441 2478 1549 2513 perdas.
1584 2477 1651 2505 Nam
1685 2476 1765 2504 facile

977 2526 1127 2553 inclinatur
1141 2524 1257 2551 liberum
1296 2524 1415 2551 hominis
1434 2525 1579 2551 arbitriunt
1602 2524 1635 2550 ad
1666 2523 1763 2550 adver-

974 2571 1106 2599 sariorum
1124 2571 1294 2603 societatem,
1319 2578 1349 2596 ac
1362 2571 1511 2605 praesertim
1523 2569 1592 2604 apud
1608 2569 1764 2603 inexpertos

974 2621 1000 2644 et
1011 2617 1117 2650 seipsos
1128 2616 1230 2643 ducere
1242 2622 1442 2650 pra-sumentes
1453 2615 1507 2641 :eis
1517 2615 1649 2649 siquidetn
1656 2614 1764 2648 propio-

973 2671 1016 2690 res
1024 2663 1191 2690 novitiorunt
1200 2667 1227 2689 et
1236 2662 1313 2690 solita
1319 2664 1420 2689 riorum
1429 2663 1566 2688 tltemones
1575 2661 1763 2693 circumstant,

979 2710 1124 2737 tendentes
1155 2709 1351 2743 cogitationum
1375 2707 1487 2735 insidias
1510 2712 1537 2734 et
1560 2707 1671 2741 laqueos
1700 2714 1765 2741 pec-

973 2761 1111 2788 culorum,
1129 2760 1156 2781 et
1186 2755 1376 2789 phantasmata
1405 2754 1539 2781 exitiosa:
1570 2753 1666 2780 civitas
1690 2752 1763 2778 enim

975 2801 1080 2827 illorum
1095 2801 1145 2828 sub
1162 2805 1296 2836 potestate
1315 2801 1496 2829 barbarorum
1511 2803 1562 2830 est,
1591 2805 1641 2824 nec
1670 2795 1764 2824 mirari
