4096 6534
477 431 530 494 11
1160 431 1165 435 ’
1627 443 1881 504 CONST.
1924 436 2563 502 IlARMENOPULUS
3648 445 3705 517 12

472 552 626 605 tricis
666 552 833 605 Anna:
861 547 1253 620 Palteologiuae,
1299 550 1567 619 bujusque
1606 554 1724 616 lilii,
1768 552 1991 606 Joannis
2025 548 2308 618 Palmologi
2338 565 2466 602 anu.
2512 564 2541 602 a
2577 560 2761 604 creato
2814 552 3014 604 mundo
3042 551 3205 619 6853,
3254 554 3308 610 It.
3338 569 3386 608 e.
3422 572 3549 610 anu.
3575 557 3701 610 Chr.

474 638 634 703 1545,
688 650 743 693 et
794 648 1078 702 retractat,
1132 640 1362 691 aliorum
1402 639 1529 692 olim
1588 651 1810 694 secutus
1852 641 2108 700 rationes,
2170 639 2492 690 sententiam
2543 645 2700 690 antea
2751 638 2890 693 libro
2939 654 2968 691 ν
2998 638 3303 696 Comment.
3359 642 3412 695 iu
3454 644 3617 697 ludic.
3671 660 3701 709 ι,

476 741 527 792 p.
557 724 660 778 688
686 741 795 791 sq.,
827 734 881 777 et
938 725 1033 777 ’171
1068 724 1183 794 (sed
1224 741 1271 779 υ.
1318 726 1526 779 Kollar.
1563 728 1719 793 ibid.,
1757 744 1808 796 p.
1834 727 1960 795 555)
1989 714 2275 794 prolatam,
2308 728 2590 796 rejicitque
2617 729 2910 797 opiniones
2938 729 3146 783 Tlteod.
3175 732 3278 784 Ad.
3310 730 3701 800 Svallemberg.

472 808 565 879 (γ.
599 821 785 879 postea
812 809 881 864 ad
905 822 1040 864 sect.
1065 810 1131 879 I),
1162 810 1469 879 Marquardi
1498 810 1722 866 Freheri
1771 814 1822 865 iu
1860 813 2240 882 Gltronologia,
2283 814 2500 882 prmlixa
2521 813 2639 868 Juri
2662 814 2852 870 Graeco
2883 815 3151 876 Romano,
3184 833 3247 870 ac
3275 818 3496 889 Josephi
3525 823 3705 873 Marii:

471 896 711 950 Suaresii
749 898 802 950 in
837 895 1035 951 Notitia
1072 898 1428 951 Basilicarum
1460 899 1598 966 (19.),
1637 899 1728 966 qui
1768 907 1981 953 a-tatem
2014 898 2351 954 Constantini
2386 899 2644 955 Ilarmeu.
2682 903 2972 972 alligaruut
3000 918 3053 957 a.
3078 903 3141 958 C.
3179 906 3319 960 1115
3345 909 3510 974 (quos
3542 909 3702 960 etiam

470 995 685 1036 secutus
708 993 791 1037 est
826 983 987 1037 Burr.
1018 983 1281 1039 Cotthell‘.
1314 985 1506 1041 Struv.
1536 986 1588 1039 iu
1622 980 1861 1039 Historia
1901 987 2062 1055 juris,
2096 984 2230 1041 leuat
2261 987 2420 1051 1718,
2453 988 2582 1055 4.1).
2616 985 2712 1040 511
2742 1004 2807 1042 ac
2829 988 2995 1054 605):
3026 999 3188 1059 atque
3221 991 3340 1045 Jac.
3369 992 3704 1055 Gothofredi.
3744 996 3749 1001 '

469 1072 520 1123 in
560 1069 793 1123 Manuali
819 1071 959 1138 juris
988 1071 1068 1141 (p.
1102 1071 1191 1134 79,
1220 1073 1351 1126 edit.
1389 1072 1447 1125 11
1489 1072 1697 1128 Geuev.
1730 1073 1887 1136 1710,
1943 1073 2060 1139 12);
2098 1089 2160 1128 ac
2196 1074 2428 1141 Philippi
2466 1074 2666 1129 Labbei
2718 1075 2773 1128 in
2822 1075 3077 1130 Biblioth.
3110 1078 3419 1147 chronolog.
3460 1078 3567 1134 SS.
3607 1079 3717 1132 Ec?

470 1157 614 1220 clem,
645 1159 737 1226 qui
778 1156 922 1211 illius
950 1167 1165 1211 aetatem
1198 1159 1501 1213 retulerunt
1536 1159 1601 1211 ad
1637 1176 1765 1214 ann.
1796 1161 1926 1214 Chr.
1974 1161 2142 1225 115ος
2181 1161 2433 1215 Christl‘r.
2466 1177 2681 1231 quoque
2722 1162 3103 1219 Waechtlerus
3158 1165 3210 1219 in
3244 1164 3468 1235 Opusm,
3507 1183 3557 1234 p.
3589 1168 3708 1228 591.

470 1248 743 1313 vulgarem
776 1247 1105 1300 sententiam
1133 1247 1434 1316 amplexus,
1464 1247 1923 1316 llarmenopulum
1947 1249 2056 1317 jam
2087 1262 2212 1302 saec.
2243 1263 2316 1303 xu
2348 1249 2552 1304 vixisse
2576 1250 2881 1315 contendit,
2912 1250 3009 1306 sed
3041 1253 3162 1306 ideo
3195 1264 3417 1306 notatus
3439 1270 3469 1306 a
3495 1255 3709 1305 Trotz‘o

468 1332 519 1384 in
547 1332 755 1399 praefat.
798 1332 864 1385 ad
895 1331 1223 1387 Waeclttleri
1251 1333 1448 1402 Opusc.
1482 1349 1534 1402 p.
1584 1333 1653 1387 75
1690 1335 1913 1399 aliique.
1954 1333 2068 1388 Vid.
2103 1337 2168 1388 ad
2205 1337 2300 1389 lin.
2350 1337 2629 1405 sequentis
2678 1339 3002 1406 paragraphi
3034 1339 3180 1395 2.-
3208 1341 3405 1395 Contra
3445 1343 3510 1395 de
3556 1354 3714 1395 actate

469 1420 581 1487 t'jUs
612 1436 734 1473 cum
774 1419 1024 1474 Fabricio
1054 1420 1405 1474 consentiunt
1433 1419 1631 1476 Omlin.
1666 1422 1716 1473 in
1750 1421 2055 1474 Comment.
2083 1420 2150 1473 de
2179 1420 2276 1476 SS.
2315 1423 2518 1476 Ecclus.
2564 1435 2695 1479 tom.
2731 1423 2824 1486 111,
2857 1440 2909 1492 p.
2943 1426 3068 1490 921,
3095 1428 3161 1478 ad
3185 1443 3312 1480 ann.
3346 1428 3527 1491 1540;
3556 1429 3717 1483 Ham-

469 1508 663 1575 bergc‘r
693 1508 747 1560 in
785 1507 1094 1562 Zuverlt'iss.
1127 1507 1470 1570 Nacltricht.,
1501 1520 1541 1561 t.
1597 1506 1688 1570 IV,
1721 1524 1774 1577 p.
1809 1508 1913 1560 615
1959 1524 2079 1576 sq.;
2114 1507 2331 1573 Saxius,
2368 1510 2419 1561 in
2458 1510 2651 1562 Onam.
2695 1511 2803 1573 tit.,
2836 1522 2979 1579 part.
3012 1527 3072 1574 ιι,
3124 1529 3175 1579 p.
3212 1515 3318 1567 565
3348 1531 3457 1584 sq.,
3491 1518 3556 1569 ad
3588 1534 3711 1568 ann.

412 1632 417 1635 -
469 1596 630 1658 1515,
663 1596 754 1663 qui
786 1604 1046 1663 praeterea
1082 1595 1266 1662 plures
1300 1598 1447 1648 viros
1477 1596 1674 1648 doctos
1707 1596 1975 1662 praecipue
2011 1596 2305 1661 scriptores
2337 1595 2548 1651 Ilislor.
2572 1598 2718 1665 juris
2751 1600 2815 1651 de
2845 1614 2910 1653 co
2937 1599 3150 1665 laudat;
3189 1601 3450 1667 Sammet,
3487 1604 3539 1657 iu
3573 1603 3718 1673 Opu-

469 1683 655 1745 sculis,
682 1680 830 1747 Lips.
867 1682 1029 1745 1765,
1080 1682 1136 1745 4,
1180 1697 1235 1751 p.
1278 1682 1379 1741 '50;
1413 1711 1481 1719 —
1506 1679 1591 1734 Jo.
1620 1684 1756 1749 Aug.
1798 1680 2052 1747 Baebius,
2081 1683 2134 1734 in
2173 1682 2311 1735 Hist.
2337 1683 2639 1749 jttrisprud.
2671 1684 2852 1748 Rom.,
2891 1694 2948 1738 et
2972 1686 3128 1757 Aug,
3148 1688 3318 1744 Corn.
3356 1688 3712 1749 Stockmauu.

469 1772 523 1824 in
546 1768 671 1823 Not.
709 1768 775 1823 ad
810 1769 979 1829 illam,
1010 1783 1063 1836 p.
1088 1769 1194 1823 655
1223 1784 1305 1837 sq.
1345 1769 1432 1821 ed.
1460 1769 1696 1836 quintae;
1731 1767 1886 1820 Pohl.
1919 1771 1987 1820 ad
2030 1768 2254 1823 Suares.
2289 1771 2323 1823 Ι.
2363 1785 2412 1824 c.
2447 1786 2500 1838 p.
2532 1772 2619 1834 16,
2656 1775 2747 1840 qui
2784 1787 2905 1841 pag.
2942 1774 3008 1825 17
3056 1791 3179 1843 sqq.
3212 1777 3495 1831 editiones
3534 1793 3719 1831 receu~

469 1866 587 1921 set;
629 1869 685 1910 et
721 1856 851 1911 Car.
885 1854 1034 1910 Frid.
1076 1852 1375 1925 Zeperuick
1418 1857 1485 1909 ad
1524 1857 1755 1923 Caspar.
1791 1857 1988 1910 Ach-at.
2034 1854 2193 1909 Beck.
2236 1854 2309 1909 De
2341 1856 2578 1910 Novelli:
2611 1855 2799 1911 Leonis
2830 1860 3081 1928 Augusti,
3108 1873 3241 1927 etc.,
3280 1862 3425 1917 [labe
3466 1861 3625 1928 I779,
3656 1867 3717 1933 8,

470 1964 522 2087 ἓν.
554 1943 626 1997 22
651 1961 770 2016 sqq.
811 1946 949 1999 Add.
982 1958 1153 1999 meam
1187 1944 1513 2008 lntroduct.,
1540 1952 1673 2010 etc.,
1699 1943 1765 2007 ll,
1798 1952 1939 2013 part.
1972 1959 2009 2007 ι,
2043 1958 2098 2014 p.
2136 1943 2241 1998 559
2271 1958 2357 2013 sq.
2402 1954 2457 1999 et
2493 1943 2878 2015 Supplementa
2934 1948 3002 2001 ad
3054 1947 3225 2016 illam,
3271 1946 3340 2014 ll,
3366 1965 3485 2025 pag.
3532 1951 3595 2006 6|
3633 1969 3717 2023 sq.

498 2031 697 2087 ΒΑΜ.)
3599 2068 3605 2071 '

498 2031 697 2104 IlAuL.)
3599 2068 3605 2071 -

1474 2186 1813 2243 Constantini
1844 2186 2232 2259 Harmenopuli
2265 2190 2468 2255 scripta
2503 2189 2670 2244 edita.

543 2344 583 2388 I.
621 2332 952 2399 Ἐξάόιϐλος,
990 2331 1104 2385 sive
1134 2329 1434 2400 Πρόχειρον
1469 2333 1674 2398 νόμων,
1706 2325 2146 2395 Promptuarium
2169 2325 2307 2394 juris
2336 2324 2507 2378 civilis
2536 2325 2590 2377 in
2619 2337 2713 2378 sex
2734 2323 2923 2388 libros,
2949 2322 3137 2380 titulos
3184 2324 3422 2380 LXXXII
3451 2328 3717 2393 divisum,

468 2424 613 2492 quod
641 2432 745 2475 una
777 2435 899 2475 cum
942 2416 1138 2482 Ecloga
1184 2417 1358 2487 legant
1397 2415 1763 2486 georgicorum
1782 2430 1847 2467 ex
1903 2414 2051 2482 jure.
2081 2410 2450 2475 Justinianeo,
2482 2411 2672 2466 Graece
2711 2426 2843 2465 cura
2884 2410 3216 2467 Theodorici
3277 2416 3516 2471 Adamati
3555 2417 3719 2473 Sual-

469 2508 753 2576 lombergii
781 2509 961 2561 lucem
996 2508 1135 2560 vidit
1166 2506 1397 2559 Parisiis
1429 2504 1567 2572 apud
1594 2502 1970 2557 Christianum
2009 2498 2337 2553 Wechelum
2373 2498 2534 2565 1510,
2562 2498 2616 2561 4,
2645 2497 2835 2552 Latine
2862 2499 3027 2553 vertit
3056 2501 3118 2554 D.
3152 2499 3507 2559 Bernltardus
3538 2521 3568 2559 a
3602 2505 3720 2577 Rey

468 2595 662 2650 Colon.
703 2595 863 2659 1547,
888 2593 944 2660 8,
985 2595 1125 2662 apud
1153 2591 1447 2645 Martiunm
1479 2588 1824 2659 Cympicum,
1857 2598 1915 2642 et
1953 2603 2018 2641 ex
2068 2582 2305 2641 secanda
2358 2585 2739 2655 recognitione
2774 2586 2905 2640 ibid.
2936 2590 3078 2654 apud
3115 2588 3477 2646 Gualtherum
3518 2591 3721 2649 Fabri-

456 2684 612 2738 cium
640 2683 804 2747 1556,
834 2684 889 2737 8.
920 2682 1131 2736 Etcum
1166 2679 1483 2734 Euchiridio
1519 2694 1716 2732 usuum
1750 2677 2050 2730 feudalium
2082 2690 2186 2744 per
2219 2676 2568 2743 interpretem
2606 2674 2813 2740 addito,
2848 2675 3009 2737 1566,
3041 2677 3094 2730 8.
3136 2678 3464 2736 Aecuratius
3520 2684 3723 2739 deinde

471 2760 888 2840 et'elegantius,
932 2770 1135 2823 additis
1159 2768 1323 2822 etiam
1381 2764 1628 2819 scholiis.
1679 2763 1922 2818 Joannes
1976 2764 2280 2828 Mercerus,
2324 2779 2446 2816 cum
2495 2762 2821 2832 prtel‘atione
2851 2763 2919 2818 ad
2963 2763 3284 2821 Micbaclem
3326 2766 3723 2837 IIospitaIium,

472 2859 644 2926 Lugd.
672 2856 832 2920 1656,
873 2856 946 2923 4;
976 2866 1030 2910 et
1059 2856 1391 2917 Lausaunaa,
1422 2853 1564 2921 apud
1617 2849 1965 2904 Franciscum
1996 2849 2045 2903 le
2080 2849 2280 2914 Preux,
2311 2850 2511 2905 illustr.
2547 2852 2610 2904 D.
2644 2850 2999 2905 Bernensium
3020 2855 3415 2923 typographum
3460 2857 3620 2921 I580,
3656 2861 3713 2915 8.

472 2949 612 3003 lliuc
642 2948 835 3003 Graece
872 2957 929 3003 et
962 2946 1161 3001 Latine
1188 2961 1309 3000 cum
1336 2944 1564 2999 Merceri
1595 2942 1841 2999 versione
1871 2950 1925 2996 et
1973 2941 2215 3006 scholiis,
2263 2953 2320 2997 et
2361 2942 2635 3011 paratitlis
2686 2942 2925 3011 Dionysii
2977 2943 3295 3000 Gotbol'rcdi
3329 2957 3384 3001 et
3432 2954 3713 3005 variarum

472 3037 763 3091 lectionum
800 3034 981 3088 libello
1013 3049 1078 3087 ex
1110 3033 1297 3088 codice
1327 3046 1429 3087 ms.
1462 3029 1652 3086 Jacobi
1681 3030 1885 3095 Lectii;
1914 3040 1967 3083 et
2015 3027 2422 3082 nomenclatore
2447 3024 2761 3079 Grzeearunt
2802 3027 3098 3080 dictionum
3144 3026 3286 3094 juris
3316 3030 3382 3082 ad
3412 3031 3725 3087 Harmon"-

471 3123 677 3192 pulnm,
716 3123 923 3176 Ceuev.
971 3119 1135 3185 1587,
1184 3121 1239 3173 4η.
1294 3118 1661 3190 [Constantini
1711 3116 1937 3171 Selecta:
1980 3114 2371 3183 prteccptiones
2410 3114 2478 3166 de
2518 3112 2873 3183 agricultura,
2913 3111 3128 3175 Latine,
3186 3130 3285 3183 per
3330 3115 3454 3173 Jan.
3500 3119 3720 3176 Corua-

471 3214 631 3275 rium,
663 3211 825 3265 Basil.
852 3210 1017 3274 1558,
1045 3208 1098 3263 8.
1126 3206 1202 3278 (in
1227 3207 1348 3262 Cat.
1370 3207 1501 3261 bibl.
1528 3206 1785 3260 Leidens.
1813 3219 1938 3274 pag.
1983 3202 2132 3271 “2.)
2163 3201 2405 3256 Postluec
2426 3202 2623 3254 edituri
2649 3208 2805 3254 erant
2853 3199 3241 3267 Harmenopuli
3269 3200 3720 3277 Promptuarium

471 3297 642 3353 Henr.
704 3298 975 3360 Erustius,
1038 3297 1171 3348 Abr.
1234 3293 1689 3360 Ilaverkampius,
1733 3293 1835 3361 qui
1901 3290 2071 3344 edidit
2121 3289 2404 3357 Specimeu
2454 3288 2747 3356 juridicum
2805 3289 2871 3339 ad
2924 3288 3269 3343 Constantini
3327 3291 3727 3369 Ilarmeuop‘uli

473 3386 833 3455 Proruptnarii
866 3385 960 3446 lib,
996 3401 1056 3446 ιι,
1096 3384 1182 3436 tit.
1216 3384 1270 3444 ὁ,
1294 3381 1320 3452 §
1346 3382 1438 3445 51,
1477 3381 1648 3449 Lugd.
1688 3381 1877 3431 Batav.
1910 3377 2070 3442 1758,
2097 3386 2285 3447 postea
2325 3394 2354 3429 ιι
2399 3374 2566 3430 Gerb.
2598 3372 2873 3436 Oelriclts.
2907 3372 3060 3431 Thes.
3106 3377 3240 3432 diss.
3281 3379 3449 3442 iurid.
3494 3385 3608 3437 vol.
3654 3386 3727 3453 l.,

471 3490 602 3528 tom.
657 3473 748 3539 IIl,
802 3493 854 3543 p.
908 3473 997 3535 45,
1040 3473 1336 3534 insertum;
1387 3479 1442 3525 et
1511 3468 1642 3521 Dav.
1696 3464 1983 3519 ltulmken.
2038 3464 2142 3518 Sed
2200 3465 2394 3516 borum
2454 3472 2685 3515 conatus
2730 3459 2949 3514 fuerunt
3004 3463 3171 3516 irriti.
3219 3465 3341 3531 Quo
3390 3468 3538 3523 facto
3582 3471 3725 3526 Ger.

467 3559 801 3617 lleermaun.
861 3561 1130 3628 persuasit
1179 3558 1301 3612 Gul.
1354 3557 1539 3611 Ottou.
1599 3556 1829 3617 Rcitzio,
1875 3562 1932 3605 ut
1980 3566 2169 3605 curam
2218 3565 2369 3605 nova:
2409 3550 2673 3603 editionis
2724 3550 3051 3618 susciperet,
3078 3553 3261 3617 eique,
3292 3570 3512 3623 operam
3557 3575 3725 3614 suam

470 3656 537 3709 ad
576 3648 720 3708 hunc
779 3654 1017 3707 laborem
1046 3650 1447 3721 proﬂigandam,
1476 3648 1740 3719 pollicito,
1785 3644 2169 3716 suppeditavit,
2199 3651 2466 3713 quotquot
2494 3641 2609 3710 ipse
2640 3641 2936 3710 collegerat
2969 3643 3022 3697 in
3048 3642 3298 3703 Graecum
3329 3649 3730 3736 interpretem.

470 3737 712 3803 suIiSidia
734 3756 850 3800 tum
875 3746 1033 3801 codd.
1066 3761 1204 3799 mss.
1257 3753 1369 3796 tum
1401 3742 1777 3805 collationum,
1803 3748 1915 3794 tum
1948 3736 2501 3795 animadversionum,
2528 3735 2597 3789 ab
2620 3735 2851 3792 eruditis
2878 3737 3009 3791 viris
3033 3737 3425 3806 profecturum.
3457 3741 3690 3801 Reitziu
3716 3768 3730 3799 ς

470 3839 634 3907 igitur
664 3839 875 3897 duobus
902 3837 1062 3889 codd.
1095 3831 1251 3887 MSS.
1277 3832 1516 3902 aliisque
1545 3830 1805 3886 subsidiis
1827 3814 1958 3883 usus
1987 3836 2191 3880 textum
2214 3822 2392 3877 Graec.
2426 3823 2667 3877 restituit
2701 3832 2865 3893 atque
2893 3827 3230 3897 emendavit,
3262 3840 3456 3882 novam
3483 3844 3733 3903 eamque

470 3924 865 3994 elegantiorem
904 3923 1214 3975 versionem
1250 3918 1488 3975 confecit
1520 3927 1575 3973 et
1608 3917 2075 3972 nomenclatorem
2106 3910 2356 3966 Graecum
2397 3908 2715 3965 Cothol‘redi
2757 3912 2989 3966 editioni
3041 3913 3312 3982 adjectum
3361 3917 3536 3972 auxit.
3576 3920 3732 3985 Quia

474 4028 602 4067 vero
635 4011 883 4065 ileitzius
919 4026 1043 4063 cum
1087 4010 1178 4063 vix
1223 4010 1289 4063 ad
1345 4009 1505 4061 linem
1547 4020 1685 4075 opus
1714 4001 2081 4073 perduxisset,
2109 4007 2164 4052 et
2193 3996 2499 4066 pml‘ationi
2532 3996 2777 4052 ultimam
2809 3999 3149 4055 admovisset
3195 4018 3435 4069 manum,
3471 4006 3734 4066 animant

467 4099 670 4155 elllavit
707 4115 720 4151 :
747 4099 869 4168 ejus
891 4098 1060 4161 ﬁlius,
1096 4098 1328 4152 Carolus
1360 4095 1670 4171 Conradus,
1700 4109 1728 4145 a
1751 4090 2102 4144 Meermauno
2138 4094 2380 4154 rogatus,
2414 4084 2715 4138 secundum
2744 4087 2980 4141 scbedas
3004 4097 3263 4156 paternas
3289 4104 3428 4158 opus
3451 4095 3732 4164 absolvit,

467 4188 611 4254 quod
639 4196 760 4255 post
800 4195 1033 4240 mortem
1065 4186 1194 4240 Ger.
1223 4182 1556 4239 Meertnauui
1598 4180 1819 4235 tandem
1863 4174 2026 4240 hujus
2051 4174 2197 4227 tilias
2227 4172 2312 4227 Jo.
2346 4173 2408 4228 L.
2442 4173 2503 4227 Β.
2533 4171 2603 4227 de
2640 4173 2952 4228 Meermaun
2985 4176 3159 4229 edidit
3189 4176 3569 4247 Supplementa
3594 4189 3738 4242 noui

468 4277 706 4329 thesauri
736 4275 907 4328 civilis
931 4284 976 4326 et
1005 4275 1272 4337 canonici,
1312 4270 1479 4341 Hagte
1520 4268 1820 4330 Comitum,
1850 4265 1990 4319 I780
2031 4263 2130 4317 fol.
2165 4262 2286 4315 init.
2325 4275 2448 4315 cum
2487 4260 2845 4329 inscriptione
2872 4277 2891 4316 :
2930 4260 3273 4319 Constantini
3336 4267 3744 4337 Harmenopuli
3796 4323 3805 4330 ,

474 4366 726 4421 Manuale
759 4368 954 4439 legum,
981 4370 1101 4421 item
1128 4367 1262 4436 leges
1295 4366 1524 4434 agraria:
1547 4374 1613 4417 ea:
1648 4361 1811 4414 variis
1834 4356 1988 4412 codd.
2014 4354 2309 4410 emendavit
2335 4364 2493 4421 atque
2513 4354 2668 4407 auxit
2691 4370 2710 4419 ;
2740 4369 2873 4407 nova
2909 4356 3146 4410 versione
3171 4355 3368 4412 Latina
3393 4363 3694 4417 adornavit
3718 4384 3739 4430 ,-

469 4464 726 4520 notasque
760 4465 807 4507 et
861 4455 1146 4509 observan.
1172 4452 1527 4519 complurium
1561 4449 1922 4508 eruditorum,
1959 4455 2065 4496 tam
2097 4444 2270 4495 editas
2294 4440 2387 4512 (ιι.
2415 4439 2578 4495 Bern;
2613 4454 2642 4494 δ
2676 4439 2815 4510 Bey,
2842 4441 2925 4497 Jo.
2959 4443 3208 4499 Mercerii
3233 4454 3288 4498 et
3320 4447 3478 4502 Dion.
3509 4448 3744 4507 Gotho-

469 4540 651 4610 frcdi).
685 4559 843 4610 quant
871 4544 1124 4606 ineditas,
1160 4552 1213 4593 ut
1248 4549 1299 4593 et
1342 4554 1493 4601 suas,
1534 4535 1754 4605 adjecit,
1793 4549 1884 4588 nec
1924 4547 2028 4585 non
2056 4527 2110 4583 1.
2142 4527 2209 4585 G.
2233 4526 2468 4583 Santmet
2501 4526 2801 4583 Diatribant
2837 4532 2906 4585 de
2953 4530 3232 4600 Hypobolo
3269 4535 3542 4602 ubjunzit
3580 4536 3734 4596 Gul.

440 4629 584 4684 ‘Otto
611 4630 865 4686 licinius.
901 4628 1094 4686 Τυχιηὶ
1135 4628 1241 4684 Gr.
1271 4643 1299 4680 a
1324 4642 1447 4695 ring.
1479 4627 1503 4678 1
1540 4623 1775 4693 subjecit
1808 4623 2098 4676 lectionum
2131 4620 2473 4683 varietatem,
2504 4618 2715 4673 scholia
2772 4629 2955 4673 vetera
3001 4630 3168 4689 atque
3220 4622 3559 4677 eruditorum
3593 4634 3734 4683 ani-

469 4719 910 4784 utadversioues;
946 4719 998 4770 iu
1041 4717 1373 4770 Praefatione
1401 4723 1585 4765 autem
1631 4711 1860 4766 uberius
1910 4716 2160 4762 recenset
2188 4706 2459 4770 subsidia,
2489 4707 2686 4779 quibus
2719 4709 2787 4761 ad
2828 4710 3231 4763 emendandum
3275 4725 3430 4780 teque
3476 4726 3540 4765 ac
3589 4714 3747 4769 iliu-

470 4806 753 4861 3trauduut
786 4805 1035 4859 Manuale
1071 4820 1202 4858 usus
1239 4811 1346 4857 est.
1392 4799 1467 4852 Ea
1500 4811 1683 4853 autem
1734 4797 1953 4850 fuerunt
1985 4797 2091 4849 duo
2114 4793 2275 4849 codd.
2326 4792 2780 4859 Meermauuiaui.
2830 4797 3068 4855 ineditus
3109 4808 3471 4853 commentor.
3517 4801 3741 4860 Emau.

465 4893 666 4947 Soarez
702 4907 731 4946 a
764 4892 1024 4959 Ribeira;
1056 4894 1206 4945 obss.
1247 4899 1301 4942 et
1348 4888 1670 4941 coll-stiones
1702 4887 1770 4938 ad
1800 4885 1962 4937 codd.
2007 4883 2289 4936 anecdota:
2343 4882 2409 4935 Α.
2459 4880 2650 4947 Penae,
2686 4884 2816 4937 Ant.
2843 4883 3049 4947 Coutii,
3100 4885 3271 4969 Cerh.
3303 4882 3740 4957 Falkeubnrgii,

464 4979 574 5034 Jas.
611 4978 843 5045 Cujacii,
889 4976 1003 5032 Jos.
1045 4976 1329 5045 Scaligeri,
1364 4975 1555 5028 Claud.
1607 4972 1882 5033 Salmasii,
1915 4970 2049 5025 ΑΜ.
2085 4969 2469 5040 Ilaverkampii
2528 4980 2586 5025 et
2632 4969 2719 5027 Jo.
2767 4971 2904 5025 Dan.
2956 4973 3174 5037 liittct‘i,
3204 4986 3435 5042 quorum
3488 4977 3748 5035 ttllitttns

470 5074 733 5128 lectiones
770 5088 919 5128 varr.
961 5085 1015 5129 et
1040 5074 1153 5126 loca
1199 5073 1436 5125 Ictortttn
1483 5067 1776 5136 exscripsit
1806 5082 1874 5122 ex
1925 5065 2326 5136 Harmenopulo
2355 5066 2585 5135 Cujacii,
2639 5083 2800 5137 quem
2855 5080 3042 5123 servat
3080 5069 3411 5124 bibliotheca
3460 5068 3732 5127 senatus

461 5161 783 5230 Lipsiensis,
814 5161 997 5229 iisque
1033 5176 1164 5213 suas
1208 5160 1417 5213 addidit
1445 5160 1743 5212 observatt.
1776 5171 1898 5225 pag.
1937 5171 2010 5217 vt,
2036 5153 2250 5207 Pra'l'at.
2289 5170 2354 5208 ex
2400 5157 2523 5207 cod.
2569 5154 2905 5209 Meertuann.
2948 5153 3159 5226 integro
3215 5170 3373 5212 vetus
3408 5158 3746 5230 Πρόχειρον

461 5250 627 5319 νόμον
657 5249 710 5302 ἰιι
741 5247 812 5301 40
856 5247 1117 5300 tributum
1162 5246 1349 5300 titulos
1388 5246 1728 5309 continente,
1765 5244 1967 5304 locum,
2003 5242 2069 5295 ad

2135 5243 2332 5295 uitium
2369 5242 2727 5311 Προθεωρίας
2759 5243 3098 5312 IIarIueuup.
3137 5242 3165 5315 §
3197 5244 3287 5309 18,
3322 5245 3744 5315 pertinentem,

464 5353 584 5391 cum
623 5337 801 5389 tabula
834 5334 1137 5399 titulorum,
1163 5330 1269 5386 Gr.
1289 5342 1342 5387 et
1370 5333 1492 5387 Lat.
1524 5347 1647 5386 cum
1683 5329 2019 5393 Vavassoris,
2047 5330 2182 5384 illud
2213 5330 2436 5393 edituri,
2470 5331 2696 5398 suisque
2732 5332 2875 5385 netis
2906 5332 3157 5398 inseruit,
3189 5342 3246 5386 et
3288 5348 3409 5402 pag.
3445 5344 3496 5385 Ix
3528 5336 3705 5390 anim
3726 5371 3747 5381 -

461 5423 690 5488 adverit,
750 5425 851 5475 hoc
898 5418 1201 5489 Πρὸχειρον
1232 5435 1339 5474 non
1375 5420 1521 5472 aliud
1568 5434 1708 5483 esse,
1742 5432 1804 5473 ac
1825 5417 1985 5486 cujus
2016 5419 2203 5474 titulos
2228 5417 2275 5473 J.
2304 5419 2370 5471 Η.
2400 5420 2578 5485 Majus
2612 5421 2663 5473 in
2686 5418 2822 5473 Bibl.
2854 5417 3307 5488 UITenbucltiaua,
3339 5437 3394 5490 p.
3427 5436 3465 5483 ι.
3500 5438 3554 5490 p.
3579 5421 3747 5492 522,

459 5512 730 5573 exhibuit,
756 5511 811 5564 in
834 5509 1169 5579 quibusdam
1198 5519 1380 5562 tamen
1413 5505 1670 5573 dill‘erre;
1701 5517 1811 5561 tum
1840 5521 1963 5575 pag.
1996 5521 2089 5558 xui
2116 5522 2241 5575 sqq.-
2272 5520 2596 5576 repetuutur
2619 5508 2964 5577 superiorum
3004 5509 3301 5563 editionum
3328 5508 3749 5571 Dedicationes

458 5612 520 5649 uc
552 5594 928 5649 Praefationes.
957 5594 1220 5659 Sautmeti
1252 5595 1528 5649 Diatribeu
1561 5594 1859 5662 excipiunt,
1886 5608 1939 5662 p.
1984 5592 2088 5647 586
2125 5609 2243 5663 sqq.
2270 5584 2418 5663 'leges
2449 5598 2705 5661 agrariaz,
2731 5608 2797 5647 ex
2825 5604 3064 5669 quatuor
3095 5596 3263 5649 codd.
3302 5594 3753 5654 Meermauuia-

462 5682 544 5733 nis
579 5681 899 5745 emendatae,
932 5680 1027 5736 Gr.
1058 5692 1114 5736 et
1149 5679 1268 5735 Lat.
1298 5696 1423 5735 cum
1458 5682 1600 5735 notis
1655 5679 1850 5734 Reitzii
1899 5690 1953 5733 et
1992 5680 2245 5734 aliorum.
2298 5682 2373 5734 Ex
2405 5681 2590 5734 indice
2637 5681 2923 5734 nominum
2957 5682 3308 5750 propriorum
3356 5681 3423 5737 de
3459 5682 3749 5750 Magistri

527 5852 639 5925 (12)
690 5851 751 5910 V.
786 5868 909 5926 pag.
950 5856 1015 5911 16
1045 5859 1129 5911 ed.
1176 5857 1327 5912 Pohl.
1373 5857 1462 5926 qui
1499 5857 1551 5909 in
1600 5865 1709 5909 not.
1763 5857 1914 5928 plura
1964 5864 2016 5909 et
2057 5854 2287 5909 certiora
2324 5856 2388 5907 de
2427 5855 2614 5909 Const.
2652 5852 2909 5908 Ilarmen.
2940 5856 3183 5925 scripsit.
