4096 6496
471 407 547 474 93

1653 420 1909 481 CONST.
1948 420 2014 480 ΙΙ⁴

2120 421 2513 488 MENOPULI
3640 396 3747 503 2t,

474 530 576 585 llic
625 530 835 605 integra
884 531 1235 591 distinctione
1273 538 1465 606 posita.
1504 553 1720 594 versum
1756 539 1922 594 alium
1959 542 2011 595 in

2158 541 2421 598 Ἐνταῦθα
2452 545 2753 613 στίξαντες,
2788 547 2889 601 ἀπ’
2917 548 3085 619 ἄλλης
3118 549 3295 620 ἀρχῆς
3329 544 3498 613 αὗθις,
3521 551 3710 619 ἀναγι-

469 625 758 689 choantes,
798 641 1013 683 rursum
1046 628 1232 697 legunt
1262 650 1274 685 :
1309 649 1327 679 σ
1358 629 1412 685 ld
1441 645 1510 685 ne
1542 632 1844 688 miremini.
1877 652 1899 685 ι

543 716 597 770 7.
628 715 937 773 Nestoriani
967 719 1222 776 dicebant
1275 721 1551 777 Christum
1585 724 1788 779 habere
1825 735 2042 795 propter

469 813 726 869 virtutem
777 815 1209 884 inseparabiliter
1254 818 1358 873 sibi
1389 818 1733 883 coniunctum
1781 815 1875 873 Dei
1911 818 2041 873 Ser-

471 920 722 960 monem:
757 906 826 961 ita
851 907 1092 977 quidem,
1124 919 1186 964 ut
1219 909 1272 963 in
1301 924 1367 965 eo
1395 909 1518 965 Filii
1550 917 1657 965 duo
1682 911 2039 967 consideren-

390 1064 391 1067 η
469 1003 596 1062 tur;
642 1011 780 1053 unus
837 997 955 1067 Dei,
1006 998 1244 1071 Virginis
1297 1002 1454 1057 alter.
1510 1002 1698 1073 anue
1753 1003 1820 1057 de
1878 1018 2039 1058 causa

469 1086 886 1157 Christiparam,
940 1106 1049 1147 non
1112 1090 1397 1162 Deiparam
1452 1095 1679 1149 vocabat
1729 1109 1873 1159 eam,
1920 1110 2040 1162 qua:

468 1194 662 1251 reapse
710 1183 938 1259 Deipara
984 1193 1090 1241 est.
1135 1183 1334 1240 Verum
1371 1195 1425 1241 et
1452 1186 1506 1241 hi
1546 1202 1668 1242 cum
1699 1186 1769 1241 de
1791 1187 2037 1259 pluribus

464 1274 586 1329 aliis
615 1272 783 1332 dictis
823 1256 1218 1347 coarguuntur,
1247 1287 1362 1333 tum
1393 1281 1461 1335 de
1490 1278 1601 1346 illo,
1633 1297 1652 1331 ι
1683 1256 1875 1335 Sermo
1905 1294 2037 1335 caro

462 1372 640 1422 tactus
668 1375 775 1424 est.
812 1387 832 1420 ι
1527 1421 1536 1430 .

539 1458 596 1513 8.
627 1458 804 1529 Sergii
830 1458 1135 1530 Pyrrhique
1150 1461 1447 1533 complicos
1486 1477 1650 1517 unam
1678 1463 2031 1526 voluntatem,

465 1558 519 1605 et
550 1566 712 1605 unam
743 1551 1014 1612 actionem
1047 1553 1100 1608 in
1127 1553 1370 1620 Christo,
1400 1553 1492 1623 qui
1532 1554 1742 1610 duabus
1771 1568 1837 1610 ex
1880 1557 2035 1607 natu-

2146 632 2416 688 νώσκουσι
2436 652 2455 677 π
2474 638 2565 706 Μὴ
2601 638 2908 709 θαυμάζετε
2937 641 3115 695 τοῦτο.

2213 725 2280 788 ζ’.
2312 728 2373 781 Oi
2396 730 2525 799 περὶ
2544 730 2636 785 τδν
2661 733 2974 803 Νεστόριον,
3005 735 3096 789 τὸν
3118 734 3352 805 Χριστὸν
3375 737 3562 805 ἔλεγον
3590 754 3710 791 συν⁴

2143 819 2391 887 ημμένον
2412 822 2796 887 άδιασπάστως
2823 826 3002 896 ἑαυτῷ
3034 828 3125 881 τὸν
3150 828 3246 881 τοῦ
3275 828 3413 881 Θεοῦ
3444 829 3617 895 Λόγον
3644 828 3710 882 δι’

2141 908 2347 981 ἀρετὴν
2361 909 2528 981 ἔχειν,
2560 912 2635 976 ὡς
2660 914 2757 967 δύο
2778 915 2943 979 Υιοὺς
2969 917 3029 969 έν
3057 916 3209 986 αὐτῷ
3236 916 3583 988 θεωρεῖσθαι,
3609 919 3706 973 ἕνα

2139 995 2233 1049 τὸν
2269 997 2365 1051 τοῦ
2397 998 2571 1064 Θεοῦ,
2607 1002 2702 1055 καὶ
2740 1002 2838 1057 ἕνα
2875 1005 2968 1058 τὸν
2998 1007 3099 1073 τῆς
3143 1006 3450 1076 Παρθένου.
3486 1007 3598 1061 Καὶ
3622 1007 3708 1059 διὰ

2141 1088 2300 1142 τοῦτο
2332 1092 2426 1145 καὶ
2456 1093 2500 1145 Χ
2510 1097 2842 1163 ριστοτόκον,
2878 1095 2994 1151 ἀλλ’
3024 1098 3086 1151 οὐ
3113 1098 3382 1154 Θεοτόκον
3414 1099 3512 1171 τὴν
3539 1100 3709 1161 ὄντως

2139 1178 2293 1249 ἔλεγε
2324 1184 2607 1240 Θεοτόκον.
2663 1187 3011 1259 Ἐλέγχονται
3044 1190 3102 1245 δὲ
3133 1190 3228 1244 καὶ
3258 1191 3413 1244 αὐτοὶ
3444 1192 3503 1255 ἐξ
3529 1191 3710 1247 ἄλλων

2138 1288 2197 1325 τε
2229 1274 2461 1337 πολλῶν,
2491 1277 2587 1331 καὶ
2616 1282 2679 1332 ἐκ
2703 1280 2796 1334 τοῦ
2836 1299 2855 1333 t
2890 1281 2953 1335 Ὀ
2978 1283 3152 1351 Λόγος
3183 1283 3322 1353 σὰρξ
3348 1284 3585 1352 ἐγένετο.
3629 1301 3647 1335 ι

2208 1456 2277 1519 η’.
2307 1452 2369 1506 οε
2393 1457 2523 1524 περὶ
2542 1456 2767 1526 Σέργιον
2811 1460 2903 1513 καὶ
2925 1459 3194 1532 Πύρῥον,ξ
3212 1462 3343 1532 μίαν
3370 1461 3710 1531 θέλησιν’καὶ

2138 1543 2269 1609 μίαν
2293 1544 2573 1615 ἐνέργειαν
2604 1549 2697 1602 ἐπὶ
2733 1551 2968 1622 Χριστοῦ
3001 1553 3222 1623 ἔλεγον,
3257 1554 3354 1608 τοῦ
3383 1558 3449 1611 ἐκ
3481 1555 3578 1612 δύο
3607 1556 3711 1626 φύ-

2138 1650 2277 1687 σεων
2304 1639 2632 1704 πεφυκότος.

462 1642 538 1697 ris
565 1653 733 1711 esset,
773 1648 1078 1702 tradebant.

529 1756 586 1813 9.
613 1755 935 1829 Origeniani
963 1775 1115 1816 more
1144 1775 1477 1832 paganorum
1510 1760 1775 1815 exsistere
1820 1759 2014 1813 anima:

2207 1744 2270 1799 θ’.
2298 1748 2360 1798 Οἱ
2388 1748 2515 1819 περὶ
2539 1748 2824 1822 Ὦριγένην
2849 1754 2987 1825 προῦ
2998 1756 3196 1825 παρξιν
3221 1758 3331 1810 τῶν
3350 1760 3544 1827 ψυχῶν
3567 1761 3713 1817 κατὰ

406 1912 409 1913 ν
459 1858 585 1905 ante
619 1864 848 1919 corpora
872 1849 1163 1929 docebant,
1212 1862 1267 1908 et
1291 1851 1451 1907 tinem
1479 1851 1725 1924 supplicii
1755 1865 2011 1920 nunqnan

2134 1837 2261 1897 τοὺς
2289 1834 2557 1907 ’Έλληνας
2591 1844 2968 1913 ὲδογμάτιζον,
2996 1848 3091 1899 καὶ
3108 1847 3262 1913 τέλος
3289 1851 3387 1920 τῆς
3413 1852 3715 1921 ἀτελευτή-

457 1941 682 1997 ﬁniendi
714 1946 1052 2007 statuebant,
1083 1953 1139 2000 et
1184 1944 1396 2001 animas
1426 1960 1473 2029 a‘
1496 1944 1817 2014 corporibus
1857 1942 2014 1998 nuda:

2129 1943 2224 1979 του
2253 1927 2531 1992 κολάσεως
2550 1932 2890 2002 ἐψηφίζοντο,
2916 1937 3131 2002 καὶτὰς
3156 1938 3267 2010 ψυχ
3278 1940 3337 2006 ἰς
3360 1943 3581 2014 γυμνὰς
3598 1945 3713 2001 τῶν

409 2057 422 2070 ο
454 2047 765 2102 resurgere.
1460 2022 1473 2029 κ

2130 2020 2404 2089 σωμάτων
2436 2022 2786 2081 ἀνίστασθαι.

527 2143 614 2200 10.
647 2145 793 2200 Petri
845 2157 1205 2218 cognomento
1255 2148 1497 2206 Fullonis
1547 2147 1769 2205 asseclfe
1827 2149 2014 2219 bymnc

2199 2132 2252 2208 ι’.
2302 2137 2368 2203 (il
2414 2138 2544 2208 περὶ
2594 2138 2803 2212 Πέτρον
2849 2142 2942 2203 τὸν
2991 2144 3240 2215 Κναφέα,
3300 2148 3380 2219 τῷ
3429 2152 3709 2219 τρισαγίῳ

458 2248 619 2303 quem
690 2235 995 2306 Trisagium
1044 2250 1241 2296 vocant
1271 2240 1436 2311 (quod
1476 2242 1648 2297 sancti
1699 2246 1801 2297 vox
1843 2250 1927 2297 ter
1970 2242 2014 2295 in

2127 2226 2479 2298 προσέθηκαν
2506 2228 2587 2294 τὸ,
2629 2246 2648 2282 t
2694 2230 2754 2284 '0
2783 2234 3121 2300 σταυρωθεὶς
3144 2235 3211 2288 δι’
3237 2237 3423 2306 ἡμᾶς·
3446 2257 3484 2293 σι
3527 2240 3714 2312 παθη-

453 2339 521 2379 eo
559 2327 859 2394 repetatur)
889 2326 1206 2398 adjecerunt
1250 2330 1365 2385 haec
1400 2331 1565 2387 verba
1597 2350 1611 2386 :
1645 2350 1664 2384 ι
1691 2331 1793 2398 Qui
1843 2331 2014 2386 cruci-

2125 2317 2223 2388 τὴν
2245 2318 2345 2392 τὴν
2379 2321 2567 2391 άπαθῆ
2601 2323 2884 2389 ποιοῦντες
2912 2324 3166 2397 θεότητα.

451 2415 593 2471 ilxus
620 2431 680 2473 es
724 2429 949 2489 propter
979 2434 1080 2477 nos
1113 2439 1128 2476 :
1171 2440 1191 2475 ι
1221 2422 1532 2490 passibilem
1566 2422 1776 2478 scilicet
1827 2421 2025 2477 divini-

403 2567 408 2572 _
448 2514 616 2563 tatem
650 2508 938 2576 iacientes,
971 2525 1093 2582 quas
1124 2513 1396 2581 passionis
1423 2514 1604 2568 dumis
1635 2528 1841 2582 expers
1858 2521 1958 2568 est.

520 2620 610 2676 li.
643 2620 977 2679 Marciunitae
1000 2638 1064 2679 ac
1094 2623 1379 2680 Manichzei
1407 2623 1803 2693 legislationem
1833 2622 2014 2677 Testa-

2197 2609 2288 2658 ta'.
2319 2604 2383 2658 Οί
2415 2607 2544 2677 περὶ
2570 2609 2874 2681 Μαρκίωνα
2906 2614 2999 2667 καὶ
3028 2616 3285 2671 Μάνεντα
3321 2620 3422 2689 τὴν
3458 2623 3714 2679 παλαιάν

448 2712 613 2765 menti
643 2709 853 2768 Veteris
880 2713 1005 2767 mali
1032 2729 1214 2769 rerum
1234 2715 1448 2785 opilicis
1471 2731 1592 2771 esse
1615 2716 1823 2769 dicunt.
1850 2714 2014 2770 lidcm

2120 2697 2214 2745 τοῦ
2248 2697 2485 2764 πονηρο]
2518 2697 2858 2770 δημιουργοῦ
2889 2703 3142 2771 λέγουσιν
3176 2701 3319 2762 εῖναι
3350 2711 3710 2780 νομοθεσίαν.

446 2802 662 2869 quoties
689 2804 831 2872 apud
878 2804 1025 2871 ipsos
1058 2820 1169 2861 non
1200 2806 1506 2876 baptizatus
1541 2805 1737 2874 aliquis
1768 2805 2014 2870 moritur,

2120 2790 2183 2842 Oi
2223 2792 2377 2843 αὐτοὶ
2421 2795 2514 2846 καὶ
2564 2796 2784 2851 ἐπειδάν
2827 2815 2910 2862 τις
2957 2800 3315 2866 ἀϐάπτιστος.
3337 2809 3474 2875 παρ’
3515 2809 3709 2874 αὐτοῖς

446 2894 549 2948 sub
574 2892 770 2951 lectulo
789 2894 1033 2950 defuncti
1051 2897 1175 2952 vivo
1191 2898 1423 2966 quodam
1449 2896 1740 2962 occultato,
1762 2896 2014 2951 lectulum

2120 2881 2401 2953 ἀποθάνῃ,
2437 2885 2541 2939 ὑπὸ
2576 2885 2675 2957 τὴν
2712 2888 2901 2960 κλίνην
2940 2893 3033 2945 τοῦ
3067 2893 3525 2966 τετελευτηκότος
3563 2904 3708 2971 κρύ-

445 2984 673 3050 adeunt,
700 3001 765 3041 ac
799 2995 1073 3042 mortuum
1103 2988 1468 3058 interrogant,
1499 3003 1568 3045 an
1617 2990 1880 3059 baptizari
1927 3004 2014 3044 ve-

2120 2973 2314 3043 ψαντές
2347 2994 2468 3031 τινα
2502 2976 2704 3047 ζῶντα,
2731 2984 3074 3056 προσιᾶσιτῇ
3105 2984 3284 3058 κλίνῃ,
3321 2989 3415 3042 καὶ
3443 2992 3713 3062 ἐρωτῶσι

442 3076 527 3130 iit.
570 3075 878 3141 llesmntlct
910 3079 1215 3135 occultatus
1266 3083 1335 3136 ab
1378 3082 1510 3146 imo,
1558 3080 1717 3146 velle,
1746 3089 1910 3150 atque
1942 3081 2014 3135 ita

2120 3069 2207 3122 τὸν
2227 3069 2420 3139 νεκρὸν
2449 3073 2499 3124 εί
2520 3071 2764 3142 βούλοιτο
2782 3073 3168 3146 βαπτισθῆναι.
3197 3079 3309 3132 Καὶ
3334 3081 3714 3155 ἀποκρίνεται

443 3170 563 3223 loco
611 3170 852 3226 defuncti
906 3186 1028 3227 eum
1064 3173 1366 3243 haptizant.
1399 3174 1632 3229 Causam
1678 3173 1881 3236 roaati,
1929 3174 2013 3226 di-

2120 3162 2366 3216 κάτωθεν
2388 3164 2417 3216 ὁ
2446 3168 2849 3235 κεκρυμμένος,
2879 3166 3008 3225 Ναί.
3035 3170 3145 3237 Kal.
3175 3169 3348 3235 οὕτως
3372 3174 3545 3229 αὐτὸν
3578 3180 3715 3233 ἀντὶ

439 3269 576 3312 runt
644 3261 746 3315 hoc
798 3262 1114 3330 Apostolum
1172 3264 1447 3327 docuisse,
1509 3280 1631 3319 cum
1692 3264 1860 3320 ait‘:
1907 3264 2010 3321 «Si

2120 3254 2217 3307 τοῦ
2256 3255 2594 3319 ἀπελθόντος
2641 3255 2986 3326 βαπτίζουσι.
3038 3261 3148 3314 Καὶ
3199 3264 3580 3334 ἐρωτώμενοι,
3616 3270 3714 3322 λέα

440 3366 664 3418 prorsus
699 3356 894 3407 mortui
943 3369 1047 3408 non
1090 3358 1510 3420 resuscitantur,
1566 3372 1668 3413 cur
1707 3357 1869 3413 etiam
1913 3358 2011 3412 ba-

2120 3361 2269 3412 γουσι
2321 3344 2413 3400 τὸν
2456 3347 2781 3402 Ἀπόστολον
2822 3349 2981 3403 τοῦτο
3013 3350 3222 3418 διδάξαι
3251 3356 3311 3416 ἐν
3358 3357 3438 3428 τῷ
3489 3362 3711 3430 λέγειν,

439 3442 715 3506 ptizautnr
732 3458 831 3512 pro
853 3445 1117 3499 mortuis?
1141 3464 1161 3497 ι
1195 3445 1299 3501 Sed
1335 3447 1606 3516 ignorant,
1639 3446 1692 3502 id
1723 3447 1825 3502 hoc
1856 3447 2012 3503 modo

2122 3455 2141 3488 ι
2176 3436 2241 3490 El
2269 3437 2404 3500 ὅλως
2426 3440 2613 3508 νεκροὶ
2638 3440 2740 3493 οὐκ
2770 3442 3102 3511 ἐγείρονται,
3133 3445 3187 3498 τί
3213 3447 3305 3498 καὶ
3333 3447 3713 3517 βαπτίζονται

440 3531 712 3602 prolatum
742 3548 1056 3602 propterea,
1110 3538 1250 3604 quod
1286 3540 1598 3607 quicunque
1643 3538 2010 3608 baptizantnr,

2120 3526 2259 3599 ὑπὲρ
2302 3528 2412 3581 τῶν
2448 3529 2693 3600 νεκρῶνξς
2726 3550 2742 3581 ι
2789 3531 3131 3601 ἀγνοοῦντες,
3157 3535 3233 3600 ὡς
3253 3537 3341 3595 διὰ
3365 3539 3428 3592 τὸ
3451 3542 3551 3595 ἐπὶ
3575 3548 3716 3615 ὁμο-

442 3621 493 3674 in
539 3624 881 3679 (ιυιιΐοεείοηο
920 3628 1344 3683 resurrectionis
1400 3639 1736 3684 mortuormn
1787 3629 2011 3698 ejusque

2120 3621 2273 3692 λογὲᾳ
2326 3622 2422 3690 τῆς
2450 3621 2561 3675 τῶν
2592 3623 2804 3692 νεκρῶν
2833 3623 3184 3692 ἀναστάσεως
3208 3667 3224 3691 ,
3263 3630 3357 3683 καὶ
3390 3631 3486 3684 ἐπ’
3523 3636 3716 3693 ἐλπίδι

439 3727 534 3783 spe
563 3714 930 3783 baptizentnr.
969 3716 1030 3771 lli
1073 3719 1352 3775 Manichaei
1383 3719 1661 3776 Christum
1703 3721 1889 3776 dicunt
1919 3720 2014 3775 de-

2120 3712 2285 3783 ταύτῃ
2308 3712 2436 3777 τοὺς
2465 3712 2894 3783 βαπτιζομένους
2923 3715 3306 3785 βαπτίζεσθαι,
3336 3720 3501 3775 ταῦθ’
3527 3725 3716 3793 οὕτως

438 3804 618 3868 posito
650 3804 703 3858 iu
746 3816 887 3860 terra
923 3822 1174 3878 corpore,
1209 3825 1401 3880 purmn
1432 3811 1717 3880 solumque
1753 3811 1915 3867 Deum
1957 3812 2010 3866 in

2120 3804 2351 3875 εἴρηται.
2396 3798 2558 3858 Οὗτοι
2602 3805 2651 3858 οἱ
2701 3806 2997 3877 Μανιχαῖοι
3040 3806 3264 3876 λέγουσι
3310 3810 3399 3864 τὸν
3453 3815 3717 3885 Χριστδν

438 3896 638 3949 cmlum
670 3899 1000 3954 ascendisse.
1037 3902 1198 3956 Iidem
1221 3913 1277 3958 et
1308 3907 1588 3969 mundum,
1612 3913 1673 3959 ut
1703 3905 1925 3968 malum,
1956 3913 2011 3957 et

2120 3896 2454 3967 ἀποθέμενον
2482 3898 2540 3951 έν
2562 3900 2627 3969 τῇ
2660 3901 2729 3968 γῇ
2763 3897 2824 3987 τὸ
2852 3898 3037 3969 σῶμα,
3067 3899 3225 3968 ψιλὸν
3247 3900 3382 3958 Θεὸν
3412 3906 3502 3958 ei:
3534 3910 3717 3975 οὐρα⁹

2114 3987 2205 4041 νδν
2234 3986 2500 4042 ἀνελθεῖν.
2530 3988 2595 4042 Oi
2634 3986 2793 4042 αὑτοῖ
2819 3991 2913 4044 καὶ
2941 3989 3033 4044 τὸν
3059 3990 3266 4059 κόσμον
3299 3996 3579 4064 πονηρὸν,
3618 4001 3723 4052 καὶ

2112 4078 2214 4147 τὴν
2244 4077 2426 4148 σάρκα
2464 4077 2845 4141 διαϐάλλουσι,
2886 4081 2987 4148 τῆς
3024 4080 3118 4133 τοῦ
3168 4080 3304 4134 Θεοῦ
3340 4084 3561 4156 ταύτην
3615 4091 3719 4161 δη-

2116 4169 2406 4239 μιουργίας
2463 4167 2900 4236 ἁλλοτριοῦντες.
2964 4162 3125 4224 Οὗτοι
3188 4172 3284 4224 καὶ
3349 4172 3449 4228 δύο
3527 4180 3720 4251 ἀρχὰς

2112 4258 2525 4331 δογματίζουσι,
2563 4259 2810 4329 πονηράν
2838 4275 2898 4312 τε
2928 4261 3022 4313 καὶ
3051 4261 3283 4335 ἀγαθὴν,
3320 4265 3442 4336 ἦτοι
3475 4270 3621 4323 Θεὸν
3656 4291 3721 4326 τε

435 4354 586 4410 bent.
620 4354 816 4411 Carnis
856 4363 1308 4416 resurrectionem
1345 4373 1562 4433 negant.
1592 4363 1909 4419 Animarum
1942 4367 2010 4420 de

2120 4352 2211 4406 καὶ¹
2265 4351 2420 4420 ὓλην.
2476 4352 2589 4421 Τὴν
2647 4349 2891 4404 Παλαιὰν
2943 4351 3331 4423 βλασφημοῦσι
3386 4359 3719 4435 Διαθήκην.

432 4444 756 4513 corporibus
786 4447 838 4501 in
872 4463 1098 4518 corpora
1125 4451 1502 4520 migrationem
1530 4455 1745 4508 docent.
1774 4453 2004 4522 llerhas,

2120 4444 2353 4513 Σελήνην
2376 4444 2471 4497 καὶ
2499 4442 2739 4513 ἀστέρας
2763 4448 3120 4514 προσκυνεῖν,
3158 4441 3245 4501 οἷα
3269 4447 3452 4516 θεοὺς,
3480 4456 3721 4528 ἑπιτρέ-

431 4546 488 4592 et
543 4540 875 4604 arhores,et
937 4556 1159 4608 aquam,
1199 4555 1323 4597 esse
1382 4557 1468 4596 res
1521 4544 1791 4600 animatas
1830 4546 2003 4603 aiunt.

2120 4554 2298 4593 πουσι.
2334 4537 2544 4610 Σαρκὸς
2575 4536 2872 4590 ἀνάστασιν
2896 4536 3216 4608 ἀρνοῦνται.
3244 4540 3725 4617 Μετεμψύχωσεν

435 4626 713 4682 Ilanichmi
748 4642 878 4695 vero
913 4631 1186 4711 dicuntur,
1221 4629 1368 4700 quod
1418 4632 1673 4711 dogmata
1725 4632 1900 4691 Manis
1949 4637 2001 4690 in

2120 4629 2442 4684 διδάσκουσι.
2484 4628 2746 4696 Βοτάνας,
2782 4631 2878 4683 καὶ
2907 4629 3118 4698 δένδρα,
3156 4631 3251 4684 καὶ
3286 4631 3434 4699 ὕδωρ
3473 4636 3721 4711 ἔμψυχα

430 4720 610 4788 pretio
653 4721 933 4791 habeant;
974 4706 1157 4794 quise
1187 4704 1527 4790 Paracletum
1579 4729 1900 4798 appellabat,
1949 4743 2005 4787 et

2120 4717 2250 4776 εἶναι
2277 4722 2571 4790 φάσκουσι.
2596 4722 2891 4793 λίανιχαῖοι
2922 4721 2979 4775 δὲ
3000 4722 3275 4789 λέγονται,
3307 4722 3384 4786 ὡς
3418 4704 3723 4805 τερέέοέξς-

430 4810 708 4866 Christum
742 4816 923 4883 specie
965 4827 1124 4872 tenus
1159 4824 1507 4885 conspectum
1545 4820 1862 4889 apparuisse
1909 4825 2005 4879 do-

2120 4831 2261 4878 wcac
2315 4813 2380 4869 τὰ
2448 4814 2533 4868 σοῦ
2594 4814 2908 4879 Μάνεντος,
2961 4813 3020 4877 ὃς
3073 4814 3441 4884 Παράκλητον
3504 4822 3723 4879 ἑαυτὸν

426 4903 606 4959 cubat.
2108 4905 2332 4968 ἐκάλει,
2386 4903 2481 4957 καὶ
2533 4903 2626 4957 τὸν
2680 4904 2913 4974 Χριστὸν
2972 4902 3196 4973 δοκήσει
3252 4906 3350 4957 καὶ
3413 4917 3722 4989 φαντασίᾳ

2108 4999 2385 5065 εἰσηγεῖτο
2423 4999 2748 5063 πεφηνέναι.

437 4001 657 4040 carnem
702 3987 1088 4057 criminantur,
1125 4007 1187 4046 ac
1221 3992 1311 4047 Dei
1343 3994 1413 4049 ab
1449 3995 1667 4063 opilicio
1696 3996 2010 4050 excludunt.

437 4076 687 4136 Tradunt
725 4091 780 4135 et
807 4084 916 4136 duo
953 4086 1242 4152 principia,
1280 4089 1477 4144 malum
1523 4099 1578 4145 et
1624 4091 1852 4152 bonum.
1896 4093 2011 4146 sive

437 4170 603 4224 Deum
638 4181 696 4226 et
730 4176 1031 4229 materiem.
1062 4177 1136 4231 De
1159 4175 1510 4234 Testamento
1541 4182 1723 4237 Veteri
1746 4181 2010 4251 sacrilege

436 4263 749 4331 loquuntur.
797 4263 1003 4319 Lunam
1037 4277 1091 4323 et
1125 4256 1325 4331 sidera.
1356 4285 1455 4326 ceu
1487 4274 1637 4335 deos,
1678 4272 1891 4325 adorari
1922 4273 2012 4342 ju-

2177 5110 2266 5179 ιβ’.
2303 5110 2369 5162 Οἱ
2411 5109 2539 5178 περὶ
2576 5108 2671 5160 τὸν
2714 5107 3061 5177 Μάρκελλον,
3114 5110 3210 5162 καὶ
3253 5110 3558 5180 Φωτεινὺν,
3612 5121 3721 5173 καὶ

2105 5202 2437 5273 Σιυφρόνιον,
2462 5200 2563 5272 τὴν
2594 5200 2758 5268 ἁγίαν
2777 5199 2989 5269 Τριάδα
3011 5199 3086 5270 μὴ
3112 5201 3540 5273 ὁμολογοῦντες,
3565 5210 3722 5267 ἀλλὰ

2104 5295 2326 5363 πνεῦμα
2372 5293 2535 5363 μόνον
2589 5292 2682 5345 τὸν
2729 5293 2865 5345 Θεὸν
2907 5291 3302 5361 ὀνομάζοντες,
3349 5294 3446 5347 τὸν
3500 5301 3721 5360 τούτου

2062 5386 2071 5402 “
2104 5387 2277 5451 Λόγον
2300 5386 2586 5454 ἐνέργειαν
2608 5382 2798 5450 ἔλεγον
2821 5380 2963 5435 εἷναι
2988 5381 3069 5451 τῷ
3090 5384 3154 5435 ἐκ
3176 5384 3502 5454 σπέρματος
3531 5393 3720 5450 Δαεὶδ

2103 5478 2486 5548 ἑνοικήσασαν,
2504 5475 2604 5527 οῦκ
2618 5476 2805 5528 οὐσίαν
2833 5474 3242 5547 [ὲνυπὸστατον]
3267 5478 3678 5552 ὲνυποστάτως
3702 5504 3717 5520 ·

2104 5572 2291 5631 κακῶς
2318 5566 2661 5639 φρονοῦντες.
2697 5566 2758 5616 '0
2788 5567 2897 5633 γὰρ
2925 5565 3018 5617 τοῦ
3041 5565 3177 5618 Θεοῦ
3203 5567 3375 5634 Λόγος
3400 5569 3541 5625 οὔτε
3570 5594 3719 5647 προ-

2102 5662 2327 5733 φορικόε
2392 5662 2562 5726 ἐστιν,
2605 5658 2723 5711 οὔτε
2789 5657 3135 5721 ἐνδιάθετος·
3187 5652 3355 5729 (οὗτοι
3419 5664 3546 5735 γὰρ
3590 5671 3718 5729 τῶν

503 5100 588 5154 12.
626 5100 889 5164 Marcelli,
943 5104 1184 5171 Pltotini,
1218 5118 1273 5162 et
1329 5108 1623 5178 Sophronii
1681 5124 2001 5183 sectatores,

429 5208 539 5246 non
578 5194 906 5254 conﬁtentes
934 5207 1178 5253 sanctam
1224 5202 1569 5269 Trinitatem,
1614 5206 1711 5261 sed
1750 5208 2000 5276 spiritum

423 5282 595 5337 solum
638 5283 804 5337 Deum
834 5287 1190 5355 appellantes.
1218 5291 1335 5357 ejus
1361 5293 1678 5351 Sermonem
1706 5314 1832 5356 esse
1858 5300 2000 5358 dice-

425 5375 553 5425 bant
578 5373 980 5437 eilicaeitatem.
1018 5394 1141 5447 quae
1185 5381 1237 5434 in
1268 5393 1529 5451 prognato
1558 5386 1626 5441 de
1659 5391 1866 5444 semine
1896 5391 1995 5444 Da-

424 5462 564 5516 vidis
591 5463 901 5519 habitasset
928 5488 942 5534 ;
979 5483 1084 5523 non
1135 5472 1521 5541 substantiam,
1553 5493 1672 5547 qum
1718 5497 1871 5535 suam
1901 5484 1994 5537 ba-

421 5551 547 5606 lteat
597 5555 915 5624 lt-ypostasin
981 5577 995 5613 :
1038 5563 1177 5618 male
1225 5566 1443 5633 quidem
1496 5573 1813 5628 sentientes.
1861 5574 1991 5627 Nam

420 5640 516 5696 Dei
548 5640 742 5697 Sermo
771 5661 869 5700 nec
897 5648 941 5704 is
975 5660 1057 5706 cst
1092 5655 1179 5723 qui
1228 5636 1497 5724 profertur
1526 5701 1541 5728 ,
1572 5677 1671 5718 nec
1706 5663 1752 5718 ei
1804 5665 1993 5718 similia

425 5796 430 5799 ’
481 5812 503 5863 θ
535 5814 552 5861 1
586 5814 712 5905 Cor.
746 5834 833 5887 xv,
860 5822 950 5878 29.
