4096 6476
304 438 365 492 2'.
729 433 746 440 ’
1609 424 1705 483 DE
1750 421 2236 482 lleRESlBUS.
3481 414 3550 478 ‘26

283 546 412 598 ,καθ’
457 543 601 619 ἡμᾶς
645 543 736 594 καὶ
779 540 1045 610 φυσικῶν)
1091 542 1202 594 ἀλλ’
1251 541 1391 612 ὑπὲρ
1423 540 1585 610 φύσιν
1611 541 1708 611 ᾧν,
1751 543 1849 610 οὐχ

1981 542 2064 608 qui
2122 548 2300 596 mente
2336 537 2640 607 concipitur
2702 535 2779 606 (hi
2844 548 3080 602 namque
3126 548 3406 588 sermones
3449 537 3551 588 bu-

301 639 655 696 ῧποὸάλλεται
696 642 810 702 τοῖς
845 640 993 692 κάτω
1023 639 1314 710 τεχνολογή
1325 656 1509 707 μασιν.

361 826 449 887 ιγ’.
488 820 552 874 Ol
584 819 713 890 περὶ
751 818 844 873 τὸν
884 819 1178 886 Εὐνόμιον,
1208 819 1383 872 ταυτά
1419 818 1492 884 τῷ
1539 817 1732 886 Ἀρείῳ
1769 816 1864 868 καὶ

303 913 606 984 Μακεδονίῳ
633 912 980 982 φρονοῦντες,
1012 915 1106 966 καὶ
1130 914 1254 974 τοὺς
1277 913 1461 975 αὐτοῖς
1491 929 1656 982 προσε
1668 913 1865 982 ρχομὲ-

302 1025 411 1068 von;
458 1007 600 1060 κατὰ
645 1006 888 1076 κεφαλῆς
927 1006 1220 1069 ἐϐάπτιζον
1261 1007 1340 1058 είο
1384 1007 1515 1074 μίαν
1547 1006 1861 1059 κατάδυσιν.

306 1100 401 1150 Καὶ
438 1098 538 1167 τὴν
565 1098 785 1152 κόλασιν
811 1097 868 1152 δὲ
897 1097 997 1164 τὴν
1027 1097 1352 1165 μέλλουσαν,
1371 1098 1464 1150 καὶ
1489 1097 1587 1169 τὴν
1617 1097 1863 1164 γέενναν,

302 1187 351 1238 οὐ
381 1188 527 1241 κατὰ
554 1187 835 1258 ἀλήθειαν,
871 1188 1008 1240 ἀλλὰ
1029 1187 1117 1241 διὰ
1153 1187 1320 1256 φόϐον
1349 1187 1537 1256 ἔλεγον
1563 1187 1868 1258 ἀπειληθῆ-

301 1296 400 1334 ναι.
429 1281 489 1331 Οἱ
519 1279 667 1331 αὐτοὶ
692 1284 785 1332 καὶ
807 1281 1075 1349 ’Λνόμοιοι
1097 1280 1408 1338 καλοῦνται.
1444 1280 1530 1333 διὰ
1560 1280 1620 1330 τὸ
1665 1279 1872 1346 λέγειν,

302 1371 566 1438 μηδεμίαν
599 1371 744 1438 ἔχειν
778 1372 1079 1440 όμσιὸτητα
1109 1372 1228 1424 κατ’
1264 1372 1457 1424 οὐσίαν
1486 1373 1577 1423 τὸν
1613 1371 1738 1424 Υἱὸν
1771 1373 1868 1425 καὶ

301 1464 352 1514 τὸ
387 1463 604 1530 Πνεῦμα
636 1464 767 1534 πρὸς
797 1464 888 1517 τὸν
919 1466 1160 1535 Πατέρα.

363 1555 449 1607 ιδ’.
491 1557 552 1607 Οἱ
585 1557 674 1607 ἐπὶ
714 1555 807 1608 τὸν
840 1557 1112 1622 Ναύατον,
1145 1555 1314 1609 τᾶλλα
1357 1554 1732 1619 εὐσεϐοῦντες,
1768 1555 1867 1626 τὴν

300 1644 553 1714 ὃιγαμίαν
575 1647 978 1713 ἐϐδελύσσοντο,
1010 1650 1108 1702 καὶ
1134 1650 1258 1711 τσὺς
1289 1648 1740 1718 παραπεσόντας,
1775 1664 1870 1716 με·

301 1739 461 1805 τανοή
473 1755 671 1802 σαντας
698 1741 799 1793 οὐκ
829 1741 1092 1808 ἐδέχοντο.

363 1828 449 1884 ιε’.
479 1831 542 1881 0i
563 1831 690 1901 περὶ
719 1833 812 1884 τὸν
835 1819 1158 1898 Σαὸὁάτιον,
1191 1831 1370 1884 ταυτὰ
1403 1831 1730 1901 φρονοῦντες
1758 1833 1870 1894 τοῖς

297 1920 679 1986 Ναυατιανοῖς,
721 1923 816 1976 καὶ
848 1927 957 1986 τοῖς
1008 1923 1276 1986 Ἰουδαίοις
1309 1921 1450 1995 ἦσαν
1485 1924 1888 1993 συνεορτάζον-⁶

297 2027 401 2070 τες.
439 2012 502 2063 Ol
526 2013 677 2065 αὐτοὶ
702 2013 794 2066 καὶ
837 2014 1141 2083 Ἀριστεροὶ
1168 2014 1482 2074 καλοῦνται,
1510 2015 1592 2067 ὅτι
1621 2012 1721 2081 τὴν
1754 2017 1873 2084 ἀρι-

299 2107 496 2178 στεράν
537 2111 642 2161 είσι
678 2109 1091 2180 βδελυσσόμενοι
1139 2112 1334 2182 χεῖρα,
1380 2109 1446 2164 δι’
1480 2110 1653 2180 αὐτῆς
1699 2125 1871 2178 προσ-

299 2197 476 2251 ίεσθαι
508 2199 570 2251 τδ
596 2199 803 2253 οίονοῦν
829 2201 918 2270 μὴ
951 2202 1278 2271 τολμῶντες.
1303 2201 1369 2255 Οἱ
1401 2201 1558 2255 αὐτοὶ
1596 2201 1692 2255 καὶ
1727 2201 1872 2253 Τεσ-

298 2290 847 2357 σαρεσκαδεκατίται,
894 2293 976 2345 ὅτι
1016 2293 1090 2362 μὴ
1123 2293 1267 2346 κατὰ
1310 2295 1410 2361 τὴν
1450 2292 1760 2360 Κυριακὴν,
1795 2290 1872 2353 ὡς

299 2384 499 2451 ἡμεῖς,
561 2384 696 2437 ἀλλὰ
753 2387 894 2438 κατὰ
948 2386 1048 2455 τὴν
1110 2385 1722 2456 τεσσαρεσκαιδεκάτην
1775 2384 1871 2452 τῆς

295 2474 530 2544 σελήνης
558 2475 618 2526 τὸ
653 2476 841 2546 Πάσχα
874 2478 1012 2542 μετὰ
1057 2475 1328 2530 Ἰουδαίων
1359 2473 1632 2528 τελοῦσιν.
1675 2476 1738 2526 Οἱ
1771 2475 1871 2526 αὐε-

291 2567 371 2617 τοὶ
408 2567 507 2618 καὶ
541 2567 878 2636 Τετραδῖται,
914 2569 995 2619 ὁτι
1040 2569 1102 2620 τὸ
1149 2568 1338 2637 Πάσχα
1378 2567 1767 2636 ἑορτάζοντες,
1803 2566 1864 2618 οὺ

292 2657 619 2722 καταλύειν,
667 2659 801 2712 ἀλλὰ
839 2660 1127 2729 νηστεύειν
1171 2657 1491 2728 αἱροῦνται,
1533 2657 1610 2719 ὡς
1649 2659 1706 2709 ἐν
1747 2659 1866 2719 ταῖς

290 2749 553 2817 τετράσιν
587 2749 767 2817 ἡμεῖς,
824 2748 1117 2811 Ἰουδαίους
1151 2749 1253 2802 κάν
1285 2747 1464 2816 τούτῳ
1504 2745 1870 2816 μιμούμενοι,

289 2838 413 2900 τοὺς
455 2838 595 2907 μετὰ
634 2838 695 2890 τὺ
725 2839 915 2909 Πάσχα
940 2839 1126 2907 ἄζυμα
1153 2840 1246 2894 καὶ
1280 2837 1536 2907 πικρίὸας
1567 2836 1867 2898 ἐσθίοντας.

362 2939 460 2993 ις’.
498 2931 558 2982 Οί
589 2933 716 2998 περὶ
741 2931 833 2984 τὸν
861 2931 1166 2992 Μοντανὸν,
1195 2931 1252 2993 ὃς
1293 2929 1486 2984 ἑαυτὸν
1515 2927 1870 2998 παράκλητον

289 3024 703 3091 προσηγόρευε,
742 3023 836 3080 καὶ
874 3027 1140 3088 γυναῖκας
1179 3018 1295 3091 εἷχε
1351 3021 1446 3075 δύο
1484 3020 1875 3089 παρεπομένας

289 3113 469 3181 αὐτῷ,
509 3111 839 3180 Πρίσκιλλαν
872 3114 967 3166 καὶ
999 3113 1348 3181 Μαξιμίλλαν
1369 3152 1383 3175 ,
1425 3111 1489 3175 ἂς
1525 3113 1629 3184 xal
1658 3111 1875 3181 προφήη

285 3204 441 3266 τιόας
476 3204 686 3263 ἐκάλει.
717 3204 811 3258 καὶ
835 3204 1119 3269 Πέπουζάν
1135 3221 1258 3257 τινα
1283 3203 1481 3274 κώμην
1510 3204 1755 3274 Φρυγίας
1783 3205 1878 3254 ὲκ·
1902 3231 1949 3294 C

285 3296 530 3362 θειάξων
583 3297 938 3368 Ἰερουσαλὴμ
979 3298 1281 3367 ὠνόμαζεν.
1333 3292 1494 3352 Οὗτοι
1544 3296 1637 3350 οῦν
1684 3296 1763 3359 είς
1813 3294 1874 3348 ἓν

287 3391 591 3459 πρόσωπον
631 3389 730 3460 τὴν
763 3390 923 3457 ἁγίαν
973 3389 1358 3458 συναιροῦντες
1406 3390 1614 3459 Τριάδα
1635 3430 1651 3455 ,
1683 3390 1778 3442 καὶ
1811 3389 1872 3441 τὸ

289 3486 482 3555 Πάσχα
506 3485 836 3553 διέστρεφον.
856 3487 961 3540 Καὶ
983 3482 1124 3556 αἷμα
1143 3488 1336 3550 παιδὸς
1363 3503 1697 3541 κατακεντου
1705 3488 1868 3556 μένου

283 3579 512 3650 ἀλεύρῳ
533 3597 594 3631 συ
603 3580 930 3650 μφύροντες,
956 3580 1050 3634 καὶ
1065 3579 1482 3649 άρτοποιοῦντες
1506 3577 1870 3649 προσέφερον,

285 3673 381 3724 καὶ
410 3671 825 3741 μετελάμῦανον
852 3673 909 3736 εξ
937 3672 1104 3725 αὑτοῦ
1123 3691 1135 3703 ·
1163 3671 1259 3724 καὶ
1283 3673 1372 3724 τὸν
1398 3673 1578 3740 γάμον
1600 3670 1863 3732 ἐκώλυον,

284 3765 380 3819 καὶ
415 3763 732 3835 βρωμάτων
759 3764 1036 3819 ἐδίδασκον
1066 3764 1298 3833 ἀποχήν.

356 3941 448 4006 ιζ’.
492 3941 558 3994 Οί
586 3941 711 4009 περὶ
738 3941 830 4008 τὸν
859 3943 1106 4008 Δονάτον,
1131 3942 1323 4008 ὀστοῦν
1346 3945 1412 4012 τῇ
1438 3944 1584 4013 χειρὶ
1615 3944 1870 4011 κατέχον-

283 4049 398 4095 τες,
431 4034 617 4085 ἐκεῖνο
644 4032 910 4102 πρότερον
936 4034 1389 4106 ἠσπάζοντοηκαὶ
1419 4032 1562 4088 οῦτω
1595 4035 1874 4103 μετελάμ-

281 4122 456 4186 βανον
487 4125 600 4182 τῶν
629 4125 1006 4194 άγιασμάτων.

353 4219 452 4286 ιη’.
508 4219 575 4271 Οἱ
608 4220 963 4282 Μασαλιανοὶ,
997 4220 1065 4272 τὰ
1098 4220 1206 4272 τῶν
1234 4222 1554 4291 Μανιχαίων
1588 4221 1871 4285 νοσοῦντες

281 4310 669 4381 προσεξεῦρον
696 4313 789 4364 καὶ
821 4312 934 4364 ἀλλ’
958 4311 1092 4367 am
1118 4314 1459 4384 μιαρώτερα.
1488 4314 1592 4368 Τὸν
1618 4316 1729 4385 γὰρ
1747 4315 1875 4369 νοῦν

278 4403 392 4455 τῶν
437 4401 757 4470 ἀνθρώπων
799 4401 903 4454 ὑπὸ
945 4402 1055 4454 τῶν
1101 4403 1374 4472 δαιμόνων
1417 4404 1744 4474 κατέχεσθαι
1783 4403 1873 4455 λέ-

278 4508 449 4558 γουσι
491 4509 508 4525 ο
540 4495 638 4560 τὴν
683 4492 1031 4561 ἀνθρωπείαν
1065 4493 1230 4560 φύσιν
1273 4493 1379 4550 τῶν
1408 4494 1682 4564 δαιμόνων
1730 4489 1873 4546 εἶναι

1978 638 2120 686 mam
2173 641 2300 685 sunt
2349 640 2404 685 et
2451 629 2788 699 naturales);
2823 627 2913 683 sed
2951 643 3071 680 cum
3111 628 3249 680 ultra
3299 636 3549 682 naturam

1975 728 2043 779 sit
2078 725 2305 791 positus,
2342 722 2576 778 terrenis
2611 721 2838 792 argutiis
2870 720 3093 774 minime
3119 720 3426 786 subjicitur.

2053 815 2138 869 15.
2171 813 2492 868 Eunomiani
2522 814 2710 867 eadem
2748 826 2865 881 quw
2893 812 3054 863 Arius
3084 821 3138 863 et
3174 808 3547 869 Macedonius,

1977 908 2285 962 sentiebant
2316 922 2330 960 :
2374 914 2430 958 et
2455 918 2548 959 eos
2581 905 2671 972 qui
2703 917 2760 957 se
2806 901 3052 971 partibus
3092 901 3330 967 ipsorum
3360 901 3552 964 adjnn‘

1977 1000 2194 1068 gebant,
2227 997 2490 1050 demissos
2523 994 2576 1048 in
2619 1001 2799 1062 caput,
2829 1007 2938 1045 una
2989 994 3262 1046 mersione
3311 989 3555 1057 baptiza-

1976 1092 2124 1145 bant.
2169 1088 2340 1143 Minas
2391 1102 2609 1158 quoque
2651 1085 2818 1140 futuri
2859 1083 3222 1158 suppliciikel
3264 1083 3548 1148 gehennae,

1979 1199 2082 1238 non
2111 1183 2178 1235 ad
2216 1182 2526 1243 Veritatem,
2562 1180 2656 1232 sed
2692 1177 2756 1232 ad
2787 1187 2992 1230 metum
3039 1152 3278 1243 prolatas
3306 1173 3547 1227 aiebant.

1984 1279 2255 1328 Vocantur
2292 1272 2456 1326 iidem
2485 1282 2539 1326 et
2568 1269 2813 1324 Anomoei
2866 1265 3226 1337 (dissimiles),
3269 1265 3412 1332 quod
3461 1263 3549 1316 F‘i-

1979 1367 2108 1420 lium
2161 1375 2217 1419 et
2260 1363 2520 1432 Spiritum
2576 1361 2784 1415 ratione
2824 1358 3141 1413 substantiae
3191 1355 3391 1408 nullam
3428 1370 3549 1408 cum

1977 1455 2136 1509 Patre
2164 1453 2575 1508 similitudinem
2604 1452 2805 1506 habere
2840 1449 3104 1502 dicerent.

2050 1547 2138 1600 14.
2177 1542 2482 1608 Navatiani,
2513 1551 2706 1596 caztcra
2753 1541 2849 1609 pii,
2875 1539 3090 1604 nuptias
3122 1535 3393 1591 secundas
3420 1534 3552 1587 abn-

1979 1637 2358 1700 minabantur,
2418 1644 2472 1688 et
2512 1635 2713 1701 lapsos,
2752 1642 3104 1700 posteaquam
3165 1627 3546 1695 resipuissent,

1980 1744 2084 1783 non
2115 1725 2496 1782 admittebant.

2054 1821 2139 1876 15.
2178 1818 2498 1875 Sabbatiani
2521 1831 2644 1870 cum
2677 1813 2992 1872 Navatianis
3013 1812 3206 1868 eadem
3236 1810 3552 1866 sentientes.

1975 1915 2282 1972 Judaeornm
2307 1926 2510 1965 morem
2539 1911 2591 1964 in
2617 1908 2958 1964 celebrandis
2988 1905 3141 1962 festis
3166 1901 3553 1959 observabant.

1974 2009 2254 2065 Vocantur
2281 2017 2336 2060 et
2364 2002 2610 2065 Sinistri,
2643 2001 2786 2071 quod
2840 2013 3059 2052 manum
3108 1998 3294 2051 laevam
3341 1992 3555 2048 abomi-

1978 2111 2195 2167 uenlur,
2244 2113 2344 2154 nec
2390 2113 2454 2153 ea
2489 2097 2718 2154 sumere;
2751 2093 3049 2162 quidquam
3094 2090 3349 2145 audeant.
3390 2084 3554 2139 [idem

1976 2204 2030 2248 ct
2070 2188 2564 2259 Quartodecumani
2617 2188 2892 2246 dicuntur,
2932 2184 3078 2251 quod
3126 2198 3234 2236 non
3277 2177 3558 2233 Dominico

1981 2287 2092 2350 die,
2129 2284 2270 2338 sicut
2302 2296 2418 2345 nos,
2454 2279 2548 2334 sed
2588 2278 2727 2331 luna:
2750 2277 2961 2330 decimo
2995 2273 3176 2336 tertio,
3207 2286 3328 2326 cum
3357 2269 3558 2324 Judaeis

1978 2375 2186 2431 Pascha
2238 2372 2535 2428 celebrent.
2569 2368 2927 2438 Appellantur
2960 2366 3126 2420 iidem
3172 2373 3228 2418 et
3266 2361 3556 2429 Quartani,

1978 2478 2264 2540 propterea
2311 2465 2456 2536 quod
2503 2462 2707 2519 Pascha
2749 2462 3115 2523 celebrantes,
3148 2472 3256 2510 non
3309 2455 3374 2508 ad
3422 2453 3558 2506 alios

1977 2563 2273 2624 divertere,
2326 2558 2420 2614 sed
2476 2557 2726 2627 jejunare
2778 2554 3030 2609 malum:
3064 2567 3172 2622 quo
3240 2556 3406 2618 pacto
3459 2561 3555 2598 nos

1977 2661 2171 2726 quarto
2210 2665 2426 2721 quoque
2457 2649 2545 2704 die
2578 2648 2758 2702 facere
2788 2643 3064 2707 solemus;
3119 2643 3172 2693 in
3211 2642 3314 2693 hoc
3340 2651 3558 2708 quoque

1977 2744 2199 2815 Judaeos
2231 2741 2530 2803 imitantes,
2567 2737 2658 2807 qui
2693 2751 2796 2790 una
2830 2749 2955 2788 cum
2984 2731 3222 2793 Pascha,
3254 2742 3422 2798 panes
3450 2741 3555 2779 non

1979 2836 2356 2894 fermentatos,
2386 2839 2440 2885 et
2474 2829 2715 2882 lactucas
2745 2826 3030 2880 silvestres
3061 2821 3376 2877 comedunt.

2054 2927 2142 2982 16.
2175 2923 2416 2980 Montani
2473 2928 2793 2982 sectatores,
2833 2917 2952 2986 ejus
2985 2914 3076 2984 qui
3123 2927 3182 2967 se
3224 2913 3556 2980 paraclennn

1979 3019 2309 3092 appellabat,
2339 3024 2395 3072 et
2427 3013 2779 3070 mulierculas
2803 3012 2936 3067 duas
2965 3024 3024 3063 se
3047 3007 3372 3061 comitantes
3394 3004 3561 3057 habe-

1981 3114 2094 3178 bat,
2142 3109 2442 3166 Priscillam
2489 3122 2552 3163 ac
2600 3103 2975 3168 Maximillam,
3021 3116 3157 3171 quas
3206 3101 3368 3152 etiam
3411 3107 3561 3150 vates

1981 3201 2370 3267 nuncupabat;
2430 3197 2635 3268 quique
2687 3194 2981 3265 Pepuzam,
3045 3191 3295 3260 Phrygia
3355 3188 3560 3247 vicum.

1984 3292 2356 3362 augustiorem
2419 3287 2672 3353 reddens,
2730 3283 3034 3341 Jerusalem
3099 3281 3454 3343 nominabat;
3505 3280 3558 3331 hi

1983 3400 2113 3454 ergo
2145 3395 2388 3440 sanctam
2421 3380 2750 3435 Trinitatem
2796 3377 2848 3431 in
2892 3390 3054 3429 unam
3109 3387 3398 3442 personam
3430 3386 3563 3424 con-

1985 3478 2283 3541 trahentes,
2323 3475 2489 3530 etiam
2516 3472 2726 3526 Pascha
2763 3468 3147 3539 pervertebant
3171 3504 3186 3525 ,
3212 3463 3564 3533 sanguinem-

1984 3585 2090 3640 que
2136 3568 2289 3638 pueri
2339 3564 2580 3621 confossi
2609 3578 2732 3619 cum
2769 3561 2944 3616 farina
2992 3561 3430 3620 commiscentcs,
3467 3571 3563 3624 pa-

1986 3679 2108 3718 nem
2141 3662 2265 3716 inde
2293 3659 2602 3715 confectum
2638 3656 2870 3710 invicem
2902 3654 3006 3708 sibi
3033 3651 3356 3713 oﬂ'crebant,
3388 3663 3563 3716 eoque

1987 3756 2369 3818 vescebantur.
2405 3751 2806 3807 Matrimonium
2841 3762 3058 3817 quoque
3107 3743 3487 3814 prohibebant,
3511 3749 3564 3794 ct

1985 3843 2360 3901 abstinendum
2394 3841 2561 3896 certis
2594 3856 2620 3892 a
2662 3839 2800 3893 cibis
2837 3838 3120 3891 docebant.

2059 3937 2144 3992 l7.
2181 3935 2492 3996 Donatistm,
2523 3933 2790 4000 quoddam
2815 3947 2878 3984 os
2928 3945 3089 3982 manu
3126 3936 3393 3988 tenentes,
3431 3924 3558 3994 idip-

1985 4051 2103 4092 sum
2157 4032 2308 4102 prius
2355 4029 2849 4091 exosculabautnr,
2887 4035 3049 4094 atque
3103 4023 3173 4079 ita
3219 4029 3560 4078 sacramenta

1985 4128 2374 4199 percipiebant.

2061 4216 2148 4272 18.
2202 4210 2955 4268 Masaliani~illaniclncornm
3011 4206 3294 4262 erroribus
3351 4204 3562 4272 infecti,

1985 4313 2231 4380 quzmlam
2283 4307 2505 4374 insuper
2535 4303 2640 4358 alia
2692 4301 2862 4371 magis
2900 4302 3112 4369 impura
3160 4297 3562 4368 cxcogitarunt.

1986 4399 2196 4471 Quippe
2231 4407 2464 4452 mentem
2510 4395 2787 4449 hominum
2821 4408 2849 4445 a
2877 4390 3214 4448 daemonibus
3246 4397 3564 4458 occupatam

1986 4495 2172 4549 dicunt
2201 4508 2214 4545 :
2244 4499 2490 4544 naturam
2525 4487 2819 4544 humanam
2853 4485 2906 4539 in
2941 4483 3247 4538 dmmonum
3285 4495 3406 4536 esse
3433 4494 3564 4534 con-

277 4554 628 4655 κοινωνικήν
679 4601 693 4614 ³
730 4554 799 4639 τὸ.
826 4554 1106 4654 βάπτισμα
1157 4588 1233 4656 μὴ
1277 4554 1518 4642 τελειοῦν
1548 4588 1639 4640 τὸν
1663 4587 1874 4657 ἄνθρω-

1981 4586 2150 4641 sortio
2185 4598 2200 4636 :
2255 4595 2358 4635 nec
2404 4579 2755 4646 baptismum,
2788 4588 2889 4628 nec
2938 4571 3342 4642 perceptionem
3385 4583 3565 4623 sacra-

277 4695 404 4741 πον,
434 4677 590 4749 ’μηδὲ
629 4677 723 4748 τὴν
755 4678 1081 4747 μετάληψιν,
1118 4680 1252 4734 ἀλλὰ
1287 4681 1456 4750 μόνην
1485 4680 1584 4752 τὴν
1613 4682 1744 4749 παρ’
1776 4681 1875 4734 αὑ-

273 4773 391 4833 τοῖς
427 4771 628 4839 εὑχήν.
659 4773 822 4824 Φύσει
855 4768 991 4824 εἷναι
1033 4771 1101 4824 τὰ
1149 4779 1295 4826 κακά
1329 4775 1387 4826 ὲν
1420 4774 1574 4842 ἡμῖν.
1613 4774 1723 4841 Τῆς
1757 4790 1876 4826 κοι-

275 4862 491 4924 νωνίας
549 4861 642 4914 τοῦ
677 4862 910 4932 νυμφίου
965 4862 1313 4918 αἰσθάνεσθαι
1352 4864 1447 4932 τὴν
1490 4863 1667 4934 ψυχὴν
1689 4905 1706 4928 ,
1737 4865 1812 4924 ὡς
1842 4866 1875 4934 ἡ

272 4956 424 5022 γυνὴ
484 4954 808 5008 αίσθάνεται
859 4954 959 5022 τῆς
1008 4955 1106 5007 τοῦ
1159 4956 1352 5025 ἁκδρὸς
1410 4959 1724 5018 συνουσίας.
1775 4957 1878 5008 Τὸν

276 5047 538 5111 σταυρὸν
587 5047 990 5116 βδελύσσονται.
1042 5049 1152 5118 Τὴν
1189 5049 1454 5102 Θεοτόκον
1503 5051 1561 5101 οὐ
1609 5049 1874 5118 τιμῶσιν,

268 5139 402 5191 οὐδὲ
459 5137 565 5191 τὸν
604 5139 914 5209 ῐῐρὸδρομον
962 5142 1054 5194 καὶ
1085 5141 1401 5210 Βαπτιστὴν
1443 5143 1723 5212 Ἰωάννην,
1757 5142 1879 5196 οὐδὲ

268 5231 406 5292 τοὺς
437 5229 658 5295 ὁσίους,
687 5232 736 5284 εί
771 5231 845 5302 μὴ
877 5233 1037 5301 μόνον
1075 5235 1205 5297 τοὺς
1235 5235 1557 5304 Μάρτυρας.
1590 5234 1656 5290 Οἱ
1691 5233 1876 5303 βουλό-

269 5339 436 5390 μενοι
463 5401 476 5406 __
497 5321 926 5391 ἀποτέμνονται.
954 5322 1153 5376 Λύουσι
1171 5325 1298 5388 τοὺς
1329 5326 1562 5394 γάμους,
1589 5324 1880 5393 ὀμνύουσιν

265 5413 480 5476 ἀδεῶς,
517 5413 893 5480 ἐπιορκοῦσιν.
917 5415 1400 5484 ’Λναθεματίζουσι
1421 5416 1518 5484 τὴν
1544 5416 1756 5486 αἵρεσιν
1784 5416 1881 5468 αὑ-

265 5505 402 5558 τῶν.
442 5501 678 5568 Ταύτης
717 5505 812 5572 τῆς
848 5503 1028 5573 λύμης
1064 5505 1435 5575 ὑποπλησθεὶς
1477 5509 1570 5559 καὶ
1621 5505 1875 5558 Ἐλευθέ-

266 5613 388 5664 ριος
407 5597 438 5646 ὀ
465 5593 806 5661 Παφλαγὼν,
827 5595 1157 5666 προσεξεῦρε
1183 5599 1276 5650 καὶ
1297 5598 1458 5659 αὐτὸς
1488 5599 1614 5662 ἄξια
1636 5596 1838 5649 ἑαυτοῦ
1863 5613 1877 5626 °

263 5691 362 5741 τὸν
396 5686 660 5756 μοναχὴν
687 5688 806 5738 δυσὶ
839 5689 1263 5752 συνευνάζεσθαι
1294 5691 1536 5756 γυναιξί·
1573 5693 1663 5742 καὶ
1691 5690 1878 5758 χρόνον

265 5778 365 5829 ἕνα
396 5777 962 5842 ἐγκρατευσάμενον,
985 5778 1077 5828 τοῦ
1119 5777 1311 5829 λοιποῦ
1347 5780 1436 5828 κλὶ
1467 5781 1582 5839 ταῖς
1617 5779 1875 5843 συγγενέ-

269 5886 354 5930 σιν
403 5866 605 5927 ἀδεῶς
641 5868 889 5936 χρῆσθαι,
941 5871 1105 5937 μηδὲν
1134 5858 1530 5926 διαστέλλονςει.
1580 5871 1650 5922 Τὸ
1676 5871 1730 5922 δὲ
1773 5872 1877 5922 τείν

1981 4685 2291 4734 mentorum
2323 4670 2594 4725 hominem
2631 4664 3062 4736 puriﬁcare,'scd
3101 4663 3274 4718 solam
3311 4662 3442 4730 ipsis
3482 4661 3564 4714 fa-

1982 4769 2248 4823 miliarem
2293 4763 2684 4827 precationem.
2723 4756 2859 4814 Mala
2893 4758 2947 4809 in
3002 4755 3158 4809 nobis
3182 4763 3377 4807 natura
3413 4752 3564 4806 exsio

1981 4871 2147 4913 stcre.
2205 4854 2296 4909 Sic
2331 4852 2570 4907 animam
2613 4848 2797 4918 sponsi
2852 4845 3288 4901 conmmnionem
3335 4845 3565 4904 sentire,

1979 4949 2434 5019 quemadmodum
2463 4941 2568 5004 viri
2605 4941 2805 4995 coitum
2843 4939 3038 4992 mulier
3079 4937 3298 4991 sentiat.
3334 4935 3564 4990 Crucem

1980 5041 2388 5098 abominantur.
2443 5034 2728 5101 Deiparam
2787 5028 2936 5086 nullo
2994 5027 3290 5098 dignantur
3335 5027 3566 5087 honore.

1984 5146 2159 5200 neque
2190 5141 2582 5200 prmcursorent
2623 5140 2686 5177 ac
2731 5121 3031 5190 Baptislam
3068 5118 3351 5186 Joannem,
3392 5131 3568 5186 neque

1983 5233 2221 5284 sanctos,
2277 5218 2610 5288 martyribus
2638 5212 2901 5282 exceptis.
2935 5211 3037 5279 Qui
3080 5209 3287 5277 volunt,
3317 5219 3564 5262 castran—

1985 5327 2093 5369 tur.
2125 5311 2467 5367 Matrimonia
2517 5308 2754 5363 solvunt.
2793 5305 3019 5375 Impune
3054 5304 3266 5373 juranl,
3318 5317 3382 5356 ac
3418 5299 3566 5370 pcje-

1985 5418 2124 5461 rant.
2157 5405 2375 5460 Sectam
2423 5417 2580 5456 suam
2619 5397 3106 5454 auathematizant.
3139 5395 3252 5448 Hac
3287 5402 3438 5463 peste
3484 5400 3568 5444 to-

1983 5511 2069 5555 tus
2101 5499 2333 5554 infectus
2380 5495 2726 5552 Eleutherins
2754 5491 2844 5546 ille
2891 5489 3184 5558 Paphlago,
3216 5497 3476 5555 prmterca
3508 5499 3565 5536 se

1984 5594 2140 5658 digna
2177 5590 2425 5660 qurudam
2473 5585 2789 5640 adiuvenit:
2827 5583 3028 5638 debere
3074 5576 3396 5632 monachum
3439 5591 3562 5635 cum

1985 5686 2195 5738 duabus
2227 5682 2429 5736 cubare
2467 5676 2827 5739 mulierculis,
2859 5686 3074 5740 unoque
3106 5685 3249 5722 anno
3279 5669 3564 5723 continenv

1985 5789 2065 5829 tcr
2099 5783 2310 5836 exacto,
2334 5787 2492 5840 posse
2516 5771 2772 5835 deinec-ps
2798 5767 3014 5832 impune
3042 5771 3394 5827 cognatarum
3428 5775 3566 5828 quu-

1987 5881 2088 5930 qnc
2124 5863 2514 5919 consuetudine
2565 5860 2702 5912 citra
2751 5854 3043 5910 discrimen
3095 5850 3191 5902 uti.
3233 5847 3440 5910 Nomen
3486 5849 3565 5927 ip-
