4096 6460
500 411 572 475 38
1688 415 1954 476 CONST.
1985 411 2544 474 liARMENOPULl
3689 411 3757 476 23

503 544 621 581 sum
663 526 1077 582 Masaliauornm
1109 527 1352 583 Graecam
1397 528 1449 582 in
1490 529 1728 600 linguam
1761 528 2084 589 traductum,

2195 526 2563 580 Μασαλιανῶν
2602 527 2774 596 ὄνομα
2821 527 3304 600 ἐξελληνιζόμενον
3331 527 3560 599 Εὐχίτας
3593 527 3762 598 δηλοῖ.

506 616 765 669 Ειιι·1ιὶιιιε
819 618 934 672 sive
985 633 1208 684 precum
1269 617 1552 672 studiosos
1605 618 1894 684 signiﬁcat.
1947 617 2079 671 Nam

509 709 753 776 precatio
803 724 996 778 magno
1025 719 1107 764 est
1137 711 1275 777 apud
1327 713 1474 778 ipsos
1519 712 1574 766 in
1612 712 1810 781 pretio,
1840 726 2001 780 quam
2029 720 2084 766 et

509 802 562 853 in
612 803 798 869 vulgus
829 802 1012 855 eil‘erri
1065 811 1267 858 velant.
1314 804 1386 856 Ex
1440 819 1498 857 re
1550 820 1768 872 quoque
1818 816 2082 859 vocantur

508 892 894 948 Enthusiastzc.
927 893 1061 947 Nam
1096 897 1354 948 dannonis
1385 897 1436 950 vi
1469 899 1726 968 correpti,
1761 912 1878 950 eam
1909 898 2080 952 sancti

506 984 743 1054 Spiritus
791 999 913 1039 esse
959 986 1269 1054 opinantur.
1322 987 1467 1054 Quos
1509 989 1654 1041 enim
1709 990 1930 1043 morbus
1979 990 2083 1042 iste

510 1087 733 1137 prorsus
774 1073 993 1135 invasit,
1032 1090 1249 1128 omnem
1287 1076 1321 1130 ii
1377 1072 1630 1135 manuum
1680 1078 1943 1140 laborem.
1981 1094 2080 1133 ceu

513 1163 734 1226 malum,
779 1177 1098 1219 aversantur
1129 1184 1142 1220 :
1174 1179 1224 1218 et
1283 1183 1473 1222 somno
1516 1171 1836 1238 plerumque
1884 1170 2080 1234 dediti,

510 1256 722 1320 species
766 1257 884 1310 illas
939 1257 1330 1312 insomniorum
1387 1269 1581 1313 vorant
1623 1262 2079 1318 enthusiasmum.

514 1345 645 1398 Mala
673 1348 862 1401 dicunt
891 1365 1012 1403 esse
1056 1360 1272 1414 natura,
1313 1359 1369 1404 et
1393 1351 1587 1418 quovis
1621 1352 1675 1405 in
1719 1353 1938 1408 homine
1970 1363 2080 1408 tam

511 1439 772 1506 Spiritum
805 1442 1046 1495 divinum
1079 1457 1240 1511 quam
1271 1443 1538 1498 dmmonia
1571 1444 1908 1500 cohabitare.
1941 1449 2079 1503 Pue-

514 1547 623 1592 ros,
655 1533 747 1601 qui
785 1547 1100 1598 naStantur,
1138 1551 1202 1589 ex
1248 1536 1480 1601 Adamn,
1515 1538 1690 1605 primo
1736 1552 1960 1608 parente
1990 1559 2082 1610 ge-

513 1623 660 1677 ncris
691 1623 934 1690 humani,
968 1637 1025 1678 ut
1059 1636 1306 1680 naturam
1355 1629 1596 1694 trahere,
1635 1630 1715 1685 sic
1753 1634 1916 1684 etiam
1969 1648 2085 1685 Ser-

513 1715 736 1766 vitntem
763 1715 934 1779 illam,
957 1731 1060 1781 qua
1089 1716 1423 1772 daemonibus
1451 1720 1858 1790 obstringantur
1883 1740 1895 1775 :
1919 1723 2084 1774 adro-

513 1823 622 1871 qnc
653 1809 1184 1862 consubstantiatum
1226 1820 1440 1880 gestare
1490 1813 1811 1878 daemonem,
1855 1816 2082 1882 singulis

511 1913 698 1950 eorum
735 1900 1156 1962 eolmbitantrm,
1187 1913 1244 1954 et
1294 1912 1616 1972 potestatem
1653 1905 1707 1959 in
1741 1920 1833 1960 eos
1879 1906 2081 1962 haben-

515 2000 646 2043 tem.
703 1989 780 2045 Ac
830 1992 1094 2060 baptisma
1164 1995 1382 2064 quidem
1443 1997 1592 2051 illum
1649 1999 1924 2068 expellere
1974 2017 2080 2054 non

515 2097 692 2149 posse,
722 2084 806 2137 vel
838 2097 1184 2153 peccatorum
1226 2089 1440 2143 radices
1491 2091 1727 2145 evellere
1759 2109 1774 2146 :
1808 2093 1977 2148 solam
2004 2094 2082 2148 eis

516 2176 896 2245 prmscriptam
945 2181 1310 2248 precationem
1341 2190 1395 2234 et
1427 2180 1625 2250 ejicere
1676 2184 1997 2250 daemonem,
2028 2197 2083 2240 et

517 2265 726 2320 radices
769 2268 916 2335 ipsas
944 2285 1267 2340 expurgare.
1306 2272 1596 2341 Postquam
1627 2289 1756 2330 vero
1791 2277 2084 2344 perfectio-

515 2369 604 2409 res
631 2371 693 2408 ex
728 2357 858 2425 ipsis
889 2369 1085 2414 statum
1115 2373 1394 2431 expertem
1425 2363 1775 2420 aﬂ'ectionum
1801 2371 2080 2422 consecuti

515 2445 645 2508 sint,
681 2448 876 2507 venire
901 2465 1064 2517 super
1089 2466 1182 2504 eos
1205 2450 1469 2518 Spiritum
1500 2460 1748 2507 sanctum
1778 2455 2084 2521 aspectabi-

517 2536 662 2603 liter,
693 2547 748 2592 et
791 2551 986 2607 corpus
1017 2541 1084 2596 ab
1117 2541 1347 2610 impulsu
1379 2542 1631 2598 vitiorum
1679 2543 2085 2615 aii‘ectuumque

515 2626 798 2684 liberare:
841 2639 900 2682 ut
950 2632 1184 2700 amplius
1237 2633 1435 2688 deinde
1493 2649 1592 2689 nec
1643 2635 1853 2706 jejunio
1885 2652 2083 2707 corpus

425 2729 432 2736 '
517 2729 797 2788 premente
833 2722 905 2775 sit
934 2738 1094 2789 opus,
1120 2739 1219 2778 nec
1251 2725 1500 2780 doctrina
1532 2728 1747 2782 frenum
1782 2728 2082 2795 injicieute,

517 2822 748 2874 qumque
779 2825 888 2863 non
937 2811 1236 2866 insolenter
1284 2813 1540 2870 incedere
1571 2815 1784 2882 doceat.
1827 2816 2083 2874 Sanctam

517 2897 842 2955 Trinitatem
875 2902 1049 2959 oculis
1074 2919 1133 2959 se
1168 2905 1526 2963 sensibilibus
1559 2909 1744 2964 videre
1769 2911 1979 2972 dicunt,
2005 2915 2086 2966 in-

518 2991 694 3060 deque
727 2993 912 3047 lutura
940 2996 1276 3063 prospicere.
1309 2996 1574 3054 Mendicis
1608 3000 1743 3055 nihil
1772 3003 2087 3072 impertien-

517 3082 642 3136 dum
690 3084 809 3155 lege
841 3090 999 3155 quasi
1036 3089 1145 3143 lata
1193 3099 1461 3158 statuunt,
1493 3093 1588 3148 sed
1624 3093 1726 3149 sibi
1776 3095 2082 3154 duntaxat:

2187 617 2329 670 Πολὺ
2365 619 2474 688 γὰρ
2512 618 2643 687 παρ’
2676 619 2857 682 αὐτοῖς
2891 621 2952 670 τὸ
2982 620 3081 688 τῆς
3118 618 3288 688 εὐχῆς
3329 619 3503 690 ὄνομα
3525 658 3540 683 ,
3574 620 3642 690 ἢν
3672 620 3765 672 καλ.

2182 710 2295 769 τοῖ;
2341 708 2556 772 πολλοῖς
2598 709 2843 762 ποιοῦσιν
2883 709 3208 780 ἀνέκφορον.
3255 710 3560 764 Καλοῦνται
3610 711 3665 764 δὲ
3704 712 3768 765 ὲκ

2187 800 2282 852 τοῦ
2341 800 2668 870 πράγματος
2725 801 2820 854 καὶ
2863 801 3298 854 Ἑνθουσιασταί.
3327 803 3594 872 Δαίμονος
3656 804 3765 873 γὰρ

2184 893 2468 963 ἐνέργειαν
2513 893 2794 956 λαϐόντες,
2833 892 3150 965 πνεύματος
3183 893 3341 961 ἁγίου
3380 888 3519 948 εἶναι
3561 894 3767 962 εταύτην

2184 984 2681 1053 ὑπολαμϐάνουσιν.
2703 987 2766 1037 Oi
2791 987 2901 1054 γὰρ
2929 985 3110 1038 τέλεον
3132 987 3234 1054 τὴν
3255 987 3409 1038 νόσον
3434 985 3636 1055 ταύτην
3660 988 3770 1040 εισ-

2183 1073 2514 1142 δεδεγμένοι,
2543 1075 2981 1141 ἀποστρέφονται
3009 1075 3106 1144 μὲν
3129 1073 3228 1146 τὴν
3249 1077 3358 1129 τῶν
3380 1075 3582 1147 χειρῶν
3604 1077 3768 1144 ἔργα·

2187 1167 2330 1230 σίαν,
2366 1166 2440 1229 ὡς
2468 1169 2742 1236 πονηράνυ
2790 1166 2946 1236 ὕπνῳ
2978 1167 3034 1219 δὲ
3080 1169 3148 1220 τὰ
3188 1168 3360 1222 πολλὰ
3391 1170 3533 1236 σφᾶς
3567 1168 3770 1230 αὐτοὺς

2183 1259 2503 1322 ἐκδιδόντες.
2531 1259 2926 1326 ἐνθουσιασμὸν
2953 1260 3049 1322 τὰς
3075 1259 3183 1312 τῶν
3206 1261 3434 1329 ὀνείρων
3465 1261 3769 1328 φαντασίας

2185 1350 2431 1405 καλοῦσι.
2484 1351 2649 1404 Φύσει
2704 1352 2954 1418 λέγουσιν
3007 1349 3150 1404 εἶναι
3207 1353 3276 1406 τὰ
3329 1352 3508 1418 κακὰ,
3563 1353 3662 1405 καὶ
3712 1355 3774 1404 ὲν

2186 1441 2404 1511 ἑκάστῳ
2428 1441 2699 1513 ἀνθρώπῳ
2724 1444 2951 1512 Πνεῦμά
2976 1461 3034 1495 τε
3061 1443 3204 1496 θεῖον
3229 1447 3520 1509 συνοικεῖν,
3544 1445 3642 1497 καὶ
3660 1443 3774 1498 δαίς

2189 1548 2347 1599 μονα.
2385 1531 2526 1594 Τοὺς
2567 1533 2923 1600 τικτομένους
2956 1532 3158 1594 παῖδας
3192 1533 3255 1584 ἐκ
3295 1532 3388 1584 τοῦ
3420 1531 3773 1599 προπάτορος

2183 1621 2368 1678 ’ἐλκειν
2425 1621 2817 1692 ’Δδὰμῶσπερ
2862 1623 2960 1692 τὴν
3002 1621 3168 1690 φύσιν
3191 1663 3208 1689 ,
3241 1621 3386 1674 οὕτω
3419 1622 3485 1691 δὴ
3535 1623 3636 1674 καὶ
3668 1621 3771 1690 τὴν

2189 1713 2326 1779 πρὸς
2351 1715 2477 1774 τοὺς
2523 1713 2789 1784 δαίμονας
2815 1714 3089 1773 αδουλείαν
3113 1754 3129 1779 ,
3181 1715 3277 1768 καὶ
3325 1713 3768 1781 συνουσιωμένον

2187 1803 2374 1873 φέρειν
2395 1804 2646 1873 δαίμονα,
2670 1806 2891 1877 ἑκάστῳ
2911 1806 3118 1859 τούτων
3143 1807 3498 1859 συνοικοῦντα
3525 1811 3623 1858 atat
3645 1821 3775 1856 κατ-

2184 1895 2591 1963 εξουσιάζοντα.
2620 1900 2731 1952 Καὶ
2777 1899 2840 1954 τδ
2885 1901 2982 1970 μὲν
3015 1899 3300 1968 βάπτισμα
3326 1898 3606 1954 ἀδυνάτως
3631 1897 3778 1966 ἔχειν

2185 1988 2498 2057 ἐξελαύνειν
2532 1991 2697 2042 αὐτὸν
2717 2029 2732 2054 ,
2770 1991 2803 2060 ἢ
2832 1993 2933 2055 τὰς
2967 1991 3126 2062 ῥίζας
3167 1992 3421 2062 ἀνασπᾷν
3449 1990 3561 2043 τῶν
3591 1993 3777 2059 ἁμαρ-

2183 2081 2442 2150 τημάτων
2465 2097 2480 2114 ο
2514 2081 2683 2152 μόνην
2709 2082 2766 2136 δὲ
2795 2084 2893 2151 τὴν
2925 2084 3366 2153 ἑπιτεταγμὲνην
3392 2085 3582 2145 αὐτοῖς
3606 2083 3780 2151 εὐχὴν

2185 2173 2396 2226 ἐκεῖνόν
2429 2190 2488 2226 τε
2516 2173 2761 2239 ἐξωθεῖν,
2793 2159 2890 2228 καὶ
2918 2177 3125 2238 ταύτας
3153 2174 3458 2244 καθαίρειν.
3493 2175 3604 2228 Καὶ
3639 2174 3779 2243 μετὰ

2183 2265 2284 2333 τὴν
2324 2264 2626 2336 γινομένην
2667 2268 2779 2329 τοῖς
2818 2266 2998 2320 αὐτῶν
3037 2267 3395 2332 τελειοτέροις
3443 2267 3724 2318 ἀπάθειαν
3756 2303 3772 2326 ,

2187 2356 2472 2426 ὲπιφοιτᾷν
2510 2357 2690 2421 αὐτοῖς
2732 2358 2947 2429 ὁρατῶς
2976 2359 3038 2411 τὸ
3079 2359 3306 2428 Πνεῦμα
3346 2358 3408 2409 τὸ
3455 2356 3640 2424 ἆγιον,
3678 2358 3779 2410 καὶ

2184 2445 2285 2515 τῆς
2311 2445 2421 2499 τῶν
2465 2447 2656 2500 παθῶν
2696 2450 2969 2519 κινήσεως
3003 2447 3064 2502 τὸ
3100 2449 3261 2519 σῶμα
3301 2449 3632 2520 ἐλευθεροῦν
3659 2465 3672 2479 ⁸
3703 2448 3781 2510 ὼς

2189 2538 2392 2606 μηκέτι
2433 2538 2618 2596 λοιπὸν
2666 2539 2879 2594 δεῖσθαι
2931 2542 3070 2610 μήτε
3116 2541 3410 2610 νηστείας,
3466 2541 3778 2610 πιεζούσης

2186 2631 2319 2683 αὐτὸ
2339 2669 2354 2693 ,
2387 2633 2524 2702 μήτε
2554 2632 2910 2696 διδασκαλίας
2941 2634 3293 2704 χαλινούσης,
3323 2635 3418 2685 καὶ
3451 2633 3532 2703 μὴ
3563 2633 3781 2704 βαίνειν

2187 2721 2399 2775 ἄτακτα
2430 2721 2818 2792 παιδευούσης.
2850 2723 2962 2794 Τὴν
2994 2725 3158 2792 ἁγίαν
3187 2721 3397 2794 Τρίαδα
3428 2727 3548 2788 τοῖς
3585 2725 3784 2794 αἰσθη-

2186 2815 2298 2876 τοῖς
2337 2813 2592 2883 λέγουσιν
2636 2817 2772 2887 ὀρᾷν
2811 2816 3151 2887 ὀφθαλμοῖς,
3195 2818 3496 2871 κάντεῦθεν
3537 2819 3610 2871 τὰ
3645 2817 3782 2887 μέλ-

2187 2903 2347 2957 λοντα
2383 2905 2737 2975 προδλέπειν.
2765 2907 3141 2976 Νομοθετοῦσι
3172 2909 3247 2979 μὴ
3273 2909 3385 2964 δεῖν
3417 2910 3780 2979 μεταδιδόναι

2185 2999 2298 3061 τοῖς
2332 2997 2737 3068 προσαιτοῦσιν,
2772 2999 2887 3053 ἀλλ’
2919 3001 3128 3064 ἑαυτοῖς
3161 3000 3257 3054 καὶ
3292 3001 3499 3071 μόνοις,
3538 3002 3781 3066 ἑαυτοὺς

2186 3085 2328 3145 εἶναι
2368 3090 2620 3158 λέγοντες
2666 3095 2918 3162 πτωχοὺς
2970 3093 3049 3161 τῷ
3100 3092 3400 3161 πνεύματι,
3451 3092 3550 3157 οὓς
3596 3096 3700 3148 καὶ
3751 3094 3783 3147 ὀ

518 3190 642 3232 cum
691 3181 909 3246 quidem
946 3195 1004 3233 se
1053 3182 1245 3250 spiritu
1279 3197 1544 3252 pauperes
1569 3185 1774 3253 dicant,
1809 3203 1944 3256 quos
1972 3189 2084 3260 ipse

2195 3181 2398 3252 Κύριος
2439 3183 2803 3254 ὲμακάρισεν.
2860 3186 2923 3239 Οἱ
2968 3185 3129 3238 αὐτοὶ
3185 3186 3282 3239 καὶ
3327 3185 3784 3241 Οὐαλεντινιανοὶ

522 3273 783 3328 Dominus
829 3275 1015 3328 beatos
1069 3274 1463 3341 praedicaverlt.
1490 3277 1769 3332 Vocantur
1817 3279 1979 3336 iidem
2035 3289 2090 3338 et

518 3365 912 3429 Valentiniani,
945 3367 1087 3434 quod
1135 3365 1411 3421 Valentini
1455 3376 1510 3422 et
1576 3369 1816 3428 Valentis
1883 3382 2092 3445 tempe-

2194 3273 2522 3340 καλοῦνται,
2580 3276 2664 3329 ὅτι
2721 3277 2864 3330 κατὰ
2925 3279 3053 3340 τοὺς
3111 3277 3339 3347 χρόνους
3403 3279 3782 3331 Οὐαλεντίνου

2194 3363 2691 3439 [Οὐαλεντινιανοῦι
2715 3371 2810 3422 καὶ
2830 3367 3128 3433 Οὐάλεντος
3145 3367 3177 3439 ἦ
3199 3369 3404 3424 τούτων
3427 3371 3784 3444 ὲδλάστησεν

522 3458 674 3512 ribus
715 3457 944 3512 haeresis
991 3473 1178 3512 eorum
1226 3461 1598 3529 pullulaverit.
1646 3463 2000 3534 Appellantur
2039 3474 2084 3523 cl

2192 3456 2422 3528 αἵρεσις.
2455 3457 2721 3527 Λὲγονται
2747 3461 2804 3515 δὲ
2831 3463 2928 3516 καὶ
2956 3461 3268 3531 Βογόμιλοι.

522 3549 810 3617 Bngmulli.

592 3643 682 3697 l9.
712 3642 835 3698 llzec
881 3643 1282 3712 Bogomilornm
1333 3646 1556 3702 haeresis
1602 3663 1710 3703 non
1756 3649 1929 3703 multo
1963 3658 2093 3704 ante

523 3747 760 3791 nostram
791 3747 1006 3792 aetatem
1038 3749 1227 3793 exorta
1261 3740 1383 3808 fuit,
1424 3757 1548 3811 pars
1575 3751 1737 3796 sectae
1771 3743 2091 3798 Masaliano-

521 3843 665 3892 rum,
696 3839 902 3883 etcum
959 3845 1148 3885 eorum
1201 3833 1547 3901 dogmatibus
1587 3833 1780 3902 majori
1817 3853 1882 3889 ex
1939 3845 2092 3910 parte

518 3923 866 3976 consentiens
901 3940 915 3975 :
948 3925 1271 3991 cxcogitatis
1308 3935 1573 3995 praeterea
1627 3929 1903 3982 nonnullis
1944 3930 2088 3999 aliis,

521 4019 577 4062 et
626 4021 782 4064 aucta
817 4020 990 4078 peste.
1024 4011 1307 4081 Signilicat
1356 4024 1534 4068 autem
1572 4015 1898 4084 Bogomilns,
1934 4019 2091 4086 juxta

522 4100 797 4169 Mysorum
845 4103 1104 4172 linguam,
1132 4105 1225 4172 qui
1263 4104 1356 4159 Dei
1411 4107 1841 4160 miscricordiam
1894 4109 2089 4178 implo-

522 4202 625 4246 rat.
664 4192 725 4246 lli
794 4191 1002 4248 Veteris
1041 4202 1096 4248 et
1148 4193 1280 4248 Novi
1342 4196 1672 4252 Testamenti
1731 4199 1896 4254 libros
1933 4188 2091 4270 repu-

519 4285 693 4349 diant,
727 4300 831 4338 una
862 4301 984 4340 cum
1019 4288 1269 4354 exposito
1301 4289 1352 4339 in
1381 4288 1460 4341 eis
1489 4289 1594 4343 Deo
1620 4330 1635 4354 ,
1680 4291 1834 4357 quasi
1866 4294 1959 4360 qui
1993 4308 2089 4362 per

519 4376 756 4430 alllatum
787 4376 1002 4432 Sataua:
1028 4379 1312 4448 perscripti
1335 4380 1555 4444 fuerint,
1591 4393 1796 4450 septem
1826 4384 2090 4438 duntaxat

518 4472 784 4538 exceptis,
840 4473 895 4525 in
934 4489 1159 4541 quorum
1213 4489 1438 4528 numero
1475 4484 1528 4528 et
1575 4476 1929 4547 Evangelinm
1975 4488 2078 4534 est.

2267 3637 2353 3696 ιθ’.
2423 3640 2490 3694 Ἥ
2533 3640 2642 3698 τῶν
2689 3641 3002 3711 Βογομίλων
3045 3641 3256 3711 αἵρεσις
3309 3641 3369 3692 οὖ
3419 3643 3533 3710 πρὸ
3578 3643 3786 3697 πολλοῦ

2195 3733 2428 3802 συνέστη
2453 3735 2552 3802 τῆς
2583 3733 2705 3786 καθ’
2731 3735 2879 3804 ἡμᾶς
2907 3734 3122 3801 γενεᾶς,
3157 3733 3320 3802 μέρος
3361 3730 3500 3787 οὖσα
3532 3735 3638 3801 τῆς
3673 3737 3788 3788 τῶν

2191 3821 2578 3886 Μισαλιανῶν,
2612 3825 2707 3876 καὶ
2739 3824 3130 3894 συμφερομένη
3160 3825 3228 3878 τὰ
3264 3825 3433 3877 πολλὰ
3465 3831 3587 3891 τοῖς
3634 3830 3789 3882 ὲκεί-

2192 3932 2300 3968 νων
2337 3916 2638 3984 δόγμασιν·
2673 3915 2789 3968 ἔστι
2836 3917 2893 3969 δὲ
2932 3916 2967 3970 ἃ.
3016 3918 3108 3969 καὶ
3159 3917 3633 3986 προπξευροῦσα,
3690 3925 3791 3974 καὶ

2192 4007 2293 4076 τὴν
2328 4007 2506 4076 λύμην
2542 4007 2848 4076 αὐξήσασα.
2882 4009 2979 4077 Εῖη
3011 4009 3056 4062 δ’
3083 4009 3149 4061 ἂν
3187 4009 3482 4079 Βογόμιλος
3513 4015 3664 4066 κατὰ
3687 4015 3791 4085 τὴν

2191 4097 2300 4149 τῶν
2338 4097 2542 4152 Μυσῶν
2576 4098 2844 4166 γλῶτταν,
2869 4101 2897 4152 ὀ
2925 4099 3019 4152 τοῦ
3057 4098 3192 4151 Θεοῦ
3226 4098 3318 4151 τὸν
3346 4100 3502 4152 ἔλεον
3531 4105 3791 4157 ἐπισπώ-

2195 4205 2376 4257 μενος.
2412 4185 2572 4242 Οῦτοι
2599 4188 2698 4250 τὰς
2723 4189 2822 4258 τῆς
2853 4189 3096 4253 Παλαιᾶς
3130 4189 3222 4242 καὶ
3266 4191 3480 4254 Καινῆς
3520 4193 3790 4249 ἀθετοῦσι

2197 4280 2431 4348 βίϐλους,
2464 4279 2602 4349 μετὰ
2629 4279 2724 4333 τοῦ
2757 4281 2814 4333 ὲν
2847 4282 3040 4345 αὑταῖς
3069 4282 3464 4352 γεγραμμένου
3498 4287 3644 4338 Θεοῦ
3666 4305 3682 4320 ·
3712 4289 3793 4349 ὡς

2195 4374 2314 4426 κατ’
2339 4375 2628 4428 ἐπίπνοιαν
2671 4375 2979 4444 γραφείσας
3019 4374 3114 4426 τοῦ
3147 4375 3382 4439 Σατανᾶ,
3410 4375 3559 4446 πλὴν
3600 4381 3791 4448 μόνων

2195 4467 2357 4532 ἑπτὰ,
2378 4459 2453 4520 ὧν
2479 4469 2595 4519 ἐστι
2621 4466 2715 4519 καὶ
2735 4467 2796 4518 τὸ
2820 4466 3173 4534 Εὐαγγέλιον.
3202 4467 3711 4537 Παρερμηνεύουσι
3732 4473 3792 4527 δὲ

519 4564 628 4617 llos
660 4565 804 4633 ipsos
829 4581 1042 4634 quoque
1077 4567 1248 4622 libros
1280 4567 1414 4621 falso
1443 4569 1892 4639 interpretantur,
1919 4581 1974 4625 et
2002 4588 2084 4625 sa-

2190 4561 2288 4614 καὶ
2315 4558 2541 4622 ταύτας,
2587 4558 2682 4610 καὶ
2717 4557 3058 4629 βλασφήμοις
3086 4560 3318 4621 ἐννοίαις
3349 4560 3441 4612 καὶ
3476 4569 3791 4634 μυσαραῖς,

517 4654 735 4722 crilegis
766 4657 1225 4725 exsecrandisque
1257 4658 1506 4712 sensibus
1535 4659 1598 4711 ad
1623 4673 1686 4712 ea
1709 4661 1977 4728 quaeipsis
2007 4662 2088 4714 vi-

517 4747 736 4806 dentur,
777 4750 1129 4815 detorquent.
1202 4748 1501 4815 Ignominia
1561 4765 1783 4805 crucem
1845 4753 2084 4806 divinam

517 4834 778 4898 alliciunt,
797 4838 960 4889 veluti
992 4854 1108 4903 qua:
1136 4838 1417 4893 Dominum
1447 4842 1758 4905 necaverit,
1793 4843 2089 4914 itidemque

519 4929 820 4980 reverentia
869 4930 1087 4997 dignum
1124 4931 1254 4993 illud
1285 4946 1498 4985 sacrum
1539 4935 1803 4987 Dominici
1845 4937 2086 5002 corporis

517 5025 682 5078 atque
715 5017 1017 5082 sanguinis,
1045 5020 1186 5086 quod
1238 5021 1455 5088 quidem
1502 5022 1920 5078 inhabitantium
1953 5036 2088 5079 tem-

517 5105 620 5172 plis
651 5107 951 5158 dmmonum
996 5109 1321 5163 sacriﬁcium
1363 5113 1659 5179 appellant.
1699 5113 1830 5168 Nam
1883 5115 1935 5168 in
1976 5130 2087 5169 om-

517 5194 679 5252 nibus
714 5199 886 5251 sacris
935 5199 1139 5253 a:dibus
1187 5201 1436 5257 habitare
1469 5205 1744 5260 daemonas
1775 5207 1944 5260 aiunt.
1981 5207 2087 5263 Νο-

515 5296 688 5342 strum
741 5291 1031 5357 baptisma,
1081 5291 1348 5359 Joannis;
1399 5312 1556 5350 suum
1591 5298 1746 5363 vero,
1779 5299 2085 5354 Servatoris

515 5393 639 5438 esse
695 5380 909 5434 dicunt.
949 5383 1132 5437 Solum
1200 5397 1395 5439 vocant
1445 5389 1836 5455 precationem,
1879 5407 1896 5439 ι
1927 5389 2085 5442 Pater

517 5482 702 5537 noster
740 5490 753 5525 :
801 5493 818 5524 ι
855 5485 1081 5529 caeteras
1108 5479 1418 5545 repudiant,
1452 5489 1504 5532 et
1528 5480 1876 5548 battologiam
1907 5483 2082 5534 nomi-

517 5572 667 5618 nant.
710 5563 968 5633 Deiparos
1031 5567 1216 5620 dicunt
1268 5581 1386 5632 eos,
1420 5580 1685 5636 quotquot
1736 5571 1878 5639 apud
1937 5571 2082 5638 ipsos

516 5651 620 5708 hoc
648 5656 925 5708 consecuti
958 5656 1085 5721 sint,
1126 5667 1183 5708 ut
1215 5657 1451 5725 Spiritus
1482 5671 1703 5712 sanctus
1733 5660 1782 5712 in
1815 5660 1892 5714 eis
1932 5660 2084 5714 habi-

515 5753 627 5810 tet,
663 5749 814 5812 quasi
860 5749 952 5816 qui
1007 5763 1312 5808 sermonem
1349 5750 1398 5802 in
1429 5751 1656 5805 dicendo
1683 5753 1929 5823 gignant;
1959 5755 2076 5810 Non

520 5837 682 5899 modo
714 5854 806 5907 per
848 5855 1124 5906 somnum,
1153 5839 1243 5893 sed
1285 5841 1566 5910 vigilantes
1600 5846 1762 5899 ctiam
1797 5847 1980 5901 videre
2024 5863 2080 5901 se

2192 4646 2329 4714 πρὸς
2367 4645 2428 4697 τὸ
2468 4645 2660 4697 δοκοῦν
2708 4646 2913 4708 αὐτοῖς,
2951 4647 3374 4716 μεταφέρουσιν.
3412 4649 3792 4720 ’Δτιμὰξουσι

2185 4737 2278 4790 τὸν
2307 4736 2448 4789 θεῖον
2476 4737 2726 4804 σταυρὸν,
2759 4736 2835 4798 ὡς
2863 4738 3163 4807 ἀναιρέτην
3187 4739 3278 4790 τοῦ
3314 4739 3528 4808 Κυρίου
3554 4759 3572 4777 ο
3610 4745 3698 4799 ἔτι
3731 4747 3793 4802 δὲ

2187 4830 2282 4882 καὶ
2304 4829 2401 4896 τὴν
2429 4829 2663 4898 φρικτὴν
2689 4829 3006 4898 ἱερουργίαν
3028 4829 3122 4881 τοῦ
3149 4832 3483 4884 Δεσποτικοῢ
3518 4834 3792 4903 σώματος

2189 4921 2283 4973 καὶ
2313 4919 2564 4988 αἳματος,
2601 4918 2714 4971 τῶν
2743 4920 3103 4972 ἐνοικούντων
3151 4922 3266 4981 τοῖς
3309 4922 3452 4980 ναοῖς
3493 4921 3792 4992 δαιμόνων

2188 5011 2379 5064 θυσίαν
2407 5012 2617 5082 ταύτην
2647 5012 3082 5073 ἀποκαλοῦντες.
3115 5013 3350 5078 Λέγουσι
3392 5013 3505 5080 γὰρ
3547 5017 3608 5067 ὲν
3645 5021 3792 5070 πᾶσι

2187 5107 2299 5166 τοῖς
2334 5106 2499 5174 ἱεροῖς
2547 5108 2698 5166 ναοῖς
2744 5107 2871 5167 τοὺς
2909 5104 3170 5174 δαίμονας
3221 5107 3523 5160 κατοικεῖν.
3574 5109 3696 5162 Καὶ
3727 5112 3794 5165 τὸ

2191 5197 2292 5264 μὲν
2318 5198 2453 5266 παρ’
2483 5198 2615 5266 ἡμῖν
2648 5197 2939 5265 βάπτισμα
2973 5194 3069 5248 τοῦ
3120 5197 3372 5249 Ἰωάννου
3404 5195 3698 5264 λέγοντες,
3726 5201 3793 5255 τὸ

2186 5289 2244 5342 δὲ
2294 5289 2428 5357 παρ’
2486 5289 2674 5351 αὐτοῖς
2720 5289 2814 5342 τοῦ
2863 5289 3151 5358 Σωτῆρος,
3217 5289 3386 5356 μόνην
3433 5287 3792 5358 ὀνομάζουσι

2188 5379 2526 5450 προσευχὴν,
2553 5380 2636 5444 τὸ,
2672 5399 2690 5430 ι
2734 5382 2912 5450 Πάτερ
2943 5380 3126 5450 ἡμῶν·
3171 5399 3188 5430 ι
3225 5381 3323 5442 τὰς
3359 5379 3403 5432 δ’
3429 5373 3614 5446 ἄλλας
3646 5387 3792 5440 dies-

2186 5473 2370 5536 τοῦσι,
2419 5473 2774 5541 βαττολογίαν
2817 5473 3129 5533 καλοῦντες.
3172 5471 3472 5532 Θεοτόκους
3517 5471 3789 5544 λέγουσι,

2187 5565 2340 5630 τοὺς*
2373 5567 2504 5634 παρ’
2555 5565 2740 5628 αὐτοῖς
2788 5565 2998 5618 ἑνοικον
3055 5565 3440 5632 κτησαμένους
3500 5566 3568 5616 τὸ
3617 5569 3790 5636 ἅγιον

2191 5655 2436 5725 Πνεῦμα,
2479 5655 2554 5720 ὡς
2585 5657 2675 5710 τὸν
2707 5657 2867 5723 λόγον
2915 5657 2974 5708 ἐν
3001 5656 3079 5726 τῷ
3120 5657 3394 5709 διδάσκειν
3428 5655 3796 5728 γεννῶνταςδ

2190 5754 2454 5822 Λέγουσιν
2483 5754 2541 5806 οὑ
2570 5756 2732 5824 μόνον
2764 5754 2918 5821 δναρ,
2945 5751 3080 5804 ἀλλὰ
3107 5753 3200 5804 καί
3228 5750 3377 5820 ῦπαρ
3401 5751 3660 5822 βλέπειν,
3688 5760 3792 5814 τὸν

2191 5846 2288 5916 μὲν
2346 5846 2583 5915 Πατέρα,
2633 5845 2703 5905 ὡς
2757 5844 3010 5912 γέροντα,
3058 5844 3382 5913 καθειμένον
3415 5846 3631 5914 ἱκανῶς
3683 5852 3793 5924 τὴν
