4096 6474
507 406 574 472 31
1684 419 1826 481 (3οΝ
1837 419 1945 478 ST.
1981 420 2026 477 ll
2040 422 2076 477 Α

2181 422 2554 483 I‘IENOPULI
3090 428 3091 431 “
3690 426 3756 487 3‘2

508 521 673 589 Deus,
721 523 924 581 Filius:
980 528 1260 597 perlectus
1296 530 1459 596 Deus,
1515 532 1753 600 Spiritus
1813 545 2079 607 sanetusg

2187 538 2302 606 ἔχει
2337 539 2591 608 θεύτητα.
2624 538 2755 600 Θεὸς
2803 538 2934 608 γὰρ,
2974 539 3066 591 καὶ
3105 538 3256 604 Θεὸς,
3295 540 3388 592 καὶ
3426 539 3556 601 Θεός
3581 558 3591 571 ·
3642 530 3754 593 ἀλλ’

505 629 627 668 cum
664 631 824 672 unam
881 629 937 673 ct
970 621 1234 677 'eamdem
1301 623 1554 692 quilibet,
1586 625 1724 679 citra
1781 624 2078 688 defectum,

2187 625 2270 693 εἷς
2294 629 2364 682 τὰ
2388 631 2516 701 τρία
2543 630 2696 695 Θεὸς,
2730 633 2805 694 ὼς
2850 628 2966 694 τοῖς
2999 633 3175 698 ἀγίοις
3218 634 3466 700 Πατράσι
3500 633 3755 701 κηρύττε-

507 705 913 777 perlectamque
959 711 1298 767 divinitatem
1336 715 1574 779 habeat;
1631 716 1772 771 Deus
1810 718 1979 780 enim,
2028 726 2079 772 et

2181 737 2292 773 ται.
2324 721 2490 775 Οὐδὲν
2505 722 2615 790 γάρ
2643 722 2861 775 κτιστὸν
2886 725 2955 775 ὲνι
2971 722 3175 787 αὐτοῖς,
3199 725 3233 794 ἢ
3261 724 3469 790 δοῦλον,
3496 726 3531 795 ἢ
3561 724 3753 777 ἐπείσ-

507 796 675 862 Deus,
710 808 764 852 et
818 798 991 861 Deus:
1029 804 1125 858 sed
1189 804 1306 860 haec
1362 807 1464 860 tria
1528 806 1669 861 Deus
1728 824 1891 873 unus,
1942 811 2084 865 sicut

509 891 686 943 Sancti
721 889 911 947 Patres
940 896 1260 963 praedicant.
1290 897 1423 952 Nam
1457 898 1590 952 nihil
1621 899 1674 951 iu
1703 901 1785 954 eis
1815 914 2079 964 creatum,

511 980 590 1032 vel
628 994 872 1047 servum,
918 983 1000 1038 vel
1048 996 1393 1054 extraneum,
1425 991 1583 1056 quasi
1619 990 1821 1045 factum
1872 997 2081 1045 ortum-

508 1084 613 1136 que
644 1074 936 1139 posterius.
972 1074 1106 1130 Cum
1142 1077 1257 1132 hmc
1293 1090 1497 1134 sancta:
1525 1081 1598 1135 sit
1629 1090 1683 1135 et
1723 1082 2085 1136 consubstanv

509 1160 653 1216 tialis
706 1161 996 1220 Trinitatis
1046 1167 1208 1234 ratio,
1243 1168 1405 1224 simul
1460 1171 1626 1225 etiam
1685 1172 2085 1227 incarnationis

508 1256 763 1322 mysteria
808 1257 911 1313 hoc
950 1259 1187 1327 quodam
1239 1263 1399 1316 modo
1429 1263 1675 1318 confiteri
1708 1279 1932 1319 necesse
1961 1276 2080 1320 est:

507 1347 707 1414 quippe
756 1346 1022 1403 Dominus
1074 1361 1258 1407 noster
1288 1350 1446 1409 Jesus
1493 1353 1772 1418 Christus,
1810 1356 1900 1422 qui
1945 1371 2083 1411 unus

505 1446 587 1490 cst
623 1452 654 1489 e
680 1451 867 1494 sancta
902 1438 1199 1510 Trinitate,
1239 1438 1332 1499 Dei
1371 1445 1563 1510 Filius,
1602 1455 1826 1515 propter
1850 1446 2082 1503 salutem

506 1541 767 1595 nostram,
800 1542 995 1601 suopte
1026 1535 1280 1599 consilio,
1310 1536 1513 1607 Deique
1568 1528 1753 1595 Patris
1785 1542 2081 1607 voluntate,

507 1618 561 1671 in
603 1629 801 1675 terram
853 1623 1216 1693 descendens,
1246 1641 1313 1681 ex
1362 1640 1551 1685 sancta
1603 1629 1859 1700 Deipara,
1891 1647 2084 1702 perpe-

506 1716 707 1782 tuaque
732 1713 953 1785 Virgine
976 1715 1167 1783 Maria,
1195 1732 1342 1784 vere,
1385 1735 1491 1776 non
1526 1723 1713 1790 specie
1739 1733 1896 1778 tenus
1928 1736 2087 1780 natus

505 1813 610 1868 est,
634 1808 936 1875 composita
969 1807 1072 1863 sibi
1103 1824 1169 1864 ex
1189 1825 1251 1865 ea
1282 1824 1471 1877 carne,
1500 1815 1697 1867 mentis
1731 1823 1898 1882 atque
1916 1816 2083 1869 animi

2184 827 2373 875 ακτον,
2421 812 2497 875 ὡς
2551 812 2783 883 ὕστερον
2811 816 3060 881 γεγονός.
3086 815 3244 869 Οὕτω
3263 815 3328 884 δὴ
3349 814 3446 869 τοῦ
3471 817 3571 885 τῆς
3600 817 3759 884 ἀγίσς

2186 904 2283 956 καὶ
2312 904 2607 972 ὀμοουσίου
2645 905 2874 974 Τριάδος
2912 907 3129 976 ἔχοντος
3159 907 3346 976 λόγου,
3381 909 3760 976 συνομολογεῖν

2185 998 2402 1065 ἀνάγκη
2434 998 2528 1051 καὶ
2554 997 2622 1050 τὰ
2655 999 2753 1066 τῆς
2773 998 3273 1070 ἐνανορωπήσεως,
3296 1000 3438 1054 οὕτω
3465 1004 3755 1070 μυστῆρια.

2197 1089 2258 1143 '0
2290 1090 2400 1159 γὰρ
2433 1088 2630 1159 Κύριος
2662 1091 2818 1159 ἡμῶν
2864 1091 3070 1159 Ἰησοῦς
3099 1091 3360 1162 Χριστὸς,
3408 1093 3570 1155 αὐτὸς
3614 1092 3688 1144 ὣν
3732 1094 3760 1144 ὁ

2186 1178 2284 1247 τῆς
2332 1177 2493 1245 ἀγίας
2536 1178 2765 1247 Τριάδος
2803 1173 2905 1244 εἷς,
2950 1179 2978 1229 ὁ
3013 1178 3141 1241 Υἱὸς
3191 1179 3285 1231 τοῦ
3339 1178 3499 1241 Θεοῦ,
3532 1178 3621 1230 διὰ
3659 1177 3757 1245 τὴν

2185 1268 2464 1337 ἡμετέραν
2497 1269 2773 1337 σωτηρίαν
2803 1269 3028 1337 ἑκουσίᾳ.
3074 1268 3239 1339 βουλῇ
3283 1269 3377 1322 καὶ
3422 1267 3556 1321 Θεοῦ
3592 1267 3750 1334 θελήα

2160 1377 2324 1433 ,ματι
2355 1360 2448 1412 τοῦ
2496 1361 2882 1432 γεννήσαντος,
2932 1361 3026 1412 ἐπὶ
3060 1359 3167 1429 γῆν
3200 1360 3501 1421 κατελθὼν,
3548 1361 3612 1411 ἐκ
3660 1358 3760 1425 τῆς

2189 1452 2352 1523 ἁγίας
2381 1451 2647 1507 Θεοτόκου
2677 1453 2773 1509 καὶ
2808 1453 3173 1523 ἁειπαρθὲνου
3208 1454 3431 1521 Μαρίας
3460 1453 3603 1506 κατά
3631 1452 3759 1518 ἀλή-

2189 1545 2361 1608 θειαν,
2401 1545 2463 1598 οὐ
2518 1544 2658 1598 κατά
2693 1545 2995 1612 φαντασίαν
3040 1544 3404 1615 γεγέννηται,
3462 1543 3644 1614 σάρκα
3700 1542 3760 1607 ὲξ

2186 1639 2362 1709 αὐτῆς
2407 1638 2592 1692 ἔννουν
2647 1640 2743 1694 καὶ
2791 1638 3035 1709 ἔμψυχον
3079 1638 3262 1709 ἑαυτῷ
3319 1636 3758 1706 συστησάμενος,

2188 1731 2286 1785 καλ⁸
2313 1732 2520 1793 τέλειος
2561 1731 2805 1799 γεγονὼς
2844 1732 3156 1801 ἄνθρωπος.
3211 1730 3415 1791 τέλειο;
3462 1730 3541 1784 ὣν
3587 1731 3756 1794 Θεόςο

2188 1822 2265 1886 ὡς
2294 1819 2435 1876 εἶναι
2464 1823 2557 1875 τὸν
2584 1822 2750 1875 αὑτὸν
2779 1822 2901 1877 ὅλον
2940 1822 3031 1874 τὸν
3065 1822 3220 1877 Θεὸν.
3258 1823 3353 1875 καὶ
3383 1822 3505 1876 ὅλον
3542 1822 3760 1891 ἄνθρω-

503 1905 796 1967 cpmpote,
847 1899 1226 1972 perfectusque
1277 1903 1420 1960 Deus
1467 1904 1761 1973 exsisteus,
1810 1906 2079 1975 perlectus

2188 1931 2292 1967 πον
2317 1929 2331 1945 ο
2369 1914 2432 1966 lx
2466 1912 2561 1966 δύο
2598 1912 2840 1983 φύσεων,
2873 1913 3128 1983 θεότητός
3169 1930 3227 1966 τε
3260 1915 3357 1966 καὶ
3403 1912 3762 1983 ἀνθρωπότη-

505 1989 672 2059 homo
723 1988 902 2047 luctus
946 2001 1071 2059 est;
1126 1994 1204 2048 ita
1256 1995 1505 2066 quidem,
1537 2007 1597 2051 ut
1628 1998 1770 2054 idem
1822 2007 1968 2053 totus
2014 1999 2086 2055 sit

444 2085 449 2090 ’
506 2078 671 2145 Deus,
698 2094 752 2137 et
779 2092 924 2139 totus
953 2084 1154 2154 homo;
1189 2088 1257 2142 de
1282 2090 1493 2146 naturis
1523 2089 1758 2159 duabus,
1798 2091 2085 2147 divinitate

508 2188 573 2229 ac
598 2173 960 2243 humanitate,
991 2193 1095 2233 una
1128 2180 1181 2234 in
1215 2181 1493 2253 hypostasi
1527 2184 1852 2250 subsistens,
1880 2186 2083 2253 absque

505 2265 842 2333 confusione,
872 2271 1192 2338 mutatione,
1227 2272 1533 2341 divisione;
1563 2274 1793 2344 ideoque
1823 2275 1959 2329 duas
1991 2290 2083 2326 vo-

506 2356 750 2416 luntates
810 2364 1112 2430 naturales,
1153 2374 1207 2419 et
1257 2367 1500 2421 actiones
1557 2366 1799 2436 duplices
1851 2367 2078 2422 habens.

507 2447 623 2503 Non
668 2460 847 2508 tamen
880 2454 1018 2510 duos
1045 2456 1209 2522 ﬁlios,
1236 2468 1327 2511 aut
1358 2458 1493 2513 duos
1517 2458 1786 2524 Cltristos,
1818 2466 1913 2511 aut
1944 2457 2082 2513 duos

508 2540 766 2600 Dominus
799 2545 1075 2604 dicimus:
1113 2549 1210 2604 sed
1257 2564 1428 2606 unum
1462 2549 1681 2615 Filium,
1717 2557 1769 2606 et
1817 2560 1944 2605 ante
1992 2550 2081 2605 in-

502 2637 900 2706 carnationem,
937 2648 991 2694 et
1022 2650 1148 2710 post
1169 2641 1599 2697 incarnationem
1626 2643 1904 2708 eumdem,
1957 2655 2083 2697 con-

504 2731 924 2787 substantialem
973 2735 1082 2789 Deo
1133 2744 1186 2789 et
1235 2734 1409 2803 Patri,
1445 2750 1511 2791 ac
1550 2735 1709 2791 nobis
1743 2734 2078 2792 hominibus.

502 2822 869 2890 Quamobrem
902 2836 954 2881 et
982 2837 1229 2883 sanctam
1255 2827 1400 2882 illam
1427 2826 1731 2899 Virginem,
1763 2843 1881 2898 quae
1904 2829 2080 2897 ipsum

502 2913 760 2972 incllabili
807 2918 970 2973 modo
1002 2920 1234 2989 peperit,
1279 2919 1567 2989 Deiparam
1616 2919 1970 2989 appellamus,
1999 2919 2078 2973 uti

500 3020 623 3074 qua:
692 3005 863 3063 Deum
921 3011 1219 3078 pepererit,
1268 3024 1493 3067 unume
1525 3020 1714 3066 sancta
1767 3008 2078 3065 Trinitate:

502 3099 596 3167 qui
643 3110 701 3155 et
747 3116 966 3157 crucem
1020 3103 1298 3168 sustinuit,
1338 3112 1594 3173 tanquam
1629 3106 1791 3157 homo
1821 3119 1836 3168 ;
1868 3110 1921 3157 et
1955 3112 2080 3156 tan-

502 3204 664 3258 quam
697 3188 862 3257 Deus,
904 3194 1068 3248 tertio
1091 3195 1177 3249 die
1201 3195 1500 3250 resurrexit
1546 3194 1601 3247 in
1626 3207 1855 3261 corpore
1885 3207 2079 3248 corru-

501 3281 701 3349 ptionis
732 3294 993 3352 experte;
1026 3299 1258 3355 cumque
1287 3301 1347 3340 se
1372 3285 1657 3351 discipulis
1703 3284 1903 3351 saepius
1946 3298 2079 3337 cou-

500 3374 833 3441 spiciendum
893 3377 1253 3443 exhibuisset,
1298 3379 1350 3432 in
1406 3377 1613 3433 caelum
1661 3391 1785 3431 cum
1849 3389 2079 3445 corpore

501 3481 718 3522 sursum
749 3468 903 3532 abiit,
932 3470 1122 3525 eodem
1143 3470 1303 3526 modo
1332 3470 1608 3526 rediturus
1635 3468 1699 3522 ad
1718 3467 2077 3536 iudicandum

500 3559 653 3616 vivos
699 3572 865 3630 atque
897 3573 1158 3631 mortuos,
1192 3581 1316 3621 cum
1354 3578 1577 3635 regnum
1612 3563 1735 3618 linis
1770 3576 1989 3630 expers,
2023 3571 2078 3614 et

502 3652 786 3722 imperium
843 3672 1119 3726 nunquam
1159 3656 1562 3713 terminandum
1613 3655 1828 3710 haheat.
1870 3653 2077 3722 Exspe-

499 3747 698 3800 ctanda
749 3762 967 3816 quoque
1023 3742 1361 3818 singulorum
1417 3749 1699 3805 hominum
1741 3748 2074 3802 resurrectio

2185 2021 2297 2069 τος,
2340 2005 2398 2056 ὲν
2431 2003 2729 2059 ὑποστάσει
2760 2006 2864 2073 μιᾷ
2915 2005 3015 2070 τὴν
3047 2003 3310 2060 σύστασιν
3337 2002 3552 2073 ἔχοντα,
3585 2004 3763 2069 ἀσυγ-

2188 2096 2390 2167 χύτως,
2429 2096 2737 2164 ἀτρέπτως,
2788 2096 3141 2163 ἀδιαιρέτως,
3182 2094 3280 2149 καὶ
3323 2094 3411 2148 διά
3456 2094 3620 2148 τοῦτο
3669 2094 3765 2147 δύο

2187 2187 2425 2257 φυσικὰς
2453 2185 2731 2255 θελήσεις,
2784 2186 3004 2240 καὶδύο
3050 2185 3337 2255 ἐνεργείας
3396 2185 3760 2253 κεκτημένον,

2142 2332 2147 2337 .
2187 2278 2495 2349 Τοιγαροῦν
2517 2278 2580 2332 ού
2615 2278 2712 2331 δύο
2742 2279 2911 2342 υἱοὺς,
2944 2278 2978 2348 ἢ
3013 2278 3106 2332 δύο
3134 2278 3425 2348 Χριστοὺς,
3458 2276 3493 2347 ἢ
3529 2276 3626 2329 δύο
3657 2279 3764 2330 Κυ-

2189 2371 2340 2443 ρίους
2369 2372 2549 2440 φαμέν
2569 2388 2584 2402 ’
2618 2369 2733 2424 ἀλλ’
2761 2370 2859 2423 ἕνα
2902 2371 3050 2433 Υίὸν,
3084 2370 3177 2422 τὸν
3207 2369 3372 2422 αὐτὸν
3400 2369 3496 2421 καὶ
3528 2369 3636 2438 πρὸ
3667 2368 3764 2437 τῆς

2186 2461 2653 2530 ὲνανθρωπήσεως
2680 2459 2775 2512 καὶ
2799 2460 2936 2528 μετά
2965 2459 3063 2527 τὴν
3086 2458 3504 2526 ὲνανθρώπησιν
3527 2472 3542 2488 ο
3570 2456 3767 2525 ὁμοού·

2187 2570 2303 2606 σιον
2327 2552 2406 2622 τῷ
2436 2569 2497 2604 τε
2526 2551 2646 2623 Θεῷ
2686 2554 2781 2606 καὶ
2825 2554 2957 2622 ἡμῖν
3003 2554 3115 2615 τοῖς
3161 2549 3497 2618 ἀνθρώποις.
3539 2552 3632 2602 Διὸ
3669 2550 3763 2602 καὶ

2184 2644 2286 2712 τὴν
2315 2642 2480 2711 ἁγίαν
2508 2642 2808 2712 Παρθένον,
2854 2642 2957 2712 τὴν
3002 2643 3256 2713 ἀρρήτως
3297 2641 3459 2694 αὐτὸν
3501 2642 3761 2707 τέξασαν,

2183 2734 2450 2789 Θεοτύκον
2498 2733 3008 2804 προσαγορεύομεν,
3043 2733 3118 2797 ὡς
3150 2732 3243 2786 τὸν
3268 2734 3365 2786 ἕνα
3404 2733 3502 2803 τῆς
3530 2733 3764 2803 Τριάδος

2183 2828 2469 2881 τετοκυῖαν
2499 2825 2669 2879 Θεόνσ
2702 2826 2761 2888 ὃς
2801 2826 2897 2880 καὶ
2928 2825 3166 2894 σταυρὸν
3203 2825 3279 2888 ὼς
3311 2823 3601 2895 ἄνθρωπος
3631 2825 3765 2879 ὓπο-

2187 2920 2399 2990 μείνας,
2429 2919 2506 2983 ὡς
2535 2919 2671 2983 Θεὸς
2718 2918 2921 2988 ἀνέστη
2948 2919 3252 2989 τριήμερος
3287 2919 3346 2972 ὲν
3388 2918 3659 2988 ἀφθάρτῳ
3683 2915 3765 2984 τῷ

2186 3013 2423 3082 σώματι,
2478 3013 2570 3066 καὶ
2611 3014 2727 3075 τοῖς
2760 3011 3034 3083 μαθηταῖς
3072 3010 3335 3073 πολλάκις
3368 3011 3761 3079 ἐμφανισθεὶς.

2184 3104 2264 3166 είς
2306 3101 2399 3156 τδν
2448 3102 2681 3171 οὐρανὸν
2733 3100 2869 3172 μετά
2903 3100 3158 3170 σώματος
3189 3099 3510 3171 ἀνελήλυθε,
3547 3099 3765 3170 μέλλων

2183 3194 2347 3249 πάλιν
2367 3192 2543 3257 οὕτως
2568 3192 2909 3255 ἐλεύσεσθαι,
2957 3193 3142 3262 κρίσιν
3170 3190 3393 3256 ζώντων
3429 3190 3525 3244 καὶ
3548 3190 3764 3260 νεκρῶν

2185 3286 2575 3357 ποιησόμενος,
2611 3284 2970 3349 ἀτελεύτητον
3015 3285 3115 3351 τὴν
3152 3282 3433 3352 βασιλείαν
3464 3281 3631 3349 ἔχων,
3668 3282 3764 3333 καὶ

2183 3382 2246 3433 τὸ
2281 3377 2484 3447 κράτος
2510 3376 2843 3447 ἀπέραντον.
2871 3374 3284 3444 Προσδοκητέον
3312 3372 3368 3425 δὲ
3398 3373 3496 3423 καὶ
3526 3374 3763 3425 ἑκάστου

2185 3471 2293 3525 τῶν
2322 3467 2630 3540 ἀνθρώπων
2651 3467 2955 3522 ἀνάστασιν
2984 3465 3123 3535 μετά
3151 3464 3246 3518 τοῦ
3271 3464 3478 3516 οἰκείου
3504 3464 3765 3533 σώματος

2185 3561 2673 3631 ἀφθαρτισθέντος,
2719 3562 2814 3613 καὶ
2868 3558 3019 3629 ζωὴν
3063 3557 3160 3610 τοῦ
3215 3556 3503 3626 μέλλοντος
3540 3557 3763 3617 αἰῶνος,

2181 3655 2286 3724 τήν
2317 3671 2377 3707 τε
2406 3653 2517 3707 τῶν
2549 3652 2775 3707 δικαίων
2800 3651 3121 3720 ἀγαλλίασιν
3145 3648 3366 3702 αίώνιον
3394 3647 3652 3717 ἔχουσαν,
3673 3647 3769 3705 καὶ

2182 3745 2283 3814 τὴν
2316 3745 2427 3798 τῶν
2470 3744 2813 3814 ἁμαρτωλῶν
2844 3742 3066 3796 κόλασιν
3093 3739 3478 3808 ἀτελεύτητον.

498 3852 622 3892 cum
647 3855 875 3910 corpore
899 3842 969 3897 ab
999 3844 1218 3900 interitu
1248 3846 1546 3912 vindicato,
1577 3844 1858 3913 futurique
1880 3842 2063 3898 saecttli
2101 3840 2256 3908 vita;
2307 3855 2430 3912 qua:
2476 3851 2530 3896 et
2572 3842 2844 3911 justorum
2891 3848 3148 3893 rcternam
3196 3834 3462 3901 laetitiam,
3533 3843 3592 3889 et
3661 3832 3769 3889 line

493 3944 697 3988 carens
725 3945 1070 4003 peccatorum
1104 3938 1432 4008 supplicium
1464 3938 1709 3994 habebit.

1921 4266 2333 4333 APPENDIX.

496 4433 678 4488 Sancti
729 4430 1007 4502 Augustini
1055 4430 1127 4485 De
1175 4430 1465 4502 Trinitatc.
1515 4428 1598 4484 Ea:
1643 4429 1800 4493 libro,
1844 4426 1935 4495 qui
1999 4425 2073 4478 De

567 4501 862 4571 cognitione
908 4518 1045 4555 vera:
1079 4504 1193 4555 vitm
1250 4501 1561 4556 inscribitur
1599 4517 1618 4558 :
1650 4503 1703 4552 in
1762 4515 1888 4571 quo.
1946 4508 2071 4549 tau-

562 4589 733 4696 φιαιὲ
754 4574 808 4625 in
836 4573 1068 4641 diaIOgo,
1100 4573 1295 4643 fratres
1329 4570 1940 4641 interrogant,magister
1986 4580 2074 4619 re-

564 4659 693 4696 svon
737 4653 805 4696 et.

564 4659 805 4710 spondet.

567 4824 911 4883 FlHTllES.
955 4822 1419 4889 Quemadmodum
1458 4820 1670 4890 pondus
1718 4820 1903 4876 carnis
1960 4818 2080 4871 ani-

495 4937 643 4977 mam
671 4927 951 4988 aggravat,
992 4916 1074 4970 sic
1102 4923 1158 4967 et
1185 4913 1421 4969 carnalis
1446 4911 1705 4981 cogitatio
1747 4922 1980 4966 mentem
2000 4912 2083 4967 di-

496 5018 620 5072 vina
649 5010 1101 5079 contemplantem
1119 5008 1316 5075 pulsat.
1334 5005 1467 5060 Cum
1491 5006 1635 5059 cnim
1657 5006 1910 5073 superius
1943 5004 2080 5059 ratio

494 5121 663 5164 unum
700 5105 867 5159 Deum
909 5099 1191 5154 verissime
1215 5111 1336 5153 esse
1373 5097 1848 5157 demonstraverit,
1889 5107 1946 5151 et
1994 5097 2075 5164 ip-

495 5210 619 5253 sum
663 5192 839 5248 solum
885 5198 1082 5244 cuncta
1131 5204 1198 5243 ex
1254 5186 1425 5242 nihilo
1470 5185 1666 5242 fecisse
1718 5186 2076 5256 probaverit:

491 5283 770 5359 quomodo
809 5279 963 5352 quasi
1023 5288 1134 5336 tres
1173 5278 1305 5333 deos
1356 5277 1587 5333 adorare
1627 5280 1907 5337 docemur.
1952 5280 2075 5333 dum

494 5379 711 5439 Patrem
744 5373 1041 5445 perfectum
1077 5370 1266 5434 Deum,
1298 5367 1491 5425 Filium
1541 5366 1836 5438 perfectum
1884 5367 2076 5433 Deum,

497 5466 759 5539 Spiritum
831 5460 1129 5533 perlectum
1200 5459 1371 5516 Deum
1435 5460 1683 5517 conﬁteri
1761 5461 2077 5514 monemur?

502 5559 644 5619 Dum
707 5554 853 5611 enim
934 5552 1303 5608 subdistinctze
1373 5561 1484 5607 tres
1576 5566 1821 5622 persona:
1883 5553 2077 5607 distitt‘

493 5656 753 5719 gnuntur,
810 5644 936 5714 quid
976 5644 1117 5699 aliud
1146 5658 1309 5714 quam
1360 5654 1474 5700 tres
1537 5644 1610 5698 dii
1662 5659 1691 5698 a
1733 5646 1885 5699 nobis
1920 5646 2075 5700 iutcl-

493 5739 735 5811 liguntur
758 5738 783 5792 τ

572 5828 941 5886 MAGISTER.
974 5832 1091 5900 ipsa
1122 5830 1218 5888 ial.
1243 5833 1295 5887 in
1331 5830 1703 5901 ipsaivcritate
1746 5843 1804 5883 se
1858 5828 2080 5884 demon-

2186 4423 2297 4476 Τοῦ
2325 4422 2499 4490 ἁγίου
2546 4419 2968 4490 Αὐγουστίνρυ
3002 4419 3135 4490 περὶ
3188 4417 3449 4490 Τριάδσς.
3501 4420 3607 4477 Ἐἰι
3660 4384 3783 4479 toi;

2243 4487 2487 4556 βιϐλίου
2517 4490 2626 4543 τοῦ
2659 4490 2793 4553 περὶ
2841 4487 2949 4557 τῆς
2998 4489 3280 4560 γνώσεως
3331 4488 3444 4560 τῆς
3494 4492 3771 4560 ἀληθοῦς

2105 4539 2153 4593 ο
2243 4539 2975 4633 ἳώῆξξέπὶὶθρᾳέρόιὶέπὲᾅῧ.
3004 4539 3352 4633 ':-£'s"e¢‘
3370 4539 3446 4633 ξὲἶθ
3499 4539 3772 4633 λέὶὲἳᾶὧῶ

2255 4630 2517 4697 ἐρωτῶσι
2573 4630 2690 4698 μὲν
2733 4633 2789 4684 al
2848 4629 3125 4700 ἀδελφοὶ,
3159 4629 3553 4700 ἀποκρίνεται
3609 4629 3704 4686 δὲ’
3738 4637 3772 4696 ό

2255 4700 2647 4755 διδάσκαλος.

2294 4718 2647 4766 ισασκαλος.

2255 4816 2569 4869 ΛΔΕΛΦΟΙ.
2612 4814 2825 4885 Ὥσπερ
2870 4813 2932 4866 τὸ
2966 4812 3067 4882 τῆς
3111 4812 3316 4883 σαρκὸς
3361 4811 3532 4885 βάρος
3581 4815 3767 4881 πιέζει

2182 4909 2281 4979 τὴν
2315 4907 2515 4979 ψυχὴν,
2545 4905 2690 4961 οὕτω
2727 4908 2824 4959 καὶ
2854 4906 2883 4964 ὁ
2917 4906 3183 4975 σαρκικὺς
3210 4905 3472 4976 λογισμὸς
3495 4907 3599 4977 τὴν
3630 4913 3771 4962 θεω-

2183 5004 2275 5073 ρὸν
2308 5001 2418 5055 τῶν
2467 5001 2629 5055 θείων
2680 5000 2922 5060 διάνοιαν
2968 4998 3196 5069 ἐνοχλεῖ.
3245 4998 3531 5074 Ἀνωτέρω
3584 5003 3689 5071 μὲν
3737 5004 3767 5055 ὁ

2183 5095 2274 5159 σὸς
2305 5094 2465 5163 λόγος
2491 5092 2589 5151 ἕνα
2613 5093 2749 5147 Θεὸν
2774 5091 3063 5157 ἀπέδειξεν
3086 5092 3450 5163 ἀληθέστατα,
3474 5095 3572 5147 καὶ
3598 5096 3766 5148 αὐτὸν

2186 5188 2348 5258 μόνον
2376 5187 2728 5256 παρέστησεν
2768 5186 2834 5239 ὲκ
2862 5183 2957 5238 τοῦ
2986 5184 3062 5256 μὴ
3096 5183 3251 5249 ὄντος
3291 5184 3470 5238 πάντα
3503 5202 3770 5257 παραγα-

2183 5281 2325 5346 γεῖν.
2366 5277 2529 5330 Ἀλλὰ
2559 5275 2657 5331 νῦν
2685 5275 2850 5330 πάλιν
2874 5279 3026 5347 τρεῖς
3057 5276 3215 5341 θεοὺς
3246 5279 3581 5347 προσκυνεῖν
3614 5281 3767 5349 ἡμᾶς

2182 5369 2327 5423 εῖποι
2355 5386 2439 5432 τις
2465 5369 2555 5432 ἂν,
2604 5367 2955 5431 διδάσκοντος
2985 5366 3104 5430 σοῦ,
3133 5368 3341 5436 τέλειον
3371 5368 3507 5421 Θεὸν
3532 5370 3631 5425 τὸν
3659 5376 3771 5428 lla-

2181 5464 2340 5535 τέρα,
2368 5463 2576 5522 τέλειον
2597 5465 2730 5517 Θεὸν
2750 5464 2842 5518 τὸν
2860 5463 3012 5528 Υίὸν,
3036 5463 3245 5519 τέλειον
3276 5464 3410 5525 Θεὸν
3434 5465 3495 5516 τὺ
3528 5466 3767 5538 Πκεῦμα

2182 5558 2244 5609 τὸ
2282 5556 2439 5625 ἅγιον
2467 5554 2577 5607 δεῖν
2620 5556 2927 5625 ὁμολογεῖν.
2960 5554 3129 5607 Ὅταν
3172 5554 3279 5624 γὰρ
3319 5553 3445 5623 τρία
3489 5556 3769 5629 πρόσωπὰ

2183 5664 2265 5707 τις
2322 5646 2562 5715 ὁμολογῇ
2595 5645 3042 5715 διακεκριμένα,
3095 5643 3249 5698 οὐδὲν
3298 5644 3487 5713 ἕτερον
3522 5645 3556 5715 ἢ
3614 5652 3769 5717 τρεῖς

2185 5739 2339 5801 θεοὺς
2370 5737 2852 5805 ἀναγκασθήσεται
2894 5735 3110 5800 πάντως
3153 5733 3461 5804 ὁμολογεῖν.

2258 5830 2708 5893 ΔΙΔΛΣΚΛΑΟΣ.
2759 5828 2940 5899 Αὐτῆς
2973 5829 3069 5904 τῆς
3115 5828 3374 5898 ἀληθείας
3416 5828 3623 5898 ἑαυτὴν
3665 5832 3775 5895 δει..
