4096 6466
543 401 615 461 35
1729 399 1987 457 (:nNS'l‘.
2041 399 2602 469 llAltMENOPULI
3743 407 3805 464 es

625 513 731 567 Fll.
793 512 908 578 Qua
952 509 1587 566 sin-.ilitudine'vocatur
1641 521 1839 562 acterna
1886 509 1972 560 lux
2026 510 2115 563 P.1-

2311 510 2506 564 AAEA.
2559 509 2676 564 Τίνι
2709 509 2965 579 ὁμοιώσει
3022 513 3050 564 ὁ
3100 511 3290 583 Πατὴρ
3344 511 3518 567 ἀΐδιον
3568 514 3804 568 καλεῖται

581 623 620 643 ιν
649 606 672 643 9

540 619 576 658 Ι(
596 623 772 753 rMAG.
802 697 939 762 Quia
964 705 1036 751 "ex
1069 711 1131 750 se
1152 694 1497 765 splendorem
1527 693 1603 762 (4)
1631 695 1816 762 genuit
1844 692 2124 760 aequalem.

609 878 718 930 FB.
759 875 947 929 Nonne
978 873 1074 927 tibi
1129 871 1298 942 magis
1341 867 1532 922 matris
1584 881 1783 921 nomen
1830 866 2126 922 convenire

538 964 861 1020 videretur?

611 1059 776 1114 MAG.
823 1059 876 1111 ln
921 1067 1076 1126 patre
1107 1065 1188 1109 cst
1211 1067 1426 1122 semper
1456 1049 1770 1120 principalis
1799 1061 1959 1100 causa
2007 1059 2126 1114 pro-

537 1138 624 1221 lis,
655 1164 707 1207 ct
737 1154 856 1205 ideo
884 1166 913 1203 a
975 1146 1260 1214 principali
1295 1160 1429 1200 sexu
1463 1141 1646 1197 debuit
1681 1142 1802 1209 jure
1831 1140 1932 1192 boc
1959 1137 2132 1191 uomi«

539 1262 604 1301 nc
638 1243 918 1313 appellari.
1126 1242 1132 1252 ’

607 1338 716 1392 ῐιΊὶ.
769 1335 884 1400 Qua
939 1329 1294 1385 similitudine
1346 1327 1544 1382 dicitur
1598 1323 1867 1395 gignens?

608 1429 767 1482 MAG.
803 1427 1022 1480 Certum
1053 1435 1157 1488 est,
1186 1422 1327 1491 quod
1348 1433 1500 1474 meus
1527 1417 1696 1487 gignit
1719 1416 2128 1485 cOgitationcm.

534 1523 668 1572 Cum
739 1529 919 1570 autem
997 1529 1152 1570 mens
1214 1514 1448 1582 seipsam
1509 1512 1730 1578 cogitat,
1786 1509 1939 1578 quasi
1986 1507 2129 1562 aliud

538 1611 642 1664 sibi
713 1609 890 1662 simile
941 1607 1124 1678 [aliam
1164 1605 1267 1660 sibi
1297 1602 1554 1677 similem]
1589 1609 1831 1671 generat.
1867 1601 1960 1655 Sic
1982 1615 2128 1654 sum-

538 1715 658 1756 mus
719 1699 881 1765 Deus,
936 1713 1058 1752 cutn
1129 1699 1366 1763 seipsum
1420 1697 1607 1760 talem,
1657 1695 1832 1764 qualis
1878 1703 1986 1756 est,
2035 1705 2128 1744 co-

451 1854 458 1863 .
534 1793 768 1860 gitavit,
845 1792 1031 1860 procul
1091 1789 1259 1843 dubio
1327 1789 1555 1842 similem
1626 1787 1726 1842 sibi
1782 1800 1878 1855 per
1950 1785 2130 1838 omnia

2234 615 2350 670 φως
2369 619 2384 666 i

2304 688 2430 748 AIA.
2473 695 2618 748 Διότι
2681 693 2740 760 ἐξ
2810 695 3012 750 ἑαυτοῦ
3068 693 3418 768 ἀπαύγασμα
3480 700 3808 768 γεγέννηκεν

2233 778 2372 839 ἴσον.

2306 878 2505 933 ΑΔΕΛ.
2540 881 2650 935 Καὶ
2682 883 2742 935 οὐ
2775 881 2978 951 μᾶλλον
3006 883 3154 935 δοκεῖ
3185 885 3631 954 προσφυέστερον
3663 885 3810 955 αὐτῷ

2233 963 2296 1020 τὸ
2325 969 2425 1038 τῆς
2459 971 2666 1041 μητρὸς
2701 971 3042 1042 ἁρμόζεσθαι
3067 973 3276 1044 δνομα;

2306 1063 2432 1116 AIA.
2455 1064 2565 1116 Ἀεὶ
2595 1066 2652 1117 έν
2684 1065 2761 1134 τῷ
2795 1066 2961 1136 πατρί
2988 1065 3137 1118 ἐστιν
3162 1067 3195 1138 ἡ
3226 1065 3510 1139 ἀρχοειδὴς
3540 1067 3690 1119 αίτία
3717 1067 3814 1119 τοῦ

2233 1156 2462 1210 τέκνου·
2499 1159 2590 1212 διὰ
2638 1159 2797 1213 τοῦτο
2847 1161 2942 1212 καὶ
2975 1158 3054 1228 τῷ
3094 1158 3194 1212 τοῦ
3250 1159 3700 1230 ἀρχοειδεστέρου
3758 1161 3815 1214 ὲν

2233 1251 2345 1311 τοῖς
2378 1250 2629 1316 γονεῦσιν
2653 1253 2879 1320 ὀνόματι
2918 1253 3306 1322 προσηκόντως
3337 1253 3444 1306 ἔδει
3471 1251 3773 1306 καλεῖσθαι.

2303 1338 2502 1392 ΑΔΕΛ.
2539 1339 2658 1392 Τίνι
2682 1340 2940 1409 ὁμοιώσει
2974 1342 3191 1410 λέγεται
3217 1344 3450 1412 γεννᾷν;

2305 1430 2432 1484 AIA.
2495 1433 2898 1501 Ἀναμφίϐολον
2948 1431 3023 1497 ώς
3062 1437 3091 1488 ὁ
3141 1433 3267 1500 νοῦς
3319 1435 3582 1504 λογισμὸν
3626 1433 3814 1503 γεννᾷ.

2238 1525 2413 1576 Ὅταν
2443 1524 2490 1577 δ’
2518 1524 2547 1576 ὁ
2581 1523 2708 1586 νοῦς
2741 1526 3123 1590 ἀναλογίζεται
3161 1527 3374 1593 ἑαυτὸν,
3407 1524 3596 1595 ὥσπερ
3626 1525 3819 1594 ἕτερν

2232 1615 2417 1682 ὅμοιον
2446 1615 2644 1668 ἑαυτοῦ
2675 1619 2842 1688 γεννᾷ
2865 1635 2878 1648 ο
2912 1616 3056 1671 οὕτω
3084 1621 3179 1672 καὶ
3201 1621 3228 1672 ὁ
3259 1618 3425 1687 ἄκρος
3453 1617 3587 1682 Θεὸς
3621 1615 3819 1670 ἑαυτὸν

2232 1704 2497 1771 τοιοῦτον,
2523 1699 2633 1770 οἷός
2655 1709 2793 1772 ἐστι,
2821 1709 3192 1780 λογιζόμενος,
3219 1708 3609 1778 ἀναμφιϐόλως
3642 1707 3821 1776 ἐαυτῷ

2235 1796 2325 1848 διὰ
2357 1798 2578 1852 πάντων
2624 1799 2818 1866 ὁμοίαν
2868 1802 3056 1854 εἰκόνα
3103 1802 3439 1871 γεγέννηκεο
3487 1802 3584 1856 καὶ
3629 1800 3822 1868 ὥσπερ

536 1870 826 1949 imaginem
889 1881 1190 1949 generavit.
1239 1880 1302 1934 Et
1352 1879 1495 1934 sicut
1540 1880 1770 1950 gignens
1799 1878 1921 1948 jure
1975 1877 2115 1932 Patet

2245 1888 2434 1956 Πατὴρ
2467 1891 2495 1941 ό
2526 1890 2733 1956 γεννῶν
2765 1891 2996 1954 δικαίως
3021 1893 3295 1956 καλειται,
3326 1870 3476 1948 οὕτω
3503 1896 3598 1948 καὶ
3628 1895 3659 1947 ό
3693 1909 3822 1961 γεν-

534 1984 780 2039 vocatur,
819 1972 892 2025 ita
927 1973 1198 2027 rectisime
1229 1972 1442 2040 genitus
1472 1969 1642 2026 Filius
1668 1970 1998 2025 nominatur.

604 2063 717 2118 ΕΚ.
783 2063 839 2117 Si
880 2063 1026 2117 Deus
1061 2061 1263 2116 Filiqu
1307 2063 1513 2130 genuit,
1569 2062 1782 2116 videtur
1831 2058 2127 2130 aliquando

535 2152 726 2217 fuisse,
781 2152 927 2224 quod
972 2151 1168 2208 Filium
1209 2168 1322 2209 non
1377 2154 1650 2219 habuerit,
1681 2161 1735 2207 et
1779 2151 1882 2206 hoc
1928 2165 2124 2207 nomen

530 2260 597 2299 ex
641 2247 912 2300 accidenti
947 2246 1270 2315 possederit.
1315 2245 1469 2313 Quod
1500 2245 1544 2300 si
1576 2248 1677 2301 hoc
1707 2245 1780 2299 ita
1809 2252 1915 2311 est,
1964 2258 2120 2314 supe-

535 2336 647 2389 rior
680 2333 912 2402 prolatio
963 2334 1320 2390 labefactatur
1374 2349 1518 2402 :qua
1561 2332 1669 2405 [in]
1727 2333 1836 2389 Deo
1866 2333 1997 2388 nihil
2036 2347 2126 2387 ac-

531 2426 814 2491 cidentale,
843 2426 939 2481 sed
980 2433 1147 2480 totum
1175 2427 1462 2483 essentiale
1493 2427 1908 2494 praedicabatur.

603 2599 768 2656 MAG.
817 2598 936 2655 Jam
967 2601 1153 2656 docuit
1182 2602 1340 2666 ratio,
1375 2599 1467 2656 Dei
1493 2605 1782 2658 essentiam
1811 2618 1931 2659 esse
1969 2615 2124 2660 mter-

533 2710 656 2747 nam
697 2694 892 2759 vitam,
952 2693 1091 2746 inilii
1120 2703 1174 2746 et
1221 2693 1344 2747 ﬁnis
1395 2695 1654 2748 nesciam.
1707 2692 1862 2760 Quod
1907 2698 1951 2750 si
2009 2697 2123 2752 haec

532 2785 822 2855 singularis
849 2784 948 2856 [et]
985 2787 1244 2840 veraVita
1305 2786 1513 2854 absque
1543 2786 1700 2842 initio
1742 2802 1956 2856 semper
1995 2787 2117 2855 fuit;

529 2880 746 2927 constat.
785 2873 930 2941 quod
999 2882 1053 2926 et
1099 2872 1303 2941 absque
1350 2875 1505 2930 initio
1549 2890 1764 2945 semper
1835 2891 1895 2932 se
1939 2877 2121 2932 vivere

531 2967 815 3022 intellexit.
850 2966 1005 3034 Quod
1039 2969 1083 3023 si
1105 2971 1286 3024 vivere
1322 2984 1382 3025 se
1427 2986 1533 3025 non
1585 2970 1874 3039 intellexit,
1904 2974 2120 3043 sapiens

532 3074 639 3114 non
675 3059 779 3114 fuit
809 3078 825 3127 ;
874 3061 1022 3131 quod
1065 3058 1223 3117 nefas
1253 3074 1356 3126 est,
1389 3062 1457 3118 de
1493 3063 1602 3120 Deo
1627 3065 1832 3121 dicere.
1869 3065 2023 3132 Quod
2074 3067 2118 3121 si

531 3148 824 3216 aliquando
849 3150 1174 3220 sapientiam
1218 3150 1436 3204 aliunde
1463 3153 1692 3222 accepit,
1726 3167 1830 3224 qua
1859 3154 2009 3222 prius
2031 3167 2121 3207 ca-

531 3236 661 3298 ruit,
708 3245 835 3289 tunc
895 3237 946 3290 id
996 3249 1025 3290 a
1065 3251 1172 3305 quo
1222 3247 1429 3291 tantum
1482 3240 1681 3294 bonum
1734 3241 1963 3310 accepit,
2007 3239 2117 3296 Deo
2149 3242 2191 3298 (Ξ
2230 3259 2547 3328 τερονηάτ·
2577 3236 2645 3316 ἃς,

532 3323 723 3377 melius
770 3324 1004 3390 exstitit,
1045 3324 1189 3394 quod
1242 3326 1701 3382 absurdissimum
1739 3337 1823 3383 est
1868 3345 1883 3382 :
1925 3331 2020 3385 sed
2073 3345 2118 3402 si

527 3411 863 3490 sempiterna
898 3415 1022 3478 ,vita
1057 3429 1276 3483 semper
1323 3429 1382 3470 se
1430 3415 1616 3473 vivere
1669 3416 1961 3486 intellexit,
2003 3420 2120 3476 haec

531 3502 910 3572 intelligentiae
948 3505 1218 3574 sapientia
1271 3521 1380 3560 non
1413 3507 1634 3564 aliunde
1663 3509 1715 3563 ei
1759 3511 1978 3579 accidit,
2024 3513 2119 3568 sed

527 3609 745 3664 semper
796 3596 846 3652 ei
871 3598 1256 3654 coessentialis
1309 3598 1434 3668 fuit,
1493 3614 1805 3672 quanquam
1859 3603 2003 3659 hanc
2049 3619 2117 3658 ex

527 3697 612 3745 se.
668 3690 728 3736 ut
775 3684 978 3751 prolem
1010 3699 1195 3750 suam,
1231 3687 1581 3744 ineil'abiliter
1627 3691 1897 3760 genuerit.
1949 3691 2118 3762 igitur

525 3773 692 3830 Pater
716 3791 998 3847 nunquam
1030 3779 1150 3835 sine
1176 3779 1314 3836 Filio
1343 3783 1579 3838 exstitit.

595 3951 706 4007 Fit.
737 3954 862 4018 Qua
882 3954 1246 4016 similitudine
1267 3963 1508 4032 spendor
1533 3974 1756 4020 aeternae
1784 3967 1925 4022 lucis
1945 3967 2113 4023 Filius

523 4053 773 4113 vocatur,
804 4062 912 4101 non
951 4048 1105 4103 (ilia?

593 4137 761 4192 MAG.
796 4139 935 4205 Quia
987 4155 1084 4209 per
1127 4145 1309 4198 omnia
1357 4146 1659 4206 similitudo
1707 4150 1886 4207 Patris
1929 4154 1984 4208 in
2042 4172 2108 4212 eo

519 4228 878 4296 exprimitur.
917 4228 1074 4286 Unde
1101 4242 1157 4286 et
1179 4235 1490 4293 similitudo
1527 4239 1647 4307 ejus
1694 4242 1914 4298 dicitur.
1959 4245 2106 4301 Nihil

524 4317 672 4370 enim
707 4318 764 4372 in
811 4318 976 4374 rebus
1001 4321 1207 4377 creatis
1237 4325 1306 4377 ad
1338 4323 1612 4394 integrum
1653 4327 1772 4397 ejus
1794 4329 2108 4389 similitudi-

524 4423 649 4463 nem
712 4419 919 4476 servat,
986 4427 1014 4466 a
1056 4428 1165 4480 quo
1202 4416 1478 4472 nascitur.
1529 4418 1724 4490 Capilli
1785 4438 2017 4493 namque
2071 4443 2102 4482 a

518 4503 701 4569 capite
757 4509 870 4556 nati
913 4515 1066 4572 sunt,
1125 4507 1291 4575 capiti
1330 4508 1667 4585 dissimiles;
1713 4527 1870 4582 poma
1903 4519 1969 4572 ab
2004 4534 2098 4573 ar-

524 4595 750 4651 boribus
780 4604 906 4650 nata
934 4606 1080 4664 sunt,
1125 4597 1230 4652 illis
1263 4599 1548 4658 dissimilia
1582 4618 1598 4668 ;
1646 4604 1768 4658 lana
1824 4605 2105 4666 dissimilis

515 4687 756 4754 ovibus,
800 4688 948 4746 fetus
1025 4685 1391 4758 animalium;
1455 4694 1538 4749 vel
1595 4695 1696 4766 ipsi
1756 4697 1854 4754 lilii
1924 4703 2106 4757 homi-

517 4794 670 4844 num,
721 4794 825 4834 non
877 4795 974 4850 per
1001 4783 1182 4836 omnia
1232 4785 1436 4841 similes
1481 4787 1742 4856 qualitate
1773 4794 2102 4857 genitorem.

518 4866 620 4922 Hic
678 4882 859 4925 autem
934 4887 1036 4941 per
1083 4875 1268 4928 omnia
1322 4879 1562 4947 gignenti
1617 4891 1704 4936 est
1774 4883 2103 4951 sitnillimus,

511 4969 572 5011 et
624 4961 744 5013 ideo
802 4963 1087 5017 verissime
1165 4980 1272 5019 non
1352 4967 1480 5034 illia,
1560 4969 1653 5024 sed
1709 4969 1875 5028 Filius
1945 4990 2110 5030 voca-

512 5062 625 5106 tur.

589 5234 699 5289 Fit.
739 5234 858 5301 Qua
914 5249 1093 5294 autem
1152 5245 1464 5302 habitudine
1509 5243 1680 5306 Filius
1746 5252 1982 5310 Verbum
2011 5275 2099 5313 vo-

509 5338 637 5380 natu
651 5343 673 5376 ι·
709 5326 731 5378 ?

588 5421 754 5475 MAG.
777 5422 1144 5493 Multipliciter
1173 5429 1378 5500 [Latini
1407 5435 1716 5509 tripliciter]
1741 5435 1973 5493 Verbum
2018 5443 2099 5494 in-

512 5512 823 5583 tciiigitur;
899 5521 1048 5577 verbi
1106 5527 1303 5593 gratia,
1355 5543 1478 5583 cum
1540 5531 1641 5584 hoc
1691 5531 1911 5587 verbutu
2000 5538 2096 5592 lto-

510 5613 603 5656 tuo
657 5609 858 5673 profert
900 5626 1052 5680 ore;
1112 5625 1207 5670 aut
1269 5632 1392 5672 cum
1447 5619 1586 5674 idem
1648 5620 1870 5678 verbum
1935 5627 2097 5687 homo

581 5787 661 5855 (4)
699 5787 835 5846 Male
873 5791 964 5844 alii
999 5797 1226 5863 prolem.

2237 1978 2423 2046 νηθεὶς
2451 1979 2722 2050 ὀρθότατα
2762 1981 2889 2045 Υἱὸς
2929 1983 3281 2052 ὀνομάζεται.

2309 2072 2507 2124 ΑΔΕΛ.
2545 2072 2608 2125 Ei
2641 2074 2940 2143 γεγέννηκε
2973 2074 3062 2127 τὸν
3093 2074 3220 2128 Υίὸν
3253 2077 3280 2128 ὁ
3322 2075 3477 2140 Θεὸς,
3513 2075 3726 2142 δόξειεν
3760 2077 3826 2128 ἂν

2233 2163 2309 2226 ὡς
2340 2159 2408 2234 ἦν
2439 2180 2592 2231 ποτε,
2634 2165 2724 2218 ὅτε
2759 2158 2858 2219 οὐκ
2903 2161 3049 2236 εἶχεν
3090 2168 3238 2231 Υίὸν,
3283 2170 3376 2222 καὶ
3423 2169 3568 2222 κατά
3612 2170 3826 2238 συμϐε-

2235 2252 2403 2322 ϐηκὸς
2435 2255 2595 2308 τοῦτο
2638 2256 2699 2309 τὸ
2747 2256 2920 2327 ὄνομα
2971 2260 3302 2329 κτήσασθαι.
3343 2261 3405 2314 Ei
3439 2261 3495 2314 δὲ
3522 2260 3678 2314 τοῦτ’
3713 2262 3829 2330 εἴη,

2231 2347 2302 2398 τά
2356 2347 2617 2419 ἀνωτέρω
2651 2347 2938 2418 δειχθέντα
2983 2351 3400 2422 διαρῤυήσεται,
3436 2351 3506 2404 δι’
3555 2344 3637 2410 ὧν
3687 2353 3830 2406 ἐδεί-

2231 2453 2415 2501 κνυτο,
2463 2439 2632 2506 μηδὲν
2666 2440 3040 2510 συμσεσηκὸς,
3089 2443 3204 2496 ἀλλ’
3236 2444 3357 2497 ὅλον
3391 2443 3654 2509 οὐσιῶδες
3675 2439 3827 2497 εἶναι

2232 2529 2292 2582 τὸ
2323 2531 2382 2582 ὲν
2403 2530 2481 2600 τῷ
2502 2531 2643 2600 Θεῷ.

2303 2620 2427 2677 ΔΙΔ.
2459 2623 2637 2694 Ἔφθη
2669 2624 2892 2692 διδάξας
2922 2629 2948 2679 ό
2979 2627 3136 2696 λόγος
3182 2628 3280 2700 τὴν
3313 2629 3408 2683 τοῦ
3456 2629 3596 2685 Θεοῦ
3627 2633 3824 2686 οὐσίαν

2232 2709 2379 2781 ζωὴν
2407 2712 2628 2767 αἰώνιον
2680 2710 2844 2782 εἶναι,
2886 2717 3142 2788 οὐδαμῶς
3174 2719 3353 2794 ἀρχὴν
3396 2722 3492 2775 καὶ
3545 2725 3708 2789 τέλος
3744 2728 3826 2777 εἰ-

2228 2803 2408 2857 δυῖαν.
2445 2807 2509 2858 Εί
2545 2805 2726 2860 τοίνυν
2771 2809 2804 2878 ἡ
2838 2809 3012 2880 εῑδικὴ
3057 2813 3152 2866 καὶ
3191 2814 3224 2881 ἡ
3277 2812 3482 2884 ἀληθὴς
3518 2814 3666 2887 αὕτη
3701 2817 3824 2888 ζωὴ

2231 2895 2464 2967 ἄναρχος
2497 2891 2567 2970 ἢν
2592 2899 2702 2966 ἀεὶ,
2744 2900 2902 2970 δῆλον
2933 2903 3007 2965 ὼς
3044 2903 3161 2975 ᾔδει
3190 2905 3392 2976 ἑαυτὴν
3421 2905 3607 2970 ζῶσαν
3649 2911 3824 2981 ἀνάρ-

2230 3003 2362 3053 χως.
2397 2987 2458 3039 Εί
2492 2989 2604 3058 γὰρ
2648 2989 2848 3060 ἑαυτὴν
2876 2992 2976 3044 οὐκ
3023 2995 3290 3061 ἐγίνωσκε
3337 2993 3458 3064 ζῇν,
3498 2995 3604 3048 οὐκ
3652 2997 3724 3052 ἂν
3754 2992 3826 3067 ἦν

2232 3077 2369 3148 σοφή
2399 3092 2412 3107 ⁸
2445 3077 2473 3129 ὃ
2510 3079 2641 3148 περὶ
2674 3080 2810 3134 Θεοῦ
2850 3081 3031 3151 λέγειν
3070 3085 3304 3140 ἀνόσιον.
3351 3085 3413 3139 Ei
3447 3085 3504 3139 δέ
3546 3105 3689 3142 ποτε
3723 3091 3830 3160 τὴν

2230 3168 2426 3234 σοφίαν
2461 3168 2666 3240 ταύτην
2702 3171 2972 3240 ἑτέρωθεν
3016 3174 3230 3242 ἐλαϐεν,
3281 3169 3348 3248 ἦς
3384 3177 3655 3251 ἐστέρητο
3692 3185 3832 3253 πρό-

2677 3257 2746 3332 ἦν
2781 3265 2960 3318 ἐκεῖνο
2995 3266 3205 3336 βέλτιον
3245 3270 3338 3323 τοῦ
3383 3271 3543 3339 Θεοῦ,
3581 3277 3726 3346 παρ’
3763 3274 3828 3332 οὗ

2223 3350 2283 3402 τὸ
2329 3351 2588 3405 τοσοῦτον
2638 3354 2865 3425 εἴληφεν
2916 3357 3147 3427 ἀγαθὸν,
3181 3362 3210 3414 ὃ
3265 3363 3509 3434 νομίζειν
3576 3367 3850 3439 ἀνόητον,

2224 3441 2442 3514 κομιδῆ.
2500 3445 2564 3499 Ei
2596 3445 2769 3512 ἀΐδιος
2819 3451 3005 3506 τοίνυν
3034 3452 3171 3524 ζωὴ,
3224 3455 3311 3509 ἀεὶ
3369 3457 3576 3528 ἑαυτὴν
3626 3460 3829 3526 ζῶσαν

2222 3534 2384 3597 ἐνόει,
2409 3536 2503 3588 καὶ
2537 3534 2682 3606 αῦτη
2715 3539 2815 3610 τῆς
2842 3542 3082 3612 νοήσεως
3126 3545 3158 3613 ἡ
3212 3546 3374 3615 σοφία
3409 3549 3504 3619 οὐχ
3539 3550 3831 3622 ἑτέρωθεν

2220 3625 2414 3697 ἐκείνῳ
2451 3629 2822 3700 συμϐέϐηκεν,
2876 3632 2996 3686 ἀλλ’
3048 3635 3237 3701 ἀῖδίως
3286 3638 3462 3709 τούτῳ
3513 3645 3738 3715 συνῆν·
3778 3650 3830 3700 εί

2220 3718 2318 3771 καὶ
2349 3718 2558 3788 ταύτην
2587 3720 2662 3783 ώς
2691 3722 2892 3776 ἑαυτοῦ
2919 3727 3193 3796 γέννημα,
3227 3728 3286 3795 ἐξ
3323 3729 3520 3784 ἑαυτοῦ
3550 3733 3832 3808 ἀρρήτως

2218 3811 2535 3882 ἐγέννησεν.
2573 3813 2632 3867 ’0
2663 3816 2853 3888 Πατὴρ
2877 3819 3062 3874 τοίνυν
3092 3821 3351 3877 οὐδέποτε
3381 3818 3450 3896 ἦν
3477 3823 3616 3879 ἄνευ
3657 3829 3828 3898 Υίοῦ,

2216 3902 2249 3972 ἢ
2283 3903 2551 3973 ὑπῆρξεν.
2822 3908 2825 3910 ’

2285 3995 2484 4048 ΑΔΕΛ.
2526 3993 2648 4049 Τίνι
2673 3996 2986 4068 ὁμοιώματι
3017 4001 3078 4052 τὸ
3105 3999 3200 4053 τοῦ
3230 4001 3402 4055 ἀϊδίου
3425 4005 3610 4072 φωτδς
3635 4008 3832 4063 ἀπαύ-

2213 4099 2406 4154 γασμα
2447 4085 2598 4150 Υίὸς,
2631 4087 2746 4140 ἀλλ’
2775 4089 2834 4141 οὐ
2866 4074 3117 4160 θυγάτηρ
3150 4091 3435 4159 καλεῖται;
3779 4082 3789 4094 ’

2283 4175 2408 4228 AIA.
2447 4172 2570 4229 Ὅτι
2615 4177 2704 4230 διά
2751 4178 2972 4231 πάντων
3025 4182 3082 4233 ἑν
3126 4181 3302 4254 τούτῳ
3349 4185 3381 4254 ή
3429 4186 3526 4239 τοῦ
3593 4191 3833 4263 Πατρεὺς

2209 4265 2464 4336 ὁμοιότης
2493 4267 2816 4336 ἐκφαίνεται
2855 4283 2869 4298 ’
2900 4269 3026 4323 ὅθεν
3057 4273 3152 4324 καὶ
3191 4274 3450 4345 ὁμοιότης
3497 4279 3682 4335 αὐτοῦ
3726 4285 3824 4336 λέ-

2211 4370 2390 4420 γεται.
2432 4355 2521 4408 Ἐν
2571 4355 2628 4408 δὲ
2665 4359 2782 4420 τοῖς
2833 4362 3076 4424 κτιστοϊς
3128 4363 3454 4433 πράγμασιν
3493 4370 3664 4426 οὐδὲν
3719 4376 3829 4446 τὴν

2208 4446 2387 4514 ἄκραν
2421 4446 2720 4516 ὁμοιότητα
2760 4448 2896 4518 πρὸς
2931 4451 2992 4504 τὸ
3029 4457 3302 4524 γεννῆσαν
3351 4461 3532 4527 τηρεῖ.
3589 4464 3665 4515 Δί
3706 4468 3826 4538 γὰρ

2208 4537 2396 4606 τρίχες
2454 4537 2606 4607 παρὰ
2657 4538 2758 4607 τῆς
2799 4541 3045 4613 κεφαλῆς
3094 4547 3486 4618 ἐγεννήθησαν,
3538 4537 3828 4623 ἀνόμοιαι

2211 4623 2371 4680 οὖσαι
2401 4629 2466 4697 τῇ
2498 4629 2707 4699 κεφαλῇ
2733 4646 2750 4663 ⁸
2779 4633 2891 4694 τοῖς
2929 4633 3209 4700 δένδρεσιν
3241 4638 3288 4690 oi
3334 4642 3564 4710 καρποὶ,
3622 4634 3828 4703 καίτοι

2215 4718 2347 4815 παρ’
2377 4719 2560 4773 αὐτῶν
2599 4723 2990 4792 γεννηθέντεςτ
3046 4730 3116 4783 τὰ
3152 4730 3298 4801 ἔρια,
3337 4735 3488 4802 παρά
3517 4737 3639 4790 τῶν
3673 4759 3833 4815 προ-

2215 4806 2418 4872 ϐάτων,
2459 4810 2667 4873 τούτοις
2709 4814 2942 4884 ἀνόμοια
2991 4818 3057 4872 τά
3094 4820 3204 4874 τῶν
3256 4822 3410 4886 ζώων
3453 4827 3638 4896 νήπια
3671 4847 3689 4863 ο
3726 4806 3835 4892 καὶ

2213 4899 2370 4952 αὐτοὶ
2402 4899 2512 4952 τῶν
2563 4904 2821 4972 πατέρων
2859 4907 2908 4960 oi
2959 4909 3066 4960 υίοὶ
3125 4909 3186 4962 οὑ
3229 4911 3321 4964 διὰ
3368 4913 3593 4970 πάντων
3627 4921 3835 4994 ὅμοιοι

2208 4992 2277 5060 τῇ
2299 4990 2406 5042 τῶν
2433 4995 2933 5067 γονέωνιποιότητι.
2968 4997 3138 5064 Οὗτος
3166 5001 3223 5055 δὲ
3251 5003 3339 5058 διὰ
3370 5010 3596 5063 πάντων
3621 4990 3837 5084 ὅμοιός

2209 5084 2328 5134 ἐστι
2347 5081 2424 5152 τῷ
2455 5087 2804 5156 γεννήσαντι,
2830 5093 2924 5144 καὶ
2950 5090 3038 5144 διὰ
3054 5092 3199 5146 τοῦτ’
3227 5096 3624 5166 ἀληθεστάτως
3660 5081 3832 5179 Ῡίὸς,

2209 5175 2324 5227 ἀλλ’
2354 5178 2415 5229 οὐ
2453 5177 2728 5251 θυγάτηρ,
2756 5183 3027 5240 καλεῖται.

2281 5268 2482 5322 ΑΔΕΛ.
2527 5271 2644 5323 Τίνι
2677 5271 2720 5324 δ’
2751 5274 3016 5346 ἀναλογίᾳ
3061 5279 3090 5328 ὁ
3139 5278 3268 5343 Υἱὸς
3306 5277 3460 5348 οὗτος
3487 5285 3673 5355 Λόγος
3713 5313 3831 5352 κα.

2206 5361 2379 5412 λείται
2404 5376 2418 5424 ;

2276 5453 2404 5505 AIA.
2442 5453 2732 5525 Πολλαχῶς
2791 5461 2841 5512 ὁ.
2875 5462 3048 5530 Λόγος
3097 5468 3338 5520 νοεῖταιο
3391 5469 3552 5538 λόγου
3608 5480 3825 5552 χάριν³

2206 5543 2333 5596 ὅταν
2373 5547 2400 5597 ὁ
2431 5546 2720 5616 ἄνθρωπος
2745 5551 2836 5604 τὸν
2870 5554 3029 5620 λόγον
3061 5558 3248 5612 τοῦτον
3286 5564 3538 5636 προφέρῃ
3689 5543 3831 5628 (ita:

2212 5654 2365 5704 ματι,
2401 5639 2591 5709 ἢόταν
2640 5643 2728 5696 τὸν
2763 5645 2928 5699 αὑτὸν
2978 5649 3135 5717 λόγον
3165 5653 3192 5704 ὁ
3228 5653 3513 5726 ἄνθρωπος
3553 5659 3730 5721 ἕνῖον
3759 5671 3831 5726 ὲν
