4096 6470
28 6304 42 6380 t,
89 6279 138 6368 ti

342 431 404 495 ιι
1550 422 1650 481 DE
1687 420 1866 478 FIDE
1907 417 2400 477 Ol‘i'l‘ll‘tlDUXA.
3549 421 3622 484 42

336 550 470 618 ὅπερ
489 541 659 615 ἐστιν)
677 539 722 615 ᾧ
738 545 868 600 ἴδιόν
885 546 1052 611 ἐστιν,
1135 542 1305 597 ἀΐδιόν
1328 541 1496 604 ἐστιν,
1517 531 1562 607 ᾧ
1586 539 1779 591 ταυτόν
1801 538 1915 588 ἐστι

2046 537 2150 603 est)
2171 536 2255 590 cui
2286 537 2554 606 pruprinnt
2571 544 2674 602 est,
2694 539 2778 592 Ctti
2802 547 3086 604 mternttm,
3113 539 3200 594 cui
3218 539 3380 604 idem,
3406 549 3620 606 etesse,

337 642 396 693 τὸ
437 636 602 703 εἶναι,
636 640 731 692 καὶ
752 640 872 709 ζῇν,
922 638 1016 690 καὶ
1044 639 1181 689 νοεῖν
1205 652 1218 665 ·
1267 631 1555 686 καὶταῦτα
1585 631 1818 701 τάτρία,
1841 622 1924 690 εἷς

336 733 469 796 Θεὸς
497 750 514 765 ·
551 733 650 786 καὶ
681 733 710 784 ὁ
739 727 820 794 εἷς
843 732 993 795 Θεὸς,
1042 729 1216 782 ταῦτα
1233 727 1301 784 τὰ
1347 727 1496 798 τρία,
1517 725 1766 778 τουτέστι
1785 721 1918 780 Θεὸς

339 827 436 877 καὶ
467 825 694 894 Κύριος,
743 822 948 892 ἀληθὴς
999 822 1095 874 καὶ
1149 819 1318 881 ἀΐδιος
1346 820 1405 872 ὲν
1434 820 1548 879 τοῖς
1608 813 1927 883 προσώποις

344 916 535 985 Τριὰςο
558 915 763 984 ἀληθὴς
795 916 891 968 καί
912 915 1080 975 ἀΐδιος
1110 915 1167 964 ἐν
1192 915 1259 980 τῇ
1283 911 1444 979 οὐσίᾳ
1470 908 1654 979 μονάς
1676 908 1798 959 ἐπεὶ
1829 904 1930 975 μία

345 1006 496 1060 οὐσία
515 1008 542 1060 ὁ
561 1006 770 1075 Πατὴρ,
793 1006 889 1058 καὶ
913 1007 940 1057 ὁ
968 1004 1092 1066 Υἱὸς
1134 1005 1226 1054 καὶ
1250 1001 1310 1052 τὸ
1328 1001 1482 1068 ἅγιον
1499 1000 1743 1068 Πνεῦμα.
1773 995 1924 1064 Αὕτη

346 1101 398 1152 δὲ
427 1101 458 1168 ὴ
497 1100 627 1166 ἁγία
651 1097 846 1170 Τριὰς,
877 1098 1030 1150 οὐδέν
1055 1111 1108 1146 τι
1141 1093 1326 1164 μεῖζόν
1358 1096 1509 1146 ἐστιν
1536 1095 1594 1145 ὲν
1629 1095 1744 1154 τοῖς
1777 1093 1929 1161 τρισὶ

346 1190 657 1260 προσώποις
687 1187 824 1254 ὁμοῦ
857 1187 1178 1258 ρηθεϊσιν.ἢ
1210 1190 1268 1242 ἐν
1293 1188 1374 1240 ἐνὶ
1402 1188 1620 1256 ἑκάστῳ
1645 1186 1930 1258 προσώπῳ

345 1283 490 1345 ἅπαξ
519 1282 791 1351 ῥηθέντες.
813 1281 1086 1333 "Exue-cev
1103 1279 1212 1350 γὰρ
1234 1281 1342 1332 τῶν
1364 1280 1679 1349 προσώπων
1709 1279 1928 1347 πλήρης

343 1375 491 1424 ἐστὶν
525 1371 684 1424 οὐσία
729 1372 787 1422 ὲν
844 1370 1043 1439 ἐαυτῷ,
1093 1370 1154 1421 οῦ
1196 1370 1302 1438 μὴν
1356 1370 1507 1439 τρεῖς
1555 1369 1760 1429 οὐσίαι,
1809 1367 1927 1420 ἀλλ’

344 1461 425 1526 εἷς
483 1465 637 1528 Θεὸς,
687 1465 786 1534 μία
847 1464 1026 1528 οὐσία,
1071 1463 1170 1532 μία
1229 1463 1475 1527 ἐξουσία,
1523 1461 1623 1532 μία
1669 1459 1928 1530 ὓπαρξις,

351 1559 446 1628 μία
498 1558 760 1628 ἁῐδιότης,
807 1557 904 1626 μία
933 1558 1314 1626 μεγαλειότης,
1355 1557 1454 1623 μία
1485 1556 1781 1623 ἁγαϐὀτης,
1811 1557 1928 1608 Πα-

345 1652 474 1716 τὴρ,
496 1650 592 1702 καὶ
607 1649 732 1711 Υἱὸς
758 1651 849 1701 καὶ
893 1647 1049 1714 ἅγιον
1069 1647 1313 1718 Πνεῦμα.
1341 1649 1452 1717 Οὐχ
1473 1647 1662 1716 ἕτερον
1687 1648 1746 1700 δέ
1774 1649 1925 1700 ἐστιν

347 1743 377 1794 ὁ
427 1741 612 1809 Πατὴρ
651 1743 709 1794 ὲν
742 1745 808 1810 τῇ
839 1744 1000 1808 φύσει
1039 1742 1132 1794 τοῦ
1156 1742 1308 1806 Υἱοῦ,
1339 1743 1371 1811 ἢ
1409 1741 1506 1794 τοῦ
1559 1744 1715 1809 ἁγίου
1763 1740 1931 1794 Πνεΰς

355 1849 546 1900 ματοςο
579 1835 689 1886 οὐθ’
720 1833 908 1902 ἕτερον
937 1835 964 1885 ὁ
998 1835 1124 1898 Υἱὸς
1159 1837 1255 1888 καὶ
1296 1835 1355 1886 τὸ
1384 1835 1541 1902 ἇγιον
1568 1835 1795 1903 Πνεῦμα
1826 1835 1922 1887 τοῦ

2030 636 2083 679 et
2108 629 2310 693 vivere,
2339 635 2392 681 et
2415 629 2689 698 cogitare:
2723 641 2884 698 atque
2908 631 3021 685 hac
3046 632 3168 695 tria,
3206 633 3347 687 Deus
3377 649 3542 700 unus;
3565 647 3625 690 et

2029 734 2170 774 unus
2212 720 2374 784 Deus,
2429 722 2543 776 haec
2588 723 2714 788 tria,
2745 722 2846 777 hoc
2894 733 2996 790 est,
3031 725 3172 781 Deus
3201 740 3282 780 ac
3335 726 3620 804 Dominus,

2032 828 2159 869 vera
2189 823 2246 870 et
2268 823 2471 870 alterna
2503 816 2556 870 in
2585 819 2833 886 personis
2866 816 3144 885 Trinitas;
3168 832 3293 874 vera
3327 829 3383 873 et
3416 829 3622 874 :cterna

2033 905 2086 959 in
2113 910 2416 962 substantia
2445 910 2648 965 unitas:
2679 913 2935 977 quoniam
2967 926 3072 965 una
3104 911 3414 968 substantia
3435 911 3626 976 Pater,

2031 1010 2088 1052 et
2129 997 2318 1065 Filius,
2355 1012 2405 1054 et
2439 1001 2676 1069 Spiritus
2707 1011 2950 1056 sanctus.
3017 1003 3144 1057 Haec
3194 981 3374 1058 autem
3433 1015 3624 1058 sancta

2033 1089 2274 1144 Trinitas
2303 1078 2476 1145 nihilo
2508 1091 2678 1162 magis
2723 1091 2882 1148 estin
2941 1092 3115 1149 tribus
3165 1095 3414 1164 personis
3462 1094 3629 1151 simul

2033 1181 2214 1246 dictis,
2239 1196 2402 1250 quam
2425 1182 2472 1237 si
2497 1181 2742 1251 qualibet
2771 1183 2822 1238 in
2844 1198 3074 1252 persona
3097 1185 3266 1240 semel
3293 1188 3624 1241 enuntietur.

2036 1272 2167 1326 Nam
2196 1274 2448 1342 quaelibet
2483 1289 2710 1344 persona
2745 1276 2988 1345 perlecta
3028 1278 3078 1330 in
3107 1292 3167 1332 se
3193 1279 3502 1333 substantia
3516 1291 3623 1344 est,

2038 1376 2141 1415 non
2165 1370 2346 1418 tamen
2380 1375 2493 1420 tres
2529 1367 2848 1422 substantia:
2866 1377 3012 1430 sunt,
3037 1369 3131 1424 sed
3157 1384 3297 1424 unus
3327 1369 3493 1433 Deus,
3516 1387 3625 1424 una

2037 1456 2360 1520 sutiStantia,
2381 1472 2484 1510 una
2505 1467 2766 1527 potestas,
2787 1473 2889 1512 una
2913 1459 3178 1522 essentia,
3202 1475 3304 1513 una
3325 1461 3625 1522 aeternitas,

2039 1563 2142 1600 una
2167 1550 2444 1618 tuajestas,
2464 1566 2566 1605 una
2589 1552 2821 1620 bonitas;
2837 1551 3020 1616 Pater,
3037 1564 3092 1607 et
3110 1553 3300 1620 Filius,
3321 1563 3374 1608 et
3389 1553 3626 1624 Spiritus

2037 1652 2279 1695 Sanctus.
2315 1641 2433 1696 Non
2471 1656 2557 1698 εει
2587 1655 2768 1699 autem
2797 1645 2940 1700 aliud
2975 1646 3137 1702 Pater
3170 1649 3221 1702 in
3253 1659 3451 1705 natura
3481 1649 3626 1717 Filii,

2041 1733 2122 1784 vel
2160 1733 2394 1802 Spiritus
2434 1736 2633 1791 sancti:
2663 1749 2763 1790 nec
2793 1735 2938 1791 aliud
2975 1736 3147 1793 Filius
3168 1749 3221 1794 et
3245 1739 3479 1809 Spiritus
3503 1755 3629 1794 sat:-

2038 1832 2157 1880 ctus
2193 1826 2244 1878 in
2273 1837 2461 1881 natura
2495 1826 2691 1892 Patris,
2751 1843 2874 1883 cum
2907 1844 3009 1883 una
3051 1832 3126 1886 sit
3168 1831 3255 1886 his
3294 1842 3510 1898 natura,
3538 1850 3629 1889 ve-

348 1896 558 1991 Πατρὺς
582 1925 638 1975 ἐν
676 1926 738 1994 τῇ
765 1896 947 1990 φῦσειο
981 1920 1062 1987 οἷς
1086 1896 1203 1977 ἑστι
1238 1927 1337 1993 μία
1370 1896 1556 1993 φῦσιςο
1595 1896 1736 1996 πλὴν
1761 1925 1922 1990 ἄλλος

2031 1933 2146 1971 rum
2180 1919 2321 1974 alius
2349 1929 2432 1975 est
2459 1918 2644 1986 Pater,
2669 1935 2924 1989 persona;
2953 1923 3090 1978 alius
3120 1934 3203 1979 est
3229 1923 3413 1990 Filius,
3438 1941 3628 1996 perso-

348 2015 500 2066 ἐστὶν
529 2016 557 2066 ὁ
616 2017 824 2086 Πατὴρ,
874 2017 952 2087 τῷ
1011 2016 1293 2087 προσώπῳ
1330 2035 1344 2047 ο
1381 2017 1543 2080 ἄλλος
1575 2019 1603 2070 ὁ
1659 2019 1810 2080 Υἱὸς,
1840 2019 1920 2088 τῷ

347 2107 646 2178 προσώπῳ·
708 2110 800 2162 καὶ
831 2109 1022 2178 ἕτερον
1071 2110 1134 2161 τὸ
1191 2109 1420 2179 Πνεῦμα
1485 2111 1548 2162 το
1603 2109 1781 2178 ἅγιον,
1841 2110 1921 2179 τῷ

350 2201 646 2272 προσώπῳ.
683 2203 866 2273 Ἐντῷ
883 2205 1059 2273 Πατρὶ
1083 2203 1345 2273 ὰῖδιότης,
1371 2205 1428 2255 ὲν
1462 2202 1541 2273 τῷ
1569 2202 1681 2272 Υίῷ
1715 2204 1921 2272 ἰσότης,

347 2296 407 2347 ὲν
433 2297 508 2366 τῷ
538 2297 676 2364 ἁγίῳ
709 2297 986 2365 Πνεύματι
1033 2298 1134 2366 τῆς
1169 2297 1469 2365 αἶδιότητος
1510 2298 1607 2350 καὶ
1636 2296 1736 2365 τῆς
1811 2296 1923 2350 ἰσό-

348 2406 505 2457 τητος
536 2389 847 2458 σύνδεσμος.
895 2391 990 2442 ’Ἑν
1029 2391 1078 2442 οἱ
1117 2391 1318 2452 πάντες
1344 2392 1410 2460 τῇ
1443 2390 1622 2460 οὐσίᾳ,
1645 2392 1715 2458 τῇ
1743 2390 1924 2462 ὑπάρ-

351 2476 451 2542 ξει.
484 2480 552 2548 τῇ
605 2478 1132 2548 παντοδυναμὸτητι,
1160 2483 1226 2549 τῇ
1285 2480 1522 2551 θεότητι.
1557 2481 1772 2550 Ὥσπερ
1809 2483 1920 2552 γὰρ

350 2569 491 2639 αὕτη
518 2575 550 2642 ὴ
587 2573 719 2637 ἁγία
748 2573 924 2642 Τριὰς
958 2573 1274 2644 ἀδιαίρετός
1300 2575 1417 2628 ἐστι
1438 2577 1505 2645 τῇ
1534 2574 1716 2643 οὐσίᾳ,
1777 2575 1926 2629 οὕτω

350 2669 444 2718 καὶ
461 2668 574 2728 τοῖς
599 2665 780 2734 ἔργοις
819 2667 964 2718 ἐστὶν
997 2666 1323 2736 ἀδιαίρετος·
1361 2668 1412 2719 εἰ
1477 2669 1572 2720 καί
1636 2685 1758 2721 τινα
1815 2671 1923 2722 τῶν

349 2758 442 2811 τοῦ
462 2758 596 2811 Θεοῦ
619 2759 793 2828 ἔργων
816 2758 960 2820 ἰδίως
978 2759 1090 2810 τισὶ
1108 2759 1216 2810 τῶν
1237 2759 1547 2833 προσώπων
1566 2760 1923 2831 ἁρμόζουσιν,

350 2851 598 2920 ὥσπερὴ
651 2852 714 2903 ἐκ
746 2850 852 2902 τῶν
897 2850 1148 2920 οὐρανῶν
1194 2850 1449 2920 ἡχήσασα
1518 2852 1698 2921 φωνὴ,
1750 2853 1840 2906 ὅτε
1896 2857 1925 2907 ὁ

351 2945 582 3013 Χριστὸς
617 2945 957 3009 ἐϐαπτίζετο,
989 2943 1066 3014 τῷ
1115 2945 1314 3015 Πατρίο
1369 2946 1467 2998 καὶ
1514 2945 1593 3017 τῷ
1644 2947 1924 3016 προσώπῳ

349 3039 447 3091 ἑοῦ
499 3037 631 3091 Υίοῦ
701 3038 846 3108 μόνῳ
879 3039 1148 3108 προσήκει
1211 3039 1243 3106 ἠ
1299 3039 1399 3107 τῆς
1491 3038 1922 3108 ἀνθρωπότητος

354 3131 680 3200 πρόσληψις·
719 3129 910 3199 καὶτῷ
937 3129 1219 3200 προσώπῳ
1243 3129 1336 3183 τοῦ
1391 3131 1547 3198 ἁγίου
1607 3133 1925 3202 Πνεύματος

2027 2027 2134 2074 na;
2197 2011 2338 2067 alius
2373 2023 2459 2068 est
2493 2014 2732 2082 Spiritus
2780 2026 3022 2083 sanctus,
3080 2032 3339 2086 persona.
3377 2017 3432 2072 ln
3468 2018 3630 2074 Patre

2025 2103 2324 2169 :cteruitas,
2381 2105 2433 2158 itt
2491 2104 2632 2161 Filio
2677 2107 2989 2176 :equalitas,
3056 2109 3107 2162 in
3182 2108 3386 2180 Spiritu
3431 2124 3625 2166 sancto

2025 2195 2754 2268 :rternitatisetaequalitatis
2779 2201 3068 2256 connexio.
3096 2201 3266 2257 Unum
3291 2219 3484 2258 omnes
3503 2205 3628 2258 suh—

2026 2287 2248 2352 stantia,
2268 2288 2951 2367 essetttia,omnipotentia,
2966 2292 3268 2347 divinitate.
3283 2293 3417 2347 Nam
3439 2307 3628 2363 quem-

2028 2378 2316 2434 admodum
2373 2381 2488 2434 haec
2549 2392 2735 2435 sancta
2783 2381 3025 2437 Trinitas
3065 2383 3339 2438 individua
3365 2401 3448 2440 εει
3498 2387 3627 2437 θυι»-

2026 2473 2263 2536 stantia,
2318 2473 2398 2526 sic
2437 2483 2510 2543 ,οι
2559 2473 2815 2542 operibus
2876 2485 2960 2530 est
3008 2475 3326 2532 individua:
3381 2477 3507 2532 licet
3560 2495 3625 2532 ex

2028 2566 2287 2636 operibus
2311 2566 2401 2620 Dei
2435 2566 2684 2634 quaedam
2706 2566 3059 2634 singulariter
3077 2567 3352 2636 aliquibus
3375 2573 3624 2639 personis

2027 2669 2356 2729 congruunt,
2383 2670 2440 2713 ut
2460 2674 2566 2713 vox
2588 2660 2710 2722 ista,
2734 2673 2854 2728 quae
2891 2658 2960 2713 de
2975 2660 3129 2715 caelis
3162 2662 3366 2726 sonuit,
3405 2665 3625 2731 quando

2029 2751 2414 2821 baptizabatur
2444 2751 2716 2818 Christus,
2749 2751 2933 2816 Patri;
2974 2762 3027 2806 et
3054 2753 3156 2806 soli
3205 2769 3448 2823 persona:
3478 2754 3626 2820 Filii,

2028 2847 2381 2900 humanitatis
2451 2846 2752 2915 assumptio
2804 2846 3102 2916 competit;
3156 2859 3212 2902 et
3270 2848 3627 2918 singulariter

2028 2953 2279 3008 persona:
2309 2937 2548 3005 Spiritus
2579 2939 2777 3004 sancti,
2807 2938 3082 2994 columba.
3131 2941 3183 2993 itt
3237 2941 3394 3010 cujus
3443 2942 3627 3008 ενοι-ιο

2029 3033 2169 3090 idem
2223 3031 2461 3099 Spiritus
2508 3041 2732 3086 sanctus
2777 3045 2943 3100 supra
3000 3031 3197 3087 Filium
3255 3035 3390 3097 Dei,
3445 3036 3535 3101 qui
3571 3045 3630 3086 ut

2029 3127 2190 3181 homo
2205 3125 2608 3199 baptizabatur,
2638 3123 2940 3182 descendit.
2963 3124 3156 3179 Procul
3183 3124 3343 3179 dubio
3363 3135 3541 3180 tamen
3569 3117 3623 3179 ei

353 3223 561 3292 ίὸξωςή
599 3226 918 3292 περιστερὰ,
955 3218 1022 3291 ἧς
1086 3224 1146 3273 ὲν
1200 3222 1333 3275 εἴδει
1391 3223 1452 3274 τὸ
1513 3223 1647 3275 αὐτὸ
1695 3224 1923 3293 Πνεῦμα

2031 3235 2215 3276 vocem
2256 3220 2429 3282 illam,
2454 3228 2510 3273 et
2532 3217 2862 3282 columbam,
2893 3227 2946 3272 et
2975 3216 3369 3274 humanitatem
3401 3219 3628 3284 Christi,

353 3315 510 3381 ἅγιον
534 3313 900 3383 κατελήλυοεν
930 3315 1026 3366 ἐπὶ
1053 3315 1144 3367 τὸν
1173 3314 1305 3366 Υίδν
1342 3313 1438 3366 τοῦ
1479 3314 1640 3379 ὁεοῦ,
1689 3315 1767 3380 ὡς
1819 3319 1913 3371 ἄν-

355 3405 573 3474 θρωπον
635 3405 1051 3476 βαπτιζόμενον.
1117 3405 1262 3477 Πλὴν
1351 3407 1744 3478 ἀναμφιϐόλως

2029 3323 2139 3371 tota
2163 3311 2402 3366 Trinitas
2428 3310 2634 3376 eﬂecit,
2664 3311 2824 3382 cujus
2845 3325 3009 3380 opera
3043 3322 3168 3367 sunt
3208 3311 3508 3365 individua.

1825 3411 1927 3483 τὴν
1961 3412 2147 3481 φωνὴν
2177 3408 2419 3478 ἐκείνην,
2475 3406 2570 3460 καὶ
2595 3407 2693 3478 τὴν
2721 3405 3081 3477 περιστερὰν,
3124 3406 3219 3459 καὶ
3256 3407 3358 3477 τὴν
3399 3407 3628 3477 ἀνορω-

359 3501 566 3568 retr-{:1
598 3499 692 3552 τοῦ
734 3502 991 3572 Χριστοῦ,
1027 3502 1127 3571 ὅλη
1155 3503 1189 3571 ἡ
1254 3502 1427 3569 Τριὰς
1498 3505 1834 3574 ἐνήργησεν,
1878 3500 1946 3575 ἦς
1985 3507 2054 3560 τὰ
2082 3507 2219 3574 ἔργα
2249 3503 2544 3574 ἀδιαίρετα
2566 3505 2736 3556 ἐστιν.

1533 3658 1703 3672 ..-.,-.

1714 3659 1938 3672 w—

2397 3661 2674 3672 ...υ-..-

1596 3791 2178 3882 MONITUM
2266 3773 2341 3842 ω

430 4065 783 4136 Subsequens
803 4068 1236 4130 narratiuncula,
1264 4077 1516 4138 tanquam
1543 4066 1956 4137 llarmentipuli,
1977 4072 2297 4121 recensetur
2321 4065 2370 4116 itt
2390 4060 2650 4134 Catalogo
2669 4061 3009 4131 Nesseliano,
3030 4074 3190 4134 parte
3215 4081 3278 4132 tt,
3303 4080 3356 4136 p.
3383 4066 3475 4133 27,
3503 4067 3629 4122 cod.

359 4165 450 4230 i2,
497 4181 650 4219 num.
677 4165 734 4230 5,
766 4165 1140 4239 nondumque,
1180 4163 1434 4218 Fabricio
1467 4174 1629 4228 teme,
1658 4164 1838 4218 lucem
1862 4163 2029 4217 vidit.
2065 4163 2416 4231 Quapropter
2445 4162 2511 4214 ad
2545 4177 2667 4216 eatn
2699 4160 2803 4231 ipsi
2844 4162 3176 4218 alierendam
3219 4163 3446 4234 jamjam
3475 4163 3637 4220 ltetus-

357 4254 710 4324 accingehar,
743 4269 867 4307 cum
921 4268 950 4306 a
999 4253 1175 4306 doctis
1210 4251 1559 4306 Bibliothecm
1617 4250 1769 4320 Regii
1820 4249 2189 4306 Tattrincusis
2246 4251 2496 4305 Athenaei
2555 4252 2859 4308 triumviris
2902 4253 2953 4308 id
3004 4255 3138 4308 mihi
3190 4256 3305 4310 sive
3359 4255 3628 4326 gloriolae,

319 4343 481 4396 κεῖνο
517 4340 894 4396 deliciolarum
945 4349 1271 4410 prmreptum
1317 4340 1503 4396 inveni
1542 4339 1644 4409 (οὶ).
1690 4340 2107 4407 Verumtamen,
2151 4343 2418 4410 quoniam
2469 4342 2757 4412 exemplar
2815 4341 3139 4400 Matritense
3191 4345 3244 4398 in
3297 4345 3627 4413 quibusdam

376 4428 521 4483 haud
562 4427 791 4482 levioris
817 4426 1078 4482 momenti
1113 4427 1349 4481 alienum
1378 4442 1408 4481 a
1444 4426 1768 4481 'l‘aurinensi
1806 4427 2311 4497 deprehenderunt,
2343 4440 2718 4500 praetereaque
2748 4432 3254 4488 animadversiones
3285 4431 3403 4502 ejus
3429 4432 3625 4487 lectio-

365 4531 498 4569 nutu
547 4515 798 4570 varietati
851 4514 1212 4582 adhibendas,
1251 4530 1355 4570 non
1410 4517 1588 4570 minus
1618 4515 1778 4584 spatii
1817 4528 1982 4583 quam
2031 4515 2211 4587 ipsum
2245 4519 2595 4589 opusculum,
2629 4532 2998 4591 occupaturas
3033 4521 3448 4587 intellexeram;
3485 4537 3634 4575 cam-

365 4607 488 4657 tlcm
517 4605 774 4660 cramben
818 4605 936 4660 sine
978 4605 1197 4661 lectoris
1247 4605 1500 4672 fastidio,
1535 4607 1654 4661 sine
1701 4607 1909 4661 charta:
1941 4603 2232 4685 dispendio
2269 4606 2467 4661 iterum
2531 4608 2740 4678 apponi
2778 4623 2938 4680 posse
2992 4609 3165 4663 visum
3216 4617 3323 4664 est.
3361 4607 3514 4675 Quod
3553 4612 3622 4664 ita

363 4691 613 4746 lubenter
637 4703 977 4761 praesumus.

846 4991 1517 5054 NARRATIUNCULA
1594 4995 1702 5055 DE
1785 4997 2078 5060 TRIBUS
2153 4999 2408 5060 TOMIS
2490 4996 2930 5058 SYNODICIS
3006 4997 3153 5059 SUB

923 5091 1016 5153 1M
1025 5094 1571 5156 PERATORIBUS
1603 5097 1651 5157 C
1655 5094 1816 5159 0N5
1828 5098 1993 5162 ΤΑΝ
2001 5099 2056 5158 Τ
2053 5098 2151 5161 ΙΝ
2155 5099 2207 5159 0
2244 5098 2531 5160 PORPH
2543 5096 2928 5159 YROGENI
2940 5097 3070 5172 T0,

402 5194 823 5255 MANUELE
853 5195 1298 5270 COMNENO,
1328 5201 1430 5260 ET
1477 5201 1940 5264 MICHAELE
1973 5199 2495 5264 PALEOLOGO
2536 5202 3116 5276 PROMULGATIS,
3166 5203 3246 5263 IN
3305 5200 3594 5274 QUIBUS

610 5298 880 5361 OMNES
945 5303 1357 5366 ADVERSUS
1439 5306 2064 5368 IMPERATORIAM
2145 5307 2680 5368 MAJESTATEM
2755 5307 3211 5385 TURBARUM|
3275 5307 3436 5367 AUT

1325 5408 1854 5469 REBELLIONIS
1903 5409 2058 5471 DUC
2071 5410 2158 5468 ES
2175 5451 2190 5478 ,
2239 5408 2698 5480 EORUMQUE

845 5513 988 5572 ADJ
998 5513 1158 5574 UTO
1171 5514 1320 5576 RES
1399 5516 1504 5574 ET
1571 5516 1874 5577 CONSCII

2031 5515 2514 5577 iA'l’HEMATE
2587 5517 3231 5578 PERCUTIUNTUR.

455 5657 578 5710 Ἐπὶ
607 5658 704 5728 τῆς
727 5656 1003 5727 βασιλείας
1035 5662 1447 5716 Κωνσταντίνου
1488 5663 1583 5716 τοῦ
1655 5665 1924 5737 Πορφυρο-

2121 5663 2231 5718 Sub
2253 5663 2479 5731 itnperio
2505 5661 2856 5716 Constantini
2890 5663 3362 5734 Porphyrogeniti,
3399 5679 3634 5718 consen-

365 5749 650 5816 τεν-δήτοῦ,
703 5749 868 5817 τόμος
909 5751 1232 5822 ἐξεφωνήοη
1264 5794 1280 5819 ,
1349 5757 1773 5826 συμπράξαντος
1850 5759 1924 5810 κα

2058 5758 2228 5809 tiente
2262 5755 2575 5824 patriarcha
2617 5757 2668 5810 id
2721 5758 2984 5822 temporis
3025 5755 3240 5821 Alexio,
3281 5771 3344 5810 ac
3399 5761 3631 5827 synodo,

437 5861 503 5934 (l)
529 5865 737 5934 i’riarte,
761 5867 990 5934 cod._Gr.
1020 5871 1211 5934 illam}
1239 5886 1287 5934 p.
1306 5873 1414 5922 589.

440 5927 509 5992 (2)
549 5929 713 5978 l'asiui
738 5931 846 5979 cod.
876 5931 1080 5985 Taurin,
1105 5941 1140 5982 t.
1173 5933 1206 5981 Ι.

701 6017 969 6078 Pn'twL.
1020 6021 1134 6080 GR.
1187 6019 1301 6081 CL.

3178 6033 3219 6090 2
