4096 6470
607 405 681 474 79
1771 415 2031 478 CONST.
2066 418 2631 482 HABMENOPULI
3779 435 3842 500 80

607 526 816 582 liariter
861 525 927 581 ad
961 526 1200 582 civitatis
1239 527 1474 597 alicujus
1503 529 1812 598 ecclesiam,
1859 535 1941 589 vel
1976 545 2176 604 marty-

2283 536 2397 588 ἀλλ’
2429 538 2694 608 ἐκκλησίᾳ
2741 538 2947 601 πόλεως
2988 537 3246 612 ίδικῶς,ῆ
3287 545 3652 618 μαρτυρίῳ,ῆ
3691 566 3844 618 μονα“

611 622 775 681 rium,
812 619 894 675 vel
914 619 1308 682 monasterium
1337 623 1623 677 ordinatur
1657 642 1668 676 :
1697 627 1787 694 qui
1811 627 1988 687 aliter.
2008 628 2179 696 gradu

607 713 774 769 cadit.

1136 804 1205 861 89
1243 804 1722 874 Carthaginiensis.

679 894 783 961 Qui
823 896 1147 950 ordinantur
1170 936 1188 962 ,
1254 896 1464 954 litteras
1512 897 1802 964 accipiant,
1833 913 1950 966 quae
1980 911 2178 953 consu-

605 989 709 1043 lem
741 997 796 1043 et
825 987 966 1042 diem
995 988 1257 1044 indicent.

1252 1078 1546 1133 Scltolium.

677 1173 747 1228 Ut
779 1173 842 1226 iis
869 1171 1076 1228 scilicet
1113 1171 1426 1235 insinuatis,
1485 1171 1854 1241 praliciantur
1890 1172 2019 1237 illis,
2077 1185 2178 1241 pro

604 1246 803 1314 quibus
836 1253 961 1298 ante
994 1243 1486 1297 lueruntordinati.

1201 1356 1503 1414 TITULUS
1534 1357 1594 1411 11.

605 1473 862 1538 Qua'nam
887 1473 1074 1542 offerre
1103 1470 1348 1526 sacerdos
1371 1471 1574 1534 debeat,
1606 1481 1656 1526 et
1680 1487 1798 1541 qua:
1826 1487 1930 1526 non
1965 1471 2171 1541 offerre.

727 1627 906 1684 Conon
929 1628 962 1682 ὅ
988 1628 1370 1698 apostolorum,
1399 1636 1447 1681 et
1474 1628 1540 1682 57
1571 1627 1765 1682 habltte
1792 1628 1844 1681 in
1871 1625 2080 1681 Trulla.

674 1807 966 1871 Sacerdos,
1029 1807 1118 1876 qui
1176 1806 1261 1862 lac
1289 1815 1384 1860 aut
1423 1805 1528 1860 mel
1577 1807 1644 1861 ad
1685 1821 1834 1859 aram
1881 1809 2064 1870 obert,
2097 1804 2178 1859 vel

2290 629 2496 698 στηρίῳ
2527 631 2939 700 χειροτονείσθω
2965 648 2977 660 ⁸
3007 635 3034 683 ὁ
3063 632 3119 684 δὲ
3157 633 3232 704 μὴ
3261 635 3455 702 οὕτως,
3483 639 3716 710 ἀνίερος.

2642 813 2704 868 '0
2729 816 2824 867 μεθ’
2856 813 2959 883 τῆς
2990 816 3062 870 ἐν
3097 821 3473 893 Καρθαγένῃ.

2360 905 2423 955 Οἱ
2450 906 2916 976 χειροτονούμενοι
2953 909 3260 982 γράμματα
3294 915 3734 987 λαμϐανέτωσαν,
3765 922 3848 976 τὸν

2289 995 2495 1048 ὕπατον
2529 997 2820 1065 δηλοῦντα,
2852 1001 2950 1052 καὶ
2975 1000 3074 1070 τὴν
3108 1004 3347 1076 ἡμέραν.

2951 1092 3231 1158 Σχόλιον.

2361 1176 2703 1270 ναΔτ-οἰύτων
2726 1181 3204 1254 ἐμφανιζομένων,
3229 1195 3608 1264 προκάθηνται
3637 1193 3710 1254 ὧν
3726 1213 3851 1270 προ·

2287 1250 2786 1318 κεχειροτόνηνται.

2834 1369 3180 1428 ΕΠΙΓΡΔΦΗ
3212 1376 3285 1430 B'.

2292 1477 2432 1531 Τίνα
2465 1478 2558 1534 δεῖ
2583 1482 2690 1538 τὸν
2717 1485 2871 1556 ἱερέα
2912 1489 3260 1574 προσάγειν,
3284 1491 3382 1546 καὶ
3412 1494 3544 1547 τίνα
3561 1495 3645 1564 μὴ
3673 1509 3846 1563 προσ⁴

2976 1575 3166 1630 araer.

2443 1639 2508 1695 '0
2545 1641 2592 1712 γ’
2622 1643 2741 1699 τῶν
2767 1647 3147 1716 ἀποστόλων,
3183 1654 3279 1707 καὶ
3319 1657 3352 1708 ό
3399 1653 3488 1715 νζ
3513 1653 3622 1722 τῆς
3651 1656 3719 1708 ἐν

2931 1723 3233 1791 Τρούλλφ.

2375 1801 2435 1856 ’0
2479 1805 2624 1872 γάλα
2666 1811 2845 1880 ἢμέλι
2906 1817 2985 1886 τῷ
3033 1816 3405 1888 θυσιαστηρίῳ
3458 1821 3745 1891 προσάγων
3779 1823 3846 1873 ls-

601 1913 699 1967 pro
728 1900 854 1952 vino
886 1899 1084 1962 sicera,
1122 1897 1205 1951 vel
1232 1913 1382 1963 aves,
1418 1898 1501 1951 vel
1534 1897 1808 1963 animalia,
1863 1896 1944 1954 vel
1967 1897 2176 1966 legumi-

2296 1894 2499 1967 ρεὺς,ἢ
2530 1900 2652 1953 ἀντὶ
2681 1903 2827 1957 οίνου
2857 1907 3072 1978 σίκερα,
3096 1909 3128 1975 ἢ
3162 1910 3333 1979 ὅρνις,
3357 1911 3389 1982 ἢ
3413 1911 3550 1977 ζῶα,
3577 1913 3613 1983 ἦ
3636 1913 3845 1982 ὄσπρια.

599 2005 691 2054 na,
747 1990 982 2056 exceptis
1028 1988 1205 2043 novis‘
1251 1988 1517 2058 frugibus,
1561 1997 1616 2043 et
1671 2004 1797 2055 uva,
1843 1999 1896 2044 et
1939 1988 2076 2054 oleo,
2129 1999 2185 2044 et

600 2081 806 2145 sumtu,
843 2081 1153 2150 deponitor.

1272 2174 1291 2194 '
1319 2171 1611 2229 Sclralium.

668 2267 784 2338 Non
825 2266 914 2320 illa
937 2265 1180 2338 quidem,
1217 2274 1279 2320 ut
1319 2266 1675 2331 sacriﬁcium,
1726 2281 1820 2322 seu
1858 2267 2022 2322 veluti
2058 2268 2177 2338 pri-

598 2337 782 2393 mitias
815 2352 1075 2391 novorum
1116 2336 1414 2391 fructuum.

1101 2427 1170 2482 28
1201 2426 1398 2480 habita:
1421 2427 1474 2481 in
1509 2426 1714 2482 Trulla.

650 2519 773 2586 Qui
807 2533 966 2573 uvam
996 2518 1286 2574 incruento
1313 2519 1610 2574 oblationis
1647 2519 1922 2577 sacriﬁcio
1963 2521 2175 2592 jungit,

595 2610 910 2684 deponitur.

739 2790 808 2844 5'2
833 2789 1027 2842 habita:
1055 2790 1110 2841 in
1143 2787 1348 2855 Trulla,
1377 2799 1424 2842 et
1449 2789 1518 2842 57
1561 2789 2037 2861 Carthaginiensis.

671 2942 727 3018 Si
762 2943 884 3012 quis
903 2957 1099 3012 aquam
1131 2944 1411 3008 duntaxat,
1446 2954 1502 2998 ut
1552 2943 2044 3015 llydroparastatae,
2094 2948 2179 3003 vel

598 3037 804 3099 vinum,
822 3045 877 3089 ut
897 3035 1167 3098 Armenii,
1189 3052 1294 3090 non
1327 3051 1521 3106 aquam
1559 3041 1684 3092 vino
1709 3039 1965 3108 miscens,
1988 3055 2176 3110 puram

598 3133 755 3189 otl‘ert
786 3133 1049 3199 hostiam,
1082 3132 1398 3202 deponitur.

1189 3323 1492 3381 TITULUS
1521 3325 1609 3382 1ΙΙ.

705 3421 838 3488 Qua:
857 3417 1125 3474 sacerdoti
1148 3419 1418 3488 facienda,
1453 3426 1502 3472 et
1525 3434 1642 3488 qua:
1673 3435 1775 3473 non
1805 3418 2071 3490 facienda.

809 3511 997 3566 Conon
1021 3511 1053 3565 5
1085 3510 1470 3580 apostolorum,
1498 3521 1548 3564 et
1579 3505 1644 3566 l3
1671 3511 1857 3580 synodi
1889 3510 1945 3565 4.

667 3603 932 3660 Sacerdos
959 3613 1049 3657 aut
1071 3604 1348 3666 diaconus,
1391 3603 1483 3671 qui
1517 3604 1871 3656 continentiae
1904 3613 2172 3672 praetextu

593 3714 748 3755 suam
789 3698 946 3765 ejicit
1011 3696 1324 3765 conjugem,
1378 3705 1698 3766 segregator
1733 3710 1751 3762 ;
1791 3694 1844 3749 in
1899 3699 2171 3752 sententia

593 3805 724 3847 vero
753 3791 1075 3860 persistens,
1102 3787 1416 3858 deponitur.

981 3883 1049 3938 89
1079 3883 1184 3953 [al.
1210 3881 1305 3954 49]
1339 3881 1815 3953 Carthaginiensis.
1895 3919 1900 3924 ι

664 3977 732 4032 Ει
759 3977 850 4049 qui
874 3978 1170 4048 presbyteri
1198 3977 1280 4032 vel
1307 3976 1524 4032 diaconi
1546 3976 1831 4032 ordinandi
1856 3977 2168 4048 conjugiui

593 4071 820 4134 dirimit,
846 4069 1153 4138 deponitur.

1178 4248 1212 4302 6
1255 4250 1636 4316 apostolorum.

666 4341 958 4405 Sacerdos,
996 4342 1084 4409 qui
1121 4342 1422 4398 mundanas
1451 4359 1616 4400 curas
1655 4345 1905 4416 suscipit,
1941 4347 2166 4417 deponi-

591 4447 694 4493 tor.

1227 4523 1385 4581 Schol
1391 4528 1520 4583 iam.

2287 1984 2426 2054 πλὴν
2473 1988 2606 2041 νέων
2639 1992 2862 2062 χίδρων,
2901 1998 2993 2050 καὶ
3021 1998 3324 2069 σταφυλῆς,
3383 2003 3477 2054 καὶ
3531 2004 3732 2065 ἐλαίου.
3765 2005 3845 2054 καὶ

2286 2075 2690 2149 θυμιάσματος,
2721 2086 3118 2157 καθαιρείσθω.

2941 2185 2989 2236 Σ
2989 2187 3223 2253 χόλιον.

2284 2264 2466 2388 νέὲὸῖοὲ
2495 2266 2570 2331 ὼς
2593 2267 2757 2323 θυσία
2803 2272 2998 2340 ταῦτα,
3061 2276 3178 2329 ἀλλ’
3214 2277 3289 2341 ὡς
3351 2279 3580 2350 ἀπαρχὴ
3633 2280 3846 2351 καρπῶν

2715 2430 2784 2486 '0
2817 2432 2911 2501 κη’
2944 2434 3052 2502 τῆς
3086 2437 3156 2490 ἐν
3192 2441 3489 2508 Τρούλλῳ.

2362 2513 2423 2570 '0
2488 2519 2766 2588 σταφυλὴν
2847 2527 2913 2593 τῆ
2987 2527 3311 2598 ἀναιμάκτῳ
3376 2531 3476 2602 τῆς
3548 2535 3846 2605 προσφορᾶς

2283 2605 2446 2679 θυσίᾳ
2512 2613 2794 2669 συνάπτων
2848 2615 2945 2688 [al.
3035 2622 3467 2697 προσυνάπτων]
3497 2665 3513 2691 ,
3582 2627 3845 2696 καθαιρεί-

2284 2703 2419 2758 σθω.
2548 2749 2559 2756 .

2292 2795 2357 2850 '0
2390 2800 2490 2859 λβ
2514 2801 2623 2868 τῆς
2649 2801 2718 2855 ἐν
2757 2802 3196 2930 Τρούλλφὲνκαί
3231 2811 3263 2860 ό
3291 2807 3377 2868 λζ’
3402 2809 3511 2876 τῆς
3527 2809 3601 2864 ἐν
3633 2813 3844 2877 Καρθα-

2984 2893 3022 2930 τ
3092 2895 3148 2930 n.

3021 2893 3090 2930 er
3137 2919 3148 2930 .

2353 2959 2423 3012 Εἴ
2480 2981 2562 3026 τις
2623 2963 2765 3037 ὕδωρ
2801 2893 3182 3038 μόνον,γώςῃοί
3235 2969 3766 3043 Ὕδροπαραστάται,
3816 2971 3844 3039 ἢ

2281 3046 2444 3116 οἶνον,
2491 3054 2565 3117 ὡς
2620 3058 2668 3108 οἱ
2708 3057 3012 3126 Ἀρμένιοι,
3064 3059 3199 3114 ἀλλὰ
3247 3062 3324 3132 μὴ
3367 3063 3497 3133 οἴνῳ
3540 3064 3686 3135 ὕδωρ
3743 3080 3850 3132 μιγ-

2281 3141 2398 3205 νὺς,
2421 3141 2564 3197 οὕτω
2603 3145 2698 3216 τὴν
2727 3146 3000 3218 ἄχραντον
3027 3150 3300 3220 προσάγει
3323 3151 3538 3220 θυσίαν,
3579 3154 3846 3222 καθαιρειο

2201 3234 2245 3295 C
2279 3232 2410 3286 σθω.

2829 3329 3180 3386 ΕΠΙΓΡΑΦΗ
3216 3332 3292 3388 Γ.

2353 3417 2491 3470 Τίνα
2518 3417 2613 3470 δεῖ
2625 3419 2727 3472 τὸν
2745 3420 2901 3490 ἱερέα
2929 3424 3144 3491 ποιεῖν,
3177 3426 3276 3478 καὶ
3303 3429 3436 3481 τινα
3455 3431 3540 3498 μὴ
3567 3433 3783 3488 ποιεῖν.

2445 3508 2508 3563 '0
2529 3509 2573 3564 ε’
2599 3511 2716 3566 τῶν
2736 3514 3112 3584 ἀποστόλων,
3145 3520 3242 3572 καὶ
3271 3523 3304 3574 ό
3333 3529 3403 3587 ιγ’
3430 3523 3538 3592 τῆς
3573 3527 3646 3582 δ’.

2357 3599 2561 3670 Ἰερεὺς
2593 3605 2624 3673 ἢ
2665 3605 2915 3671 διάκονος
2939 3611 3268 3679 ἐγκρατείας
3289 3616 3570 3683 προφάσει
3610 3620 3707 3687 τὴν
3724 3618 3850 3671 ἰδίαν

2276 3693 2556 3747 ἐκϐάλλων
2575 3701 2832 3762 γυναῖκα,
2855 3701 3201 3769 ἀφοριζέσθω
3220 3720 3232 3734 ·
3271 3708 3550 3775 ἐπιμένων
3572 3713 3654 3777 δὲ,
3673 3711 3851 3765 καθαι-

2277 3786 2497 3854 ρείσθω.

2498 3881 2562 3938 '0
2592 3884 2685 3939 πθ¹
2721 3885 2826 3958 [al.
2849 3891 2969 3963 μθ]
3008 3892 3119 3960 τῆς
3145 3895 3216 3947 ἐν
3235 3897 3610 3969 Καρθαγένῃ.

2345 3972 2455 4063 idat
2488 3975 2515 4026 ὁ
2544 3975 2637 4028 τοῦ
2696 3987 3218 4052 χειροτονησομὲνου
3276 3984 3376 4058 [al.
3437 3993 3845 4063 χειροτονουμέ-

2272 4061 2390 4135 νου]
2425 4069 2800 4141 πρεσϐυτέρου
2839 4073 2870 4144 ἢ
2913 4073 3162 4130 διακόνου
3195 4079 3339 4132 λύων
3377 4080 3438 4135 τὸ
3491 4089 3846 4148 συνοικέσιον,

2273 4157 2666 4228 καθαιρείσθω.

2675 4252 2737 4308 '0
2771 4253 2823 4318 ς’
2850 4255 2974 4310 τῶν
3001 4258 3382 4317 ἀποστόλων.

2341 4343 2636 4482 ξζέσμικὰς
2673 4348 2855 4416 ἱερεὺς
2886 4350 3287 4420 ἀναλαμϐάνων
3320 4360 3639 4428 φροντίδας,
3667 4361 3850 4417 καθαι-

2273 4447 2394 4483 οε.σ
2431 4449 2496 4483 ω.
3319 4470 3323 4474 -

2901 4535 2947 4584 Σ
2948 4535 3184 4601 χόλων.

659 4614 849 4677 Deliis
881 4613 944 4676 "et
987 4621 1361 4706 leges'civiles
1420 4628 1969 4706 sta-tu_unt,_.excepta
2026 4624 2162 4679 dun-

2282 4614 2839 4706 ftog'ruw'xa‘t
2865 4626 2915 4676 οἱ
2944 4582 3216 4681 πολιτικοὶ
3241 4628 3422 4699 νόμοι,
3479 4633 3614 4688 ἄνευ
3677 4635 3840 4706 μόνον

593 4703 742 4748 taxat
775 4708 955 4748 rerum
983 4691 1334 4761 pupillarium
1370 4692 1865 4749 administratione.

1179 4778 1250 4835 24
1283 4778 1613 4835 Laodiceam.

661 4873 740 4926 Ad
767 4872 1136 4928 sacerdotium
1163 4881 1412 4935 evectus,
1441 4888 1548 4927 non
1582 4872 1884 4929 conductor
1909 4873 2163 4945 (vectiga-

586 4948 742 5034 lium)
774 4966 852 5020 vel
889 4975 1110 5019 curator
1136 4965 1251 5019 liat.

1153 5055 1223 5112 85
1266 5057 1644 5124 apostolorum.

663 5149 933 5204 Sacordos
979 5148 1070 5216 qui
1135 5147 1788 5218 militat(l),deponitor.
1845 5148 1980 5203 Nam
2036 5167 2156 5222 qum

583 5242 836 5307 Caesaris,
864 5237 1101 5308 Cmsari;
1128 5257 1247 5309 qua:
1280 5241 1394 5306 Dei,
1437 5239 1562 5294 Deo.

1133 5333 1164 5385 7
1215 5331 1592 5399 apostolorum.

654 5430 900 5498 Quicum
927 5424 1128 5481 Judaeis
1167 5423 1374 5477 Pascha
1408 5424 1680 5492 celebrat,
1711 5424 2013 5493 deponitur.

1184 5603 1216 5657 8
1242 5602 1563 5656 earumdem.

654 5699 942 5765 Sacerdos,
972 5701 1016 5754 si
1042 5713 1146 5752 non
1176 5697 1561 5763 communicet,
1584 5712 1800 5750 causam
1823 5698 1968 5753 dicat
1993 5716 2006 5766 ;
2034 5716 2153 5756 eam

651 5874 729 5949 (1)
757 5877 868 5932 lloc
900 5885 1002 5944 est,
1036 5876 1249 5948 negotia
1278 5877 1535 5934 militaria
1569 5875 1939 5933 administrat.

2271 4682 2526 4753 ὀρφανῶν
2565 4687 2909 4761 διοικήσεως.

2662 4783 2724 4836 '0
2755 4785 2843 4838 κδ’
2875 4786 2986 4855 τῆς
3025 4789 3094 4842 ἐν
3122 4791 3456 4861 Λαοδικείᾴ.

2345 4873 2451 4927 Καὶ
2482 4875 2778 4947 ίερωμὲνος
2817 4880 3114 4954 ἐκλήπτωρ
3161 4884 3195 4952 ἦ
3242 4889 3536 4959 κουράτωρ
3594 4892 3672 4960 μὴ
3709 4893 3851 4960 γινὲ-

2273 4965 2404 5020 σθω.
2917 4969 2940 4986 '

2701 5060 2766 5115 '0
2801 5060 2896 5132 σῖγ’
2927 5062 3044 5115 τῶν
3069 5066 3452 5124 ἀποστόλων.

2343 5153 2451 5205 Καὶ
2517 5154 2828 5222 στρατεύων
2885 5157 3085 5225 ἱερεὺς,
3138 5159 3555 5231 καθαιρείσθω⁶
3623 5168 3696 5220 τὰ.
3743 5167 3851 5233 γὰρ

2269 5250 2572 5317 Καίσαρος,
2613 5247 2881 5316 Καίσαρι,
2927 5249 3022 5302 καὶ
3060 5251 3129 5304 τὰ
3151 5253 3246 5306 τοῦ
3269 5254 3428 5322 Θεοῦ,
3451 5257 3530 5326 τῷ
3559 5257 3707 5327 Θεῷ.

2703 5338 2768 5393 '0
2808 5337 2852 5398 ζ’
2878 5340 2997 5394 τῶν
3028 5343 3408 5400 ἀποστόλων.

2351 5431 2410 5486 '0
2435 5431 2604 5485 τελῶν
2650 5432 2790 5500 μετὰ
2832 5433 3107 5488 Ἰουδαίων
3167 5439 3226 5490 τὸ
3281 5440 3493 5511 Πάσχα,
3553 5443 3848 5514 καθαιρε.-

2269 5528 2400 5582 σθω.

2754 5623 2816 5679 '0
2848 5627 2901 5690 η’
2939 5622 3064 5676 τῶν
3101 5623 3318 5680 αὐτῶν.

2350 5712 2557 5782 Ἱερεὺς
2590 5715 2638 5768 εί
2679 5715 2756 5786 μὴ
2795 5716 3120 5787 μεταλάϐοι,
3147 5719 3249 5790 τὴν
3277 5721 3457 5776 αἰτίαν
3490 5721 3706 5788 λεγέτω
3731 5739 3746 5752 ·
3773 5721 3848 5792 μὴ
