4096 6488
330 432 395 495 35
1576 415 1918 478 EPITOME
1957 413 2353 477 CANONUM.
3548 396 3620 462 86

330 552 442 611 τεῐς
474 552 531 601 ἐν
568 544 783 599 ἅπασιν
811 542 1079 603 ἔστωσαν,
1112 538 1200 592 ἵνα
1222 537 1328 592 τῶν
1352 536 1693 607 αἰτουμένων
1718 530 1922 601 τυγχά-

2037 548 2078 584 .ιι
2116 528 2369 585 omnibus
2393 527 2521 592 sint,
2568 531 2625 579 ut
2672 538 2803 594 quae
2832 528 3024 592 petum
3119 523 3623 587 eonsequantur,ct

339 658 501 707 νωσι,
525 640 615 693 καὶ
647 635 936 704 γυναικῶν
966 633 1383 703 άπεχέσθωσαν.

726 729 784 783 Ὀ
827 728 899 783 ια’
925 727 1032 795 τῆς
1062 727 1133 781 ἐν
1173 724 1529 794 Ἀντιοχείᾳ.

435 824 773 887 Ἐπίσκοπος,
831 820 864 891 ἢ
912 819 1291 890 πρεσδύτερος
1339 818 1494 889 παρὰ
1542 817 1771 888 γνώμην
1821 812 1921 871 τοῦ

357 917 481 973 ἰδίου
506 914 905 989 μητροπολίτου
936 911 1189 966 ἀπελθὼν
1214 912 1296 974 είς
1323 911 1577 981 βασιλέα,
1610 908 1920 981 ἀπόϐλητος

350 1009 597 1080 γινέσθω,
630 1010 725 1062 καὶ
750 1006 850 1076 τῆς
886 1003 1193 1066 κοινωνίας,
1223 1002 1443 1069 καὶτῆς
1470 1001 1649 1066 ἀξίας.

736 1100 801 1155 '0
836 1095 923 1168 νγ⁹
952 1097 1073 1153 τῶν
1118 1097 1528 1152 Ἀποστόλων.

426 1196 513 1249 Ἐν
541 1195 661 1259 ταῖς
689 1194 924 1264 ἐορταῖς,
953 1190 1099 1244 οἴνου
1148 1189 1246 1242 καί⁸
1277 1188 1458 1260 κρεῶν
1494 1186 1681 1258 ἱερεὺς
1717 1185 1793 1257 μὴ
1820 1200 1920 1255 με⁸

342 1286 731 1355 ταλαμδάνων,
757 1286 806 1339 εί
839 1283 915 1356 μὴ
945 1282 1015 1338 δι’
1046 1282 1307 1353 ἄσκησιν,
1343 1279 1739 1351 καθαιρείσθω.

775 1466 840 1523 '0
861 1464 932 1521 ιδ’
965 1463 1171 1533 τῆςέν
1211 1462 1488 1534 Ἀγκύρῃ.

413 1565 523 1618 Καὶ
580 1560 875 1633 ίερωμένος
927 1557 1111 1627 κρεῶν
1158 1556 1525 1626 ἀπεχόμενος,
1576 1555 1923 1627 γευσάμενος

2025 640 2055 677 a
2095 621 2418 677 mulieribus
2459 617 2792 675 abstineant.

2577 709 2637 763 ll
2692 707 3053 764 Antiochense.

2078 806 2526 877 EpiscOpus,aut
2582 801 2890 873 presbyter.
2950 797 3164 866 absque
3212 795 3486 850 sententia
3537 793 3619 849 sui

2022 899 2429 969 metmpolitani
2505 896 2573 951 ad
2616 896 3000 964 imperatorem
3052 887 3333 959 profectus
3362 927 3379 955 ,
3424 897 3535 941 tam
3589 902 3618 939 a

2022 988 2423 1052 communione,
2468 1000 2635 1057 quam
2672 998 2701 1037 a
2733 982 2997 1052 dignitate
3025 978 3290 1050 rejicitor.

2553 1074 2625 1132 5⁸5
2688 1075 3068 1146 apostolorum.
3164 1077 3170 1083 ’

2085 1171 2354 1226 Sacerdos
2393 1168 2549 1225 festis
2602 1166 2845 1222 diebusa
2894 1164 3020 1218 vino
3062 1172 3117 1219 et
3163 1162 3419 1218 carnibus
3451 1162 3621 1216 absti-

2026 1276 2185 1325 nens,
2218 1260 2547 1330 deponitor,
2602 1266 2930 1328 extraquam
2992 1255 3039 1314 si
3096 1254 3511 1312 exercitationis
3568 1253 3619 1307 id

2024 1370 2192 1412 causa
2220 1353 2337 1409 ﬁat.

2614 1466 2683 1522 M
2728 1465 3047 1537 Ancyranw.

2084 1560 2264 1615 Etiam
2302 1560 2562 1617 sacerdos
2589 1576 2712 1617 cum
2754 1561 2995 1616 abstinet
3022 1575 3050 1613 a
3082 1559 3365 1621 carnibus,
3422 1558 3622 1612 dunta-

342 1658 531 1727 μόνον,
580 1653 753 1716 οὕτως
804 1650 983 1705 αὐτῶν
1030 1648 1414 1720 άπεχέσθω,ἢ
1465 1645 1568 1701 κᾶν
1610 1646 1721 1700 τῶν
1781 1646 1924 1718 μετὰ

2037 1653 2215 1711 ratiis
2242 1653 2565 1724 degustatis,
2621 1653 2915 1719 abstineat,
2959 1660 3053 1707 aut
3097 1652 3346 1708 oleribus
3404 1650 3621 1716 saltem,

340 1753 573 1824 κρέατος
604 1749 875 1821 λαχάνων.

739 1842 803 1895 '0
831 1839 926 1905 νς⁰
964 1838 1081 1893 τῶν
1119 1838 1505 1894 ἀποστόλων.

415 1928 791 1999 Πρεσϐύτερος
830 1929 865 1999 ἦ
891 1928 1137 1993 διάκονος
1182 1926 1420 1998 ὑδρίζων
1470 1926 1793 1993 ἐπίσκοπον,
1818 1928 1923 1998 ἀφ-

341 2025 631 2094 οριζέσθω.

843 2116 908 2170 Ὃ
937 2114 1025 2177 νζ*
1049 2114 1170 2171 τῶν
1200 2115 1423 2175 αὐτῶν.

426 2210 701 2273 Ὡσαύτως
753 2208 847 2263 καὶ
900 2208 951 2261 εί
1004 2206 1217 2279 χωλὸν,
1266 2206 1302 2280 ἦ
1366 2205 1590 2276 τυφλὸν,
1644 2206 1677 2275 ἢ
1734 2202 1925 2273 κωφὸν

342 2302 616 2374 χλευάζει.

837 2395 901 2450 '0
926 2395 1018 2464 νη¹
1046 2395 1167 2450 τῶν
1202 2393 1426 2451 αὐτῶν.

417 2492 530 2560 τὴν
555 2490 837 2544 εὐσέϐειαν
872 2490 1053 2557 ἱερεὺς
1088 2490 1163 2561 μὴ
1204 2488 1502 2554 διδάσκων,
1534 2488 1884 2561 ἀφοριζέσθω
1904 2504 1917 2517 ·

339 2582 621 2651 ἐπιμένων
644 2581 724 2647 δέ,
760 2580 1160 2652 καθαιρείσθω.

847 2674 902 2728 '0
930 2677 1018 2729 νϐ’
1049 2674 1168 2728 τῶν
1198 2673 1420 2731 αὐτῶν.

432 2773 708 2836 Ὡσαύτως
736 2770 832 2827 καὶ
873 2771 948 2840 μὴ
982 2767 1043 2827 εὖ
1086 2769 1259 2825 ποιῶν
1297 2770 1461 2826 ἐνδεᾶ
1491 2769 1779 2843 κληρικόν.

866 2863 921 2917 Ὀ
954 2863 1004 2928 ξ’
1038 2862 1158 2916 τῶν
1181 2861 1398 2920 αὐτῶν.

424 2956 486 3017 ’0
513 2956 742 3021 ἀσεδοῦς
790 2956 995 3028 βιϐλίον
1019 2956 1425 3028 ἐκκλησιάζων,
1451 2953 1847 3027 καθαιρείσθω.

839 3140 900 3193 Ὃ
940 3136 1027 3203 ξδ’
1052 3138 1171 3192 τῶν
1199 3136 1421 3192 αὐτῶν.

1946 1876 2000 1938 Β

2025 1769 2149 1811 cum
2178 1764 2343 1812 carne
2390 1748 2587 1807 coctis.

2595 1839 2667 1896 56
2703 1840 3087 1910 apostatarum.

2100 1936 2399 2008 Presbyter
2460 1941 2555 1990 aut
2596 1932 2885 1997 diaconus,
2947 1931 3042 2001 qui
3087 1931 3409 2003 episcopum
3461 1925 3625 1983 scit

2027 2034 2248 2107 iniuria,
2283 2041 2621 2104 δοκι-θεοισν.

2593 2124 2665 2182 57
2716 2123 3044 2180 earumdem.

2075 2218 2340 2276 Similiter
2378 2226 2435 2276 et
2478 2218 2523 2275 si
2553 2216 2832 2284 claudum,
2866 2214 2953 2270 vel
2984 2228 3212 2278 caecum,
3269 2214 3360 2270 vel
3397 2214 3626 2270 surdum

2025 2313 2348 2370 subsannat.

2601 2402 2672 2460 58
2721 2401 3047 2459 earumdem.

2097 2496 2388 2563 Sacerdos,
2426 2496 2518 2567 qui
2560 2496 2815 2567 pietatem
2846 2508 2951 2550 non
3009 2493 3191 2560 ἀοι-ει,
3254 2500 3572 2561 segregator
3603 2507 3620 2558 ;

2025 2591 2109 2649 sin
2151 2587 2430 2661 proposito
2455 2589 2744 2653 inhaereat,
2773 2587 3080 2657 deponitor.

2592 2681 2661 2739 59
2712 2681 3053 2737 earumdem.‘

2096 2772 2362 2829 Similiter
2392 2781 2447 2829 et
2483 2772 2659 2844 egenti
2689 2773 2889 2829 clerico
2922 2786 3030 2828 non
3062 2769 3430 2833 benefaciens,

2608 2864 2677 2922 60
2710 2866 3040 2922 earumdem.

2094 2960 2196 3027 Qui
2239 2960 2438 3016 librum
2466 2957 2619 3031 impii
2644 2959 2857 3029 publice
2922 2957 3121 3029 popqu
3178 2957 3448 3030 proponit,
3518 2957 3619 3013 den

2024 3056 2263 3126 ponitur.

2607 3146 2679 3203 δι
2705 3147 3031 3203 earumdem.

427 3232 487 3285 Ὁ
517 3217 912 3303 συνευχόμενος
954 3229 1254 3296 Ἰουδαίοις,
1286 3227 1321 3301 ἢ
1354 3228 1679 3302 αίρετικοτς,
1728 3225 1920 3284 καθαι-

2092 3243 2351 3312 Quicum
2401 3241 2605 3301 ludatis
2670 3250 2948 3314 precatur,
3001 3238 3087 3297 vel
3151 3254 3276 3298 cum
3325 3239 3620 3309 haereticis,

346 3323 544 3396 ρείσθω
574 3340 631 3377 τε
666 3324 760 3379 καὶ
794 3321 1170 3394 ἁφοριζέσθω.

836 3417 899 3472 '0
926 3414 1017 3486 En’
1051 3415 1168 3471 τῶν
1202 3414 1424 3471 αὐτῶν.

429 3511 489 3567 Ὀ
516 3512 600 3577 δὶς
644 3511 1045 3584 χειροτονηθεὶς
1074 3509 1451 3582 καθαιρείσθω
1485 3508 1586 3564 σὺν
1629 3505 1708 3579 τῷ
1735 3522 1918 3579 χειρο-

340 3606 647 3677 τονήσαντι,
678 3607 727 3660 εί
752 3604 830 3679 μὴ
859 3606 1112 3679 αίρετικὴ
1144 3604 1267 3675 χεὶρ
1292 3605 1325 3674 η
1352 3600 1568 3675 πρώτη.

956 3791 1023 3845 Ὀ
1050 3795 1101 3863 τ’
1140 3790 1252 3860 τῆς
1282 3796 1354 3845 α’.

421 3880 742 3952 Ἰερωμένος
789 3881 1145 3937 συνείσακτον
1178 3883 1254 3955 μὴ
1288 3880 1604 3953 κεκτήσθω,
1637 3880 1778 3953 πλὴν
1813 3898 1919 3953 μη·
2008 3898 2011 3903 ’

338 3973 490 4044 τρδς,
530 3974 625 4030 καὶ
653 3975 914 4047 ἀδελφῆς,
961 3977 1058 4031 καὶ
1092 3974 1269 4041 θείας,
1300 3974 1401 4031 καὶ
1446 3976 1548 4031 ὅσα
1577 3976 1688 4033 τῶν
1739 3994 1916 4051 προσ·-

335 4068 505 4120 ώπων
528 4067 716 4123 πᾶσαν
735 4065 1103 4138 διαπέφευγεν
1140 4066 1404 4137 ὑποψίαν.

929 4159 993 4214 ’0
1027 4160 1077 4215 θ’
1124 4158 1341 4229 αὐτῆς.

409 4253 477 4306 Οἳ
504 4249 876 4318 ἀνεξετάστως
924 4251 1269 4324 ίερωθέντες,
1304 4251 1338 4323 ἢ
1391 4252 1820 4325 ἀνακρινόμενοι
1847 4252 1918 4309 τὰ

335 4346 523 4400 αὐτῶν
575 4345 1014 4417 ὁμολογήσαντες
1069 4344 1525 4418 πλημμελήματα
1585 4343 1918 4418 ἱερώθησαν,

333 4438 830 4510 καθαιρείσθωσαν.

943 4529 1008 4583 '0
1031 4529 1066 4583 ι’
1094 4528 1307 4598 αὐτῆς.

409 4625 566 4677 Ὀσοι
603 4620 713 4674 τῶν
755 4620 1191 4692 παραπεσόντων
1239 4619 1760 4692 προεχειρίσθησαν,
1791 4620 1824 4692 ἢ
1857 4620 1917 4673 ἐν

337 4715 561 4782 γνώσει,
593 4712 628 4785 ἢ
672 4713 730 4767 ἐν
758 4711 953 4783 ἀγνοίᾳ
986 4710 1080 4765 τοῦ
1108 4711 1587 4784 προχειρίσαντος,
1631 4710 1916 4783 καθαιρεί-

338 4808 573 4863 σθωσαν.

454 4903 521 4956 '0
550 4900 627 4966 ις’
659 4900 907 4969 ταύτης,
938 4899 1038 4954 καί
1068 4898 1181 4969 τῆς
1226 4898 1299 4955 ἐν
1347 4899 1673 4970 Ἀντιοχείᾳ
1695 4902 1808 4956 λε’.

409 4992 781 5067 Πμσὸύτεροι
832 4992 1138 5064 ἢδιάκονοι
1185 4991 1286 5063 τῆς
1329 4992 1632 5065 ἐκκλησίας
1680 4992 1917 5048 ἐκστάν-

335 5110 450 5156 τες,
481 5091 696 5146 άδεκτοι
728 5088 862 5160 παρ’
892 5086 1076 5153 ἄλλοις
1100 5085 1440 5158 μενέτωσαν,
1471 5089 1554 5152 είς
1577 5086 1681 5152 τὰς
1702 5087 1917 5143 ἑαυτῶν

336 5184 638 5255 ἐκκλησίας
685 5181 1050 5253 ἀναστρέφειν
1102 5180 1587 5253 ἀναγκαζόμενοι·
1627 5180 1919 5252 ἐπιμένον-

333 5294 429 5342 τες
455 5276 533 5344 δέ,
564 5275 678 5338 τοῖς
710 5272 953 5345 ίερεῢσιν
976 5271 1227 5327 εστωσαν
1260 5271 1641 5344 ἅκοινώνητοι.

724 5368 789 5422 '0
820 5366 869 5422 δ’
898 5366 1011 5437 τῆς
1060 5367 1131 5422 ἐν
1176 5366 1532 5437 Ἀντιοχείᾳ.

420 5463 749 5527 Ἐπίσκοπος
776 5462 882 5517 ὑπὸ
906 5461 1128 5516 συνόδου
1161 5460 1573 5534 καθηρημένος,
1604 5460 1641 5534 ἢ
1672 5463 1916 5534 πρεσϐύ-

338 5575 517 5629 τερος,
546 5557 578 5627 ἢ
609 5555 879 5619 διάκονος,
908 5554 943 5626 ἢ
985 5554 1346 5619 ὐποδιάκονος
1371 5553 1479 5608 ὑπὸ
1502 5552 1601 5608 τοῦ
1638 5554 1771 5609 ἰδίου
1796 5558 1916 5610 ἐπι·

343 5653 571 5717 σκότιον,
616 5650 667 5703 εί
720 5648 1018 5721 τολμήσειέ
1047 5665 1102 5701 τι
1152 5646 1357 5719 πρᾶξαι
1401 5648 1504 5719 τῆς
1542 5647 1914 5719 λειτουργίας,

344 5744 542 5814 μηκέτι
576 5741 711 5811 μηδὲ
740 5740 1248 5804 ἀποκαταστάσεως
1279 5741 1471 5795 ἐλπίδα
1498 5741 1672 5811 ἐχέτω
1697 5759 1711 5774 ο
1744 5743 1840 5797 καὶ
1868 5746 1917 5797 οἱ

341 5837 515 5903 τούτῳ
553 5832 960 5897 κοινωνοῦντες,
1002 5832 1477 5904 ἐπιτιμάσθωσαν,
1529 5833 1625 5888 καὶ⁹
1658 5835 1914 5904 μάλιστα,

345 5931 388 5984 εἲ
413 5929 503 5985 καὶ
535 5930 630 6000 τὴν
660 5926 783 5982 κατ’
815 5924 980 5981 αὑτοῦ
1009 5927 1200 5981 εἰδεῖεν
1228 5926 1528 5998 ἀπόφασιν.

2024 3338 2309 3409 depanitor
2338 3344 2393 3394 et
2423 3346 2760 3409 segregator.

2598 3428 2668 3485 68
2726 3426 3049 3483 earumdem.

2097 3520 2189 3578 Bis
2244 3520 2531 3579 ordinatus
2592 3535 2690 3591 per
2754 3536 2952 3577 manus
3015 3519 3442 3593 impasitionem,
3513 3533 3622 3574 una

2020 3630 2148 3673 cum
2208 3630 2297 3680 eo,
2356 3614 2447 3685 qui
2505 3613 2799 3681 ordinavit,
2867 3613 3189 3685 deponitor,
3252 3612 3358 3668 nisi
3430 3626 3624 3667 manus

2022 3711 2173 3784 prior
2212 3708 2466 3765 haeretica
2502 3707 2689 3764 fuerit.

2675 3801 2710 3858 ὅ
2752 3803 2961 3872 prima.

2093 3895 2363 3953 Sacerdos
2401 3895 2683 3951 mulierem
2724 3895 3020 3951 ascititiam
3074 3909 3179 3951 non
3248 3895 3466 3962 habeat,
3514 3894 3618 3950 nisi

2021 3997 2275 4055 matrem,
2302 3996 2357 4044 et
2390 4001 2635 4045 sororem
2666 4027 2682 4055 ,
2714 3995 2770 4043 et
2832 3988 3089 4053 amitam,
3158 3997 3215 4044 et
3281 4003 3622 4061 quacunque

2021 4093 2269 4152 persona:
2300 4086 2430 4136 sunt
2454 4078 2524 4136 ab
2546 4078 2698 4135 omni
2726 4078 3039 4149 suspicione
3078 4077 3283 4136 liberae.

2634 4169 2670 4226 9
2711 4168 2972 4239 ejusdem.

2041 4336 2058 4346 ο
2092 4262 2196 4330 Qui
2230 4262 2298 4320 ad
2320 4262 2684 4320 sacerdotium
2716 4262 2925 4332 absque
2950 4260 3199 4318 examine
3223 4270 3350 4317 sunt
3371 4261 3619 4329 admissi,

2021 4355 2106 4411 vel
2136 4347 2260 4413 cum
2294 4356 2762 4420 examinarentur,
2799 4370 2897 4411 sua
2927 4352 3171 4412 confessi
3193 4354 3412 4423 delicta,
3436 4370 3622 4412 sacer-

2021 4450 2174 4504 dotes
2202 4447 2331 4505 faeti
2368 4456 2517 4515 sunt,
2550 4448 2915 4518 deponuntur.

2626 4539 2695 4595 10
2748 4541 3005 4610 ejusdem.

2096 4633 2375 4704 Quotquot
2407 4648 2472 4690 et
2505 4632 2669 4703 lapsis
2698 4633 2979 4703 praepositi
3011 4633 3239 4700 fuerint,
3267 4634 3348 4690 vel
3387 4634 3617 4701 sciente,

2020 4729 2112 4801 qui
2136 4743 2232 4784 eos
2265 4726 2528 4798 praefecit,
2564 4726 2649 4782 vel
2689 4728 2975 4796 ignorante
2998 4767 3014 4792 ,
3071 4727 3438 4796 deponuntor.

2354 4903 2420 4961 l6
2449 4905 2706 4976 ejusdem,
2736 4914 2787 4960 et
2821 4905 3155 4963 Antiocheam
3189 4907 3280 4963 35.

2091 4998 2430 5071 Presbyteri,
2467 4997 2557 5053 vel
2592 4998 2826 5058 diaconi,
2860 5000 2904 5054 si
2940 4998 3010 5053 ab
3038 5000 3267 5057 ecclesia
3296 5016 3391 5058 sua
3416 5003 3621 5059 disces-

2018 5094 2212 5159 serint,
2236 5093 2306 5149 ab
2334 5092 2454 5148 aliis
2483 5108 2590 5148 non
2638 5092 2862 5147 admissi
2898 5102 3184 5161 maneant,
3251 5106 3309 5150 ut
3366 5112 3494 5150 suas
3544 5097 3612 5150 ad

2017 5187 2281 5243 ecclesias
2321 5188 2522 5243 reverti
2578 5195 2865 5259 uagantur.
2905 5185 2962 5240 In
2999 5188 3275 5257 proposito
3318 5192 3615 5259 persisten-

2021 5290 2122 5349 tes,
2152 5296 2276 5337 cum
2307 5279 2680 5336 sacerdotibus
2712 5294 2817 5333 non
2850 5280 3278 5337 communicant.

2606 5373 2640 5427 4
2676 5372 3036 5426 Antiocheam.

2092 5465 2393 5535 Episcopus
2417 5480 2446 5519 a
2480 5464 2693 5535 synodo
2723 5462 3021 5531 depositus,
3055 5472 3145 5515 aut
3179 5465 3483 5534 presbyter.
3517 5476 3616 5519 aut

2020 5561 2300 5622 diaconus,
2329 5567 2425 5612 aut
2451 5556 2814 5612 subdiaconus
2843 5555 2911 5609 ab
2966 5555 3221 5624 episcopo
3250 5570 3370 5619 suo,
3394 5556 3442 5612 si
3463 5556 3618 5613 obii.

2020 5660 2229 5723 partem
2269 5650 2507 5719 aliquam
2545 5646 2835 5701 ministerii
2882 5647 3024 5700 sacri
3059 5646 3221 5701 fuerit
3252 5663 3442 5712 ausus,
3508 5665 3613 5705 nou

2021 5743 2253 5812 amplius
2284 5740 2446 5794 ullam
2478 5754 2628 5808 spem
2663 5736 3026 5793 restitutionis
3074 5735 3127 5789 in
3180 5736 3448 5808 integrum
3514 5740 3615 5795 ha-

2023 5840 2166 5900 beat,
2200 5834 2365 5905 etqni
2401 5849 2521 5887 cum
2545 5848 2614 5887 eo
2640 5830 3068 5897 communicant,
3099 5830 3418 5897 multantur,
3481 5847 3619 5905 prae-

2022 5934 2205 5987 sertim
2240 5929 2282 5985 si
2323 5928 2485 5983 latam
2521 5926 2572 5982 in
2611 5925 2786 5996 ipsum
2831 5922 3157 5980 sententiam
3200 5925 3406 5982 norint.
