4096 6466
473 368 536 438 91
1637 380 1901 446 CONST.
1941 378 2514 444 HARMENOPULI
3668 381 3742 445 92

1107 492 1136 542 7
1167 492 1426 560 ejusdem.

542 587 602 643 Si
651 588 774 658 quis
819 597 999 642 autem
1042 589 1095 641 in
1128 587 1370 654 periculo
1419 589 1779 656 constitutus,
1812 590 2070 660 episcopo

471 695 581 736 non
627 690 918 752 prasente,
959 679 1068 734 aris
1095 677 1442 736 recénciliari
1476 683 1719 752 petierit,
1750 683 2067 752 episcopum

469 772 749 842 presbyter
787 773 1103 842 interroget,
1135 787 1200 827 ac
1241 781 1400 841 prout
1434 774 1486 828 ei
1520 787 1842 844 responsum
1878 773 2064 838 fuerit,

472 879 620 938 agat.

1100 958 1170 1014 20
1195 959 1452 1028 ejusdem.

538 1049 921 1120 Presbyterum
954 1060 1265 1106 accusatum
1294 1053 1581 1122 episcopus
1608 1068 1740 1109 suus
1765 1053 2064 1119 examinet,

468 1157 572 1196 una
603 1157 722 1196 cum
755 1158 849 1196 sex
884 1141 1005 1198 aliis
1039 1143 1333 1212 episcopis,
1371 1159 1508 1213 quos
1546 1155 1700 1199 actor
1726 1152 1780 1199 et
1811 1159 1937 1200 reus
1969 1144 2068 1200 eli-

469 1245 624 1304 gent;
661 1235 948 1288 diaconum
1005 1250 1152 1301 vero,
1207 1251 1328 1288 cum
1375 1237 1496 1292 aliis
1546 1237 1720 1292 tribus
1750 1236 2059 1306 episcopis;

469 1326 706 1395 reliquos
732 1327 982 1393 clericos,
1009 1328 1179 1384 solus.
1215 1325 1553 1383 Observetur
1581 1338 1762 1382 autem
1802 1337 1856 1382 et
1887 1328 1941 1382 in
1972 1327 2058 1383 bis

469 1418 606 1472 idem
639 1419 874 1488 spatium
904 1428 1203 1490 temporum
1237 1420 1337 1491 (Ι),
1376 1421 1520 1492 quod
1555 1421 1613 1478 in
1639 1421 1938 1493 episcopis.

1061 1598 1134 1653 25
1167 1598 1429 1667 ejusdem.

537 1685 640 1752 Qui
672 1701 827 1741 sacra
867 1697 1123 1753 tractant,
1161 1703 1192 1744 a
1241 1689 1563 1761 conjugibus
1622 1692 1958 1759 abstineant.
2006 1693 2062 1750 ld

465 1779 565 1834 nisi
586 1779 813 1845 faciunt,
842 1781 1216 1851 deponuntor.

1063 1960 1133 2014 27
1164 1960 1424 2029 ejusdem.

535 2043 804 2101 Sacerdos
821 2050 1098 2106 convictus
1118 2061 1173 2106 et
1191 2054 1466 2120 depositus
1487 2069 1659 2124 neque
1683 2063 1738 2108 nt
1763 2055 1934 2112 laicus
1951 2072 2066 2125 pue-

465 2137 750 2194 nitentiam
785 2157 951 2211 agens
989 2158 1177 2198 rursus
1212 2145 1518 2211 ordinator,
1552 2162 1727 2216 neque
1755 2148 2062 2219 rebaptiza-

466 2237 571 2293 tor,
596 2232 749 2298 quasi
777 2232 906 2300 quid
946 2234 1071 2288 inde
1104 2235 1466 2302 proiecturus.
1533 2251 1536 2254 '

1057 2327 1126 2381 48
1151 2327 1411 2396 ejusdem.

546 2409 1041 2482 Rebaptizationes,
1066 2429 1118 2472 et
1143 2424 1350 2474 iteratae
1375 2422 1770 2493 ordinationes,
1795 2437 1850 2482 et
1884 2441 2062 2484 remo-

465 2504 640 2560 tiones
683 2506 1081 2578 episcoporum,
1117 2527 1184 2566 ne
1219 2513 1368 2568 ﬁunt.

1097 2604 1160 2658 3|
1196 2606 1453 2674 ejusdem.

534 2687 635 2754 Qui
668 2691 929 2748 honorem
974 2699 1318 2765 ampliorem,
1385 2713 1647 2770 poscente
1709 2709 2056 2776 necessitate,

463 2781 734 2850 repudiat,
768 2783 918 2839 illum
953 2789 1142 2855 etiam,
1173 2805 1336 2859 quem
1375 2792 1558 2862 habet,
1592 2797 1804 2866 perdet.

1057 2880 1128 2935 29
1149 2881 1416 2951 ejusdem.

538 2963 1075 3036 Excommunicatus,
1121 2974 1166 3029 si
1205 2986 1332 3032 ante
1353 2981 1792 3049 compassionem
1813 2999 2060 3043 commu-

465 3058 752 3128 nicaverit,
780 3066 1129 3134 semetipsum
1160 3067 1402 3126 damnat.

1067 3160 1170 3216 104
1193 3163 1454 3228 eiusdem.

535 3246 826 3316 Sacerdos,
859 3250 951 3321 qui
984 3249 1246 3320 judicium
1280 3259 1558 3326 publicum
1613 3262 1683 3320 ab
1718 3264 2052 3337 imperatore

465 3338 620 3406 petit,
657 3339 966 3410 deponitor.

1048 3441 1152 3497 122
1181 3444 1423 3515 ejusdem
1439 3488 1453 3502 .

533 3522 636 3591 Qui
671 3523 739 3579 de
789 3540 1058 3585 consensu
1103 3540 1380 3592 communi
1420 3543 1899 3609 pronuntiatorum
1929 3561 2054 3603 sen-

465 3618 690 3673 tentiam
721 3636 828 3676 non
857 3625 1077 3692 accipit,
1106 3632 1506 3690 communionis
1536 3649 1734 3692 exsors
1767 3649 1907 3695 esto.

972 3716 1036 3771 17
1065 3718 1261 3775 Basilii
1289 3721 1498 3796 Magni.

537 3801 844 3875 Presbyter,
902 3809 992 3879 qui
1047 3825 1144 3878 per
1190 3817 1530 3873 coactionem
1575 3817 1802 3887 juravit,
1840 3838 1899 3878 se
1941 3839 2046 3878 non

465 3895 741 3951 obiturum
788 3898 1148 3958 ministerium
1201 3920 1438 3970 sacrum.
1492 3911 1536 3965 si
1590 3913 1716 3969 lacti
1736 3929 1858 3968 eum
1883 3919 2057 3985 pomi-

468 3997 599 4056 teat,
622 3990 898 4059 privatim,
933 4009 1041 4049 non
1069 3997 1303 4066 publice,
1331 4015 1490 4057 sacro
1518 4001 1757 4076 fungitor
1782 4007 1982 4067 oﬂicio.

863 4105 882 4122 -
990 4086 1058 4141 70
1085 4087 1278 4144 Basilii
1316 4090 1522 4165 Magni.

540 4170 830 4242 Diaconos,
874 4177 960 4232 vel
1017 4179 1325 4252 presbyter.
1377 4183 1554 4252 quise
1590 4185 1858 4256 pollutum
1901 4189 2058 4247 labiis

467 4263 648 4321 fassus
669 4265 852 4334 fuerit,
876 4284 902 4323 a
930 4271 1231 4328 ministerio
1248 4288 1403 4330 sacro
1420 4277 1694 4344 exclusus,
1719 4291 2058 4341 sacramenta

467 4358 728 4426 percipiat
755 4375 876 4416 cum
909 4363 1153 4420 diaconis
1189 4375 1283 4420 aut
1312 4369 1664 4440 presbyteris.
1702 4371 1798 4428 Sin
1849 4376 2056 4446 aliquid

468 4450 632 4506 etiam
660 4453 893 4523 amplius
917 4471 1040 4512 eum
1069 4461 1408 4516 commisisse
1456 4467 1722 4532 paruerit,
1750 4468 2054 4538 deponiloro

1086 4640 1110 4694 1
1143 4639 1460 4711 Ancyrame.

537 4727 849 4801 Presbyter,
870 4730 962 4798 qui
992 4745 1089 4801 per
1127 4734 1463 4790 coactionem
1495 4736 1834 4799 daemonibus
1868 4744 2064 4803 immo-

469 4821 683 4883 laverit,
728 4838 795 4877 ac
822 4823 1022 4877 deinde
1064 4839 1258 4880 rursus
1293 4837 1571 4883 certamen
1605 4829 1847 4897 iniveril,
1889 4836 2062 4892 hono-

467 4915 541 4970 ris
571 4915 812 4984 quidem,
848 4931 914 4970 ac
943 4916 1092 4972 sedis
1127 4919 1398 4988 particeps
1431 4931 1588 4976 esto:
1621 4926 1716 4979 sed
1746 4926 1878 4984 nihil
1901 4930 2060 4987 obeat

463 5024 653 5064 eorum
681 5025 802 5079 quae
832 5009 899 5064 ad
925 5012 1264 5068 sacerdotale
1291 5029 1484 5071 munus
1511 5017 1806 5086 pertinent.

1103 5101 1139 5154 2
1164 5101 1422 5170 ejusdem.

537 5188 804 5244 Similiter
837 5197 891 5245 et
935 5190 1214 5246 diaconus.
1274 5192 1522 5251 lntendat
1557 5208 1738 5255 autem
1793 5196 2060 5272 [poenam]

465 5284 776 5352 cpiscopus,
818 5281 903 5337 vel
936 5282 1165 5351 minuat,
1202 5299 1300 5355 pro
1341 5286 1581 5358 ipsorum
1614 5293 1952 5362 paenitentiae
1977 5307 2064 5346 ra-

464 5377 633 5432 tione.

995 5470 1030 5526 5
1056 5472 1254 5529 habita:
1285 5475 1340 5530 in
1368 5475 1578 5533 Trulla.

543 5560 866 5618 Sacerdotes
891 5574 963 5619 ‘et
1002 5565 1234 5634 diaconi,
1296 5580 1563 5641 quotquot
1591 5583 1716 5628 ante
1767 5571 2059 5629 concilium

473 5652 576 5707 hoc
610 5663 854 5710 nostrum
907 5655 1096 5715 illicite
1141 5663 1362 5731 nuptias
1407 5663 1696 5726 iterarunt,
1739 5675 1834 5721 aut
1867 5665 2060 5723 viduas

549 5834 627 5906 (I)
669 5835 778 5898 Hoc
810 5849 915 5911 est,
946 5841 1086 5899 idem
1121 5844 1262 5912 dies,
1298 5855 1354 5899 ut
1376 5842 1573 5903 iurisc.
1604 5847 1923 5921 loquuntur.

2095 493 2147 551 A

2750 493 2805 545 ’0
2833 490 2883 552 ζ’
2917 492 3164 561 ταύτης.

2259 583 2386 639 Ἐὰν
2417 584 2475 639 δέ
2501 603 2588 651 τις
2628 585 2960 642 κινδυνεύων
2984 585 3294 666 ιπισκόπου
3351 585 3426 658 μὴ
3459 588 3752 659 παρόντος,

2173 677 2378 748 αίτήσῃ
2406 677 2818 749 καταλλαγῆναι
2841 679 2956 742 τοῖς
2979 677 3419 748 θυσιαστηρίοις,
3452 681 3481 732 ό
3508 681 3750 747 πρεσὸύο

2171 787 2329 840 τερος
2350 770 2444 823 τὸν
2467 771 2768 825 ἐπίσκοπον
2788 769 3152 843 ιρωτησάτω,
3181 770 3448 824 καὶκατὰ
3475 770 3536 825 τὸ
3561 770 3753 844 λεχθὲν

2173 862 2368 933 ἐκείνῳ
2401 865 2652 920 ποιείτω.
2692 866 2706 877 ’

2756 957 2822 1011 '0
2849 956 2898 1011 κ’
2929 958 3153 1026 ταύτης

2241 1049 2625 1121 Πρεσϐύτερον
2661 1050 3166 1120 κατηγορούμενος,
3193 1050 3294 1104 σὺν
3327 1051 3506 1114 ἄλλοις
3533 1050 3593 1116 ἓξ
3623 1053 3750 1105 ἐπι·

2173 1145 2420 1205 σκόποις,
2478 1141 2572 1206 οὓς
2620 1145 2649 1196 ὁ
2699 1143 3030 1212 κατηγορῶν
3058 1143 3150 1197 καὶ
3181 1143 3210 1196 ὀ
3266 1144 3752 1214 κατηγορούμενος

2169 1235 2527 1304 αἱρήσονται,
2564 1233 2593 1285 ὀ
2625 1233 2756 1296 ίδιος
2805 1235 3108 1296 ἐπίσκοπος
3158 1234 3506 1299 ὲξετασάτωο
3559 1235 3750 1289 διάκο-

2167 1343 2258 1379 νον
2284 1325 2367 1392 δὲ,
2400 1327 2497 1380 σὺν
2523 1325 2704 1387 ἄλλοις
2727 1325 2934 1396 τρισίν·
2969 1325 3064 1378 ὲπὶ
3097 1326 3156 1380 δὲ
3183 1325 3295 1379 τῶν
3319 1326 3526 1380 λοιπῶν
3550 1326 3752 1396 κληρι-

2167 1419 2303 1485 κῶν,
2341 1420 2524 1488 μόνος.
2553 1420 2738 1472 Ἔστω
2789 1419 2846 1472 δὴ
2886 1421 2982 1474 καὶ
3011 1420 3104 1473 ἐπὶ
3135 1419 3342 1474 τούτων
3386 1420 3420 1491 ή
3469 1421 3608 1492 αὑτὴ
3636 1420 3754 1475 τῶν

2204 1512 2379 1582 αιρῶν
2418 1511 2743 1584 προθεσμία,
2779 1514 2814 1584 ἠ
2846 1512 2940 1566 καὶ
2963 1513 3056 1566 ἐπὶ
3088 1513 3198 1567 τῶν
3228 1514 3569 1570 ἐπισκόπων.

2745 1603 2803 1657 '0
2847 1603 2930 1660 κε’
2959 1607 3206 1672 ταύτης.

2233 1694 2301 1751 Οί
2332 1695 2402 1749 τὰ
2459 1696 2582 1766 ἱερὰ
2635 1699 3169 1768 μεταχειριζόμενοι,
3220 1701 3284 1754 ἐκ
3338 1699 3449 1753 τῶν
3501 1699 3760 1770 συμϐίων

2167 1788 2694 1860 ἐγκρατευέσθωσαν
2725 1807 2737 1822 ⁸
2777 1791 2852 1863 μὴ
2888 1792 3174 1856 ποιοῦντες
3206 1791 3286 1860 δὲ,
3345 1791 3755 1864 καθαιρείσθω-

2167 1882 2294 1938 σαν.

2729 1979 2794 2032 '0
2821 1976 2911 2038 κζ’
2934 1978 3184 2048 ταύτης.

2250 2069 2572 2140 Ἱερωμένος
2605 2071 2885 2144 ἐλεγχθεὶς
2919 2073 3018 2127 καὶ
3079 2071 3454 2144 καθαιρεθεὶς,
3501 2076 3640 2144 μήτε
3671 2075 3754 2138 ὡς

2163 2160 2352 2223 λαῖκδς
2418 2160 2699 2231 μετανοῶν
2749 2161 2908 2224 αὖθις
2956 2160 3397 2232 χειροτονείσθω,
3461 2161 3600 2231 μήτε
3640 2161 3761 2232 μὴν.

2163 2253 2646 2320 ἀναόαπτιζέσθω,
2679 2253 2754 2317 ῶς
2776 2271 2830 2306 τι
2858 2254 3156 2323 προκόψων
3185 2253 3469 2309 ιντεῦθιν.

2719 2348 2782 2403 '0
2807 2349 2908 2420 μη¹
2939 2350 3186 2417 ταύτης.

2247 2441 2692 2508 Ἀναϐαπτίσεις,
2715 2444 2811 2496 καὶ
2841 2441 3373 2513 ἀναχειροτονήσεις,
3397 2435 3495 2493 καί
3516 2454 3750 2509 μετακις

2161 2534 2345 2601 νήσεις
2375 2533 2710 2599 ἐπισκόπων,
2744 2535 2819 2604 μὴ
2851 2535 3208 2599 γινέσθωσαν.

2705 2625 2770 2680 '0
2804 2627 2900 2680 λα’
2939 2629 3189 2694 ταύτης.

2245 2717 2308 2770 ⁸0
2341 2715 2517 2787 μείζω
2561 2717 2731 2790 τιμὴν
2761 2718 3179 2790 ἀπωθούμενος,
3229 2721 3481 2792 ἀνάγκης
3539 2723 3746 2778 καλούο

2162 2826 2286 2880 σης,
2311 2809 2408 2862 καί¹
2440 2808 2509 2880 ἢν
2540 2807 2657 2880 ἔχει
2693 2810 3126 2880 προσαπολέσει.

2703 2899 2766 2958 ⁸0
2787 2907 2874 2959 κθ⁹
2905 2907 3148 2975 ταύτης.

2245 2993 2644 3066 Ἀκοινῶνητος
2670 2998 3013 3070 κοινωνήσας
3042 2999 3148 3071 πρὸ
3176 2999 3550 3071 συμπαθείας,
3579 3001 3742 3056 αὐτο-

2159 3091 2521 3162 κατάκριτος.

2079 3187 2129 3251 C

2729 3170 2798 3239 ’0⁶
2815 3183 2910 3254 ρδ¹
2927 3185 3166 3253 ταύτης.

2240 3277 2566 3349 Ἰερωμένος
2615 3278 2887 3349 δημοσίαν
2933 3277 3120 3350 κρίσιν
3157 3277 3311 3349 παρὰ
3350 3277 3619 3350 βασιλέως
3647 3281 3743 3336 αι-

2153 3367 2283 3434 τῶν,
2309 3368 2713 3441 καθαιρείσθω.

2701 3461 2757 3515 ’0
2772 3462 2917 3531 ρκβ¹
2955 3463 3206 3533 ταύτης.
3229 3517 3240 3526 ,

2223 3553 2347 3607 Τῶν
2377 3553 2520 3607 κατὰ
2549 3554 2737 3625 κοινὴν
2756 3555 3066 3610 συναίνεσιν
3105 3557 3452 3628 ἐκλεγέντων
3479 3557 3581 3631 τὴν
3607 3558 3735 3632 κρί-

2157 3661 2244 3699 σιν
2264 3647 2293 3700 ὁ
2329 3644 2407 3717 μὴ
2433 3645 2745 3715 δεχόμενος,
2771 3646 3166 3719 ἀκοινώνητος.

2469 3739 2534 3792 '0
2564 3736 2636 3799 ιζ’
2662 3738 2771 3794 τοῦ
2797 3739 3078 3806 Μεγάλου
3103 3745 3463 3799 Βασιλείαν.

2227 3830 2613 3902 Πρεσϐύτερος
2641 3831 2713 3884 δι’
2738 3832 2990 3902 ἀνάγκην
3020 3836 3227 3905 ὀμόσας
3268 3841 3343 3909 μὴ
3374 3839 3741 3911 λειτουργεῖν,

2158 3921 2608 3996 μεταμελόμενος
2637 3922 2746 3996 ἰδίᾳ
2775 3925 2870 3979 καὶ
2904 3924 2983 3997 μὴ
3011 3925 3254 4000 δημοσίᾳ.
3283 3929 3699 4004 λειτουργείτω.

2486 4101 2552 4157 '0
2572 4101 2618 4159 θ’
2653 4102 2760 4158 τοῦ
2784 4103 3070 4174 Μεγάλου
3095 4107 3445 4165 Bacchica).

2231 4195 2493 4259 Διάκονος
2519 4195 2553 4267 ἢ
2584 4195 2963 4267 πρεσϐύτερος
2985 4196 3330 4269 ὁμολογήσας
3352 4198 3562 4271 χείλεσι
3585 4218 3748 4272 μιαν-

2160 4289 2344 4359 θῆναι,
2398 4287 2499 4358 τῆς
2533 4286 2884 4360 λειτουργίας
2937 4288 3201 4360 εἱρχθεὶς,
3233 4291 3342 4345 τῶν
3379 4293 3746 4362 ἀγιασμάτων

2164 4381 2444 4451 μετεχέτω
2475 4379 2615 4451 μετὰ
2667 4379 2780 4433 τῶν
2838 4379 3170 4454 διακόνωνῆ
3228 4384 3650 4456 πρεσϐυτέρων.
3683 4387 3749 4440 Ei

2160 4470 2216 4526 δέ
2241 4491 2294 4526 τι
2334 4472 2432 4526 καὶ
2463 4471 2626 4526 πλέον
2654 4471 2846 4525 τούτου
2883 4473 3083 4546 φανείη
3135 4476 3497 4548 ἡμαρτηκὼς,
3546 4478 3747 4533 καθαι-

2165 4563 2386 4635 ρείσθω.

2600 4659 2664 4713 '0
2693 4658 2749 4712 α’
2771 4657 2880 4728 τῆς
2908 4659 2982 4714 ἐν
3025 4661 3306 4730 Ἀγκύρῃ.

2235 4748 2618 4819 Πρεσϐύτερος
2671 4751 2700 4804 ό
2725 4749 2795 4804 δι’
2834 4751 3089 4820 ἀνάγκην
3136 4753 3249 4817 τοῖς
3298 4752 3523 4822 δαίμοσι
3554 4753 3747 4820 θύσας,

2162 4836 2282 4897 εἶτα
2314 4841 2719 4909 ἅναπαλαίσας,
2755 4843 2861 4912 τῆς
2885 4843 2987 4915 μὲν
3017 4845 3185 4915 τιμῆς
3218 4845 3498 4916 μετεχέτω
3523 4847 3620 4900 καὶ
3648 4847 3750 4917 τῆς

2161 4934 2458 5005 καθέδρας,
2489 4937 2657 5008 μηδὲν
2689 4936 2747 4990 δέ
2769 4953 2824 4990 τι
2852 4936 2961 4992 τῶν
2992 4936 3291 5009 ἱερατικῶν
3330 4937 3748 5010 λειτουργείτω.

2757 5120 2814 5174 Ὁ
2834 5119 2898 5186 β’
2918 5121 3164 5190 ταύτης.

2246 5212 2523 5278 Ὡσαύτως
2564 5216 2654 5269 καὶ
2689 5214 2960 5280 διάκονοςο
2991 5215 3321 5271 ὲπιτεινέτω
3346 5215 3405 5270 δὲ
3435 5219 3463 5271 ὁ
3505 5219 3747 5273 ἐπίσκοο

2167 5307 2346 5380 πος,ἢ
2372 5309 2700 5380 ἀφαιρείτω,
2728 5308 2862 5380 πρὸς
2893 5309 2995 5382 τὴν
3021 5308 3233 5368 τούτων
3269 5311 3590 5383 μετάνοιαν.

2591 5488 2656 5543 '0
2685 5487 2736 5560 τ’
2766 5487 2880 5558 τῆς
2907 5489 2980 5544 ἐν
3016 5491 3320 5559 Τρούλλῳ.

2245 5581 2434 5652 ’ἱερεῖς
2461 5580 2557 5634 καὶ
2588 5581 2854 5646 διάκονοι,
2890 5582 3006 5636 ὅσοι
3032 5583 3140 5656 πρὸ
3168 5583 3272 5654 τῆς
3300 5582 3460 5654 ἡμῶν
3494 5586 3752 5642 συνελεύ-

2165 5691 2303 5739 σεως
2331 5673 2587 5745 ἁθέσμως
2610 5673 2733 5729 δυσὶ
2755 5675 3192 5745 προσωμίλησαν
3222 5677 3447 5746 γάμοις,
3505 5679 3539 5750 ἢ
3567 5680 3748 5753 χήρας
