4096 6496
923 565 986 620 '0
1017 566 1124 629 rtﬁ'
1149 562 1372 619 αὐτῶν.

419 658 643 728 Οἰκέτης
707 659 771 712 οὗ
836 658 1133 731 κληροῦται
1190 658 1343 726 παρὰ
1403 656 1633 726 γνώμην
1688 655 1780 708 τοῦ
1844 654 1929 708 δε-

360 751 572 806 οπότου.

742 844 809 899 '0
837 840 930 917 .1)"
970 842 1080 914 τῆς
1118 844 1189 898 ἐν
1232 845 1531 914 Τρούλλφ.

425 935 713 1009 Κληρικδς.
768 937 846 1009 μὴ
901 939 927 981 *ι
974 937 1040 990 ἐκ
1103 937 1313 1006 γένους,
1376 937 1493 992 ἀλλ’
1587 936 1769 1004 ἄξιος,
1845 953 1931 1005 γι-

358 1028 545 1082 νέσθω.

709 1119 766 1172 '0
808 1118 863 1188 η’
923 1117 1034 1185 τῆς
1087 1119 1158 1174 ἐν
1226 1122 1578 1189 Καισαρείᾳ.

419 1210 642 1276 Δαῖκδς,
678 1204 738 1265 οὗ
770 1214 803 1281 ἡ
836 1211 975 1283 γυνὴ
1000 1212 1250 1282 φανερῶς
1277 1215 1520 1285 ἠλέγχθη
1555 1214 1927 1286 μοιχευθεῖσα,

353 1306 426 1373 μὴ
454 1304 778 1373 κληρούσθω
808 1321 821 1335 ·
855 1308 950 1361 καὶ
973 1309 1001 1359 ὁ
1054 1307 1476 1378 κεκληρωμένος
1504 1311 1551 1362 εἰ
1584 1311 1807 1379 κατέχει
1831 1308 1930 1381 τὴν

353 1397 759 1465 μοιχευθεῖσαν,
792 1397 1102 1462 ἐξωθείσθω
1145 1399 1244 1471 τῆς
1275 1402 1720 1472 ἐγχειρισθείσης
1779 1401 1930 1472 αὐτῷ

349 1486 378 1539 δ
390 1487 646 1552 ,ακονίας.

680 1583 743 1636 '0
773 1592 820 1652 γ’
866 1584 972 1639 τοῦ
1037 1585 1213 1650 ἁγίου
1263 1587 1592 1655 Κυρίλλου.

420 1673 594 1728 Ὅταν
658 1677 826 1750 μέλλῃ
876 1682 1306 1749 χειροτονεῖσθαι
1359 1682 1645 1755 κληρικδς,
1697 1686 1928 1757 ἐρευνὰ-

346 1768 461 1822 σθω
504 1772 531 1822 ὁ
561 1770 672 1841 βίος
705 1774 894 1839 αὐτοῦ,
927 1777 977 1827 εἰ
1008 1773 1256 1846 γαμετὴν
1289 1774 1425 1845 ἔχει,
1457 1773 1490 1848 ἢ
1525 1777 1625 1847 μὴ,
1656 1779 1752 1833 καὶ
1782 1778 1925 1845 πῶς,

344 1864 441 1916 καὶ
470 1863 603 1916 πότε
635 1867 902 1935 ἐγήματο,
927 1868 1021 1921 καὶ
1045 1870 1093 1921 εἰ
1120 1869 1411 1939 ἀπέσχετο,
1449 1873 1543 1922 καὶ
1580 1872 1629 1923 εἰ
1660 1870 1736 1942 μὴ
1759 1871 1921 1925 ἐκδέοη
1960 1910 2004 1966 Β

345 1957 542 2027 ὄληται
570 1956 603 2026 ἢ
635 1961 765 2029 παρ’
801 1961 1132 2026 ἐπισκόπου,
1194 1962 1227 2033 ἢ
1263 1964 1328 2015 ὲκ
1378 1962 1790 2034 μοναστηρίουσ
1827 1966 1923 2020 καὶ

345 2048 520 2111 οὕτως
549 2050 872 2121 ἀδιάϐλητος
921 2054 1193 2125 εὑρεθεὶς,
1231 2055 1679 2125 χειροτονείσθω.

927 2234 993 2289 '0
1049 2242 1083 2290 ι’
1118 2236 1227 2305 τῆς
1283 2236 1353 2292 δ’.

418 2324 621 2395 Μηδεὶς
651 2325 747 2381 δύο
790 2327 999 2383 πόλεων
1053 2334 1200 2395 ναοῖς
1245 2331 1593 2404 κληρούσθω.
1656 2335 1719 2390 Εἰ
1752 2336 1808 2390 δέ
1840 2354 1927 2402 τις

349 2415 411 2481 ἐξ
451 2418 616 2485 ἄλλης
660 2420 739 2482 εἰς
777 2420 948 2491 ἄλλην
978 2423 1279 2491 ἐκκλησίαν
1311 2427 1605 2499 μετετέθη,
1643 2429 1790 2484 κατὰ
1817 2449 1927 2504 μη-

346 2511 436 2563 δὲν
462 2514 732 2582 μετεχέτω
761 2513 867 2567 τῶν
896 2514 996 2583 τῆς
1047 2517 1339 2588 προτέρας,
1373 2517 1404 2589 ἦ
1442 2518 1538 2573 τοῦ
1598 2520 1733 2575 ἰδίου
1777 2522 1923 2594 ’βαθε-

350 2600 455 2670 μοῦ
484 2603 822 2660 ἐκπεσεῖται.

916 2698 982 2754 Ὀ
1038 2708 1102 2755 ιε’
1144 2700 1257 2771 τῆς
1296 2701 1358 2764 ζ’.

416 2787 623 2857 Μηδεὶς
661 2789 719 2841 ὲν
780 2790 1351 2848 Κωνσταντινουπὸ).ει
1394 2795 1454 2849 ὲν
1504 2794 1657 2849 δυσὶν
1717 2796 1924 2868 ἐκκληο

350 2877 492 2943 σίαις
553 2879 884 2953 κληρούσθω
919 2900 933 2915 ο
966 2884 1387 2957 αἰσχροκέρδεια
1456 2887 1585 2960 γάρ.
1656 2888 1923 2962 Ἀλλαχοῦ

347 2969 404 3023 δὲ
454 2970 611 3026 τοῦτο
666 2973 919 3042 γινέσθω,
976 2975 1066 3030 διὰ
1112 2978 1215 3047 τὴν
1272 2978 1384 3033 τῶν
1460 2972 1769 3052 ἀνθρώπων
1835 2982 1924 3038 ἔν-

348 3063 516 3122 δειαν.

907 3161 1257 3216 ΕΠΙΓΡΑΦΗ
1301 3161 1365 3216 Β.

356 3248 495 3303 Τίνα
550 3248 645 3305 δεῖ
689 3251 799 3307 τὸν
847 3254 1418 3329 κληρικὸνμποιεῖν,
1472 3255 1574 3312 καί
1640 3258 1778 3315 τινα
1840 3258 1928 3329 μὴ
1959 3266 2002 3325 c

1021 3324 1239 3379 ποιεῖν.

359 3409 422 3464 '0
466 3420 529 3467 ιε’
566 3415 683 3469 τῶν
709 3415 1092 3492 ἀποστόλων,
1130 3419 1223 3472 καί
1270 3420 1305 3472 ό
1347 3415 1391 3473 ε’
1434 3418 1547 3488 τῆς
1588 3419 1639 3472 δ’
1673 3421 1774 3475 καὶ
1802 3418 1837 3476 ὀ
1867 3429 1919 3492 τ’

833 3486 942 3555 τῆς
986 3490 1057 3542 ἐν
1073 3489 1420 3559 Ἀντιοχείᾳ.

418 3576 693 3645 Κληρικδς
720 3579 818 3649 τῆς
864 3581 1072 3643 οἰκείας
1116 3582 1338 3648 ἐκστὰς,
1375 3582 1467 3637 καὶ
1502 3582 1590 3636 ἐπ’
1621 3583 1920 3655 ἀλλοτρίας

349 3668 533 3732 οἰκῶν,
566 3670 641 3735 ὼς
670 3674 695 3723 ὁ
723 3672 909 3736 λαῖκὺς
961 3675 1190 3743 μενέτω,
1236 3675 1332 3729 καὶ
1366 3677 1626 3746 μάλιστα,
1672 3678 1724 3731 εἰ
1768 3680 1922 3750 παρὰ

347 3756 447 3810 τοῦ
486 3762 785 3815 ἐπισκόπου
824 3763 1183 3834 καλούμενος,
1213 3767 1312 3837 οὐχ
1366 3768 1706 3839 ὑπήκουσεν.

741 3856 805 3909 '0
860 3862 940 3921 ις’
977 3854 1097 3911 τῶν
1144 3859 1533 3914 ἀποστόλων.

419 3941 532 3996 Καὶ
553 3944 582 3997 ὁ
639 3945 830 3999 τοῦτον
861 3947 920 4000 ὲν
942 3945 1143 4016 γνώσει
1165 3952 1415 4020 κατέχων
1443 3951 1766 4017 ἐπίσκοπος,
1819 3953 1922 4022 ἀφ·

346 4035 639 4106 οριζέσθω.

748 4130 812 4184 '0
846 4138 919 4200 ιη’
964 4133 1078 4203 τῆς
1107 4134 1178 4189 ἐν
1226 4136 1528 4204 Τρούλλῳ.

418 4223 528 4277 Καὶ
566 4226 595 4278 ὁ
640 4223 730 4279 διὰ
775 4224 1073 4297 βαρϐάρων
1118 4230 1445 4309 ἐπιδρομὴν,
1502 4231 1538 4304 ἦ
1573 4249 1698 4287 τινα
1754 4232 1924 4306 ἀλλην

349 4316 671 4387 περίστασιν
698 4316 935 4390 ἀλλαχοῦ
964 4321 1258 4392 γενόμενος
1288 4322 1574 4395 κληρικὸς,
1621 4325 1671 4378 εἰ
1720 4325 1797 4397 μὴ
1825 4326 1922 4381 τοῦ

341 4408 522 4462 δεινοῦ
566 4412 943 4479 παυσαμένου,
974 4414 1055 4476 εἰς
1084 4413 1178 4467 τὸν
1230 4416 1432 4469 οἰκεῖον
1465 4416 1758 4472 ἐπανέλθοι
1786 4417 1923 4490 κλῆ-

346 4518 464 4568 ρον,
507 4502 876 4575 καθαιρείσθω
903 4504 1001 4559 σὺν
1027 4505 1107 4577 τῷ
1143 4506 1453 4577 κατέχοντι.

779 4594 843 4650 '0
883 4600 929 4652 θ’
961 4594 1069 4666 τῆς
1101 4598 1171 4652 ἐν
1202 4597 1493 4669 Σαρδικῇ.

426 4688 487 4740 '0
520 4687 575 4740 δὲ
614 4687 692 4759 μὴ
724 4688 1047 4761 βουλόμενος
1068 4691 1330 4748 ἀπελθεῖν
1354 4694 1435 4758 εἰς
1459 4694 1529 4766 ἣν
1547 4695 1919 4768 κεκλήρωται,

337 4779 434 4833 τοῦ
464 4778 649 4833 λοιποῦ
683 4782 759 4852 μὴ
784 4781 1040 4853 δεχέσθω.

780 4875 843 4933 '0
875 4884 924 4931 κ’
953 4879 1073 4934 τῶν
1103 4878 1493 4937 ἀποστόλων.

417 4968 530 5022 Καὶ
558 4970 612 5024 ετ
657 4986 742 5033 τις
769 4971 999 5041 γνώμης
1030 4972 1157 5042 δίχα
1203 4972 1301 5025 τοῦ
1356 4972 1563 5029 οἰκείου
1616 4974 1921 5029 ἐπισκόπου

338 5061 480 5131 πρὸς
506 5061 663 5116 ἄλλον
694 5063 894 5132 κλῆρον
924 5063 1182 5120 ἀπελθὼν
1214 5064 1599 5138 προσᾶχθείη,
1635 5066 1925 5139 καθαιρεί-

343 5157 459 5210 σθω
489 5158 587 5211 σὺν
621 5156 697 5227 τῷ
730 5157 1038 5228 δεξαμένῳ.

750 5247 813 5305 '0
840 5246 895 5314 ς’
920 5248 1031 5319 τῆς
1076 5248 1147 5304 ἐν
1173 5251 1551 5321 Καρθαγένῃ.

425 5342 482 5395 '0
526 5340 635 5411 γὰρ
664 5342 813 5408 ἅπαξ
844 5344 1114 5410 ἀναγνοὺς
1143 5344 1203 5396 ὲν
1231 5344 1507 5415 ἐκκλησίᾳ
1537 5345 1596 5398 ἐν
1625 5343 1763 5417 ἄλλῃ
1785 5343 1923 5416 πρὸς

341 5437 619 5505 πλήρωσιν
658 5435 733 5508 μὴ
764 5435 1026 5506 δεχέσθω.

609 5593 618 5601 ,
781 5529 844 5584 '0
863 5536 914 5583 κ’
940 5528 1060 5583 τῶν
1107 5529 1496 5586 ἀποστόλων.

424 5621 699 5694 Κληρικὺς
742 5604 949 5690 ἐγγύας
972 5619 1188 5685 διδοὺς,
1226 5620 1624 5694 καθαιρείσθω.

1005 5712 1045 5765 Σ
1050 5711 1287 5781 χόλων.

419 5803 488 5887 Εἰ
509 5803 576 5856 δι’
612 5803 1100 5887 αἰσχροκέρδειαν,
1146 5804 1242 5887 καί.
1281 5802 1402 5887 .ὲπὶ
1441 5792 1705 5887 *τελωνηῷν
1766 5802 1928 5887 τοῦτο
2014 5848 2017 5851 .

350 5878 524 5926 ποιεῖ’
577 5876 627 5927 εἰ
658 5874 817 5928 δέδι’
850 5878 1120 5942 ἀνάγκην,
1154 5875 1249 5928 καὶ
1278 5875 1373 5929 ἐπὶ
1406 5874 1708 5947 κληρικῶν,
1765 5877 1928 5927 ἐπαι-

348 5962 548 6007 νετεος.

1587 438 1634 505 Ε
1653 436 2064 510 ΡΙΤΟΜΕΞΟΑ
2074 443 2229 505 NON
2242 443 2374 509 UM.

3527 449 3643 516 1οΞ

2626 563 2695 619 82
2730 566 3052 621 earumdem.

2106 652 2307 708 Servus
2341 663 2541 724 praeter
2598 660 2922 713 sententiam
2964 659 3171 714 domini
3228 674 3334 715 non
3400 661 3458 715 lit
3520 661 3634 715 cle-

2034 758 2203 799 I'ICUS.

2510 841 2582 897 35
2621 842 2815 898 habita:
2846 846 2899 897 in
2936 843 3141 901 Trulla.

2105 930 2350 987 Clericus
2392 930 2507 1001 ﬁat,
2538 949 2646 989 non
2683 949 2884 1006 genere
2923 936 3104 991 clarus
3132 973 3149 1002 ,
3182 936 3276 994 sed
3308 937 3400 1007 qui
3432 939 3630 1009 dignus

2033 1038 2138 1083 est.

2605 1120 2638 1177 8
2678 1121 3050 1177 Caesariensis.

2104 1208 2323 1276 Laicus,
2377 1212 2536 1282 cujus
2591 1227 2731 1267 uxor
2782 1212 3077 1267 manifesto
3130 1214 3377 1268 convicta
3426 1225 3511 1270 est
3567 1218 3632 1272 de

2035 1304 2330 1359 commisso
2358 1304 2651 1371 adulterio,
2683 1303 2919 1361 clericus
2952 1321 3020 1361 ne
3051 1306 3144 1360 liat
3173 1323 3189 1369 ;
3221 1317 3277 1361 et
3301 1309 3391 1377 qui
3418 1310 3490 1362 ad
3521 1310 3632 1363 elc—

2036 1395 2266 1449 ricatum
2321 1397 2598 1466 pervenit,
2636 1399 2680 1451 si
2715 1397 2973 1467 pollutam
3025 1399 3299 1455 adulterio
3342 1403 3565 1467 retinet,
3599 1420 3626 1455 τι

2036 1485 2349 1542 ministerio
2377 1487 2480 1542 sibi
2515 1489 2713 1542 tradito
2744 1488 3010 1558 rejicitor.

2652 1581 2687 1635 5
2723 1580 2786 1636 S.
2825 1580 3036 1652 Cyrilli.

2106 1674 2245 1730 Cum
2277 1676 2619 1731 ordinandus
2664 1686 2749 1733 est
2794 1676 3051 1741 clericus,
3085 1678 3405 1747 cXploretur
3456 1680 3630 1747 ipsius

2034 1768 2169 1833 vita,
2206 1782 2334 1824 num
2372 1769 2571 1824 habeat
2625 1784 2874 1834 uxorem,
2908 1784 3131 1835 necne;
3186 1781 3298 1824 tum
3331 1774 3626 1840 quomodo,

2034 1869 2090 1915 et
2136 1860 2356 1930 quando
2406 1861 2819 1914 matrimonium
2878 1863 3264 1926 contraxerit,
3333 1876 3398 1915 an
3456 1864 3629 1917 alisti-

2034 1954 2233 2019 nuerit,
2270 1968 2337 2008 an
2375 1968 2482 2007 non
2529 1953 2742 2023 ejectus
2794 1953 2957 2007 fuerit
2992 1953 3074 2008 vel
3126 1954 3195 2008 ab
3224 1953 3501 2024 episcopo,
3541 1955 3627 2009 vel

2030 2058 2099 2098 ex
2132 2044 2464 2099 monasterio
2491 2060 2506 2110 ;
2544 2053 2708 2114 atque
2740 2044 2811 2098 ita
2847 2053 3098 2115 repertus
3127 2058 3325 2115 expers
3354 2046 3626 2113 criminis,

2030 2137 2335 2193 ordinator.

2656 2226 2723 2283 lO
2762 2236 2991 2298 quartw.

2102 2319 2273 2376 Nemo
2299 2322 2526 2377 duarum
2576 2321 2861 2376 civitatum
2906 2320 3156 2377 ‘clericus
3185 2318 3437 2376 eliicitor.
3468 2319 3625 2386 Quod

2030 2415 2074 2471 si
2104 2415 2226 2485 quis
2256 2431 2323 2470 ex
2360 2430 2466 2469 una
2520 2414 2574 2468 in
2628 2414 2793 2468 aliam
2838 2413 3126 2470 ecclesiam
3160 2414 3456 2470 translatus
3509 2414 3627 2469 fue-

2029 2512 2120 2576 rit,
2155 2512 2206 2564 in
2235 2508 2381 2564 nullo
2426 2507 2696 2577 particeps
2747 2524 2931 2563 rerum
2977 2509 3176 2579 prioris
3207 2517 3324 2564 esto
3346 2548 3364 2579 ,
3395 2518 3627 2565 caetero-

2028 2602 2121 2667 qui
2153 2600 2326 2672 gradu
2354 2614 2453 2654 suo
2475 2598 2815 2668 spoliandus.

2637 2691 2708 2746 15
2748 2691 3009 2760 septimm.
3430 2743 3443 2765 ,

2096 2786 2272 2844 Nemo
2304 2781 2777 2853 Constantinopoli
2824 2784 3035 2838 duabus
3065 2783 3115 2837 in
3144 2783 3395 2840 ecclesiis
3456 2783 3622 2840 cleri-

2026 2897 2126 2939 cus
2154 2879 2385 2937 eﬂicitor
2407 2896 2424 2947 ;
2445 2878 2550 2932 hoc
2579 2876 2726 2932 enim
2766 2876 2940 2947 turpis
2972 2876 3104 2931 lucri
3138 2877 3407 2946 cupiditas
3438 2878 3623 2933 luerit.

2023 2972 2169 3029 Alibi
2196 2987 2330 3029 vero
2363 2971 2416 3027 id
2463 2969 2581 3025 ﬂeri
2630 2967 2813 3034 liceat,
2856 2977 3082 3040 prOpter
3133 2968 3414 3023 hominum
3453 2983 3625 3040 pcnu-

2025 3070 2190 3126 riam.

2617 3151 2926 3211 TITULUS
2965 3154 3037 3210 11.

2159 3251 2293 3319 Quae
2325 3250 2522 3306 clerico
2556 3249 2825 3320 facienda,
2857 3258 2907 3303 et
2942 3264 3061 3320 quae
3109 3264 3211 3303 non
3250 3247 3517 3319 facienda.

2030 3407 2217 3464 Conon
2260 3407 2327 3463 i5
2361 3407 2847 3533 apostolorumhet
2877 3406 2911 3462 5
2941 3408 3133 3479 synodi
3164 3407 3224 3477 4,
3276 3418 3327 3464 et
3371 3409 3406 3465 5
3440 3408 3627 3466 Aulio-

2725 3496 2753 3533 ο
2792 3495 2924 3533 enm.

2725 3495 2924 3535 οηεηιε.

2100 3571 2369 3636 Clericus,
2403 3571 2494 3642 qui
2521 3585 2619 3626 sua
2648 3571 2862 3635 relicta,
2892 3571 3041 3642 degit
3064 3572 3117 3626 in
3150 3572 3324 3627 aliena
3355 3574 3620 3642 partecia,

2031 3680 2130 3719 ceu
2168 3664 2343 3718 laicus
2375 3672 2595 3741 maneto
2621 3703 2637 3728 ,
2672 3662 2935 3725 maxime,
2970 3663 3016 3717 si
3050 3664 3119 3717 ab
3154 3663 3410 3732 episcopo
3439 3679 3626 3719 arces-

2029 3757 2187 3821 situs,
2227 3770 2334 3814 non
2367 3754 2691 3810 obediverit.
3316 3753 3328 3765 "

2494 3914 2499 3921 ι
2579 3847 2648 3901 16
2688 3846 3075 3914 apostolorum.

2106 3940 2170 3995 Et
2219 3939 2531 4011 episcopus,
2583 3941 2675 4012 qui
2713 3939 2895 3995 sciens
2931 3942 3074 3996 hunc
3109 3953 3276 4010 penes
3307 3954 3368 3996 se
3400 3938 3623 4009 retinet,

2033 4043 2370 4106 segregator.

2514 4124 2583 4181 18
2622 4122 2813 4178 habita:
2844 4123 2899 4177 in
2934 4122 3139 4180 Trulla.

2102 4219 2170 4273 Et
2204 4220 2295 4291 qui
2335 4226 2559 4289 propter
2590 4219 2871 4271 incursum
2922 4215 3313 4280 Barbarorum,
3359 4214 3440 4269 vel
3476 4216 3623 4286 quod

2031 4312 2175 4367 aliud
2214 4312 2535 4381 periculum,
2572 4308 2699 4364 alibi
2749 4306 2927 4365 factus
2959 4316 3044 4364 est
3073 4305 3326 4372 clericus,
3359 4306 3465 4361 nisi
3497 4321 3620 4360 cum

2038 4404 2239 4459 malum
2288 4404 2585 4460 cessaverit
2632 4418 2788 4457 suum
2822 4403 2888 4455 ad
2921 4401 3129 4456 clerum
3164 4399 3410 4465 redierit,
3462 4400 3629 4470 depo-

2031 4498 2322 4553 niturm
2353 4512 2479 4552 cum
2508 4496 2625 4559 illo,
2658 4494 2751 4565 qui
2783 4509 2906 4549 eum
2932 4507 3103 4563 penes
3137 4506 3197 4547 se
3225 4492 3445 4549 retinet.

2617 4588 2651 4644 9
2683 4586 3043 4643 Sardicensis.

2104 4682 2207 4748 Qui
2254 4681 2407 4737 abire
2438 4694 2545 4734 non
2589 4678 2708 4732 vult
2753 4679 2819 4732 ad
2852 4676 3165 4739 ecclesiam,
3198 4671 3355 4745 cujus
3384 4672 3627 4729 clericus

2030 4774 2209 4830 factus
2236 4782 2344 4839 est,
2379 4773 2446 4828 de
2477 4781 2681 4826 caetero
2712 4784 2820 4824 non
2864 4767 3195 4823 admittitor.

2595 4861 2664 4916 20
2692 4862 3075 4931 apostolorum.

2104 4957 2169 5011 Et
2205 4956 2249 5013 si
2282 4955 2405 5026 quis
2451 4953 2657 5024 absque
2691 4952 2962 5009 sententia
3008 4950 3094 5006 sui
3145 4950 3384 5022 episcOpi
3443 4949 3627 5021 prole-

2029 5064 2152 5109 ctus
2184 5053 2252 5107 ad
2289 5049 2453 5105 alium
2475 5048 2705 5112 clerum,
2736 5056 2989 5117 receptus
3012 5045 3201 5115 fuerit,
3246 5061 3355 5101 una
3382 5061 3507 5102 cum
3537 5060 3623 5113 eo,

2030 5148 2122 5218 qui
2163 5145 2441 5200 hominem
2471 5140 2707 5212 recepit,
2742 5141 3051 5209 deponitur.

2548 5235 2581 5291 6
2619 5233 3106 5305 Carthaginiensis.

2103 5332 2239 5389 Nam
2264 5330 2355 5405 qui
2388 5329 2562 5387 semel
2596 5329 2651 5385 in
2688 5329 2925 5385 ecclesia
2985 5329 3221 5400 quadam
3252 5326 3473 5384 lectoris
3503 5339 3637 5380 mua

2033 5441 2137 5482 nus
2163 5424 2325 5490 obiit,
2356 5422 2404 5478 is
2432 5423 2488 5478 in
2519 5421 2622 5477 alia
2657 5422 2723 5476 ad
2751 5420 3078 5477 clericatum
3116 5434 3225 5477 non
3256 5417 3582 5474 admittitor.

2586 5514 2657 5572 20
2710 5515 3094 5583 apostolorum.

2104 5610 2375 5675 Clericus,
2407 5607 2498 5679 qui
2536 5605 2920 5674 ﬁdeiussiones
2946 5608 3189 5674 praestat,
3222 5599 3533 5669 deponitor.

2690 5697 2985 5753 Scholium.

2111 5801 2167 5857 Si
2222 5805 2444 5868 propter
2490 5804 2650 5868 turpe
2702 5790 2942 5868 lucrum,
3000 5797 3056 5843 et
3107 5788 3167 5868 in_
3181 5785 3625 5868 publicanorum

2038 5857 2490 5925 causis'id'facit.
2528 5857 2625 5918 Si'n
2677 5859 2914 5927 alicujus
2958 5857 3303 5914 necessitatis
3352 5864 3627 5927 respectu,

2038 5953 2090 5997 et
2127 5943 2180 5995 in
2211 5940 2539 5997 clericorum
2572 5933 2778 5999 causis,
2810 5930 3025 5987 laudem
3058 5936 3321 5985 meretur.
