4096 6470
343 348 440 414 137

1242 415 1336 427 ης..

1580 340 1919 405 ΕΡΙΤΟΜΕ
1969 342 2367 407 CANONUM.

3505 352 3604 415 138

337 458 585 534 swv_e§q,
620 458 716 534 καὶ
747 458 1007 534 ᾁμάρτοι,
1033 457 1386 534 παυσάμενος
1407 457 1909 534 ,τοῦμὰμαρτᾴνειη

2034 458 2062 510 si
2097 458 2166 511 sit
2198 474 2263 513 ex
2293 461 2490 534 ordine
2520 462 2853 534 ﬂectentium
2905 478 3065 534 genu,
3101 472 3155 518 et
3192 477 3423 532 peccet,
3458 472 3606 533 quot

340 528 580 613 γενέσθω
607 528 1122 613 τῶν-’ἀκροωμένων
1147 545 1159 558 ⁸
1189 531 1239 581 εί
1269 528 1327 613 δὲ
1364 528 1474 613 τῶν
1512 529 1906 613 ἀκροωμένων,

343 601 447 670 ἔξω
478 600 659 670 στήτω
692 601 792 670 τῆς
832 598 1139 670 ἐκκλησίας
1162 614 1175 629 °
1206 598 1304 652 καὶ
1344 599 1392 651 οἱ
1430 598 1777 670 ἀκροώμενοι
1806 600 1915 670 γᾴρ

348 664 495 732 ὲὶιτδς
522 664 759 723 ἵσταν-ια
801 671 901 738 τῆς
956 664 1276 734 ὲιὶκλησίας,
1319 670 1484 739 μέχρι
1510 664 1638 738 ’τῇς
1660 664 1914 735 ἁναγνώέ

354 755 487 804 σεως
510 739 597 793 τοῦ
623 740 783 810 ἁγίου
811 739 1172 809 Εὑαγγελίου.

754 834 818 888 ὀ
837 831 900 899 β’
928 832 1040 901 τῆς
1063 832 1134 887 ὲν
1162 830 1503 897 Λαοδικείᾳ.

433 929 487 985 '0
506 930 781 1002 διαφόρως
832 926 1122 999 ἁμαρτὼν,
1183 928 1231 979 εί
1259 924 1501 995 γνησίως
1560 925 1917 996 μετανοήσει,

350 1021 599 1092 δεχέσθω.

778 1112 843 1165 Ὀ
869 1113 916 1165 θ’
940 1109 1049 1178 τῆς
1074 1109 1146 1163 ἐν
1183 1110 1461 1179 Ἀγκύρᾳ.

426 1206 484 1259 '0
516 1205 818 1277 παρθενίαν
855 1202 1353 1273 ἐπαγγειλάμενος,
1388 1201 1485 1256 καὶ
1514 1201 1814 1272 ἀθετήσας,
1843 1200 1921 1263 ὼς

343 1298 571 1368 δίγαμος
602 1297 924 1368 λογιζέσθω.

768 1389 827 1443 'o
864 1388 913 1454 ξ’
945 1388 1059 1456 τῆς
1082 1389 1151 1442 ἐν
1191 1385 1490 1456 Τρούλλφ.

424 1484 482 1536 ὐ
510 1484 772 1555 δαιμονᾷν
829 1467 1305 1552 προσποιούμενος
1334 1481 1448 1542 τοῖς
1482 1478 1594 1532 τῶν
1624 1476 1924 1549 ὼσαληθῶς

340 1574 724 1643 δαιμονώντων
755 1572 1055 1643 ἐπιτιμίοις
1082 1570 1498 1627 ὑποϐαλλέσθω.

347 1668 413 1720 '0
454 1665 542 1731 Ea’
576 1668 821 1734 ταύτης,
844 1666 944 1720 καί
973 1667 1006 1720 ό
1026 1665 1088 1730 ,β’
1115 1664 1222 1718 τοῦ
1254 1663 1540 1733 Μεγάλου
1567 1661 1920 1717 Βασιλείου.

2059 543 2247 581 eccare
2275 531 2556 590 desinens.
2597 533 2647 586 in
2680 531 2930 587 ordinem
2953 531 3261 589 auditorum
3292 531 3489 590 referri
3508 539 3607 590 de-

2058 609 2168 650 eat.
2197 600 2291 653 Sin
2331 617 2393 656 ex
2451 604 2792 659 audientibus
2824 606 2916 666 sit,
2962 606 3227 659 consistat
3253 613 3407 659 extra
3435 607 3608 661 eccle-

2024 666 2164 721 siam
2202 684 2373 742 ;n_am
2439 682 2494 742 et
2522 674 2798 730 auditores
2853 683 3008 728 extra
3035 675 3323 730 ecclesiam
3364 677 3605 742 stabant,

2021 752 2195 806 usque
2221 740 2291 795 ad
2325 740 2621 798 lectionem
2654 746 2827 800 sancti
2856 745 3152 815 Evangelii.

2586 832 2643 887 11
2695 832 3036 889 ιαοάὶεεηω.

2091 920 2194 987 Qui
2242 921 2561 979 diﬁerenter
2613 926 2890 995 peccavit,
2944 927 2989 981 si
3048 941 3176 981 vere
3229 926 3606 996 pmnitentiam

2022 1009 2212 1079 egerit,
2240 1012 2520 1082 recipitor.

2610 1106 2643 1161 9
2688 1107 3008 1177 Ancyranw.

2099 1190 2205 1255 Qui
2235 1192 2549 1263 virginitate
2583 1198 2883 1265 promissa,
2922 1205 3107 1253 votum
3148 1197 3362 1252 irritum
3398 1196 3605 1261 fecerit,

2033 1289 2291 1352 tanquam
2326 1286 2573 1355 digamus
2609 1288 2859 1344 habetor.

2508 1379 2577 1436 60
2604 1381 2799 1436 habita:
2841 1386 2897 1436 in
2940 1381 3149 1438 Trulla.

2098 1464 2201 1531 Qui
2242 1482 2272 1521 a
2301 1469 2547 1527 daemone
2579 1475 2764 1528 vexari
2796 1489 2856 1530 se
2899 1474 3142 1542 simulat,
3190 1475 3367 1544 poenis
3420 1490 3613 1547 reapse

2026 1566 2347 1615 vexatorum
2379 1578 2409 1616 a
2434 1563 2679 1619 daemone
2710 1566 3017 1636 subjicitor.

2302 1651 2364 1707 61
2400 1654 2656 1723 ejusdem,
2712 1668 2761 1711 et
2810 1659 2873 1713 11
2921 1658 3115 1713 Basilii
3154 1658 3363 1730 Magni.

410 1729 479 1812 Οί
509 1729 810 1828 μάντεσινν,
872 1758 905 1828 ἢ
949 1729 1065 1821 τοῖς
1120 1729 1443 1825 λεγομένοις
1496 1755 1920 1824 ἑκατοντάρχοις

2096 1741 2198 1807 Qui
2231 1744 2441 1810 ariolis,
2468 1746 2556 1802 vel
2592 1747 2661 1803 iis
2693 1748 2784 1817 qui
2811 1751 3164 1807 centuriones
3203 1762 3489 1815 vocantur,
3523 1767 3608 1807 se.

344 1852 574 1914 ἑαυτοὺς
614 1850 926 1913 δεδοικότες,
964 1850 1039 1912 ὥς
1065 1866 1118 1901 τι
1147 1847 1277 1919 παρ’
1300 1846 1527 1899 ὲδέείνων
1552 1846 1923 1917 μαθησόμενοι

339 1943 447 1995 τῶν
481 1943 827 2013 ἀπορρήτων.
856 1939 1106 2006 ἑξαετίαν
1157 1938 1624 1992 ὑποπιπτέτωσαν
1645 1977 1659 2000 ,
1711 1934 1744 2007 ἢ
1778 1937 1852 1999 ὡς
1885 1938 1913 1991 ὁ

343 2034 538 2102 φονεὺς
567 2031 1044 2100 ὲπιτιμάσθωσαν.
1084 2030 1244 2084 Κατὰ
1276 2029 1453 2082 ταῦτα
1495 2027 1574 2093 δὲ,
1615 2028 1711 2079 καὶ
1739 2029 1786 2080 oi
1820 2027 1922 2097 ἄρ-

344 2143 506 2188 κτους
535 2123 949 2193 ὲπισυρόμενοι,
986 2122 1082 2177 καὶ
1112 2122 1163 2175 οἱ
1184 2120 1376 2192 τύχην,
1413 2121 1509 2173 καὶ
1550 2120 1920 2191 εἱμαρμένην,

347 2216 443 2267 καὶ
470 2215 817 2282 γενεαλογίαν
840 2211 1172 2283 φωνοῦντες,
1202 2212 1299 2265 καὶ
1327 2212 1377 2263 οἱ
1425 2210 1713 2280 λεγόμενοι
1746 2211 1925 2279 Νεφο-

343 2308 591 2370 διῶκται,
636 2307 730 2360 καὶ
756 2306 1023 2360 Γυτευταὶ
1048 2344 1063 2369 ,
1100 2304 1196 2358 καὶ
1228 2302 1619 2373 φυλακτήριοι,
1659 2303 1755 2356 καὶ
1789 2302 1924 2373 μάν-

342 2413 480 2458 τεις.
526 2395 905 2466 Ἐπιμένοντες
950 2395 1030 2463 δὲ,
1059 2395 1161 2467 τῆς
1211 2391 1548 2465 Ἐκκλησίας
1582 2392 1925 2463 ἀπορριπτὲ-

346 2490 584 2545 σθωσαν.

356 2581 422 2635 Ὀ
467 2580 555 2635 κδ’
596 2581 705 2649 τῆς
732 2583 802 2637 ἐν
840 2581 1122 2651 Ἀγκύρῃ,
1154 2582 1255 2635 καὶ
1289 2583 1321 2637 ὁ
1370 2587 1466 2651 an"
1500 2579 1609 2635 τοῦ
1637 2579 1923 2651 Μεγάλου

953 2654 1304 2708 Βασιλείου.

419 2743 532 2799 Καὶ
552 2747 581 2798 ό
602 2744 1025 2816 μαντευόμενος,
1062 2745 1157 2797 καὶ
1206 2743 1527 2814 εἰσαγαγών
1554 2760 1676 2797 τινα
1715 2743 1796 2808 είς
1830 2743 1923 2797 τὸν

345 2830 498 2889 οἷκον
541 2836 962 2909 ὲπὶαναιρέσει
1014 2836 1389 2907 φαρμακείας,
1424 2835 1457 2906 ἢ
1495 2835 1786 2906 καθάρσει,
1834 2834 1925 2889 διὰ

345 2930 670 2995 πενταετίας
694 2930 727 3000 ἢ
752 2930 1003 2998 ἑξαετίας
1033 2928 1126 2983 τοῦ
1164 2927 1373 2983 τελείου
1396 2926 1742 2999 τυγχανέτω.

824 3112 890 3164 Ὀ
923 3108 984 3175 ,β’
1019 3109 1126 3165 τοῦ
1155 3110 1440 3177 Νύσσης.

424 3203 483 3257 '0
510 3202 569 3257 δὲ
595 3204 732 3274 πρὸς
769 3204 977 3274 γόητας
1000 3206 1096 3257 καὶ
1130 3203 1361 3272 μάντεις
1392 3201 1574 3258 ἀπιὼν
1599 3202 1690 3255 ἐπ’
1723 3201 1921 3271 ἀθετή-

342 3312 428 3351 σει
467 3296 564 3367 τῆς
612 3297 872 3365 πίστεως,
922 3298 998 3361 ὡς
1058 3297 1134 3368 μὴ
1157 3294 1457 3363 ,πιστεύων
1485 3295 1617 3350 Θεὸν
1645 3292 1784 3349 εἶναι
1828 3295 1923 3349 τὸν

342 3391 475 3460 παρ’
531 3390 687 3460 ἡμῶν
722 3391 879 3463 [παρ’
911 3387 1069 3461 ἡμῖν]
1126 3388 1633 3460 προσκυνούμενον,
1670 3388 1759 3444 διὰ
1788 3388 1920 3460 ’βίου

342 3481 680 3548 ἀκοινώνητο
691 3501 731 3546 ;.

756 3576 819 3630 Ὀ
849 3576 938 3646 r7"
962 3579 1075 3646 τῆς
1111 3575 1183 3630 ἐν
1218 3575 1523 3643 Τρούλλῳ.

426 3668 487 3720 Ὀ
512 3668 610 3740 τὴν
641 3669 851 3740 μητέρα
872 3669 968 3723 τοῦ
996 3668 1056 3734 ea
1090 3670 1246 3737 ἁγίου
1298 3667 1681 3739 βαπτίσματος
1726 3670 1920 3725 ἀναδε-

286 3822 293 3827 θ
348 3760 573 3832 χθέντος
605 3761 757 3830 αὐτῷ
787 3762 1131 3833 χηρεύουσαν
1152 3762 1461 3831 ἀγαγέσθαι
1498 3762 1801 3832 τολμήσας,
1827 3760 1921 3816 τοῦ

346 3852 681 3907 συνοικεσίου
718 3854 1008 3923 λυομένου,
1030 3854 1111 3926 τῷ
1140 3854 1236 3908 τοῦ
1274 3852 1634 3923 πορνεύοντος
1660 3855 1923 3926 ἐπιτιμίῳ

344 3948 832 4003 καθυποϐαλέσθω.
863 3948 1086 4014 Μείξων
1111 3950 1218 4021 γὰρ
1245 3952 1278 4022 η
1316 3949 1464 4003 κατὰ
1489 3946 1710 4020 πνεῦμα
1732 3949 1926 4003 οἰκειό-

342 4057 441 4110 της
466 4042 559 4111 τῆς
584 4040 725 4095 κατὰ
753 4041 911 4111 σῶμα
942 4044 1265 4113 συναφείας.

739 4134 802 4188 '0
840 4134 931 4188 νδθ
961 4135 1072 4204 τῆς
1101 4136 1171 4189 ἐν
1219 4136 1526 4204 Τρούλλῳ.

426 4226 747 4297 Ἒξὰδελφος
803 4228 1075 4301 ὲξαδὲλφῃ
1124 4227 1200 4299 μὴ
1245 4230 1501 4299 γαμικῶς
1536 4228 1920 4297 συναπτέσθω,

346 4316 484 4388 μηδὲ
521 4319 704 4389 πατὴρ
739 4320 832 4372 καὶ
891 4320 1006 4382 υίὸς
1038 4321 1211 4389 μητρὶ
1240 4320 1337 4372 καὶ
1375 4320 1636 4391 θυγατρὶ,
1684 4320 1719 4391 ἢ
1773 4320 1925 4376 δυσὶν

2026 1842 2137 1888 met
2168 1835 2500 1907 addixerint,
2526 1840 2676 1895 velut
2718 1841 2921 1911 aliquid
2967 1843 3036 1899 ab
3070 1844 3153 1900 eis
3194 1860 3454 1900 arcanum
3492 1860 3615 1914 per-

2024 1927 2259 1994 cepturi,
2291 1932 2554 1986 sexennio
2580 1934 2959 1999 succumbant,
2998 1939 3080 1991 vel
3117 1938 3405 1994 homicida:
3452 1954 3611 2009 paena

2024 2018 2349 2079 adiciantur.
2398 2022 2667 2083 Similiter
2694 2038 2748 2084 et
2784 2029 2877 2099 qui
2912 2045 3070 2086 ursos
3101 2033 3403 2099 attrahunt,
3439 2044 3492 2089 et
3521 2036 3612 2105 qui

2025 2112 2323 2182 fortunam,
2371 2128 2425 2173 et
2456 2118 2651 2186 fatum,
2694 2132 2748 2177 et
2779 2125 3116 2180 nativitatem
3157 2127 3210 2180 in
3244 2142 3339 2183 ore
3391 2129 3612 2193 habent,

2025 2216 2082 2259 et
2115 2207 2206 2275 qui
2240 2206 2629 2278 Nephodiocm:
2663 2224 2949 2283 vocantur,
2981 2230 3035 2272 et
3090 2219 3357 2291 Gyteutae,
3390 2231 3445 2274 et
3466 2220 3612 2292 Phy-

2028 2295 2264 2364 lacterii,
2289 2309 2345 2355 et
2390 2305 2572 2359 arioli.
2604 2304 2760 2372 Quod
2789 2308 2835 2362 si
2864 2322 3243 2378 perseverant,
3274 2328 3338 2368 ex
3372 2313 3615 2369 Ecclesia

2028 2389 2343 2459 ejiciuntor.

2276 2569 2347 2626 24
2388 2571 2710 2644 Ancyranw,
2737 2582 2788 2629 et
2820 2575 2891 2632 85
2921 2575 3120 2634 Basilii
3154 2578 3363 2652 Magni.

2102 2731 2170 2787 Et
2200 2732 2292 2803 qui
2323 2734 2607 2801 ariolatur,
2649 2744 2704 2791 et
2740 2736 2792 2790 in
2824 2738 3048 2794 domum
3073 2755 3226 2796 suam
3253 2758 3411 2813 quem
3445 2745 3617 2799 dedu-

2030 2824 2107 2879 cit
2170 2827 2239 2881 ad
2306 2827 2542 2883 tollenda
2604 2829 2904 2894 veneficia,
2958 2831 3044 2888 vel
3120 2832 3416 2891 lustrandtn
3476 2838 3620 2892 illius

2030 2931 2220 2985 causa,
2286 2932 2383 2988 per
2436 2921 2872 2992 quinquennium
2924 2925 3013 2983 vel
3077 2929 3401 2985 sexennium
3461 2931 3620 2987 resti-

2033 3009 2222 3066 tuitor.

2679 3106 2713 3161 2
2743 3106 2993 3180 Nysseni.

2095 3196 2200 3263 Qui
2256 3197 2328 3253 ad
2375 3214 2564 3271 magos
2620 3207 2677 3258 et
2736 3202 2938 3258 ariolos
2989 3204 3202 3259 accedit
3255 3206 3320 3259 ad
3365 3208 3621 3277 reproba-

2030 3288 2229 3343 tionem
2289 3290 2453 3358 lldei,
2517 3301 2777 3364 tanquam
2831 3308 2941 3349 non
2993 3295 3224 3352 credens
3284 3297 3437 3352 illum
3497 3314 3621 3355 esse

2027 3378 2224 3446 Deum,
2254 3382 2348 3451 qui
2378 3398 2405 3437 a
2441 3384 2597 3439 nobis
2629 3386 2915 3453 adoratur,
2940 3395 3050 3441 tota
3074 3387 3183 3443 vita
3216 3392 3621 3448 communionis

2024 3486 2217 3529 exsors
2247 3482 2387 3529 εειο.

2511 3567 2581 3622 55
2620 3568 2816 3625 habin
2845 3571 2899 3624 in
2936 3570 3145 3628 Trulla.

2097 3658 2201 3725 Qui
2245 3669 2476 3715 matrem
2509 3660 2649 3732 ejus,
2676 3676 2839 3732 quem
2876 3663 2946 3717 de
2981 3678 3140 3719 sacro
3169 3664 3498 3737 baptismate
3530 3683 3622 3723 su-

2027 3754 2198 3817 stulit,
2225 3752 2446 3809 viduam
2478 3756 2673 3811 factam
2702 3758 2905 3812 ducere
2931 3757 3097 3812 fuerit
3122 3774 3310 3823 ausus,
3337 3761 3621 3819 matrimo-

2028 3846 2118 3900 nio
2143 3846 2344 3913 soluto,
2374 3847 2694 3905 scortatoris
2725 3866 2901 3920 pmnae
2936 3852 3245 3922 subjicitor.
3274 3852 3448 3926 Major
3475 3858 3619 3912 enim

2028 3947 2111 3995 est
2141 3939 2447 4009 spiritualis
2472 3943 2827 3999 necessitudo
2857 3957 2921 3999 ea
2951 3944 3360 4017 conjunctione,
3389 3963 3511 4019 quae
3536 3959 3624 4006 est

2027 4033 2327 4091 secundum
2358 4050 2604 4092 carnem.

2527 4129 2596 4184 54
2628 4131 2825 4186 habita:
2849 4132 2903 4187 iu
2928 4130 3135 4188 Trulla.

2105 4220 2377 4278 Sobrinus
2412 4223 2652 4278 sobrinze
2675 4239 2774 4294 per
2805 4228 3218 4283 matrimonium
3251 4245 3317 4283 ne
3338 4228 3620 4300 jungitur;

2030 4332 2206 4387 neque
2246 4327 2400 4386 pater
2432 4328 2486 4373 et
2537 4318 2683 4374 ﬁlius
2711 4321 2872 4375 matri
2906 4330 3073 4391 atque
3105 4322 3250 4389 tiliae,
3291 4323 3375 4377 vel
3410 4324 3623 4377 duabus

338 4411 601 4479 ἀδελφαῖς
644 4427 659 4443 ο
693 4411 827 4482 μηδὲ
850 4411 944 4465 δύο
977 4412 1199 4480 ἀδελφοὶ
1231 4412 1442 4483 μητέρα
1477 4414 1574 4465 καὶ
1623 4410 1920 4482 θυγατέρα,

2034 4408 2348 4474 sororibus;
2387 4424 2566 4478 neque
2598 4411 2705 4465 duo
2735 4410 2938 4467 fratres
2969 4424 3199 4469 matrem
3233 4425 3285 4470 et
3316 4414 3506 4479 tiliam,
3539 4417 3621 4469 vel

338 4503 377 4571 ἢ
400 4502 492 4555 δύο
529 4503 762 4571 ἀδελφὰς
819 4502 1275 4572 λαμῦανέτωσαν.
1338 4503 1402 4555 υἱ
1456 4502 1513 4555 δὲ
1543 4503 1698 4570 παρὰ
1724 4502 1923 4567 ταῦτα,

340 4593 634 4646 ἑπταετίαν
656 4594 1141 4660 ὑποπιπτέτωσαν,
1172 4592 1274 4661 τῆς
1304 4592 1571 4661 συζυγίας
1606 4592 1889 4664 λυθείσης.

664 4683 726 4737 '0
749 4682 1163 4752 ἑνενηκοστὸς
1190 4682 1364 4749 ἕκτος
1389 4681 1602 4752 αὐτῆς.

429 4777 489 4830 Ὀ
536 4795 635 4846 την
683 4778 855 4849 ἑτέρῳ
889 4776 1329 4847 μνηστευθεῖσαν
1380 4776 1543 4841 ζῶντι
1574 4776 1759 4831 λαϐὼν
1818 4795 1928 4849 μοι-

338 4871 483 4942 χᾶτα
493 4888 529 4923 ι.

761 4964 824 5016 '0
854 4968 937 5016 κε’
966 4960 1075 5030 τῆς
1106 4962 1178 5015 ἐν
1212 4960 1496 5031 Ἀγκύρῃ.

422 5056 486 5109 Εἴ
518 5072 602 5119 τις
663 5056 801 5129 κόρῃ
836 5054 1346 5126 μνηστευσάμενος,
1406 5059 1475 5125 τῇ
1508 5054 1714 5125 ἀδελφῇ
1757 5054 1925 5124 αὐτῆς

338 5148 679 5219 συγγένηται
742 5147 1033 5218 πρότερον,
1087 5146 1186 5198 καὶ
1237 5144 1445 5215 ταύτην
1475 5145 1925 5216 ἑπιφορέσειβ),

338 5238 465 5292 εἶτα
487 5239 586 5309 τὴν
623 5239 868 5310 μνηστὴν
893 5237 1160 5308 γαμήσει,
1197 5236 1295 5288 καὶ
1328 5238 1360 5306 ἡ
1405 5237 1678 5307 φθαρεῖσα
1721 5236 1930 5309 ἀγχόνῃ

337 5336 635 5402 χρήσαιτο,
662 5333 710 5385 oi
739 5330 1041 5395 συνειδότες
1062 5331 1150 5385 διὰ
1177 5329 1469 5393 δεκαετίας
1496 5329 1927 5399 τυγχανέτωσαν

335 5426 439 5478 τοῦ
462 5424 695 5479 τελείου.

745 5516 808 5571 '0
837 5517 919 5572 οδ*
948 5513 1055 5589 τῆς
1079 5518 1149 5571 ἐν
1177 5520 1528 5586 Καισαρείᾳ.

432 5612 491 5667 '0
519 5613 780 5680 γυναικὸς
833 5611 1203 5682 ἐπιθυμήσας,
1250 5614 1346 5666 καὶ
1403 5613 1484 5675 είς
1515 5610 1678 5681 ἔργον
1710 5610 1788 5682 μὴ
1821 5628 1930 5681 χω-

342 5709 540 5778 ρήσας,
566 5707 755 5761 θεόθεν
786 5706 1052 5778 ἐτηρήθη.

419 5856 495 5923 (1)
527 5854 845 5919 Τουτέστιν,
882 5853 1077 5921 ἔγκυον
1116 5854 1353 5923 ποιήσει.

666 5949 938 6008 PATnoL.
981 5950 1096 6009 Gn.
1138 5951 1265 6010 CL.

2032 4503 2169 4557 duas
2203 4516 2426 4557 sorores
2463 4502 2759 4570 accipiant.
2798 4502 2901 4569 Qui
2940 4504 3103 4559 aliter
3132 4506 3366 4574 egerint,
3398 4513 3626 4576 septen-

2034 4592 2124 4647 nio
2152 4593 2539 4663 procumbant,
2573 4593 2752 4649 soluto
2783 4594 3159 4650 matrimonio.

2651 4685 2720 4741 96
2758 4687 3017 4755 ejusdem.

2104 4775 2205 4845 Qui
2245 4776 2402 4833 alteri
2432 4776 2557 4834 vivo
2586 4780 2909 4849 desponsam
2954 4780 3252 4849 acceperit,
3294 4780 3625 4839 adulterium

2031 4871 2348 4926 committit.

2600 4964 2675 5019 25
2721 4964 3040 5036 Ancyranaz.

2105 5056 2163 5113 Si
2195 5057 2318 5127 quis
2369 5040 2546 5128 puella
2600 5058 2705 5113 sibi
2739 5059 3091 5128 desponsata,
3128 5074 3251 5115 cum
3279 5060 3400 5132 ejus
3433 5074 3627 5118 sorore
3686 5121 3695 5127 ,

2033 5150 2183 5219 prius
2228 5167 2338 5206 rem
2375 5150 2653 5215 habuerit,
2679 5164 2908 5220 eamque
2957 5151 3236 5218 gravidam
3277 5153 3493 5219 fecerit,
3524 5152 3624 5208 de-

2032 5245 2159 5299 inde
2188 5258 2445 5314 sponsam
2483 5242 2703 5298 duxerit
2736 5257 2984 5308 uxorem,
3010 5254 3067 5297 et
3105 5243 3195 5298 illa
3226 5244 3393 5301 altera
3426 5244 3622 5299 vitiata

2032 5335 2230 5405 laqueo
2254 5335 2419 5389 vitam
2466 5333 2690 5400 (inierit,
2717 5334 2841 5405 ejus
2878 5334 3006 5391 facti
3038 5335 3270 5405 conscii,
3309 5342 3503 5395 exacto
3531 5336 3627 5395 de-

2032 5428 2249 5496 ccnnio,
2283 5427 2671 5483 restituuntor.

2594 5520 2664 5577 74
2699 5520 3071 5579 Cwsariensis.

2104 5614 2207 5681 Qui
2256 5612 2543 5670 mulierem
2588 5616 2876 5686 appetivit.
2919 5624 2975 5671 et
3006 5615 3073 5670 ad
3105 5612 3310 5670 factum
3344 5628 3450 5670 non
3490 5629 3627 5688 pro-

2034 5705 2222 5775 cessit,
2250 5705 2525 5764 divinitus
2540 5714 2793 5763 servatus
2827 5715 2934 5761 est.
