4096 6484
511 457 609 525 151
1689 465 1956 538 CONST.
1998 477 2128 538 ΗΑΙ

2154 479 2574 547 LMENOPULI
3674 496 3771 560 152

508 594 634 634 eum
686 595 911 654 propter
959 599 1183 640 munera
1239 591 1595 657 recurrerint,
1680 594 1944 651 decennio
1981 610 2104 652 suc-

2156 603 2173 665 ι
2207 603 2298 656 ἐπὶ
2329 605 2536 676 ταύτην
2558 607 2987 679 ἀναδραμόντες,
3011 608 3299 664 δεκαετίαν
3325 609 3773 667 ὗποπιπτέτωσαν

509 669 788 740 cumbam,
823 687 949 729 cum
1005 675 1233 730 triennia
1285 679 1583 735 auditionis
1619 685 1815 751 spatio.
1877 684 1934 738 In
1981 700 2097 741 om-

2202 699 2340 767 μετά
2374 669 2622 770 τριετοῦς
2671 669 2992 771 ἀκροάσεως
3049 703 3270 775 χρόνον.
3318 704 3465 776 Πλὴν
3495 705 3584 774 ἐφ’
3610 706 3772 762 ἅπασι

508 761 667 819 uibus
719 773 899 820 tamen
957 769 1290 836 poenitentia
1325 772 1538 840 species
1586 777 1951 831 examinanda
1985 787 2093 844 est,

2198 761 2258 842 τὸ
2280 790 2378 860 τῆς
2409 761 2709 860 μετανοίας
2738 761 2880 858 εἶδος
2911 761 3251 863 ἐξεταστέον,
3279 796 3376 849 καὶ
3515 761 3775 867 θέρμοτέ-

505 864 564 910 et
631 857 686 912 in
741 872 864 912 eum
931 861 1025 930 qui
1093 862 1382 919 ardentius
1454 866 1835 934 paenitentiam
1893 871 2088 942 egerit,

2201 857 2762 954 ρως-μετανοήσαντι
2819 857 3338 958 φιλανθρωπότερον
3388 887 3416 940 δ
3455 857 3776 952 ἐπισαόπος

506 949 794 1023 episcopus
840 965 901 1006 se
954 951 1336 1012 humaniorem
1369 971 1554 1028 gerat.

899 977 901 1000 ς
954 951 1336 1012 humaniorem
1369 971 1554 1028 gerat.
2195 949 2516 1031 διακείσθω.

1089 1071 1173 1135 ,ιιι
1221 1073 1487 1142 ejusdem.
2097 1061 2104 1072 '

2097 1061 2104 1072 “
2761 1087 2825 1142 '0
2853 1085 2926 1142 ιδ’
2975 1090 3225 1158 ταύτης.

577 1161 634 1216 Si
681 1163 1122 1220 catechumenus
1194 1166 1379 1235 lapsus
1419 1167 1608 1233 fuerit,
1665 1169 1960 1224 triennium
2010 1172 2094 1225 in-

2268 1179 2694 1251 Κατηχούμενος
2721 1181 2767 1234 εί
2791 1181 3128 1249 παραπέσοι,
3159 1182 3409 1254 τριετίαν
3441 1183 3736 1254 ἀκροάσθω
3756 1200 3773 1216 ·
3817 1187 3821 1193 ’

507 1264 588 1308 ter
641 1254 932 1312 audientes
969 1256 1060 1322 sit,
1117 1266 1284 1325 atque
1333 1259 1406 1316 ita
1471 1275 1595 1316 cum
1681 1263 2092 1318 eatecbumenis

1973 1263 2092 1318 onis
2195 1271 2293 1324 καὶ
2328 1270 2503 1336 οὕτως
2547 1273 2690 1342 μετὰ
2717 1273 2830 1328 τῶν
2861 1275 3298 1345 κατηχουμένων
3323 1275 3590 1347 εὐχέσθω.

507 1353 777 1414 precetur.

1070 1461 1103 1517 ὅ
1187 1464 1507 1532 Ancyranw.
2634 1470 2687 1524 Ὅ

2634 1470 2698 1524 '0
2727 1476 2776 1540 τ’
2830 1471 2941 1540 τῆς
2965 1471 3037 1526 ἐν
3073 1472 3353 1543 ’Δγκύρᾳ.

573 1549 676 1614 Ουί
742 1549 790 1604 vi
842 1558 897 1605 et
957 1555 1245 1607 tormentis
1321 1554 1604 1619 adhibitis,
1696 1557 1782 1612 vel
1836 1556 2090 1612 manibus

2275 1559 2336 1613 '0
2391 1559 2481 1631 βίᾳ
2523 1561 2620 1614 καὶ
2665 1561 2924 1630 βασάνοις
2971 1563 3003 1633 ἢ
3052 1563 3202 1638 θῦμα
3236 1565 3295 1618 ὲν
3332 1566 3454 1628 ταῖς
3503 1566 3776 1637 χερσὶν,ἢ

501 1639 824 1705 victimam”
864 1641 944 1696 vel
1006 1657 1102 1698 ore
1151 1642 1330 1702 cibum
1391 1645 1686 1713 exceperit,
1752 1661 1782 1701 a
1841 1662 2089 1702 commu-

2197 1650 2398 1722 βρῶμα
2429 1651 2728 1724 δεξάμενος
2755 1656 2813 1706 ὲν
2844 1647 2922 1724 τῷ
2955 1656 3209 1724 στόματι,
3240 1657 3341 1727 τῆς
3379 1659 3674 1722 κοινωνίας
3707 1658 3779 1730 μὴ

503 1732 664 1786 uione
705 1747 813 1787 non
856 1743 1096 1796 arcetor,
1146 1734 1302 1801 Quod
1367 1735 1412 1790 si
1488 1737 1662 1792 laicus
1739 1739 1835 1804 sit.
1907 1743 2074 1800 etiam

2193 1745 2513 1801 κωλυέσθω.
2564 1745 2678 1802 Καὶ
2718 1749 2767 1800 εἰ
2815 1748 3005 1812 λαῖκὸς
3047 1749 3106 1801 δὲ
3152 1749 3264 1820 είη,
3317 1750 3413 1804 καὶ
3440 1753 3777 1823 χειροτονίας

465 1825 900 1878 ~‘nrdinatiouem
959 1829 1340 1898 consequitor,
1413 1831 1708 1902 caeteroqui
1771 1833 2082 1902 [reprehen-

1648 1831 1708 1900 ηιιί
1771 1833 2087 1902 [reprelien-
2189 1839 2532 1909 τυγχανέτω,
2559 1839 2736 1902 ἄλλως
2765 1839 3139 1911 ἀνεπίληπτος
3169 1840 3265 1897 ὧν.

501 1932 674 1972 stonts
721 1932 938 1988 expers.
2121 1945 2164 2001 Β

1129 2033 1164 2089 4
1190 2034 1454 2104 ejusdem.

2772 2040 2836 2091 '0
2869 2036 2916 2091 δ’
2977 2039 3222 2109 ταύτης.

573 2122 678 2191 Qui
732 2124 803 2180 ob
847 2126 957 2181 vim
1018 2126 1321 2182 adhibitam
1375 2129 1730 2197 sacriﬁcavit,
1800 2139 1855 2187 et
1903 2143 2090 2187 coena-

2281 2129 2345 2185 ⁹0
2376 2129 2470 2202 βίᾳ
2495 2129 2666 2195 θύσας
2695 2131 2790 2184 καὶ
2823 2130 3120 2201 δειπνήσας
3152 2134 3213 2185 έν
3248 2133 3363 2195 τοῖς
3389 2130 3710 2196 είδωλείοις,
3733 2131 3780 2184 εί

500 2217 578 2269 vit
621 2217 673 2270 in
710 2219 1051 2273 deastrorum
1119 2221 1358 2290 templis,
1433 2222 1481 2276 si
1535 2223 1754 2291 quidem
1791 2237 1916 2278 cum
1977 2223 2077 2276 ab-

2200 2224 2301 2294 μὲν
2361 2225 2734 2292 ἀπαγόμενος,
2785 2223 2882 2276 καὶ
2951 2223 3197 2294 σχήματι
3256 2222 3621 2295 φαιδροτέρῳ,
3689 2221 3780 2276 καὶ

502 2314 815 2377 duceretur,
872 2321 929 2368 et
985 2313 1171 2370 habitu
1217 2315 1423 2370 laetiore
1459 2324 1514 2370 et
1583 2315 1954 2385 splendidiore
2000 2329 2092 2370 ve-

2195 2315 2388 2383 έσθῆτι
2427 2313 2787 2384 λαμπροτέρα
2819 2313 3039 2382 ἐχρῆτο,
3075 2311 3172 2365 καὶ
3214 2311 3526 2381 ἀδιαφόρως
3553 2309 3652 2364 τοῦ
3678 2310 3784 2365 δεί-

499 2404 630 2458 situ
679 2405 956 2473 utebatur,
993 2415 1158 2477 atque
1202 2407 1577 2465 indiﬂ'erenter
1613 2423 1782 2464 creua
1819 2409 2092 2478 particeps

2197 2424 2333 2461 πνου
2367 2407 2620 2479 μετέσχε,
2662 2405 2731 2484 διῗ
2777 2403 3028 2470 έξαετίας
3071 2401 3168 2457 τοῦ
3196 2403 3407 2458 τελείου
3434 2401 3780 2473 τυγχανέτω.

502 2490 686 2560 ﬂebat,
735 2493 994 2548 sexennio
1049 2495 1380 2550 restituitor.

1113 2609 1147 2664 5
1185 2610 1445 2680 ejusdem.

2781 2604 2846 2658 '0
2879 2603 2923 2657 ε’
2959 2603 3205 2670 ταύτης.

571 2700 665 2755 Sin
723 2701 903 2755 omnia
952 2703 1260 2768 contraria,
1321 2702 1590 2771 siquidem
1645 2699 2083 2768 manducaverit,

2268 2697 2331 2754 El
2363 2699 2421 2754 δὲ
2451 2699 2562 2753 πᾶν
2596 2697 2927 2758 τούναντίον,
2976 2696 3168 2766 φαγὼν
3226 2695 3349 2766 μὲν,
3377 2692 3466 2749 διὰ
3493 2694 3743 2765 τριετίας
3765 2709 3781 2727 ·

504 2793 779 2861 triennio;
815 2794 859 2850 si
897 2809 1004 2850 non
1043 2795 1476 2861 manducaverit,
1521 2793 1764 2849 biennio.

1374 2798 1476 2861 :rit,
1521 2793 1764 2849 biennio.
2201 2794 2278 2866 μὴ
2318 2793 2511 2865 φαγὼν
2537 2793 2616 2860 δὲ,
2647 2792 2736 2846 διὰ
2769 2791 2991 2853 διετίας.

1129 2905 1162 2959 ϐ
1203 2905 1462 2975 ejusdem.

2775 2904 2838 2957 '0
2871 2903 2926 2969 ς’
2963 2905 3205 2970 ταύτης.

575 2995 677 3061 Qui
725 2995 1134 3052 comminationi
1198 2997 1466 3051 duntaxat
1512 2997 1702 3061 cessit,
1773 3010 1837 3052 ac
1897 2995 2092 3052 deinde

2284 3002 2342 3054 '0
2373 3000 2574 3071 ἀπειλῇ
2605 3001 2766 3074 μόνον
2794 3000 2967 3065 εἴξας,
2996 2996 3114 3051 sicut
3143 2997 3511 3069 μετανοήσας,
3537 2995 3633 3052 διὰ
3656 3014 3783 3054 πεν-

504 3087 786 3156 pmnituit,
851 3087 1226 3158 quinquennio
1272 3089 1598 3143 restituitor.

1526 3104 1598 3143 δι’.
2198 3097 2419 3160 ταετίας
2448 3095 2541 3147 τοῦ
2570 3094 2781 3148 τελείου
2805 3090 3143 3163 τυγχανέτω.

1125 3202 1157 3258 7
1195 3201 1460 3273 ejusdem.

2775 3205 2841 3258 '0
2875 3204 2919 3264 ζ’
2969 3209 3214 3272 ταύτης.

577 3295 679 3367 Qui
729 3308 851 3349 cum
887 3292 1113 3365 paganis
1163 3294 1218 3348 in
1268 3293 1425 3350 festis
1469 3309 1682 3355 eorum.
1726 3305 1780 3352 et
1832 3295 1947 3352 suis
1973 3296 2087 3363 qui-
2118 3299 2168 3364 ο

2166 3355 2168 3360 _
2282 3301 2340 3354 '0
2371 3302 2484 3363 τοῖς
2513 3299 2751 3362 ὲθνικοῖς
2783 3299 2842 3350 ὲν
2867 3299 2992 3360 ταῖς
3023 3298 3239 3366 ἑορταῖς
3274 3294 3479 3362 αὐτῶν,
3512 3294 3614 3349 καὶ
3642 3293 3783 3365 μετὰ

509 3389 630 3442 dem
710 3402 838 3442 cum
896 3387 1035 3442 cibis
1087 3384 1342 3442 convivia
1413 3387 1622 3454 habuit,
1685 3387 1905 3443 biennio
1967 3401 2095 3442 suc-

2201 3393 2348 3448 ίδίων
2389 3393 2698 3465 βρωμάτων
2733 3390 3135 3455 συνεστιαθεὶς,
3163 3389 3373 3445 διετίαν
3397 3389 3781 3445 ὑποπιπτέτω.

511 3480 753 3532 cumbat.

1131 3591 1164 3646 8
1205 3593 1462 3663 ejusdem.
2623 3636 2626 3641 ι

2623 3636 2626 3641 ι
2777 3594 2840 3648 '0
2867 3600 2922 3662 η’
2974 3594 3220 3662 ταύτης.

578 3685 679 3752 Qui
722 3684 807 3740 bis
842 3694 897 3740 et
919 3693 1002 3741 ter
1032 3698 1096 3739 ex
1141 3684 1418 3740 coactione
1443 3683 1790 3752 sacriﬁcavit,
1819 3684 2098 3754 septennia

2282 3689 2341 3742 Ὀ
2367 3687 2448 3751 δὶς
2473 3687 2571 3743 καὶ
2599 3689 2722 3758 τρὶς
2765 3687 2834 3740 δι’
2872 3686 3122 3757 ἀνάγκην
3145 3686 3316 3750 θύσας
3363 3685 3453 3744 διὰ
3484 3683 3785 3748 ἑπταετίας

507 3775 831 3831 restituitur.

2197 3780 2293 3835 τοῦ
2323 3779 2530 3835 τελείου
2556 3779 2896 3850 τυγχανέτω.

1131 3887 1164 3941 9
1229 3889 1485 3956 ejusdem.

2773 3893 2837 3948 '0
2881 3892 2930 3951 θ’
2968 3894 3213 3961 ταύτης.

585 3983 686 4049 Qui
730 3997 836 4039 non
907 3980 1068 4036 modo
1137 3979 1359 4046 defecit,
1433 3995 1619 4034 verum
1693 3981 1856 4036 etiam
1922 3982 2100 4052 coegit

2282 3989 2343 4042 Ὀ
2380 3987 2458 4059 μὴ
2525 3985 2689 4058 μόνον
2750 3986 3023 4052 ἀποστὰς,
3079 3985 3217 4040 ἀλλὰ
3249 3985 3349 4040 καὶ
3378 3984 3574 4048 ἄλλους
3607 4000 3785 4038 κατα-

508 4079 666 4142 alios,
704 4072 968 4129 decennio
1028 4072 1354 4127 reetituitor.

2199 4079 2504 4150 ναγκάσας,
2556 4078 2646 4133 διὰ
2701 4077 2989 4142 δεκαετίας
3022 4077 3341 4148 τυγχανέτω
3394 4076 3489 4134 τοῦ
3549 4077 3782 4135 τελείου.

979 4189 1003 4242 1
1067 4187 1213 4242 Petri
1263 4186 1639 4244 Alexandrini.
2523 4194 2590 4246 ὀ

2523 4194 2590 4246 '0
2615 4198 2668 4246 a'
2699 4192 2926 4260 Πέτρου
2980 4193 3453 4261 Ἀλεξανδρείας.

588 4285 691 4351 Qui
778 4292 902 4352 post
968 4281 1167 4337 multos
1238 4282 1517 4336 cruciatus
1597 4281 1883 4336 tormentis
1947 4278 2098 4347 victi,

2277 4286 2342 4339 Οί
2378 4285 2518 4357 μετά
2547 4284 2752 4347 πολλὰς
2789 4283 2976 4347 αἰκίας
3002 4285 3112 4337 τῶν
3147 4286 3398 4356 βασάνων
3428 4285 3785 4354 ἡττηθέντες.

511 4379 792 4435 Christum
839 4377 1175 4445 negaverint.
1222 4390 1287 4430 ac
1339 4375 1534 4429 deinde
1608 4382 1809 4426 mutata
1884 4384 2104 4428 senten-

2202 4376 2419 4432 καὶτὸν
2454 4374 2696 4447 Χριστὸν
2743 4375 3146 4445 ἀρνησάμενοι,
3192 4375 3389 4429 ἔπειτα
3421 4376 3788 4445 μεταγνόντες

517 4475 590 4528 tia
653 4471 911 4536 luxerint,
963 4485 1087 4525 cum
1129 4470 1241 4538 jam
1299 4475 1536 4537 quatuor
1557 4481 1731 4521 annos
1772 4466 2102 4534 persecutio-

2203 4469 2298 4523 καὶ
2317 4467 2668 4530 πενθοῦντες,
2685 4466 2972 4538 τεσσάρων
2999 4466 3138 4519 ἐτῶν
3170 4467 3271 4537 ἤδη
3300 4467 3376 4537 τῷ
3393 4465 3616 4536 διωγμῷ
3645 4485 3793 4538 παρ-

517 4565 602 4618 nis
677 4561 1060 4632 praeterierint,
1124 4563 1290 4614 etiam
1364 4558 1501 4612 alios
1554 4558 1623 4612 40
1688 4557 1804 4611 dies
1865 4557 2102 4627 puniun.

2061 4574 2102 4611 ιο
2203 4559 2492 4626 ελθόντων,
2518 4559 2613 4610 καὶ
2644 4556 2812 4618 ἄλλας
2869 4554 3089 4626 ἡμέρας
3119 4553 3571 4625 ὲπιτιμάσθωσαν
3601 4558 3678 4623 μ’.

517 4667 621 4710 Ιι)Γ.
2128 4652 2134 4703 λ

2128 4649 2177 4705 D
2543 4709 2560 4726 ο

1116 4744 1152 4798 2
1214 4740 1469 4816 ejusdem.

2795 4738 2860 4792 '0
2875 4735 2936 4801 β’
2958 4736 3194 4790 τούτου.

621 4862 722 4927 Qui
797 4875 929 4915 vero
980 4858 1117 4928 lapsi
1196 4865 1344 4920 sunt,
1398 4865 1753 4924 posteaquam
1836 4854 2100 4908 duntaxat

2287 4858 2352 4910 Οἱ
2378 4857 2434 4911 δὲ
2462 4856 2601 4926 μετὰ
2621 4856 2681 4908 τὸ
2711 4853 3114 4922 φυλακισθῆναι
3151 4851 3312 4921 μόνον
3347 4848 3785 4922 παραπεσόντες,

521 4955 788 5010 carcerati
835 4953 1102 5014 fuissent,
1180 4948 1352 5002 altero
1417 4947 1584 5002 etiam
1664 4960 1808 5001 anno
1864 4947 2098 5017 puniun-

1668 4960 1808 5001 anno
1864 4947 2098 5017 puuiun-
2200 4950 2294 5003 καὶ
2321 4949 2408 5002 ἓτε
2421 4966 2510 5018 ρον
2536 4947 2782 5001 ἐνιαυτὸν
2810 4944 3285 5014 έπιτιμάσθωσαν.

523 5060 629 5102 ῑοΓ.

1156 5133 1190 5186 3
1223 5131 1478 5201 ejusdem.

2777 5125 2841 5178 '0
2879 5130 2931 5194 γ’
2975 5123 3214 5180 τούτου.

485 5233 492 5252 ³
591 5249 713 5316 Qui!
753 5261 884 5304 vero
927 5244 994 5299 ad
1038 5243 1318 5305 interitum
1370 5245 1572 5314 alisque
1614 5241 1958 5297 necessitate
1997 5253 2096 5298 sua

2276 5242 2340 5294 Οί
2371 5241 2426 5295 δὲ
2457 5241 2595 5314 πρὸς
2624 5242 2721 5312 τὴν
2750 5239 3032 5294 ἀπώλειαν
3065 5240 3236 5310 χωρὶς
3266 5238 3514 5307 ἀνάγκης
3545 5235 3785 5305 αὐτομο-

526 5353 720 5412 sponte
786 5337 1147 5408 perrexerint.
1207 5351 1271 5391 ac
1337 5337 1530 5394 deinde
1597 5335 1973 5407 penitueriut,
2033 5333 2099 5388 ad

1936 5343 1973 5402 ι,
2033 5333 2099 5388 ad
2204 5332 2494 5406 λήσαντες,
2523 5332 2643 5394 εἶτα
2679 5333 3141 5403 μετανοήσαντες,
3167 5331 3259 5384 ἐπὶ
3288 5330 3553 5402 τριετίαν.

523 5433 844 5498 triennium.

1160 5524 1193 5585 4
1220 5521 1472 5592 ejusdem.

2785 5516 2847 5572 '0
2887 5517 2936 5570 δ’
2977 5517 3214 5572 τούτου.

599 5637 701 5702 Qui
738 5651 864 5691 vero
915 5642 1205 5706 postquam
1260 5636 1395 5705 lapsi
1459 5644 1607 5701 sunt,
1670 5649 1776 5689 non
1835 5632 2102 5702 pmuitue-

2071 5651 2102 5682 :-
2273 5634 2337 5686 Οί
2375 5634 2430 5687 δὲ
2470 5635 2607 5701 μετὰ
2640 5633 2700 5684 τὸ
2738 5633 2924 5686 πεσεῖν
2954 5629 3336 5700 ἁμετανόητοι,
3365 5627 3688 5699 ἀπόϐλητοι.

529 5731 661 5796 rint,
707 5729 1006 5798 rejiciendi.

1131 5842 1189 5900 5.
1217 5844 1469 5910 ejusdem.

2797 5835 2863 5888 '0
2892 5832 2934 5888 ε’
2961 5834 3195 5888 τούτου.

603 5954 704 6026 Qui
767 5956 1251 6016 dissimulationem
1303 5953 1672 6018 adhibuerim,
1724 5961 1778 6038 et
1828 5952 2103 6038 irriserint

2277 5955 2338 6006 Οί
2376 5952 2432 6006 δὲ
2471 5951 2898 6024 ὑποκρινάμενοι
2937 5947 3031 6004 καὶ
3065 5945 3455 6011 διαπαίξαντες
3483 5943 3606 6007 τοὺς
3659 5939 3782 6013 βιά-
