4096 6508
410 483 518 552 153

1635 489 2001 580 EPITQME.
2037 489 2437 589 CANpNUM.

3553 481 3661 547 154

417 618 631 667 σαντες.
663 602 759 658 καὶ
818 601 981 659 θῦσαι
1014 602 1395 674 διαφυγόντες,
1424 601 1701 676 ἑξάμηνον
1730 605 1988 677 ἐπιτιμᾶ-

2093 623 2207 676 eos,
2271 625 2300 663 a
2348 604 2547 678 quibus
2592 602 2944 675 cogebantur,
3011 609 3175 672 atque
3237 599 3336 667 ita,
3372 600 3667 669 quominus

426 696 645 752 οθωσαν.

991 870 1049 925 '0
1085 868 1141 936 ς’
1189 870 1432 927 τούτου.

494 963 553 1016 Oi
572 961 629 1015 δὲ
655 960 877 1024 δούλους
905 961 1023 1016 ἀνθ’
1046 962 1227 1016 αὐτῶν
1250 960 1415 1016 θῦσαι
1435 961 1985 1031 καταναγκάσαντες,

425 1052 578 1108 αὐτοὶ
610 1053 710 1124 μὲν
737 1051 1008 1125 τριετίαν.

748 1144 751 1147 ’
988 1142 1055 1198 ’0
1091 1141 1140 1206 ζ’
1176 1146 1417 1200 τούτου.

492 1235 557 1288 Oi
589 1236 647 1289 δὲ
675 1236 1223 1307 καταναγκασθέντες
1257 1236 1458 1302 δοῦλοι,
1484 1237 1753 1293 ἐνιαυτόν.

991 1328 1046 1382 '0
1076 1335 1131 1400 η’
1177 1332 1414 1385 τούτου.

490 1424 554 1476 Οί
587 1421 1010 1492 παραδοθέντες,
1036 1423 1131 1476 καὶ
1161 1422 1229 1477 δι’
1259 1423 1507 1495 ἀνάγκην
1541 1424 1642 1495 μὲν
1674 1424 1993 1497 ἀρνησάμε-

419 1531 524 1576 νοι,
556 1511 673 1567 εἶτα
725 1514 824 1584 τὴν
873 1508 1046 1585 ἧτταν
1073 1513 1573 1587 ἀνακαλεσάμενοι,
1601 1517 1695 1569 καὶ
1726 1516 1991 1585 γενναίως

418 1607 839 1676 ἀγωνισάμενοι,
890 1607 950 1660 ὲν
1010 1605 1188 1661 ἅπασι
1231 1606 1373 1677 μετὰ
1411 1609 1589 1679 χαρᾶς
1623 1607 1987 1663 κοινωνείτω·

421 1713 523 1752 σαν
530 1737 548 1754 ο

991 1790 1057 1846 ’0
1088 1789 1137 1846 θ’
1182 1792 1426 1849 τούτου.

502 1880 779 1945 Ὠσαύτως
838 1882 933 1938 καὶ
981 1885 1033 1937 oi
1066 1885 1145 1948 εἰς
1174 1887 1302 1950 τοὺς
1333 1886 1553 1955 ἀγῶνας
1580 1886 1991 1958 αὐτομολήσαν-

2086 700 2483 766 sacriﬁcarent,
2533 694 2854 769 eﬁngerint,
2904 687 3001 750 sex
3054 691 3330 750 mensibus
3380 694 3659 763 castigan-

2092 804 2197 851 tor.

2697 881 2731 937 6
2786 880 3044 948 ejusdem.

2160 976 2262 1045 Qui
2314 990 2503 1032 servos
2557 988 2656 1046 pro
2699 989 2760 1030 se
2822 973 3140 1028 sacriﬁcare
3193 969 3500 1039 coegerim,
3554 965 3656 1036 ipsi

2090 1071 2309 1140 quidem
2357 1067 2618 1123 triennio.

2708 1159 2741 1212 7
2772 1155 3031 1227 ejusdem.

2162 1252 2318 1308 Servi
2366 1267 2496 1308 vero
2553 1249 2755 1312 coacti.
2804 1264 2987 1303 annuo
3035 1240 3258 1315 spatio;

2702 1343 2737 1398 8
2795 1341 3052 1410 ejusdem.

2160 1438 2262 1505 Qui
2322 1436 2503 1491 traditi
2552 1443 2704 1498 sunt,
2753 1444 2807 1487 et
2867 1442 3089 1500 propter
3161 1426 3500 1483 coactioncm
3548 1423 3673 1496 qui-

2092 1534 2213 1589 dem
2261 1532 2633 1597 almcgarnut,
2686 1530 2896 1585 νει-ιιι]ιῖ
2944 1529 3130 1592 postea
3199 1521 3444 1574 cessione
3515 1532 3671 1573 revo-

2092 1633 2250 1685 cata.
2284 1620 2498 1675 fortiter
2535 1618 2908 1681 decertarunt.
2963 1616 3019 1668 in
3066 1611 3320 1668 omnibus
3371 1624 3493 1666 cum
3540 1624 3671 1681 gra-

2092 1713 2352 1770 tulatione
2371 1708 2793 1766 communicent.

2693 1799 2727 1856 9
2782 1797 3036 1866 ejusdem.

2173 1896 2443 1954 Similiter
2497 1902 2553 1950 et
2634 1891 2726 1963 qui
2782 1897 2976 1960 sponte
3027 1886 3096 1942 ad
3175 1884 3424 1941 obeunda
3489 1893 3642 1940 certa

420 1993 534 2039 τες.
580 1975 751 2046 ’Υπὲρ
797 1974 1021 2048 Χριστῷ
1044 1979 1173 2047 γὰρ,
1206 1980 1254 2032 εἰ
1304 1982 1399 2033 καὶ
1448 1980 1523 2051 μὴ
1568 1983 1709 2033 κατὰ
1758 1980 1993 2063 Χριστὸν

2098 1993 2244 2047 mina
2293 1990 2371 2064 (1)
2422 1986 2790 2060 perrexerint.
2841 1981 2976 2038 Nam
3028 1994 3129 2049 pro
3179 1978 3406 2033 Christo
3465 1977 3519 2033 id
3583 1975 3665 2031 l‘a—

421 2068 775 2137 πεποιήκασι,
797 2067 1019 2139 φεύγειν
1048 2070 1141 2124 καὶ
1168 2070 1533 2142 διωκομένους
1563 2071 1918 2129 κελεύσαντα.

1017 2253 1073 2307 Ὁ
1103 2251 1134 2308 ι’
1156 2255 1392 2309 τούτου.

496 2344 759 2415 Κληρικοὶ
810 2345 890 2411 δὲ,
915 2347 1385 2420 αὐτομολήσαντες
1439 2349 1519 2414 εἰς
1571 2348 1699 2411 τοὺς
1752 2348 1991 2416 ἀγῶνας,
2058 2382 2065 2387 -

426 2434 505 2505 μὴ
558 2435 1040 2505 λειτουργείτωσαν
1063 2476 1081 2503 ,
1126 2438 1210 2491 ὅτι
1264 2437 1326 2492 τὸ
1378 2440 1528 2509 σφῶν
1572 2437 1994 2493 καταλελοίπασι

420 2523 694 2595 ποίμνιον,
721 2525 750 2579 ὃ
773 2523 963 2596 μηδεὶς
988 2525 1098 2580 τῶν
1127 2527 1441 2583 ἀποστόλων
1474 2528 1797 2600 πεποίηκεν.

988 2708 1052 2767 '0
1081 2712 1156 2766 ια’
1186 2714 1423 2770 τούτου.

494 2802 621 2866 Τοῖς
681 2801 1020 2873 αὐθαιρέτως
1060 2803 1159 2872 μὲν
1203 2803 1296 2861 τὸν
1356 2802 1543 2871 ἀγῶνα
1587 2802 1991 2869 ύπεισελθοῦσι,

425 2896 514 2952 διὰ
550 2899 606 2950 δὲ
647 2896 845 2960 πολλὰς
889 2897 1072 2960 αἰκίας
1116 2899 1540 2967 ἀρνησαμένοις,
1565 2892 1684 2950 εἷτα
1731 2900 1997 2969 μετανοή-

424 3004 569 3054 σασι,
597 2987 688 3041 καὶ
722 2989 781 3042 τὸ
810 2989 1053 3058 πραχθὲν
1099 2989 1545 3058 ἀποδυρομένοις,
1588 2987 1737 3054 ἄξιον
1770 2988 1994 3043 ὲπινεῦο

428 3097 540 3144 σαι,
569 3083 665 3137 καὶ
711 3081 1066 3153 συνεύχεσθαί
1097 3099 1156 3135 τε
1201 3082 1342 3154 ὑπὲρ
1380 3082 1581 3150 αὐτῶν,
1612 3084 1707 3138 καὶ
1737 3078 1797 3137 τδ
1838 3081 1993 3137 Θείον

424 3172 681 3241 causam.

988 3265 1054 3321 '0
1084 3265 1428 3331 tﬂ‘rodzov.

496 3360 561 3418 οῖ
589 3361 844 3431 χρήματα
893 3362 1292 3433 παρασχόντες,
1320 3362 1407 3414 ῖνα
1443 3360 1713 3432 βασάνους
1742 3358 1996 3429 ἐκφύγω-

425 3470 532 3520 σιν,
563 3453 883 3526 ἀνέγκλητοι
909 3469 923 3486 ο
945 3454 1247 3525 χρημάτων
1276 3455 1481 3526 μᾶλλον
1511 3455 1543 3525 ἦ
1570 3452 1747 3525 ψυχῆς
1790 3452 1995 3524 ζημίαν

424 3545 692 3617 ἑλόμενοι.

987 3640 1055 3698 ’0
1083 3639 1154 3711 ιγ’
1192 3641 1432 3698 τούτου.

505 3730 779 3796 Ὡσαύτως
830 3733 925 3788 καὶ
971 3734 1022 3787 οἰ
1071 3736 1214 3804 φυγῇ
1249 3733 1347 3803 τὴν
1391 3732 1669 3804 σωτηρίαν
1721 3732 1995 3804 εὑρόντες,

420 3822 529 3883 κᾶν
561 3823 678 3883 ἀντ’
709 3825 886 3880 αὐτῶν
908 3827 1087 3898 ἕτεροι
1121 3825 1550 3897 κατεσχέθησαν.
1583 3810 1589 3815 ’

998 3918 1060 3972 '0
1082 3916 1153 3972 ιδ’
1194 3921 1438 3974 τούτου.

492 4013 557 4071 Οἱ
579 4012 718 4084 μετὰ
739 4011 941 4076 πολλὰς
957 4011 1161 4076 αἰκίας,
1190 4010 1284 4064 καὶ
1308 4008 1457 4080 θῦμα
1479 4011 1598 4074 ταῖς
1619 4009 1808 4081 χερσὶν
1833 4009 1999 4066 ἁκου-
2081 4065 2085 4069 ,

423 4105 553 4168 sim;
574 4104 875 4174 δεξάμενοι,
901 4106 968 4175 τῇ
992 4121 1053 4156 τε
1073 4101 1385 4175 λειτουργίᾳ
1408 4102 1744 4173 μενέτωσαν,
1773 4102 1998 4168 καὶτοῖς

422 4197 777 4267 ὀμολογηταῖς
809 4195 1305 4265 ὲγγραφέσθωσαν.

432 4290 499 4341 '0
527 4295 581 4341 α’
611 4287 717 4341 τοῦ
765 4288 937 4354 ἁγίου
994 4285 1331 4354 Γρηγορίου
1364 4284 1474 4340 τοῦ
1503 4284 1996 4359 Θαυματουργοῢ.

496 4381 559 4433 Οῖ
597 4380 657 4432 ὲν
685 4378 1037 4450 αἰχμαλωσίᾳ
1073 4378 1187 4433 τῶν
1226 4377 1522 4450 βαρϐάρων
1549 4378 1820 4449 φαγόντες
1851 4377 1997 4453 βρώ-

426 4489 592 4545 ματα,
627 4468 935 4527 ἅνεύθυνοι.

785 4550 795 4561 ’
999 4561 1054 4620 '0
1075 4557 1138 4632 β’
1169 4564 1411 4621 τούτου.

2092 2084 2268 2146 ciunt,
2331 2079 2544 2135 tametsi
2627 2093 2732 2133 non
2822 2075 3123 2130 secundum
3213 2070 3513 2135 Christum,
3574 2068 3669 2140 qui

2091 2175 2528 2247 persecutionem
2584 2171 2851 2239 patientes
2902 2166 3090 2235 fugere
3132 2162 3324 2233 jussit.

2691 2258 2759 2312 10
2818 2256 3075 2325 eiusdem.

2163 2354 2358 2412 Clerici
2419 2368 2573 2415 vero,
2624 2351 2717 2422 qui
2780 2358 2980 2419 sponte
3035 2345 3099 2399 ad
3158 2342 3413 2399 obeunda
3487 2348 3667 2396 certa-

2096 2448 2242 2503 mina
2296 2459 2358 2502 se
2394 2441 2749 2505 contulerint,
2800 2438 3171 2493 ministerium
3232 2446 3452 2490 sacrum
3542 2445 3671 2502 per-

2093 2547 2276 2610 agant,
2342 2533 2782 2608 quandoquidem
2873 2530 3014 2586 ovile
3072 2542 3232 2584 suum
3305 2525 3670 2595 reliquerunt,

2094 2631 2239 2702 quod
2290 2626 2668 2700 apostolorum
2719 2637 2886 2678 nemo
2937 2621 3087 2676 fecit.

2692 2716 2754 2771 il
2790 2713 3051 2784 ejusdem.

2165 2818 2237 2874 lis
2284 2814 2379 2886 qui
2453 2822 2652 2884 sponte
2721 2809 2946 2879 quidem
3027 2813 3305 2862 certamen
3381 2798 3667 2861 obierunt,

2094 2926 2281 2968 verum
2330 2915 2555 2979 propter
2611 2905 2793 2960 varios
2822 2901 3107 2957 cruciatus
3158 2898 3536 2965 abnegarnm,
3600 2905 3668 2946 ac

2095 3003 2290 3059 deinde
2352 3013 2573 3055 rursum
2634 2996 3043 3067 poenitncruut.
3123 2989 3434 3056 factumque
3509 2996 3670 3038 suum

2099 3095 2477 3167 deplorarunt,
2544 3103 2759 3158 acquum
2829 3092 3247 3141 est’annuere.
3287 3095 3353 3134 ac
3424 3091 3524 3147 pro
3588 3073 3672 3131 eis

2097 3196 2208 3244 tum
2235 3199 2425 3257 preces
2458 3182 2703 3243 fundere,
2737 3187 2850 3233 tum
2887 3175 3102 3232 Numen
3149 3174 3389 3245 placare.

2684 3273 2754 3329 19.
2833 3271 3095 3341 ejusdem.

2172 3373 2278 3443 Qui
2326 3369 2592 3445 pecunias
2645 3366 2940 3431 dederunt,
3029 3371 3091 3418 ut
3145 3358 3436 3417 tormentis
3486 3356 3671 3435 eripe-

2056 3475 2307 3530 'rentur,
2382 3464 2539 3535 culpa
2599 3468 2815 3523 carent,
2882 3471 3006 3512 cum
3069 3452 3449 3524 pecuniarum,
3506 3461 3672 3519 quam

2096 3559 2293 3611 anima:
2351 3554 2768 3615 detrimentum,
2834 3546 3020 3602 subire
3073 3540 3390 3599 maluerint.

2688 3642 2757 3696 15
2823 3636 3084 3710 ejusdem.

2170 3737 2437 3794 Similiter
2485 3743 2541 3789 ct
2594 3733 2689 3802 qui
2725 3734 2849 3800 fuga
2899 3729 3064 3786 saluti
3106 3720 3219 3783 suae
3257 3721 3672 3787 consuluerunt,

2096 3830 2227 3885 licet
2273 3839 2372 3899 pro
2425 3826 2507 3882 eis
2545 3823 2641 3880 alii
2698 3821 2956 3894 prehensi
3024 3820 3252 3876 fuerint.

2699 3916 2766 3972 M
2821 3914 3078 3982 eiusdem.

2170 4014 2271 4081 Qui
2323 4022 2445 4081 post
2492 4010 2678 4067 varios
2732 4008 3014 4065 cruciatus
3049 4006 3329 4063 victimam
3373 4002 3488 4058 suis
3541 4014 3660 4055 ma-

2097 4108 2256 4165 nibus
2330 4104 2486 4160 inviti
2545 4108 2892 4172 acceperunt,
2968 4099 3118 4155 etin
3193 4094 3501 4153 ministerio
3554 4107 3674 4147 tna-

2098 4208 2286 4263 neant,
2345 4206 2400 4252 et
2451 4196 2593 4251 inter
2642 4191 2988 4248 confessores
3045 4186 3376 4243 referuntor.

2234 4282 2235 4285 η
2326 4291 2357 4351 1
2396 4288 2459 4346 S.
2487 4286 2725 4361 Gregorii
2757 4283 3135 4340 miraculorum
3164 4279 3449 4352 eﬁ'ectoris.

2168 4384 2273 4454 Qui
2307 4383 2361 4440 in
2392 4382 2709 4454 captivitate
2734 4381 2883 4436 cibos
2904 4377 3270 4433 Barbarorum
3298 4373 3678 4434 comederunt.

2099 4478 2258 4536 culoa
2286 4486 2495 4536 carent.

2736 4560 2772 4615 2
2801 4557 3058 4628 ejusdem.

496 4660 559 4713 Οἰ
599 4657 689 4712 τὸν
734 4658 926 4730 καιρὸν
973 4629 1089 4728 τῆς⁷
1118 4659 1229 4714 τῶν
1270 4658 1572 4730 βαρϐάρων
1614 4657 1994 4731 καταδρομῆς,

2169 4660 2271 4729 Qui
2302 4669 2520 4727 tempus
2562 4651 2891 4711 incursionis
2940 4646 3335 4708 llai-barorum,
3378 4642 3520 4712 quod
3554 4636 3682 4713 μέν-

421 4752 517 4806 τὸν
536 4753 701 4809 πᾶσιν
738 4750 960 4822 ὄλεθρον
987 4750 1246 4821 φέροντα,
1279 4749 1509 4821 κέρδους
1558 4748 1778 4812 ἑαυτοῖς
1804 4747 2000 4820 καιρὸν

423 4843 788 4914 ἡγησάμενοι,
806 4841 874 4893 τὰ
889 4840 1147 4912 ἀλλότρια
1164 4840 1528 4911 διηρπάκασι,
1551 4839 1650 4910 τῆς
1665 4839 2000 4912 Ἐκκλησίας

422 4934 896 5007 ἐκριπτέσοωσαν,
924 4933 999 4997 ὡς
1027 4934 1246 4998 ἀσεϐεῖς
1282 4935 1377 4988 καὶ
1407 4935 1747 5003 θεοστυγεῖς.

702 5072 707 5076 .
1002 5028 1066 5080 Ὀ
1097 5026 1145 5080 δ’
1181 5027 1422 5081 τούτου.

492 5120 556 5173 Οἱ
586 5119 710 5183 τοὺς
732 5119 1099 5188 διαφυγόντας
1121 5117 1507 5188 αἰχμαλώτους
1536 5117 1628 5189 βίᾳ
1644 5118 1992 5188 κατέχοντες,

423 5213 778 5276 ἀποδότωσαν
802 5249 817 5275 ,
858 5211 947 5265 ἴνα
997 5212 1072 5282 μὴ
1115 5213 1351 5282 σκηπτοὶ
1391 5211 1632 5265 πέσωσιν
1662 5211 1750 5265 trr‘
1792 5212 1994 5278 αὐτοὺς

422 5297 736 5376 οὖρχνόθεν,

1006 5395 1061 5445 '0
1105 5396 1153 5446 0'
1186 5393 1425 5450 τούτου.

494 5489 558 5543 Οἱ
604 5485 955 5557 αἰχμαλωσίᾳ
1008 5485 1330 5555 ληφθέντες,
1367 5487 1464 5540 καὶ
1495 5485 1750 5541 τοσοῦτον
1788 5488 1992 5559 ἐκϐαρ-

423 5583 783 5653 ϐαρωθὲντσς,
826 5579 965 5632 ὥστε
995 5580 1087 5632 καὶ
1122 5579 1263 5632 κατὰ
1290 5579 1400 5631 τῶν
1431 5577 1722 5649 ὁμοφύλων
1754 5583 1985 5651 χωρεῖν,

423 5680 517 5733 καὶ
537 5677 637 5746 τῆς
666 5673 985 5745 ἀκροάσεως
1010 5670 1493 5741 ἀπειργέδθιυσαν,
1529 5669 1635 5735 ἕως
1665 5670 1732 5727 ἄν
1760 5689 1812 5727 τι
1861 5671 1987 5742 περὶ

420 5770 602 5827 αὐτῶν
626 5769 795 5833 δόξειε
820 5770 886 5838 τῇ
912 5766 1137 5837 συνόδῳ.

2096 4754 2294 4810 uiciem
2323 4746 2591 4804 universis
2616 4743 2794 4807 atl‘ert,
2819 4755 2920 4810 pro
2940 4737 3072 4793 lucri
3096 4735 3178 4790 sui
3202 4735 3492 4790 occasione
3512 4735 3682 4790 duxe-

2096 4849 2232 4914 rint,
2270 4844 2559 4911 alienaque
2597 4833 2939 4907 diripuerint,
2969 4844 3036 4886 ex
3071 4826 3313 4882 Ecclesia
3366 4827 3678 4900 ejiciuntor,

2097 4940 2244 4998 velut
2280 4935 2431 5008 impii
2471 4940 2526 4990 et
2551 4931 2712 4989 invisi
2747 4929 2879 4983 Deo.

2722 5023 2757 5078 4
2786 5022 3048 5093 ejusdem.

2171 5122 2275 5192 Qui
2297 5121 2547 5191 captivos
2572 5119 2664 5189 qui
2693 5119 2813 5186 fuga
2838 5116 3135 5179 evaserint,
3165 5116 3212 5170 vi
3253 5114 3518 5178 detinent,
3553 5096 3680 5167 eos-

2100 5217 2219 5271 dem
2258 5214 2570 5277 restituant,
2625 5224 2694 5265 ne
2743 5207 2966 5262 fulmina
3008 5206 3222 5262 coalitus
3280 5207 3332 5259 in
3380 5216 3474 5256 cos
3533 5198 3681 5256 decio

2100 5312 2250 5366 dant.

2734 5393 2766 5450 9
2795 5392 3052 5465 ejusdem.

2169 5494 2270 5560 Qui
2333 5499 2601 5548 venerunt
2660 5490 2712 5544 iu
2782 5488 3173 5557 captivitatem,
3214 5492 3267 5538 et
3322 5494 3490 5549 usque
3540 5476 3679 5535 adeo

2101 5586 2319 5643 barbari
2354 5583 2482 5639 facti
2524 5592 2673 5648 sunt,
2714 5582 2959 5650 utetiam
3003 5592 3113 5634 sua:
3154 5573 3391 5630 nationis
3426 5572 3677 5627 homines

2103 5679 2384 5742 invadant,
2416 5676 2577 5732 etiam
2612 5675 2680 5729 ab
2707 5673 2987 5728 auditione
3014 5677 3327 5735 arceantur,
3355 5665 3532 5722 donec
3570 5661 3679 5720 ali-

2104 5769 2233 5841 quid
2261 5768 2500 5840 synodus
2527 5767 2594 5824 de
2629 5766 2761 5837 ipsis
2792 5761 3067 5820 statuerit.

491 5957 569 6030 (1)
600 5955 709 6016 Hoc
734 5964 816 6014 est
839 5955 1115 6029 martyrio,
1146 5957 1261 6011 sive
1290 5953 1600 6010 testimonia
1626 5952 1839 6010 veritati
1875 5952 2225 6023 perhibenda.
