4096 6474
475 383 582 453 159

1667 389 1930 450 CONST.
1968 384 2538 448 HARMENOPULI

3634 381 3730 446 Ῑθθ

471 509 752 572 peccatum
785 515 889 556 non
941 498 1158 562 habere,
1200 501 1560 568 nosmetipsos
1589 499 1847 564 fallimus,
1879 519 1897 550 ι
1943 515 2039 570 per

2162 499 2363 570 ἔχομεν,
2391 499 2621 561 ἑαυτοὺς
2650 499 2950 567 ἀπαιτῶμεν
2973 514 2984 527 ·
3033 516 3050 548 ι
3078 499 3164 552 διὰ
3199 495 3727 568 ταπεινοψροσύνην,

473 592 830 647 humilitatem
874 633 888 659 ,
921 609 1026 647 non
1072 593 1355 646 veritatem
1413 608 1534 647 esse
1566 593 1865 662 prolatum,
1903 606 2044 647 ana-

476 685 682 739 thema.

1021 773 1124 828 H5
1154 773 1410 841 ejusdem.

546 866 630 928 Ei,
656 866 740 935 qui
766 865 920 927 dicit,
949 863 1199 918 homines
1233 874 1450 918 sanctos
1479 866 1619 917 istnc
1638 865 1862 918 verbum
1891 881 1905 918 :
1938 882 1956 914 ι
1985 861 2053 915 Ει

478 956 694 1009 remitte
754 955 908 1008 nobis
957 955 1136 1009 debila
1189 963 1429 1014 nostra,»
1480 969 1584 1007 non
1620 969 1716 1022 pro
1743 969 1800 1008 sc
1827 952 2050 1019 dicere’,

474 1047 626 1115 quasi
645 1047 735 1116 qui
767 1062 992 1115 peccare
1019 1055 1312 1116 nequeam,
1336 1047 1429 1099 scd
1453 1062 1549 1114 pto
1569 1045 1848 1099 hominum
1873 1045 2050 1118 vulgo,

477 1141 788 1195 anathema.

1155 1234 1179 1286 1
1214 1231 1526 1303 Cangreme.

549 1321 604 1376 Si
636 1322 756 1391 quis
811 1323 1108 1392 legitimum
1163 1326 1568 1379 matrimonium
1603 1325 1897 1394 vituperat,
1928 1339 2056 1379 ana-

478 1413 678 1466 thema.

1077 1512 1113 1565 2
1167 1512 1425 1581 ejusdem.

546 1593 600 1646 Si
632 1595 755 1662 quis
799 1594 1047 1664 religiose
1078 1609 1384 1652 vescentem
1417 1596 1671 1653 carnibus
1704 1599 1909 1668 absque
1935 1613 2063 1652 san-

478 1689 738 1752 guine,ct
784 1690 1095 1766 simulacris
1149 1691 1428 1745 immolato
1457 1729 1472 1756 ,
1505 1698 1562 1745 et
1611 1690 1900 1754 sull'ocato,
1932 1706 2064 1746 con-

475 1779 718 1844 demunt,
749 1783 1069 1836 anathema.

1089 1874 1123 1927 3
1177 1875 1438 1942 ejusdem.

547 1955 601 2008 Si
619 1958 738 2025 quis
760 1973 914 2013 servo
935 1961 1210 2029 religionis
1226 1978 1352 2033 erga
1373 1964 1542 2018 Deum
1573 1973 1834 2032 praetextu
1850 1962 2060 2028 suadet,

475 2057 533 2101 ut
567 2051 843 2104 dominum
873 2068 1032 2106 suum
1057 2062 1387 2119 contemnat,
1416 2057 1728 2113 anathema.

1070 2146 1104 2199 4
1172 2146 1430 2210 eiusdem.

557 2232 659 2297 Qui
691 2233 908 2289 haesitat
932 2251 958 2288 a
985 2237 1303 2308 presbytero
1339 2236 1565 2307 coniuga
1580 2246 1634 2292 to
1659 2234 1676 2308 [
1698 2232 2064 2306 sacramenta]

481 2325 782 2392 percipere,
809 2327 1096 2382 anathema
1133 2329 1226 2383 sit.

1103 2419 1137 2475 5
1181 2421 1438 2488 ejusdem.

551 2506 655 2572 Qui
724 2509 893 2564 aedem
959 2526 1172 2566 sacram
1215 2512 1563 2577 contemnit,
1595 2513 1909 2568 anathema.

1045 2603 1078 2657 6
1108 2603 1368 2672 ejusdem.

578 2690 839 2747 Similiter
887 2702 943 2748 et
983 2693 1076 2763 qui
1144 2709 1386 2749 seorsum
1418 2703 1592 2749 cmtus
1618 2693 1807 2751 habet.

1134 2785 1166 2838 7
1217 2786 1478 2854 ejusdem.

545 2874 741 2946 Ei,qui
779 2887 978 2944 praeter
993 2878 1231 2948 episcopi
1266 2878 1346 2932 vel
1370 2877 1672 2948 presbyteri
1732 2875 2057 2932 sententiam

480 2983 567 3022 res
598 2967 997 3024 ecclesiasticas
1032 2979 1248 3034 tractat,
1292 2970 1606 3025 anathema.

680 3047 692 3060 ’
1077 3061 1110 3117 8
1160 3060 1418 3130 ejusdem.

559 3151 824 3207 Similiter
851 3161 906 3209 et
938 3153 983 3208 ei
1014 3154 1102 3224 qui
1134 3153 1220 3208 dat
1253 3153 1332 3208 vel
1357 3155 1552 3223 accipit
1581 3153 1912 3209 oblationem
1933 3151 2048 3207 l'ru-

470 3254 652 3295 ctuum
688 3245 890 3312 absque
939 3246 1218 3312 episcopo.
1264 3253 1317 3299 et
1357 3259 1423 3299 eo
1459 3245 1552 3314 qui
1605 3245 2063 3300 adtninistratiOni

476 3331 692 3406 {rerum
713 3335 956 3390 ecclesia:
983 3335 1002 3408 ]
1042 3335 1330 3406 praefectus
1362 3345 1468 3392 est.

1068 3423 1101 3478 9
1149 3425 1407 3494 ejusdem.

542 3516 732 3570 itidem
764 3525 817 3570 et
852 3516 946 3581 illi,
979 3518 1070 3585 qui
1093 3518 1454 3587 virginitatem
1485 3517 1638 3582 colit,
1660 3516 1743 3571 vel
1774 3517 2060 3572 continen—

473 3603 601 3657 tiam
637 3615 841 3670 servat.
892 3620 997 3660 non
1049 3605 1220 3674 ipsius
1266 3605 1394 3660 boni
1423 3619 1610 3670 causa,
1641 3606 1738 3662 sed
1775 3605 1919 3676 quod
1949 3619 2064 3658 ma-

474 3696 787 3750 trimonium
817 3697 1188 3752 abominetur.

1066 3787 1142 3842 .lO
1213 3787 1468 3858 ejusdem.

539 3879 642 3945 Qui
676 3887 896 3949 propter
951 3881 1424 3946 exercitationem,
1453 3896 1570 3950 quae
1602 3881 1854 3951 religiosa
1892 3891 2052 3951 puta-

471 3982 577 4035 tur,
612 3972 803 4040 pannis
835 3972 1026 4034 utitur.
1052 3974 1296 4042 aliosque
1328 3974 1414 4044 pie
1443 3988 1597 4029 veros
1629 3975 1694 4046 (l
1725 3979 1744 4044 ;
1775 3985 2053 4045 gestantes

470 4067 712 4132 damnat,
744 4067 814 4121 sit
841 4067 1156 4122 anathema.

1153 4159 1220 4212 M
1270 4160 1524 4228 ejusdem.

539 4245 716 4301 Liberi
754 4287 770 4312 ,
801 4249 890 4318 qui
944 4261 1204 4318 praetextu
1242 4251 1509 4320 religiosae
1544 4253 1760 4323 pietatis
1793 4269 1824 4308 a
1852 4269 2053 4324 paren-

423 4347 425 4350 ‘
475 4325 624 4392 tit-us
656 4341 936 4406 recedunt,
959 4343 1252 4397 anathema
1287 4353 1473 4398 sunto.

1104 4433 1170 4485 16
1224 4433 1488 4501 ejusdem.

2150 597 2246 649 καὶ
2270 593 2390 664 οὐχὶ
2413 593 2553 648 κατὰ
2586 593 2842 665 ἀλήθειαν
2877 593 3114 664 εῐρηται,
3148 593 3418 663 ἀνάθεμα.

2694 769 2758 824 '0
2790 778 2902 838 pts'
2937 773 3184 837 ταύτης.

2225 858 2318 930 Τῷ
2355 859 2588 926 λέγοντι,
2638 861 2764 924 τοὺς
2803 862 2993 928 ἁγίους
3023 861 3106 920 τὸ,
3144 879 3162 912 ι
3189 863 3298 918 Καὶ
3327 863 3467 928 ἄφες
3498 863 3632 932 ἡμῖν
3668 864 3739 916 τὰ

2153 951 2499 1020 ὀφειλήματα
2533 951 2711 1021 ἡμῶν,
2747 970 2764 1003 ι
2802 953 2904 1021 οὐχ
2933 954 3073 1023 ὑπὲρ
3100 954 3310 1008 ἑαυτῶν
3343 954 3638 1022 λέγειν,ὠ;
3657 956 3742 1006 δν-

2153 1059 2260 1096 των
2295 1043 2718 1113 ἀναμαρτήτων,
2746 1043 2861 1096 ἀλλ’
2896 1045 3038 1114 ὑπὲρ
3061 1045 3168 1098 τῶν
3196 1046 3426 1110 πολλῶν,
3464 1047 3734 1116 ἀνάθεμα.

2628 1219 2691 1274 '0
2711 1219 2762 1274 a'
2791 1221 2901 1288 τῆς
2931 1221 3002 1276 ἐν
3046 1224 3097 1276 Γ
3101 1221 3314 1292 drum.

2230 1312 2296 1368 El
2324 1330 2408 1376 τις
2439 1313 2530 1368 τὸν
2560 1312 2786 1385 ἔννομον
2821 1317 3094 1387 μέμφοιτο
3127 1317 3327 1387 γάμον,
3350 1313 3624 1388 ἀνάθεμα.

2738 1490 2801 1543 '0
2828 1489 2888 1554 ,β’
2921 1492 3172 1559 ταύτης.

2234 1579 2300 1632 Et
2325 1595 2405 1641 τις
2431 1577 2522 1632 τὸν
2547 1580 2792 1645 εὐλαϐῶς
2822 1573 3076 1636 ἐσθίοντᾶ
3106 1583 3245 1653 κρέα
3272 1585 3443 1654 χωρὶς
3482 1585 3745 1654 αἵματος,

2165 1670 2260 1723 καὶ
2320 1671 2694 1739 εἰδωλοθύτου,
2748 1675 2841 1728 καὶ
2883 1676 3145 1739 πνικτοῦ,
3195 1679 3562 1752 κατακρίνεις
3611 1681 3746 1735 ἀνά-

2166 1763 2330 1834 θεμα.

2745 1859 2811 1915 '0
2841 1859 2889 1930 γ’
2916 1863 3160 1930 ταύτης.

2239 1949 2308 2002 Εἴ
2337 1966 2421 2012 τις
2472 1950 2679 2016 δοῦλον,
2714 1951 3023 2016 θεοσεϐείας
3068 1955 3370 2024 προφάσει,
3409 1955 3502 2010 τοῦ
3531 1957 3746 2014 οἰκείου

2165 2040 2342 2095 πείθει
2379 2043 2642 2098 δεσπότου
2669 2049 3052 2114 καταφρονετν,
3074 2048 3350 2118 ἀνάθεμα.

2738 2136 2802 2189 '0
2828 2134 2878 2192 δ’
2907 2139 3154 2206 ταύτης.

2190 2246 2192 2249 ·
2247 2227 2308 2278 Ὀ
2339 2227 2754 2298 διακρινόμενος
2791 2231 2946 2300 παρὰ
2999 2231 3378 2305 πρεσϐυτέρου
3427 2237 3752 2308 γεγαμηκό-

2163 2337 2254 2385 τος
2289 2308 2759 2392 μεταλαμϐάνειν,
2796 2324 2884 2393 εἴη
2925 2325 3197 2396 ἀνάθεμα.

2744 2415 2808 2468 '0
2829 2422 2874 2469 ε’
2909 2418 3156 2484 ταύτης.

2244 2502 2306 2557 '0
2328 2503 2423 2558 τοῦ
2455 2503 2599 2558 θείου
2637 2506 2998 2578 καταφρονῶν
3020 2509 3196 2574 οῐκου,
3233 2509 3506 2583 ἀνάθεμα.

2748 2597 2805 2650 '0
2835 2595 2888 2662 ς’
2911 2600 3158 2668 ταύτης.

2246 2684 2524 2752 Ὡσαύτως
2553 2688 2646 2743 καὶ
2677 2689 2704 2744 ὁ
2736 2691 3118 2762 ἐκκλησιάζων
3145 2695 3274 2768 ίδίᾳ.

2738 2781 2800 2835 '0
2827 2781 2874 2843 ζ’
2900 2785 3146 2853 ταύτης.

2239 2869 2330 2940 Τῷ
2383 2873 2534 2942 παρὰ
2581 2873 2807 2946 γνώμην
2837 2877 3195 2949 ἐπισκόπουῆ
3245 2880 3629 2952 πρεσϐυτέρου
3673 2886 3747 2940 τὰ

2159 2961 2260 3042 τῆς
2293 2963 2591 3035 ἐκκλησίας
2621 2967 2937 3036 πράττοντι,
2964 2969 3240 3038 ἀνάθεμα.

2711 3061 2772 3114 '0
2802 3067 2854 3128 η’
2885 3064 3128 3131 ταύτης.

2247 3151 2524 3205 Ὡσαύτως
2549 3154 2645 3207 καὶ
2673 3154 2750 3226 τῷ
2783 3157 2980 3211 διδόντι
3017 3159 3048 3229 ἣ
3087 3159 3422 3228 λαμϐάνοντι
3453 3177 3742 3232 καρποφο-

2167 3241 2290 3312 ρίαν
2316 3243 2446 3297 ἄνευ
2479 3247 2570 3299 τοῦ
2604 3248 2929 3316 ἐπισκόπου,
2975 3251 3072 3304 καὶ
3118 3251 3212 3304 τοῦ
3262 3253 3356 3305 ἐπὶ
3407 3253 3745 3324 τὴνοοίκονο-

2165 3333 2296 3405 μίαν
2321 3341 2681 3409 τεταγμένου.

2734 3431 2798 3485 '0
2839 3435 2886 3486 0’
2923 3435 3164 3501 ταύτης.

2244 3518 2407 3572 Ἀλλὰ
2426 3519 2489 3590 δὴ
2525 3521 2620 3573 καὶ
2651 3520 2729 3592 τῷ
2764 3523 3154 3591 παρθενεύοντι
3180 3525 3213 3596 ἢ
3253 3529 3744 3598 ὲγκρατευομένῳ,

2159 3609 2223 3663 οὐ
2255 3610 2324 3664 δι’
2346 3611 2480 3664 αὐτὸ
2506 3613 2566 3665 τὺ
2612 3614 2794 3681 καλὸν,
2827 3614 2944 3668 ἀλλ’
2977 3617 3054 3680 ὡς
3083 3617 3178 3671 τὸν
3223 3619 3404 3689 γάμον
3451 3619 3748 3689 βδελυσσο-

2166 3706 2336 3774 μένῳ.

2737 3796 2791 3849 Ὀ
2825 3798 2858 3850 ι’
2887 3798 3131 3866 ταύτης.

2243 3886 2303 3941 '0
2330 3886 2416 3940 διὰ
2447 3886 2814 3958 νομιζομένην
2839 3890 3072 3957 ἄσκησιν
3105 3890 3475 3961 ρακενδυτῶν,
3512 3891 3606 3944 καὶ
3627 3892 3745 3945 τῶν

2161 3978 2404 4039 εὐλαϐῶς
2431 3981 2558 4044 τοὺς
2593 3979 2658 4051 βή
2669 3998 2794 4051 ρους
2819 3981 3129 4052 φορούντων
3170 3983 3619 4052 καταγινώσκων,
3646 3985 3742 4053 εῐη

2161 4069 2432 4141 ἀνάθεμα.

2741 4163 2803 4216 '0
2834 4162 2902 4217 ιδ’
2932 4164 3177 4230 ταύτης.

2232 4257 2314 4312 Τὰ
2362 4255 2592 4310 πιστῶν.
2624 4256 2832 4323 γονέων
2860 4256 3297 4326 ἀναχωρήσαντα
3342 4254 3510 4309 τέκνα
3550 4255 3748 4312 θεοσε-

2161 4351 2312 4414 ϐείας
2337 4351 2634 4422 προφάσει,
2660 4348 2930 4418 ἀνάθεμα.

2698 4441 2762 4493 '0
2795 4447 2873 4503 ις’
2900 4441 3144 4508 ταύτης.

567 4521 944 4577 Contemuenti
1005 4538 1118 4582 eos.
1155 4526 1246 4592 qui
1305 4540 1369 4578 ex
1416 4526 1518 4579 ﬁde
1583 4526 1904 4580 dilectiones
1967 4526 2046 4599 (2)

2227 4536 2318 4607 Τῷ
2350 4533 2778 4605 καταφρονοῦντι
2813 4535 2922 4586 τῶν
2957 4537 3021 4587 ὲκ
3051 4535 3290 4597 πίστεως
3324 4535 3550 4604 ἁγάπας
3617 4553 3744 4590 ποι-

475 4613 704 4676 faciunt,
738 4625 790 4668 et
823 4615 1236 4671 invitationibus
1264 4615 1576 4685 hnjusmodi
1608 4633 1712 4671 non
1743 4619 2044 4674 communi-

465 4703 634 4768 canti,
668 4705 978 4760 anathema.

1068 4801 1134 4853 l7
1189 4797 1448 4867 ejusdem.

543 4889 810 4943 Similiter
846 4897 900 4943 et
933 4890 1007 4944 illi
1043 4926 1059 4954 ,
1093 4891 1182 4960 qui
1217 4901 1436 4960 propter
1463 4889 1913 4949 exercitationem
1959 4892 2048 4948 die

462 4981 745 5036 DmniniCo
771 4981 1008 5052 jejunat.

1064 5072 1133 5125 l8
1193 5073 1450 5142 ejusdem.

533 5163 663 5218 Item
699 5163 795 5229 illi,
827 5163 917 5233 qui
985 5163 1182 5218 usitata
1219 5165 1423 5235 jejttnia
1467 5167 1602 5220 citra
1665 5169 2048 5226 necessitatem

467 5258 632 5310 θοίνη
658 5293 672 5309 .

1137 5348 1200 5404 19
1228 5347 1484 5417 ejusdem.

537 5443 677 5510 Quin
705 5441 872 5496 etiam
899 5442 1230 5496 abontinanti
1293 5453 1590 5512 martyrum
1623 5458 1781 5498 causa
1823 5442 2044 5496 institu-

466 5546 549 5591 tas
606 5535 1037 5605 congressioncs,
1074 5547 1130 5591 et
1173 5551 1294 5606 qum
1325 5536 1378 5589 in
1407 5536 1486 5589 eis
1513 5535 1780 5589 obeuutur
1809 5534 2042 5588 functio-

467 5644 583 5682 IICS.

2154 4631 2380 4698 ούντων,
2407 4629 2503 4682 καὶ
2522 4630 2641 4692 ταῖς
2665 4627 2892 4697 κλήσεσι
2919 4625 2994 4699 μὴ
3017 4629 3388 4696 κοινωνοῦντι,
3415 4628 3693 4697 ἀνάθεμα.

2712 4802 2778 4857 '0
2804 4802 2875 4864 ιζ’
2909 4803 3164 4869 ταύτης.

2238 4891 2513 4956 Ὡσαύτως
2540 4893 2636 4946 καὶ
2667 4893 2746 4963 τῷ
2775 4891 2843 4946 δι’
2876 4892 3115 4961 ἄσκησιν
3141 4891 3200 4944 ὲν
3232 4892 3298 4962 τῇ
3349 4891 3608 4962 κυριακῇ
3635 4909 3737 4963 νηο

2159 4986 2424 5041 στεύοντι.

2313 5116 2315 5118 -
2711 5078 2775 5130 '0
2802 5081 2873 5142 ιη’
2893 5077 3140 5142 ταύτης.

2230 5171 2340 5225 Καὶ
2363 5170 2440 5240 τῷ
2483 5170 2582 5232 τὰς
2639 5168 3037 5238 νενομισμένας
3073 5169 3331 5232 νηστείας
3359 5173 3530 5242 χωρὶς
3561 5170 3736 5241 ἀνάγρ

2155 5277 2254 5333 κης
2292 5260 2654 5332 παραλύοντι.

2693 5352 2746 5404 '0
2777 5349 2847 5406 ιϐ’
2876 5351 3101 5418 ταύτης

2230 5447 2391 5500 Ἀλλά
2421 5446 2485 5516 δὴ
2521 5449 2612 5500 καὶ
2639 5445 2718 5517 τῷ
2772 5445 3182 5516 βδελυσσομένῳ
3221 5445 3319 5509 τὰς
3351 5444 3461 5500 τῶν
3505 5445 3723 5518 μαρτῦ-

2150 5554 2258 5607 ρων
2283 5537 2548 5604 συνάξεις,
2585 5539 2678 5591 καὶ
2713 5538 2811 5601 τὰς
2835 5540 2891 5592 ὲν
2927 5538 3110 5602 αὐτοῖς
3137 5539 3508 5609 λειτουργίας.

538 5741 613 5814 (li
647 5740 758 5814 lloc
791 5745 1082 5808 estserica,
1107 5746 1250 5800 unde
1291 5740 1790 5814 vestesholoverre.
1824 5742 1862 5797 l.
1895 5743 1947 5801 ι.
1971 5743 2031 5797 C.
2055 5744 2116 5797 de
2146 5754 2272 5802 eest.
2311 5743 2537 5799 hulover.
2578 5743 2670 5799 lib.
2703 5759 2776 5810 τι,
2799 5757 2918 5814 qua:
2942 5750 3066 5800 totae
3084 5742 3150 5799 dc
3183 5741 3362 5802 serico
3383 5749 3533 5804 sunt.

540 5812 616 5878 (:le
652 5810 760 5865 lloc
787 5825 866 5868 est
899 5816 1157 5872 exhibent
1185 5815 1432 5870 convivia
1463 5811 1724 5868 fratribus
1763 5831 1825 5868 ex
1873 5815 2188 5870 dilectione.
