4096 6472
377 396 461 462 lCl
1589 399 1935 462 EPITOME
1977 401 1994 460 ί

1999 399 2374 463 :ANONUM.
2531 356 2536 362 ’
3514 406 3616 472 162

630 516 686 570 Ὀ
713 515 762 578 ζ’
799 515 907 572 τοῦ
927 516 1299 586 πατριάρχου
1322 518 1648 572 Νικολάου.
1960 521 2008 576 Δ

1562 535 1648 572 ου.
1960 521 2008 576 Δ
2531 513 2561 567 7
2601 513 2817 570 Nicolai
2836 517 3179 586 patriam/iw.

436 612 504 664 Τδ
534 609 740 664 κλίνειν
765 612 823 663 ὲν
852 611 1118 682 mesen,»
1155 611 1310 680 γόνυ,
1365 611 1514 681 παρὰ
1556 609 1655 664 τοῦ
1702 608 1928 672 κανόνος

2106 604 2344 661 Sabbato
2369 620 2512 675 genu
2545 605 2784 674 ﬂectere,
2844 624 2948 662 non
2991 609 3318 677 prohibitmn
3349 621 3432 665 est
3464 627 3494 666 a
3521 627 3615 668 ca-

388 705 441 758 οὺ
471 702 788 757 κεκώλυται.
833 705 894 757 Οί
927 703 1116 756 πολλοὶ
1149 705 1228 771 δὲ,
1277 704 1366 757 διὰ
1393 704 1456 756 τὸ
1485 703 1560 774 μὴ
1587 700 1841 774 νηστείαν
1870 701 1930 753 ἐν

2031 710 2190 752 none.
2223 697 2472 767 Plerique
2499 713 2626 753 vero
2649 709 2932 768 propterea
2957 703 3120 771 ,quod
3140 703 3346 773 jejunia
3371 705 3616 761 Sabbato

392 796 626 866 2‘466drtp
657 795 930 863 γίνεσθαι,
953 796 1072 849 οὐδὲ
1104 797 1235 864 γόνυ
1261 798 1555 853 κλίνουσιν.

1376 814 1555 853 ιουσιν.
2031 787 2177 842 nulla
2205 789 2335 855 sint,
2369 804 2541 858 neque
2586 806 2722 859 genu
2751 790 2993 846 ﬂectunt.

967 891 1018 941 Ὁ
1043 895 1093 942 κ’
1124 886 1232 956 τῆς
1265 887 1337 942 a'.

2709 883 2782 938 20
2850 886 3053 953 ρτὶηιω.

454 981 532 1034 Ἐν
556 982 677 1044 ταῖς
735 982 1062 1050 Κυριακαϊς,
1125 981 1221 1033 καὶ
1257 982 1378 1044 ταῖς
1412 982 1512 1051 τῆς
1545 977 1930 1049 Πεντηκοστῆς

2104 972 2302 1026 Diebus
2360 973 2650 1027 Dominicis
2715 987 2769 1029 et
2825 976 3609 1048 quinquagesimalibus,genu

381 1073 625 1144 ήμέραις,
658 1073 786 1142 γόνυ
814 1089 900 1134 τις
933 1073 1008 1141 μὴ
1042 1071 1290 1126 κλινέτω.

948 1073 1008 1140 ,ιὴ
1042 1071 1290 1126 κλινέτω.
2041 1065 2166 1135 quis
2195 1067 2332 1119 haud
2364 1065 2565 1120 ﬂectat.

795 1163 848 1216 Ὀ
876 1170 957 1218 γε’
981 1160 1090 1229 τῆς
1111 1163 1179 1216 ἐν
1210 1163 1502 1231 Τρούλλῳ.

1500 1204 1502 1214 ,
2488 1156 2559 1211 55
2610 1156 2800 1211 habin
2826 1160 2879 1212 in
2912 1157 3117 1214 Trulla.

437 1257 556 1309 Τῶν
595 1255 878 1322 Ῥωμαίων
905 1256 974 1308 τὰ
1013 1255 1114 1324 τῆς
1146 1253 1601 1324 τεσσαρακοστῆς
1651 1253 1934 1320 νηστευόν-

2106 1244 2255 1299 Licet
2314 1243 2542 1302 Romani
2598 1249 2846 1317 jejunare
2891 1252 3098 1305 soleant
3126 1252 3178 1305 in
3207 1251 3459 1307 Sabbatis
3488 1268 3617 1322 qua-

375 1367 473 1401 τιυν
498 1350 766 1412 Σάϐϐατα,
791 1352 819 1402 ὁ
851 1348 960 1402 τῶν
987 1347 1304 1401 ἀποστόλων
1332 1346 1464 1418 περὶ
1489 1347 1600 1399 τῶν
1634 1345 1932 1399 Σαὸὁὰτων

2036 1335 2386 1403 dragesimte,
2416 1349 2592 1392 tamen
2637 1339 3000 1409 apostolorum
3055 1343 3231 1412 potius
3266 1343 3333 1397 de
3365 1342 3617 1399 Sabbatis

373 1442 632 1510 κρατείτω
673 1438 873 1493 κανών.

2039 1444 2213 1488 canon
2250 1440 2402 1486 ratus
2421 1442 2559 1488 85l0.

912 1532 976 1586 Ὀ
999 1529 1088 1586 ιη’
1120 1532 1368 1601 ταύτης.

2680 1521 2750 1577 85
2779 1525 3037 1594 ejusdem.

435 1625 526 1694 Τῷ
555 1623 777 1693 μεγάλῳ
806 1623 1070 1695 Σαϐϐάτῳ
1101 1625 1229 1696 περί¹
1273 1625 1447 1694 μέσας
1494 1625 1697 1692 νύκτας
1739 1627 1808 1697 τῇ
1840 1642 1934 1696 νη-

2109 1613 2349 1668 Sabbato
2404 1611 2496 1666 illo
2549 1609 2737 1683 [quod
2799 1614 3005 1669 Pascha
3062 1611 3364 1684 praecedit]
3423 1627 3618 1682 magno

375 1719 521 1788 στείᾳ
545 1717 879 1788 διαρκετέον.

2040 1705 2464 1760 continuandum
2493 1713 2579 1759 est
2607 1703 2876 1774 jejunium
2928 1719 3098 1776 usque
3159 1705 3226 1760 ad
3256 1715 3468 1761 noctem
3509 1721 3620 1760 me-

2052 1795 2218 1850 diam.

758 1891 823 1945 '0
845 1892 1246 1961 ὲνενηκοστός
1275 1895 1518 1964 ταύτης.
1973 1858 2016 1917 Β

1390 1913 1518 1964 της.
1973 1858 2016 1917 Β
2638 1887 2707 1942 90
2749 1887 3003 1957 ejusdem.

446 1979 580 2034 Ἀπὸ
609 1980 708 2052 τῆς
738 1983 1034 2056 ὲσπερινῆς
1071 1986 1281 2039 εἰσόδου
1328 1986 1426 2040 τοῦ
1463 1985 1766 2050 Σαόὗάτου,
1795 2001 1927 2053 γονυ

2101 1977 2145 2032 Δ
2176 1974 2484 2046 vespertino
2538 1976 2764 2032 introitu
2795 1987 2849 2032 et
2877 1979 3033 2032 initio
3057 1977 3278 2032 Sabhati
3309 1992 3447 2048 genu
3499 1979 3623 2048 quis

371 2091 451 2136 τις
485 2076 558 2146 μή
587 2074 838 2142 κλινέτω,
861 2077 1024 2148 μέχρι
1055 2077 1154 2150 τῆς
1179 2079 1477 2149 ἑσπερινῆς
1508 2079 1606 2150 τῆς
1634 2080 1930 2150 Κυριακῆς

2031 2070 2172 2126 haud
2195 2067 2401 2132 nectat,
2457 2083 2627 2138 usque
2655 2069 2723 2124 ad
2777 2073 2982 2130 exitum
3035 2070 3300 2126 Dominici
3356 2071 3462 2126 diei
3535 2085 3623 2126 ve-

370 2164 587 2220 εἰσόδου.

2031 2159 2353 2229 spertinum.

679 2256 736 2309 '0
769 2253 831 2312 ts’
859 2261 1085 2328 Πέτρου
1126 2261 1608 2330 Ἀλεξανδρείας.

1599 2303 1608 2317 ,
2527 2251 2596 2308 15
2666 2249 2816 2305 Petri
2845 2249 3216 2306 Alexandrini.

435 2348 658 2418 Τετράδι
688 2351 782 2402 καὶ
815 2351 1146 2423 Παρασκευῇ
1181 2355 1526 2422 νηπευτέον.
1566 2356 1646 2425 Τῇ
1683 2355 1807 2426 μὲν,
1843 2354 1933 2408 διὰ

2103 2340 2259 2398 Feria
2325 2354 2521 2414 quarta
2578 2353 2632 2397 et
2670 2343 2726 2397 in
2762 2341 3064 2399 Parasceve
3116 2345 3466 2416 jejunandum
3498 2355 3619 2410 est,

368 2437 427 2490 τὸ
454 2439 592 2493 κατὰ
631 2440 868 2511 Χριστοῦ
900 2443 1000 2513 τῆς
1049 2444 1350 2514 προδοσίας
1379 2446 1740 2516 ωμὸούλιονο
1779 2450 1846 2519 τῇ
1874 2448 1932 2502 δὲ

2046 2437 2139 2492 illa
2169 2438 2410 2507 quidem,
2439 2439 2508 2492 ob
2545 2436 2865 2505 proditionis
2905 2437 3167 2491 adversus
3193 2437 3471 2491 Christum
3497 2452 3623 2491 con-

369 2529 715 2602 Παρασκευῇ,
739 2531 828 2586 διὰ
851 2533 911 2586 τὸ
949 2535 1217 2605 σωτήριον
1262 2537 1454 2600 πάθος.
1491 2537 1569 2610 Τῇ
1605 2538 1792 2608 μέντοι
1821 2540 1932 2593 Κυι-

2035 2529 2243 2594 silium,
2275 2529 2328 2582 in
2386 2527 2684 2582 Parasceve
2741 2537 2944 2592 autem,
3009 2541 3231 2598 propter
3285 2528 3618 2582 salutiferam

371 2624 531 2692 ριακῇ
553 2623 910 2694 χαρμοσύνως
933 2625 1276 2696 ὲορταστὲον,
1297 2628 1388 2682 διὰ
1415 2629 1516 2701 τὴν
1551 2629 1646 2682 τοῦ
1674 2630 1929 2702 Σωτῆρος

2035 2623 2366 2691 passionem.
2435 2620 2752 2674 Dominicus
2804 2635 2936 2675 vero
2996 2621 3112 2675 dies
3172 2621 3421 2676 hilariter
3477 2622 3620 2678 cele-

368 2711 678 2768 ἀνάστασιν.

2033 2712 2280 2768 brandus
2314 2751 2330 2778 ,
2359 2721 2579 2782 prepter
2596 2711 3049 2766 resurrectionem
3081 2712 3322 2769 Domini.

657 2803 718 2858 '0
738 2801 789 2857 αί
821 2806 1145 2860 Διονυσίου
1169 2805 1644 2876 Ἀλεξανδρείας.

1557 2825 1644 2873 ας.
2468 2802 2494 2856 1
2543 2802 2783 2872 Dionysii
2809 2802 3174 2858 Alexandrini.

447 2888 513 2942 'H
535 2891 632 2958 τῆς
654 2891 1003 2958 ἀναστάσεως
1032 2893 1150 2966 ὥρα
1169 2894 1264 2947 τοῦ
1296 2895 1525 2966 Κυρίου,
1557 2899 1659 2950 οὐκ
1686 2897 1930 2970 εῦδηλος.

2105 2895 2248 2950 liora
2316 2894 2729 2950 resurrectionis
2785 2895 3078 2950 Dominica
3127 2905 3276 2950 certa
3316 2896 3480 2951 statui
3515 2912 3621 2952 non

379 2981 709 3036 ’Δναστάντα
733 2985 839 3055 γὰρ
862 2987 1026 3040 αὑτὸν
1051 2982 1212 3056 εὗρον
1236 2987 1292 3038 αἱ
1317 2989 1396 3050 είς
1425 2987 1518 3040 τὸν
1543 2989 1715 3058 τάφον
1748 2990 1934 3043 ἐλθοῦ-

2036 2995 2234 3057 potest.
2266 2986 2479 3058 Quippe
2530 2987 2784 3041 mulieres
2822 2987 2888 3041 ad
2927 2986 3232 3056 sepulcrum
3261 2987 3512 3057 profecta:
3543 2991 3624 3044 sic

365 3090 480 3138 σαι,
510 3073 583 3136 ὡς
638 3075 837 3138 πάντες
892 3078 942 3130 οί
994 3078 1394 3146 Εὐαγγελισταὶ
1429 3080 1796 3152 μαρτυροῦσι.
1840 3082 1932 3136 Διὸ

2034 3093 2160 3134 eum
2189 3085 2529 3148 repererunt,
2572 3086 2632 3132 ut
2665 3079 2754 3146 qui
2789 3077 2899 3147 jam
2932 3076 3345 3141 resurrexisset,
3367 3081 3623 3148 quemad-

362 3167 490 3228 τοὺς
531 3165 628 3235 μὲν
673 3165 782 3236 πρὸ
849 3170 1206 3238 μεσονυκτίου
1249 3169 1350 3239 τὴν
1391 3171 1650 3241 νηστείαν
1699 3171 1979 3254 λύοντας(

2041 3172 2256 3226 modum
2303 3185 2492 3225 omnes
2545 3169 2901 3240 Evangelistte
2956 3179 3242 3224 testantur.
3283 3167 3626 3238 Quapropter

367 3257 731 3329 μεμφόμεθα·
765 3260 892 3322 τοὺς
925 3259 983 3318 δὲ
1038 3261 1231 3332 μέχρις
1284 3260 1485 3333 ὄρθρου
1535 3264 1932 3336 ὲγκαρτεροῦν⁸

2037 3279 2134 3318 eos
2163 3261 2256 3332 qui
2286 3272 2412 3316 ante
2439 3262 2667 3316 mediam
2698 3270 2914 3315 noctem
2947 3259 3214 3329 jejunium
3248 3260 3488 3326 solvunt,
3539 3276 3627 3314 re-

363 3368 467 3414 τας
513 3350 888 3422 ἀποδεχόμεθα
922 3366 938 3382 ⁶
972 3355 1083 3418 τοῖς
1112 3353 1168 3407 δὲ
1195 3353 1405 3425 μεταξὺ
1434 3355 1660 3426 τούτων,
1692 3359 1793 3413 οὐκ
1820 3361 1935 3414 tvo-

2040 3354 2449 3427 prebeudimus,
2474 3363 2529 3407 et
2563 3353 2653 3422 qui
2687 3351 2755 3406 ad
2781 3352 3078 3408 diluculum
3115 3367 3287 3423 usque
3315 3352 3615 3415 abstinent,

363 3441 624 3514 χλοῦμεν.
2037 3449 2333 3518 probamus
2371 3462 2388 3502 :
2422 3447 2510 3516 qui
2553 3460 2681 3500 vero
2722 3446 2960 3500 medium
3000 3445 3141 3503 inter
3185 3447 3302 3502 hac
3365 3443 3625 3517 quiddam

541 3571 545 3574 ς
1549 3559 1560 3570 ·
1657 3584 1664 3592 .
2040 3547 2244 3607 tenent,
2274 3541 2340 3595 iis
2371 3538 2582 3594 molesti
2611 3553 2715 3592 non
2744 3552 2954 3592 sumus.

725 3621 835 3678 Τοῦ
856 3621 1228 3694 πατριάρχου
1253 3625 1580 3682 Νικολάου.

1548 3644 1580 3680 ν.
2569 3627 2620 3682 Ν
2627 3628 2786 3682 icolai
2822 3629 3165 3696 patriarcha.

450 3711 514 3767 Ἦ
534 3715 754 3792 νηστεία
791 3716 886 3769 τοῦ
932 3717 1250 3785 Αὐγούστου
1290 3718 1559 3789 πρότερον
1600 3717 1755 3786 οὖσα,
1785 3717 1939 3772 ὕστε-

2107 3720 2245 3774 Cum
2312 3717 2578 3790 jejunium
2628 3717 2780 3787 prius
2821 3718 3117 3773 haberetur
3146 3720 3390 3788 Augusto
3413 3731 3621 3784 mense,

363 3823 462 3880 ρον
504 3808 788 3879 μετετέθη,
833 3808 922 3862 διὰ
969 3810 1032 3862 τὸ
1060 3811 1181 3874 ταῖς
1214 3809 1459 3874 ἐθνικαῖς
1494 3809 1702 3878 ταύτην
1733 3811 1938 3883 συμπί-

2037 3812 2297 3880 deinceps
2352 3809 2670 3864 translatum
2709 3809 2811 3863 iuit
2844 3812 3304 3880 propterea,quod
3331 3825 3454 3864 cum
3482 3809 3623 3877 join.

361 3917 524 3953 πτειν
554 3899 856 3968 νηστείαις.
893 3902 1044 3974 Πλὴν
1077 3902 1161 3956 ἔτι
1184 3901 1372 3958 πολλοὶ
1395 3903 1493 3974 τὴν
1521 3904 1780 3974 νηστείαν
1807 3906 1937 3958 ταύ-

2039 3905 2145 3959 niis
2203 3903 2430 3974 paganis
2469 3909 2854 3957 concurreret.
2883 3901 3247 3957 Nihilominus
3281 3900 3334 3956 id
3352 3901 3620 3973 jejunium

362 4010 468 4063 νην
485 3991 834 4063 νηστεύουσι.

2041 3995 2198 4052 multi
2229 4002 2469 4051 servant.

903 4086 1252 4143 Emrmon
1279 4090 1374 4158 ς’.

2578 4084 2877 4142 TlTULUS
2902 4084 2991 4142 Vl.

889 4182 1029 4251 Περὶ
1060 4181 1394 4250 βασιλέως.

2677 4177 2750 4231 De
2781 4180 3113 4246 imperatore.

465 4273 529 4328 '0
557 4274 962 4342 ἐνενηκοστὸς
995 4275 1194 4342 τρίτος
1219 4275 1332 4344 τῆς
1360 4275 1430 4330 ὲν
1455 4274 1832 4348 Καρθαγένῃ.

1559 4277 1832 4348 ρθαγένῃ.
2356 4268 2542 4326 Canon
2586 4267 2656 4324 95
2691 4267 3176 4340 Carthaginiensis.

437 4367 502 4420 Ol
541 4366 781 4436 βασιλεῖς
815 4370 882 4439 τῇ
947 4367 1252 4440 Ἐκκλησία
1283 4368 1674 4441 βοηθείτωσαν,
1705 4371 1779 4434 ὡς
1837 4368 1932 4424 καὶ

2110 4361 2481 4435 Imperatores
2553 4361 2812 4416 Ecclesiae
2863 4373 3186 4418 succurrant
3216 4403 3231 4425 .
3262 4366 3621 4430 quemadmo-

365 4459 572 4528 Παύλῳ
597 4459 726 4513 ποτὲ
755 4459 1123 4514 κινδυνεύοντι
1154 4464 1527 4535 στρατιωτικὴ
1556 4465 1680 4534 χεὶρ
1704 4461 1933 4533 ἐϐοήθη-
1963 4526 1982 4535 _

2040 4456 2168 4510 dum
2193 4467 2244 4509 et
2281 4455 2449 4510 Paulo
2478 4455 2747 4524 quondam
2787 4455 3116 4523 periclitanti
3153 4473 3346 4513 manus
3373 4459 3625 4514 militaris

363 4526 554 4606 asv.‘
1222 4526 1237 4532 -
1512 4526 1664 4535 ,Π-
1819 4526 1980 4588 --1

1222 4526 1237 4532 -
1649 4526 1664 4534 τ
1819 4526 1832 4533 ’
1891 4526 1904 4531 1
1963 4526 2246 4606 Dauxilio
2282 4548 2400 4602 fuit.

764 4646 828 4700 'o
862 4648 948 4712 ea
993 4646 1104 4717 τῆς
1137 4646 1208 4702 ἐν
1252 4647 1550 4717 mem.
1692 4676 1696 4680 -

1544 4687 1550 4699 ,
1692 4676 1696 4680 -
2537 4640 2606 4698 69
2633 4641 2824 4697 habita:
2865 4643 2920 4698 in
2958 4643 3161 4698 Trulla.

443 4740 614 4792 ’Δνευ
647 4739 939 4810 βασιλέως,
977 4742 1053 4812 μή
1089 4757 1172 4805 τις
1205 4740 1286 4805 είς
1317 4740 1380 4794 τδ
1415 4741 1728 4812 ἱλαστήριον
1764 4743 1944 4814 είσερ·

2116 4732 2352 4804 Excepto
2410 4735 2765 4808 imperatore,
2802 4751 2959 4791 nemo
2979 4735 3413 4808 propitiatorium
3450 4739 3625 4813 ingrc-

365 4834 570 4902 χέσθω.

2046 4827 2214 4886 ditor.

684 4923 749 4980 Ὀ
773 4929 828 4979 .1'
857 4925 963 4980 τοῦ
989 4926 1270 4997 Μεγάλου
1295 4928 1642 4983 Βασιλείου.

1556 4945 1642 4982 ου.
2643 4922 2712 4978 50
2745 4919 2933 4977 Basilii
2967 4921 3173 4994 Magni.

443 5020 664 5090 Ἄρχων
693 5019 785 5072 ἐπὶ
818 5019 974 5090 κακῷ
1000 5023 1110 5082 τοῖς
1132 5020 1460 5091 ἀρχομένοις
1486 5021 1705 5090 ὀμνύων
1722 5061 1738 5088 ,
1778 5021 1942 5086 αὐτὸς

2152 5011 2520 5082 Magistratus,
2557 5017 2648 5086 qui
2674 5015 2825 5085 jurat
2853 5018 2904 5071 in
2935 5020 3232 5086 perniciem
3258 5021 3621 5085 subditorum,

370 5113 473 5181 μὲν
502 5112 871 5183 ὲπιτιμάσθω,
908 5117 988 5185 μὴ
1010 5114 1318 5186 προχείρως
1341 5115 1568 5185 ὀμνύειν
1586 5130 1602 5146 ο
1634 5116 1662 5169 ὁ
1683 5115 1740 5168 δὲ
1780 5117 1943 5187 ὅρκος

2046 5105 2163 5176 ipse
2183 5107 2398 5176 quidem
2432 5108 2673 5174 docetor,
2708 5125 2780 5165 ne
2803 5120 3005 5168 temere
3039 5113 3183 5184 juret
3206 5114 3623 5186 ;jusjurandum

363 5205 716 5280 ἁκυρούσθω.

2047 5215 2178 5257 vero
2209 5201 2424 5257 irritum
2459 5213 2601 5258 esto.

827 5491 1237 5580 TMHMA
1313 5489 1456 5590 α’.
2505 5486 2928 5577 SECTIO
2999 5489 3168 5578 Vl.

859 5653 1041 5706 ΠΕΡΙ
1069 5655 1468 5710 ΓΥΝΑΙᾹὩΝ.

2516 5661 2558 5714 1)
2572 5661 2610 5714 Ε
2672 5661 2723 5715 Μ
2735 5657 3153 5717 ULIERIBUS.

740 5763 804 5818 '0
838 5763 932 5835 μδ⁹
961 5765 1072 5834 τῆς
1105 5767 1174 5821 ἐν
1211 5767 1583 5838 Καρθαγένῃ.

2439 5772 2623 5850 Canon
2655 5775 2724 5830 Η
2747 5775 3219 5842 Carthaginiensis.

444 5854 510 5906 Αἱ
540 5854 685 5923 ἱεραὶ
709 5857 964 5927 παρθένοι
987 5859 1098 5913 τῶν
1131 5861 1384 5930 πατέρων
1427 5859 1818 5933 ἀφιστάμεναι,
1873 5862 1939 5934 τῇ

2124 5859 2305 5920 Sacra:
2340 5865 2594 5938 virgines,
2625 5881 2745 5921 cum
2776 5885 2801 5921 a
2831 5867 3144 5937 parentibus
3168 5869 3471 5940 discedunt,
3507 5867 3627 5940 epl-
