4096 6466
471 347 585 459 ,πε

1594 385 1920 450 MACARII
1954 386 2597 450 CHRYSOCEPHALI

3655 389 3752 455 1'56

479 511 748 576 oblectet,
796 522 958 580 quam
1017 505 1185 574 gloria
1241 503 1451 559 Domini
1488 503 1617 565 mei,
1671 504 2053 556 universorum

2177 505 2290 574 ρίου
2321 517 2423 575 μου
2453 507 2579 570 δόξα
2607 503 2917 576 καθέστηκε
2953 506 3048 561 τοῦ
3079 509 3302 564 πάντων
3331 507 3470 564 Θεοῦ
3519 513 3612 566 καὶ
3647 515 3756 566 Σω-

479 600 868 656 Gubernatoris
897 605 949 652 et
981 594 1279 650 Salvatoris
1310 594 1531 648 Christi.
1567 595 1633 645 At
1679 595 1792 648 Itarc
1819 595 1922 646 alia
1950 608 2056 647 non

477 705 587 760 est,
622 707 783 762 quam
821 689 981 743 "Crux
1033 687 1182 743 omni
1232 687 1586 741 veneratione
1622 685 1938 751 dignissima
1981 697 2062 737 to-

483 786 698 852 tiusque
748 780 928 835 mundi
975 778 1250 847 singulare
1300 790 1704 832 ornamentum.
1753 775 1903 828 lltnc
1937 791 2058 828 cum

482 876 708 930 exaltari
764 874 1072 942 conspicor,
1126 871 1337 928 exaltor
1388 871 1550 924 simul
1607 880 1661 923 et
1708 885 1808 938 ego
1861 884 2060 928 metue,

481 969 925 1036 orationibusque
957 965 1139 1020 crucis
1165 965 1350 1018 laudes
1407 964 1790 1018 enarrantibus
1828 963 2062 1033 gaude-re

479 1064 694 1123 solitus,
741 1075 837 1112 vos
883 1073 1100 1128 quoque
1155 1059 1333 1128 gaudii
1401 1057 1563 1124 hujus
1615 1066 1668 1109 et
1717 1056 2060 1110 canticorum

477 1155 838 1224 iucunditatis
867 1152 1161 1223 participes
1198 1151 1399 1205 habere
1421 1162 1640 1217 exopto.
1666 1150 1870 1204 Adeste
1899 1149 2063 1213 igitur

477 1261 531 1301 et
590 1246 862 1302 accurrite
922 1260 1113 1299 omnes
1171 1243 1265 1314 qui
1312 1243 1568 1296 habitatis
1621 1243 1834 1304 orbem,
1888 1253 1941 1293 et
1993 1257 2063 1294 ex

478 1338 677 1393 Psalmi
707 1340 948 1402 tnonitis,
987 1337 1234 1389 manibus
1263 1336 1601 1403 plaudentes,
1629 1333 1822 1403 spiritu
1854 1342 2062 1386 mentes

478 1428 745 1489 extollite,
781 1428 1154 1496 hymnumque
1199 1425 1478 1478 tictricem
1535 1424 1842 1486 decantate,
1892 1431 1948 1475 et
1991 1438 2059 1476 ex

477 1520 745 1573 beneﬁcio
777 1520 1050 1572 canticum
1091 1516 1305 1582 elIlcite,
1329 1527 1382 1571 et
1407 1516 1621 1571 sublata
1658 1516 1856 1569 laetitia:
1881 1531 2009 1566 vove
2043 1554 2059 1580 ,

477 1614 802 1666 Annuuliale
830 1626 995 1680 usque
1025 1610 1093 1663 ad
1125 1619 1418 1663 extremum
1453 1619 1608 1661 terra:
1631 1608 1647 1637 ¹
1669 1650 1683 1668 ,
1719 1617 1773 1661 et
1802 1622 1829 1659 a
1869 1607 2064 1662 ﬁnibus

477 1705 626 1758 orbis
665 1705 921 1757 audiatur
952 1701 1264 1765 exsultatio,
1308 1710 1361 1752 et
1384 1699 1622 1754 salutare
1658 1699 1748 1752 Dei
1777 1699 2061 1751 admiran-

480 1799 565 1850 dis
650 1795 907 1865 operibus
978 1795 1218 1863 plenum.
1310 1793 1521 1846 Etenim
1596 1807 1682 1844 me
1749 1790 2062 1858 magnitudo

481 1889 748 1962 mysterii,
809 1888 1194 1958 przesentisque
1245 1885 1578 1939 celebritatis
1609 1883 1782 1937 virtus
1832 1885 1883 1936 in
1915 1883 2057 1936 obli-
2089 1867 2133 1925 Β

479 1983 694 2034 vioucm
761 1995 895 2033 τηρεε
951 1977 1342 2032 imbecillitatis
1403 1977 1716 2038 adducunt,
1769 1978 2059 2044 crucisque

479 2076 665 2128 laudes
698 2075 1010 2135 decantare,
1039 2072 1325 2139 ipsamque
1370 2081 1600 2123 mortem
1639 2086 1666 2121 a
1704 2069 1932 2121 Domino
1963 2083 2060 2136 pro

480 2185 566 2224 me
605 2169 906 2238 oppetitant
941 2167 1138 2236 (quoad
1172 2167 1318 2218 vires
1355 2161 1653 2233 patiuntur)
1697 2161 1977 2226 extollere,
2006 2169 2062 2215 et

479 2261 695 2316 vitalem
721 2261 1201 2323 ream-rectionem,
1233 2273 1356 2326 qua:
1381 2258 1610 2327 gloriam
1636 2257 1794 2311 nobis
1828 2257 2060 2325 peperit,

479 2352 856 2408 universitatis
885 2350 1047 2421 hujus
1090 2349 1339 2405 terminis
1379 2349 1633 2402 nuntiare
1681 2350 2059 2404 cohortantur.

481 2445 617 2518 Nam
655 2444 827 2513 gloria
863 2442 1082 2512 generis
1129 2442 1327 2504 nostri,
1357 2439 1529 2510 gloria
1567 2439 1773 2495 Christi
1805 2450 1909 2504 est,
1941 2455 2060 2494 ser-

479 2538 706 2606 varique
737 2551 834 2605 per
857 2549 1075 2591 crucem
1123 2534 1320 2589 merito
1355 2532 1539 2588 crucis
1570 2531 1896 2587 beneﬁcium
1925 2547 2062 2600 prae-

476 2633 743 2688 dicamus.

546 2722 803 2791 Optarent
837 2720 1086 2791 quidem,
1110 2719 1291 2773 statim
1326 2719 1426 2773 sul)
1453 2717 1737 2772 exordium
1767 2718 2058 2782 orationis,

478 2816 782 2884 angelicam
821 2815 952 2869 mihi
987 2814 1178 2867 donari
1210 2813 1469 2881 linguam,
1495 2826 1792 2877 vocemque
1822 2811 2060 2866 humana

479 2909 814 2974 superiorem
839 2915 892 2958 et
919 2903 1386 2969 excellentiorem,
1405 2915 1459 2958 et
1482 2919 1605 2972 quae
1627 2905 1734 2956 vim
1760 2919 1854 2972 per
1885 2914 2061 2956 terras

479 3009 536 3054 et
573 2999 742 3051 maria
780 2996 1098 3066 penetrandi
1135 2995 1376 3058 haberet,
1410 3011 1635 3064 quaeque
1663 3005 1890 3048 cunctos
1915 3011 2062 3048 mor-

481 3090 622 3144 tales
652 3088 928 3158 pra-conio
957 3089 1217 3150 altisono,
1248 3098 1303 3142 et
1333 3088 1398 3142 ad
1447 3103 1639 3142 omnes
1677 3097 1956 3151 manante,
1994 3090 2060 3140 ad

480 3181 914 3238 anniversariam
967 3179 1072 3234 diei
1109 3178 1271 3248 hujus
1312 3179 1659 3234 festivitatem
1711 3191 2056 3246 convocaret,

480 3283 542 3328 ut
565 3289 688 3328 cum
721 3272 1094 3344 magnitudine
1124 3272 1303 3341 gaudii
1329 3282 1642 3342 mquaretur
1680 3273 1846 3325 etiam
1878 3272 2064 3326 laetan-

483 3367 618 3422 tium
662 3377 985 3432 conventus,
1040 3380 1070 3419 a
1121 3365 1320 3419 ﬁnibus
1370 3374 1531 3418 terra:
1577 3363 1861 3430 collectus,
1897 3374 1951 3418 et
1996 3382 2060 3419 ex

482 3459 662 3514 omnis
726 3457 1058 3512 conditionis
1107 3457 1418 3512 hominibus
1467 3457 1841 3513 constitutus:
1877 3458 2062 3513 uthac

485 3553 696 3606 ratione
721 3550 878 3619 quasi
916 3549 1042 3604 tuba
1083 3551 1316 3620 quadam
1359 3547 1611 3604 omnibus
1672 3551 1832 3616 hujus
1865 3549 2062 3603 solem-

485 3644 674 3698 nitatis
705 3651 867 3712 caput
892 3651 947 3695 et
974 3655 1243 3695 summam
1280 3639 1671 3710 signiﬁcarem,
1698 3651 1751 3695 et
1778 3643 2063 3710 perspicue

481 3735 857 3799 declararem;
882 3735 1030 3796 tuba,
1059 3732 1302 3802 inquam,
1328 3746 1432 3785 non
1465 3747 1528 3786 ex
1557 3747 1664 3788 aere
1697 3730 1820 3786 fusa
1845 3743 1902 3787 et
1929 3734 2063 3785 arti.

485 3829 669 3882 liciose
708 3832 982 3888 contecta,
1026 3824 1121 3880 sed
1179 3838 1344 3878 aurea
1397 3823 1485 3877 illa
1531 3835 1585 3877 et
1621 3824 1910 3892 spirituali,
1943 3842 2063 3892 quae

486 3923 724 3974 maximo
766 3933 865 3972 suo
894 3925 1216 3972 ornamento
1273 3925 1330 3970 et
1372 3916 1734 3971 immortalem
1776 3917 2063 3972 sincerita-

484 4023 618 4076 tem,
653 4022 708 4067 et
731 4011 1099 4066 omnimodam
1125 4009 1590 4079 incorruptionem
1625 4010 1808 4064 habet.

557 4107 694 4160 Cum
731 4117 865 4157 vero
898 4103 1006 4156 duo
1048 4101 1178 4168 sint,
1211 4117 1330 4170 qua:
1358 4111 1412 4156 et
1445 4116 1633 4156 vocem
1675 4114 1732 4156 et
1759 4101 2059 4157 orationem

487 4213 666 4252 meam
704 4211 732 4249 a
769 4195 1050 4265 proposito
1095 4203 1150 4248 et
1188 4192 1406 4264 incepto
1445 4194 1715 4248 abducere
1749 4195 2062 4258 moliantur,

486 4290 654 4344 animi
689 4287 998 4353 inﬁrmitas,
1031 4295 1086 4341 et
1144 4287 1195 4340 in
1255 4297 1365 4339 tam
1419 4287 1596 4339 varias
1645 4287 1836 4344 mundi,
1876 4289 2066 4358 plagas

487 4378 727 4444 gentium
777 4374 1018 4439 diﬂ‘usid,
1069 4375 1236 4430 etiam
1289 4385 1454 4444 atque
1502 4375 1666 4429 etiam
1719 4390 1837 4439 oro,
1885 4386 1944 4430 ut
2000 4379 2065 4431 ad

489 4471 775 4534 utrumque
800 4466 1163 4520 amoliendum
1221 4480 1378 4534 opem
1412 4465 1542 4524 mihi
1572 4466 1788 4532 feratis,
1831 4481 1890 4524 ut
1918 4469 2064 4522 illam

489 4559 708 4628 quidem
747 4558 1002 4628 precibus
1047 4559 1243 4612 vestris
1273 4558 1644 4612 corroboretis
1667 4597 1682 4621 ,
1716 4560 1854 4613 hanc
1887 4573 2064 4613 autent

489 4651 823 4719 ΐιοψιειιιὶει,
864 4649 1144 4719 densoque
1194 4665 1422 4704 accursu
1460 4662 1666 4711 vestro,
1701 4660 1756 4705 et
1786 4651 2069 4704 alacritate

492 4743 560 4796 ad
615 4743 742 4796 andi
781 4745 970 4806 udum,
1026 4743 1426 4810 compensetis;
1485 4742 1564 4796 sic
1619 4743 1762 4796 enim
1821 4743 2072 4798 fortassis

491 4838 826 4904 propositam
867 4835 1151 4888 materiam
1187 4836 1414 4903 propius
1455 4835 1751 4901 attingere,
1783 4847 1836 4888 et
1865 4839 2073 4888 oratio-

494 4927 602 4991 nis,
633 4927 703 4981 ob
732 4940 1078 4980 communem
1111 4928 1274 4980 totius
1323 4925 1474 4980 orbis
1505 4925 1878 4980 celebritatem
1913 4927 2074 4982 insti-

496 5030 645 5082 tutae,
679 5029 876 5072 metam
913 5017 1130 5086 assequi
1166 5015 1366 5069 licebit.
1398 5014 1684 5070 Etaltatur
1716 5033 1846 5086 ergo
1881 5019 2076 5072 adora-

499 5111 662 5165 tionis
691 5124 854 5164 causa
891 5106 1203 5163 veneranda
1252 5105 1469 5161 Domini
1513 5124 1690 5174 crux;
1749 5120 1803 5166 at
1855 5111 2073 5166 interim

497 5213 706 5270 prostat
768 5202 819 5256 in
873 5209 1258 5270 argumentum
1312 5201 1550 5262 dicendi,
1607 5203 1877 5272 simulque
1931 5213 2078 5260 astat

497 5295 792 5350 multitudo
841 5294 1152 5348 timentium
1204 5292 1513 5358 Dominum,
1551 5296 1752 5363 pepuli,
1803 5297 1993 5361 tribus,
2023 5307 2078 5353 et

496 5388 694 5454 lingua-
731 5401 766 5448 a
810 5383 1008 5441 finibus
1041 5387 1549 5450 terrarumexcitm,
1583 5387 1796 5443 videndi
1828 5391 1989 5443 simul
2022 5399 2078 5444 et

494 5478 751 5533 audiendi
779 5492 970 5531 causa.
1000 5475 1112 5530 Nec
1145 5479 1252 5538 est,
1283 5477 1376 5546 qui
1410 5478 1777 5536 laudationem
1817 5482 2078 5538 mirandis

498 5571 661 5624 rebus
691 5583 876 5638 parem
915 5567 1181 5624 allaturus
1222 5569 1316 5624 sit.
1348 5569 1485 5635 Quis
1509 5572 1653 5625 enim
1684 5570 1862 5639 eloqui
1907 5573 2078 5641 possit

496 5660 763 5729 potentias
791 5657 1024 5728 Domini,
1057 5670 1108 5715 et
1154 5661 1372 5717 auditas
1401 5662 1576 5730 facere
1602 5680 1779 5719 omnes
1799 5663 2076 5718 laudatio-

575 5843 592 5872 ⁸
623 5843 750 5906 Aet.
781 5853 902 5903 xm,
937 5839 1028 5898 47.

2167 597 2332 666 τῆρος
2359 596 2619 667 Χριστοῦ.
2646 595 2795 664 Αὕτη
2827 599 2882 650 δέ
2915 601 3063 652 ἐστιν
3091 603 3118 654 ό
3150 603 3562 672 πανσεὸἀσμιος
3591 623 3754 658 σταυ-

2169 690 2282 758 ρὸς,
2315 690 2348 759 ἡ
2383 687 2706 758 παγκόσμος
2738 685 3072 759 εὐπρέπεια.
3104 694 3214 747 Καὶ
3244 693 3435 748 τοῦτον
3469 696 3565 748 νῦν
3593 695 3760 764 ὑψοῦ-

2171 798 2331 849 μενον
2366 781 2602 848 βλέπων.
2658 781 2999 852 συνυψοῦμαι
3032 787 3100 852 τῇ
3147 785 3379 854 διανοίᾳ,
3428 787 3523 838 καὶ
3553 790 3760 857 χαίρων

2166 873 2276 932 τοῖς
2308 873 2437 941 περὶ
2473 870 2639 924 αὐτοῦ
2690 873 2890 940 λόγοις,
2942 879 3233 937 κοινωνοὺς
3261 877 3405 944 ὑμᾶς
3440 877 3586 946 ἔχειν
3623 878 3761 942 ἀξιῶ

2165 964 2264 1032 τῆς
2295 963 2671 1032 φαιδρότητος,
2714 969 2808 1018 καὶ
2840 965 2935 1034 τῆς
2962 966 3070 1020 τῶν
3115 968 3378 1038 ᾀσμάτων
3416 969 3757 1038 φιλοτιμίας.

2168 1054 2511 1122 Συνδράμετε
2547 1054 2604 1106 δὲ
2637 1055 2836 1118 πάντες
2871 1059 2918 1108 οί
2949 1058 3338 1122 κατοικοῦντες
3366 1060 3466 1130 τὴν
3498 1061 3762 1129 οἰκουμέ-

2167 1163 2286 1214 νην,
2329 1145 2423 1198 καὶ
2455 1146 2753 1216 ψαλμικῶς
2797 1147 2900 1210 τὰς
2943 1153 3134 1218 χεῖρας
3173 1150 3561 1219 κροτήσαντες,
3597 1171 3764 1206 πνευ-

2167 1239 2414 1308 ματικῶς
2444 1243 2544 1304 τὰς
2588 1241 2795 1311 φρένας
2827 1240 3108 1311 ὐψώσατε,
3167 1247 3263 1298 καὶ
3293 1245 3561 1298 ἐπινίκιον
3592 1246 3763 1314 ὕμνον

2166 1334 2518 1404 ἀνακράξατε
2557 1333 2859 1404 μελῴδημα
2892 1335 2952 1388 τὸ
2981 1338 3332 1406 εὐεργέτημα
3367 1338 3759 1407 ποιησάμενοι,

2167 1425 2258 1476 καὶ
2316 1427 2504 1494 φωνὴν
2552 1425 2896 1497 εὐφροσύνης
2931 1427 3302 1497 έξηχήσαντες
3351 1430 3760 1498 drum-allata

2165 1516 2276 1582 ἕως
2303 1517 2571 1585 ἐσχάτου
2614 1517 2726 1584 τῆς
2777 1518 2906 1588 γῆς,
2942 1523 3037 1571 καὶ
3069 1522 3339 1574 ἀκουστὸν
3371 1522 3616 1588 γενέσθω
3645 1523 3765 1585 τοῖς

2169 1612 2372 1680 πέρασι
2400 1611 2740 1680 ἀγαλλίαμα,
2765 1611 2826 1664 τὸ
2857 1609 2950 1664 τοῦ
2995 1611 3130 1665 Θεοῦ
3165 1615 3432 1683 σωτήριον
3463 1613 3766 1683 τερατούρ-

2167 1719 2342 1769 γημα.
2379 1704 2538 1772 Κάμὲ
2563 1706 2670 1773 γὰρ
2700 1703 2796 1758 τοῦ
2828 1706 3131 1775 μυστηρίου
3156 1706 3218 1758 τὸ
3251 1706 3500 1776 μέγεθος.
3532 1709 3628 1759 καὶ.
3653 1707 3764 1774 τῆς

2167 1794 2378 1863 ἡμέρας
2415 1795 2703 1866 ήδύναμις
2733 1795 3096 1849 ἐπιλαθέσθαι
3140 1801 3238 1867 τῆς
3293 1798 3579 1860 ἀσθενείας
3615 1815 3762 1862 προ-

2163 1886 2445 1952 τρέπεται,
2476 1887 2570 1939 ml
2611 1887 2706 1939 τοῦ
2743 1889 2983 1958 σταυροῦ
3013 1891 3114 1959 τὴν
3153 1890 3434 1958 εὐφημίαν
3465 1889 3760 1960 κρατῆσαι,

2163 1978 2325 2031 αὐτὸν
2353 1978 2410 2030 δὲ
2449 1979 2540 2031 τὸν
2582 1979 2648 2032 δι’
2695 1980 2798 2049 ἐμὲ
2840 1981 2936 2034 τοῦ
2966 1983 3238 2034 Δεσπότου
3281 1982 3536 2045 θάνατον,
3560 1983 3636 2046 ὡς
3665 1983 3766 2036 δυο

2162 2069 2322 2121 νατὸν
2353 2069 2677 2139 ἐξυμνῆσαι,
2721 2071 2813 2124 καὶ
2847 2073 2947 2140 τὴν
2973 2071 3261 2144 ζωηφόρον
3293 2072 3596 2126 ἀνάστασιν
3624 2091 3766 2126 κατ-

2163 2161 2423 2226 ἀγγεῖλαι
2454 2164 2569 2225 τοῖς
2625 2163 2850 2233 πέρασι,
2878 2165 2946 2217 δι’
2969 2159 3035 2236 ἦς
3064 2166 3454 2236 ὲδοξάσθημεν.
3483 2167 3624 2232 Δόξα
3648 2168 3768 2237 γὰρ

2162 2254 2258 2305 τοῦ
2298 2257 2491 2321 γένους
2535 2256 2698 2326 ἡμῶν
2728 2258 2762 2325 ή
2810 2257 2907 2308 τοῦ
2950 2257 3188 2326 Χριστοῦ
3218 2261 3414 2327 γέγονε
3461 2260 3616 2325 δόξα,
3659 2263 3768 2314 καὶ

2167 2348 2505 2413 σεσωσμένοι
2539 2348 2626 2400 διὰ
2663 2347 2927 2418 σταυροῦ,
2969 2349 3064 2402 καὶ
3117 2350 3217 2421 τὴν
3259 2351 3585 2420 εὐεργεσίαν
3624 2351 3770 2404 ἀναο

2167 2457 2234 2510 κη
2245 2439 2530 2510 ρύττομεν.

2247 2707 2582 2778 Ἐϐουλόμην
2605 2708 2737 2776 γοῦν
2759 2709 3064 2780 ἀρχόμενος
3100 2710 3196 2764 τοῦ
3235 2711 3420 2780 λόγου,
3455 2713 3546 2767 καὶ
3585 2714 3768 2781 γλῶτ-

2164 2819 2265 2854 ταν
2295 2801 2456 2865 εὐθὺς
2489 2803 2793 2872 ἀγγελικὴν
2842 2803 3048 2866 λαϐεῖν,
3097 2805 3192 2858 καὶ
3239 2807 3425 2876 φωνὴν
3469 2808 3768 2878 εἰληφέναι

2167 2892 2386 2962 φύσεως
2436 2894 2794 2964 ἀνθρωπίνης
2842 2896 3151 2964 κρείττονα,
3184 2899 3280 2950 καὶ
3318 2897 3407 2951 διά
3443 2900 3632 2967 ,πάσης
3666 2903 3766 2954 δυ-

2167 2988 2409 3056 ναμένην
2440 2988 2541 3058 γῆς
2578 2991 2669 3040 καὶ
2700 2987 2979 3057 Θαλάσσης
3010 2991 3386 3057 ἀφικνεῖσθαι,
3423 2993 3517 3044 καὶ¹
3547 2993 3767 3057 πάντας

2166 3081 2491 3149 ἀνθρώπους
2528 3084 2584 3132 ἐν
2631 3081 2823 3151 ὑψηλῷ
2889 3083 3120 3136 καλέσαι
3168 3085 3264 3136 καὶ
3313 3084 3623 3153 διαπρυσίῳ
3661 3101 3772 3155 κη·-

2171 3175 2412 3243 ρύγματι
2444 3175 2578 3241 πρός
2611 3173 2707 3242 τὴν
2767 3176 2986 3240 ἐτήσιον
3024 3175 3231 3243 ταύτην
3260 3177 3358 3244 τῆς
3390 3177 3587 3245 ἑορτῆς
3606 3178 3771 3230 τελε-

2163 3270 2284 3336 τὴν,
2312 3268 2400 3320 ἵνα
2429 3266 2506 3336 τῷ
2541 3269 2641 3335 τῆς
2671 3267 2847 3336 χαρᾶς
2891 3267 3111 3336 μεγέθει
3147 3269 3636 3335 συνεπεκτείνηταὶ
3666 3287 3768 3338 μοι

2165 3359 2258 3412 καὶ
2291 3361 2400 3412 τῶν
2433 3360 2883 3426 εὐφραινομένων
2908 3363 2935 3410 ό
2970 3359 3226 3429 σύλλογος
3264 3363 3327 3414 ὲκ
3357 3361 3614 3430 περάτων
3651 3361 3767 3431 γῆς

2166 3455 2258 3506 καὶ
2312 3453 2512 3514 παντὸς
2548 3453 2738 3518 γένους
2784 3452 3094 3521 ἀνθρώπων
3130 3453 3507 3524 συνεστηκὼς,
3542 3457 3638 3508 καὶ
3668 3453 3770 3508 οῦ-

2163 3561 2274 3606 τως
2307 3543 2382 3604 ὡς
2419 3542 2508 3595 διὰ
2546 3543 2853 3610 σάλπιγγος
2898 3545 3105 3614 ὴχῆσαι
3149 3546 3290 3614 μέγα
3322 3547 3417 3598 καὶ
3456 3544 3770 3614 διατρανῶ-

2167 3655 2258 3689 σαι
2293 3637 2433 3688 πᾶσι
2462 3635 2562 3704 τῆς
2597 3637 2967 3707 πανηγύρεως
2995 3638 3055 3690 τὸ
3086 3639 3411 3706 κεφάλαιον,
3449 3637 3767 3705 σάλπιγγος

2164 3731 2224 3783 οὐ
2259 3729 2641 3798 χαλκοστόμου
2675 3731 2822 3791 τινὸς
2856 3731 2952 3782 καὶ
3003 3730 3286 3798 τεχνικῆς,
3324 3730 3460 3783 ἀλλὰ
3491 3733 3592 3797 τῆς
3618 3747 3769 3798 παγο-

2164 3823 2368 3893 χρύοου
2419 3823 2514 3875 καὶ
2557 3825 2964 3892 πνευματικῆς,
2995 3823 3119 3893 ἥτις
3153 3827 3292 3893 μετὰ
3321 3824 3423 3893 τῆς
3459 3824 3766 3891 καλλίστης

2167 3919 2504 3986 εὐπρεπείας
2545 3917 2639 3974 καὶ
2694 3915 2753 3971 ὣ
2803 3916 3082 3987 ἀκήρατον
3120 3916 3256 3987 ἔχει,
3293 3917 3387 3971 καὶ
3427 3916 3566 3979 ὅλως
3600 3917 3765 3971 ἀδιά-

2166 4009 2391 4079 φθόρον.

2237 4105 2394 4155 Δυοίν
2445 4101 2501 4154 δὲ
2559 4102 2750 4161 όντων,
2810 4102 2953 4171 άπερ
2993 4119 3083 4171 μοι
3123 4106 3422 4174 συνέχοντα
3477 4105 3617 4172 μετά
3651 4103 3762 4174 τῆς

2168 4194 2359 4262 φωνῆς
2415 4193 2508 4246 καὶ
2542 4193 2634 4245 τὸν
2665 4193 2825 4260 λόγον
2859 4194 3100 4260 ἀπάγειν
3146 4192 3322 4245 ἐθέλει
3353 4193 3446 4245 τοῦ
3495 4194 3767 4263 πράγμα-

2167 4303 2281 4351 τος,
2314 4285 2407 4338 καὶ
2437 4287 2536 4354 τῆς
2562 4286 2937 4356 ἐγχειρήσεως
2967 4287 3260 4355 ἀπείργειν
3288 4285 3388 4356 τὴν
3423 4285 3634 4354 ἔφεσιν,
3658 4287 3770 4355 ψυο

2167 4375 2330 4446 χικῆς
2383 4376 2603 4438 ἀτονίας
2634 4355 2761 4429 καὶ
2801 4377 3014 4446 μήκους
3047 4376 3220 4428 ἐθνῶν
3257 4355 3584 4449 διασπορᾶς,
3619 4355 3764 4447 πρὸς

2168 4469 2458 4538 ἀμφότερα
2512 4467 2781 4539 βοηθῆσαί
2815 4487 2908 4539 μοι
2958 4471 3284 4538 διανάστητε
3317 4470 3413 4524 νῦν
3447 4472 3626 4540 ὑμεῖς,
3664 4475 3759 4524 καλ

2171 4563 2272 4631 τὴν
2333 4563 2432 4632 μὲν
2488 4563 2837 4635 ἐπιρρώσατε
2890 4567 3013 4626 ταῖς
3067 4565 3278 4632 εὐχαῖς,
3311 4562 3410 4633 τὴν
3438 4563 3493 4615 δὲ
3549 4565 3761 4633 σπουδῇ
3849 4608 3857 4613 .

2179 4653 2648 4725 συμπληρώσατε,
2678 4656 3112 4724 προστρέχοντες
3160 4655 3411 4724 ἀσμένως
3440 4656 3533 4707 ἐπὶ
3575 4654 3636 4706 τὸ
3664 4658 3762 4722 κή-

2181 4762 2391 4816 ρυγμα,
2427 4745 2523 4798 καὶ
2575 4745 2991 4815 προθυμότερον
3033 4745 3134 4814 τῆς
3164 4745 3488 4816 ἀκροάσεως
3521 4748 3762 4814 ἐφαπτό-

2181 4854 2360 4908 μενοιο
2403 4838 2575 4902 οὕτως
2607 4837 2674 4892 ἂν
2719 4839 2851 4902 ἴσως
2881 4839 2975 4891 καὶ
3015 4837 3287 4908 δυναίμην
3325 4837 3494 4906 ἐγγύς
3526 4857 3630 4892 που
3661 4841 3766 4908 τῆς

2177 4929 2494 5000 προθέσεως
2523 4931 2724 4997 ἐλθεῖν,
2757 4931 2853 4983 καὶ
2883 4931 2974 4983 τὸν
3005 4931 3163 4998 λόγον
3207 4931 3352 4998 κατὰ
3388 4931 3590 4983 σκοπὸν
3623 4947 3769 5000 συμ-

2179 5023 2415 5092 περᾶναι
2458 5023 2558 5091 τῆς
2603 5023 2992 5092 οίκουμενικῆς
3047 5023 3436 5092 πανηγύρεως.
3471 5023 3582 5075 Καὶ
3627 5025 3770 5090 γοῦν

2180 5109 2414 5180 ὑψοῦται
2443 5113 2544 5181 μὲν
2575 5115 2655 5176 εἰς
2684 5110 3066 5182 προσκύνησιν
3091 5115 3119 5165 ό
3149 5115 3329 5184 τίμιος
3356 5113 3450 5166 τοῦ
3485 5118 3784 5170 Δεσπότου

2182 5205 2437 5272 σταυρὸς,
2462 5206 2750 5275 πρόκειται
2783 5206 2840 5258 δὲ
2871 5207 2952 5270 είς
3001 5207 3288 5277 ἐξήγησιν,
3313 5209 3452 5278 ὅπερ
3477 5208 3645 5261 αὐτοῦ
3679 5209 3772 5261 λό-

2180 5314 2278 5366 γος
2329 5303 2425 5350 καὶ
2481 5299 2693 5368 πληθὺς
2746 5301 3069 5370 παρέστηκε
3108 5302 3220 5353 τῶν
3269 5301 3624 5371 φοϐουμένων
3669 5303 3768 5355 τὸν

2141 5389 2409 5457 ,Κύριοι
2466 5391 2609 5453 λαοὶ,
2671 5391 2857 5460 φυλαὶ,
2911 5393 3004 5444 καὶ
3031 5393 3276 5460 γλῶσσαι
3310 5394 3370 5457 ἐξ
3423 5393 3608 5464 ἄκρων
3657 5395 3770 5462 γῆς

2183 5482 2692 5553 συνδεδραμηκότες
2717 5485 2794 5546 εἰς
2821 5484 2920 5554 τὴν
2940 5484 3278 5554 πρόσδλεψιν
3310 5485 3448 5554 όμοῦ
3473 5487 3566 5540 καὶ
3593 5487 3768 5554 ἀκρό-

2183 5589 2331 5626 ασιν.
2369 5573 2480 5625 Καὶ
2536 5574 2646 5628 τὼν
2704 5574 3026 5644 θαυμασίων
3075 5576 3236 5642 ἀξίαν
3283 5576 3382 5647 τὴν
3426 5577 3705 5648 εὐφημίαν
3737 5579 3772 5632 ὁ

2183 5666 2576 5736 προσκομίσων
2607 5669 2753 5722 ἐστὶν
2793 5669 2993 5731 οὐδείς.
3043 5669 3140 5730 Τίς
3169 5672 3280 5741 γὰρ
3333 5670 3428 5726 καὶ
3475 5671 3771 5743 δυνήσεται
