4016 6452
1799 258 1843 275 ν,
1885 260 1975 273 ..ω
2042 263 2046 267 4

533 384 633 447 187

1651 387 1969 449 MACARII
2018 386 2652 448 CHRYSOCEPHALI
3672 390 3761 451 188

530 501 771 555 nistrat:
806 506 924 570 quo
964 499 1172 557 Christi
1223 500 1533 568 victoriam,
1581 511 1636 555 et
1686 516 1911 571 regnum
1960 500 2075 554 inte

2210 496 2389 560 λείαν,
2425 498 2519 549 καὶ
2548 495 2649 565 τὴν
2678 494 2812 566 παρ’
2845 492 3011 547 αὐτοῦ
3040 493 3426 566 δεδωρημένην
3478 494 3553 565 τῷ
3596 494 3765 567 κόσμῳ

531 600 738 662 gentes,
770 594 1002 663 vitaeque
1033 607 1295 657 mensam,
1322 594 1388 649 ab
1417 596 1532 664 ipso
1557 595 1808 649 universo
1840 605 2107 649 terrarum

530 683 649 737 orbi
689 697 787 752 per
818 683 1186 753 evangelicam
1218 684 1545 747 doctrinam,
1575 694 1623 738 et
1660 685 1941 755 mysticam
1972 697 2109 752 epe-

529 775 842 839 rationem,
902 786 1313 844 comparatam,
1368 777 1562 829 innuit.
1617 775 1772 841 Quod
1823 786 2001 831 autem
2056 782 2111 828 et

527 862 728 918 fratres
760 864 913 929 aluit,
944 878 998 920 et
1034 868 1099 919 ad
1130 881 1191 920 se
1222 868 1559 921 adorandum
1589 869 1832 930 adduxit,
1866 884 1935 923 ne
1965 868 2106 923 istud

524 954 742 1021 quidem
772 956 977 1025 absque
1008 957 1251 1012 veritatis
1304 957 1471 1025 ﬁgura
1520 959 1732 1015 accidit.
1774 958 1923 1031 Multi
1960 963 2105 1015 enim

525 1046 591 1099 de
610 1045 833 1115 antiqua
852 1048 1016 1101 etiam
1043 1047 1164 1119 lege
1186 1059 1239 1102 et
1264 1051 1628 1106 observantiae
1651 1054 1800 1107 cultu
1828 1055 1880 1107 in
1904 1068 2105 1107 novum

521 1135 778 1191 Israelem
829 1142 1203 1206 transmutati,
1252 1147 1620 1200 sacrosanctis
1663 1145 1934 1216 Evangelii
1976 1148 2107 1201 edu-

523 1228 612 1284 liis
642 1232 779 1297 pasti
814 1240 964 1295 sunt,
1002 1242 1056 1287 et
1085 1233 1139 1287 in
1172 1234 1394 1303 spiritus
1440 1239 1669 1291 veritate
1707 1235 1871 1290 Deum
1910 1237 2107 1291 adora-

522 1329 670 1374 runt.
708 1320 938 1389 PrOpter
991 1325 1107 1397 bac
1160 1324 1326 1394 igitur
1356 1330 1557 1382 merito
1603 1340 1858 1383 censetur
1902 1329 2103 1401 Josepb

519 1412 737 1469 Domini
772 1427 954 1488 typus.

592 1508 791 1571 .Verum
853 1514 1038 1567 senior
1097 1515 1187 1570 ille
1251 1516 1418 1571 israel
1484 1517 1665 1571 futura
1742 1516 2104 1585 prospiciendi

522 1599 782 1656 facultate
812 1604 1094 1672 praeditus,
1126 1607 1290 1660 totius
1319 1608 1444 1661 nevi
1477 1608 1639 1677 hujus
1662 1618 1713 1662 et
1735 1607 1901 1661 divini
1931 1607 2106 1661 Israe-

516 1692 585 1747 lis
609 1695 891 1761 exemplar
922 1695 1043 1751 fuit.
1085 1698 1198 1764 Qua
1231 1699 1298 1755 de
1331 1715 1493 1754 causa
1527 1700 1826 1753 inclinatus
1887 1714 2105 1770 quoque

2218 588 2363 659 ζωῆς
2403 588 2706 659 τράπεζαν,
2759 589 2848 642 διὰ
2878 603 2939 640 τε
2978 590 3081 658 τῆς
3122 586 3220 641 τοῦ
3260 585 3588 655 Εὐαγγελίου
3638 587 3766 642 διδα-

2213 681 2437 741 exalia;
2509 681 2733 750 καὶτῆς
2788 676 3063 750 μυστικῆς
3127 679 3465 750 ἱερουργίας.
3497 679 3557 732 Ei
3586 678 3641 733 δὲ
3682 682 3766 734 καὶ
3849 727 3853 732 ,

2210 773 2338 835 τοὺς
2365 772 2628 841 ἀδελφοὺς
2664 763 2884 841 ἔθρεψε,
2922 774 3018 826 καὶ
3048 773 3128 834 είς
3172 771 3547 841 προσκύνησιν
3582 770 3763 840 ἠγαγε,

2212 863 2495 917 καὶτοῦτο
2522 863 2666 915 κατὰ
2712 862 2886 916 τύπον
2939 864 3040 933 τῆς
3094 863 3357 935 ἀληθείας
3389 881 3404 897 ο
3431 862 3611 917 πολλοὶ
3666 863 3765 933 γὰρ

2210 954 2307 1007 καὶ
2332 956 2431 1024 τῆς
2483 956 2720 1013 παλαιᾶς
2754 954 3014 1027 λατρείας
3073 958 3190 1020 νέος
3238 954 3457 1026 Ἰσραὴλ
3506 953 3767 1022 γεγονότες

2210 1045 2585 1114 εύαγγελικῶς
2613 1049 3009 1118 διετράφησαν,
3047 1048 3143 1101 καὶ
3166 1048 3224 1099 ἔν
3268 1045 3616 1115 πνευματικῇ
3646 1043 3765 1111 ἀλη-

2210 1137 2335 1208 θείᾳ
2362 1141 2456 1192 τὸν
2489 1138 2622 1192 Θεὸν
2651 1140 3096 1211 προσεκύνησαν.
3139 1139 3240 1194 Διὰ
3260 1140 3435 1193 ταῦτα
3468 1136 3597 1207 γοῦν
3614 1133 3767 1199 τύπος

2212 1229 2363 1300 μὶνό
2407 1230 2609 1298 Ἰωσὴφ
2655 1230 2750 1283 τοῦ
2791 1229 2995 1300 Ἰησοῦ.

2292 1505 2353 1558 '0
2386 1504 2444 1558 δὲ
2496 1504 2566 1557 τὰ
2621 1503 2968 1573 γενησόμενα
3034 1501 3249 1571 βλέπων
3305 1500 3537 1564 παλαιὸς
3576 1504 3772 1566 ἐκεῖνος

2221 1596 2459 1667 Ἰσραὴλ,
2498 1594 2593 1648 τοῦ
2627 1596 2748 1648 νέου
2797 1595 3000 1657 παντὸς
3032 1596 3129 1648 καὶ
3191 1593 3338 1648 θείου
3377 1593 3596 1664 Ἰσραὴλ
3645 1595 3767 1646 ὑπο-

2209 1690 2469 1759 γραμμδς
2497 1688 2841 1743 καθίσταται.
2868 1688 3055 1760 Ταύτῃ
3087 1704 3170 1741 τοι
3221 1688 3320 1741 καὶ
3357 1687 3539 1757 κύψας
3585 1703 3770 1756 προσε.

425 1768 435 1779 ’
516 1782 765 1837 adoravit
797 1784 1074 1853 fastigium
1123 1788 1291 1859 virgae
1337 1791 1475 1858 ejus,
1528 1768 2081 1858 prmnuntiansieain,

2193 1785 2427 1852 κύνησεν
2460 1784 2552 1837 ἐπὶ
2581 1782 2641 1835 τὸ
2702 1782 2874 1852 ἄκρον
2907 1782 3004 1851 τῆς
3058 1779 3261 1852 ῥάϐδου
3320 1776 3527 1842 αὐτοῦ,
3578 1779 3675 1850 τὴν
3714 1779 3767 1830 ἐν

514 1890 636 1942 quae
664 1875 715 1928 in
752 1885 864 1930 toto
901 1878 1063 1941 huius
1106 1880 1295 1934 mundi
1346 1881 1546 1935 anzbilu
1584 1881 1909 1942 instituitur,
1940 1896 2101 1935 vene-

516 1968 699 2022 randa:
715 1968 892 2024 erucis
918 1971 1311 2028 adorationem.
1343 1971 1491 2027 llanc
1513 1976 1655 2027 enim
1678 1974 2099 2049 praedelineabat

512 2058 708 2127 virga;
760 2061 902 2115 unde
950 2063 1266 2132 prophetica
1314 2064 1403 2118 illa
1454 2080 1554 2118 vox
1599 2067 1663 2117 ad
1698 2065 1909 2120 Deum:
1945 2065 2095 2123 ιὶὁε·

515 2154 652 2205 riiin
692 2156 840 2223 virga
885 2155 1246 2210 Itwreditatem
1312 2165 1456 2209 tuam
1490 2158 1578 2223 ";
1622 2165 1717 2216 et:
1761 2156 1921 2230 Virga
1949 2160 2096 2214 dire-

509 2243 705 2297 ctiouis
741 2245 889 2314 virga
922 2248 1067 2315 regni
1100 2249 1176 2300 tui
1214 2247 1278 2302 ¹³.
1298 2245 1369 2301 At
1394 2249 1540 2302 enim
1569 2248 1676 2302 alio
1701 2251 1882 2304 itidem
1914 2254 2091 2318 modo,

507 2334 554 2387 si
608 2333 794 2397 libeat,
855 2346 1035 2405 typum
1090 2336 1234 2390 hunc
1282 2340 1553 2406 quomodo
1614 2340 1897 2393 veritatem
1952 2343 2094 2394 velut

507 2425 696 2477 umbra
729 2426 958 2494 quadam
988 2426 1278 2494 describat,
1312 2428 1669 2497 introspicere
1693 2431 1883 2486 licebit
1910 2449 1925 2494 ;
1967 2449 2087 2487 nam

501 2513 749 2583 Josepb,
845 2533 1021 2588 neque
1105 2521 1244 2588 apud
1314 2520 1514 2576 fratres
1611 2525 1734 2578 talis
1792 2526 2087 2592 audiebat,

503 2607 681 2674 qualis
734 2625 921 2663 revera
958 2619 1120 2676 erat,
1183 2624 1358 2680 neque
1408 2614 1573 2667 etiam
1626 2617 1767 2684 apud
1805 2618 2087 2673 mulierem

501 2695 838 2766 Egyptiam,
891 2701 986 2755 sed
1020 2701 1143 2756 illos
1175 2704 1393 2771 quidem
1427 2704 1628 2758 invidia
1660 2721 1725 2761 eo
1753 2709 1987 2777 impuiit,
2030 2720 2087 2764 ut

501 2793 643 2844 servi
682 2793 902 2846 nomine
928 2791 1202 2849 adicerent
1226 2812 1372 2860 eum,
1405 2798 1494 2866 qui
1531 2798 1667 2853 liber
1694 2810 1852 2867 erat;
1888 2811 1942 2855 at
1974 2804 2087 2859 haec

501 2884 974 2953 intemperantiam
1009 2899 1199 2942 contra
1238 2891 1790 2958 temperantissimum
1831 2893 2083 2963 juvenem

498 2976 834 3031 mendaciter
863 2981 1215 3049 excogitavit,
1251 2982 1392 3050 apud
1449 2989 1658 3052 patrem
1697 2994 1900 3048 autem,
1930 3002 2078 3053 eum,

2206 1877 2312 1949 ὅλῳ
2333 1877 2409 1949 τῷ
2435 1879 2629 1948 κόσμῳ
2670 1874 3048 1948 προσκύνησιν
3097 1874 3189 1928 τοῦ
3234 1875 3428 1944 τιμίου
3467 1870 3766 1943 προκηρύτ-

2201 1988 2312 2023 των
2365 1968 2603 2039 σταυροῦ
2632 1983 2652 2002 ο
2679 1968 2864 2021 τοῦτον
2902 1967 3012 2037 γὰρ
3065 1965 3441 2035 προδιέγραφε
3491 1966 3524 2036 ὴ
3563 1963 3764 2036 ῥάϐδος,

2203 2064 2346 2118 καθὰ
2380 2063 2444 2133 δὴ
2481 2062 2617 2132 πρὸς
2669 2062 2761 2115 τὸν
2805 2060 2939 2113 Θεὸν
2985 2062 3303 2130 προφητικῇ
3330 2059 3554 2127 λέγεται
3582 2057 3726 2126 φωνῇ
3749 2069 3762 2084 ⁶

2211 2155 2567 2223 Ἐλυτρώσω
2591 2154 2788 2222 ῥάϐδῳ
2838 2154 2955 2219 τήν·
3009 2154 3433 2221 κληρονομίαν
3491 2165 3641 2205 σου·
3683 2149 3767 2200 καὶ

2210 2247 2456 2313 Ῥάϐδος
2493 2247 2823 2313 εὐθύτητος
2848 2242 3125 2312 ἠρἀδος
3155 2243 3269 2310 τῆς
3289 2242 3614 2308 ,βασιλείας
3638 2257 3766 2295 σου.

2197 2341 2271 2393 Σὺ
2314 2340 2368 2391 δὲ
2402 2339 2499 2391 καὶ
2524 2339 2724 2403 ἄλλως,
2758 2337 2807 2389 εἰ
2865 2335 3066 2405 βούλει,
3129 2335 3222 2387 τὸν
3274 2336 3453 2388 τύπον
3501 2331 3767 2402 ὲπιγνώσῃ

2199 2428 2651 2498 σκιαγραφοῦντα
2705 2426 2804 2495 τὴν
2835 2424 3125 2496 ἀλήθειαν*
3155 2425 3280 2478 οὐδὲ
3306 2427 3420 2497 γὰρ
3480 2426 3631 2495 παρὰ
3664 2422 3766 2477 τῶν

2195 2519 2445 2588 ἀδελφῶν
2487 2517 2688 2588 Ἰωσὴφ
2725 2520 2910 2579 ὁποῖος
2971 2514 3040 2587 ἦν
3098 2518 3265 2587 ἤκουε
3307 2518 3448 2589 πρὸς
3494 2517 3763 2589 ἀλήθειαν,

2192 2612 2316 2666 οὔτε
2353 2611 2459 2680 μὴν
2491 2610 2641 2679 παρὰ
2710 2608 2812 2677 τῆς
2876 2609 3203 2675 Αἰγυπτίας,
3236 2609 3380 2664 ἀλλὰ
3421 2610 3549 2673 τοὺς
3604 2610 3698 2679 μὲν
3740 2608 3767 2660 ό

2194 2706 2389 2773 φθόνος
2424 2703 2609 2757 δοῦλον
2633 2702 2861 2771 ἐποίησε
2895 2702 2986 2754 τὸν
3012 2701 3303 2771 ἐλεύθερον
3325 2696 3642 2769 ὀνομάζειν,
3668 2699 3765 2771 ἠδὲ

2191 2798 2463 2868 ἀκρασίαν
2494 2796 2589 2849 τοῦ
2627 2795 2903 2865 σώφρονος
2935 2794 3315 2863 κατεψεύσατο
3336 2837 3351 2861 ,
3384 2794 3464 2863 τῷ
3496 2794 3664 2864 πατρὶ
3713 2790 3763 2843 δὲ

2188 2893 2285 2944 καὶ
2304 2891 2533 2958 γνήσιος
2560 2884 2649 2961 ἦν,
2681 2887 2777 2941 καὶ
2827 2885 3198 2954 πεφιλημένος
3229 2886 3309 2949 ὡς
3348 2888 3636 2960 *μάλιστ-α.
3663 2885 3764 2938 Καὶ

2186 2984 2369 3038 τοίνυν
2410 2983 2530 3035 οὐδὲ
2560 2980 2799 3050 Χριστὸν
2831 2979 3255 3047 οῦθ’⁶Ἑλληνες,
3288 2981 3371 3045 ὡς
3401 2980 3603 3051 χρεὼν,
3645 2978 3763 3046 ὀμο-

498 3079 659 3132 qnem
695 3068 1028 3130 merebatur,
1061 3070 1235 3123 locum
1263 3071 1565 3137 obtinebat,
1592 3089 1617 3126 a
1648 3090 1754 3144 quo
1788 3077 2081 3131 tenerrimo

2189 3072 2409 3143 λογοῦσι
2442 3075 2601 3139 Θεὸν,
2634 3073 2731 3125 καὶ
2771 3072 3016 3126 Ἰουδαῖοι
3056 3072 3187 3143 περὶ
3242 3071 3421 3126 αὐτοῦ
3478 3072 3763 3142 βλάσφημα

497 3173 715 3226 quoque
741 3159 939 3215 aﬂ'ectu
966 3160 1309 3229 diligebatur.
1341 3163 1414 3217 De
1436 3164 1655 3217 Cbristo
1685 3166 1870 3221 itidem
1902 3182 2078 3238 neque

2189 3166 2538 3235 φθέγγονται,
2562 3167 2751 3237 ἐπειδὴ
2773 3164 2984 3227 τούτοις
3008 3163 3110 3234 μὲν
3135 3162 3524 3230 σκάνδαλον,
3545 3161 3762 3221 ἐκείνοις

498 3250 758 3317 gentiles,
783 3261 839 3303 ut
865 3267 963 3322 par
991 3264 1090 3317 est,
1125 3257 1366 3307 sentiunt
1388 3267 1441 3308 et
1470 3257 1796 3326 loquuntur,
1828 3268 1883 3313 et
1905 3257 2073 3314 Judaei

497 3341 669 3395 multa
702 3343 861 3413 impia
893 3354 948 3398 et
977 3344 1290 3413 blaspbeina
1324 3348 1389 3401 de
1437 3363 1502 3401 eo
1530 3348 1798 3416 garriunt,
1830 3350 1955 3421 quia
1994 3351 2078 3404 bis

494 3435 810 3489 scandalum
850 3437 915 3498 “,
952 3438 1056 3492 illis
1104 3438 1335 3494 stultitia
1378 3440 1421 3471 "
1454 3441 1694 3497 salutare
1744 3443 1922 3497 crucis
1953 3458 2073 3496 ver-

493 3528 619 3582 an
658 3540 958 3596 reputatur.
992 3532 1058 3586 At
1090 3547 1216 3586 vero
1257 3533 1397 3589 Deus
1440 3546 1488 3587 et
1539 3533 1702 3589 Pater
1752 3536 1964 3605 superis
2006 3554 2071 3593 ex

493 3620 604 3671 oris
635 3621 975 3675 divinitatem
1025 3622 1147 3691 ejus
1189 3633 1446 3688 testatur,
1483 3624 1790 3694 Filinmqne
1817 3626 2068 3681 dilectum

490 3719 651 3764 Vocat
689 3712 754 3775 ’⁸,
792 3723 845 3765 et
876 3729 973 3782 per
1001 3724 1292 3782 cognatum
1351 3716 1613 3784 Spiritum
1653 3719 1853 3772 nmndo
1890 3731 2073 3772 osten-

489 3802 568 3856 dit
602 3812 657 3856 et
694 3805 1023 3862 manifestat.
1080 3805 1235 3860 llunc
1287 3807 1339 3860 in
1388 3810 1605 3863 modum
1644 3809 2070 3865 formosissimus

489 3897 580 3950 ille
619 3894 819 3965 Josepb
856 3900 1229 3954 dulcissimum
1286 3910 1530 3956 nostrum
1580 3901 1917 3959 Salvatorem
1970 3920 2070 3958 ex-

489 3991 707 4058 pressit.
745 3989 901 4045 Hunc
953 3993 1004 4044 in
1058 3994 1275 4047 modum
1309 3996 1500 4049 umbra
1553 3995 1837 4051 veritatem
1890 3998 2069 4068 typice

487 4081 851 4136 adumbravit.
886 4081 1039 4137 Hunc
1090 4085 1142 4138 in
1192 4088 1405 4140 modum
1458 4086 1525 4151 is,
1577 4088 1667 4158 qui
1696 4085 1935 4158 Egypto
1970 4089 2070 4142 ali-

487 4185 669 4225 menta
707 4175 1091 4242 suppeditavit,
1129 4191 1224 4242 per
1251 4192 1312 4230 ea
1347 4193 1468 4245 qua:
1499 4180 1644 4243 tulit,
1684 4195 1802 4247 qum
1834 4184 1963 4252 egit,
2008 4194 2066 4238 et

485 4279 583 4333 per
608 4279 785 4332 qntea
840 4266 947 4319 lleo
983 4267 1211 4335 glol'izllll
1260 4268 1635 4336 celebremque
1689 4269 1886 4325 fumant
1936 4291 2066 4329 con-

2182 3260 2239 3313 δὲ
2269 3260 2466 3329 μωρία
2495 3258 2632 3313 ὁτοῦ
2661 3257 2902 3329 σταυροῦ
2937 3257 3209 3326 σωτήριος
3264 3255 3435 3325 λόγος
3499 3255 3665 3309 ἐστίν.
3707 3248 3764 3305 ’0

2181 3350 2238 3404 δὲ
2260 3350 2395 3415 Θεὸς
2423 3350 2516 3403 καὶ
2547 3347 2738 3421 Πατὴρ
2763 3346 2972 3403 ἄνωθεν
3000 3345 3152 3415 αύτῷ
3192 3348 3481 3418 μαρτυρεῖ
3533 3346 3632 3416 τὴν
3654 3342 3765 3397 θεό-

2181 3462 2343 3515 τητα,
2387 3446 2484 3499 καὶ
2517 3444 2648 3497 Υίδν
2705 3443 2995 3513 ἀγαπητὸν
3057 3441 3349 3512 ὀνομάζει,
3393 3444 3491 3497 καὶ
3534 3441 3622 3496 διὰ
3676 3435 3764 3491 τοῦ

2182 3535 2470 3605 συμφυοῦς
2495 3534 2816 3604 Πνεύματος
2856 3534 2936 3605 τῷ
2970 3534 3162 3604 κόσμῳ
3220 3534 3763 3602 προσεπιδείκνυσιν.

2182 3628 2369 3701 Οὕτως
2401 3630 2429 3682 ὁ
2456 3627 2623 3691 καλδς
2659 3628 2860 3697 Ἰωσὴφ
2906 3627 2999 3681 τὸν
3028 3628 3234 3697 γλυκὺν
3281 3627 3508 3701 Ἰησοῦν
3558 3628 3766 3700 προδιέ-

2181 3698 2412 3794 γραψεν.
2441 3721 2634 3788 Οὕτως
2673 3724 2700 3793 ἢ
2734 3724 2864 3776 σκιὰ
2890 3722 2991 3793 τὴν
3041 3720 3310 3793 ἀλήθειαν
3354 3698 3615 3788 τυπικῶς
3634 3723 3764 3789 ἔξει.-

2178 3817 2416 3870 κόνισεν.
2440 3814 2633 3880 Οὕτως
2654 3818 2682 3869 ὁ
2704 3816 2803 3886 τῆς
2826 3814 3106 3884 Αἰγύπτου
3136 3816 3451 3889 σιτοδότης,
3468 3822 3563 3873 καὶ
3579 3816 3766 3889 μικρὸν

2179 3907 2322 3978 ὑπὲρ
2361 3908 2568 3978 ταύτην
2600 3902 2681 3971 οἷς
2714 3899 3010 3971 πέπονθεν,
3030 3905 3112 3971 οἷς
3141 3909 3483 3980 εὐήργεσεν,
3509 3906 3590 3975 οἷς
3619 3909 3761 3980 παρᾶ

2177 4001 2314 4056 Θεοῦ
2337 4000 2620 4072 ἐδοξάσθη,
2651 4001 2744 4054 τὸν
2763 4001 3033 4073 τρέφοντα
3067 4003 3253 4055 πᾶσαν
3282 4006 3484 4076 πνοὴν,
3515 4007 3614 4058 καὶ
3629 4006 3761 4071 ὑπὲρ

2179 4095 2341 4165 ἡμῶν
2407 4098 2502 4151 καὶ
2557 4094 2819 4164 θαύματα
2866 4095 3259 4164 ἐνεργήσαντα,
3312 4102 3414 4153 καὶ
3468 4099 3762 4167 παθήματι

2175 4186 2549 4257 ὑπομείναντα
2571 4189 2777 4258 Κύριον
2805 4188 2905 4257 τῆς
2939 4185 3099 4256 δόξης
3133 4187 3497 4258 συμϐολικῶς
3523 4188 3766 4262 προεμήο

2172 4298 2356 4335 νυσεν.

483 4366 699 4413 Secutus
765 4367 869 4421 est,
915 4374 1036 4413 eum
1087 4362 1180 4430 qui
1227 4376 1440 4416 omnem
1495 4363 1747 4431 spiritum
1795 4368 1984 4431 nutrit,
2041 4379 2094 4424 et
2170 4389 2268 4443 pro
2322 4373 2480 4428 nobis
2528 4372 2804 4431 mirabilia
2855 4388 3019 4442 opera
3067 4383 3350 4443 patravit,
3406 4384 3599 4447 totque
3645 4390 3765 4431 cru-

482 4450 658 4503 ciatus
690 4451 969 4516 sustinuit,
1009 4451 1294 4508 Dominum
1329 4453 1517 4524 gloriae
1574 4456 1873 4523 symbolice
1919 4467 2320 4528 praenuntiavit.

572 4539 1053 4601 Verunrenimvero
1143 4562 1356 4601 rursum
1435 4564 1661 4616 magnus
1728 4550 1817 4605 ille
1888 4551 2053 4608 Israel
2093 4564 2135 4616 D

481 4649 566 4688 me
668 4636 732 4692 ad
795 4655 854 4691 ae
926 4640 1193 4705 advocat,
1252 4650 1626 4707 monstratque
1715 4658 1820 4711 quo
1899 4648 2057 4702 modo

480 4728 722 4783 moriens
767 4747 984 4801 quoque
1038 4733 1215 4787 crucis
1264 4740 1449 4802 typum
1501 4739 1887 4805 expresserit;
1939 4755 2048 4795 non

479 4820 619 4873 enim
676 4831 884 4877 tantum
954 4825 1281 4895 properabat
1326 4840 1492 4894 purus
1526 4827 1615 4882 ille
1667 4829 1875 4898 Deique
1926 4848 2055 4887 con—

478 4910 764 4980 templator
811 4915 1046 4980 animus,
1096 4916 1447 4985 ntjuuiorem
1480 4932 1731 4991 nepotem
1768 4938 2056 4993 praepone-

477 5010 558 5058 ret
583 5005 636 5059 ei
665 5006 753 5073 qui
782 5008 1040 5076 grandior
1068 4994 1368 5079 natu'eral,
1391 5016 1744 5072 commutatis
1774 5019 2050 5087 manibus,

2253 4561 2389 4630 Ἐμὲ
2443 4559 2577 4628 γοῦν
2617 4560 2714 4614 καὶ
2750 4555 2908 4624 αὖθις
2935 4561 2963 4614 ὁ
3001 4559 3178 4631 μέγας
3225 4559 3457 4632 Ἰσραὴλ
3514 4579 3763 4634 προσκα-

2168 4647 2363 4714 λεῖται,
2389 4649 2484 4701 καὶ
2511 4649 2789 4702 δείκνυσιν
2822 4650 2970 4712 ὅπως
3025 4651 3120 4703 καὶ
3176 4650 3461 4705 τελευτῶν
3528 4648 3761 4721 σταυροῦ

2168 4741 2329 4806 δόξαν
2355 4742 2723 4811 προεχάραξε,
2751 4745 2845 4795 καὶ
2874 4742 3110 4814 σταυροῦ
3134 4743 3310 4796 τύπον
3342 4744 3759 4816 προδιέγραψε.
3804 4814 3810 4820 _

2166 4832 2243 4888 Οὐ
2272 4837 2382 4902 γὰρ
2417 4835 2772 4907 τοσούτῳγεό
2808 4835 3054 4906 καθαρὸς
3088 4836 3303 4899 ἐκεῖνος
3381 4841 3485 4895 καὶ
3521 4840 3758 4906 θεόπτης

2170 4926 2320 4994 νοῦς,
2353 4928 2443 4980 τὸν
2470 4929 2590 4981 νέον
2629 4928 2862 4983 ἔσπευδε
2903 4929 3189 4999 προθεῖναι
3229 4928 3329 4983 τοῦ
3365 4933 3517 4985 κατὰ
3550 4933 3764 5001 γένεσιν

2174 5017 2576 5087 πρωτεύοντος,
2605 5020 2702 5074 καὶ
2724 5019 2812 5072 διὰ
2870 5018 3031 5073 τοῦτο
3070 5021 3434 5091 τὰς’χεῖρας
3497 5023 3760 5095 ἧμειψεν,

476 5105 741 5164 quantum
772 5109 858 5166 ut,
906 5101 1053 5155 velut
1110 5088 1207 5171 per
1256 5106 1485 5171 aenigma
1520 5109 1813 5176 quoddam,
1874 5112 2060 5166 mundi

2191 5128 2270 5182 σῳ
2307 5110 2408 5177 τὴν
2464 5110 2557 5164 τοῦ
2620 5111 2832 5182 κόσμου
2891 5112 3226 5182 προσκιάσαι
3268 5115 3565 5183 σωτηρίαν
3612 5113 3767 5166 ἒὸού.

476 5186 712 5242 salutem
765 5201 1118 5259 pramotaret;
1171 5194 1217 5248 si
1253 5195 1399 5248 enim
1456 5197 1525 5250 ita
1563 5196 1788 5253 allectus
1838 5199 2051 5267 fuisset,

475 5278 625 5334 nullo
679 5281 896 5349 negotio
951 5281 1090 5336 ﬁlios
1183 5285 1306 5341 illos
1349 5298 1705 5361 transponere
1767 5297 2051 5367 potuisset.

475 5368 530 5422 ld
584 5378 765 5425 autem
806 5387 912 5425 non
946 5374 1078 5441 egit.
1139 5375 1257 5442 Quo
1310 5381 1426 5449 ipso
1462 5385 1748 5456 perspicue
1788 5388 2045 5442 virtutem

473 5465 705 5518 vividi-sa
798 5464 977 5517 erucis
1055 5467 1466 5529 demonstravit.
1518 5474 1577 5532 lu
1640 5476 1731 5533 illa
1795 5479 1941 5534 enim
1995 5490 2049 5535 et

480 5571 578 5624 per
632 5553 777 5608 illam
830 5572 859 5608 a
910 5553 1069 5612 Patre
1131 5559 1395 5619 luminum
1442 5567 1786 5625 benedicitnr
1849 5573 2046 5637 omnis,

473 5646 564 5717 qui
599 5646 822 5702 Christo
871 5647 1135 5720 adhaeret,
1175 5666 1230 5709 et
1294 5659 1437 5716 (ilius
1475 5661 1628 5741 .ejus,
1666 5664 1787 5718 ﬁdei
1844 5664 2049 5719 benefi-

552 5830 594 5875 ⁸³
645 5829 783 5890 Psal.
818 5853 1018 5903 LXXIII,
1055 5841 1113 5898 2.
1190 5843 1234 5875 ⁸³
1260 5843 1401 5900 Psal.
1435 5861 1578 5911 κων,
1613 5848 1665 5901 7.

1747 5849 1787 5881 ί*
1813 5848 1829 5906 .'
1856 5849 1982 5906 Cor.
2016 5852 2165 5916 1,25.
2251 5854 2290 5886 ⁸⁸
2316 5854 2453 5912 ibid.

2160 5202 2310 5256 λετο.
2343 5201 2421 5256 Ἦ
2449 5205 2557 5275 γὰρ
2591 5204 2655 5256 ἂν
2677 5203 2901 5265 ἐκείνως
2958 5204 3100 5273 ἔχων
3132 5203 3370 5272 γνώμης
3434 5207 3539 5258 καὶ
3600 5205 3761 5273 μετέ-

2155 5296 2439 5365 στησεθτὰ
2486 5294 2701 5349 παιδία.
2754 5295 2864 5349 Νῦν
2908 5295 2954 5349 δ’
3002 5296 3100 5365 οὐχ
3172 5295 3348 5358 οὕτως
3376 5310 3392 5326 ⁶
3435 5296 3557 5351 ἀλλ’
3594 5288 3761 5360 ἔδειξε

2163 5388 2459 5455 προφανῶς
2504 5388 2604 5457 τὴν
2638 5388 2924 5457 ἐνέργειαν
2984 5387 3078 5440 τοῦ
3132 5387 3435 5455 ζωηφόρου
3491 5388 3763 5460 σταυροῦ..

2161 5479 2252 5531 Ἐν
2305 5480 2456 5549 αὐτῷ
2478 5481 2587 5549 γὰρ
2612 5481 2709 5534 καὶ
2737 5480 2805 5533 δι’
2832 5478 2997 5533 αὑτοῦ
3027 5479 3131 5532 ὑπὸ
3155 5478 3246 5532 τοῦ
3290 5480 3630 5552 ἁρχιφὼτου
3653 5482 3761 5536 ηας

2158 5571 2288 5641 τρδς
2332 5572 2646 5639 εὐλογεῖται
2719 5575 2879 5636 πᾶςό
2940 5571 3164 5642 Χριστῷ
3214 5574 3610 5643 προσανέχων,
3661 5570 3760 5624 καὶ

2162 5665 2355 5718 τέκνον
2389 5664 2556 5717 αὐτοῦ
2583 5667 2649 5736 τῇ
2682 5666 2867 5718 πίστει
2891 5656 3243 5728 καθίσταται,
3289 5666 3395 5720 καὶ
3426 5667 3492 5722 τό
3525 5682 3543 5699 ο
3594 5663 3758 5722 Ἰδοὺ

2572 5856 2615 5899 '9
2672 5855 2862 5913 Matth.
2895 5870 2982 5922 ιιι,
3035 5857 3120 5913 i7.
