4016 6506
1710 294 1760 313 ν
1792 290 2016 307 ναι-...κιαι
2042 292 2045 293 ⁷

448 417 548 485 191

1580 419 1900 481 MACABII
1941 418 2576 482 CHRYSOCEPHALI

3627 425 3735 496 192

446 548 570 588 nem
601 531 826 588 salutem
860 535 1062 602 attulit,
1107 535 1350 603 mihique
1379 532 1634 603 precibus
1665 530 1863 586 vestris
1891 529 2131 584 divinam
2157 527 2396 598 Spiritus
2430 528 2850 586 illustrationem
2892 529 3202 601 lmpetrate,
3230 547 3357 604 quae
3398 532 3538 591 mihi
3578 541 3643 591 ad
3676 533 3727 592 id

446 625 589 695 quod
640 626 894 698 proposui
930 627 1321 698 perficiendum
1358 627 1501 680 vires
1533 624 1934 680 subtninistrct.

518 718 666 788 Ergo
705 720 805 775 sub
833 721 989 782 duro,
1040 736 1186 778 satvo
1221 733 1277 776 et
1329 719 1534 775 crudeli
1579 718 1827 782 domino,
1882 732 2038 770 ntttn-

2218 716 2534 785 Γεγόναμεν
2562 716 2747 770 τοίνυν
2776 716 2882 769 ὑπὸ
2917 716 3158 789 δεσπότῃ
3208 719 3401 790 πικρῷ
3431 719 3528 773 καὶ
3554 719 3732 791 ἀλιτη-

450 808 501 861 di
539 810 697 876 hujus
741 812 1006 879 principe,
1056 813 1218 866 vitam
1303 811 1667 878 agitabamus.
1719 807 2028 863 Humanum

450 917 685 973 namque
714 916 899 970 genus
936 903 1218 957 fraudibus
1263 906 1379 959 suis
1414 905 1787 959 miserandum
1836 904 1887 957 itt
1919 918 2039 958 nto-

456 996 581 1048 dttttt
620 994 1078 1059 circumvenerat;
1123 1004 1176 1050 et
1211 996 1539 1050 indesittettti
1572 995 1660 1050 illa
1705 1011 1887 1049 rerum
1931 1004 2038 1048 ter-

460 1088 711 1140 rcstrium
764 1092 1124 1156 occupatione
1163 1090 1559 1154 atterebantur,
1603 1091 1659 1143 in
1719 1104 1883 1158 quam
1941 1102 2040 1142 nos

458 1177 789 1247 impulerant
848 1181 1174 1248 perditionis
1217 1181 1486 1248 magistri,
1535 1179 1693 1250 rigidi
1743 1180 1821 1234 illi
1873 1195 2040 1232 exac-

459 1278 607 1322 tores
649 1280 704 1324 et
758 1273 1060 1339 praepositi,
1113 1272 1333 1326 nefandi
1380 1274 1601 1342 tyranni
1640 1273 1693 1326 in
1738 1271 2046 1326 defectione

453 1361 610 1416 socii.
664 1362 967 1425 Metuentes
1036 1364 1210 1432 enim,
1271 1379 1339 1419 ne
1379 1365 1446 1418 ad
1523 1364 1803 1418 meliorem
1834 1362 2042 1432 frugem

451 1462 876 1519 reverterentur,
929 1463 984 1509 et
1027 1469 1092 1508 tte
1123 1456 1321 1510 utentis
1373 1456 1587 1518 oculus,
1644 1456 1771 1509 aliis
1810 1456 2047 1524 negotiis

455 1543 692 1604 solutus,
771 1545 837 1595 ad
906 1545 1248 1601 conditorem
1328 1563 1487 1601 suum
1549 1548 1869 1615 respiceret,
1927 1561 2046 1600 cer-

454 1637 744 1700 vicemque
787 1652 852 1692 ex
886 1642 1037 1708 gravi
1090 1641 1358 1695 idolorum
1416 1643 1685 1696 servitute
1739 1641 2047 1697 exsolveret

454 1724 608 1789 (naut
650 1739 843 1781 natura
897 1744 993 1784 sua
1037 1730 1199 1786 homo
1240 1732 1551 1786 libertatem
1586 1732 1780 1804 amat),
1835 1733 2045 1788 lateres

455 1813 638 1868 facere
688 1818 901 1887 absque
947 1820 1376 1897 intermissione,
1411 1832 1467 1877 et
1507 1823 1764 1878 civitates
1804 1824 2045 1880 condere

462 1912 621 1962 nobis
658 1921 714 1963 ut
749 1912 1447 1983 alienigenisimperarunt:
1484 1916 1683 1984 quibus
1735 1916 1880 1972 aliud
1930 1933 2038 1972 non

2144 811 2246 881 ρὶῳ
2269 852 2283 874 ,
2315 810 2393 880 τῷ
2423 809 2581 877 δεινῷ
2614 810 3037 879 κοσμοκράτοριο
3072 810 3323 878 ὑφείλετο
3357 811 3470 882 γὰρ
3509 812 3598 866 διὰ
3635 814 3729 881 τῆς

2141 900 2361 968 ἀπάτης
2409 899 2664 962 ἐλεεινῶς
2710 899 2772 952 τὸ
2821 900 3193 969 ἀνθρώπινον,
3236 903 3335 955 καὶ
3403 907 3733 973 κατετρυχό-

2146 991 2287 1062 μεθα
2315 989 2383 1062 τῇ
2418 993 2609 1063 μακρᾷ
2639 993 2748 1045 τῶν
2794 993 3000 1062 γηΐνων
3047 992 3297 1064 ἀσχολία,
3345 995 3429 1058 είς
3482 995 3551 1066 ἢν
3584 994 3729 1067 £th-

2146 1100 2250 1136 σαν
2288 1085 2337 1136 οί
2401 1083 2820 1151 τῆς⁴ἀπωλείας
2873 1086 3212 1151 διδάσκαλοι,
3270 1089 3321 1141 οἱ
3366 1085 3563 1159 βαρεῖς
3616 1091 3734 1142 ἐπι-

2143 1177 2339 1229 στάται
2374 1177 2466 1229 καὶ
2499 1176 2906 1230 συναποστάται
2958 1176 3039 1246 τῷ
3071 1175 3407 1248 παλαμναίῳ
3461 1181 3727 1249 τυράννῳ.

2148 1267 2460 1330 Δεδοικότες
2489 1268 2597 1337 γὰρ
2646 1267 2744 1338 τὴν
2774 1268 2932 1338 ἡμῶν
2952 1269 3049 1322 ἐπὶ
3099 1268 3161 1322 τὸ
3216 1271 3476 1338 κρεῖττον
3530 1272 3727 1324 ἐπάνο-

2144 1339 2258 1422 δον,
2297 1360 2369 1427 μή
2402 1375 2505 1412 που
2536 1360 2679 1419 κατὰ
2720 1360 2916 1429 σχολὴν
2962 1360 2993 1412 ό
3038 1358 3142 1429 τῆς
3186 1358 3434 1424 διανοίας
3492 1361 3730 1430 γεγονὼς

2150 1450 2426 1519 ὀφθαλμὸς
2456 1452 2595 1520 πρὸς
2622 1451 2714 1503 τὸν
2734 1452 2984 1521 πλάστην
3015 1452 3334 1523 άναδράμῃ,
3378 1454 3477 1508 καὶ
3531 1456 3730 1524 πικρᾶς

2146 1543 2257 1596 τῶν
2300 1541 2534 1596 εἰδώλων
2561 1542 2802 1605 δουλείας
2831 1542 3034 1615 autumn
3062 1544 3155 1596 τὸν
3172 1544 3387 1615 αὐχένα
3424 1561 3439 1576 ·
3483 1545 3728 1613 φιλελεύ-

2150 1638 2311 1706 θερον
2351 1636 2462 1706 γὰρ
2495 1635 2780 1706 ἄνθρωπος
2827 1633 2991 1703 φύσει
3028 1650 3043 1666 ·
3082 1635 3470 1706 πλινθουργεῖν
3531 1639 3730 1692 ἀκατά-

2152 1744 2394 1789 παυστα,
2425 1727 2518 1778 καὶ
2553 1725 2739 1787 πόλεις
2756 1724 3063 1795 οἰκοδομεῖν
3086 1724 3385 1780 ὲπέταττον
3404 1726 3679 1797 άλλοτρίοι
3695 1747 3728 1781 ·.

2150 1817 2274 1871 Εἶεν
2303 1821 2349 1871 δ’
2380 1814 2564 1882 αὗται,
2599 1818 2701 1871 ὅσα
2748 1815 2890 1888 μετὰ
2926 1816 3026 1887 τὴν
3061 1815 3346 1871 ἔκπτωσιν
3365 1819 3468 1888 τῆς
3499 1819 3726 1890 τρυφῆς.

2148 1913 2299 1966 δεινᾶ
2322 1917 2437 1976 τοῖς
2489 1912 2799 1983 ἀνθρώποις
2842 1912 3067 1982 ὲνεφύη,
3094 1913 3124 1966 ὃ
3152 1928 3214 1965 τε
3249 1911 3451 1981 μυρίος
3486 1912 3596 1965 τῶν
3626 1929 3724 1964 πα-

458 2002 780 2070 intelligitttr
813 2017 975 2070 quam
1009 2004 1194 2073 gravia
1229 2007 1318 2059 illa
1381 2006 1741 2071 incommoda.
1781 2010 1834 2064 in
1877 2026 2020 2080 quae,

2154 2006 2264 2059 θῶν
2298 2005 2487 2074 ἐσμὸς,
2532 2007 2627 2059 καὶ
2679 2007 2821 2075 ὑπὲρ
2850 2006 3064 2075 μάταια
3105 2005 3343 2076 σπουδή.
3410 2005 3631 2073 Ἐπειδὴ
3672 2004 3726 2057 δὲ

464 2095 683 2146 amissis
727 2096 961 2163 paradisi
994 2095 1204 2150 deliciis
1227 2139 1244 2161 ,
1270 2097 1588 2164 incidimus;
1615 2114 1809 2165 nempe
1837 2100 2044 2155 infinita

457 2183 547 2236 iiizt
606 2200 898 2253 pravarum
956 2190 1356 2257 apprtitionunt
1418 2191 1591 2246 series
1637 2200 1692 2246 et
1745 2194 2044 2256 connexio,

456 2288 733 2341 operaque
772 2287 823 2327 et
856 2276 1121 2332 industria
1156 2278 1208 2332 itt
1269 2281 1427 2336 rebus
1464 2284 1617 2336 vanis
1647 2291 1701 2334 et
1738 2284 2049 2338 infructuo-

458 2365 537 2417 sis
577 2379 920 2436 consumpta.
959 2367 1158 2424 Verum
1195 2386 1316 2424 cum
1357 2372 1639 2428 Creatoris
1677 2376 1846 2429 nostri
1891 2377 2051 2429 boni-

463 2465 630 2507 tatettt
672 2457 899 2512 minime
937 2458 1183 2525 deceret,
1220 2471 1278 2515 ut
1332 2477 1451 2529 nos,
1498 2465 1597 2532 ipsi
1642 2466 1811 2519 exitio
1858 2477 2050 2520 nostro

462 2536 791 2612 Servieutes,
826 2561 1091 2618 perpetuo
1125 2568 1228 2620 ope
1272 2570 1367 2608 sua
1411 2557 1760 2618 deStitnerct,
1805 2559 2046 2612 futurum

466 2651 645 2693 autem
679 2652 844 2701 esset,
879 2653 935 2695 ttt
976 2643 1120 2698 Dens
1163 2646 1458 2714 aliquando
1499 2663 1595 2715 per
1625 2650 1835 2703 viscera
1886 2651 2048 2705 ηιίδες-

460 2733 732 2793 ῐίςοτιιίιυ.
761 2745 816 2789 et
856 2739 1117 2808 abyssum
1195 2740 1619 2795 tttiserationutn
1690 2757 1939 2808 suarum,
1982 2746 2048 2797 ad

463 2839 568 2877 nos
639 2826 877 2881 Itnntatta
922 2830 1025 2882 sttlt
1086 2830 1324 2899 imagine
1368 2834 1870 2900 descettdcrct,‘ttt,
1906 2837 2049 2905 quod

460 2912 628 2970 Isaias
663 2915 738 2970 ait
769 2919 837 2983 π’,
873 2919 923 2972 id
952 2921 1092 2989 quod
1148 2937 1305 2976 suum
1353 2934 1490 2988 erat,
1557 2925 1661 2979 sibi
1721 2926 2049 2995 vindicaret,

462 3006 873 3077 malignumque
940 3010 1238 3066 daemonem
1271 3026 1496 3070 exueret
1542 3016 1752 3083 spoliis,
1786 3032 1905 3085 qua:
1944 3034 2042 3076 nos

465 3114 555 3159 era
567 3115 685 3151 mus
706 3099 919 3170 (sumus
941 3105 1084 3157 enim
1119 3106 1575 3175 pretiosissimum
1602 3110 1712 3164 Deo
1731 3112 2047 3182 peculium),

464 3191 742 3255 Sapienter
783 3196 1073 3249 admodum
1144 3207 1200 3253 et;
1234 3199 1429 3254 tlivittte
1463 3217 1576 3256 suae
1610 3204 1878 3271 tttajestali
1923 3222 2052 3261 cou-

463 3283 872 3340 wettientissinte
945 3298 1107 3342 tutam
1168 3307 1281 3346 rem
1331 3294 1611 3350 instituit.’
1651 3294 1785 3350 Nam
1858 3299 1923 3354 ad
1976 3300 2054 3354 le-

2152 2099 2246 2150 τοῦ
2278 2098 2588 2165 πλάσαντος
2634 2100 2737 2152 οὐκ
2759 2094 2829 2169 ἦν
2872 2097 3139 2170 περιιδεῖν
3187 2099 3341 2166 ἡμᾶς
3369 2097 3551 2158 οὕτως
3580 2099 3724 2150 άπω-

2152 2193 2274 2265 λείᾳ
2305 2193 2679 2256 δουλεύοντας,
2709 2191 2901 2263 ἔμελλε
2924 2192 2981 2246 δὲ
3013 2190 3146 2254 Θεὸς
3175 2192 3272 2245 ἐπὶ
3299 2196 3408 2261 γῆς
3439 2206 3575 2245 ποτε
3607 2188 3725 2243 καθ’

2152 2288 2300 2355 ἡμᾶς
2336 2286 2533 2351 ἐλθεῖν,
2577 2284 2667 2338 διὰ
2729 2285 3012 2356 σπλάγχνα
3067 2283 3276 2348 ἐλέους,
3346 2285 3444 2337 καὶ
3497 2283 3727 2338 ἄϐυσσον

2152 2377 2477 2448 οἰκτιρμῶν,
2516 2375 2611 2443 ἵν’,
2641 2377 2670 2428 ὃ
2702 2393 2869 2447 φησιν
2920 2377 3173 2438 Ἡσαΐας.
3204 2375 3268 2428 τὸ
3300 2376 3508 2430 οίκεῖον
3539 2374 3732 2444 ἀφέλη-

2152 2488 2244 2523 ται
2270 2473 2362 2524 καὶ
2394 2469 2664 2541 γυμνώσῃ
2709 2470 2819 2524 τῶν
2878 2470 3091 2523 σκύλων
3133 2469 3226 2522 τὸν
3270 2469 3537 2540 πονηρὸν,
3594 2468 3728 2535 ἅπερ

2153 2557 2298 2632 ἦμεν
2332 2563 2515 2633 ἡμεῖς,
2544 2563 2605 2615 τὸ
2634 2561 2969 2632 τιμιώτατον
2993 2560 3073 2630 τῷ
3101 2559 3224 2629 Θεῷ
3246 2564 3463 2633 κτῆμαΊ
3525 2561 3724 2613 οίκονοο

2157 2657 2249 2723 μεῖ
2276 2655 2437 2707 τοῦτο
2474 2653 2655 2723 σοφῶς
2680 2655 2843 2722 άγαν,
2900 2656 2997 2708 καὶ
3027 2653 3199 2715 ὅντως
3255 2653 3720 2724 θεοπρεπέστατα.

2153 2746 2555 2817 Προσκαλείται
2593 2746 2701 2817 γάρ
2766 2747 2861 2799 καὶ
2916 2744 3277 2816 προκαθαίρει
3330 2746 3484 2817 νόμῳ
3529 2746 3590 2797 τὸ
3626 2742 3728 2797 τῶν

2153 2840 2460 2908 ἀνθρώπων
2491 2838 2668 2908 γένος,
2704 2843 2800 2892 καὶ⁸
2835 2837 2926 2892 διὰ
2966 2837 3267 2909 προφητῶν
3296 2838 3473 2904 λαλεῖ,
3522 2840 3617 2893 καὶ
3667 2836 3723 2888 τὸ

2158 2932 2461 3001 μυστήριον
2491 2928 2989 3002 προκαταγγέλλει.
3021 2927 3242 2990 Τύπους
3314 2929 3427 2998 γὰρ
3460 2926 3569 2980 τῶν
3608 2925 3725 2979 Eeti-

2155 3038 2347 3090 στερον
2384 3020 2718 3091 εὐεργεσιῶν
2771 3018 3188 3090 παραδεικνύων
3232 3020 3305 3089 τῇ
3361 3022 3543 3089 φύσει,
3600 3031 3722 3085 χρη-

2158 3113 2375 3184 ματίζει
2403 3112 2480 3183 τῷ
2520 3114 2758 3184 Μωῦσῇ,
2792 3113 2888 3165 καὶ
2915 3110 3207 3182 λυτροῦται
3233 3111 3341 3178 τῆς
3390 3110 3587 3180 Φαραὼ
3610 3108 3720 3160 δον-

2155 3206 2309 3268 λείας
2353 3205 2445 3257 τὸν
2475 3203 2719 3275 Ἰσραὴλ,
2773 3203 2868 3256 καὶ
2923 3203 3068 3255 τελεῖ
3113 3201 3399 3272 παράδοξα
3453 3200 3586 3270 ἔργα
3638 3196 3722 3249 καὶ

2158 3296 2440 3366 θαύματος
2470 3297 2732 3366 γέμοντα,
2760 3295 2831 3348 τὰ
2856 3293 2912 3347 δὲ
2950 3294 3128 3347 πάντα
3156 3294 3248 3348 τὸν
3279 3296 3466 3364 τίμιον
3488 3288 3724 3363 προεικό-

464 3374 550 3441 gls
592 3376 842 3431 mandata
872 3374 1120 3434 homines
1154 3382 1305 3449 prius
1341 3382 1597 3451 advocat,
1633 3396 1689 3441 et
1726 3388 1841 3458 lege
1886 3392 2037 3458 prius

2154 3392 2267 3455 νιζε
2303 3390 2559 3462 σταυρὸν,
2582 3391 2678 3444 καὶ
2701 3390 2799 3461 τὴν
2821 3388 2893 3443 δι’
2921 3388 3086 3443 αὐτοῦ
3109 3390 3419 3460 σωτηρίαν.

466 3470 711 3536 ιιιηηάθιν
739 3480 793 3526 ει
824 3489 919 3542 per
954 3476 1245 3546 prophetas
1285 3476 1545 3547 loquitur,
1587 3491 1643 3537 et
1672 3482 1778 3538 hoc
1810 3488 2128 3555 mysterium
2168 3487 2473 3541 annuntiat.
2522 3485 2751 3557 Figuras
2784 3484 2928 3540 enim
2969 3485 3320 3553 sequentium
3358 3480 3723 3539 beneficiorum

466 3561 703 3618 lttttttano
738 3568 921 3635 generi
956 3570 1333 3627 demonstrare
1365 3572 1573 3641 volens,
1599 3578 1774 3649 Moysi
1814 3590 2035 3659 apparet

2154 3597 2310 3649 mque
2354 3582 2422 3635 de
2465 3582 2625 3637 rebus
2677 3579 2879 3635 divinis
2920 3576 3176 3643 instituit,
3211 3575 3473 3632 lsraelem
3503 3590 3565 3630 ex
3596 3572 3726 3625 Pha—

468 3659 654 3712 raonis
682 3661 947 3715 servitute
985 3663 1202 3728 liberat,
1256 3675 1312 3720 et
1345 3671 1610 3739 stupenda
1654 3674 1899 3743 prodigia
1933 3675 2433 3744 admirationisque
2474 3674 2793 3745 plenissima
2862 3671 3049 3740 eﬁicit,
3118 3687 3238 3741 quas
3316 3670 3502 3727 omnia
3575 3678 3725 3722 vene-

468 3750 695 3803 randam
735 3767 973 3819 crucem,
1009 3771 1260 3826 eamque,
1291 3775 1409 3827 qua:
1440 3762 1566 3818 inde
1597 3766 1756 3823 nobis
1790 3766 2033 3833 obvenit,
2071 3769 2298 3824 salutent
2332 3769 2858 3840 prmsignil‘icabant.
3342 3767 3352 3772 ⁷

550 3838 765 3912 Virgant
828 3847 994 3917 igitur
1046 3848 1188 3905 ferre
1238 3851 1460 3920 jubetur
1527 3857 1829 3929 legislator,
1887 3878 2050 3931 quem

469 3931 617 3988 Deus
649 3936 896 4003 miserat,
939 3950 996 3994 ttt
1028 3945 1283 4013 populum
1328 3946 1382 4000 itt
1418 3964 1582 4005 manu
1616 3953 1821 4021 potenti
1851 3954 2050 4008 libera-

468 4035 575 4089 ret.
611 4026 740 4094 Quae
775 4032 920 4099 virga
967 4035 1267 4103 spiritualis
1306 4038 1437 4111 ligni
1499 4043 1604 4096 vim
1639 4054 1693 4097 et
1732 4055 2052 4113 potestatem

469 4123 827 4203 praenotabat.
859 4125 1206 4186 Convertitur
1242 4136 1385 4189 enint
1415 4152 1540 4191 vere
1568 4137 1623 4192 in
1655 4140 1969 4206 draconem,
2002 4150 2059 4196 ct

472 4215 708 4277 ponterit
788 4217 963 4285 Capita
1048 4224 1374 4292 draconum,
1453 4237 1509 4282 et
1612 4230 2052 4287 adversariorum

472 4305 658 4373 virgas
687 4306 931 4372 devorat,
974 4312 1448 4388 itttprobitatisque
1500 4321 1766 4375 artificem
1796 4338 1901 4378 una
1929 4340 2052 4379 cum

472 4398 726 4459 omnibus
789 4402 903 4456 suis
985 4407 1322 4465 administris
1374 4412 1674 4483 redarguit,
1756 4428 2057 4484 eorumque

473 4488 690 4571 frandes
729 4503 786 4547 et
832 4495 1162 4563 imposturas
1221 4501 1445 4572 detegit.
1514 4502 1795 4574 Sapientia
1880 4508 2047 4572 enim,

475 4595 597 4648 quae
632 4584 779 4638 verbi
830 4590 1278 4654 praedicatoribus
1336 4608 1432 4661 per
1491 4596 1801 4666 passionem
1851 4598 2051 4653 Christi

477 4675 707 4744 desuper
735 4680 855 4733 data
887 4694 991 4744 est,
1037 4699 1251 4739 omnem
1287 4687 1473 4761 mundi
1523 4690 1685 4758 hujus
1723 4689 1842 4743 falsi
1878 4691 2052 4745 nouti-

2227 3863 2408 3935 Αὐτὴν
2430 3863 2563 3932 γοῦν
2596 3862 2791 3932 eaeam;
2820 3858 3108 3914 ἐκελεύετο
3131 3857 3328 3928 φέρειν
3360 3858 3389 3912 ὁ
3413 3848 3727 3926 προσαχθεὶς

2161 3958 2220 4010 ὲν
2253 3959 2398 4028 χειρὶ
2433 3956 2673 4027 κραταιᾷ
2697 3955 2789 4008 τὸν
2831 3952 2961 4007 λαὸν
2994 3949 3381 4020 ἐλευθερῶσαι
3420 3946 3726 4017 νομοθέτης.

2157 4052 2252 4103 καὶ
2289 4049 2483 4121 ῥάϐδος
2513 4049 2610 4119 τὴν
2638 4046 2735 4101 τοῦ
2767 4042 3148 4114 πνευματικοῦ
3173 4042 3345 4107 ξύλου
3370 4038 3724 4112 προδιέγραιφε

2158 4139 2390 4207 δύναμιν
2411 4154 2423 4168 ’
2458 4140 2670 4207 γίνεται
2702 4137 2812 4206 γὰρ
2847 4136 2942 4189 καὶ
2967 4135 3190 4204 δράκων
3221 4132 3465 4203 άληθῶς,
3502 4128 3721 4181 καὶσυν-

2161 4230 2343 4302 τρίδει
2375 4230 2472 4293 τὰς
2501 4230 2750 4299 κεφαλὰς
2795 4229 2905 4281 τῶν
2958 4225 3299 4298 δρακόντων,
3341 4225 3437 4279 καὶ
3465 4220 3560 4281 τὰς
3616 4214 3718 4267 τῶν

2158 4323 2461 4377 ἀντιθέτων
2495 4321 2777 4375 κατεσθίει
2810 4319 3061 4391 ράὁδους,
3083 4316 3181 4370 καλ⁵
3232 4316 3327 4369 τδν
3359 4311 3613 4383 σοφιστὴν
3629 4308 3717 4371 τῆς

2159 4413 2358 4476 κακίας
2391 4414 2575 4475 αὐτοῖς
2597 4413 2897 4480 ύπουργοῖς
2925 4408 3200 4479 ἐξελέγχει
3233 4410 3415 4477 μάτην
3440 4400 3718 4471 σοφιζόμε-

2155 4523 2270 4559 νον.
2306 4505 2371 4557 'll
2407 4505 2515 4575 γὰρ
2556 4502 2764 4577 ἄνωθεν
2805 4500 2967 4568 σοφία
3009 4501 3122 4562 τοῖς
3177 4498 3382 4569 κήρυξι
3428 4494 3522 4547 τοῦ
3571 4488 3718 4577 λόγου

2155 4597 2243 4650 διὰ
2275 4597 2383 4651 τῶν
2416 4595 2760 4665 παθημάτων
2793 4594 2886 4647 τοῦ
2916 4591 3154 4662 Χριστοῦ
3195 4587 3588 4661 χορηγηθεῖσα,
3624 4591 3718 4628 πα-

2162 4708 2260 4744 σαν
2307 4688 2642 4760 ἁπεμώρανε
2706 4688 2804 4758 τὴν
2833 4686 2927 4740 τοῦ
2983 4686 3189 4756 κόσμου
3242 4682 3590 4752 ψευδώνυμον
3640 4684 3721 4719 στι-

478 4768 561 4820 ttis
600 4770 943 4835 sapientiam,
981 4775 1208 4842 fatuam,
1263 4778 1576 4849 ttttlliusqtte
1638 4784 1894 4836 momenti
1930 4798 2048 4839 esse

2158 4781 2310 4850 φίαν,
2348 4753 2441 4833 καλ
2466 4753 2528 4832 τδ
2585 4753 2937 4851 μηδὲν-εἷναι
3001 4753 3277 4839 ἀπέδειξε,
3340 4763 3718 4851 στηλιτεύσασα

474 4861 652 4913 detttot
677 4865 889 4929 stravit,
929 4869 1176 4921 refutatis
1217 4868 1432 4933 fabulis,
1466 4871 1787 4942 publiceque
1827 4874 2050 4929 traduc-r

476 4951 568 5015 tis,
599 4960 653 5004 et
682 4956 826 5007 omni
860 4958 1179 5023 deceptione
1221 4959 1453 5014 sublata.
1498 4959 1574 5015 Ne
1600 4978 1730 5015 vero
1758 4963 1851 5016 ti'ni
1891 4979 2052 5031 pere-

476 5042 690 5109 grinum
721 5056 774 5098 et
824 5048 1098 5104 insolitum
1138 5051 1403 5113 videatur,
1454 5067 1573 5106 cum
1635 5056 1789 5109 audis
1845 5057 2052 5110 instru-

479 5147 718 5189 mettlttttt
760 5139 888 5193 illtttl
954 5142 1165 5196 ittvitlim
1200 5154 1253 5197 et
1311 5146 1538 5201 ltelluant
1597 5150 1787 5203 veneni
1838 5151 2051 5220 plenam

478 5224 646 5282 fuisse
684 5233 864 5284 crucis
896 5232 1210 5302 imaginem.
1248 5236 1402 5291 Sicut
1434 5239 1578 5293 enim
1628 5240 1717 5294 ille
1761 5242 1853 5309 qui
1909 5244 2055 5297 omni

477 5321 773 5377 sanctitate
816 5327 988 5394 major
1039 5338 1144 5391 est,
1180 5329 1232 5383 itt
1262 5331 1418 5402 cujus
1459 5345 1754 5402 conspectu
1812 5352 1880 5390 ne
1941 5337 2053 5406 ipsa

481 5412 699 5479 quidem
730 5426 875 5468 astra
911 5417 1107 5472 munda
1141 5431 1289 5483 sunt.
1343 5434 1398 5477 et
1462 5427 1716 5482 universa
1775 5427 2058 5482 hominum

477 5502 971 5576 justitiatanquant
1040 5525 1250 5577 pannus
1312 5527 1680 5584 tttcnstrnatae,
1748 5519 1911 5586 sicut,
1973 5520 2058 5574 in-

479 5610 666 5664 quam,
702 5596 804 5650 iste
833 5612 957 5650 cum
992 5600 1191 5671 iniquis
1235 5617 1513 5678 reputatus
1573 5620 1679 5676 est,
1733 5627 1786 5666 ut
1838 5627 1936 5666 nos
1987 5626 2055 5666 ex

489 5684 685 5740 acerba
720 5689 927 5757 peccati
985 5697 1265 5762 tyrannide
1307 5703 1561 5772 eriperet,
1604 5704 1676 5759 ita
1711 5714 1769 5760 et
1796 5705 1868 5771 id,
1912 5704 2055 5779 quod

558 5866 601 5898 "
632 5864 738 5925 lsa.
767 5884 880 5940 uti,
922 5874 1010 5941 l2,

2154 4844 2535 4940 τοὺςμύθους,
2563 4844 2659 4923 καί
2707 4870 2805 4937 τὴν
2833 4867 3052 4935 ἀπάτην
3080 4865 3424 4931 διελέγξασα.
3465 4859 3535 4912 Σὺ
3561 4852 3615 4905 δὲ
3651 4844 3719 4940 μὴ

2160 4938 2373 5028 ξενίζον
2410 4963 2471 5018 τὸ
2513 4962 2710 5029 πικρὸν
2769 4961 3002 5030 ὄργανον
3027 4958 3123 5013 tot":
3179 4957 3403 5025 φθόνου.
3587 4938 3717 5050 ἰξεό·

2157 5057 2250 5109 λον
2285 5056 2429 5125 θῆρα
2454 5058 2535 5119 εις
2561 5054 2750 5108 εἰκόνα
2782 5052 3020 5121 ’σταυροῦ
3043 5049 3460 5118 λαμϐανόμενον
3490 5042 3715 5093 ἀκούων.

2170 5150 2258 5213 Ὠς
2289 5150 2398 5218 γὰρ
2438 5150 2680 5214 ὁιπάσης
2712 5148 3000 5216 ἁγιότητος
3034 5145 3321 5208 ἐπέκεινα,
3357 5140 3448 5192 καὶ
3480 5128 3539 5188 οὗ
3596 5141 3721 5180 κατ’·

2156 5256 2185 5294 ι
2205 5239 2392 5293 ιώπιον
2416 5239 2537 5292 οὐδὲ
2563 5241 2745 5308 ἄστρα
2767 5237 3005 5307 καθαρὰ.
3043 5236 3141 5288 καὶ
3173 5236 3325 5287 πᾶσα
3351 5232 3406 5284 δὲ
3434 5220 3721 5308 ἀνθρὼἶτων

2159 5331 2482 5400 δικαιοσύνη
2515 5330 2591 5392 ὡς
2624 5329 2796 5400 ῥάκος
2834 5327 3291 5396 ἀποκαθημένης,
3336 5322 3412 5384 ὡς
3448 5317 3539 5371 οὖν
3578 5303 3720 5365 οὗτος

2163 5421 2300 5492 μετὰ
2331 5422 2548 5491 ἀνόμων
2574 5419 2850 5490 ἐλογίσθη.
2897 5418 2965 5471 ἶν’
2988 5405 3138 5489 ἡμᾶς
3188 5411 3477 5483 ἀπαλλάξῃ
3506 5407 3599 5469 τῆς
3644 5413 3724 5505 πῖ·

2162 5517 2302 5585 κρᾶς
2333 5516 2649 5586 τυραννίδος
2666 5514 2766 5581 τῆς
2792 5513 3090 5584 ἁμαρτίας,
3119 5509 3265 5565 οὕτω
3296 5508 3385 5562 καὶ
3409 5504 3467 5557 τὸ
3494 5507 3723 5568 προγρα-

2164 5625 2265 5676 φον
2293 5607 2384 5660 τὸν
2416 5607 2647 5677 σταυρὸν
2680 5607 2845 5661 αὑτοῦ
2881 5605 3038 5670 ξύλον
3061 5608 3139 5670 εἰς
3175 5605 3442 5675 δράκοντα
3473 5600 3723 5677 μετεσχςῖ

2167 5674 2427 5782 ματξσθη,
2464 5674 2563 5755 ἵν’-
2591 5698 2909 5776 ἀποκτανθῇ
2974 5696 3052 5770 τῷ
3080 5698 3249 5772 ὁμοίῳ
3284 5696 3345 5749 τὸ
3383 5693 3581 5764 ὅμοιον,
3636 5674 3727 5736 καὶ
