4016 6462
297 417 400 484 193

1372 415 1456 476 ΙΝ
1497 414 2106 477 EXALTA'IIONEM
2148 417 2209 478 S.
2251 418 2554 480 CRUClS.

3487 427 3582 483 194

303 530 566 602 συντριϐῇ
609 528 672 584 τδ
705 527 801 584 τοῦ
851 529 1029 586 Σατᾶν
1084 525 1298 581 σκολιὸν
1347 528 1426 596 τῷ
1487 528 1741 599 φρονίμῳ
1793 527 1875 598 τῆς

2002 531 2206 598 lignum
2243 533 2424 586 crucis
2455 532 3001 605 ejusprzeﬁgurabat,
3031 536 3084 591 in
3122 537 3416 593 draconem
3454 554 3583 593 con:

305 627 631 690 οἰκονομίας.
664 624 836 697 Πλὴν,
866 624 970 678 κᾶν
998 625 1244 692 ἐγεγόνει
1270 621 1407 690 πρὸς
1440 623 1703 691 ἀλήθειαν
1736 621 1883 688 ὄφις,

311 721 417 773 κᾶν
448 718 670 788 ἐφόϐησε
701 719 798 770 τὸν
846 716 1080 786 θεόπτην
1102 716 1166 768 τὸ
1198 714 1488 786 πρότερον,
1519 714 1626 768 κᾶν
1653 715 1886 766 κατέπιε

322 814 425 866 τῶν
455 815 656 881 γοήτων
685 811 786 873 τὰς
823 809 1052 881 ῥάϐδους
1081 808 1142 861 τὸ
1163 807 1440 880 δεύτερον,
1479 806 1594 861 ἀλλ’
1643 806 1737 860 οὖν
1775 809 1893 858 ἐπι-

321 903 726 974 λαμϐανομένου
757 903 1004 964 Μωσέως
1037 899 1198 954 πάλιν
1264 901 1474 968 γίνεται
1531 897 1690 962 ξύλον
1752 898 1891 966 πρὸς

319 997 572 1066 σύμϐολον
600 995 694 1049 τοῦ
723 995 935 1065 μέλλειν
959 995 1066 1047 ἀπὸ
1089 993 1348 1063 σώματος
1383 993 1609 1045 ἀνεῖσαν
1624 991 1712 1046 διὰ
1731 989 1889 1054 ξύλου

315 1089 632 1159 νεκροῦσθαι
665 1090 766 1160 τὴν
787 1088 1018 1157 πλάνην.

306 1184 570 1252 pie-batur,
612 1192 667 1237 et
719 1180 1245 1251 apprehendebatnr,
1309 1193 1500 1234 rursus
1549 1177 1609 1234 in
1663 1179 1870 1248 lignum
1915 1186 2336 1243 transmutatur;
2371 1178 2515 1248 quod
2551 1189 2880 1248 argumento
2914 1191 3053 1246 erat,

1998 639 2216 678 versum
2250 637 2354 692 est,
2405 637 2463 680 ut
2513 628 2676 682 simili
2734 629 2912 684 simile
2968 631 3398 696 interﬁceretur,
3488 633 3581 688 Sa-

2001 726 2250 786 tana-que
2293 717 2512 772 frandes
2543 730 2597 772 et
2626 721 2788 786 spirae
2841 724 3250 790 sapientissimo
3303 725 3583 790 disticnsa-

2001 809 2165 863 tionis
2203 811 2431 864 consilio
2457 821 2889 868 coalererentur.
2924 814 3193 871 Caeterum
3232 816 3354 869 licet
3389 833 3578 871 revt-ra

2001 900 2052 952 in
2083 912 2392 969 serpentem
2432 904 2648 966 abierit,
2703 903 2828 958 licet
2881 909 3225 975 prophetam,
3269 909 3361 978 qni
3420 911 3582 962 Deum

2001 991 2233 1057 viderat,
2298 993 2451 1059 prius
2498 995 2778 1060 terruerit,
2843 995 2971 1049 licet
3022 998 3260 1052 secundo
3311 999 3583 1069 Magorum

1999 1083 2176 1152 virgas
2207 1084 2550 1138 devorat-erit
2577 1101 2592 1148 ;
2624 1096 2893 1147 attamen.
2935 1089 3154 1154 quando
3185 1104 3214 1142 a
3245 1089 3426 1160 Moyse
3447 1093 3581 1146 rcci-

302 1289 531 1341 corpore
555 1286 674 1328 orta
706 1283 812 1337 est,
842 1271 1085 1328 fraudem
1121 1284 1178 1328 et
1210 1274 1585 1344 deceptionem
1631 1274 1968 1328 exstinctum
2007 1270 2094 1324 iri.

385 1366 511 1419 Ἐπὶ
547 1366 756 1430 τούτοις
786 1367 1038 1438 μαστίζει
1089 1366 1221 1430 Θεὸς
1271 1367 1372 1437 τὴν
1430 1367 1727 1434 Αἴγυπτον,
1789 1366 1885 1418 καὶ

301 1457 548 1528 Μωῠσῆς
579 1459 848 1530 ὑπουργεῖ
867 1458 988 1530 θεία
1016 1457 1270 1527 δυνάμει,
1303 1460 1398 1512 καὶ
1427 1457 1630 1512 δεκάδα
1653 1457 1883 1527 πληγῶν

299 1548 726 1619 κατεργάζεται,
779 1551 982 1605 τέλειον
1012 1549 1244 1620 ἀριθμὸν
1290 1550 1564 1614 κολάσεως
1599 1552 1741 1604 κατὰ
1768 1551 1880 1604 τῶν

296 1643 482 1694 τέλεια
502 1641 843 1708 δεδρακότων
890 1641 1032 1712 ἔργα
1071 1642 1465 1711 παραϐάσεως,
1495 1642 1593 1696 καὶ
1621 1643 1701 1705 είς
1742 1642 1882 1714 μνή-

301 1750 414 1804 μην
443 1732 540 1785 τοῦ
595 1732 872 1803 θαύματος
919 1733 1242 1805 ἰσαρίθμους
1285 1734 1506 1798 ἐντολὰς
1560 1733 1876 1806 διαγράφει,

2066 1363 2275 1418 lnterea
2310 1362 2548 1432 ﬂagellat
2600 1363 2740 1419 Deus
2771 1365 3065 1438 Egyptum
3103 1367 3300 1421 divina:
3331 1368 3582 1437 potentia:

1989 1458 2313 1513 administro
2334 1456 2536 1527 Moyse,
2574 1458 2664 1527 qui
2713 1461 2880 1514 denas
2919 1461 3104 1530 plagas
3133 1461 3316 1526 ellicit,
3362 1474 3419 1514 ut
3454 1478 3579 1531 per-

1987 1551 2194 1604 fecmm
2231 1549 2491 1603 nimirum
2540 1551 2795 1619 supplicii
2833 1568 3120 1606 numerum
3183 1555 3454 1618 subirent,
3486 1554 3581 1624 qui

1985 1642 2052 1694 ad
2085 1656 2357 1696 summum
2400 1656 2574 1712 usque
2607 1643 2876 1698 scelerum
2936 1656 3319 1712 processerant
3352 1662 3366 1710 ;
3441 1655 3495 1699 cl.
3526 1650 3579 1700 in

1988 1733 2307 1787 memoriam
2351 1734 2600 1788 miraculi
2635 1735 2821 1788 decem
2860 1747 3132 1808 praecepta
3165 1738 3485 1806 praescribit,
3523 1747 3579 1793 ut

299 1828 374 1887 ὡς
400 1826 465 1877 ἂν
503 1823 668 1888 ἀξίως
722 1827 821 1880 καὶ
872 1825 1146 1894 Αἴγυπτος
1197 1825 1285 1880 διά
1339 1825 1440 1896 τῆς
1503 1826 1727 1890 δεκάδος
1771 1827 1875 1880 τῶν

1987 1824 2254 1898 Αἳιεγριυε
2285 1825 2440 1894 digne
2460 1839 2555 1893 per
2578 1826 2763 1879 decem
2795 1827 2978 1896 plagas
2997 1827 3301 1904 puniretur,
3324 1841 3376 1883 et
3417 1831 3578 1884 Israel

306 1920 588 1986 μαστίγων
621 1920 936 1990 τιμωρηθῇ,
984 1918 1082 1972 καὶ
1123 1918 1344 1991 Ἰσραὴλ
1367 1919 1455 1973 διὰ
1492 1919 1593 1990 τῆς
1653 1920 1876 1982 δεκάδος

305 2010 413 2060 τῶν
447 2009 672 2062 ἐντολῶν
697 2008 1060 2080 εὐεργετηθῇ.
1091 2009 1325 2063 Διπλοῦν
1368 2011 1477 2080 γάρ
1508 2006 1578 2080 ἦν
1613 2010 1875 2076 τάγαθὸν,

303 2102 412 2153 τῶν
442 2103 537 2171 μὲν
566 2103 975 2172 κολαζομένων,
1006 2102 1189 2156 τῶνδὲ
1211 2103 1644 2174 παιδευομένων.
1675 2103 1877 2172 Πρώτη

309 2195 408 2263 μὲν
438 2193 529 2247 οὖν
566 2194 674 2248 τῶν
726 2196 1091 2265 ἐπαγομένων
1143 2199 1212 2267 τῇ
1260 2195 1416 2268 χώρᾳ
1479 2197 1788 2267 τιμωριῶν,
1842 2196 1876 2266 ἡ

303 2287 414 2338 τῶν
445 2287 647 2341 ὑδάτων
695 2289 840 2341 ἐστὶν
903 2289 1270 2358 ἐξαιμάτωσις
1303 2300 1319 2321 ⁴
1371 2290 1623 2359 δευτέρα,
1683 2291 1717 2360 ἡ
1768 2291 1878 2344 τῶν

305 2380 589 2449 βατράχων
620 2380 947 2443 ἁνάὄλυσιςο
979 2381 1163 2452 τρίτη,
1195 2383 1228 2452 ἡ
1259 2381 1370 2435 τῶν
1406 2381 1652 2434 σκνιπῶν
1673 2396 1690 2412 ⁸
1725 2383 1879 2452 ήτῆς

302 2471 629 2538 κυνομυίας,
667 2471 908 2541 τετάρτη
937 2484 952 2499 ο
989 2471 1024 2539 ἠ
1053 2471 1231 2541 φθορὰ
1255 2471 1312 2524 δὲ
1349 2473 1578 2542 πέμπτη
1610 2470 1718 2524 τῶν
1745 2487 1882 2540 κτη-

302 2561 444 2614 νώνο
486 2560 642 2630 ἕκτη,
674 2563 708 2633 η
743 2563 854 2615 τῶν
892 2561 1200 2631 φλυκτίδων
1243 2562 1494 2625 ἐπίθεσις
1517 2577 1530 2591 ·
1583 2562 1810 2630 ἑϐδόμη,
1845 2563 1877 2632 ἡ

300 2654 392 2704 διὰ
420 2655 588 2722 πυρὸς
640 2653 734 2708 καὶ
759 2651 1005 2722 χαλάζης
1026 2668 1042 2683 ο
1068 2652 1254 2722 ὀγδόη,
1289 2655 1322 2724 ἡ
1356 2652 1448 2706 διὰ
1475 2653 1585 2706 τῶν
1611 2653 1874 2724 ἀκρίδων

301 2746 498 2814 ἐννάτη
531 2748 564 2814 ἡ
586 2746 672 2799 διὰ
697 2746 790 2799 τοῦ
838 2745 1167 2816 ψηλαφητοῦ
1197 2751 1448 2811 σκότους,
1483 2747 1579 2799 καὶ
1605 2746 1878 2818 δεκάτη,ό

299 2839 409 2891 τῶν
445 2840 804 2909 πρωτοτόκων
839 2839 1090 2904 θάνατος.
1123 2840 1236 2894 Καὶ
1267 2840 1446 2893 πάντα
1507 2839 1606 2910 μὲν
1659 2842 1725 2910 τῇ
1785 2839 1877 2893 τοῦ

301 2931 539 3002 σταυροῦ
570 2931 920 3003 προτυπώσει
974 2931 1187 3000 γίνεται
1213 2971 1229 2996 ,
1262 2933 1325 2986 οὐ
1357 2932 1535 2987 πάντα
1573 2932 1631 2986 δὲ
1653 2935 1719 3004 τῇ
1785 2933 1881 3003 βα-

303 3028 508 3096 κτηρίᾳ
542 3026 1009 3096 τερατουργεῖται,
1050 3025 1140 3079 ἵνα
1169 3024 1306 3095 μηδέ
1332 3025 1485 3096 παρὰ
1514 3026 1626 3079 τῶν
1655 3026 1874 3078 οἰκείων

298 3117 621 3189 θεοποιηθῇ,
654 3120 794 3188 μήτε
821 3117 975 3186 παρὰ
999 3117 1109 3171 τῶν
1131 3117 1434 3188 ἀλλοτρίων
1465 3119 1874 3189 συκοφαντηθῇ·

1985 1935 2082 1989 per
2120 1920 2306 1974 decem
2358 1931 2625 1988 praecepta
2689 1919 2974 1974 beneﬁciis
3033 1936 3062 1974 a
3110 1919 3219 1974 Deo
3271 1923 3580 1976 cumulare-

1984 2022 2088 2065 tur.
2114 2011 2915 2082 Duplex'enimemolumentum
2945 2012 3069 2067 inde
3109 2015 3358 2068 exstitit:
3385 2031 3576 2078 unum,

1981 2101 2050 2156 ad
2072 2116 2169 2156 eos
2192 2102 2286 2170 qui
2315 2101 2710 2170 puniebantur;
2743 2102 2976 2155 alterum
3009 2103 3074 2157 ad
3113 2118 3226 2168 eos,
3244 2106 3334 2174 qni
3365 2104 3580 2158 erudie-

1982 2195 2203 2257 bantnr,
2230 2195 2567 2248 redundavit.
2597 2194 2778 2247 Prima
2807 2195 2968 2264 igitur
2999 2197 3151 2266 plaga
3171 2212 3235 2250 ex
3257 2197 3342 2250 liis
3367 2213 3489 2267 qua:
3522 2199 3573 2250 itt

1983 2289 2254 2356 regionem
2279 2287 2423 2340 illam
2460 2287 2690 2342 inductae
2722 2301 2869 2352 sunt,
2893 2299 2975 2342 est
3003 2304 3268 2358 aquarum
3307 2290 3358 2344 in
3383 2291 3576 2360 sangu?

1982 2394 2105 2432 nem
2130 2379 2435 2445 conversio;
2465 2379 2655 2446 altera,
2677 2394 2929 2434 ranarum
2950 2381 3214 2448 ebullitio;
3241 2384 3418 2448 tertia,
3444 2384 3577 2436 culi-

1985 2487 2152 2538 cum;
2204 2483 2425 2540 quarta,
2474 2473 3044 2543 cynomyiae;qninta,
3086 2477 3575 2545 interitnsjnnaen-

1986 2570 2165 2619 torum
2194 2580 2206 2615 :
2233 2575 2412 2626 sexta,
2451 2565 2788 2633 pnstularum
2827 2565 3087 2619 emissio:
3127 2570 3386 2635 septima,
3416 2570 3568 2638 plaga

1984 2656 2126 2726 ignis
2153 2665 2207 2710 et
2237 2657 2547 2723 grandinis:
2576 2667 2788 2719 octava,
2842 2657 3178 2712 locustarum
3209 2677 3222 2713 :
3259 2677 3421 2724 nona,
3455 2663 3575 2730 ιιςιΙς

1985 2746 2244 2816 pabilium
2281 2748 2670 2800 tenebrarum:
2723 2746 2970 2822 decima,
3025 2765 3174 2803 mors
3236 2751 3570 2822 primogeni-

1987 2850 2186 2892 torum.
2219 2839 2411 2894 Omnia
2446 2838 2560 2892 lucc
2587 2841 2766 2894 crucis
2803 2839 3212 2909 prasligurantla:
3243 2845 3412 2912 gratia
3450 2861 3574 2910 per-

1985 2941 2254 3000 aguntur:
2288 2937 2606 2985 nontamen
2656 2935 2840 2984 Omnia
2889 2947 2983 2998 per
3015 2935 3220 3002 virgam
3280 2933 3438 2995 ﬁunt,
3506 2951 3572 2987 ne

1987 3038 2015 3074 a
2041 3023 2154 3074 suis
2176 3020 2269 3074 Dei
2317 3020 2435 3074 loco
2476 3021 2771 3074 haberetur
2828 3031 2883 3075 et
2907 3023 3202 3089 coleretur,
3233 3023 3315 3076 vel
3348 3025 3418 3076 ab
3445 3024 3575 3076 alie-

1989 3113 2205 3182 nigenis
2251 3113 2539 3166 calumniis
2606 3114 2959 3180 impeteretur
2997 3133 3010 3167 :
3044 3115 3198 3167 inulti
3265 3117 3410 3168 enim
3449 3132 3569 3170 eam

294 3201 332 3276 ἦ
359 3208 467 3276 γάρ
494 3206 560 3259 ἂν
601 3207 691 3260 καὶ
739 3209 998 3275 μαγικαῖς
1056 3207 1296 3271 ἀπάταις
1341 3209 1390 3261 οί
1431 3206 1619 3260 πολλοὶ
1669 3209 1875 3280 ταύτην

1988 3203 2212 3272 magicis
2244 3204 2559 3271 imposturis
2585 3213 2637 3256 ct
2685 3202 2894 3257 artibus
2945 3203 3253 3259 confectam
3292 3206 3458 3261 fuisse
3482 3225 3572 3261 ex-

295 3297 560 3366 ἐνόμισαν
591 3297 922 3354 τετελέσθαι.
980 3297 1083 3351 Διά
1137 3297 1299 3350 τοῦτο
1351 3299 1483 3367 γοῦν
1540 3301 1634 3352 καὶ
1675 3301 1874 3372 χειρῶν

293 3389 522 3450 ἑκτασις
544 3389 636 3440 καὶ
667 3388 958 3459 προϐάτων
986 3387 1150 3443 θυσία
1178 3390 1246 3442 τὰ
1261 3388 1353 3443 ἴσα
1383 3389 1728 3462 δεδύνηνται,
1756 3393 1875 3445 ἔνια

292 3480 353 3533 δὲ
379 3480 456 3550 τῷ
493 3483 638 3551 μόνῳ
669 3481 1053 3552 προρρηθῆναι
1101 3481 1522 3552 κατείργασται.
1587 3484 1746 3537 Ἐπεὶ
1765 3485 1874 3554 γὰρ

290 3574 422 3642 τρία
444 3573 508 3644 δὴ
527 3574 698 3627 ταῦτα
727 3577 856 3646 περὶ
885 3574 977 3627 τὸν
991 3574 1174 3644 τίμιον
1197 3575 1295 3627 τοῦ
1323 3575 1598 3629 Δεσπότου
1642 3578 1874 3647 σταυρὸν

293 3667 604 3736 θεωρεῖται,
636 3665 762 3733 ὕλη,
789 3670 882 3720 καὶ
910 3667 1122 3737 σχῆμα,
1150 3671 1247 3724 καὶ
1295 3669 1476 3739 χάρις,
1512 3669 1599 3722 διὰ
1636 3670 1734 3738 μὲν
1773 3670 1875 3738 τῆς

305 3760 600 3830 βακτηρίας
634 3761 669 3831 ἢ
702 3760 801 3830 ὕλη
833 3761 1192 3833 γνωρίζεται,
1225 3761 1317 3814 διὰ
1339 3761 1391 3812 δὲ
1417 3761 1515 3830 τῆς
1546 3762 1656 3814 τῶν
1673 3763 1872 3832 χειρῶν

303 3854 566 3914 ἐκτάσεως
603 3855 662 3906 τὸ
713 3851 854 3913 εἶδος
883 3854 1378 3926 χαρακτηρίζεται,
1420 3854 1508 3907 διὰ
1535 3853 1592 3906 δέ
1620 3855 1719 3923 τῆς
1741 3871 1874 3923 προ-

302 3941 520 4008 φητείας
553 3942 647 3994 καὶ
694 3943 789 3996 τοῦ
841 3945 1077 4014 αἵματος
1123 3945 1157 4015 ἡ
1207 3945 1366 4015 χάρις
1403 3945 1870 4014 ἀνακηρύττεται.

297 4034 582 4106 Ὠσπερδέ
605 4039 666 4090 οὐ
698 4039 876 4092 πάντα
906 4038 996 4092 διὰ
1047 4041 1150 4110 τῆς
1210 4041 1538 4112 βακτηρίας,
1593 4041 1767 4106 οὕτως
1809 4044 1870 4096 οὑ

299 4129 481 4180 πάντα
505 4129 592 4181 διὰ
615 4130 880 4193 Μωσέως,
915 4131 1037 4184 οὐδὲ
1074 4135 1253 4187 πάντα
1292 4135 1350 4200 ἐξ
1417 4135 1538 4199 ἐνός
1573 4153 1720 4199 τινος
1761 4137 1872 4192 τῶν

300 4223 604 4291 στοιχείων,
645 4223 780 4276 ἀλλὰ
807 4225 906 4289 τὰς
932 4227 1031 4294 μὲν
1058 4230 1210 4297 τρεῖς
1242 4227 1336 4280 καὶ
1369 4231 1598 4298 πρώτας
1654 4231 1872 4300 πληγὰς

290 4317 358 4366 ἐκ
384 4316 492 4366 τῶν
555 4319 878 4388 παχυτέρων
924 4320 1225 4389 στοιχείων,
1280 4321 1386 4391 γῆς
1446 4323 1544 4376 καὶ
1594 4322 1810 4391 ὕδατος,
1844 4325 1874 4376 ό

299 4409 516 4478 Ἀαρὼν
561 4410 940 4480 ἐπιτρέπεται,
967 4413 1068 4474 τὰς
1105 4412 1224 4476 ἴσας
1263 4413 1319 4465 δέ
1354 4414 1412 4480 ἐξ
1441 4413 1602 4487 ἀερος
1644 4419 1738 4469 καὶ
1769 4432 1874 4468 πυ-

288 4506 384 4572 ρὸς
413 4503 653 4572 Μωϋσῆς
683 4506 919 4574 ἐνεργεῖ,
963 4507 1095 4576 μίαν
1120 4507 1176 4559 δὲ
1210 4509 1396 4579 κοινὴν
1421 4509 1615 4578 ἄμφω,
1654 4509 1753 4578 τὴν
1783 4510 1874 4562 ιε-

1985 3295 2233 3348 ὶειξιηπε
2264 3295 2587 3363 potuissent.
2627 3292 2700 3346 Ea
2752 3295 2818 3348 de
2882 3309 3046 3348 eausa
3075 3305 3130 3350 ct
3165 3312 3420 3350 manuum
3478 3315 3573 3351 ex-

1985 3389 2182 3452 tensio,
2217 3401 2269 3441 et
2296 3387 2417 3456 agni
2463 3387 2765 3440 itntnolatio
2792 3387 3042 3441 eamdem
3071 3391 3178 3441 vim
3215 3405 3568 3458 acceperunt:

1983 3482 2228 3549 quaedam
2258 3480 2369 3532 sola
2399 3480 2749 3547 praedictione
2779 3493 3032 3534 evenere.
3094 3480 3228 3534 Nam
3292 3499 3414 3537 cum
3467 3487 3564 3538 tria

1983 3572 2036 3626 in
2073 3573 2309 3640 pretiosa
2343 3571 2554 3624 ltomini
2591 3573 2758 3624 nostri
2788 3587 2954 3624 cruce
2987 3573 3341 3627 considerare
3385 3578 3564 3644 liceat,

1983 3665 2294 3726 materiam,
2337 3663 2590 3727 fortnam,
2639 3672 2694 3717 et
2721 3667 2976 3733 gratiam,
3024 3680 3119 3734 per
3161 3666 3368 3736 virgam
3403 3681 3564 3723 matc-

1983 3758 2060 3810 ria
2097 3757 2428 3822 innotescit;
2470 3773 2725 3810 manuum
2769 3760 3089 3813 extensione
3142 3761 3313 3827 figura
3373 3765 3561 3818 admu-

1984 3851 2208 3917 bratur;
2242 3867 2335 3918 per
2366 3852 2768 3920 praedictionem
2794 3863 2845 3904 et
2875 3853 3196 3922 sanguinem
3235 3855 3358 3924 agni
3395 3858 3566 3924 gratia

1985 3942 2362 3994 annuntiatttr.
2442 3942 2908 4006 Quemadmodum
2979 3954 3156 3997 autem
3209 3961 3314 3998 non
3383 3949 3566 4001 omnia

1983 4046 2102 4089 acta
2154 4044 2282 4091 sunt
2342 4035 2544 4088 auxilio
2596 4036 2781 4105 virgae,
2850 4035 2923 4087 ita
2953 4051 3055 4091 nec
3107 4038 3290 4091 omnia
3348 4054 3566 4107 peracta

1982 4137 2110 4182 sunt
2142 4130 2442 4181 ministerio
2473 4127 2715 4199 llloysis;
2765 4143 2942 4198 neque
2971 4130 3150 4183 omnia
3182 4145 3246 4184 ex
3283 4146 3392 4186 uno
3427 4149 3567 4202 quo-

1983 4223 2123 4289 piam
2156 4223 2446 4286 elemcnto,
2487 4223 2580 4275 sed
2621 4234 2732 4276 tres
2789 4223 2976 4291 prima:
3015 4224 3184 4293 plaga:
3217 4238 3283 4278 ex
3327 4227 3566 4280 crassio-

1984 4314 2133 4369 ribns
2167 4314 2474 4378 clementis,
2507 4330 2571 4368 ex
2618 4326 2760 4368 terra
2799 4315 3048 4370 videlicet
3096 4331 3148 4372 et
3189 4335 3328 4389 aqua
3363 4321 3566 4377 Aaroni

1984 4406 2292 4477 inﬂigentlte
2317 4409 2755 4463 committuntur.
2812 4410 3062 4463 'l'otidem
3097 4426 3162 4463 ex
3191 4427 3315 4465 acre
3360 4425 3411 4466 et
3443 4414 3570 4483 igne

1982 4499 2194 4571 Moyses
2240 4498 2404 4553 cilicii
2450 4515 2636 4564 unam,
2700 4514 2893 4567 nempe
2955 4503 3266 4570 septimam,
3322 4520 3570 4557 coinmu-

286 4596 464 4664 δόμην
499 4595 800 4664 ἐκτελοῦσι,
825 4599 920 4650 καὶΙ
957 4601 1110 4669 τρεῖς
1149 4600 1248 4663 τὰς
1271 4599 1588 4663 τελευταίας
1621 4603 1699 4663 είς
1723 4619 1865 4671 σιιμ⁸

1987 4591 2124 4643 niter
2174 4591 2356 4644 ambo.
2407 4589 2542 4642 Tres
2579 4590 2839 4657 reliquas,
2885 4591 3092 4644 denarii
3151 4593 3363 4646 numeri
3411 4610 3562 4647 com-

289 4689 570 4760 πλήρωσιν
603 4691 700 4760 τῆς
725 4691 950 4755 δεκάδος
988 4708 1004 4722 ο
1039 4693 1220 4763 ἐαυτῷ
1237 4693 1370 4757 Θεὸς
1406 4691 1734 4764 ἀνατίθησιν
1760 4695 1868 4748 ἔδει

285 4784 398 4852 γάρ
416 4784 510 4835 καὶ
544 4783 788 4848 Μωσέως
818 4784 880 4837 τὸ
907 4785 1158 4839 δουλικὸν
1191 4787 1268 4852 ὠς
1295 4789 1585 4859 προφήτου
1619 4793 1862 4860 φανῆναι

287 4871 497 4936 σθένος,
529 4876 623 4926 καὶ
651 4873 786 4927 Θεοῦ
811 4875 872 4928 τὸ
907 4876 1275 4946 παγκόσμιον,
1303 4879 1378 4942 ὡς
1421 4879 1687 4950 Ὑψίστου
1715 4919 1732 4946 ,
1760 4897 1868 4933 πα-

285 4964 634 5035 ραδειχθῆναι
657 4966 883 5038 κράτος.

351 5059 453 5108 Διὰ
482 5055 640 5109 τοῦτο
668 5057 800 5125 γοῦν
825 5059 921 5113 καὶ
949 5059 1029 5131 τῷ
1055 5061 1326 5136 νομοθέτῃ
1365 5063 1534 5134 μέρος
1565 5062 1724 5134 ἐδόθη
1761 5065 1865 5134 τῆς

283 5149 754 5218 θαυματουργίας,
779 5152 874 5205 καὶ
894 5154 922 5206 ό
951 5153 1292 5224 παντουργὸς
1327 5155 1605 5224 Δεσπότης
1634 5154 1701 5206 δι’
1739 5155 1867 5226 ὅλης

281 5244 549 5312 ἐδοξάσθη
571 5243 671 5312 τῆς
703 5245 1090 5316 δημιουργίας,
1123 5247 1184 5299 οὐ
1225 5249 1510 5319 στοιχείων
1549 5250 1711 5318 μόνον
1742 5268 1866 5303 συν-

280 5339 624 5392 τελεσάντων
667 5338 886 5393 άπαντα
909 5380 924 5406 ,
968 5339 1106 5393 ἀλλὰ
1145 5342 1244 5396 καὶ
1293 5341 1542 5411 ἀγγέλων
1580 5344 1869 5415 ὑπουργη-

227 5484 234 5491 .
281 5435 496 5488 σάντων
519 5432 718 5495 ἄθλων,
735 5434 878 5487 κατά
897 5433 991 5486 τὸν
1017 5434 1247 5505 λέγοντα
1272 5452 1286 5467 °
1320 5438 1867 5507 Συνεκπολεμήσει

279 5521 442 5588 αὐτῷ
462 5527 496 5578 ό
523 5525 753 5592 κόσμος
769 5524 870 5578 ἐπί
900 5528 1044 5593 τοὺς
1066 5526 1479 5598 παράφρονας.
1521 5529 1741 5599 Ἐπειδὴ
1763 5531 1870 5599 γὰρ

279 5617 590 5683 Αἰγύπτιοι,
623 5615 802 5668 καὶτὸ
849 5614 1170 5686 Ἑλληνικὸν
1199 5620 1376 5687 γένος,
1409 5621 1540 5684 τοὺς
1577 5621 1678 5690 μὲν
1706 5622 1872 5689 οὐρα-

281 5708 426 5770 νίους
458 5707 733 5776 ἐνόμιζον,
770 5708 898 5773 τοὺς
940 5710 997 5765 δὲ
1026 5710 1330 5781 ἐπιγείους,
1365 5714 1462 5766 καὶ
1505 5714 1702 5778 ἄλλους
1738 5715 1871 5768 ὑπο-

348 5891 394 5923 ³⁸
420 5891 529 5962 Sep
572 5905 628 5958 γ,
649 5889 745 5945 21.

1975 4683 2332 4752 pletnentnm,
2375 4683 2516 4735 licus
2541 4683 2642 4735 sibi
2681 4686 2794 4752 ipse
2858 4683 3101 4736 ascribit.
3156 4681 3390 4739 Necesse
3417 4689 3564 4741 enim

1975 4787 2092 4830 erat
2130 4788 2183 4829 nt
2218 4780 2268 4830 in
2312 4777 2394 4830 liis
2423 4778 2704 4830 miraculis
2741 4775 2975 4846 Moyses,
3027 4786 3284 4846 tanquam
3315 4782 3457 4834 servi
3509 4793 3565 4838 et

1977 4871 2204 4936 subditi,
2263 4871 2354 4925 Det
2412 4881 2618 4935 autem,
2669 4878 2728 4923 ut
2785 4871 3162 4924 universorum
3216 4872 3460 4942 Domini,
3509 4887 3567 4933 et

1977 4965 2268 5030 Altissimi,
2326 4965 2502 5018 virtus
2547 4973 2600 5017 et
2626 4963 2868 5034 potentia
2917 4961 3277 5021 elucesceret.
3581 4956 3588 4962 ’

2049 5059 2203 5111 lianc
2239 5059 2307 5110 ob
2332 5072 2554 5110 causam
2590 5071 2715 5124 pars
2742 5057 3109 5126 prodigiorum
3143 5057 3440 5129 legislatori
3475 5077 3568 5116 as-

1977 5154 2190 5222 signata
2221 5161 2325 5217 est,
2370 5150 2723 5204 nihiloininus
2748 5159 2862 5203 toto
2899 5151 2988 5204 illo
3027 5163 3402 5220 portentorum
3432 5171 3565 5208 con-

1975 5263 2138 5301 cursu
2199 5244 2460 5299 Dominus
2512 5245 2758 5298 omnium
2817 5259 2996 5298 rerum
3036 5245 3278 5312 eﬂ‘ector,
3324 5248 3560 5301 debitam

1977 5340 2207 5412 gloriam
2246 5336 2524 5403 obtinuit;
2580 5353 2688 5392 non
2725 5335 2855 5393 solis
2899 5337 3211 5402 elementis,
3258 5341 3324 5392 ad
3375 5341 3559 5394 omnia

1969 5431 2468 5496 subservientibus,
2501 5431 2595 5484 sed
2643 5441 2698 5484 et
2728 5429 2957 5499 angelis,
2987 5446 3014 5484 a
3052 5430 3293 5484 materiae
3321 5445 3555 5485 concre-

1970 5527 2118 5582 tione
2160 5525 2368 5589 Iiberis,
2429 5523 2756 5593 mysterium
2790 5537 2950 5578 suum
3013 5522 3120 5591 ipsi
3168 5521 3559 5576 exhibentibns
3642 5526 3645 5529 ’

1962 5622 2118 5692 juxta
2155 5619 2303 5674 illius
2337 5617 2546 5672 oraculi
2579 5617 2908 5672 sententiam
2949 5633 2965 5670 :
3014 5614 3284 5685 Pugnabit
3312 5631 3429 5668 cum
3466 5618 3560 5670 illo

1969 5712 2110 5770 orbis
2160 5719 2427 5766 terrarum
2476 5716 2662 5764 contra
2713 5708 3010 5763 insenratos
3055 5707 3125 5760 “.
3203 5705 3344 5762 Cum
3409 5709 3558 5763 enim

3133 1197 3253 1235 eam
3321 1200 3441 1253 qua:
3517 1201 3582 1239 ex
3680 1248 3684 1253 ι
