4016 6456
305 418 402 484 l9?

1408 410 1489 470 IN
1530 407 2142 470 EXALTATIONEM
2181 409 2241 469 S.
2286 410 2587 472 CRUGIS.

3478 419 3582 486 198

300 544 360 598 δὲ
385 545 478 596 καὶ
505 540 733 594 πλείονα
770 540 870 605 τὴν
904 535 1160 605 αἴσθησιν
1187 533 1376 586 λαϐεῖν
1403 532 1879 601 προσειργάσατο1

1999 530 2247 594 interitu,
2273 535 2515 600 potentia
2550 534 2728 588 crucis
2769 549 2874 589 non
2909 537 3030 592 sine
3067 535 3238 606 gloria
3278 549 3364 596 est
3393 545 3584 599 adum-

305 637 402 687 καὶ
439 633 534 702 τὴν
567 633 713 701 ὑπὲρ
753 632 855 701 τῆς
885 626 1520 698 ἀνθρωπότητος·εὑχὴν
1563 623 1884 686 ὲξεικόνισε,

315 723 411 778 τοῦ
459 725 510 774 ὲν
560 721 639 789 τῷ
681 721 812 789 Θείῳ
858 715 1072 786 σταυρῷ
1109 716 1206 777 τὰς
1239 717 1431 785 χεῖρας
1481 713 1890 775 ὲκπετάσαντος

322 815 560 880 ἀληθινοῦ
588 812 912 882 νομοθέτου,
945 811 1038 862 καὶ
1069 810 1366 878 φήσαντος,
1401 805 1454 858 Ὁ
1480 805 1646 870 Θεὸς.
1683 808 1713 858 ό
1743 806 1890 870 Θεός

319 925 448 975 μου,
465 908 546 972 είς
563 907 620 958 τί
637 922 718 973 με
743 903 1166 973 ἑτκατέλιπες;
1189 899 1396 967 καὶτῆς
1427 897 1757 967 φθοροποιοῦ
1789 894 1888 950 καὶ

316 996 576 1058 δυσώδους
619 995 898 1064 ἁμαρτίας
943 993 1152 1051 πάντας
1199 988 1694 1057 ἐλευθερώσαντος.
1744 987 1889 1056 Την-

318 1088 506 1141 ικαῦτα
526 1089 636 1158 γάρ
665 1088 714 1140 οί
742 1085 1174 1146 πεπιστευκότες
1204 1082 1426 1152 Χριστῷ
1449 1082 1550 1152 τῆς
1579 1080 1761 1150 λύμης
1789 1081 1888 1150 μὲν

310 1180 416 1231 τῶν
447 1179 670 1232 ἰοϐόλων
706 1176 894 1229 παθῶν
918 1215 934 1238 ,
968 1176 1060 1227 καὶ
1105 1174 1203 1242 τῆς
1230 1172 1507 1241 εἰδεχοοῦς
1543 1170 1641 1223 καὶ
1681 1171 1888 1238 πικρᾶς

309 1272 676 1338 συνοικήσεως
711 1271 806 1338 τῆς
836 1267 1114 1329 ἀσεϐείας,
1145 1268 1240 1320 καὶ
1268 1267 1377 1318 τῶν
1413 1264 1660 1334 αἰσχρῶν
1699 1280 1760 1316 τε
1790 1262 1889 1315 καὶ

302 1364 562 1432 πονηρῶν
589 1363 766 1431 ἔργων
791 1362 1142 1434 ἐρῤύσθημεν
1164 1403 1178 1425 ,
1213 1360 1311 1428 τῆς
1357 1358 1626 1420 δυσωδίας
1657 1357 1715 1410 δὲ
1747 1355 1888 1425 μᾶλα

300 1455 391 1506 λον
432 1455 521 1507 διὰ
554 1455 652 1523 τῆς
695 1455 914 1523 μνήμης
966 1450 1418 1520 ὲπαισϐανόμεΟα
1443 1465 1459 1482 ο
1504 1446 1740 1518 αἰσχύνῃ
1775 1447 1886 1516 γὰρ

299 1547 410 1599 τῶν
441 1546 898 1615 προϐεϐιωμένων
929 1546 1028 1614 τὴν
1053 1545 1232 1613 ψυχὴν
1265 1542 1594 1611 αἰκιζόμεθα
1623 1542 1770 1594 κατὰ
1798 1540 1884 1595 λέ-

300 1659 469 1708 γοντα
515 1642 652 1694 θεῖον
692 1641 988 1693 ἀπόστολον
1011 1656 1026 1670 ·
1080 1639 1219 1692 Τίνα
1259 1633 1375 1692 οὖν
1425 1635 1662 1705 καρπὸν
1689 1636 1885 1703 εἴχετε

295 1736 460 1796 τότε,
485 1735 578 1802 ἐφ’
609 1731 701 1799 οἷς
729 1733 850 1785 νῦν
879 1733 1365 1801 ἐπαισχύνεσοε;

301 1827 489 1895 pediti,
516 1837 571 1881 et
622 1829 672 1881 in
723 1827 1028 1882 libertatem
1110 1827 1304 1880 asserti
1361 1841 1572 1880 sumus.
1641 1825 1914 1880 Pastorem

297 1921 445 1973 enim
501 1921 570 1974 ob
625 1922 918 1975 commissa
993 1921 1143 1989 prius
1209 1920 1402 1974 delicta
1459 1919 1657 1984 aﬁ‘ecti,
1709 1920 1949 1972 animam
1992 1919 2347 1989 castigamus,
2395 1923 2550 1994 juxta
2595 1927 2915 1998 Apostolum
2981 1931 3253 1988 dicentem
3302 1951 3320 1988 :

1994 621 2170 676 brata.
2233 621 2448 693 Moyses
2515 627 2660 679 enim
2703 627 2959 683 manibus
3009 633 3274 697 extensis,
3335 634 3584 707 fusisque

1995 717 2248 782 precibus
2277 717 2344 770 ab
2367 719 2538 773 exitio
2570 735 2871 783 morsuum,
2894 737 2988 777 eos
3013 726 3102 792 qui
3134 726 3214 780 eis
3246 727 3583 783 infestaban-

1995 816 2104 872 tur,
2132 807 2407 874 liberavit,
2431 811 2717 882 eﬁ‘ecitque
2747 822 2805 868 ut
2840 815 3052 871 fauoris
3081 817 3230 874 illius
3261 823 3582 888 ampliorem

1995 901 2286 968 quemdam
2341 918 2563 957 sensum
2618 918 2914 974 caperent;
2977 909 3256 980 simulque
3319 919 3471 968 velut
3523 917 3577 968 in

1997 995 2236 1064 imagine
2281 997 2552 1064 expressit
2594 1001 2896 1054 orationem
2948 1018 3044 1069 pro
3093 1004 3329 1060 humana
3359 1019 3577 1071 natura,

1991 1086 2110 1155 ejus
2136 1088 2248 1142 veri
2302 1099 2359 1142 et
2402 1092 2620 1158 genuini
2653 1093 3001 1162 legislatoris,
3036 1098 3125 1164 qui
3174 1099 3226 1151 in
3259 1115 3421 1155 cruce
3453 1118 3575 1156 ma-

1993 1195 2095 1234 nus
2142 1196 2270 1235 suas
2319 1185 2602 1252 expandit,
2645 1197 2702 1240 et
2735 1187 2848 1242 haec
2874 1190 3039 1244 verba
3081 1195 3307 1258 protulit
3360 1213 3374 1249 :
3431 1198 3576 1253 Deus

1992 1289 2160 1339 meus,
2185 1273 2323 1329 Deus
2355 1292 2524 1343 meus,
2545 1291 2599 1331 ut
2625 1280 2752 1349 quid
2783 1297 2864 1335 me
2893 1284 3220 1350 dereliquiin
3242 1288 3288 1318 ’τ
3321 1288 3344 1341 ?
3371 1291 3578 1360 quique

1994 1379 2023 1417 a
2057 1375 2286 1435 peccato
2304 1368 2484 1423 omnis
2512 1373 2885 1441 corruptionis
2913 1383 2969 1430 et
2997 1379 3386 1442 graveolentiae
3410 1397 3577 1437 causa

1997 1470 2094 1510 nos
2138 1457 2362 1510 exemit.
2399 1455 2555 1514 Tunc
2588 1460 2734 1515 enim
2779 1478 2899 1528 nos,
2941 1465 3032 1534 qui
3062 1465 3114 1519 in
3147 1466 3426 1523 Christum
3457 1459 3580 1525 cre-

1993 1546 2258 1612 didimus,
2297 1549 2368 1603 ab
2401 1551 2567 1606 exitio
2605 1553 2924 1622 passionum
2955 1565 3014 1610 et
3055 1569 3450 1616 venenatarum
3484 1578 3582 1618 cu-

1993 1639 2308 1706 piditatum,
2332 1649 2388 1696 et
2423 1644 2490 1698 ab
2518 1645 2696 1700 inviso
2719 1655 2775 1702 et
2797 1647 3022 1704 molesto
3050 1648 3348 1719 impietatis
3385 1667 3580 1709 contu-

1995 1729 2208 1796 bernio,
2245 1732 2516 1804 simulque
2547 1752 2576 1789 a
2609 1737 2862 1806 turpibus
2888 1751 2945 1795 et
2984 1742 3168 1810 pravis
3196 1745 3456 1812 operibus
3488 1763 3580 1802 ex-

1993 1835 2176 1880 autem
2234 1829 2407 1900 magis
2476 1833 2812 1901 percipimus
2869 1837 3306 1906 reminiscendo;
3367 1844 3577 1910 pudore

3407 1935 3576 2003 Quem

301 2013 463 2081 igitur
496 2015 728 2082 fructum
775 2015 1034 2069 habuistis
1064 2029 1188 2067 tunc
1217 2016 1271 2067 in
1303 2015 1388 2077 iis,
1419 2017 1473 2066 in
1506 2015 1697 2084 quibus
1739 2030 1878 2067 nunc
1915 2014 2224 2070 erubescitis
2247 2015 2336 2071 '3?

372 2107 547 2176 Τρίτη
572 2107 710 2176 μετὰ
732 2107 937 2169 ταύτας
962 2109 1056 2160 καὶ
1080 2108 1357 2178 βαρυτέρα
1381 2108 1564 2178 πληγὴ
1589 2109 1622 2174 ἡ
1652 2108 1760 2159 ἀπὸ
1785 2105 1879 2159 τοῦ

2059 2107 2244 2162 Tertia
2301 2121 2424 2178 post
2459 2113 2593 2168 istas
2623 2124 2678 2169 et
2711 2116 2932 2185 gravior
2995 2119 3150 2190 plaga
3188 2120 3293 2176 fuit
3339 2123 3573 2179 culicum

302 2198 429 2270 χοὸς
455 2199 561 2252 τῶν
592 2200 836 2253 σκνιπῶν
864 2201 1138 2263 ἀνάδοσις,
1164 2204 1230 2270 τῇ
1257 2199 1406 2269 χειρὶ
1457 2202 1550 2253 τνιαί⁵
1577 2203 1643 2270 τῇ
1692 2199 1875 2270 ῥάϐδῳ

303 2290 399 2345 τοῦ
436 2291 636 2357 Ἀαρὼν
666 2291 952 2361 γινομένη,
987 2292 1084 2345 καὶ
1116 2293 1214 2362 τὴν
1245 2293 1340 2346 τοῦ
1375 2291 1512 2345 Θεοῦ
1543 2292 1754 2362 Πατρὸς
1791 2293 1878 2344 δε-

301 2384 421 2448 ξιὰν
448 2385 534 2436 διὰ
557 2383 791 2454 σταυροῦ
820 2383 1165 2453 πλήττουσαν
1185 2385 1312 2446 τοὺς
1337 2383 1656 2454 ἀλιτηρίους
1681 2383 1769 2436 δαί
1776 2398 1880 2453 μο-

297 2492 399 2536 νας
441 2476 808 2546 αἰνιττομένη.
871 2475 1312 2545 Ἀργαλεώτατον
1358 2475 1459 2545 μὲν
1505 2473 1598 2528 οὖν
1638 2476 1738 2544 μὲν
1781 2474 1878 2527 καὶ

295 2569 706 2639 ὀδυνηρότατον,
730 2568 837 2621 κᾶν
861 2568 1197 2639 βραχύτατος
1218 2571 1334 2622 ἔστι
1355 2568 1514 2622 τοῦτο
1533 2571 1594 2622 τὸ
1613 2568 1875 2638 ζωΰφιονο

295 2661 363 2712 οὐ
392 2661 501 2729 γὰρ
522 2661 618 2729 τὴν
645 2662 968 2730 ἐπιφάνειαν
991 2661 1318 2731 λυμαίνεται
1354 2662 1516 2730 μόνον
1546 2660 1644 2714 τοῦ
1673 2661 1880 2731 δέρμα-

295 2768 415 2815 τος,
442 2754 716 2821 κνησμοὺς
747 2753 1010 2822 ἐμποιοῦν
1031 2754 1238 2823 ἀηδεῖς,
1265 2755 1402 2808 άλλά
1419 2755 1516 2808 καὶ
1543 2757 1623 2816 είς
1640 2756 1702 2808 τὸ
1729 2756 1880 2818 ἐντὸς

295 2843 547 2912 βιάζεται
573 2847 664 2899 διά
689 2862 748 2899 τε
783 2849 1080 2918 μυκτήρων
1112 2851 1207 2903 καὶ
1240 2849 1350 2903 τῶν
1383 2848 1537 2904 ὢτὼν
1572 2837 1875 2915 εἰσελθεῖν,

294 2939 396 2990 καὶ
436 2939 603 3007 κόρας
631 2939 688 2993 δὲ
729 2940 1027 3016 όφθαλμῶν
1057 2938 1165 2995 οίδε
1211 2944 1280 2997 τὰ
1327 2945 1567 3013 μάλιστα
1616 2944 1878 3014 βλάπτειν

295 3027 720 3099 είσπετώμενον.
752 3031 894 3101 Τόγε
927 3035 1034 3103 μὴν
1060 3033 1362 3098 πανσθενὲς
1393 3041 1487 3090 τοῦ
1513 3037 1653 3092 Θεοῦ
1671 3037 1767 3091 καὶ
1790 3037 1879 3105 διὰ

291 3120 458 3173 τοῦτο
489 3128 964 3196 προμαρτυρεῖται
990 3129 1220 3196 κράτος,
1251 3129 1335 3184 ὅτι
1369 3133 1482 3193 τοῖς
1511 3130 1751 3198 λεπτοῖς,
1780 3132 1878 3185 καὶ

291 3215 552 3268 ἀσθενέσι
589 3219 834 3288 ἀμάχους
872 3219 1131 3289 δυνάμεις
1167 3223 1408 3292 ἐνίησιν,
1441 3223 1517 3286 ὡς
1565 3222 1658 3277 ὑπ’
1697 3223 1880 3278 αὐτῶν

288 3307 674 3377 ἀπαγορεῦσαι
715 3313 900 3366 πᾶσαν
939 3313 1037 3384 τὴν
1068 3315 1369 3382 Αἴγυπτον,
1422 3318 1514 3369 καὶ
1545 3316 1674 3388 βοᾷν
1705 3319 1878 3386 ἀναγ-

287 3402 602 3474 κασθῆναι,
645 3407 727 3459 ὅτι
764 3406 1077 3475 Δάκτυλος
1113 3410 1292 3466 τοῦτο
1333 3409 1504 3464 Θεοῦ.
1551 3412 1726 3482 Χεῖρα
1768 3411 1878 3482 γάρ
1903 3459 1948 3522 C

287 3494 428 3522 ουκ
453 3496 586 3522 ..-ιλ
608 3497 700 3522 -λ..
722 3498 1009 3522 --ε---..---μ
1039 3502 1243 3522 -,ι-η-ν.
1275 3502 1544 3522 _v,._!x_.._n
1574 3521 1599 3522 η
1651 3505 1693 3522 ur
1729 3504 1754 3522 Α
1790 3505 1813 3522 θ
1851 3506 1864 3522 1

287 3494 430 3548 Θεοῦ
451 3496 588 3564 μηδὲ
607 3497 700 3550 τὸν
718 3498 1013 3567 σύμπαντα
1037 3502 1243 3571 κόσμον
1275 3502 1624 3570 ὑφίστασθαι.
1651 3504 1763 3556 Καὶ
1785 3505 1875 3560 διά

287 3603 378 3640 τοι
406 3587 563 3641 τοῦτο
601 3591 692 3643 καὶ
714 3591 772 3642 ὲν
808 3594 874 3662 τῇ
902 3593 1212 3665 προφητείᾳ
1253 3595 1407 3665 Ἰωὴλ
1437 3595 1504 3648 τὰ
1533 3598 1876 3666 σμικρότατα

290 3678 432 3747 πρὸς
465 3680 667 3748 ἀκμὴν,
695 3681 790 3733 καὶ⁵
823 3681 1198 3751 ἀδρανέστατα
1227 3687 1364 3753 πρὸς
1398 3685 1574 3753 ἀλκὴν
1597 3724 1612 3750 ,
1643 3685 1875 3755 δύναμιν

298 3769 486 3822 ἑαυτοῦ
515 3772 798 3842 μεγάληνό
817 3773 948 3838 Θεὸς
974 3775 1278 3845 ὠνόμασεν,
1307 3777 1643 3843 Ἀποδώσω,
1676 3779 1874 3846 λέγων,

304 3857 441 3924 ὑμῖν
459 3861 594 3914 ἀντὶ
621 3861 739 3915 τῶν
761 3864 914 3917 ἐτῶν
946 3860 1034 3919 ὧν
1066 3866 1406 3937 κατέφαγεν
1429 3871 1468 3937 ἡ
1496 3870 1669 3936 ἀκρίς
1703 3869 1804 3922 καί
1842 3871 1876 3922 ό

289 3949 576 4020 βροῦχος,
607 3954 759 4024 itali)
787 3956 1060 4025 ἐρυσίὸη,
1091 3959 1191 4012 καί
1216 3959 1256 4028 τὴ
1282 3959 1512 4030 κάμπη,
1545 3963 1584 4030 ἡ
1617 3960 1874 4032 δύναμις

289 4060 411 4112 μου
430 4047 467 4113 ἠ
493 4046 756 4116 μεγάλη.

361 4221 827 4294 Τετάρτη-πληγὴ
865 4224 898 4292 ἡ
939 4223 1028 4278 διὰ
1063 4223 1164 4294 τῆς
1199 4225 1525 4293 κυνομυίας.
1557 4225 1718 4296 Δηλοϊ
1752 4225 1810 4278 δὲ
1839 4226 1873 4294 ἡ

288 4318 486 4387 κλῆσις
527 4317 588 4369 τὸ
615 4305 864 4380 αὔθαδες.
912 4317 1024 4389 Τὴν
1055 4317 1114 4370 δὲ
1142 4317 1337 4390 ὀδύνην
1365 4321 1397 4388 ὴ
1433 4318 1624 4389 Γραφὴ
1658 4335 1872 4389 μαρτυ-

288 4411 485 4478 ροῦσα,
520 4411 600 4464 ὅτι
630 4411 904 4482 ἀφόρητος
928 4409 996 4482 ἦν
1020 4413 1138 4473 τοῖς
1165 4411 1487 4480 Αἰγυπτίοις
1513 4411 1608 4464 καὶ
1638 4409 1874 4464 θανάτου

287 4502 577 4569 πρόξενος,
629 4501 1100 4572 Ἐξωλοθρευύθη,
1144 4503 1334 4571 φησὶν,
1379 4502 1420 4570 ἡ
1462 4499 1539 4570 γῆ
1591 4500 1712 4555 ἀπὸ
1760 4497 1874 4568 τῆς

287 4598 647 4667 κυνομυίας.

1897 4820 1949 4881 D
1978 4811 2036 4849 ra
2068 4814 2099 4850 α
2129 4801 2323 4853 muscis
2353 4800 2420 4854 ³¹.

364 4868 628 4938 Πέμπτην
669 4869 921 4940 ἐπιφέρει
962 4869 1062 4940 τὴν
1106 4869 1213 4922 τῶν
1264 4869 1612 4939 τετραπόδων
1662 4868 1870 4940 φθορὰν

285 4965 612 5021 ἀνύποιστον
650 4967 742 5018 καὶ
768 4967 876 5018 τῶν
908 4966 1298 5036 προλαὸουσῶν
1329 4967 1751 5037 κραταιοτέραν·
1781 4969 1869 5021 ἀεὶ

286 5060 401 5129 γὰρ
432 5059 525 5110 ἐπὶ
557 5057 736 5112 πλεῖον
769 5059 1175 5128 ἁμαρτάνοντος
1205 5058 1299 5111 τοῦ
1329 5059 1551 5128 Φαραὼ,
1587 5058 1868 5125 ἀναλόγως

287 5151 384 5204 καὶ
409 5150 467 5201 ai.
504 5150 764 5220 μάστιγες
798 5151 930 5220 πρὸς
965 5151 1026 5203 τὸ
1062 5149 1247 5220 μεῖζον
1280 5151 1541 5221 χωροῦσι.
1578 5151 1678 5203 Διὰ
1709 5152 1865 5205 τοῦτο

289 5243 387 5310 τὴν
421 5241 521 5312 μὲν
551 5243 739 5314 τρίτην
798 5243 1109 5298 δάκτυλον
1138 5243 1286 5298 Θεοῦ
1316 5243 1584 5297 ἐκάλεσαν
1610 5245 1660 5297 oi
1685 5246 1869 5320 ὲξταοι-

291 5334 370 5387 δοί
400 5335 511 5388 τῶν
541 5335 872 5402 Αἰγυπτίων.
905 5337 1015 5406 Τὴν
1049 5336 1106 5389 δὲ
1140 5337 1420 5406 πέμπτην,
1450 5335 1525 5398 ὡς
1558 5337 1869 5405 δραστικω-

285 5429 474 5495 τέραν,
497 5429 590 5480 καὶ
605 5427 805 5482 ὡσανεὶ
823 5429 1048 5499 συμπλη
1058 5427 1340 5498 ρωθέντων
1361 5430 1467 5482 τῶν
1488 5427 1649 5482 πέντε
1673 5429 1872 5480 δακτύ-

283 5517 390 5571 λων
421 5519 482 5584 ἐξ
509 5519 746 5589 ἑκάστης
777 5519 992 5592 πληγῆς
1021 5524 1178 5592 χεῖρα
1205 5521 1340 5574 Θεοῦ
1368 5523 1397 5573 ὁ
1427 5523 1666 5590 Μωῦσῆς
1698 5538 1868 5591 προσ-

283 5612 601 5681 ηγόρευσεν,
644 5611 790 5665 Ἰδοὺ
822 5614 950 5684 γὰρ,
986 5615 1140 5683 φησὶ,
1172 5615 1302 5683 χείρ
1333 5615 1559 5681 Κυρίου
1591 5614 1764 5669 ἔσται
1793 5617 1864 5667 ἐν

281 5701 402 5769 τοῖς
429 5703 686 5772 κτήνεσι
716 5719 854 5758 σου.
883 5706 1148 5778 Προλέγει
1177 5707 1234 5760 δὲ
1264 5707 1361 5776 τὴν
1395 5705 1656 5761 ἐπιοῦσαν
1685 5724 1858 5776 τιμω-

346 5820 390 5894 ff
433 5819 579 5875 Psal.
613 5838 730 5884 xxx,
758 5822 827 5890 2;
854 5824 1043 5881 Matth.
1077 5827 1332 5881 xxvulﬁ.
1410 5825 1455 5858 ³⁸
1489 5825 1648 5882 Rom.
1687 5841 1762 5894 γι,
1798 5824 1888 5884 ﬁl.

303 5891 518 5946 'Exod.
560 5910 638 5953 tx,
684 5894 741 5948 9.
1387 5918 1391 5922 ·

1979 2212 2048 2252 ex
2108 2210 2268 2256 terra:
2319 2204 2543 2270 pulvere
2583 2219 2764 2271 ortus,
2816 2225 2978 2265 manu
3019 2221 3076 2268 et
3129 2214 3281 2283 virga
3335 2215 3570 2272 Aaronis

1979 2302 2326 2359 procuratus,
2355 2311 2478 2364 qua:
2503 2298 2885 2368 pmﬁgurabat
2915 2300 3009 2358 Dei
3045 2303 3225 2361 Patris
3263 2306 3568 2374 dexteram,

1979 2398 2100 2451 qua:
2118 2399 2286 2440 cruce
2312 2387 2590 2456 improbos
2619 2401 2673 2442 et
2699 2391 2938 2448 nefarios
2966 2395 3242 2452 daemones
3271 2405 3567 2466 percussit.

1979 2474 2428 2533 Molestissimum
2461 2479 2631 2549 igitur
2660 2493 2714 2535 et
2732 2470 2948 2542 doloris
2973 2488 3056 2542 vel
3073 2490 3308 2546 maxime
3327 2491 3571 2548 eﬂlciens

1980 2577 2064 2622 est
2092 2568 2195 2622 hoc
2226 2571 2614 2627 animalculum
2637 2611 2656 2640 ,
2681 2575 2811 2629 licet
2833 2579 2999 2632 etiam
3027 2580 3096 2634 sit
3125 2582 3570 2644 minutissimum.

1978 2657 2096 2714 Non
2146 2663 2292 2715 enim
2343 2664 2607 2718 extimam
2663 2675 2874 2724 tantum
2921 2675 3171 2740 corporis
3223 2678 3570 2745 superﬁciem

1983 2748 2152 2815 ltedit,
2187 2752 2424 2806 excitato
2457 2769 2721 2824 perquam
2755 2756 2950 2812 odioso
3001 2761 3254 2826 pruritu;
3303 2764 3396 2816 sed
3425 2775 3476 2817 et
3515 2767 3566 2818 in

1985 2842 2175 2898 intima
2228 2855 2495 2914 penetrat,
2546 2858 2891 2920 conaturque
2937 2866 3036 2920 per
3087 2868 3246 2914 nares
3297 2867 3353 2910 et
3403 2872 3566 2912 aures

1982 2931 2220 3004 ingredi,
2259 2938 2502 2993 maxime
2527 2953 2709 2994 autem
2748 2940 3034 2997 oculorum
3068 2945 3284 3014 pupillis
3307 2956 3487 3012 nocet,
3518 2949 3565 3005 si

1981 3025 2258 3083 involandi
2311 3029 2547 3087 facultas
2579 3034 2758 3088 detur.
2792 3032 2910 3099 Quo
2948 3035 3069 3106 ipso
3115 3040 3464 3108 omnipotens
3515 3049 3572 3096 ιι

1982 3117 2373 3189 insuperabilis
2419 3121 2512 3177 Dei
2537 3124 2710 3179 virtus
2751 3126 3115 3196 signiﬁcatur,
3139 3146 3259 3201 quae
3288 3133 3451 3188 rebus
3479 3134 3573 3189 ab-

1977 3211 2142 3282 jectis
2174 3223 2229 3268 et
2272 3215 2508 3271 exilibus
2547 3217 2680 3286 vim,
2734 3221 2826 3274 cui
2878 3236 3040 3277 nemo
3091 3225 3351 3282 resistere
3401 3227 3564 3296 valet,

1983 3305 2336 3376 impertitur;
2389 3310 2460 3363 ita
2523 3321 2584 3365 ut
2633 3316 2702 3366 ob
2757 3329 2945 3369 earum
2995 3316 3403 3376 infestationem
3449 3332 3565 3379 tcta

1982 3397 2250 3467 Egyptus
2286 3401 2354 3456 de
2376 3401 2556 3456 salute
2587 3403 2920 3473 desperarit,
2955 3418 3010 3462 et
3036 3410 3351 3467 exclamare
3374 3427 3567 3470 coacta

1982 3491 2147 3546 fuerit
2177 3511 2192 3546 :
2224 3492 2436 3562 Digitus
2467 3493 2563 3550 Dei
2584 3495 2669 3549 hi‘c
2702 3508 2776 3551 est
2792 3499 2860 3554 ".
2891 3499 2936 3554 A
2964 3515 3130 3556 manu
3158 3505 3305 3558 enim
3344 3505 3460 3570 Dei,
3500 3523 3569 3564 ne

1981 3591 2301 3644 universum
2353 3593 2571 3660 quidem
2608 3596 2796 3650 orbem
2849 3599 3151 3654 subsistere
3201 3617 3380 3670 posse.
3417 3604 3568 3670 Qua-

1981 3691 2203 3750 propter
2230 3691 2284 3736 et
2341 3685 2483 3750 apud
2531 3688 2854 3755 prophetam
2901 3687 3110 3746 Joelem
3162 3693 3304 3750 Deus
3339 3697 3565 3754 minima

1979 3773 2226 3841 quaedam
2261 3774 2330 3828 ad
2369 3775 2607 3844 vigorem
2639 3787 2693 3832 et
2722 3780 2829 3833 vim
2874 3790 2924 3835 et
2972 3783 3345 3841 inﬁrmissima
3380 3789 3446 3844 ad
3483 3806 3570 3845 ro-

1980 3863 2102 3928 bur,
2137 3879 2383 3932 magnam
2418 3879 2576 3920 suam
2619 3867 3001 3926 fortitudinem
3031 3876 3339 3934 nominavit
3371 3897 3386 3934 :
3424 3881 3568 3937 Red-

1977 3953 2099 4007 dam
2163 3955 2329 4023 vobis,
2382 3959 2579 4028 inquit,
2612 3948 2832 4028 annos,
2888 3981 3018 4034 quos
3069 3971 3292 4024 comedit
3331 3972 3566 4043 locusm,

1979 4049 2231 4118 bruchus,
2284 4062 2332 4106 et
2372 4054 2579 4125 rubigo,
2634 4065 2687 4109 et
2731 4074 2910 4126 eruca,
2969 4061 3230 4131 fortitudo
3288 4083 3407 4122 mea
3451 4086 3571 4124 ma-

1975 4159 2080 4213 gna
2105 4145 2174 4198 ⁸ο.

2047 4237 2310 4305 Quartam
2365 4241 2578 4311 plagam
2642 4244 2837 4302 inflixit
2872 4252 3184 4323 cynomyia,
3234 4268 3328 4309 seu
3381 4273 3568 4313 musca

1976 4339 2190 4392 canina.
2230 4337 2514 4407 Signiﬁcat
2567 4349 2749 4396 autem
2801 4344 2917 4412 ipsa
2975 4348 3272 4417 appellatio
3324 4350 3563 4407 insolen-

1979 4426 2111 4481 tiam
2143 4438 2198 4484 et
2260 4433 2649 4500 pervicacium.
2679 4437 2749 4489 At
2779 4452 2911 4491 vero
2937 4441 3144 4496 doloris
3177 4458 3243 4497 ex
3277 4443 3377 4499 hac
3409 4447 3566 4518 plaga

1973 4521 2171 4584 exorti,
2234 4533 2289 4576 et
2349 4539 2512 4592 quam
2575 4523 2852 4596 Egyptiis
2921 4531 3302 4590 intolerandus
3360 4537 3560 4604 fuerit,

1974 4612 2176 4682 quippe
2205 4615 2296 4683 qui
2333 4626 2562 4671 mortem
2595 4619 2839 4684 aﬁ‘erret,
2875 4633 3066 4677 testem
3099 4626 3361 4683 habemus
3389 4631 3560 4700 ipsam

1973 4705 2212 4760 divinam
2257 4709 2597 4779 Scripturam
2654 4729 2776 4783 quae
2805 4717 2904 4790 ‘ait
2943 4735 2957 4772 :
2991 4717 3257 4790 Corrupto
3319 4733 3397 4777 est
3458 4736 3568 4780 tera

2805 4777 2896 4852 Κ

2050 4890 2249 4955 Quinta
2309 4893 2464 4963 plaga
2525 4906 2609 4950 ρει
2662 4897 3035 4965 jntnentorum
3104 4902 3379 4974 inte-ritus,
3441 4923 3563 4978 qua:

1977 4980 2300 5047 gravissima
2357 4985 2643 5040 videbatur
2707 4997 2764 5041 et
2809 4990 3077 5046 valentior
3125 4997 3380 5053 caeteris:
3437 5014 3561 5054 cum

1977 5071 2194 5128 Pharao
2217 5088 2432 5146 semper
2462 5083 2632 5148 magis
2661 5091 2824 5151 atque
2857 5085 3028 5154 magis
3062 5087 3325 5145 scelerate
3351 5094 3557 5161 agendo

1971 5165 2322 5232 procederet,
2365 5170 2579 5235 merito,
2617 5175 2968 5240 proportione
3024 5181 3259 5247 quadam
3313 5198 3546 5250 servata,

1967 5261 2286 5313 crescebant
2319 5277 2537 5332 quoque
2570 5263 2802 5333 ﬂagella.
2848 5267 3116 5334 Quocirca
3167 5277 3380 5330 tertiam
3438 5279 3553 5348 pla-

1967 5366 2088 5417 gam
2123 5356 2480 5411 nominarunt
2508 5358 2876 5419 incantatores
2903 5364 3145 5438 ΕΠρηὶ
3169 5371 3397 5434 digitum
3432 5372 3574 5454 Dei.’

1967 5447 2036 5496 At
2059 5443 2332 5513 quintani,
2359 5457 2616 5515 tanquam
2651 5455 3052 5522 violentiorem,
3087 5469 3141 5514 et
3167 5462 3317 5527 quasi
3339 5461 3452 5531 jam
3484 5479 3550 5518 ex

1968 5540 2211 5604 qualibet
2245 5541 2401 5610 plaga
2435 5543 2621 5608 digitis
2654 5548 2898 5617 quinque
2945 5555 3282 5620 constitutis,
3327 5571 3547 5612 manum

1975 5627 2066 5681 Dei
2102 5629 2312 5701 Moyses
2357 5636 2666 5704 appellavit.
2724 5639 2861 5695 Ecce
2913 5643 3074 5708 enim,
3114 5644 3306 5714 inquit,
3357 5663 3546 5704 manus

1969 5719 2180 5775 Domini
2228 5728 2324 5776 erit
2373 5741 2530 5793 super
2555 5727 2802 5797 jumeuta
2852 5739 2942 5785 tua
2973 5733 3038 5786 ⁸³.
3081 5734 3337 5792 Pradicit
3367 5751 3548 5796 autent

1967 5834 2202 5894 "Exod.
2240 5853 2360 5906 vm,
2393 5841 2475 5897 l9.
2554 5841 2600 5873 ³⁸
2627 5838 2740 5898 Joel
2773 5856 2833 5909 ll,
2871 5843 2960 5899 25.
3043 5846 3084 5880 ἰ
3113 5845 3285 5907 Exod.
3310 5866 3426 5919 vui,
3457 5853 3547 5908 ΞΜ.
