4016 6468
243 417 335 484 201
1286 417 1367 476 ΙΝ
1409 415 1834 478 EXALTATIC

1938 416 2011 477 ΞΜ
2043 417 2101 479 S.
2147 417 2441 480 CRUCIS.
3424 416 3530 484 202

249 537 376 608 σι’ὑτη
412 533 644 608 μάστιε,
677 536 774 590 καὶ
807 533 1037 607 ἀπαρχὴ
1071 531 1276 597 παντὸς
1309 534 1476 586 πόνου
1505 534 1599 586 καὶ
1647 534 1827 604 πάσης

1938 534 2134 588 invitus
2168 536 2333 589 etiam
2374 532 2631 604 populum
2665 532 2894 590 dimisit.
2929 533 3402 602 Quemadmodum
3434 553 3532 592 au-

249 629 532 700 ἁλγηδόνος
585 627 905 700 ἀκροθίνιον
949 628 1061 690 τοῖς
1104 625 1376 688 ἐναντίοις
1415 624 1646 692 ἐγίνετο,
1691 623 1834 677 οὓτω

1942 635 2046 680 tem
2107 627 2220 680 haec
2270 626 2426 696 plaga
2468 627 2682 682 caeteris
2713 627 2967 682 omnibus
3011 631 3260 699 asperior
3292 634 3530 697 exstitit,

254 723 358 785 τοῖς
385 719 749 790 ᾠκειωμένοις
771 718 892 788 Θεῷ
922 718 1148 789 μείζονα
1175 715 1276 787 τὴν
1303 714 1468 786 χάριν
1494 713 1666 767 ἐδίδου
1697 711 1834 782 μετὰ

1941 717 2380 793 principiumque
2443 720 2624 773 omnis
2681 719 2924 784 laboris,
2980 724 3270 791 omnisque
3326 723 3534 780 doloris

260 811 449 882 πολλῆς
477 811 570 879 τῆς
610 809 1072 880 παραδοξοποιίας
1119 806 1518 878 ἐνεργουμένη.
1557 806 1678 858 Ἴνα
1725 805 1834 874 γὰρ

1939 811 2222 865 exordium
2254 809 2400 866 fuit:
2439 811 2513 865 ita
2553 811 2677 876 illis,
2701 813 2793 882 qui
2844 813 2950 866 Deo
2991 812 3290 870 familiares
3318 825 3372 870 et
3403 831 3534 872 cou-

263 906 331 977 μὴ
360 905 642 974 συντυχίας
675 904 824 966 τινὸς
857 902 954 955 καὶ
988 900 1303 971 αὐτομάτου
1328 899 1563 954 θανάτου
1593 896 1831 969 νομισθῇ

1938 901 2107 972 juncti
2161 913 2344 972 erant,
2383 905 2642 972 majorem
2687 907 2874 975 gratia:
2910 907 3125 976 copiam
3180 909 3362 964 multis
3417 927 3534 965 ma-

259 993 312 1046 τὸ
341 994 618 1062 γινόμενον
640 1033 656 1059 ,
683 993 718 1062 ῆ
744 993 900 1055 νόσος
924 992 958 1063 ἢ
985 991 1141 1060 λιμὸς
1173 989 1363 1053 ἁπλῶς
1393 987 1642 1043 ἐπελθὼν
1668 987 1798 1062 δόξῃ
1816 1030 1831 1054 ,

1940 998 2169 1067 gnisque
2201 998 2480 1054 miraculis
2505 1009 2756 1054 testatam
2789 1000 3242 1056 subministravit.
3274 1001 3352 1056 Ne
3384 1007 3531 1059 enim

258 1086 414 1140 πολλὰ
445 1085 730 1157 συντρέχει
751 1085 819 1138 τὰ
841 1083 1058 1152 ἐξαίσια
1077 1098 1091 1116 ·
1123 1085 1221 1139 καὶ
1247 1083 1384 1155 ὁμοῦ
1414 1083 1516 1153 μὲν
1543 1082 1834 1152 παρόντων

258 1182 498 1233 ἁπάντων
528 1181 656 1241 τοὺς
688 1178 871 1245 ἀξίους
905 1179 939 1248 ἡ
983 1177 1227 1250 τιμωρία
1259 1176 1525 1247 γινώσκει
1556 1175 1651 1232 καὶ
1693 1175 1836 1248 μετὰ

251 1272 601 1343 προρρήσεως
648 1271 910 1336 τελεῖται,
961 1270 1057 1324 καὶ
1093 1271 1193 1342 μιᾷ
1231 1270 1389 1324 νυκτὶ
1428 1268 1635 1332 πάντες
1679 1269 1838 1322 ἀναι-

252 1363 484 1436 ροῦνται,
502 1366 597 1416 καὶ
625 1362 777 1430 μόνοι
796 1363 904 1416 τῶν
929 1361 1108 1416 ἄλλων
1133 1362 1182 1415 oi
1214 1361 1557 1433 πρωτότοκοι
1588 1359 1837 1430 ἀποθνή-

247 1477 455 1525 σκουσι,
491 1458 632 1512 ὥστε
662 1457 758 1511 καὶ
795 1461 856 1511 τὸ
885 1457 1112 1511 δυνατὸν
1142 1455 1383 1511 ἐνταῦθα
1407 1454 1505 1510 τοῦ
1537 1453 1699 1520 Θεοῦ,
1742 1454 1835 1508 καὶ

243 1552 300 1604 τὸ
323 1549 554 1617 δίκαιον,
576 1551 670 1604 καὶ
693 1551 756 1604 τὸ
777 1549 1137 1622 κηδεμονικὸν
1161 1549 1506 1620 ἀναφανῆναι
1530 1548 1627 1602 καὶ
1648 1547 1838 1617 φιλάν-

241 1643 478 1714 θρωπον.
524 1641 599 1697 Τὸ
643 1642 767 1713 μὲν,
813 1642 897 1696 ὅτι
941 1644 1000 1696 ἐν
1048 1643 1150 1714 μιᾷ
1193 1644 1334 1714 ῥοπῇ
1372 1640 1632 1695 τοσοῦτον
1675 1639 1838 1710 ἔργον

244 1735 482 1806 ἐγεγόνει
507 1751 522 1766 ο
555 1736 616 1814 τρ
653 1735 741 1802 δὲ,
775 1736 858 1789 ὅτι
893 1735 1038 1806 ὑπὲρ
1071 1737 1170 1806 τῆς
1201 1733 1555 1805 πρωτογόνου
1595 1732 1835 1802 θλίψεως

255 1830 470 1899 Ἰσραὴλ
491 1870 506 1894 ,
545 1831 612 1882 τὰ
646 1828 976 1896 πρωτότοκα
1011 1825 1317 1900 ἀνῃροῦντο
1348 1826 1458 1878 τῶν
1489 1823 1797 1894 θλιψάντων
1820 1841 1833 1858 ο

1941 1090 2166 1145 fortuito
2202 1091 2415 1159 cuidam
2449 1091 2602 1148 casui
2645 1092 2696 1145 id
2720 1091 2864 1160 quod
2899 1094 3103 1159 evenit,
3139 1095 3526 1163 ascriberetur,

1943 1191 2037 1235 aut
2079 1184 2326 1246 morbus,
2367 1193 2461 1237 aut
2492 1183 2664 1253 pestis
2704 1185 2983 1240 communi
3034 1201 3217 1241 rerum
3251 1201 3414 1244 cursu
3448 1190 3533 1243 in-

1942 1272 2156 1343 gruisse
2189 1274 2549 1340 crederetur;
2576 1276 2743 1330 multa
2775 1275 2936 1344 plane
2975 1277 3336 1335 admiratione
3368 1281 3532 1346 digna

1941 1375 2310 1433 concurrunt;
2352 1369 2604 1438 quamvis
2634 1383 2827 1425 onmes
2869 1372 3178 1442 prorniscue
3212 1373 3376 1429 simul
3413 1390 3533 1427 ver-

1942 1470 2217 1525 sarentur,
2243 1470 2489 1516 attamen
2520 1476 2680 1531 poena
2707 1462 2903 1532 dignos
2934 1478 3091 1534 poena
3124 1466 3405 1535 agnoscit;
3435 1481 3534 1521 nec

1942 1552 2061 1606 sine
2117 1552 2471 1621 praedictione
2523 1552 2812 1623 inﬂigitur,
2864 1570 3086 1624 unaque
3141 1566 3300 1611 nocte
3339 1574 3532 1614 onmes

1941 1645 2326 1714 perimuntur,
2386 1655 2440 1701 et
2488 1646 2690 1726 soli‘ex
2724 1657 2835 1702 tota
2882 1650 3232 1706 multitudine
3262 1652 3534 1723 primoge-

1943 1735 2044 1791 niti
2078 1736 2380 1806 intereunt,
2406 1751 2464 1792 ut
2511 1739 2742 1808 proinde
2769 1740 2875 1796 hoc
2906 1741 3044 1808 loco,
3069 1752 3125 1798 et
3151 1741 3244 1798 Dei
3279 1745 3530 1812 potentia

1941 1837 1999 1883 et
2023 1828 2260 1898 jnstitia,
2297 1839 2352 1884 et
2376 1846 2527 1894 cura,
2567 1841 2624 1888 et
2653 1833 2970 1890 humanitas
2997 1835 3292 1892 elucescat.
3333 1837 3534 1892 Poten-

246 1922 302 1976 τὸ
324 1924 381 1976 δὲ
410 1921 509 1992 τῆς
532 1921 898 1991 ἁγαθότητος,
925 1922 1007 1974 ὅτι
1038 1920 1177 1991 μετὰ
1204 1917 1424 1988 φειδοῦς
1453 1917 1831 1990 ἐπεξέρχεται,

1945 1923 2017 1973 tia
2051 1923 2295 1990 quidem,
2329 1927 2470 1992 quod
2525 1940 2634 1980 uno
2668 1935 2943 1983 momento
2987 1944 3074 1986 res
3118 1939 3266 1984 tanta
3304 1931 3370 1985 sit
3411 1947 3534 2000 per-

247 2017 317 2079 ὡς
343 2019 419 2087 μὴ
443 2015 764 2085 βουλόμενος
783 2012 992 2076 πάντας
1015 2012 1188 2082 ἄρδην
1207 2010 1529 2065 ἀπολέσθαι.
1549 2009 1651 2062 Διὰ
1673 2007 1833 2062 τοῦτο

247 2109 374 2178 γοῦν
399 2108 506 2163 οὐδ’
537 2110 602 2162 ἐκ
628 2107 854 2178 πρώτης
881 2104 1098 2175 πληγῆς
1129 2103 1239 2158 τῶν
1271 2101 1578 2175 ἀνθρώπων
1597 2104 1834 2158 ἅπτεται

197 2265 207 2274 ν
244 2203 351 2255 οὐδ’
382 2203 509 2258 ἄνευ
538 2201 902 2273 προρρήσεως
929 2199 1029 2269 τὴν
1061 2197 1236 2270 ὀργὴν
1269 2197 1549 2268 ἐπιφέρει,
1580 2197 1700 2268 ἅμα
1733 2195 1839 2265 μὲν

244 2297 316 2352 δι’
344 2299 545 2368 ἐτέρων
589 2295 789 2357 αὐτοὺς
824 2290 1122 2363 διορθῶσαι
1167 2289 1564 2364 μηχανώμενος
1584 2329 1599 2354 ,
1632 2289 1749 2359 ἅμα
1780 2288 1838 2342 δὲ

246 2391 484 2454 καὶτοῖς
526 2391 732 2460 ῥήμασι
782 2385 1264 2457 σωφρονεστέρους
1303 2383 1719 2457 ἀπεργάζεσθαι
1746 2381 1837 2435 θέ-

245 2484 379 2545 λων,
434 2482 530 2534 καὶ
578 2481 654 2551 μὴ
703 2480 780 2543 είς
836 2479 1033 2548 πεῖραν
1091 2476 1269 2530 ἐλθεῖν
1322 2476 1432 2531 τῶν
1491 2475 1838 2546 πραγμάτων

245 2575 467 2638 αὐτούς.

1943 2025 2064 2067 aeta
2085 2030 2101 2083 ;
2125 2014 2335 2082 jnstitia
2363 2026 2565 2080 autem,
2590 2021 2734 2086 quod
2759 2020 2877 2074 loco
2911 2021 3262 2092 primogeniae
3288 2022 3534 2078 alilictio-

1946 2105 2054 2168 nis,
2083 2121 2244 2176 quam
2297 2109 2464 2164 subiit
2519 2111 2720 2177 Israel,
2785 2113 3144 2185 primogenita
3205 2131 3394 2170 eorum
3440 2119 3534 2186 qui

1946 2195 2272 2264 afﬂixerant,
2319 2201 2606 2258 interfecta
2643 2215 2804 2271 sunt;
2849 2214 2904 2260 at
2933 2206 3153 2262 bonitas
3183 2210 3233 2263 in
3266 2225 3334 2264 eo
3362 2225 3533 2280 appa-

1949 2300 2052 2357 ret,
2077 2294 2222 2361 quod
2260 2294 2331 2348 ita
2378 2295 2550 2362 punit,
2591 2307 2644 2351 ut
2677 2299 2838 2353 simul
2867 2313 3087 2369 pareat,
3118 2301 3313 2357 nolens
3349 2303 3534 2358 videli-

1947 2393 2033 2437 cet
2081 2399 2274 2441 omnes
2319 2384 2565 2442 funditus
2606 2388 2857 2446 interire.
2889 2392 3007 2458 Qua
3037 2395 3103 2448 de
3141 2410 3310 2450 causa
3359 2412 3535 2468 neque

1947 2475 2123 2545 prima
2170 2477 2329 2548 plaga
2361 2480 2413 2533 in
2444 2480 2695 2536 homines
2740 2485 2916 2549 saevit,
2947 2502 3124 2555 neque
3151 2488 3270 2542 sine
3307 2503 3534 2556 praemoo

1949 2569 2156 2625 nitione
2187 2580 2246 2626 et
2296 2572 2651 2640 praedictione
2707 2577 2844 2630 iram
2897 2593 3053 2632 suam
3110 2580 3296 2647 infert,
3332 2581 3535 2652 quippe

246 2671 335 2725 cui
380 2668 714 2740 propositum
751 2675 915 2735 esset,
955 2682 1050 2724 eos
1082 2667 1281 2737 partim
1317 2665 1548 2720 aliorum
1584 2663 1826 2734 periculo
1865 2662 1932 2717 ad
1961 2663 2241 2718 meliorem
2310 2678 2545 2723 mentem
2620 2669 2935 2734 traducere,
2970 2672 3170 2742 partim
3199 2674 3384 2729 verbis
3413 2691 3533 2731 mo-

251 2763 562 2818 deratiores
599 2771 655 2816 et
681 2761 930 2817 saniores
956 2761 1198 2825 edicere,
1241 2769 1300 2816 ut
1350 2773 1424 2815 ne
1469 2758 1716 2829 ipsorum
1747 2755 2088 2828 ﬂagellorum
2144 2773 2368 2815 sensum
2400 2760 2637 2831 aliquem
2710 2773 2762 2817 et
2828 2765 3264 2839 experimentum
3337 2781 3533 2838 capere

212 2869 223 2878 ·
244 2862 549 2926 oporteret.

317 2950 454 3003 Τότε
478 2948 536 3002 δὲ
580 2947 804 3013 πιστοὺς
835 2948 998 3020 μόνον
1045 2949 1126 3012 είς
1161 2947 1505 3016 εὐφροσύνην
1545 2944 1834 2999 συνεκάλει

2014 2941 2084 2996 Et
2117 2951 2245 2994 tunc
2291 2938 2512 3008 quidem
2558 2938 2705 2994 solos
2743 2937 2928 2992 ﬁdeles
2985 2939 3289 3008 prodigium
3330 2941 3433 2994 hoc
3467 2941 3535 2992 ad

238 3041 305 3096 τὸ
341 3040 789 3113 τερατούργημα,
833 3041 972 3096 ἀλλὰ
1010 3042 1107 3095 καὶ
1153 3039 1250 3094 νῦν
1301 3040 1504 3110 μᾶλλον
1548 3040 1721 3110 ἡμᾶς,
1754 3036 1834 3102 οἷς

1938 3034 2185 3090 latitiam
2229 3031 2519 3098 invitabat,
2565 3041 2622 3086 at
2671 3046 2818 3085 nunc
2871 3031 3040 3086 multo
3101 3033 3271 3102 magis
3307 3033 3533 3087 advocat

241 3135 388 3189 κατὰ
405 3133 625 3206 πνεῦμα
661 3134 726 3187 τὰ
767 3133 863 3188 τοῦ
893 3135 1220 3206 γράμματος
1243 3133 1557 3205 θεωρεῖται,
1580 3133 1834 3187 καὶκατὰ

1941 3143 2062 3192 nos,
2116 3125 2209 3196 qui
2254 3123 2453 3194 spiritu
2505 3139 2569 3180 ea
2628 3139 2747 3192 qua:
2792 3123 2998 3194 scripta
3067 3135 3229 3189 sunt,
3285 3136 3533 3178 eontem-

237 3227 509 3298 λαμπρὰν
549 3224 806 3296 ἀλήθειαν
837 3225 906 3279 τὰ
940 3225 1034 3280 τοῦ
1067 3224 1242 3278 τύπου
1276 3225 1371 3277 καὶ
1398 3225 1498 3294 τῆς
1533 3226 1694 3288 σκιᾶς
1727 3225 1834 3293 ἐρ-

1939 3219 2172 3288 plamur,
2224 3216 2425 3288 quibus
2465 3217 2692 3286 antiqua
2751 3215 2840 3270 illa
2888 3226 3135 3287 typornm
3191 3218 3531 3271 υιιιὺιοειτυηιο

240 3320 567 3391 μηνεόεται.
598 3319 706 3371 Καὶ
735 3318 843 3388 γὰρ
864 3317 953 3372 διὰ
985 3316 1224 3390 σταυροῦ
1255 3316 1504 3371 δοθεῖσαν
1535 3318 1670 3388 ἡμῖν
1703 3316 1834 3370 θαυ-
1861 3363 1906 3421 C

239 3414 462 3487 μαστὴν
495 3411 810 3482 ἐλευθερίαν
847 3411 1231 3483 προδείκνυσιν
1269 3413 1304 3483 ἡ
1357 3410 1572 3480 ἱστορία.
1612 3411 1705 3464 καὶ
1730 3411 1830 3482 τὴν

235 3508 388 3575 ὑπὲρ
413 3506 572 3577 ἡμῶν
599 3505 814 3574 σφαγὴν
846 3504 940 3558 τοῦ
973 3504 1120 3558 θείου
1168 3503 1394 3574 ’Δμνοῦ,
1423 3502 1521 3556 καὶ
1553 3505 1739 3575 πάσχα
1769 3503 1830 3557 τὺ

236 3598 544 3667 μυστικὲν,
585 3597 678 3650 καὶ
711 3597 810 3665 τὴν
857 3596 1206 3666 παγκόσμιον
1239 3597 1518 3667 σωτηρίαν
1556 3597 1832 3668 ἀριδήλως

234 3691 659 3762 προαναφαίνει.
700 3681 775 3742 Οὗ
802 3687 914 3760 γὰρ
941 3691 974 3758 ὴ
1006 3688 1217 3760 τυπικὴ
1247 3689 1552 3759 μετάληψις
1585 3687 1734 3758 ζωῆς
1761 3683 1830 3760 ἦν

241 3781 577 3850 φυλακτικὴ,
627 3781 721 3833 καὶ
760 3779 843 3844 είς
887 3767 1206 3850 ἐλευθερίαν
1242 3779 1605 3847 μετεϐίϐαζε,
1637 3780 1830 3834 τούτου

244 3877 457 3938 πάντως
491 3877 525 3944 ἡ
552 3874 782 3946 ἀληθινὴ
829 3874 1089 3928 κοινωνία
1143 3873 1240 3927 καὶ
1269 3873 1573 3927 ἀθανασίαν
1603 3872 1697 3927 καὶ
1723 3875 1834 3926 uio-

237 3969 430 4022 θεσίαν
463 3963 574 4022 οἵδε
622 3968 976 4040 χαρίζεσθαιῖ,
1027 3971 1092 4020 ἐκ
1126 3967 1333 4036 γηΐνων
1374 3965 1664 4037 οὐρανίους
1686 4003 1701 4030 ,
1737 3967 1835 4018 καὶ⁴

239 4061 404 4123 θεοὺς
433 4060 493 4127 ἐξ
525 4059 828 4131 ἀνθρώπων
859 4057 1296 4130 ἀπεργαζομένη
1324 4058 1452 4120 τοὺς
1483 4057 1829 4138 δεχομένους.

235 4157 339 4210 Διά
367 4154 537 4210 τοῦτο
567 4154 701 4224 γοῦν
738 4153 800 4207 τὺ
825 4152 1183 4223 διαϐατήριον
1213 4154 1274 4206 ἐν
1299 4151 1563 4222 Αἰγύπτῳ
1593 4153 1832 4206 τελεῖται

231 4248 448 4318 πάσχα,
491 4245 586 4300 καὶ
636 4244 694 4298 τὸ
731 4245 819 4300 διὰ
868 4247 1106 4315 σταυροὲ
1161 4244 1305 4314 μέγα
1353 4245 1694 4314 σκιαγραφεῖ
1738 4245 1832 4298 καὶ

227 4339 493 4410 ἀληθινὸν
513 4337 700 4408 πάσχα
718 4339 814 4408 τὴν
839 4335 1223 4408 πνευματικὴν
1241 4335 1514 4390 διάϐασιν.
1539 4337 1753 4390 Γίνεται
1775 4337 1832 4391 δέ

228 4434 310 4503 τῷ
341 4432 555 4503 πρώτῳ
586 4433 742 4501 μηνὶ,
772 4433 855 4485 ὅτι
889 4429 1066 4494 τύπος
1099 4426 1168 4502 ἦν
1206 4429 1449 4502 Χριστοῦ
1477 4431 1578 4502 τῆς
1609 4431 1831 4488 πάντων

229 4528 433 4599 ἀρχῆς,
466 4525 567 4580 καὶ
591 4525 692 4595 τῆς
721 4527 779 4578 ἐν
827 4524 1054 4596 Χριστῷ
1084 4523 1281 4594 καινῆς
1315 4524 1547 4590 κτίσεως
1575 4527 1715 4596 μετὰ
1739 4525 1832 4580 τὸν

231 4621 482 4690 χειμῶνα
508 4618 608 4688 τῆς
625 4615 902 4683 ἀσεϐείας,
921 4616 1113 4687 ὥσπερ
1139 4619 1198 4671 ἐν
1230 4617 1354 4686 ἔαρι
1377 4616 1590 4688 φαιδρῷ
1615 4617 1712 4670 καὶ
1740 4617 1833 4670 εὑ⁴⁹

1939 3328 2046 3384 que
2091 3312 2368 3368 involucra
2401 3311 2703 3382 perspicua
2755 3311 3004 3366 veritatis
3058 3311 3328 3366 beneﬁcio
3380 3322 3534 3380 pute-

1936 3415 2120 3463 scunt.
2152 3405 2367 3462 Etenim
2414 3419 2728 3460 concessam
2785 3404 2964 3466 nobis,
3012 3405 3191 3458 crucis
3243 3406 3440 3459 merito
3482 3417 3532 3459 et

1933 3514 2179 3564 nmnere,
2222 3499 2437 3569 plenam
2502 3497 2862 3553 admiratione
2906 3497 3214 3552 libertatem
3265 3508 3373 3551 tota
3423 3499 3535 3552 inet:

1933 3592 2162 3650 historia
2257 3598 2666 3661 praemonstrat,
2736 3589 3092 3660 divinumque
3162 3589 3376 3658 Aguum
3434 3605 3534 3660 pro

1934 3685 2093 3740 nobis
2142 3684 2506 3748 immolatum,
2551 3695 2607 3736 et
2667 3681 2954 3752 mysticum
3009 3681 3138 3735 illud
3203 3683 3427 3750 pascha,
3478 3693 3534 3738 et

1936 3769 2100 3832 totius
2153 3773 2588 3830 mundisalntetn
2633 3773 2918 3827 evidenter
2967 3774 3299 3844 praeﬁgurat.
3346 3774 3533 3844 Neque
3583 3785 3586 3789 '

1933 3875 2075 3926 enim
2112 3870 2414 3938 corporalis
2450 3869 2537 3924 illa
2574 3868 2848 3938 perceptio
2880 3868 3047 3923 vitam
3073 3870 3442 3930 CUSIOtIit‘bal,
3477 3879 3534 3924 et

1936 3964 1987 4017 in
2019 3962 2324 4017 libertatem
2357 3959 2707 4042 traducebat;
2749 3968 2805 4013 at
2845 3957 3004 4027 hujus
3059 3975 3185 4014 vera
3202 3967 3441 4030 sumptio
3480 3971 3532 4016 et

1934 4053 2245 4110 communio
2264 4052 2724 4108 immortalitatem
2744 4062 2796 4107 et
2821 4051 3051 4106 ﬁliorum
3075 4053 3417 4122 adoptionem
3439 4057 3528 4110 do-

1937 4155 2050 4212 nat,
2093 4156 2148 4202 ct
2186 4161 2252 4200 ex
2288 4145 2643 4201 terrestribus
2671 4145 2944 4210 caelestes,
2983 4146 3225 4215 deosque
3255 4162 3322 4201 ex
3355 4147 3530 4200 homi-

1937 4240 2116 4303 nihus,
2152 4254 2244 4295 eos
2285 4239 2377 4309 qui
2429 4240 2724 4308 accipiunt,
2767 4240 2968 4296 reddit.
3021 4239 3310 4310 Propterea
3366 4241 3530 4311 igitur

1935 4337 2139 4405 pascha
2190 4334 2318 4387 illud
2367 4335 2626 4389 transitus
2685 4334 2910 4404 jamjam
2976 4334 3314 4389 imminentis
3367 4350 3529 4405 argu-

1925 4439 2205 4497 mentum,
2240 4429 2292 4481 in
2321 4425 2559 4498 IEgypto
2610 4427 2909 4496 peragitur,
2943 4427 3188 4496 illudque
3235 4431 3439 4496 grande
3471 4438 3529 4482 et

1936 4537 2124 4576 verum
2158 4523 2209 4576 in
2264 4537 2429 4578 cruce
2468 4520 2775 4586 adumbrat,
2841 4521 2990 4575 illum
3058 4521 3314 4576 videlicet
3371 4523 3526 4592 spiri-

1938 4613 2137 4669 tualem
2176 4613 2488 4668 transitum.
2551 4612 2864 4668 lustituitur
2927 4620 3108 4666 autem
3157 4615 3334 4682 primo
3373 4629 3527 4668 men-

230 4715 358 4766 ώδει
378 4712 482 4780 τῆς
498 4713 760 4774 πίστεως,
782 4709 872 4764 καὶ
893 4709 958 4781 δη
968 4709 1398 4780 μιουργηθείσης
1423 4710 1828 4781 καὶκληθείσης

1938 4721 2019 4774 se,
2071 4706 2198 4775 quia
2257 4706 2426 4778 ﬁgura
2487 4707 2692 4762 Christi
2724 4719 2863 4771 erat,
2909 4707 3001 4774 qui
3050 4709 3294 4762 omnium
3344 4724 3524 4763 rerum

232 4803 339 4856 ὑπὸ
365 4800 605 4871 Χριστοῦ
629 4800 717 4852 διὰ
744 4799 1075 4869 πνεύματος,
1114 4798 1301 4864 καθὼς
1327 4800 1467 4870 πρὸς
1492 4800 1662 4872 αὐτὴν
1685 4801 1826 4856 ἄνω·

230 4899 324 4948 θεν
350 4895 563 4961 ἐλεγεν⁸
590 4891 783 4960 Ἐλθέ,
803 4893 842 4961 ή
864 4894 1141 4960 πλησίον
1160 4909 1300 4960 μου,
1331 4892 1492 4959 καλή
1523 4910 1644 4962 μου
1666 4908 1826 4959 περι-

229 4993 437 5058 στερὰ,
458 4989 548 5042 ὅτι
563 4988 692 5043 ἰδοὺ
710 4993 742 5042 ὀ
759 4988 981 5059 χειμὼν
995 4987 1292 5058 παρῆλθε.
1307 4990 1590 5061 Συνετάφη
1599 5009 1698 5061 μεν
1713 4995 1824 5064 γὰρ

229 5085 402 5153 αὐτῷ,
433 5083 530 5135 καὶ
562 5081 960 5151 συνανέστημεν
987 5082 1076 5135 διὰ
1095 5081 1330 5152 λουτροῦ
1355 5083 1785 5152 παλιγγενεσίας
1804 5126 1821 5153 ,

231 5179 325 5229 καὶ
340 5179 440 5248 τὴν
456 5174 800 5243 παλαιότητα
815 5163 908 5226 τοῦ
925 5175 1098 5246 Ἀδάμ
1117 5173 1446 5246 ἀποθέμενοι
1466 5177 1526 5231 ὲν
1539 5181 1821 5248 καινότητι

233 5270 375 5340 ζωῆς
424 5267 829 5338 πολιτευόμεθα
867 5267 1074 5338 τροφὴν
1104 5267 1265 5332 ἀξίαν
1308 5269 1410 5339 τῆς
1441 5270 1614 5324 ἀϊδίου
1649 5269 1819 5340 ζωῆς,

1935 4801 2263 4870 principium
2319 4809 2419 4867 est,
2451 4808 2506 4856 et
2534 4799 2654 4870 ejus
2681 4814 2802 4867 qum
2835 4801 2886 4854 in
2929 4800 3152 4855 Christo
3210 4810 3318 4868 est,
3376 4819 3528 4858 nova:

1934 4903 2202 4947 creaturae
2235 4899 2356 4962 post
2411 4890 2708 4971 impietatis
2744 4891 3000 4957 hiemem,
3029 4893 3173 4946 velut
3206 4894 3258 4948 in
3293 4909 3418 4949 vere
3448 4895 3527 4950 ni-

1934 4984 2046 5039 tido
2074 4993 2130 5041 et
2174 4986 2520 5041 suaveolente
2574 4984 2721 5050 ﬁdei,
2771 4985 3006 5040 conditae
3060 4996 3115 5042 et
3169 4998 3440 5044 renovata:
3494 5006 3522 5044 a

1931 5078 2154 5134 Christo
2183 5093 2277 5147 per
2305 5078 2578 5144 spiritum,
2608 5079 3067 5146 quemadmodum
3099 5082 3165 5135 ad
3189 5081 3332 5135 illam
3359 5097 3523 5150 supra

1931 5172 2144 5227 diccbat
2181 5187 2195 5223 :
2228 5169 2380 5238 Veni,
2401 5171 2645 5239 proxima
2665 5187 2802 5236 mea,
2827 5171 3061 5239 formosa
3093 5189 3206 5228 mea
3241 5173 3518 5235 columba;

1926 5281 2043 5321 ecce
2088 5265 2252 5320 hiems
2287 5266 2405 5334 jam
2430 5266 2645 5319 transiit
2683 5265 2753 5318 ³⁸.
2799 5264 3119 5336 Conscpnlti
3152 5268 3296 5322 enim
3332 5281 3519 5321 sumus

229 5366 288 5416 τὸ
319 5365 511 5433 πάσχα
551 5361 803 5431 ἀληθινὸν
847 5361 1164 5432 ποιούμενοι
1189 5399 1206 5427 ,
1240 5363 1336 5417 καὶ
1366 5363 1534 5435 σαρκὶ
1562 5362 1698 5418 Θεοῦ
1727 5363 1824 5417 καὶ

1938 5375 2054 5415 eum
2113 5359 2230 5424 illo,
2275 5368 2331 5414 et
2359 5359 2813 5414 consurreximus
2853 5375 2951 5428 per
2978 5361 3261 5415 lavacrum
3297 5375 3521 5427 regene-

231 5459 427 5525 αῗματι
467 5458 818 5528 τρεφόμενοι.

229 5555 354 5604 vita:
386 5550 726 5606 ambulamus
769 5591 784 5617 ,

225 5643 372 5694 enim
405 5656 569 5696 carne
618 5653 671 5698 et
705 5646 971 5714 sanguine
1001 5645 1116 5701 Dei.

299 5729 476 5799 Οὗτος
508 5735 630 5805 ἐμοὶ
664 5739 758 5789 τοῦ
791 5737 1012 5809 πρώτου
1052 5738 1221 5811 μηνὸς
1255 5740 1282 5792 ὁ
1332 5738 1515 5809 λόγος,
1555 5729 1618 5792 οὗ
1652 5739 1718 5810 τῇ
1748 5735 1837 5790 δε-

302 5913 350 5943 ³⁸
378 5912 539 5968 Cant.
584 5930 643 5977 ll,
675 5913 766 5968 il.

528 6011 796 6071 Ριιτιιυι.
832 6014 943 6072 (in.
994 6015 1089 6074 (IL

1524 5518 1532 5528 ,
1931 5452 2182 5516 rationis,
2234 5460 2289 5506 et
2339 5452 2584 5523 deposita
2637 5453 2828 5508 Adami
2859 5462 3130 5508 vetustate
3184 5453 3240 5506 in
3277 5452 3519 5505 novitate

864 5551 1063 5621 quibus
1147 5566 1336 5607 verum
1393 5550 1595 5622 pascha
1663 5550 1983 5605 alimentum
2024 5548 2358 5618 sempiterna
2401 5546 2510 5600 vita
2566 5546 2788 5618 dignum
2837 5549 3197 5617 suppeditat;
3246 5544 3518 5597 nntrimur

1952 5735 2076 5792 liam
2113 5735 2244 5792 mihi
2303 5735 2463 5806 primi
2514 5735 2718 5792 mensis
2755 5733 2894 5790 ratio
2925 5746 3048 5792 esse
3085 5731 3296 5786 videtur
3328 5746 3343 5796 ;
3423 5744 3517 5785 cu-

3117 6013 3148 6076 7
