4016 6480
300 437 401 501 ειιδ

1361 435 1445 497 1N
1475 435 2077 497 EXALTATIONEM
2110 438 2169 498 S.
2214 439 2511 502 CRUCIS.

3380 510 3391 515 -
3471 454 3576 519 206

305 558 537 630 μεγάλου
566 556 835 628 θύματος.
874 557 988 613 Καὶ
1014 556 1175 612 τοῦτο
1203 555 1433 625 τέλειον,
1469 558 1730 627 ἄμωμον,
1775 559 1876 627 ἄρ-

1991 558 2321 627 si‘gnilicatio
2347 558 2469 628 fuit,
2501 570 2558 616 et
2590 561 2635 615 is
2665 562 2889 632 quidem
2922 565 3159 636 integer,
3193 569 3311 624 sine
3335 578 3576 643 macula,

304 669 387 706 σεν
428 649 529 705 καὶ
585 648 887 715 ἐνιαύσιον,
936 649 1127 721 ἐπειδὴ
1181 651 1361 704 πάντα
1413 644 1484 721 ἦν
1533 651 1593 702 ὲν
1645 649 1871 720 Χριστῷ

308 744 513 808 τελείως
565 744 636 797 τά
670 742 958 815 θεοπρεπῆ
1009 744 1375 814 γνωρίσματα
1423 745 1523 798 καὶ
1577 744 1724 798 κατὰ
1778 744 1880 816 τὴν

319 837 606 909 πρόσληψιν
647 834 751 905 τὴν
800 835 1123 907 χρισθετσαν
1156 835 1405 908 θεότητι,
1452 837 1548 889 καὶ
1577 836 1882 907 γενομένην

313 931 436 998 ὅπερ
462 930 523 983 τὸ
568 929 790 1002 χρίσαν,
824 930 919 982 καὶ
947 927 1155 992 τέλειος
1207 928 1283 992 ὡς
1318 929 1577 1000 ἀνενδεὴς
1620 934 1680 983 ἔν
1710 931 1883 983 πᾶσιν

310 1026 465 1094 ἀρετῇ
485 1023 840 1096 γνωρίζεται,
859 1021 1113 1093 καθάπερ
1135 1023 1299 1086 αὐτός
1326 1040 1514 1094 φησιν,
1538 1021 1705 1077 Οὕτω
1726 1024 1881 1092 πρέ-

307 1133 417 1169 πον
438 1115 584 1184 ἡμῖν
626 1114 759 1169 ἐστι
811 1113 1132 1183 πληρῶσαι
1186 1113 1396 1170 πᾶσαν
1449 1114 1877 1182 δικαιοσύνην.

308 1211 566 1279 ’Δμωμος
596 1206 673 1273 δὲ,
705 1208 790 1262 ὅτι
823 1207 918 1261 καὶ
955 1207 1118 1278 μόνος
1164 1208 1587 1280 ἀναμάρτητος,
1620 1209 1883 1281 ὑπερφυᾶ

304 1301 394 1353 καὶ
421 1299 836 1370 ἀνυπέρϐλητον
864 1300 1207 1370 κεκτημένος
1242 1299 1342 1372 τὴν
1372 1300 1754 1373 καθαρότητα,
1784 1304 1882 1356 καὶ

304 1393 464 1463 μόνος
500 1394 643 1463 ἔχων
682 1393 936 1458 ἐξουσίαν
985 1392 1082 1447 τοῦ
1131 1395 1226 1448 ἐπὶ
1275 1395 1459 1465 πάσης
1502 1396 1608 1464 γῆς
1659 1397 1880 1464 ἀφιέναι

298 1489 392 1548 τὰς
424 1484 730 1556 ἁμαρτίας.
766 1487 831 1540 Ei
870 1487 982 1557 γὰρ
1036 1486 1134 1540 καὶ
1162 1487 1355 1541 πολλοὶ
1390 1490 1652 1556 γεγόνασι
1682 1489 1882 1558 εὐάρε-

300 1596 434 1645 στοι,
469 1579 567 1633 καὶ
594 1578 736 1634 κατὰ
767 1578 987 1650 μέθεξιν
1016 1581 1369 1649 ἡγιασμένοι,
1400 1578 1517 1633 ἀλλ’
1551 1578 1630 1644 εἷς
1663 1582 1692 1633 6
1720 1580 1881 1648 φύσει

297 1671 522 1739 ἀγαθὸς,
545 1672 641 1725 καὶ
672 1673 773 1725 οὐκ
804 1670 953 1726 ἐστιν
988 1671 1149 1739 ἅγιος
1182 1672 1259 1736 ὡς
1289 1673 1317 1726 6
1350 1673 1579 1744 Κύριος,
1607 1674 1729 1728 ούδέ
1759 1677 1878 1728 ὲετι

295 1763 504 1827 δίκαιος
539 1765 617 1827 ὡς
666 1765 695 1817 6
725 1763 859 1827 Θεὸς
899 1765 1080 1834 ἡμῶν.
1113 1765 1327 1837 Ἀρσην
1371 1766 1431 1820 δὲ
1466 1766 1560 1820 διὰ
1588 1766 1650 1819 τὸ
1675 1768 1883 1838 ἡγεμο-

1989 653 2287 720 ntascttlus,
2334 664 2388 716 et
2429 655 2740 722 anniculus,
2774 674 2896 728 quae
2921 661 3107 716 omnia
3140 662 3253 719 Deo
3281 679 3577 724 consenta—

1987 759 2086 799 nea
2111 745 2314 801 indicia
2351 747 2406 801 in
2430 747 2661 829 Christo
2692 749 2910 805 fuerunt
2938 753 3104 807 etiam
3133 759 3436 814 secundum
3474 762 3577 814 hu-

1988 852 2203 890 tnanam
2252 848 2502 895 naturam
2554 850 2930 912 assumptum,
2981 855 3205 902 unctam
3248 850 3574 920 divinitate,

1988 928 2188 985 factam
2234 943 2333 999 per
2382 932 2858 1002 participationem
2889 935 3033 993 idem
3077 955 3201 995 cum
3246 957 3335 1009 eo,
3374 960 3402 998 a
3465 963 3574 1016 quo

1986 1032 2147 1075 uncta
2189 1032 2295 1081 est.
2330 1022 2591 1094 Idemque
2623 1023 2877 1083 Christus
2921 1029 3122 1086 virtute
3154 1034 3433 1102 perfectus
3465 1051 3573 1103 est,

1984 1112 2189 1182 quippe
2223 1112 2368 1166 inter
2392 1126 2584 1168 omnes
2635 1114 2838 1171 nullius
2887 1118 2966 1172 rei
3023 1119 3265 1191 indigns,
3307 1128 3575 1193 quemad-

1988 1203 2209 1258 modum
2244 1205 2363 1272 ipse
2397 1206 2474 1260 ait
2504 1222 2519 1260 :
2555 1204 2646 1262 Sic
2671 1206 2816 1262 decet
2866 1225 2962 1264 nos
2990 1212 3214 1280 impiere
3237 1231 3441 1272 onmem
3485 1220 3575 1289 ju-

1981 1297 2186 1353 stitiam
2208 1298 2279 1352 π.
2328 1299 2719 1356 lmmaculatus
2752 1313 2880 1369 est;
2937 1307 3066 1374 quia
3126 1309 3244 1377 ipse
3297 1313 3448 1367 solus
3505 1316 3575 1370 ab

1983 1391 2133 1445 onmi
2182 1401 2409 1462 peccato
2460 1393 2723 1450 immunis
2757 1397 3120 1454 excelsiorem
3157 1406 3437 1461 communi
3490 1423 3579 1462 re-

1986 1498 2104 1537 rum
2145 1470 2307 1540 cursu
2338 1496 2392 1542 et
2429 1485 2923 1557 incomparabilem
2958 1491 3254 1560 puritatem
3291 1508 3577 1553 assecutus

1982 1585 2109 1637 est,
2147 1577 2410 1647 solusque
2482 1586 2816 1648 potestatem
2885 1582 3094 1649 habet,
3155 1590 3342 1643 omnia
3407 1592 3578 1648 totius

1984 1666 2172 1724 mundi
2223 1677 2452 1738 peccata
2487 1671 2823 1727 dimittendi.
2855 1670 2994 1728 Nam
3042 1674 3171 1731 licet
3214 1679 3376 1736 multi
3411 1684 3580 1738 exsti-

1984 1760 2150 1814 terint
2195 1761 2308 1816 Deo
2355 1764 2586 1833 accepti,
2628 1775 2686 1819 et
2717 1768 3109 1823 communione
3142 1771 3382 1839 quadam
3448 1789 3575 1829 san-

296 1857 421 1910 νοῦν
443 1874 459 1888 ο
495 1857 658 1921 αὐτὸς
686 1858 796 1928 γάρ
820 1859 968 1912 ἐστιν
997 1861 1025 1912 6
1056 1858 1296 1929 νυμφίος
1326 1860 1430 1931 τῆς
1473 1860 1827 1931 Ἐκκλησίας,
1853 1863 1881 1916 6

1991 1855 2233 1920 ctiiicati,
2256 1866 2311 1909 at
2346 1871 2487 1911 unus
2516 1857 2784 1913 duntaxat
2812 1870 3006 1914 natura
3041 1865 3215 1918 bonus
3251 1876 3355 1931 est,
3383 1879 3435 1919 et
3462 1885 3573 1922 non

297 1949 537 2019 γνησίως
584 1925 834 2015 ἐφεστὼς
883 1951 979 2002 καί
1029 1925 1444 2021 κυριεύσας,’ό
1510 1925 1735 2024 κρατιῦν
1784 1925 1879 2008 τοῦ

1991 1956 2074 2002 εει
2109 1958 2340 2004 sanctus
2379 1956 2440 2003 ut
2485 1958 2571 2004 est
2612 1949 2899 2017 Dominus,
2956 1956 3135 2023 risque
3169 1965 3253 2011 est
3288 1925 3476 2027 justus
3520 1967 3581 2014 ut

303 2042 499 2104 παντὸς
523 2042 610 2095 διὰ
637 2042 737 2111 τὴν
776 2041 941 2106 ἀξίαν
963 2042 1065 2112 τῆς
1102 2044 1385 2113 θεότητος,
1412 2048 1442 2099 6
1473 2045 1687 2100 ἄνωθεν
1717 2047 1885 2117 ἐρχό-

302 2150 483 2205 μενος,
518 2134 613 2187 καὶ
667 2133 860 2188 ἐπάνω
898 2134 1121 2189 πάντων
1150 2139 1465 2207 τυγχάνων,
1507 2140 1569 2192 οὐ
1604 2138 1790 2211 χάριτι
1823 2141 1885 2195 τὸ

298 2222 605 2292 βασιλεύειν
642 2223 848 2290 λαϐὼν,
878 2225 996 2279 ἀλλ’
1026 2224 1170 2297 ἔχων
1195 2227 1255 2280 ιν
1293 2228 1527 2302 ἀληθείᾳ
1570 2235 1664 2285 καὶ
1691 2234 1887 2302 γεννή-

300 2334 383 2371 σει
406 2320 470 2388 τῇ
496 2319 561 2371 ὲκ
595 2317 835 2389 Πατρδς,
880 2318 908 2371 6
950 2319 1047 2372 ml.
1075 2320 1244 2374 πᾶσιν
1270 2323 1409 2393 ἡμῖν
1437 2323 1606 2387 ἐνιεὶς
1633 2326 1733 2396 τῆς
1764 2325 1880 2379 θεο-

301 2408 535 2474 γνωσίσς
562 2408 629 2462 τὰ
658 2410 977 2480 σπέρματα,
1005 2413 1102 2466 καὶ
1128 2413 1271 2465 κατὰ
1290 2408 1352 2465 τὸ
1374 2415 1738 2486 προφητικὸν,
1764 2414 1885 2486 γῆν

298 2500 449 2569 ἡμᾶς
496 2500 776 2554 ἀποτελῶν
827 2501 1120 2571 summ,
1167 2504 1198 2556 6
1233 2503 1378 2574 ὑπὲρ
1427 2504 1523 2560 τοῦ
1564 2505 1738 2576 Ἀδὰμ
1783 2505 1881 2559 τοῦ

297 2592 539 2665 στερροῦ
569 2595 1005 2665 προσαγόμενος,
1038 2595 1117 2658 ὡς
1155 2597 1540 2669 στερρότερος,
1575 2600 1672 2653 καὶ
1709 2598 1882 2670 μηδὲν

296 2688 561 2758 ἄνανδρον
589 2690 623 2760 ἢ
656 2688 789 2760 θῆλυ
821 2691 1005 2760 φέρων
1027 2691 1085 2745 ὲν
1113 2691 1337 2762 ἐαυτῷ,
1357 2693 1663 2759 Ἐνιαύσιος
1688 2693 1772 2761 δὲ,
1796 2695 1881 2748 ὅτι

297 2783 395 2836 καὶ
425 2782 657 2846 παλαιὸς
679 2778 750 2854 ἦν
779 2784 808 2836 6
835 2784 998 2850 αὐτὸς
1037 2785 1098 2840 ιν
1128 2784 1375 2857 θεότητι,
1413 2788 1511 2841 καὶ⁸
1542 2787 1663 2851 νέος
1694 2789 1754 2843 ἑν
1787 2790 1884 2844 άν-

297 2875 634 2946 θρωπότητι,
687 2877 786 2933 καὶ
820 2876 1032 2947 χρόνων
1089 2876 1309 2947 ὑπῆρχε
1371 2877 1728 2951 δημιουργὸς,
1785 2882 1883 2934 καὶ

295 2968 406 3021 ὑπὸ
449 2968 643 3038 χρόνον
686 2970 954 3038 ἐγεγόνει,
1014 2970 1112 3023 καὶ
1149 2969 1306 3040 ἥλιός
1353 2970 1477 3024 ἔστι
1526 2971 1883 3043 δικαιοσύνης

296 3061 396 3113 καὶ
424 3061 503 3127 τῷ
530 3061 794 3139 ὁρωμένῳ
841 3060 1227 3132 περιγραπτὸς
1267 3063 1349 3126 εἰς
1380 3061 1580 3116 ἑαυτὸν
1619 3063 1883 3135 ἐπιστρέ-

1988 2047 2075 2095 εει
2128 2038 2274 2094 Dens
2316 2049 2525 2096 noster.
2571 2041 2850 2098 Masculus
2888 2058 3018 2099 vero
3052 2059 3277 2115 propter
3304 2050 3581 2121 principa-

1991 2141 2143 2199 tum;
2173 2130 2294 2198 ipse
2323 2138 2470 2188 enim
2512 2143 2600 2189 est
2629 2149 2868 2203 sponsus
2908 2134 3189 2205 Ecclesia,
3223 2141 3315 2209 qui
3350 2156 3482 2196 vere
3524 2153 3581 2197 et

1985 2223 2230 2295 legitime
2262 2235 2458 2294 prteest
2508 2235 2564 2281 et
2611 2228 2944 2296 dominatur,
2979 2230 3071 2300 qui
3132 2234 3321 2288 omnia
3369 2235 3581 2292 ditione

1989 2326 2137 2373 tenet
2166 2319 2236 2373 ob
2263 2317 2575 2375 divinitatis
2610 2319 2975 2390 maiestatem,
3003 2322 3101 2391 qui
3135 2324 3204 2378 de
3233 2324 3377 2380 male
3404 2328 3576 2388 venit.

1985 2419 2041 2464 et
2073 2424 2238 2480 supra
2268 2424 2465 2466 omnes
2502 2420 2605 2470 est,
2637 2412 2732 2480 qui
2779 2426 3009 2483 regnum
3041 2428 3107 2469 ex
3135 2417 3310 2485 gratia
3349 2432 3458 2471 non
3489 2432 3583 2471 ac-

1985 2504 2168 2572 cepit:
2211 2505 2307 2558 sed
2359 2513 2552 2558 natura
2586 2515 2641 2558 et
2678 2515 2801 2559 ortu
2830 2520 2897 2559 ex
2928 2505 3093 2561 Patre
3119 2522 3220 2563 suo
3260 2508 3314 2564 id
3346 2509 3581 2575 obtinet,

1984 2598 2074 2666 qui
2109 2596 2368 2652 omnibus
2417 2598 2577 2654 nobis
2611 2597 2808 2652 divinas
2839 2600 3175 2670 cognitionis
3225 2603 3438 2657 semina
3476 2603 3582 2657 int-

1987 2689 2175 2757 mittit,
2214 2698 2270 2745 et
2293 2689 2448 2761 juxta
2498 2690 2706 2744 dictum
2769 2671 2902 2745 illud
2948 2692 3329 2761 propheticum
3380 2702 3580 2749 terram

1984 2782 2346 2839 voluntariam
2381 2797 2481 2838 nos
2514 2781 2701 2849 cﬂicit,
2746 2783 2837 2851 qui
2889 2799 2987 2853 pro
3013 2784 3195 2839 valido
3228 2785 3324 2841 illo
3367 2787 3584 2842 Adamn

1985 2876 2220 2931 validior
2268 2875 2385 2947 ipse
2421 2876 2645 2932 oblatus
2677 2886 2783 2941 est,
2820 2875 2959 2931 nihil
2998 2875 3405 2944 eﬂ‘eminatutn,
3445 2880 3583 2935 nihil
3672 2874 3677 2877 ’

1986 2970 2103 3024 viro
2133 2969 2416 3041 indignum
2449 2970 2503 3024 in
2528 2969 2713 3041 seipse
2741 2968 2974 3025 habens.
3030 2969 3341 3027 Anniculus
3369 2983 3580 3038 autem;

1985 3064 2114 3134 quia
2151 3064 2243 3119 iHe
2291 3063 2435 3119 idem
2467 3063 2766 3119 divinitate
2812 3064 3076 3133 antiquus
3108 3075 3254 3132 erat,
3290 3075 3344 3122 et
3389 3080 3589 3123 recens

293 3171 438 3221 (ξων,
477 3153 739 3222 στέφανός
789 3171 847 3209 τε
891 3145 1282 3227 χρηστότητος
1312 3153 1735 3227 εὐλογούμενος,
1787 3160 1884 3211 καὶ

1991 3156 2360 3222 humanitate,
2392 3165 2816 3226 temporumque
2870 3157 3128 3213 conditor
3177 3157 3411 3228 ipsemet
3446 3170 3583 3214 ten;-

294 3247 639 3318 πανταχόθεν
693 3248 810 3312 ἶσος
839 3247 1020 3319 ἐαυτῷ
1047 3250 1142 3303 καὶ
1169 3250 1379 3317 ὅμοιος.
1412 3251 1683 3319 Ζωογονεῑ
1704 3251 1761 3306 δὲ
1786 3253 1884 3308 καὶ

1991 3249 2107 3320 pori
2154 3248 2435 3319 subjectus
2486 3258 2613 3313 est;
2658 3249 2752 3305 Sol
2786 3259 2871 3305 est
2914 3251 3166 3322 iustitiae,
3201 3260 3256 3307 et
3304 3252 3581 3309 eo’tamcn

292 3340 394 3391 τὸν
432 3339 542 3393 τῶν
579 3340 791 3411 ἀρετῶν
821 3341 1044 3407 κύκλον,
1071 3340 1256 3411 ἠπίως
1292 3343 1746 3413 ὲπιμιγνυμὲνων
1791 3345 1888 3399 καὶ

1995 3343 2087 3414 qui
2138 3345 2240 3399 sub
2289 3343 2482 3398 oculos
2517 3342 2687 3408 cadit,
2725 3343 3219 3406 circmnscribitur.
3256 3355 3311 3399 et
3348 3345 3401 3400 in
3439 3351 3589 3417 seip.

294 3432 653 3503 κιρναμένων
681 3432 947 3506 ἀλλήλαις
980 3435 1132 3507 νόμῳ
1160 3436 1347 3506 φιλίας
1385 3436 1481 3491 καὶ
1505 3435 1737 3502 τάξεως.

1997 3453 2118 3492 sum
2162 3435 2482 3503 resolvitur,
2514 3450 2720 3491 corona
2777 3436 3157 3503 benignitatis,
3198 3454 3226 3490 ιι
3277 3436 3386 3491 Deo
3416 3438 3587 3494 bene-

296 3531 477 3591 uicta,
514 3527 873 3598 undequaqne
916 3528 1020 3584 sibi
1069 3529 1297 3598 aequalis
1353 3537 1411 3585 et
1452 3530 1666 3586 similis.
1710 3528 1887 3586 Vitam
1965 3545 2100 3584 vero
2156 3528 2388 3599 largitur
2445 3540 2667 3596 quoque
2722 3526 2978 3581 virtutem
3036 3528 3179 3595 orbi,
3250 3528 3478 3598 pulchre
3529 3537 3588 3585 et

292 3621 566 3678 concinne
607 3621 908 3678 virtutibus
949 3622 1057 3678 sibi
1099 3622 1332 3678 invicem
1379 3623 1558 3679 mistis
1583 3632 1640 3678 et
1673 3624 2009 3680 conso.-iatis
2045 3624 2163 3696 lege
2196 3621 2458 3679 amicitiae
2488 3634 2543 3677 et
2571 3621 2806 3675 ordinis.

322 3760 331 3763 -
370 3720 433 3773 Ei
462 3720 509 3775 δ’
550 3721 634 3773 ὃτι
665 3719 762 3773 καὶ
796 3718 898 3791 τὴν
941 3718 1037 3772 ἐπὶ
1073 3718 1153 3789 τῷ
1196 3719 1363 3774 πάθει
1395 3721 1888 3791 θεοπρεπεστάτην

294 3815 495 3884 ἑορτὴν
527 3812 646 3867 καθ’
678 3811 915 3866 ἑκαστον
954 3812 1076 3877 ἔτος
1111 3811 1339 3885 ιμελλον
1386 3814 1663 3869 ἐπιτελεῖν
1709 3817 1761 3868 ol.
1816 3814 1886 3869 τὰ

292 3908 360 3960 ἐκ
391 3904 490 3959 τοῦ
523 3905 730 3970 πάθους
781 3904 1278 3975 άποκερδαίνοντες
1326 3906 1551 3973 ἀγαθά,
1608 3907 1886 3972 ἐνιαύσιος

294 3994 744 4066 προετετύπωτο,
778 3996 874 4050 καὶ
904 3996 1065 4051 τοῦτο
1093 3994 1354 4068 σύμφημι
1405 3998 1522 4062 τοῖς
1576 3996 1885 4068 εἰρηκόσιν.

307 4089 447 4143 Ἀπὸ
470 4087 580 4142 τῶν
612 4088 805 4159 ἀμνῶν
858 4087 938 4150 δὲ,
973 4086 1163 4159 ἐπειδὴ
1218 4088 1314 4141 καὶ
1360 4086 1502 4142 Θεοῦ
1553 4087 1752 4158 άμνδς,
1810 4087 1888 4151 ὡς

308 4182 576 4253 Ἰωάννης
630 4183 921 4251 μαρτυρεῖ,
954 4181 1051 4234 καὶ
1103 4180 1212 4234 ἀπὸ
1245 4181 1356 4234 τῶν
1388 4179 1619 4251 ἐρίφων,
1669 4180 1753 4234 ὅτι
1789 4180 1887 4234 τοῦ

296 4276 515 4346 κόσμου
544 4273 644 4345 τὴν
672 4276 950 4346 ἁμαρτίαν
979 4270 1106 4346 ἦρε.
1132 4275 1269 4328 Τίνα
1295 4274 1353 4327 δὲ
1384 4274 1570 4327 αἰτίαν
1600 4272 1716 4346 ἔχει
1748 4274 1889 4345 πρὸς

295 4368 402 4440 τὴν
456 4369 569 4421 τῶν
615 4368 984 4439 πρωτοτόκων
1047 4367 1330 4440 σωτηρίαν
1390 4369 1425 4437 ἡ
1485 4365 1583 4420 τοῦ
1643 4367 1887 4437 θύματος

294 4460 511 4532 σφαγὴ,
550 4462 644 4516 καὶ
689 4463 721 4533 η
759 4461 851 4516 τοῦ
881 4460 1116 4532 αἵματος
1160 4462 1379 4533 γρίσιςς
1415 4461 1493 4514 Οὐ
1530 4460 1639 4532 γὰρ
1687 4459 1884 4524 θυσίας

294 4554 477 4608 δεῖται
501 4553 636 4617 Θεὸς
668 4554 807 4624 πρὸς
841 4554 1070 4622 ἔνδειξιν
1121 4555 1221 4624 τῆς
1269 4554 1470 4623 ἑαυτοῦ
1518 4554 1882 4623 ἁγαθότητος,

2065 3719 2344 3777 Cancrum
2373 3720 2420 3775 sl
2454 3728 2510 3773 et
2543 3718 2668 3774 ideo
2697 3717 2988 3772 anniculus
3031 3728 3137 3784 est,
3165 3721 3293 3787 quia
3339 3720 3584 3776 futurum

1995 3826 2116 3871 erat
2164 3813 2482 3885 aliquando,
2515 3820 2573 3867 ut
2606 3812 2642 3865 ii
2673 3811 2762 3881 qui
2799 3827 2867 3867 ex
2904 3811 3170 3878 passione
3225 3812 3460 3868 fructum
3495 3830 3588 3869 ca-

1997 3907 2173 3977 piunt,
2220 3904 2520 3976 quotannis
2563 3902 2982 3957 sanctissimum
3049 3902 3325 3971 passionis
3384 3902 3585 3959 festum

1995 3998 2363 4060 celebrarent,
2398 4010 2506 4050 non
2543 3994 2726 4048 abnuo
2752 3994 3051 4061 quominus
3088 3992 3144 4047 id
3183 4002 3444 4063 tanquam
3498 4010 3588 4049 ra-

1995 4087 2130 4143 tioni
2171 4088 2507 4143 conveniens
2562 4085 2896 4155 supradictis
2933 4083 3286 4156 adiungatur.
3324 4087 3401 4140 Ex
3431 4089 3589 4158 agnis

1994 4193 2179 4237 autem
2231 4179 2349 4235 haec
2385 4180 2611 4234 victima
2668 4178 2946 4248 scligitnr,
2980 4179 3106 4248 quia
3140 4188 3196 4234 et
3238 4180 3355 4250 ipse
3399 4181 3589 4251 Agnus

1996 4274 2089 4329 Dei
2140 4280 2246 4340 est,
2290 4282 2348 4327 ιιι
2380 4270 2623 4328 Joannes
2675 4279 2955 4338 testatur;
2993 4281 3049 4328 et
3094 4288 3159 4326 ex
3219 4272 3420 4337 haedis,
3461 4273 3589 4343 quia

1998 4367 2117 4436 ipse
2150 4374 2370 4434 peccata
2406 4365 2592 4418 mundi
2627 4365 2777 4420 tulit.
2813 4363 2991 4431 Quam
3047 4380 3176 4420 vero
3211 4366 3591 4435 primogenitis

1995 4474 2218 4515 causam
2251 4458 2450 4513 salutis
2484 4458 2716 4526 pratbuit
2749 4467 2998 4513 mactata
3028 4458 3271 4524 victima,
3292 4470 3347 4515 et
3369 4463 3590 4530 sanguis

1996 4552 2241 4622 postibus
2274 4544 2490 4603 illitas?
2536 4549 2723 4619 Neque
2754 4551 2901 4605 enim
2945 4529 3240 4606 sacriﬁciis
3272 4560 3397 4619 eget
3446 4529 3590 4605 Deus

292 4647 429 4700 οὔτε
479 4646 711 4716 σημείου
769 4647 907 4719 πρὸς
964 4646 1270 4715 ἐπίγνωσιν
1326 4646 1438 4700 τῶν
1489 4646 1731 4710 οἰκείων,
1769 4644 1886 4700 ἀλλ’

1992 4646 2058 4698 ad
2096 4643 2587 4699 demonstrandam
2636 4658 2793 4697 suam
2852 4641 3188 4725 bonitatem,
3223 4658 3397 4711 neque
3424 4644 3591 4698 etiam

294 4741 436 4810 ἡμῖν
464 4738 751 4793 κᾶνταῦθα
780 4743 1078 4810 συνηγορεί
1124 4741 1187 4793 τὸ
1221 4742 1484 4811 πρᾶγμα,
1518 4741 1616 4793 καὶ
1659 4743 1724 4810 τῇ
1763 4739 1891 4793 καθ’

295 4833 455 4902 ἡμᾶς
495 4832 631 4902 ἁγίᾳ
683 4831 864 4885 πίστει
920 4835 1347 4906 προσμαρτυρεῖ
1392 4833 1483 4889 διὰ
1527 4833 1823 4903 συμϐόλων
1860 4835 1892 4888 6

292 4926 489 4994 νόμος.
522 4922 630 4978 Τοῦ
658 4926 768 4997 γὰρ
795 4925 1035 4998 ἀμώμου
1084 4926 1329 4994 θύματος
1358 4928 1501 4998 ὑπὲρ
1540 4927 1701 4998 ἡμῶν
1746 4943 1888 4996 σφα-

295 5018 651 5087 γιασθέντος,
685 5020 714 5073 6
762 5022 827 5072 ὲκ
866 5019 965 5073 τοῦ
1001 5019 1440 5089 πρωτοπλάστου
1471 5018 1694 5073 λέλυται
1726 5020 1892 5076 θάνα-

295 5127 415 5173 τος.
444 5110 557 5162 Καὶ
587 5109 809 5181 θνήσκει
837 5112 937 5182 μὲν
961 5111 1032 5165 τὰ
1061 5111 1396 5181 πρωτότοκα
1418 5113 1530 5167 τῶν
1551 5112 1888 5181 Αἰγυπτίων,

296 5208 380 5260 ὅτι
407 5208 439 5258 6
480 5208 730 5262 ἀπιστῶν
755 5208 832 5279 τῷ
855 5208 972 5280 Υίῷ
998 5209 1103 5263 οὐκ
1128 5210 1325 5280 ὄψεται
1362 5210 1463 5281 τὴν
1497 5209 1667 5281 ζωὴν,
1697 5209 1817 5265 ἀλλ’
1840 5210 1880 5280 ἡ

298 5300 451 5370 ίργὴ
480 5299 588 5353 τοῦ
621 5302 768 5354 Θεοῦ
786 5299 955 5369 μένει
984 5301 1081 5354 ἐπ’
1102 5301 1314 5356 αὐτόν.
1354 5301 1550 5371 Ἥμείς
1584 5300 1642 5355 δὲ
1683 5302 1888 5357 διασω-

296 5390 513 5461 ζόμεθα
545 5392 663 5444 ὅσοι
727 5394 891 5447 τέκνα
934 5393 1071 5446 Θεοῦ
1116 5394 1212 5448 καὶ
1270 5394 1569 5466 Ἐκκλησία
1620 5395 1898 5464 πρωτοτό-

297 5501 412 5537 κων
439 5483 768 5555 γεγόναμεν.
799 5484 944 5539 Ἐάν
967 5502 1060 5552 τις
1085 5488 1216 5556 γὰρ,
1247 5488 1405 5557 φησι,
1432 5488 1542 5541 τὸν
1565 5488 1755 5552 λόγον
1774 5503 1897 5557 μου

295 5574 566 5644 τηρήσῃ,
588 5574 852 5629 θάνατον
878 5579 952 5630 οὐ
974 5577 1061 5645 μὴ
1086 5578 1385 5647 θεωρήσει
1424 5579 1514 5644 είς
1546 5578 1656 5631 τὸν
1682 5575 1896 5647 αιῷνα.

1995 4718 2177 4804 signo,
2209 4743 2270 4787 ιιι
2304 4750 2439 4789 suos
2473 4744 2780 4804 agnoscat;
2821 4741 2879 4786 at
2901 4744 2950 4786 et
2992 4716 3082 4787 hic
3117 4741 3227 4787 tota
3259 4748 3347 4787 res
3378 4749 3475 4803 pro
3505 4750 3595 4789 no-

1996 4829 2080 4884 bis
2130 4837 2234 4895 est,
2268 4829 2583 4896 nostrisque
2638 4826 2942 4881 commodis
2993 4826 3189 4892 servit,
3230 4836 3591 4897 nostramth

2002 4931 2421 4977 sacrosanctam
2458 4920 2619 4975 ﬁdem
2653 4920 2738 4973 his
2767 4920 3030 4991 symbolis
3061 4919 3147 4975 lex
3185 4931 3339 4976 vetus
3369 4923 3590 4977 astruit.

1995 5017 2134 5072 Natu
2176 5017 2417 5070 innocua
2460 5013 2551 5067 illa
2606 5013 2784 5068 hostia
2821 5028 2920 5083 pro
2964 5012 3123 5067 nobis
3170 5013 3475 5079 immolata,
3506 5013 3593 5068 fu-

1999 5121 2120 5182 gata
2157 5120 2239 5165 est
2279 5125 2450 5174 mors,
2495 5122 2618 5178 quas
2667 5107 2825 5161 nobis
2874 5121 2904 5159 a
2957 5107 3133 5174 primo
3164 5115 3390 5177 parente
3421 5106 3594 5160 venit.

1997 5206 2307 5260 Moriuntur
2336 5202 2709 5273 primogenita
2743 5198 3169 5271 Egyptiorum;
3203 5200 3333 5269 quia
3366 5198 3455 5267 qui
3508 5195 3594 5249 Εἰς

1995 5299 2068 5355 lio
2101 5295 2415 5352 incredulus
2448 5305 2556 5360 est,
2596 5293 2647 5348 is
2701 5308 2811 5345 non
2864 5289 3074 5344 videbit
3124 5290 3315 5355 vitam,
3363 5286 3461 5341 sed
3509 5286 3594 5340 ira

1961 5391 2092 5447 -Dei
2142 5396 2321 5444 manet
2356 5403 2515 5456 super
2548 5401 2668 5441 cum
2694 5384 2782 5452 ³⁸;
2833 5399 2936 5439 ιιοε
2962 5396 3117 5447 vero,
3153 5382 3468 5452 quicunque
3496 5376 3595 5431 ﬁlft

2001 5487 2094 5540 Dei
2133 5495 2186 5540 et
2219 5482 2565 5554 primogeniti
2623 5479 2882 5534 Ecclesia:
2923 5490 3138 5542 sumus,
3173 5484 3591 5529 conservantur.

1999 5578 2092 5631 Ait
2134 5578 2280 5629 enim
2321 5592 2338 5629 :
2385 5575 2445 5629 Si
2488 5574 2607 5642 quis
2661 5586 2958 5626 sermonem
3011 5583 3189 5623 meum
3255 5561 3543 5620 servaverit
3572 5602 3591 5628 ,

300 5669 566 5740 Τηρεῖται
590 5668 650 5721 δὲ
668 5670 696 5721 6
720 5669 876 5737 λόγος
915 5670 1154 5743 Χρισιοῦ
1187 5673 1320 5743 παρ’
1354 5672 1515 5742 ἡμῶν
1551 5671 1639 5726 διὰ
1662 5672 1888 5741 θεωρίας

2002 5684 2217 5727 mortem
2253 5687 2356 5724 non
2380 5667 2573 5722 videbit
2605 5668 2657 5720 in
2695 5674 2959 5722 aeternum
2981 5663 3052 5716 “.
3105 5659 3371 5715 Servatur
3410 5666 3593 5712 autem

303 5763 401 5816 καὶ
428 5763 718 5832 πράξεως.
747 5764 858 5818 Καὶ
892 5763 1049 5837 φέρει
1087 5765 1187 5836 μὲν
1217 5764 1454 5838 θεωρίας
1478 5765 1650 5820 τύπον
1687 5767 1721 5835 η
1743 5764 1888 5832 φλιὰ,

2003 5774 2191 5817 Sermo
2230 5759 2439 5816 Christi
2471 5774 2501 5814 a
2538 5757 2698 5813 nobis
2734 5771 2835 5827 per
2867 5750 3389 5822 contemplationem
3418 5758 3474 5805 et
3504 5759 3599 5805 ae-

384 5946 663 6005 ‘i-Matth.
694 5962 775 6000 ιιι.
822 5946 909 6002 13.
986 5947 1032 5981 ³⁸
1054 5946 1212 6003 Joan.
1251 5966 1329 6015 ιιι,
1361 5949 1452 6002 56.
1532 5949 1575 5980 δε*
1605 5947 1762 6004 Joan.
1799 5962 1917 6012 vui,
1955 5944 2045 6000 5|.
