  <div class='ocr_page' id='page_1' title='image "/cluster/home/n/w/nwhite01/storage/ocr_20150623/150:no.1/coo.31924054870559/111.png"; bbox 0 0 4016 6490; ppageno 0'>
   <div class='ocr_carea' id='block_1_1' title="bbox 427 417 531 481">
    <p class='ocr_par' dir='ltr' id='par_1_1' title="bbox 427 417 531 481">
     <span class='ocr_line' id='line_1_1' title="bbox 427 417 531 481; baseline 0.019 -2"><span class='ocrx_word' id='word_1_1' title='bbox 427 417 531 481; x_wconf 71' lang='grc'><strong>967</strong></span> 
     </span>
    </p>
   </div>
   <div class='ocr_carea' id='block_1_2' title="bbox 1533 409 2531 473">
    <p class='ocr_par' dir='ltr' id='par_1_2' title="bbox 1533 409 2531 473">
     <span class='ocr_line' id='line_1_2' title="bbox 1533 409 2531 473; baseline 0.002 -3"><span class='ocrx_word' id='word_1_2' title='bbox 1533 413 1853 473; x_wconf 78' lang='lat' dir='ltr'><strong>MACABII</strong></span> <span class='ocrx_word' id='word_1_3' title='bbox 1895 413 1990 472; x_wconf 82' lang='lat' dir='ltr'><strong>CH</strong></span> <span class='ocrx_word' id='word_1_4' title='bbox 2006 409 2531 473; x_wconf 76' lang='lat' dir='ltr'><strong>HYSOCEPHALI</strong></span> 
     </span>
    </p>
   </div>
   <div class='ocr_carea' id='block_1_3' title="bbox 3592 413 3692 480">
    <p class='ocr_par' dir='ltr' id='par_1_3' title="bbox 3592 413 3692 480">
     <span class='ocr_line' id='line_1_3' title="bbox 3592 413 3692 480; baseline 0.02 -3"><span class='ocrx_word' id='word_1_5' title='bbox 3592 413 3692 480; x_wconf 73' lang='lat'><strong>208</strong></span> 
     </span>
    </p>
   </div>
   <div class='ocr_carea' id='block_1_4' title="bbox 432 520 2019 597">
    <p class='ocr_par' dir='ltr' id='par_1_4' title="bbox 432 522 2009 597">
     <span class='ocr_line' id='line_1_4' title="bbox 432 522 2009 597; baseline -0.004 -14"><span class='ocrx_word' id='word_1_6' title='bbox 432 534 653 583; x_wconf 76' lang='lat' dir='ltr'><strong>lttizictll.</strong></span> <span class='ocrx_word' id='word_1_7' title='bbox 689 527 946 597; x_wconf 80' lang='lat' dir='ltr'><strong>Figuram</strong></span> <span class='ocrx_word' id='word_1_8' title='bbox 990 522 1466 593; x_wconf 72' lang='lat' dir='ltr'><strong>contemplationis</strong></span> <span class='ocrx_word' id='word_1_9' title='bbox 1503 525 1646 593; x_wconf 78' lang='lat' dir='ltr'><strong>gerit</strong></span> <span class='ocrx_word' id='word_1_10' title='bbox 1700 523 2009 593; x_wconf 51' lang='lat' dir='ltr'><strong>superlimi:</strong></span> 
     </span>
    </p>
   </div>
   <div class='ocr_carea' id='block_1_5' title="bbox 2130 520 3694 597">
    <p class='ocr_par' dir='ltr' id='par_1_5' title="bbox 2130 520 3694 594">
     <span class='ocr_line' id='line_1_5' title="bbox 2130 520 3694 594; baseline 0.002 -20"><span class='ocrx_word' id='word_1_11' title='bbox 2130 522 2193 588; x_wconf 76' lang='grc' dir='ltr'>ὡς</span> <span class='ocrx_word' id='word_1_12' title='bbox 2216 523 2278 575; x_wconf 76' lang='grc' dir='ltr'>τὸ</span> <span class='ocrx_word' id='word_1_13' title='bbox 2307 522 2527 591; x_wconf 80' lang='grc' dir='ltr'>λογικὸν</span> <span class='ocrx_word' id='word_1_14' title='bbox 2550 521 2916 593; x_wconf 77' lang='grc' dir='ltr'><strong>σημαίνουσα,</strong></span> <span class='ocrx_word' id='word_1_15' title='bbox 2939 520 3128 577; x_wconf 77' lang='grc' dir='ltr'><strong>εἰκόνα</strong></span> <span class='ocrx_word' id='word_1_16' title='bbox 3156 523 3213 578; x_wconf 80' lang='grc' dir='ltr'>δὲ</span> <span class='ocrx_word' id='word_1_17' title='bbox 3243 523 3496 594; x_wconf 79' lang='grc' dir='ltr'>πράξεως</span> <span class='ocrx_word' id='word_1_18' title='bbox 3527 527 3577 578; x_wconf 90' lang='grc' dir='ltr'>οἱ</span> <span class='ocrx_word' id='word_1_19' title='bbox 3609 526 3694 580; x_wconf 75' lang='grc' dir='ltr'>δύο</span> 
     </span>
    </p>
   </div>
   <div class='ocr_carea' id='block_1_6' title="bbox 427 617 2012 692">
    <p class='ocr_par' dir='ltr' id='par_1_6' title="bbox 427 617 2012 692">
     <span class='ocr_line' id='line_1_6' title="bbox 427 617 2012 692; baseline -0.004 -15"><span class='ocrx_word' id='word_1_20' title='bbox 427 640 587 687; x_wconf 65' lang='lat' dir='ltr'><strong>nnc,</strong></span> <span class='ocrx_word' id='word_1_21' title='bbox 615 639 686 692; x_wconf 91' lang='lat' dir='ltr'><strong>qu</strong></span> <span class='ocrx_word' id='word_1_22' title='bbox 715 638 820 692; x_wconf 87' lang='lat' dir='ltr'><strong>ppe</strong></span> <span class='ocrx_word' id='word_1_23' title='bbox 849 621 992 690; x_wconf 81' lang='lat' dir='ltr'><strong>quod</strong></span> <span class='ocrx_word' id='word_1_24' title='bbox 1026 629 1235 688; x_wconf 63' lang='lat' dir='ltr'><strong>partum</strong></span> <span class='ocrx_word' id='word_1_25' title='bbox 1270 618 1480 671; x_wconf 88' lang='lat' dir='ltr'><strong>ratione</strong></span> <span class='ocrx_word' id='word_1_26' title='bbox 1511 618 1795 687; x_wconf 66' lang='lat' dir='ltr'><strong>praeditam</strong></span> <span class='ocrx_word' id='word_1_27' title='bbox 1843 617 2012 686; x_wconf 88' lang='lat' dir='ltr'><strong>signi-</strong></span> 
     </span>
    </p>
   </div>
   <div class='ocr_carea' id='block_1_7' title="bbox 429 710 2014 783">
    <p class='ocr_par' dir='ltr' id='par_1_7' title="bbox 429 710 2014 783">
     <span class='ocr_line' id='line_1_7' title="bbox 429 710 2014 783; baseline -0.007 -11"><span class='ocrx_word' id='word_1_28' title='bbox 429 722 592 783; x_wconf 86' lang='lat' dir='ltr'><strong>ticet;</strong></span> <span class='ocrx_word' id='word_1_29' title='bbox 642 717 876 772; x_wconf 83' lang='lat' dir='ltr'><strong>actionis</strong></span> <span class='ocrx_word' id='word_1_30' title='bbox 918 730 1050 768; x_wconf 77' lang='lat' dir='ltr'><strong>vero</strong></span> <span class='ocrx_word' id='word_1_31' title='bbox 1091 713 1384 783; x_wconf 80' lang='lat' dir='ltr'><strong>imaginem</strong></span> <span class='ocrx_word' id='word_1_32' title='bbox 1424 728 1535 780; x_wconf 68' lang='lat' dir='ltr'><strong>pra:</strong></span> <span class='ocrx_word' id='word_1_33' title='bbox 1585 727 1644 766; x_wconf 88' lang='lat' dir='ltr'><strong>se</strong></span> <span class='ocrx_word' id='word_1_34' title='bbox 1693 710 1873 766; x_wconf 76' lang='lat' dir='ltr'><strong>ferunt</strong></span> <span class='ocrx_word' id='word_1_35' title='bbox 1905 711 2014 764; x_wconf 84' lang='lat' dir='ltr'><strong>dtm</strong></span> 
     </span>
    </p>
   </div>
   <div class='ocr_carea' id='block_1_8' title="bbox 430 804 2012 882">
    <p class='ocr_par' dir='ltr' id='par_1_8' title="bbox 430 804 2012 882">
     <span class='ocr_line' id='line_1_8' title="bbox 430 804 2012 882; baseline -0.008 -15"><span class='ocrx_word' id='word_1_36' title='bbox 430 824 638 882; x_wconf 84' lang='lat' dir='ltr'><strong>postes,</strong></span> <span class='ocrx_word' id='word_1_37' title='bbox 673 809 767 880; x_wconf 88' lang='lat' dir='ltr'><strong>qui</strong></span> <span class='ocrx_word' id='word_1_38' title='bbox 805 807 1192 862; x_wconf 85' lang='lat' dir='ltr'><strong>rectitudinem</strong></span> <span class='ocrx_word' id='word_1_39' title='bbox 1239 821 1403 859; x_wconf 85' lang='lat' dir='ltr'><strong>casus</strong></span> <span class='ocrx_word' id='word_1_40' title='bbox 1443 805 1688 873; x_wconf 87' lang='lat' dir='ltr'><strong>ignaram</strong></span> <span class='ocrx_word' id='word_1_41' title='bbox 1730 804 1849 873; x_wconf 83' lang='lat' dir='ltr'><strong>ejus</strong></span> <span class='ocrx_word' id='word_1_42' title='bbox 1885 819 2012 872; x_wconf 88' lang='lat' dir='ltr'><strong>par-</strong></span> 
     </span>
    </p>
   </div>
   <div class='ocr_carea' id='block_1_9' title="bbox 431 893 2009 970">
    <p class='ocr_par' dir='ltr' id='par_1_9' title="bbox 431 893 2009 970">
     <span class='ocr_line' id='line_1_9' title="bbox 431 893 2009 970; baseline -0.007 -13"><span class='ocrx_word' id='word_1_43' title='bbox 431 905 499 958; x_wconf 85' lang='lat' dir='ltr'><strong>tis</strong></span> <span class='ocrx_word' id='word_1_44' title='bbox 533 918 650 970; x_wconf 67' lang='lat' dir='ltr'><strong>quae</strong></span> <span class='ocrx_word' id='word_1_45' title='bbox 684 900 868 966; x_wconf 81' lang='lat' dir='ltr'><strong>irasci,</strong></span> <span class='ocrx_word' id='word_1_46' title='bbox 902 911 956 953; x_wconf 91' lang='lat' dir='ltr'><strong>et</strong></span> <span class='ocrx_word' id='word_1_47' title='bbox 987 898 1106 968; x_wconf 79' lang='lat' dir='ltr'><strong>ejus</strong></span> <span class='ocrx_word' id='word_1_48' title='bbox 1138 913 1257 966; x_wconf 80' lang='lat' dir='ltr'><strong>qua:</strong></span> <span class='ocrx_word' id='word_1_49' title='bbox 1283 896 1675 965; x_wconf 81' lang='lat' dir='ltr'><strong>concupiscere</strong></span> <span class='ocrx_word' id='word_1_50' title='bbox 1719 893 1879 957; x_wconf 89' lang='lat' dir='ltr'><strong>solet,</strong></span> <span class='ocrx_word' id='word_1_51' title='bbox 1915 908 2009 964; x_wconf 88' lang='lat' dir='ltr'><strong>per</strong></span> 
     </span>
    </p>
   </div>
   <div class='ocr_carea' id='block_1_10' title="bbox 426 987 2009 1063">
    <p class='ocr_par' dir='ltr' id='par_1_10' title="bbox 426 987 2009 1063">
     <span class='ocr_line' id='line_1_10' title="bbox 426 987 2009 1063; baseline -0.007 -13"><span class='ocrx_word' id='word_1_52' title='bbox 426 998 653 1063; x_wconf 72' lang='lat' dir='ltr'><strong>:enigma</strong></span> <span class='ocrx_word' id='word_1_53' title='bbox 695 995 1001 1054; x_wconf 87' lang='lat' dir='ltr'><strong>insinuant,</strong></span> <span class='ocrx_word' id='word_1_54' title='bbox 1061 991 1151 1059; x_wconf 85' lang='lat' dir='ltr'><strong>qui</strong></span> <span class='ocrx_word' id='word_1_55' title='bbox 1205 998 1261 1044; x_wconf 88' lang='lat' dir='ltr'><strong>et</strong></span> <span class='ocrx_word' id='word_1_56' title='bbox 1322 988 1578 1056; x_wconf 87' lang='lat' dir='ltr'><strong>utrinque</strong></span> <span class='ocrx_word' id='word_1_57' title='bbox 1633 987 2009 1053; x_wconf 90' lang='lat' dir='ltr'><strong>inunguntur;</strong></span> 
     </span>
    </p>
   </div>
   <div class='ocr_carea' id='block_1_11' title="bbox 427 1077 2014 1159">
    <p class='ocr_par' dir='ltr' id='par_1_11' title="bbox 427 1077 2014 1159">
     <span class='ocr_line' id='line_1_11' title="bbox 427 1077 2014 1159; baseline -0.003 -21"><span class='ocrx_word' id='word_1_58' title='bbox 427 1100 715 1159; x_wconf 78' lang='lat' dir='ltr'><strong>postquam</strong></span> <span class='ocrx_word' id='word_1_59' title='bbox 759 1086 903 1141; x_wconf 85' lang='lat' dir='ltr'><strong>cnim</strong></span> <span class='ocrx_word' id='word_1_60' title='bbox 937 1086 992 1139; x_wconf 90' lang='lat' dir='ltr'><strong>in</strong></span> <span class='ocrx_word' id='word_1_61' title='bbox 1023 1099 1190 1136; x_wconf 91' lang='lat' dir='ltr'><strong>unum</strong></span> <span class='ocrx_word' id='word_1_62' title='bbox 1238 1097 1368 1136; x_wconf 86' lang='lat' dir='ltr'><strong>vere</strong></span> <span class='ocrx_word' id='word_1_63' title='bbox 1411 1083 1636 1150; x_wconf 86' lang='lat' dir='ltr'><strong>sanguis</strong></span> <span class='ocrx_word' id='word_1_64' title='bbox 1670 1092 1727 1134; x_wconf 90' lang='lat' dir='ltr'><strong>et</strong></span> <span class='ocrx_word' id='word_1_65' title='bbox 1771 1077 2014 1149; x_wconf 82' lang='lat' dir='ltr'><strong>Spiritus</strong></span> 
     </span>
    </p>
   </div>
   <div class='ocr_carea' id='block_1_12' title="bbox 427 1172 2008 1247">
    <p class='ocr_par' dir='ltr' id='par_1_12' title="bbox 427 1172 2008 1247">
     <span class='ocr_line' id='line_1_12' title="bbox 427 1172 2008 1247; baseline -0.006 -12"><span class='ocrx_word' id='word_1_66' title='bbox 427 1191 828 1244; x_wconf 66' lang='lat' dir='ltr'><strong>convenerunt,</strong></span> <span class='ocrx_word' id='word_1_67' title='bbox 863 1178 1167 1247; x_wconf 80' lang='lat' dir='ltr'><strong>accipimus</strong></span> <span class='ocrx_word' id='word_1_68' title='bbox 1201 1190 1298 1228; x_wconf 91' lang='lat' dir='ltr'><strong>nos</strong></span> <span class='ocrx_word' id='word_1_69' title='bbox 1349 1189 1445 1243; x_wconf 86' lang='lat' dir='ltr'><strong>per</strong></span> <span class='ocrx_word' id='word_1_70' title='bbox 1472 1172 1800 1244; x_wconf 77' lang='lat' dir='ltr'><strong>sanguinem</strong></span> <span class='ocrx_word' id='word_1_71' title='bbox 1835 1174 2008 1226; x_wconf 87' lang='lat' dir='ltr'><strong>nostri</strong></span> 
     </span>
    </p>
   </div>
   <div class='ocr_carea' id='block_1_13' title="bbox 426 1264 2010 1342">
    <p class='ocr_par' dir='ltr' id='par_1_13' title="bbox 426 1264 2010 1342">
     <span class='ocr_line' id='line_1_13' title="bbox 426 1264 2010 1342; baseline -0.006 -15"><span class='ocrx_word' id='word_1_72' title='bbox 426 1275 646 1342; x_wconf 81' lang='lat' dir='ltr'><strong>generis</strong></span> <span class='ocrx_word' id='word_1_73' title='bbox 677 1288 800 1325; x_wconf 87' lang='lat' dir='ltr'><strong>cum</strong></span> <span class='ocrx_word' id='word_1_74' title='bbox 845 1270 936 1336; x_wconf 83' lang='lat' dir='ltr'><strong>qui</strong></span> <span class='ocrx_word' id='word_1_75' title='bbox 979 1284 1138 1337; x_wconf 86' lang='lat' dir='ltr'><strong>supra</strong></span> <span class='ocrx_word' id='word_1_76' title='bbox 1189 1282 1290 1320; x_wconf 91' lang='lat' dir='ltr'><strong>nos</strong></span> <span class='ocrx_word' id='word_1_77' title='bbox 1318 1275 1422 1328; x_wconf 86' lang='lat' dir='ltr'><strong>est,</strong></span> <span class='ocrx_word' id='word_1_78' title='bbox 1455 1264 1744 1334; x_wconf 77' lang='lat' dir='ltr'><strong>Spiritum,</strong></span> <span class='ocrx_word' id='word_1_79' title='bbox 1779 1272 1834 1319; x_wconf 89' lang='lat' dir='ltr'><strong>et</strong></span> <span class='ocrx_word' id='word_1_80' title='bbox 1884 1264 2010 1318; x_wconf 87' lang='lat' dir='ltr'><strong>inde</strong></span> 
     </span>
    </p>
   </div>
   <div class='ocr_carea' id='block_1_14' title="bbox 427 1356 2008 1433">
    <p class='ocr_par' dir='ltr' id='par_1_14' title="bbox 427 1356 2008 1433">
     <span class='ocr_line' id='line_1_14' title="bbox 427 1356 2008 1433; baseline -0.006 -12"><span class='ocrx_word' id='word_1_81' title='bbox 427 1375 660 1421; x_wconf 75' lang='lat' dir='ltr'><strong>nun-tem</strong></span> <span class='ocrx_word' id='word_1_82' title='bbox 720 1363 1028 1433; x_wconf 84' lang='lat' dir='ltr'><strong>mortisque</strong></span> <span class='ocrx_word' id='word_1_83' title='bbox 1065 1377 1290 1415; x_wconf 81' lang='lat' dir='ltr'><strong>causam</strong></span> <span class='ocrx_word' id='word_1_84' title='bbox 1340 1369 1620 1429; x_wconf 64' lang='lat' dir='ltr'><strong>peccatum</strong></span> <span class='ocrx_word' id='word_1_85' title='bbox 1677 1356 2008 1428; x_wconf 68' lang='lat' dir='ltr'><strong>eﬂ‘ugimus;</strong></span> 
     </span>
    </p>
   </div>
   <div class='ocr_carea' id='block_1_15' title="bbox 425 1450 2006 1523">
    <p class='ocr_par' dir='ltr' id='par_1_15' title="bbox 425 1450 2006 1523">
     <span class='ocr_line' id='line_1_15' title="bbox 425 1450 2006 1523; baseline -0.004 -14"><span class='ocrx_word' id='word_1_86' title='bbox 425 1473 549 1509; x_wconf 85' lang='lat' dir='ltr'><strong>nam</strong></span> <span class='ocrx_word' id='word_1_87' title='bbox 583 1458 804 1523; x_wconf 86' lang='lat' dir='ltr'><strong>quando</strong></span> <span class='ocrx_word' id='word_1_88' title='bbox 835 1469 1011 1522; x_wconf 80' lang='lat' dir='ltr'><strong>neque</strong></span> <span class='ocrx_word' id='word_1_89' title='bbox 1047 1469 1142 1523; x_wconf 88' lang='lat' dir='ltr'><strong>per</strong></span> <span class='ocrx_word' id='word_1_90' title='bbox 1174 1452 1406 1506; x_wconf 85' lang='lat' dir='ltr'><strong>rationis</strong></span> <span class='ocrx_word' id='word_1_91' title='bbox 1434 1459 1691 1516; x_wconf 80' lang='lat' dir='ltr'><strong>expertes</strong></span> <span class='ocrx_word' id='word_1_92' title='bbox 1731 1450 2006 1519; x_wconf 88' lang='lat' dir='ltr'><strong>cupidita-</strong></span> 
     </span>
    </p>
   </div>
   <div class='ocr_carea' id='block_1_16' title="bbox 2127 614 3682 686">
    <p class='ocr_par' dir='ltr' id='par_1_16' title="bbox 2127 614 3682 686">
     <span class='ocr_line' id='line_1_16' title="bbox 2127 614 3682 686; baseline 0.002 -18"><span class='ocrx_word' id='word_1_93' title='bbox 2127 615 2364 685; x_wconf 72' lang='grc' dir='ltr'>σταθμοὶ</span> <span class='ocrx_word' id='word_1_94' title='bbox 2389 614 2482 668; x_wconf 86' lang='grc' dir='ltr'><strong>τοῦ</strong></span> <span class='ocrx_word' id='word_1_95' title='bbox 2513 614 2747 684; x_wconf 84' lang='grc' dir='ltr'>θυμικοῦ</span> <span class='ocrx_word' id='word_1_96' title='bbox 2777 632 2836 667; x_wconf 87' lang='grc' dir='ltr'>τε</span> <span class='ocrx_word' id='word_1_97' title='bbox 2871 617 2962 668; x_wconf 68' lang='grc' dir='ltr'>καὶ</span> <span class='ocrx_word' id='word_1_98' title='bbox 2995 616 3400 686; x_wconf 74' lang='grc' dir='ltr'><strong>ἐπιθυμητικοῦ</strong></span> <span class='ocrx_word' id='word_1_99' title='bbox 3423 616 3483 670; x_wconf 83' lang='grc' dir='ltr'><strong>τὸ</strong></span> <span class='ocrx_word' id='word_1_100' title='bbox 3508 618 3682 672; x_wconf 59' lang='grc' dir='ltr'>ἄπταιν</span> 
     </span>
    </p>
   </div>
   <div class='ocr_carea' id='block_1_17' title="bbox 2127 707 3681 778">
    <p class='ocr_par' dir='ltr' id='par_1_17' title="bbox 2127 707 3681 778">
     <span class='ocr_line' id='line_1_17' title="bbox 2127 707 3681 778; baseline 0.003 -19"><span class='ocrx_word' id='word_1_101' title='bbox 2127 723 2251 759; x_wconf 91' lang='grc' dir='ltr'>στον</span> <span class='ocrx_word' id='word_1_102' title='bbox 2287 707 2673 775; x_wconf 76' lang='grc' dir='ltr'>αἰνιττόμενοι,</span> <span class='ocrx_word' id='word_1_103' title='bbox 2715 707 2809 758; x_wconf 75' lang='grc' dir='ltr'>καὶ</span> <span class='ocrx_word' id='word_1_104' title='bbox 2837 708 3117 778; x_wconf 82' lang='grc' dir='ltr'>χριόμενοι</span> <span class='ocrx_word' id='word_1_105' title='bbox 3151 708 3519 778; x_wconf 77' lang='grc' dir='ltr'>ἑκατέρωθεν,</span> <span class='ocrx_word' id='word_1_106' title='bbox 3557 711 3681 763; x_wconf 76' lang='grc' dir='ltr'>ἐπει-</span> 
     </span>
    </p>
   </div>
   <div class='ocr_carea' id='block_1_18' title="bbox 2121 795 3700 871">
    <p class='ocr_par' dir='ltr' id='par_1_18' title="bbox 2121 795 3700 871">
     <span class='ocr_line' id='line_1_18' title="bbox 2121 795 3700 871; baseline 0.003 -21"><span class='ocrx_word' id='word_1_107' title='bbox 2121 800 2300 870; x_wconf 84' lang='grc' dir='ltr'><strong>δήπερ</strong></span> <span class='ocrx_word' id='word_1_108' title='bbox 2331 801 2409 862; x_wconf 84' lang='grc' dir='ltr'>είς</span> <span class='ocrx_word' id='word_1_109' title='bbox 2440 799 2499 852; x_wconf 81' lang='grc' dir='ltr'>ἓν</span> <span class='ocrx_word' id='word_1_110' title='bbox 2537 795 2700 870; x_wconf 82' lang='grc' dir='ltr'>ἦλθεν</span> <span class='ocrx_word' id='word_1_111' title='bbox 2737 799 2955 866; x_wconf 77' lang='grc' dir='ltr'>ἀληθῶς</span> <span class='ocrx_word' id='word_1_112' title='bbox 2987 799 3052 853; x_wconf 82' lang='grc' dir='ltr'><strong>τὸ</strong></span> <span class='ocrx_word' id='word_1_113' title='bbox 3097 795 3238 871; x_wconf 80' lang='grc' dir='ltr'>αἷμα</span> <span class='ocrx_word' id='word_1_114' title='bbox 3263 802 3357 855; x_wconf 77' lang='grc' dir='ltr'>καὶ</span> <span class='ocrx_word' id='word_1_115' title='bbox 3378 802 3439 854; x_wconf 73' lang='grc' dir='ltr'>τὺ</span> <span class='ocrx_word' id='word_1_116' title='bbox 3481 803 3700 870; x_wconf 82' lang='grc' dir='ltr'>Πνεῦμα</span> 
     </span>
    </p>
   </div>
   <div class='ocr_carea' id='block_1_19' title="bbox 2119 891 3699 964">
    <p class='ocr_par' dir='ltr' id='par_1_19' title="bbox 2119 891 3699 964">
     <span class='ocr_line' id='line_1_19' title="bbox 2119 891 3699 964; baseline 0 -18"><span class='ocrx_word' id='word_1_117' title='bbox 2119 891 2208 946; x_wconf 72' lang='grc' dir='ltr'>διὰ</span> <span class='ocrx_word' id='word_1_118' title='bbox 2240 892 2337 947; x_wconf 89' lang='grc' dir='ltr'><strong>τοῦ</strong></span> <span class='ocrx_word' id='word_1_119' title='bbox 2357 893 2657 962; x_wconf 83' lang='grc' dir='ltr'><strong>ὁμογενοῦς</strong></span> <span class='ocrx_word' id='word_1_120' title='bbox 2678 894 2812 962; x_wconf 78' lang='grc' dir='ltr'>ἡμῖν</span> <span class='ocrx_word' id='word_1_121' title='bbox 2838 893 3093 963; x_wconf 73' lang='grc' dir='ltr'>αἵματος,</span> <span class='ocrx_word' id='word_1_122' title='bbox 3129 894 3187 947; x_wconf 72' lang='grc' dir='ltr'>τὸ</span> <span class='ocrx_word' id='word_1_123' title='bbox 3215 894 3358 964; x_wconf 83' lang='grc' dir='ltr'>ὑπὲρ</span> <span class='ocrx_word' id='word_1_124' title='bbox 3382 895 3530 964; x_wconf 71' lang='grc' dir='ltr'>ἡμᾶς</span> <span class='ocrx_word' id='word_1_125' title='bbox 3562 893 3699 962; x_wconf 79' lang='grc' dir='ltr'>λαμ-</span> 
     </span>
    </p>
   </div>
   <div class='ocr_carea' id='block_1_20' title="bbox 2117 984 3701 1058">
    <p class='ocr_par' dir='ltr' id='par_1_20' title="bbox 2117 984 3701 1058">
     <span class='ocr_line' id='line_1_20' title="bbox 2117 984 3701 1058; baseline 0.002 -20"><span class='ocrx_word' id='word_1_126' title='bbox 2117 986 2353 1054; x_wconf 79' lang='grc' dir='ltr'>ϐάνομεν</span> <span class='ocrx_word' id='word_1_127' title='bbox 2380 984 2629 1054; x_wconf 88' lang='grc' dir='ltr'>Πνεῦμα.</span> <span class='ocrx_word' id='word_1_128' title='bbox 2669 985 2985 1040; x_wconf 82' lang='grc' dir='ltr'>Κάντεῦθεν</span> <span class='ocrx_word' id='word_1_129' title='bbox 3018 985 3250 1038; x_wconf 84' lang='grc' dir='ltr'>θάνατόν</span> <span class='ocrx_word' id='word_1_130' title='bbox 3275 1003 3334 1039; x_wconf 91' lang='grc' dir='ltr'>τε</span> <span class='ocrx_word' id='word_1_131' title='bbox 3367 991 3462 1040; x_wconf 68' lang='grc' dir='ltr'><strong>καὶ</strong></span> <span class='ocrx_word' id='word_1_132' title='bbox 3482 988 3582 1058; x_wconf 86' lang='grc' dir='ltr'><strong>τὴν</strong></span> <span class='ocrx_word' id='word_1_133' title='bbox 3610 988 3701 1041; x_wconf 87' lang='grc' dir='ltr'>θα-</span> 
     </span>
    </p>
   </div>
   <div class='ocr_carea' id='block_1_21' title="bbox 2115 1079 3702 1152">
    <p class='ocr_par' dir='ltr' id='par_1_21' title="bbox 2115 1079 3702 1152">
     <span class='ocr_line' id='line_1_21' title="bbox 2115 1079 3702 1152; baseline 0.002 -20"><span class='ocrx_word' id='word_1_134' title='bbox 2115 1079 2277 1132; x_wconf 80' lang='grc' dir='ltr'>νάτου</span> <span class='ocrx_word' id='word_1_135' title='bbox 2311 1079 2572 1149; x_wconf 83' lang='grc' dir='ltr'>πρόξενον</span> <span class='ocrx_word' id='word_1_136' title='bbox 2602 1079 2879 1151; x_wconf 79' lang='grc' dir='ltr'><strong>ἁμαρτίαν</strong></span> <span class='ocrx_word' id='word_1_137' title='bbox 2915 1079 3392 1151; x_wconf 82' lang='grc' dir='ltr'>διαδιδράσκομεν.</span> <span class='ocrx_word' id='word_1_138' title='bbox 3431 1081 3562 1135; x_wconf 84' lang='grc' dir='ltr'>Ὅτε</span> <span class='ocrx_word' id='word_1_139' title='bbox 3595 1083 3702 1152; x_wconf 82' lang='grc' dir='ltr'><strong>γὰρ</strong></span> 
     </span>
    </p>
   </div>
   <div class='ocr_carea' id='block_1_22' title="bbox 2118 1170 3706 1243">
    <p class='ocr_par' dir='ltr' id='par_1_22' title="bbox 2118 1170 3706 1243">
     <span class='ocr_line' id='line_1_22' title="bbox 2118 1170 3706 1243; baseline 0.002 -20"><span class='ocrx_word' id='word_1_140' title='bbox 2118 1171 2258 1241; x_wconf 84' lang='grc' dir='ltr'>μηδὲ</span> <span class='ocrx_word' id='word_1_141' title='bbox 2281 1170 2371 1225; x_wconf 81' lang='grc' dir='ltr'><strong>διὰ</strong></span> <span class='ocrx_word' id='word_1_142' title='bbox 2393 1171 2503 1224; x_wconf 89' lang='grc' dir='ltr'><strong>τῶν</strong></span> <span class='ocrx_word' id='word_1_143' title='bbox 2532 1172 2749 1239; x_wconf 83' lang='grc' dir='ltr'><strong>ἀλόγων</strong></span> <span class='ocrx_word' id='word_1_144' title='bbox 2783 1171 3000 1238; x_wconf 89' lang='grc' dir='ltr'>παθῶν,</span> <span class='ocrx_word' id='word_1_145' title='bbox 3036 1173 3174 1242; x_wconf 59' lang='grc' dir='ltr'>μηδὲ</span> <span class='ocrx_word' id='word_1_146' title='bbox 3197 1172 3286 1226; x_wconf 77' lang='grc' dir='ltr'><strong>διὰ</strong></span> <span class='ocrx_word' id='word_1_147' title='bbox 3314 1173 3424 1227; x_wconf 91' lang='grc' dir='ltr'><strong>τῶν</strong></span> <span class='ocrx_word' id='word_1_148' title='bbox 3455 1176 3706 1243; x_wconf 54' lang='grc' dir='ltr'>ἀφρόνων</span> 
     </span>
    </p>
   </div>
   <div class='ocr_carea' id='block_1_23' title="bbox 2115 1261 3707 1336">
    <p class='ocr_par' dir='ltr' id='par_1_23' title="bbox 2115 1261 3707 1336">
     <span class='ocr_line' id='line_1_23' title="bbox 2115 1261 3707 1336; baseline 0.004 -22"><span class='ocrx_word' id='word_1_149' title='bbox 2115 1261 2397 1333; x_wconf 84' lang='grc' dir='ltr'>λογισμῶν</span> <span class='ocrx_word' id='word_1_150' title='bbox 2435 1263 2730 1336; x_wconf 74' lang='grc' dir='ltr'><strong>ἐπεισέλθῃ</strong></span> <span class='ocrx_word' id='word_1_151' title='bbox 2765 1266 2824 1317; x_wconf 84' lang='grc' dir='ltr'>ὲν</span> <span class='ocrx_word' id='word_1_152' title='bbox 2873 1265 3006 1335; x_wconf 81' lang='grc' dir='ltr'>ἡμῖν</span> <span class='ocrx_word' id='word_1_153' title='bbox 3034 1265 3097 1318; x_wconf 87' lang='grc' dir='ltr'><strong>τδ</strong></span> <span class='ocrx_word' id='word_1_154' title='bbox 3136 1265 3368 1336; x_wconf 79' lang='grc' dir='ltr'><strong>κέντρον</strong></span> <span class='ocrx_word' id='word_1_155' title='bbox 3417 1265 3513 1319; x_wconf 85' lang='grc' dir='ltr'><strong>τοῦ</strong></span> <span class='ocrx_word' id='word_1_156' title='bbox 3544 1267 3707 1321; x_wconf 82' lang='grc' dir='ltr'>θανά-</span> 
     </span>
    </p>
   </div>
   <div class='ocr_carea' id='block_1_24' title="bbox 2117 1355 3706 1430">
    <p class='ocr_par' dir='ltr' id='par_1_24' title="bbox 2117 1355 3706 1430">
     <span class='ocr_line' id='line_1_24' title="bbox 2117 1355 3706 1430; baseline 0.004 -23"><span class='ocrx_word' id='word_1_157' title='bbox 2117 1372 2238 1418; x_wconf 88' lang='grc' dir='ltr'>του,</span> <span class='ocrx_word' id='word_1_158' title='bbox 2282 1357 2316 1426; x_wconf 79' lang='grc' dir='ltr'>ἡ</span> <span class='ocrx_word' id='word_1_159' title='bbox 2361 1355 2632 1426; x_wconf 79' lang='grc' dir='ltr'>ἁμαρτία,</span> <span class='ocrx_word' id='word_1_160' title='bbox 2661 1357 2786 1410; x_wconf 86' lang='grc' dir='ltr'>τότε</span> <span class='ocrx_word' id='word_1_161' title='bbox 2813 1356 3098 1427; x_wconf 73' lang='grc' dir='ltr'><strong>παρῆλθεν</strong></span> <span class='ocrx_word' id='word_1_162' title='bbox 3139 1359 3288 1428; x_wconf 79' lang='grc' dir='ltr'>ἡμᾶς</span> <span class='ocrx_word' id='word_1_163' title='bbox 3315 1360 3345 1413; x_wconf 84' lang='grc' dir='ltr'><strong>ὁ</strong></span> <span class='ocrx_word' id='word_1_164' title='bbox 3376 1358 3706 1430; x_wconf 83' lang='grc' dir='ltr'>ὀλοθρεύων,</span> 
     </span>
    </p>
   </div>
   <div class='ocr_carea' id='block_1_25' title="bbox 2112 1449 3630 1522">
    <p class='ocr_par' dir='ltr' id='par_1_25' title="bbox 2112 1449 3630 1522">
     <span class='ocr_line' id='line_1_25' title="bbox 2112 1449 3630 1522; baseline 0.003 -18"><span class='ocrx_word' id='word_1_165' title='bbox 2112 1450 2209 1504; x_wconf 76' lang='grc' dir='ltr'>καὶ</span> <span class='ocrx_word' id='word_1_166' title='bbox 2233 1451 2260 1503; x_wconf 83' lang='grc' dir='ltr'>ὁ</span> <span class='ocrx_word' id='word_1_167' title='bbox 2285 1449 2781 1505; x_wconf 81' lang='grc' dir='ltr'>καταδυναστεὺων</span> <span class='ocrx_word' id='word_1_168' title='bbox 2813 1451 2974 1522; x_wconf 78' lang='grc' dir='ltr'>ἡμῶν</span> <span class='ocrx_word' id='word_1_169' title='bbox 2998 1451 3337 1521; x_wconf 84' lang='grc' dir='ltr'>διαπέφευγε</span> <span class='ocrx_word' id='word_1_170' title='bbox 3373 1451 3630 1516; x_wconf 82' lang='grc' dir='ltr'>θάνατος.</span> 
     </span>
    </p>
   </div>
   <div class='ocr_carea' id='block_1_26' title="bbox 427 1539 3488 1614">
    <p class='ocr_par' dir='ltr' id='par_1_26' title="bbox 427 1539 3488 1614">
     <span class='ocr_line' id='line_1_26' title="bbox 427 1539 3488 1614; baseline -0.001 -13"><span class='ocrx_word' id='word_1_171' title='bbox 427 1562 530 1610; x_wconf 77' lang='lat' dir='ltr'><strong>tes,</strong></span> <span class='ocrx_word' id='word_1_172' title='bbox 563 1560 738 1613; x_wconf 88' lang='lat' dir='ltr'><strong>neque</strong></span> <span class='ocrx_word' id='word_1_173' title='bbox 769 1560 865 1614; x_wconf 88' lang='lat' dir='ltr'><strong>per</strong></span> <span class='ocrx_word' id='word_1_174' title='bbox 924 1543 1123 1598; x_wconf 87' lang='lat' dir='ltr'><strong>stultas</strong></span> <span class='ocrx_word' id='word_1_175' title='bbox 1167 1551 1223 1598; x_wconf 88' lang='lat' dir='ltr'><strong>et</strong></span> <span class='ocrx_word' id='word_1_176' title='bbox 1266 1542 1588 1610; x_wconf 83' lang='lat' dir='ltr'><strong>insipientes</strong></span> <span class='ocrx_word' id='word_1_177' title='bbox 1640 1540 2004 1608; x_wconf 77' lang='lat' dir='ltr'><strong>cogitationes</strong></span> <span class='ocrx_word' id='word_1_178' title='bbox 2044 1539 2328 1596; x_wconf 82' lang='lat' dir='ltr'><strong>stimulum</strong></span> <span class='ocrx_word' id='word_1_179' title='bbox 2376 1541 2568 1596; x_wconf 84' lang='lat' dir='ltr'><strong>mortis</strong></span> <span class='ocrx_word' id='word_1_180' title='bbox 2627 1552 2912 1611; x_wconf 87' lang='lat' dir='ltr'><strong>peccatum</strong></span> <span class='ocrx_word' id='word_1_181' title='bbox 2975 1542 3136 1598; x_wconf 86' lang='lat' dir='ltr'><strong>nobis</strong></span> <span class='ocrx_word' id='word_1_182' title='bbox 3225 1543 3488 1611; x_wconf 76' lang='lat' dir='ltr'><strong>infixerit,</strong></span> 
     </span>
    </p>
   </div>
   <div class='ocr_carea' id='block_1_27' title="bbox 3578 1556 3708 1602">
    <p class='ocr_par' dir='ltr' id='par_1_27' title="bbox 3578 1556 3708 1602">
     <span class='ocr_line' id='line_1_27' title="bbox 3578 1556 3708 1602; baseline 0.008 -1"><span class='ocrx_word' id='word_1_183' title='bbox 3578 1556 3708 1602; x_wconf 88' lang='lat' dir='ltr'><strong>tunc</strong></span> 
     </span>
    </p>
   </div>
   <div class='ocr_carea' id='block_1_28' title="bbox 426 1633 3031 1714">
    <p class='ocr_par' dir='ltr' id='par_1_28' title="bbox 426 1633 3031 1714">
     <span class='ocr_line' id='line_1_28' title="bbox 426 1633 3031 1714; baseline -0.001 -20"><span class='ocrx_word' id='word_1_184' title='bbox 426 1643 670 1714; x_wconf 64' lang='lat' dir='ltr'><strong>praeterit</strong></span> <span class='ocrx_word' id='word_1_185' title='bbox 701 1655 834 1705; x_wconf 79' lang='lat' dir='ltr'><strong>nos,</strong></span> <span class='ocrx_word' id='word_1_186' title='bbox 854 1637 1274 1699; x_wconf 80' lang='lat' dir='ltr'><strong>exterminatur,</strong></span> <span class='ocrx_word' id='word_1_187' title='bbox 1305 1647 1358 1690; x_wconf 90' lang='lat' dir='ltr'><strong>et</strong></span> <span class='ocrx_word' id='word_1_188' title='bbox 1412 1651 1581 1698; x_wconf 84' lang='lat' dir='ltr'><strong>mors.</strong></span> <span class='ocrx_word' id='word_1_189' title='bbox 1618 1649 1740 1704; x_wconf 64' lang='lat' dir='ltr'><strong>quae</strong></span> <span class='ocrx_word' id='word_1_190' title='bbox 1787 1650 1884 1688; x_wconf 87' lang='lat' dir='ltr'><strong>sua</strong></span> <span class='ocrx_word' id='word_1_191' title='bbox 1917 1633 2298 1690; x_wconf 84' lang='lat' dir='ltr'><strong>dominatione</strong></span> <span class='ocrx_word' id='word_1_192' title='bbox 2332 1648 2430 1688; x_wconf 90' lang='lat' dir='ltr'><strong>nos</strong></span> <span class='ocrx_word' id='word_1_193' title='bbox 2463 1636 2764 1703; x_wconf 85' lang='lat' dir='ltr'><strong>premebat.</strong></span> <span class='ocrx_word' id='word_1_194' title='bbox 2804 1636 3031 1692; x_wconf 81' lang='lat' dir='ltr'><strong>recedit.</strong></span> 
     </span>
    </p>
   </div>
   <div class='ocr_carea' id='block_1_29' title="bbox 502 1726 2011 1796">
    <p class='ocr_par' dir='ltr' id='par_1_29' title="bbox 502 1726 2011 1796">
     <span class='ocr_line' id='line_1_29' title="bbox 502 1726 2011 1796; baseline -0.006 -8"><span class='ocrx_word' id='word_1_195' title='bbox 502 1737 626 1789; x_wconf 81' lang='lat' dir='ltr'><strong>Post</strong></span> <span class='ocrx_word' id='word_1_196' title='bbox 649 1733 965 1787; x_wconf 78' lang='lat' dir='ltr'><strong>unctionem</strong></span> <span class='ocrx_word' id='word_1_197' title='bbox 999 1729 1184 1782; x_wconf 87' lang='lat' dir='ltr'><strong>statim</strong></span> <span class='ocrx_word' id='word_1_198' title='bbox 1211 1728 1464 1796; x_wconf 77' lang='lat' dir='ltr'><strong>sequitur</strong></span> <span class='ocrx_word' id='word_1_199' title='bbox 1491 1726 1868 1793; x_wconf 85' lang='lat' dir='ltr'><strong>manducatio;</strong></span> <span class='ocrx_word' id='word_1_200' title='bbox 1888 1741 2011 1795; x_wconf 65' lang='lat' dir='ltr'><strong>quae</strong></span> 
     </span>
    </p>
   </div>
   <div class='ocr_carea' id='block_1_30' title="bbox 425 1819 2010 1899">
    <p class='ocr_par' dir='ltr' id='par_1_30' title="bbox 425 1819 2010 1899">
     <span class='ocr_line' id='line_1_30' title="bbox 425 1819 2010 1899; baseline -0.007 -15"><span class='ocrx_word' id='word_1_201' title='bbox 425 1841 481 1884; x_wconf 87' lang='lat' dir='ltr'><strong>et</strong></span> <span class='ocrx_word' id='word_1_202' title='bbox 507 1833 622 1899; x_wconf 76' lang='lat' dir='ltr'><strong>ipsa</strong></span> <span class='ocrx_word' id='word_1_203' title='bbox 653 1825 996 1879; x_wconf 70' lang='lat' dir='ltr'><strong>documentis</strong></span> <span class='ocrx_word' id='word_1_204' title='bbox 1031 1839 1138 1877; x_wconf 86' lang='lat' dir='ltr'><strong>non</strong></span> <span class='ocrx_word' id='word_1_205' title='bbox 1183 1831 1358 1881; x_wconf 79' lang='lat' dir='ltr'><strong>vacat,</strong></span> <span class='ocrx_word' id='word_1_206' title='bbox 1395 1835 1568 1888; x_wconf 72' lang='lat' dir='ltr'><strong>neque</strong></span> <span class='ocrx_word' id='word_1_207' title='bbox 1593 1819 1721 1873; x_wconf 81' lang='lat' dir='ltr'><strong>sine</strong></span> <span class='ocrx_word' id='word_1_208' title='bbox 1755 1833 2010 1874; x_wconf 73' lang='lat' dir='ltr'><strong>accurata</strong></span> 
     </span>
    </p>
   </div>
   <div class='ocr_carea' id='block_1_31' title="bbox 2192 1726 3712 1808">
    <p class='ocr_par' dir='ltr' id='par_1_31' title="bbox 2192 1726 3712 1808">
     <span class='ocr_line' id='line_1_31' title="bbox 2192 1726 3712 1808; baseline 0.007 -28"><span class='ocrx_word' id='word_1_209' title='bbox 2192 1727 2349 1780; x_wconf 76' lang='grc' dir='ltr'>Μετὰ</span> <span class='ocrx_word' id='word_1_210' title='bbox 2377 1726 2433 1778; x_wconf 87' lang='grc' dir='ltr'>δὲ</span> <span class='ocrx_word' id='word_1_211' title='bbox 2461 1731 2561 1796; x_wconf 79' lang='grc' dir='ltr'>τὴν</span> <span class='ocrx_word' id='word_1_212' title='bbox 2589 1727 2770 1796; x_wconf 82' lang='grc' dir='ltr'>χρίσιν</span> <span class='ocrx_word' id='word_1_213' title='bbox 2805 1730 2837 1797; x_wconf 79' lang='grc' dir='ltr'>ἡ</span> <span class='ocrx_word' id='word_1_214' title='bbox 2885 1728 3090 1798; x_wconf 85' lang='grc' dir='ltr'>βρῶσις</span> <span class='ocrx_word' id='word_1_215' title='bbox 3111 1729 3294 1798; x_wconf 76' lang='grc' dir='ltr'>εὐθὺς,</span> <span class='ocrx_word' id='word_1_216' title='bbox 3329 1733 3424 1785; x_wconf 73' lang='grc' dir='ltr'>καὶ</span> <span class='ocrx_word' id='word_1_217' title='bbox 3442 1733 3552 1788; x_wconf 82' lang='grc' dir='ltr'>οὐδ’</span> <span class='ocrx_word' id='word_1_218' title='bbox 3569 1735 3712 1808; x_wconf 82' lang='grc' dir='ltr'><strong>αὑτὴ</strong></span> 
     </span>
    </p>
   </div>
   <div class='ocr_carea' id='block_1_32' title="bbox 2123 1820 3708 1898">
    <p class='ocr_par' dir='ltr' id='par_1_32' title="bbox 2123 1820 3708 1898">
     <span class='ocr_line' id='line_1_32' title="bbox 2123 1820 3708 1898; baseline 0.007 -26"><span class='ocrx_word' id='word_1_219' title='bbox 2123 1820 2508 1890; x_wconf 78' lang='grc' dir='ltr'><strong>παραγγελίας</strong></span> <span class='ocrx_word' id='word_1_220' title='bbox 2536 1820 2716 1887; x_wconf 76' lang='grc' dir='ltr'>ἐκτὸς,</span> <span class='ocrx_word' id='word_1_221' title='bbox 2745 1822 2868 1876; x_wconf 81' lang='grc' dir='ltr'>οὐδὲ</span> <span class='ocrx_word' id='word_1_222' title='bbox 2900 1824 3224 1893; x_wconf 80' lang='grc' dir='ltr'>νομοθεσίας</span> <span class='ocrx_word' id='word_1_223' title='bbox 3253 1825 3519 1896; x_wconf 73' lang='grc' dir='ltr'>ἁκριόοῦς</span> <span class='ocrx_word' id='word_1_224' title='bbox 3546 1829 3708 1898; x_wconf 78' lang='grc' dir='ltr'>ἀμοι-</span> 
     </span>
    </p>
   </div>
   <div class='ocr_carea' id='block_1_33' title="bbox 426 1912 2019 1999">
    <p class='ocr_par' dir='ltr' id='par_1_33' title="bbox 426 1913 2014 1987">
     <span class='ocr_line' id='line_1_33' title="bbox 426 1913 2014 1987; baseline -0.005 -13"><span class='ocrx_word' id='word_1_225' title='bbox 426 1921 643 1974; x_wconf 86' lang='lat' dir='ltr'><strong>ratione</strong></span> <span class='ocrx_word' id='word_1_226' title='bbox 677 1916 1000 1987; x_wconf 67' lang='lat' dir='ltr'><strong>pra‘scripta</strong></span> <span class='ocrx_word' id='word_1_227' title='bbox 1038 1923 1164 1968; x_wconf 85' lang='lat' dir='ltr'><strong>est:</strong></span> <span class='ocrx_word' id='word_1_228' title='bbox 1205 1914 1312 1968; x_wconf 92' lang='lat' dir='ltr'><strong>imo</strong></span> <span class='ocrx_word' id='word_1_229' title='bbox 1357 1922 1469 1968; x_wconf 89' lang='lat' dir='ltr'><strong>tota</strong></span> <span class='ocrx_word' id='word_1_230' title='bbox 1503 1913 1592 1966; x_wconf 87' lang='lat' dir='ltr'><strong>illa</strong></span> <span class='ocrx_word' id='word_1_231' title='bbox 1633 1914 1925 1981; x_wconf 73' lang='lat' dir='ltr'><strong>przelinitio</strong></span> <span class='ocrx_word' id='word_1_232' title='bbox 1958 1920 2014 1966; x_wconf 90' lang='lat' dir='ltr'><strong>et</strong></span> 
     </span>
    </p>
   </div>
   <div class='ocr_carea' id='block_1_34' title="bbox 2130 1912 3713 1999">
    <p class='ocr_par' dir='ltr' id='par_1_34' title="bbox 2130 1912 3713 1990">
     <span class='ocr_line' id='line_1_34' title="bbox 2130 1912 3713 1990; baseline 0.007 -25"><span class='ocrx_word' id='word_1_233' title='bbox 2130 1929 2241 1983; x_wconf 85' lang='grc' dir='ltr'><strong>ρος,</strong></span> <span class='ocrx_word' id='word_1_234' title='bbox 2273 1912 2412 1968; x_wconf 80' lang='grc' dir='ltr'><strong>ἀλλὰ</strong></span> <span class='ocrx_word' id='word_1_235' title='bbox 2444 1913 2996 1986; x_wconf 87' lang='grc' dir='ltr'>κατεσπουδασμένον</span> <span class='ocrx_word' id='word_1_236' title='bbox 3032 1917 3134 1984; x_wconf 74' lang='grc' dir='ltr'>μὲν</span> <span class='ocrx_word' id='word_1_237' title='bbox 3180 1918 3242 1971; x_wconf 83' lang='grc' dir='ltr'><strong>τὸ</strong></span> <span class='ocrx_word' id='word_1_238' title='bbox 3275 1919 3582 1990; x_wconf 80' lang='grc' dir='ltr'>ἐπίταγμα,</span> <span class='ocrx_word' id='word_1_239' title='bbox 3628 1924 3713 1976; x_wconf 75' lang='grc' dir='ltr'>ὅτι</span> 
     </span>
    </p>
   </div>
   <div class='ocr_carea' id='block_1_35' title="bbox 427 1991 2013 2077">
    <p class='ocr_par' dir='ltr' id='par_1_35' title="bbox 427 1991 2013 2077">
     <span class='ocr_line' id='line_1_35' title="bbox 427 1991 2013 2077; baseline -0.007 -8"><span class='ocrx_word' id='word_1_240' title='bbox 427 2011 749 2069; x_wconf 74' lang='lat' dir='ltr'><strong>Constitutin</strong></span> <span class='ocrx_word' id='word_1_241' title='bbox 781 2008 1086 2063; x_wconf 83' lang='lat' dir='ltr'><strong>mirabilem</strong></span> <span class='ocrx_word' id='word_1_242' title='bbox 1130 1991 1460 2077; x_wconf 74' lang='lat' dir='ltr'><strong>legislatoris</strong></span> <span class='ocrx_word' id='word_1_243' title='bbox 1493 2006 1833 2069; x_wconf 76' lang='lat' dir='ltr'><strong>diligentiam</strong></span> <span class='ocrx_word' id='word_1_244' title='bbox 1871 2020 2013 2072; x_wconf 72' lang='lat' dir='ltr'><strong>prte-</strong></span> 
     </span>
    </p>
   </div>
   <div class='ocr_carea' id='block_1_36' title="bbox 429 2101 2012 2173">
    <p class='ocr_par' dir='ltr' id='par_1_36' title="bbox 429 2101 2012 2173">
     <span class='ocr_line' id='line_1_36' title="bbox 429 2101 2012 2173; baseline -0.005 -11"><span class='ocrx_word' id='word_1_245' title='bbox 429 2110 576 2173; x_wconf 80' lang='lat' dir='ltr'><strong>fert;</strong></span> <span class='ocrx_word' id='word_1_246' title='bbox 610 2107 764 2173; x_wconf 76' lang='lat' dir='ltr'><strong>jubet</strong></span> <span class='ocrx_word' id='word_1_247' title='bbox 807 2105 978 2170; x_wconf 87' lang='lat' dir='ltr'><strong>enim,</strong></span> <span class='ocrx_word' id='word_1_248' title='bbox 1011 2113 1070 2157; x_wconf 93' lang='lat' dir='ltr'><strong>ut</strong></span> <span class='ocrx_word' id='word_1_249' title='bbox 1096 2103 1208 2171; x_wconf 85' lang='lat' dir='ltr'><strong>jam</strong></span> <span class='ocrx_word' id='word_1_250' title='bbox 1255 2102 1397 2157; x_wconf 78' lang='lat' dir='ltr'><strong>facta</strong></span> <span class='ocrx_word' id='word_1_251' title='bbox 1448 2111 1612 2157; x_wconf 86' lang='lat' dir='ltr'><strong>nocte</strong></span> <span class='ocrx_word' id='word_1_252' title='bbox 1669 2101 2012 2168; x_wconf 82' lang='lat' dir='ltr'><strong>instituatur,</strong></span> 
     </span>
    </p>
   </div>
   <div class='ocr_carea' id='block_1_37' title="bbox 428 2195 2012 2265">
    <p class='ocr_par' dir='ltr' id='par_1_37' title="bbox 428 2195 2012 2265">
     <span class='ocr_line' id='line_1_37' title="bbox 428 2195 2012 2265; baseline -0.004 -11"><span class='ocrx_word' id='word_1_253' title='bbox 428 2213 580 2254; x_wconf 75' lang='lat' dir='ltr'><strong>certo</strong></span> <span class='ocrx_word' id='word_1_254' title='bbox 635 2200 796 2254; x_wconf 88' lang='lat' dir='ltr'><strong>modo</strong></span> <span class='ocrx_word' id='word_1_255' title='bbox 833 2210 887 2251; x_wconf 86' lang='lat' dir='ltr'><strong>et</strong></span> <span class='ocrx_word' id='word_1_256' title='bbox 930 2196 1162 2260; x_wconf 83' lang='lat' dir='ltr'><strong>ordine;</strong></span> <span class='ocrx_word' id='word_1_257' title='bbox 1197 2195 1456 2250; x_wconf 89' lang='lat' dir='ltr'><strong>nimirum</strong></span> <span class='ocrx_word' id='word_1_258' title='bbox 1494 2210 1563 2249; x_wconf 93' lang='lat' dir='ltr'><strong>ne</strong></span> <span class='ocrx_word' id='word_1_259' title='bbox 1626 2195 1841 2265; x_wconf 79' lang='lat' dir='ltr'><strong>Agnum</strong></span> <span class='ocrx_word' id='word_1_260' title='bbox 1882 2211 2012 2251; x_wconf 87' lang='lat' dir='ltr'><strong>cru-</strong></span> 
     </span>
    </p>
   </div>
   <div class='ocr_carea' id='block_1_38' title="bbox 428 2285 2008 2356">
    <p class='ocr_par' dir='ltr' id='par_1_38' title="bbox 428 2285 2008 2356">
     <span class='ocr_line' id='line_1_38' title="bbox 428 2285 2008 2356; baseline -0.004 -14"><span class='ocrx_word' id='word_1_261' title='bbox 428 2294 580 2354; x_wconf 86' lang='lat' dir='ltr'><strong>dum,</strong></span> <span class='ocrx_word' id='word_1_262' title='bbox 612 2306 680 2344; x_wconf 91' lang='lat' dir='ltr'><strong>ne</strong></span> <span class='ocrx_word' id='word_1_263' title='bbox 711 2297 928 2343; x_wconf 81' lang='lat' dir='ltr'><strong>coctum</strong></span> <span class='ocrx_word' id='word_1_264' title='bbox 982 2301 1147 2356; x_wconf 86' lang='lat' dir='ltr'><strong>aqua,</strong></span> <span class='ocrx_word' id='word_1_265' title='bbox 1181 2286 1276 2339; x_wconf 88' lang='lat' dir='ltr'><strong>sed</strong></span> <span class='ocrx_word' id='word_1_266' title='bbox 1319 2300 1498 2339; x_wconf 87' lang='lat' dir='ltr'><strong>assum</strong></span> <span class='ocrx_word' id='word_1_267' title='bbox 1546 2285 1692 2355; x_wconf 82' lang='lat' dir='ltr'><strong>igne,</strong></span> <span class='ocrx_word' id='word_1_268' title='bbox 1724 2300 1848 2338; x_wconf 89' lang='lat' dir='ltr'><strong>cum</strong></span> <span class='ocrx_word' id='word_1_269' title='bbox 1881 2299 2008 2356; x_wconf 86' lang='lat' dir='ltr'><strong>azy-</strong></span> 
     </span>
    </p>
   </div>
   <div class='ocr_carea' id='block_1_39' title="bbox 431 2376 2011 2449">
    <p class='ocr_par' dir='ltr' id='par_1_39' title="bbox 431 2376 2011 2449">
     <span class='ocr_line' id='line_1_39' title="bbox 431 2376 2011 2449; baseline -0.004 -12"><span class='ocrx_word' id='word_1_270' title='bbox 431 2385 532 2437; x_wconf 85' lang='lat' dir='ltr'><strong>mis</strong></span> <span class='ocrx_word' id='word_1_271' title='bbox 581 2382 922 2449; x_wconf 82' lang='lat' dir='ltr'><strong>lactucisqne</strong></span> <span class='ocrx_word' id='word_1_272' title='bbox 966 2378 1274 2448; x_wconf 74' lang='lat' dir='ltr'><strong>agresnbus</strong></span> <span class='ocrx_word' id='word_1_273' title='bbox 1327 2377 1641 2432; x_wconf 88' lang='lat' dir='ltr'><strong>comedant.</strong></span> <span class='ocrx_word' id='word_1_274' title='bbox 1702 2376 1818 2430; x_wconf 82' lang='lat' dir='ltr'><strong>Nox</strong></span> <span class='ocrx_word' id='word_1_275' title='bbox 1868 2391 2011 2445; x_wconf 71' lang='lat' dir='ltr'><strong>prae-</strong></span> 
     </span>
    </p>
   </div>
   <div class='ocr_carea' id='block_1_40' title="bbox 428 2470 2012 2540">
    <p class='ocr_par' dir='ltr' id='par_1_40' title="bbox 428 2470 2012 2540">
     <span class='ocr_line' id='line_1_40' title="bbox 428 2470 2012 2540; baseline -0.005 -10"><span class='ocrx_word' id='word_1_276' title='bbox 428 2491 557 2530; x_wconf 88' lang='lat' dir='ltr'><strong>sens</strong></span> <span class='ocrx_word' id='word_1_277' title='bbox 579 2475 838 2529; x_wconf 78' lang='lat' dir='ltr'><strong>saeculum</strong></span> <span class='ocrx_word' id='word_1_278' title='bbox 871 2473 1097 2537; x_wconf 89' lang='lat' dir='ltr'><strong>indicat,</strong></span> <span class='ocrx_word' id='word_1_279' title='bbox 1132 2471 1184 2524; x_wconf 92' lang='lat' dir='ltr'><strong>in</strong></span> <span class='ocrx_word' id='word_1_280' title='bbox 1215 2486 1324 2540; x_wconf 77' lang='lat' dir='ltr'><strong>quo</strong></span> <span class='ocrx_word' id='word_1_281' title='bbox 1349 2485 1412 2524; x_wconf 85' lang='lat' dir='ltr'><strong>ea</strong></span> <span class='ocrx_word' id='word_1_282' title='bbox 1447 2471 1706 2540; x_wconf 81' lang='lat' dir='ltr'><strong>mysteria</strong></span> <span class='ocrx_word' id='word_1_283' title='bbox 1740 2470 1806 2525; x_wconf 91' lang='lat' dir='ltr'><strong>de</strong></span> <span class='ocrx_word' id='word_1_284' title='bbox 1833 2470 2012 2523; x_wconf 89' lang='lat' dir='ltr'><strong>divina</strong></span> 
     </span>
    </p>
   </div>
   <div class='ocr_carea' id='block_1_41' title="bbox 429 2562 2015 2637">
    <p class='ocr_par' dir='ltr' id='par_1_41' title="bbox 429 2562 2015 2637">
     <span class='ocr_line' id='line_1_41' title="bbox 429 2562 2015 2637; baseline -0.004 -15"><span class='ocrx_word' id='word_1_285' title='bbox 429 2567 840 2637; x_wconf 82' lang='lat' dir='ltr'><strong>dispensatione</strong></span> <span class='ocrx_word' id='word_1_286' title='bbox 876 2565 1034 2620; x_wconf 89' lang='lat' dir='ltr'><strong>nobis</strong></span> <span class='ocrx_word' id='word_1_287' title='bbox 1079 2565 1390 2629; x_wconf 87' lang='lat' dir='ltr'><strong>traduntur,</strong></span> <span class='ocrx_word' id='word_1_288' title='bbox 1424 2578 1545 2632; x_wconf 66' lang='lat' dir='ltr'><strong>quae</strong></span> <span class='ocrx_word' id='word_1_289' title='bbox 1575 2572 1835 2632; x_wconf 84' lang='lat' dir='ltr'><strong>perceptu</strong></span> <span class='ocrx_word' id='word_1_290' title='bbox 1880 2562 2015 2616; x_wconf 81' lang='lat' dir='ltr'><strong>faci-</strong></span> 
     </span>
    </p>
   </div>
   <div class='ocr_carea' id='block_1_42' title="bbox 428 2655 2014 2725">
    <p class='ocr_par' dir='ltr' id='par_1_42' title="bbox 428 2655 2014 2725">
     <span class='ocr_line' id='line_1_42' title="bbox 428 2655 2014 2725; baseline -0.004 -10"><span class='ocrx_word' id='word_1_291' title='bbox 428 2663 564 2716; x_wconf 90' lang='lat' dir='ltr'><strong>liora</strong></span> <span class='ocrx_word' id='word_1_292' title='bbox 615 2669 764 2725; x_wconf 88' lang='lat' dir='ltr'><strong>sunt,</strong></span> <span class='ocrx_word' id='word_1_293' title='bbox 788 2668 845 2714; x_wconf 90' lang='lat' dir='ltr'><strong>et</strong></span> <span class='ocrx_word' id='word_1_294' title='bbox 891 2657 956 2711; x_wconf 87' lang='lat' dir='ltr'><strong>ad</strong></span> <span class='ocrx_word' id='word_1_295' title='bbox 987 2673 1206 2712; x_wconf 85' lang='lat' dir='ltr'><strong>carnem</strong></span> <span class='ocrx_word' id='word_1_296' title='bbox 1255 2666 1588 2723; x_wconf 87' lang='lat' dir='ltr'><strong>assuntptam</strong></span> <span class='ocrx_word' id='word_1_297' title='bbox 1620 2659 1915 2724; x_wconf 87' lang='lat' dir='ltr'><strong>pertinent.</strong></span> <span class='ocrx_word' id='word_1_298' title='bbox 1945 2655 2014 2708; x_wconf 79' lang='lat' dir='ltr'><strong>At</strong></span> 
     </span>
    </p>
   </div>
   <div class='ocr_carea' id='block_1_43' title="bbox 428 2746 2012 2823">
    <p class='ocr_par' dir='ltr' id='par_1_43' title="bbox 428 2746 2012 2823">
     <span class='ocr_line' id='line_1_43' title="bbox 428 2746 2012 2823; baseline -0.004 -16"><span class='ocrx_word' id='word_1_299' title='bbox 428 2770 655 2823; x_wconf 83' lang='lat' dir='ltr'><strong>vespera</strong></span> <span class='ocrx_word' id='word_1_300' title='bbox 689 2755 936 2808; x_wconf 77' lang='lat' dir='ltr'><strong>futurum</strong></span> <span class='ocrx_word' id='word_1_301' title='bbox 983 2749 1244 2806; x_wconf 69' lang='lat' dir='ltr'><strong>saeculum</strong></span> <span class='ocrx_word' id='word_1_302' title='bbox 1275 2749 1571 2818; x_wconf 77' lang='lat' dir='ltr'><strong>significat,</strong></span> <span class='ocrx_word' id='word_1_303' title='bbox 1604 2748 1657 2803; x_wconf 91' lang='lat' dir='ltr'><strong>in</strong></span> <span class='ocrx_word' id='word_1_304' title='bbox 1689 2763 1796 2816; x_wconf 80' lang='lat' dir='ltr'><strong>quo</strong></span> <span class='ocrx_word' id='word_1_305' title='bbox 1834 2746 2012 2816; x_wconf 85' lang='lat' dir='ltr'><strong>Spiri-</strong></span> 
     </span>
    </p>
   </div>
   <div class='ocr_carea' id='block_1_44' title="bbox 431 2838 2008 2903">
    <p class='ocr_par' dir='ltr' id='par_1_44' title="bbox 431 2838 2008 2903">
     <span class='ocr_line' id='line_1_44' title="bbox 431 2838 2008 2903; baseline -0.004 -3"><span class='ocrx_word' id='word_1_306' title='bbox 431 2859 518 2903; x_wconf 83' lang='lat' dir='ltr'><strong>tus</strong></span> <span class='ocrx_word' id='word_1_307' title='bbox 537 2855 778 2903; x_wconf 76' lang='lat' dir='ltr'><strong>sanctus</strong></span> <span class='ocrx_word' id='word_1_308' title='bbox 807 2842 1068 2900; x_wconf 88' lang='lat' dir='ltr'><strong>solidiora</strong></span> <span class='ocrx_word' id='word_1_309' title='bbox 1121 2851 1176 2896; x_wconf 91' lang='lat' dir='ltr'><strong>et</strong></span> <span class='ocrx_word' id='word_1_310' title='bbox 1215 2841 1453 2895; x_wconf 85' lang='lat' dir='ltr'><strong>ﬁrmiora</strong></span> <span class='ocrx_word' id='word_1_311' title='bbox 1497 2855 1598 2896; x_wconf 91' lang='lat' dir='ltr'><strong>nos</strong></span> <span class='ocrx_word' id='word_1_312' title='bbox 1628 2840 1862 2895; x_wconf 81' lang='lat' dir='ltr'><strong>docebit.</strong></span> <span class='ocrx_word' id='word_1_313' title='bbox 1893 2838 2008 2894; x_wconf 76' lang='lat' dir='ltr'><strong>Non</strong></span> 
     </span>
    </p>
   </div>
   <div class='ocr_carea' id='block_1_45' title="bbox 433 2932 2011 3001">
    <p class='ocr_par' dir='ltr' id='par_1_45' title="bbox 433 2932 2011 3001">
     <span class='ocr_line' id='line_1_45' title="bbox 433 2932 2011 3001; baseline -0.006 -8"><span class='ocrx_word' id='word_1_314' title='bbox 433 2941 640 2993; x_wconf 83' lang='lat' dir='ltr'><strong>frustra</strong></span> <span class='ocrx_word' id='word_1_315' title='bbox 694 2946 876 2990; x_wconf 87' lang='lat' dir='ltr'><strong>autem</strong></span> <span class='ocrx_word' id='word_1_316' title='bbox 923 2935 1169 2999; x_wconf 86' lang='lat' dir='ltr'><strong>additur,</strong></span> <span class='ocrx_word' id='word_1_317' title='bbox 1213 2949 1368 2986; x_wconf 74' lang='lat' dir='ltr'><strong>assus</strong></span> <span class='ocrx_word' id='word_1_318' title='bbox 1409 2932 1550 3001; x_wconf 84' lang='lat' dir='ltr'><strong>igne,</strong></span> <span class='ocrx_word' id='word_1_319' title='bbox 1597 2946 1705 2999; x_wconf 91' lang='lat' dir='ltr'><strong>quo</strong></span> <span class='ocrx_word' id='word_1_320' title='bbox 1753 2939 2011 2998; x_wconf 90' lang='lat' dir='ltr'><strong>tanquam</strong></span> 
     </span>
    </p>
   </div>
   <div class='ocr_carea' id='block_1_46' title="bbox 429 3023 2014 3103">
    <p class='ocr_par' dir='ltr' id='par_1_46' title="bbox 429 3023 2014 3103">
     <span class='ocr_line' id='line_1_46' title="bbox 429 3023 2014 3103; baseline -0.008 -16"><span class='ocrx_word' id='word_1_321' title='bbox 429 3030 675 3103; x_wconf 73' lang='lat' dir='ltr'><strong>symbolo</strong></span> <span class='ocrx_word' id='word_1_322' title='bbox 702 3030 938 3099; x_wconf 76' lang='lat' dir='ltr'><strong>quodam</strong></span> <span class='ocrx_word' id='word_1_323' title='bbox 989 3027 1236 3081; x_wconf 88' lang='lat' dir='ltr'><strong>innuitnr</strong></span> <span class='ocrx_word' id='word_1_324' title='bbox 1265 3039 1385 3090; x_wconf 90' lang='lat' dir='ltr'><strong>eos,</strong></span> <span class='ocrx_word' id='word_1_325' title='bbox 1416 3027 1506 3093; x_wconf 87' lang='lat' dir='ltr'><strong>qui</strong></span> <span class='ocrx_word' id='word_1_326' title='bbox 1555 3037 1620 3078; x_wconf 78' lang='lat' dir='ltr'><strong>ex</strong></span> <span class='ocrx_word' id='word_1_327' title='bbox 1651 3023 1744 3077; x_wconf 91' lang='lat' dir='ltr'><strong>illo</strong></span> <span class='ocrx_word' id='word_1_328' title='bbox 1779 3023 2014 3076; x_wconf 81' lang='lat' dir='ltr'><strong>mandu-</strong></span> 
     </span>
    </p>
   </div>
   <div class='ocr_carea' id='block_1_47' title="bbox 2123 2007 3713 2084">
    <p class='ocr_par' dir='ltr' id='par_1_47' title="bbox 2123 2007 3713 2084">
     <span class='ocr_line' id='line_1_47' title="bbox 2123 2007 3713 2084; baseline 0.008 -27"><span class='ocrx_word' id='word_1_329' title='bbox 2123 2007 2182 2058; x_wconf 84' lang='grc' dir='ltr'>ὲν</span> <span class='ocrx_word' id='word_1_330' title='bbox 2234 2008 2302 2076; x_wconf 79' lang='grc' dir='ltr'>τῇ</span> <span class='ocrx_word' id='word_1_331' title='bbox 2366 2008 2788 2080; x_wconf 75' lang='grc' dir='ltr'>προσγενομένῃ</span> <span class='ocrx_word' id='word_1_332' title='bbox 2847 2011 3030 2077; x_wconf 79' lang='grc' dir='ltr'>νυκτὶ,</span> <span class='ocrx_word' id='word_1_333' title='bbox 3091 2015 3597 2084; x_wconf 85' lang='grc' dir='ltr'>παρατετηρημένη</span> <span class='ocrx_word' id='word_1_334' title='bbox 3656 2016 3713 2072; x_wconf 82' lang='grc' dir='ltr'>δὲ</span> 
     </span>
    </p>
   </div>
   <div class='ocr_carea' id='block_1_48' title="bbox 2126 2099 3715 2176">
    <p class='ocr_par' dir='ltr' id='par_1_48' title="bbox 2126 2099 3715 2176">
     <span class='ocr_line' id='line_1_48' title="bbox 2126 2099 3715 2176; baseline 0.008 -26"><span class='ocrx_word' id='word_1_335' title='bbox 2126 2099 2160 2164; x_wconf 86' lang='grc' dir='ltr'>ή</span> <span class='ocrx_word' id='word_1_336' title='bbox 2196 2100 2521 2170; x_wconf 75' lang='grc' dir='ltr'><strong>μετάληψις,</strong></span> <span class='ocrx_word' id='word_1_337' title='bbox 2567 2101 2655 2156; x_wconf 76' lang='grc' dir='ltr'>ἵνα</span> <span class='ocrx_word' id='word_1_338' title='bbox 2709 2101 2788 2174; x_wconf 80' lang='grc' dir='ltr'>μὴ</span> <span class='ocrx_word' id='word_1_339' title='bbox 2836 2102 3010 2172; x_wconf 82' lang='grc' dir='ltr'>ὠμὸν,</span> <span class='ocrx_word' id='word_1_340' title='bbox 3046 2104 3183 2174; x_wconf 82' lang='grc' dir='ltr'>μηδὲ</span> <span class='ocrx_word' id='word_1_341' title='bbox 3227 2105 3504 2176; x_wconf 77' lang='grc' dir='ltr'>ἑψημένον</span> <span class='ocrx_word' id='word_1_342' title='bbox 3529 2107 3715 2174; x_wconf 82' lang='grc' dir='ltr'>ὕδατι,</span> 
     </span>
    </p>
   </div>
   <div class='ocr_carea' id='block_1_49' title="bbox 2123 2190 3718 2270">
    <p class='ocr_par' dir='ltr' id='par_1_49' title="bbox 2123 2190 3718 2270">
     <span class='ocr_line' id='line_1_49' title="bbox 2123 2190 3718 2270; baseline 0.006 -26"><span class='ocrx_word' id='word_1_343' title='bbox 2123 2190 2241 2244; x_wconf 83' lang='grc' dir='ltr'>ἀλλ’</span> <span class='ocrx_word' id='word_1_344' title='bbox 2269 2191 2438 2244; x_wconf 72' lang='grc' dir='ltr'>ὀπτὸν</span> <span class='ocrx_word' id='word_1_345' title='bbox 2470 2194 2628 2263; x_wconf 80' lang='grc' dir='ltr'>πυρὶ,</span> <span class='ocrx_word' id='word_1_346' title='bbox 2656 2195 2751 2248; x_wconf 80' lang='grc' dir='ltr'>καὶ</span> <span class='ocrx_word' id='word_1_347' title='bbox 2773 2194 2872 2248; x_wconf 77' lang='grc' dir='ltr'>σὺν</span> <span class='ocrx_word' id='word_1_348' title='bbox 2896 2193 3132 2264; x_wconf 77' lang='grc' dir='ltr'><strong>ἀζύμοις</strong></span> <span class='ocrx_word' id='word_1_349' title='bbox 3157 2197 3251 2249; x_wconf 79' lang='grc' dir='ltr'>καὶ</span> <span class='ocrx_word' id='word_1_350' title='bbox 3283 2198 3421 2262; x_wconf 85' lang='grc' dir='ltr'>μετὰ</span> <span class='ocrx_word' id='word_1_351' title='bbox 3443 2201 3718 2270; x_wconf 85' lang='grc' dir='ltr'>πικρίδων</span> 
     </span>
    </p>
   </div>
   <div class='ocr_carea' id='block_1_50' title="bbox 2125 2281 3719 2358">
    <p class='ocr_par' dir='ltr' id='par_1_50' title="bbox 2125 2281 3719 2358">
     <span class='ocr_line' id='line_1_50' title="bbox 2125 2281 3719 2358; baseline 0.007 -25"><span class='ocrx_word' id='word_1_352' title='bbox 2125 2281 2434 2350; x_wconf 70' lang='grc' dir='ltr'>φάγωνται.</span> <span class='ocrx_word' id='word_1_353' title='bbox 2468 2283 2632 2352; x_wconf 87' lang='grc' dir='ltr'><strong>Δηλοί</strong></span> <span class='ocrx_word' id='word_1_354' title='bbox 2667 2283 2724 2337; x_wconf 82' lang='grc' dir='ltr'>δὲ</span> <span class='ocrx_word' id='word_1_355' title='bbox 2753 2285 2855 2355; x_wconf 78' lang='grc' dir='ltr'>μὲν</span> <span class='ocrx_word' id='word_1_356' title='bbox 2884 2285 2981 2349; x_wconf 81' lang='grc' dir='ltr'><strong>νὺξ</strong></span> <span class='ocrx_word' id='word_1_357' title='bbox 3019 2285 3111 2338; x_wconf 82' lang='grc' dir='ltr'>τὸν</span> <span class='ocrx_word' id='word_1_358' title='bbox 3143 2289 3390 2356; x_wconf 79' lang='grc' dir='ltr'>παρόντα</span> <span class='ocrx_word' id='word_1_359' title='bbox 3423 2291 3625 2358; x_wconf 75' lang='grc' dir='ltr'>αἰῶνα,</span> <span class='ocrx_word' id='word_1_360' title='bbox 3661 2293 3719 2344; x_wconf 71' lang='grc' dir='ltr'>ἐν</span> 
     </span>
    </p>
   </div>
   <div class='ocr_carea' id='block_1_51' title="bbox 2121 2366 3721 2452">
    <p class='ocr_par' dir='ltr' id='par_1_51' title="bbox 2121 2366 3721 2452">
     <span class='ocr_line' id='line_1_51' title="bbox 2121 2366 3721 2452; baseline 0.007 -28"><span class='ocrx_word' id='word_1_361' title='bbox 2121 2366 2166 2440; x_wconf 82' lang='grc' dir='ltr'>ᾧ</span> <span class='ocrx_word' id='word_1_362' title='bbox 2213 2373 2284 2426; x_wconf 72' lang='grc' dir='ltr'><strong>τὰ</strong></span> <span class='ocrx_word' id='word_1_363' title='bbox 2336 2373 2597 2446; x_wconf 80' lang='grc' dir='ltr'><strong>σαρκώδη</strong></span> <span class='ocrx_word' id='word_1_364' title='bbox 2635 2377 2733 2430; x_wconf 79' lang='grc' dir='ltr'>καὶ</span> <span class='ocrx_word' id='word_1_365' title='bbox 2761 2375 3017 2445; x_wconf 77' lang='grc' dir='ltr'><strong>εὔληπτα</strong></span> <span class='ocrx_word' id='word_1_366' title='bbox 3043 2381 3148 2448; x_wconf 82' lang='grc' dir='ltr'>τῆς</span> <span class='ocrx_word' id='word_1_367' title='bbox 3181 2380 3499 2450; x_wconf 72' lang='grc' dir='ltr'>οἰκονομίας</span> <span class='ocrx_word' id='word_1_368' title='bbox 3548 2383 3721 2452; x_wconf 85' lang='grc' dir='ltr'>μυού-</span> 
     </span>
    </p>
   </div>
   <div class='ocr_carea' id='block_1_52' title="bbox 2123 2466 3721 2547">
    <p class='ocr_par' dir='ltr' id='par_1_52' title="bbox 2123 2466 3721 2547">
     <span class='ocr_line' id='line_1_52' title="bbox 2123 2466 3721 2547; baseline 0.007 -28"><span class='ocrx_word' id='word_1_369' title='bbox 2123 2466 2302 2536; x_wconf 76' lang='grc' dir='ltr'>μεθαο</span> <span class='ocrx_word' id='word_1_370' title='bbox 2335 2469 2368 2538; x_wconf 78' lang='grc' dir='ltr'>ἡ</span> <span class='ocrx_word' id='word_1_371' title='bbox 2405 2468 2462 2521; x_wconf 76' lang='grc' dir='ltr'>δὲ</span> <span class='ocrx_word' id='word_1_372' title='bbox 2489 2469 2694 2539; x_wconf 83' lang='grc' dir='ltr'>πρωῒα,</span> <span class='ocrx_word' id='word_1_373' title='bbox 2724 2469 2792 2522; x_wconf 83' lang='grc' dir='ltr'>τὰ</span> <span class='ocrx_word' id='word_1_374' title='bbox 2825 2469 3112 2539; x_wconf 82' lang='grc' dir='ltr'>μέλλοντα,</span> <span class='ocrx_word' id='word_1_375' title='bbox 3149 2472 3348 2527; x_wconf 83' lang='grc' dir='ltr'>καθ’δν</span> <span class='ocrx_word' id='word_1_376' title='bbox 3376 2474 3445 2527; x_wconf 75' lang='grc' dir='ltr'><strong>τὰ</strong></span> <span class='ocrx_word' id='word_1_377' title='bbox 3482 2477 3721 2547; x_wconf 81' lang='grc' dir='ltr'>στερρό-</span> 
     </span>
    </p>
   </div>
   <div class='ocr_carea' id='block_1_53' title="bbox 2121 2560 3726 2636">
    <p class='ocr_par' dir='ltr' id='par_1_53' title="bbox 2121 2560 3726 2636">
     <span class='ocr_line' id='line_1_53' title="bbox 2121 2560 3726 2636; baseline 0.005 -22"><span class='ocrx_word' id='word_1_378' title='bbox 2121 2577 2257 2630; x_wconf 87' lang='grc' dir='ltr'><strong>τερα</strong></span> <span class='ocrx_word' id='word_1_379' title='bbox 2279 2560 2485 2628; x_wconf 81' lang='grc' dir='ltr'><strong>διδάξει</strong></span> <span class='ocrx_word' id='word_1_380' title='bbox 2519 2563 2578 2615; x_wconf 81' lang='grc' dir='ltr'><strong>τὸ</strong></span> <span class='ocrx_word' id='word_1_381' title='bbox 2607 2561 2838 2632; x_wconf 80' lang='grc' dir='ltr'>Πνεῦμα</span> <span class='ocrx_word' id='word_1_382' title='bbox 2868 2563 2929 2617; x_wconf 81' lang='grc' dir='ltr'><strong>τὸ</strong></span> <span class='ocrx_word' id='word_1_383' title='bbox 2952 2563 3134 2632; x_wconf 75' lang='grc' dir='ltr'>ἅγιον.</span> <span class='ocrx_word' id='word_1_384' title='bbox 3185 2564 3261 2618; x_wconf 78' lang='grc' dir='ltr'><strong>Τὸ</strong></span> <span class='ocrx_word' id='word_1_385' title='bbox 3284 2565 3342 2619; x_wconf 76' lang='grc' dir='ltr'>δὲ</span> <span class='ocrx_word' id='word_1_386' title='bbox 3366 2566 3726 2636; x_wconf 79' lang='grc' dir='ltr'>ὀπτώμενον</span> 
     </span>
    </p>
   </div>
   <div class='ocr_carea' id='block_1_54' title="bbox 2123 2652 3722 2730">
    <p class='ocr_par' dir='ltr' id='par_1_54' title="bbox 2123 2652 3722 2730">
     <span class='ocr_line' id='line_1_54' title="bbox 2123 2652 3722 2730; baseline 0.007 -26"><span class='ocrx_word' id='word_1_387' title='bbox 2123 2652 2474 2722; x_wconf 77' lang='grc' dir='ltr'>συμϐολικῶς</span> <span class='ocrx_word' id='word_1_388' title='bbox 2524 2654 2868 2718; x_wconf 83' lang='grc' dir='ltr'>ὑποτίθεται,</span> <span class='ocrx_word' id='word_1_389' title='bbox 2923 2657 2999 2727; x_wconf 80' lang='grc' dir='ltr'>μὴ</span> <span class='ocrx_word' id='word_1_390' title='bbox 3053 2657 3268 2727; x_wconf 81' lang='grc' dir='ltr'>ἀργῶς,</span> <span class='ocrx_word' id='word_1_391' title='bbox 3317 2659 3458 2730; x_wconf 83' lang='grc' dir='ltr'>ὅπερ</span> <span class='ocrx_word' id='word_1_392' title='bbox 3484 2659 3573 2713; x_wconf 76' lang='grc' dir='ltr'><strong>διὰ</strong></span> <span class='ocrx_word' id='word_1_393' title='bbox 3620 2661 3722 2714; x_wconf 83' lang='grc' dir='ltr'><strong>τοῦ</strong></span> 
     </span>
    </p>
   </div>
   <div class='ocr_carea' id='block_1_55' title="bbox 2116 2743 3725 2826">
    <p class='ocr_par' dir='ltr' id='par_1_55' title="bbox 2116 2743 3725 2826">
     <span class='ocr_line' id='line_1_55' title="bbox 2116 2743 3725 2826; baseline 0.007 -29"><span class='ocrx_word' id='word_1_394' title='bbox 2116 2743 2302 2814; x_wconf 82' lang='grc' dir='ltr'>ὠμοῦ,</span> <span class='ocrx_word' id='word_1_395' title='bbox 2338 2745 2477 2815; x_wconf 80' lang='grc' dir='ltr'>μηδὲ</span> <span class='ocrx_word' id='word_1_396' title='bbox 2511 2746 2836 2816; x_wconf 83' lang='grc' dir='ltr'>φιληδόνως,</span> <span class='ocrx_word' id='word_1_397' title='bbox 2861 2750 3000 2818; x_wconf 81' lang='grc' dir='ltr'>ὅπερ</span> <span class='ocrx_word' id='word_1_398' title='bbox 3030 2748 3120 2804; x_wconf 78' lang='grc' dir='ltr'><strong>διὰ</strong></span> <span class='ocrx_word' id='word_1_399' title='bbox 3150 2749 3246 2803; x_wconf 90' lang='grc' dir='ltr'><strong>τοῦ</strong></span> <span class='ocrx_word' id='word_1_400' title='bbox 3306 2751 3538 2820; x_wconf 73' lang='grc' dir='ltr'><strong>ἑψητοῦ</strong></span> <span class='ocrx_word' id='word_1_401' title='bbox 3571 2769 3725 2826; x_wconf 83' lang='grc' dir='ltr'>παρ-</span> 
     </span>
    </p>
   </div>
   <div class='ocr_carea' id='block_1_56' title="bbox 2117 2837 3722 2916">
    <p class='ocr_par' dir='ltr' id='par_1_56' title="bbox 2117 2837 3722 2916">
     <span class='ocr_line' id='line_1_56' title="bbox 2117 2837 3722 2916; baseline 0.007 -27"><span class='ocrx_word' id='word_1_402' title='bbox 2117 2837 2592 2905; x_wconf 83' lang='grc' dir='ltr'>εμφαίνεταιτοὺς</span> <span class='ocrx_word' id='word_1_403' title='bbox 2614 2839 3136 2910; x_wconf 71' lang='grc' dir='ltr'>μεταλαμϐάνοντας</span> <span class='ocrx_word' id='word_1_404' title='bbox 3174 2843 3299 2912; x_wconf 81' lang='grc' dir='ltr'>ζῇν,</span> <span class='ocrx_word' id='word_1_405' title='bbox 3324 2843 3438 2896; x_wconf 83' lang='grc' dir='ltr'>ἀλλ’</span> <span class='ocrx_word' id='word_1_406' title='bbox 3469 2842 3722 2916; x_wconf 74' lang='grc' dir='ltr'>ἔμπυρον</span> 
     </span>
    </p>
   </div>
   <div class='ocr_carea' id='block_1_57' title="bbox 2122 2929 3724 3009">
    <p class='ocr_par' dir='ltr' id='par_1_57' title="bbox 2122 2929 3724 3009">
     <span class='ocr_line' id='line_1_57' title="bbox 2122 2929 3724 3009; baseline 0.007 -27"><span class='ocrx_word' id='word_1_407' title='bbox 2122 2929 2269 3000; x_wconf 75' lang='grc' dir='ltr'>ἔχειν</span> <span class='ocrx_word' id='word_1_408' title='bbox 2284 2931 2377 2984; x_wconf 84' lang='grc' dir='ltr'><strong>τόν</strong></span> <span class='ocrx_word' id='word_1_409' title='bbox 2395 2931 2512 3000; x_wconf 88' lang='grc' dir='ltr'>βίον</span> <span class='ocrx_word' id='word_1_410' title='bbox 2530 2932 2651 2986; x_wconf 84' lang='grc' dir='ltr'>ὅλον</span> <span class='ocrx_word' id='word_1_411' title='bbox 2671 2935 2971 3006; x_wconf 67' lang='grc' dir='ltr'>ἐγκρατείᾳ</span> <span class='ocrx_word' id='word_1_412' title='bbox 2985 2939 3429 3007; x_wconf 86' lang='grc' dir='ltr'>κεκοσμημένον,</span> <span class='ocrx_word' id='word_1_413' title='bbox 3447 2938 3526 3009; x_wconf 82' lang='grc' dir='ltr'>τῷ</span> <span class='ocrx_word' id='word_1_414' title='bbox 3547 2939 3724 2995; x_wconf 80' lang='grc' dir='ltr'>πνεύ-</span> 
     </span>
    </p>
   </div>
   <div class='ocr_carea' id='block_1_58' title="bbox 2127 3025 3414 3109">
    <p class='ocr_par' dir='ltr' id='par_1_58' title="bbox 2127 3025 3414 3109">
     <span class='ocr_line' id='line_1_58' title="bbox 2127 3025 3414 3109; baseline 0.004 -29"><span class='ocrx_word' id='word_1_415' title='bbox 2127 3041 2261 3094; x_wconf 81' lang='grc' dir='ltr'>ματι</span> <span class='ocrx_word' id='word_1_416' title='bbox 2288 3025 2538 3092; x_wconf 84' lang='grc' dir='ltr'>ζέοντας,</span> <span class='ocrx_word' id='word_1_417' title='bbox 2570 3027 2665 3081; x_wconf 76' lang='grc' dir='ltr'>καὶ</span> <span class='ocrx_word' id='word_1_418' title='bbox 2703 3027 2782 3098; x_wconf 84' lang='grc' dir='ltr'>τῷ</span> <span class='ocrx_word' id='word_1_419' title='bbox 2813 3028 3004 3100; x_wconf 84' lang='grc' dir='ltr'>Κυρίῳ</span> <span class='ocrx_word' id='word_1_420' title='bbox 3035 3030 3414 3109; x_wconf 79' lang='grc' dir='ltr'>δουλεύοντας.</span> 
     </span>
    </p>
   </div>
   <div class='ocr_carea' id='block_1_59' title="bbox 428 3117 3730 3198">
    <p class='ocr_par' dir='ltr' id='par_1_59' title="bbox 428 3117 3730 3198">
     <span class='ocr_line' id='line_1_59' title="bbox 428 3117 3730 3198; baseline 0.002 -19"><span class='ocrx_word' id='word_1_421' title='bbox 428 3137 576 3188; x_wconf 81' lang='lat' dir='ltr'><strong>cant,</strong></span> <span class='ocrx_word' id='word_1_422' title='bbox 607 3141 713 3178; x_wconf 93' lang='lat' dir='ltr'><strong>non</strong></span> <span class='ocrx_word' id='word_1_423' title='bbox 758 3124 959 3177; x_wconf 85' lang='lat' dir='ltr'><strong>debere</strong></span> <span class='ocrx_word' id='word_1_424' title='bbox 992 3121 1156 3172; x_wconf 83' lang='lat' dir='ltr'><strong>vitam</strong></span> <span class='ocrx_word' id='word_1_425' title='bbox 1194 3118 1444 3190; x_wconf 84' lang='lat' dir='ltr'><strong>ignavam</strong></span> <span class='ocrx_word' id='word_1_426' title='bbox 1499 3131 1682 3186; x_wconf 87' lang='lat' dir='ltr'><strong>agere.</strong></span> <span class='ocrx_word' id='word_1_427' title='bbox 1715 3117 1863 3185; x_wconf 89' lang='lat' dir='ltr'><strong>quod</strong></span> <span class='ocrx_word' id='word_1_428' title='bbox 1905 3131 2001 3184; x_wconf 88' lang='lat' dir='ltr'><strong>per</strong></span> <span class='ocrx_word' id='word_1_429' title='bbox 2074 3119 2342 3185; x_wconf 85' lang='lat' dir='ltr'><strong>crudum;</strong></span> <span class='ocrx_word' id='word_1_430' title='bbox 2393 3135 2572 3190; x_wconf 84' lang='lat' dir='ltr'><strong>neque</strong></span> <span class='ocrx_word' id='word_1_431' title='bbox 2627 3122 3001 3193; x_wconf 89' lang='lat' dir='ltr'><strong>voluptatibus</strong></span> <span class='ocrx_word' id='word_1_432' title='bbox 3051 3123 3314 3185; x_wconf 87' lang='lat' dir='ltr'><strong>deditam.</strong></span> <span class='ocrx_word' id='word_1_433' title='bbox 3381 3128 3526 3198; x_wconf 91' lang='lat' dir='ltr'><strong>quod</strong></span> <span class='ocrx_word' id='word_1_434' title='bbox 3622 3143 3730 3198; x_wconf 82' lang='lat' dir='ltr'><strong>per</strong></span> 
     </span>
    </p>
   </div>
   <div class='ocr_carea' id='block_1_60' title="bbox 428 3208 3701 3285">
    <p class='ocr_par' dir='ltr' id='par_1_60' title="bbox 428 3208 3701 3285">
     <span class='ocr_line' id='line_1_60' title="bbox 428 3208 3701 3285; baseline 0.002 -15"><span class='ocrx_word' id='word_1_435' title='bbox 428 3226 805 3281; x_wconf 75' lang='lat' dir='ltr'><strong>coclumaqna</strong></span> <span class='ocrx_word' id='word_1_436' title='bbox 894 3210 1226 3274; x_wconf 84' lang='lat' dir='ltr'><strong>insinuatur,</strong></span> <span class='ocrx_word' id='word_1_437' title='bbox 1295 3209 1391 3264; x_wconf 89' lang='lat' dir='ltr'><strong>sed</strong></span> <span class='ocrx_word' id='word_1_438' title='bbox 1462 3209 1611 3263; x_wconf 87' lang='lat' dir='ltr'><strong>velut</strong></span> <span class='ocrx_word' id='word_1_439' title='bbox 1656 3208 1897 3278; x_wconf 83' lang='lat' dir='ltr'><strong>igneam,</strong></span> <span class='ocrx_word' id='word_1_440' title='bbox 1963 3209 2248 3266; x_wconf 86' lang='lat' dir='ltr'><strong>ardentem</strong></span> <span class='ocrx_word' id='word_1_441' title='bbox 2288 3213 2598 3282; x_wconf 79' lang='lat' dir='ltr'><strong>charitate,</strong></span> <span class='ocrx_word' id='word_1_442' title='bbox 2637 3225 2692 3269; x_wconf 84' lang='lat' dir='ltr'><strong>et</strong></span> <span class='ocrx_word' id='word_1_443' title='bbox 2726 3216 3068 3272; x_wconf 87' lang='lat' dir='ltr'><strong>continentia</strong></span> <span class='ocrx_word' id='word_1_444' title='bbox 3126 3229 3474 3285; x_wconf 81' lang='lat' dir='ltr'><strong>exornatam,</strong></span> <span class='ocrx_word' id='word_1_445' title='bbox 3521 3220 3594 3276; x_wconf 85' lang='lat' dir='ltr'><strong>ita</strong></span> <span class='ocrx_word' id='word_1_446' title='bbox 3664 3241 3701 3279; x_wconf 91' lang='lat' dir='ltr'><strong>u</strong></span> 
     </span>
    </p>
   </div>
   <div class='ocr_carea' id='block_1_61' title="bbox 427 3304 1562 3378">
    <p class='ocr_par' dir='ltr' id='par_1_61' title="bbox 427 3304 1562 3378">
     <span class='ocr_line' id='line_1_61' title="bbox 427 3304 1562 3378; baseline -0.004 -15"><span class='ocrx_word' id='word_1_447' title='bbox 427 3310 626 3378; x_wconf 75' lang='lat' dir='ltr'><strong>Spiritu</strong></span> <span class='ocrx_word' id='word_1_448' title='bbox 645 3306 923 3369; x_wconf 75' lang='lat' dir='ltr'><strong>ferveant,</strong></span> <span class='ocrx_word' id='word_1_449' title='bbox 953 3314 1007 3359; x_wconf 90' lang='lat' dir='ltr'><strong>et</strong></span> <span class='ocrx_word' id='word_1_450' title='bbox 1038 3304 1268 3359; x_wconf 78' lang='grc' dir='ltr'>ῡυιιιίιιο</span> <span class='ocrx_word' id='word_1_451' title='bbox 1299 3304 1562 3358; x_wconf 77' lang='lat' dir='ltr'><strong>serviant.</strong></span> 
     </span>
    </p>
   </div>
   <div class='ocr_carea' id='block_1_62' title="bbox 501 3397 2019 3477">
    <p class='ocr_par' dir='ltr' id='par_1_62' title="bbox 501 3397 2019 3474">
     <span class='ocr_line' id='line_1_62' title="bbox 501 3397 2019 3474; baseline -0.001 -17"><span class='ocrx_word' id='word_1_452' title='bbox 501 3407 703 3474; x_wconf 81' lang='lat' dir='ltr'><strong>Azyma</strong></span> <span class='ocrx_word' id='word_1_453' title='bbox 738 3401 1047 3470; x_wconf 76' lang='lat' dir='ltr'><strong>signiﬁcant</strong></span> <span class='ocrx_word' id='word_1_454' title='bbox 1087 3398 1376 3452; x_wconf 84' lang='lat' dir='ltr'><strong>animunta</strong></span> <span class='ocrx_word' id='word_1_455' title='bbox 1405 3397 1550 3453; x_wconf 72' lang='lat' dir='ltr'><strong>fastu</strong></span> <span class='ocrx_word' id='word_1_456' title='bbox 1601 3399 1922 3464; x_wconf 89' lang='lat' dir='ltr'><strong>immunem,</strong></span> <span class='ocrx_word' id='word_1_457' title='bbox 1967 3409 2019 3455; x_wconf 90' lang='lat' dir='ltr'><strong>et</strong></span> 
     </span>
    </p>
   </div>
   <div class='ocr_carea' id='block_1_63' title="bbox 2130 3397 3727 3477">
    <p class='ocr_par' dir='ltr' id='par_1_63' title="bbox 2198 3400 3727 3477">
     <span class='ocr_line' id='line_1_63' title="bbox 2198 3400 3727 3477; baseline 0.007 -20"><span class='ocrx_word' id='word_1_458' title='bbox 2198 3400 2282 3457; x_wconf 86' lang='grc' dir='ltr'>Τὰ</span> <span class='ocrx_word' id='word_1_459' title='bbox 2347 3402 2538 3473; x_wconf 74' lang='grc' dir='ltr'>ἄζυμα</span> <span class='ocrx_word' id='word_1_460' title='bbox 2593 3403 2656 3458; x_wconf 80' lang='grc' dir='ltr'>τὺ</span> <span class='ocrx_word' id='word_1_461' title='bbox 2706 3404 2913 3475; x_wconf 79' lang='grc' dir='ltr'>ἄτυφον</span> <span class='ocrx_word' id='word_1_462' title='bbox 2971 3408 3251 3477; x_wconf 84' lang='grc' dir='ltr'>σημαίνει,</span> <span class='ocrx_word' id='word_1_463' title='bbox 3319 3409 3416 3462; x_wconf 76' lang='grc' dir='ltr'><strong>καὶ</strong></span> <span class='ocrx_word' id='word_1_464' title='bbox 3475 3411 3727 3476; x_wconf 83' lang='grc' dir='ltr'>παλαιᾶς</span> 
     </span>
    </p>
   </div>
   <div class='ocr_carea' id='block_1_64' title="bbox 432 3491 2024 3561">
    <p class='ocr_par' dir='ltr' id='par_1_64' title="bbox 432 3491 2024 3561">
     <span class='ocr_line' id='line_1_64' title="bbox 432 3491 2024 3561; baseline -0.004 -8"><span class='ocrx_word' id='word_1_465' title='bbox 432 3497 651 3553; x_wconf 71' lang='lat' dir='ltr'><strong>aveteri</strong></span> <span class='ocrx_word' id='word_1_466' title='bbox 683 3495 767 3549; x_wconf 89' lang='lat' dir='ltr'><strong>illa</strong></span> <span class='ocrx_word' id='word_1_467' title='bbox 798 3502 853 3549; x_wconf 88' lang='lat' dir='ltr'><strong>et</strong></span> <span class='ocrx_word' id='word_1_468' title='bbox 905 3491 1104 3546; x_wconf 85' lang='lat' dir='ltr'><strong>acerba</strong></span> <span class='ocrx_word' id='word_1_469' title='bbox 1159 3493 1558 3547; x_wconf 80' lang='lat' dir='ltr'><strong>consuetudine</strong></span> <span class='ocrx_word' id='word_1_470' title='bbox 1606 3503 1966 3561; x_wconf 79' lang='lat' dir='ltr'><strong>expurgatum</strong></span> <span class='ocrx_word' id='word_1_471' title='bbox 2009 3509 2024 3559; x_wconf 92' lang='lat'><strong>;</strong></span> 
     </span>
    </p>
   </div>
   <div class='ocr_carea' id='block_1_65' title="bbox 431 3585 2020 3660">
    <p class='ocr_par' dir='ltr' id='par_1_65' title="bbox 431 3585 2020 3660">
     <span class='ocr_line' id='line_1_65' title="bbox 431 3585 2020 3660; baseline -0.004 -14"><span class='ocrx_word' id='word_1_472' title='bbox 431 3590 770 3660; x_wconf 76' lang='lat' dir='ltr'><strong>nequeenim</strong></span> <span class='ocrx_word' id='word_1_473' title='bbox 802 3587 966 3656; x_wconf 87' lang='lat' dir='ltr'><strong>impia</strong></span> <span class='ocrx_word' id='word_1_474' title='bbox 1004 3585 1403 3640; x_wconf 65' lang='lat' dir='ltr'><strong>Pharisaeorum</strong></span> <span class='ocrx_word' id='word_1_475' title='bbox 1435 3586 1806 3652; x_wconf 87' lang='lat' dir='ltr'><strong>institutione,</strong></span> <span class='ocrx_word' id='word_1_476' title='bbox 1841 3602 2020 3654; x_wconf 78' lang='lat' dir='ltr'><strong>neque</strong></span> 
     </span>
    </p>
   </div>
   <div class='ocr_carea' id='block_1_66' title="bbox 432 3678 2026 3749">
    <p class='ocr_par' dir='ltr' id='par_1_66' title="bbox 432 3678 2026 3749">
     <span class='ocr_line' id='line_1_66' title="bbox 432 3678 2026 3749; baseline -0.004 -11"><span class='ocrx_word' id='word_1_477' title='bbox 432 3681 754 3738; x_wconf 79' lang='lat' dir='ltr'><strong>multiformi</strong></span> <span class='ocrx_word' id='word_1_478' title='bbox 803 3678 1186 3749; x_wconf 70' lang='lat' dir='ltr'><strong>Egyptiorum</strong></span> <span class='ocrx_word' id='word_1_479' title='bbox 1232 3692 1422 3732; x_wconf 90' lang='lat' dir='ltr'><strong>errore</strong></span> <span class='ocrx_word' id='word_1_480' title='bbox 1471 3679 1884 3747; x_wconf 87' lang='lat' dir='ltr'><strong>conspergenda</strong></span> <span class='ocrx_word' id='word_1_481' title='bbox 1939 3687 2026 3734; x_wconf 88' lang='lat' dir='ltr'><strong>est</strong></span> 
     </span>
    </p>
   </div>
   <div class='ocr_carea' id='block_1_67' title="bbox 434 3770 2029 3844">
    <p class='ocr_par' dir='ltr' id='par_1_67' title="bbox 434 3770 2029 3844">
     <span class='ocr_line' id='line_1_67' title="bbox 434 3770 2029 3844; baseline -0.003 -14"><span class='ocrx_word' id='word_1_482' title='bbox 434 3792 569 3830; x_wconf 84' lang='lat' dir='ltr'><strong>nova</strong></span> <span class='ocrx_word' id='word_1_483' title='bbox 601 3772 876 3844; x_wconf 83' lang='lat' dir='ltr'><strong>Evangelii</strong></span> <span class='ocrx_word' id='word_1_484' title='bbox 914 3771 1188 3826; x_wconf 86' lang='lat' dir='ltr'><strong>doctrina.</strong></span> <span class='ocrx_word' id='word_1_485' title='bbox 1236 3770 1523 3825; x_wconf 81' lang='lat' dir='ltr'><strong>Adduntur</strong></span> <span class='ocrx_word' id='word_1_486' title='bbox 1588 3771 1817 3826; x_wconf 69' lang='lat' dir='ltr'><strong>laetucm</strong></span> <span class='ocrx_word' id='word_1_487' title='bbox 1875 3787 2029 3840; x_wconf 84' lang='lat' dir='ltr'><strong>agre-</strong></span> 
     </span>
    </p>
   </div>
   <div class='ocr_carea' id='block_1_68' title="bbox 433 3862 2026 3934">
    <p class='ocr_par' dir='ltr' id='par_1_68' title="bbox 433 3862 2026 3934">
     <span class='ocr_line' id='line_1_68' title="bbox 433 3862 2026 3934; baseline -0.001 -12"><span class='ocrx_word' id='word_1_488' title='bbox 433 3879 546 3922; x_wconf 84' lang='lat' dir='ltr'><strong>stes</strong></span> <span class='ocrx_word' id='word_1_489' title='bbox 578 3867 648 3921; x_wconf 92' lang='lat' dir='ltr'><strong>ob</strong></span> <span class='ocrx_word' id='word_1_490' title='bbox 699 3864 1072 3934; x_wconf 69' lang='lat' dir='ltr'><strong>asperitatem,</strong></span> <span class='ocrx_word' id='word_1_491' title='bbox 1129 3877 1250 3932; x_wconf 66' lang='lat' dir='ltr'><strong>quae</strong></span> <span class='ocrx_word' id='word_1_492' title='bbox 1299 3862 1354 3918; x_wconf 91' lang='lat' dir='ltr'><strong>in</strong></span> <span class='ocrx_word' id='word_1_493' title='bbox 1405 3865 1511 3916; x_wconf 89' lang='lat' dir='ltr'><strong>vita</strong></span> <span class='ocrx_word' id='word_1_494' title='bbox 1575 3864 1776 3920; x_wconf 86' lang='lat' dir='ltr'><strong>divinis</strong></span> <span class='ocrx_word' id='word_1_495' title='bbox 1816 3864 2026 3932; x_wconf 75' lang='lat' dir='ltr'><strong>legibus</strong></span> 
     </span>
    </p>
   </div>
   <div class='ocr_carea' id='block_1_69' title="bbox 434 3955 2025 4024">
    <p class='ocr_par' dir='ltr' id='par_1_69' title="bbox 434 3955 2025 4024">
     <span class='ocr_line' id='line_1_69' title="bbox 434 3955 2025 4024; baseline -0.003 -10"><span class='ocrx_word' id='word_1_496' title='bbox 434 3967 801 4014; x_wconf 76' lang='lat' dir='ltr'><strong>Consentanea</strong></span> <span class='ocrx_word' id='word_1_497' title='bbox 825 3957 968 4011; x_wconf 67' lang='lat' dir='ltr'><strong>inest</strong></span> <span class='ocrx_word' id='word_1_498' title='bbox 993 3972 1009 4021; x_wconf 91' lang='lat'><strong>;</strong></span> <span class='ocrx_word' id='word_1_499' title='bbox 1035 3955 1235 4024; x_wconf 83' lang='lat' dir='ltr'><strong>quibus</strong></span> <span class='ocrx_word' id='word_1_500' title='bbox 1260 3965 1440 4012; x_wconf 88' lang='lat' dir='ltr'><strong>tamen</strong></span> <span class='ocrx_word' id='word_1_501' title='bbox 1470 3957 1702 4012; x_wconf 81' lang='lat' dir='ltr'><strong>libenter</strong></span> <span class='ocrx_word' id='word_1_502' title='bbox 1731 3959 2025 4020; x_wconf 86' lang='lat' dir='ltr'><strong>vescimur,</strong></span> 
     </span>
    </p>
   </div>
   <div class='ocr_carea' id='block_1_70' title="bbox 436 4051 2031 4123">
    <p class='ocr_par' dir='ltr' id='par_1_70' title="bbox 436 4051 2031 4123">
     <span class='ocr_line' id='line_1_70' title="bbox 436 4051 2031 4123; baseline 0 -15"><span class='ocrx_word' id='word_1_503' title='bbox 436 4057 660 4110; x_wconf 79' lang='lat' dir='ltr'><strong>excitati</strong></span> <span class='ocrx_word' id='word_1_504' title='bbox 706 4069 802 4123; x_wconf 90' lang='lat' dir='ltr'><strong>spe</strong></span> <span class='ocrx_word' id='word_1_505' title='bbox 829 4051 1018 4106; x_wconf 75' lang='lat' dir='ltr'><strong>:eterni</strong></span> <span class='ocrx_word' id='word_1_506' title='bbox 1056 4051 1281 4122; x_wconf 85' lang='lat' dir='ltr'><strong>gaudii;</strong></span> <span class='ocrx_word' id='word_1_507' title='bbox 1309 4054 1437 4121; x_wconf 88' lang='lat' dir='ltr'><strong>quin</strong></span> <span class='ocrx_word' id='word_1_508' title='bbox 1471 4062 1525 4106; x_wconf 88' lang='lat' dir='ltr'><strong>et</strong></span> <span class='ocrx_word' id='word_1_509' title='bbox 1556 4053 1824 4122; x_wconf 75' lang='lat' dir='ltr'><strong>gloriandi</strong></span> <span class='ocrx_word' id='word_1_510' title='bbox 1859 4063 2031 4108; x_wconf 80' lang='lat' dir='ltr'><strong>mate-</strong></span> 
     </span>
    </p>
   </div>
   <div class='ocr_carea' id='block_1_71' title="bbox 437 4143 2030 4214">
    <p class='ocr_par' dir='ltr' id='par_1_71' title="bbox 437 4143 2030 4214">
     <span class='ocr_line' id='line_1_71' title="bbox 437 4143 2030 4214; baseline -0.003 -13"><span class='ocrx_word' id='word_1_511' title='bbox 437 4148 574 4202; x_wconf 79' lang='lat' dir='ltr'><strong>riem</strong></span> <span class='ocrx_word' id='word_1_512' title='bbox 606 4147 761 4200; x_wconf 89' lang='lat' dir='ltr'><strong>nobis</strong></span> <span class='ocrx_word' id='word_1_513' title='bbox 802 4145 1066 4213; x_wconf 63' lang='lat' dir='ltr'><strong>praebent,</strong></span> <span class='ocrx_word' id='word_1_514' title='bbox 1103 4144 1173 4198; x_wconf 89' lang='lat' dir='ltr'><strong>ob</strong></span> <span class='ocrx_word' id='word_1_515' title='bbox 1223 4143 1541 4214; x_wconf 79' lang='lat' dir='ltr'><strong>patientiam</strong></span> <span class='ocrx_word' id='word_1_516' title='bbox 1586 4159 1747 4211; x_wconf 86' lang='lat' dir='ltr'><strong>quam</strong></span> <span class='ocrx_word' id='word_1_517' title='bbox 1803 4159 2030 4197; x_wconf 75' lang='lat' dir='ltr'><strong>exerce-</strong></span> 
     </span>
    </p>
   </div>
   <div class='ocr_carea' id='block_1_72' title="bbox 439 4234 2028 4306">
    <p class='ocr_par' dir='ltr' id='par_1_72' title="bbox 439 4234 2028 4306">
     <span class='ocr_line' id='line_1_72' title="bbox 439 4234 2028 4306; baseline -0.003 -14"><span class='ocrx_word' id='word_1_518' title='bbox 439 4254 582 4292; x_wconf 84' lang='lat' dir='ltr'><strong>mus.</strong></span> <span class='ocrx_word' id='word_1_519' title='bbox 615 4236 788 4306; x_wconf 91' lang='lat' dir='ltr'><strong>Caput</strong></span> <span class='ocrx_word' id='word_1_520' title='bbox 818 4250 941 4289; x_wconf 92' lang='lat' dir='ltr'><strong>cum</strong></span> <span class='ocrx_word' id='word_1_521' title='bbox 995 4234 1226 4305; x_wconf 82' lang='lat' dir='ltr'><strong>pedibus</strong></span> <span class='ocrx_word' id='word_1_522' title='bbox 1287 4243 1344 4289; x_wconf 89' lang='lat' dir='ltr'><strong>et</strong></span> <span class='ocrx_word' id='word_1_523' title='bbox 1401 4235 1676 4289; x_wconf 88' lang='lat' dir='ltr'><strong>intestinis</strong></span> <span class='ocrx_word' id='word_1_524' title='bbox 1733 4249 2028 4300; x_wconf 81' lang='lat' dir='ltr'><strong>voramus;</strong></span> 
     </span>
    </p>
   </div>
   <div class='ocr_carea' id='block_1_73' title="bbox 439 4322 2032 4398">
    <p class='ocr_par' dir='ltr' id='par_1_73' title="bbox 439 4322 2032 4398">
     <span class='ocr_line' id='line_1_73' title="bbox 439 4322 2032 4398; baseline -0.004 -16"><span class='ocrx_word' id='word_1_525' title='bbox 439 4329 632 4398; x_wconf 82' lang='lat' dir='ltr'><strong>capitis</strong></span> <span class='ocrx_word' id='word_1_526' title='bbox 669 4328 885 4381; x_wconf 86' lang='lat' dir='ltr'><strong>nomine</strong></span> <span class='ocrx_word' id='word_1_527' title='bbox 944 4325 1298 4395; x_wconf 73' lang='lat' dir='ltr'><strong>intelligimus</strong></span> <span class='ocrx_word' id='word_1_528' title='bbox 1337 4323 1675 4378; x_wconf 82' lang='lat' dir='ltr'><strong>divinitatem</strong></span> <span class='ocrx_word' id='word_1_529' title='bbox 1709 4322 1870 4388; x_wconf 86' lang='lat' dir='ltr'><strong>Agni,</strong></span> <span class='ocrx_word' id='word_1_530' title='bbox 1935 4337 2032 4389; x_wconf 87' lang='lat' dir='ltr'><strong>pro</strong></span> 
     </span>
    </p>
   </div>
   <div class='ocr_carea' id='block_1_74' title="bbox 440 4415 2027 4486">
    <p class='ocr_par' dir='ltr' id='par_1_74' title="bbox 440 4415 2027 4486">
     <span class='ocr_line' id='line_1_74' title="bbox 440 4415 2027 4486; baseline -0.005 -13"><span class='ocrx_word' id='word_1_531' title='bbox 440 4421 602 4475; x_wconf 86' lang='lat' dir='ltr'><strong>nobis</strong></span> <span class='ocrx_word' id='word_1_532' title='bbox 660 4419 962 4481; x_wconf 83' lang='lat' dir='ltr'><strong>innnolati;</strong></span> <span class='ocrx_word' id='word_1_533' title='bbox 1027 4418 1222 4486; x_wconf 88' lang='lat' dir='ltr'><strong>pedtnn</strong></span> <span class='ocrx_word' id='word_1_534' title='bbox 1281 4416 1522 4479; x_wconf 82' lang='lat' dir='ltr'><strong>nomine,</strong></span> <span class='ocrx_word' id='word_1_535' title='bbox 1590 4415 2027 4479; x_wconf 82' lang='lat' dir='ltr'><strong>humanitatem;</strong></span> 
     </span>
    </p>
   </div>
   <div class='ocr_carea' id='block_1_75' title="bbox 444 4501 2030 4570">
    <p class='ocr_par' dir='ltr' id='par_1_75' title="bbox 444 4501 2030 4570">
     <span class='ocr_line' id='line_1_75' title="bbox 444 4501 2030 4570; baseline -0.003 -8"><span class='ocrx_word' id='word_1_536' title='bbox 444 4501 1129 4567; x_wconf 50' lang='lat' dir='ltr'><strong>intestinorum&#39;nomine,</strong></span> <span class='ocrx_word' id='word_1_537' title='bbox 1181 4503 1468 4558; x_wconf 83' lang='lat' dir='ltr'><strong>indivisatn</strong></span> <span class='ocrx_word' id='word_1_538' title='bbox 1530 4502 1676 4556; x_wconf 79' lang='lat' dir='ltr'><strong>illam</strong></span> <span class='ocrx_word' id='word_1_539' title='bbox 1746 4504 2030 4570; x_wconf 70' lang='lat' dir='ltr'><strong>utriusque</strong></span> 
     </span>
    </p>
   </div>
   <div class='ocr_carea' id='block_1_76' title="bbox 441 4593 2028 4664">
    <p class='ocr_par' dir='ltr' id='par_1_76' title="bbox 441 4593 2028 4664">
     <span class='ocr_line' id='line_1_76' title="bbox 441 4593 2028 4664; baseline -0.005 -8"><span class='ocrx_word' id='word_1_540' title='bbox 441 4613 647 4656; x_wconf 80' lang='lat' dir='ltr'><strong>natura:</strong></span> <span class='ocrx_word' id='word_1_541' title='bbox 664 4610 718 4655; x_wconf 91' lang='lat' dir='ltr'><strong>et</strong></span> <span class='ocrx_word' id='word_1_542' title='bbox 737 4598 1076 4654; x_wconf 81' lang='lat' dir='ltr'><strong>inconfusam</strong></span> <span class='ocrx_word' id='word_1_543' title='bbox 1095 4597 1148 4650; x_wconf 90' lang='lat' dir='ltr'><strong>in</strong></span> <span class='ocrx_word' id='word_1_544' title='bbox 1183 4611 1286 4651; x_wconf 88' lang='lat' dir='ltr'><strong>una</strong></span> <span class='ocrx_word' id='word_1_545' title='bbox 1312 4609 1541 4663; x_wconf 88' lang='lat' dir='ltr'><strong>persona</strong></span> <span class='ocrx_word' id='word_1_546' title='bbox 1566 4593 2028 4664; x_wconf 87' lang='lat' dir='ltr'><strong>conjunctiunem.</strong></span> 
     </span>
    </p>
   </div>
   <div class='ocr_carea' id='block_1_77' title="bbox 442 4687 2027 4755">
    <p class='ocr_par' dir='ltr' id='par_1_77' title="bbox 442 4687 2027 4755">
     <span class='ocr_line' id='line_1_77' title="bbox 442 4687 2027 4755; baseline -0.005 -5"><span class='ocrx_word' id='word_1_547' title='bbox 442 4695 616 4750; x_wconf 81' lang='lat' dir='ltr'><strong>Porro</strong></span> <span class='ocrx_word' id='word_1_548' title='bbox 643 4694 824 4749; x_wconf 88' lang='lat' dir='ltr'><strong>nullus</strong></span> <span class='ocrx_word' id='word_1_549' title='bbox 872 4688 1310 4751; x_wconf 84' lang='lat' dir='ltr'><strong>incircumcisus,</strong></span> <span class='ocrx_word' id='word_1_550' title='bbox 1370 4687 1550 4742; x_wconf 86' lang='lat' dir='ltr'><strong>nullus</strong></span> <span class='ocrx_word' id='word_1_551' title='bbox 1599 4688 1903 4755; x_wconf 78' lang='lat' dir='ltr'><strong>alienigena</strong></span> <span class='ocrx_word' id='word_1_552' title='bbox 1961 4702 2027 4742; x_wconf 78' lang='lat' dir='ltr'><strong>ex</strong></span> 
     </span>
    </p>
   </div>
   <div class='ocr_carea' id='block_1_78' title="bbox 2133 3498 3730 3574">
    <p class='ocr_par' dir='ltr' id='par_1_78' title="bbox 2133 3498 3730 3574">
     <span class='ocr_line' id='line_1_78' title="bbox 2133 3498 3730 3574; baseline 0.004 -24"><span class='ocrx_word' id='word_1_553' title='bbox 2133 3499 2546 3568; x_wconf 80' lang='grc' dir='ltr'>κεχωρισμένον</span> <span class='ocrx_word' id='word_1_554' title='bbox 2599 3498 2834 3565; x_wconf 80' lang='grc' dir='ltr'>ὀξὼδους</span> <span class='ocrx_word' id='word_1_555' title='bbox 2899 3503 3236 3572; x_wconf 78' lang='grc' dir='ltr'>συνηθείαςο</span> <span class='ocrx_word' id='word_1_556' title='bbox 3285 3503 3408 3556; x_wconf 77' lang='grc' dir='ltr'>οὔτε</span> <span class='ocrx_word' id='word_1_557' title='bbox 3461 3507 3568 3572; x_wconf 71' lang='grc' dir='ltr'><strong>γὰρ</strong></span> <span class='ocrx_word' id='word_1_558' title='bbox 3621 3511 3730 3574; x_wconf 70' lang='grc' dir='ltr'>τὴν</span> 
     </span>
    </p>
   </div>
   <div class='ocr_carea' id='block_1_79' title="bbox 2131 3582 3729 3668">
    <p class='ocr_par' dir='ltr' id='par_1_79' title="bbox 2131 3582 3729 3668">
     <span class='ocr_line' id='line_1_79' title="bbox 2131 3582 3729 3668; baseline 0.007 -26"><span class='ocrx_word' id='word_1_559' title='bbox 2131 3589 2292 3642; x_wconf 79' lang='grc' dir='ltr'>ἄθεον</span> <span class='ocrx_word' id='word_1_560' title='bbox 2338 3591 2654 3656; x_wconf 80' lang='grc' dir='ltr'>Φαρισαίων</span> <span class='ocrx_word' id='word_1_561' title='bbox 2710 3582 3039 3662; x_wconf 76' lang='grc' dir='ltr'>εισήγησιν,</span> <span class='ocrx_word' id='word_1_562' title='bbox 3091 3593 3218 3647; x_wconf 74' lang='grc' dir='ltr'>οὔτε</span> <span class='ocrx_word' id='word_1_563' title='bbox 3270 3595 3370 3668; x_wconf 78' lang='grc' dir='ltr'><strong>τὴν</strong></span> <span class='ocrx_word' id='word_1_564' title='bbox 3416 3597 3729 3664; x_wconf 81' lang='grc' dir='ltr'>Αίγύπτιον</span> 
     </span>
    </p>
   </div>
   <div class='ocr_carea' id='block_1_80' title="bbox 2132 3681 3734 3762">
    <p class='ocr_par' dir='ltr' id='par_1_80' title="bbox 2132 3681 3734 3762">
     <span class='ocr_line' id='line_1_80' title="bbox 2132 3681 3734 3762; baseline 0.007 -29"><span class='ocrx_word' id='word_1_565' title='bbox 2132 3681 2454 3751; x_wconf 82' lang='grc' dir='ltr'>πολυπλανῆ</span> <span class='ocrx_word' id='word_1_566' title='bbox 2500 3681 2829 3737; x_wconf 77' lang='grc' dir='ltr'>δυσσέϐειαν</span> <span class='ocrx_word' id='word_1_567' title='bbox 2868 3686 3218 3754; x_wconf 81' lang='grc' dir='ltr'>ὲπιμιγνύειν</span> <span class='ocrx_word' id='word_1_568' title='bbox 3250 3685 3356 3757; x_wconf 83' lang='grc' dir='ltr'><strong>χρὴ</strong></span> <span class='ocrx_word' id='word_1_569' title='bbox 3381 3687 3457 3756; x_wconf 84' lang='grc' dir='ltr'><strong>τῷ</strong></span> <span class='ocrx_word' id='word_1_570' title='bbox 3486 3690 3592 3758; x_wconf 88' lang='grc' dir='ltr'><strong>νέῳ</strong></span> <span class='ocrx_word' id='word_1_571' title='bbox 3623 3707 3734 3762; x_wconf 84' lang='grc' dir='ltr'>κη-</span> 
     </span>
    </p>
   </div>
   <div class='ocr_carea' id='block_1_81' title="bbox 2133 3770 3729 3848">
    <p class='ocr_par' dir='ltr' id='par_1_81' title="bbox 2133 3770 3729 3848">
     <span class='ocr_line' id='line_1_81' title="bbox 2133 3770 3729 3848; baseline 0.008 -25"><span class='ocrx_word' id='word_1_572' title='bbox 2133 3770 2398 3841; x_wconf 84' lang='grc' dir='ltr'>ρύγματι.</span> <span class='ocrx_word' id='word_1_573' title='bbox 2450 3773 2517 3825; x_wconf 76' lang='grc' dir='ltr'><strong>Αἱ</strong></span> <span class='ocrx_word' id='word_1_574' title='bbox 2551 3774 2801 3843; x_wconf 86' lang='grc' dir='ltr'>πικρίδες</span> <span class='ocrx_word' id='word_1_575' title='bbox 2839 3774 2928 3829; x_wconf 82' lang='grc' dir='ltr'><strong>διὰ</strong></span> <span class='ocrx_word' id='word_1_576' title='bbox 2961 3777 3020 3829; x_wconf 85' lang='grc' dir='ltr'><strong>τὸ</strong></span> <span class='ocrx_word' id='word_1_577' title='bbox 3064 3779 3237 3848; x_wconf 84' lang='grc' dir='ltr'>τραχὺ</span> <span class='ocrx_word' id='word_1_578' title='bbox 3274 3777 3370 3832; x_wconf 90' lang='grc' dir='ltr'><strong>τοῦ</strong></span> <span class='ocrx_word' id='word_1_579' title='bbox 3409 3781 3554 3834; x_wconf 87' lang='grc' dir='ltr'>κατά</span> <span class='ocrx_word' id='word_1_580' title='bbox 3585 3783 3729 3836; x_wconf 80' lang='grc' dir='ltr'>Θεὸν</span> 
     </span>
    </p>
   </div>
   <div class='ocr_carea' id='block_1_82' title="bbox 2133 3864 3732 3948">
    <p class='ocr_par' dir='ltr' id='par_1_82' title="bbox 2133 3864 3732 3948">
     <span class='ocr_line' id='line_1_82' title="bbox 2133 3864 3732 3948; baseline 0.008 -33"><span class='ocrx_word' id='word_1_581' title='bbox 2133 3865 2276 3934; x_wconf 84' lang='grc' dir='ltr'>βίου,</span> <span class='ocrx_word' id='word_1_582' title='bbox 2308 3864 2533 3928; x_wconf 73' lang='grc' dir='ltr'>καὶτὰς</span> <span class='ocrx_word' id='word_1_583' title='bbox 2572 3865 2639 3918; x_wconf 79' lang='grc' dir='ltr'>ὲκ</span> <span class='ocrx_word' id='word_1_584' title='bbox 2675 3864 2786 3920; x_wconf 84' lang='grc' dir='ltr'><strong>τῶν</strong></span> <span class='ocrx_word' id='word_1_585' title='bbox 2812 3869 3144 3937; x_wconf 82' lang='grc' dir='ltr'>πειρασμῶν</span> <span class='ocrx_word' id='word_1_586' title='bbox 3181 3871 3408 3940; x_wconf 83' lang='grc' dir='ltr'>πικρίας</span> <span class='ocrx_word' id='word_1_587' title='bbox 3449 3875 3732 3948; x_wconf 77' lang='grc' dir='ltr'>προσελή-</span> 
     </span>
    </p>
   </div>
   <div class='ocr_carea' id='block_1_83' title="bbox 2133 3954 3726 4032">
    <p class='ocr_par' dir='ltr' id='par_1_83' title="bbox 2133 3954 3726 4032">
     <span class='ocr_line' id='line_1_83' title="bbox 2133 3954 3726 4032; baseline 0.008 -26"><span class='ocrx_word' id='word_1_588' title='bbox 2133 3956 2368 4025; x_wconf 76' lang='grc' dir='ltr'>φθησαν,</span> <span class='ocrx_word' id='word_1_589' title='bbox 2400 3954 2467 4017; x_wconf 81' lang='grc' dir='ltr'>ἂς</span> <span class='ocrx_word' id='word_1_590' title='bbox 2505 3955 2598 4008; x_wconf 82' lang='grc' dir='ltr'>καὶ</span> <span class='ocrx_word' id='word_1_591' title='bbox 2623 3957 2798 4026; x_wconf 68' lang='grc' dir='ltr'>ἡδέως</span> <span class='ocrx_word' id='word_1_592' title='bbox 2821 3957 3248 4028; x_wconf 81' lang='grc' dir='ltr'>ἐπισιτιζόμεθα</span> <span class='ocrx_word' id='word_1_593' title='bbox 3274 3961 3362 4014; x_wconf 83' lang='grc' dir='ltr'>διὰ</span> <span class='ocrx_word' id='word_1_594' title='bbox 3394 3961 3495 4032; x_wconf 80' lang='grc' dir='ltr'>τὴν</span> <span class='ocrx_word' id='word_1_595' title='bbox 3519 3963 3726 4018; x_wconf 77' lang='grc' dir='ltr'>ἐλπίδα</span> 
     </span>
    </p>
   </div>
   <div class='ocr_carea' id='block_1_84' title="bbox 2131 4047 3726 4121">
    <p class='ocr_par' dir='ltr' id='par_1_84' title="bbox 2131 4047 3726 4121">
     <span class='ocr_line' id='line_1_84' title="bbox 2131 4047 3726 4121; baseline 0.007 -23"><span class='ocrx_word' id='word_1_596' title='bbox 2131 4048 2229 4116; x_wconf 83' lang='grc' dir='ltr'>τῆς</span> <span class='ocrx_word' id='word_1_597' title='bbox 2265 4047 2489 4101; x_wconf 82' lang='grc' dir='ltr'>αἰωνίου</span> <span class='ocrx_word' id='word_1_598' title='bbox 2515 4050 2712 4118; x_wconf 82' lang='grc' dir='ltr'>χαρᾶς,</span> <span class='ocrx_word' id='word_1_599' title='bbox 2755 4051 2850 4104; x_wconf 69' lang='grc' dir='ltr'><strong>καὶ</strong></span> <span class='ocrx_word' id='word_1_600' title='bbox 2877 4051 3207 4121; x_wconf 83' lang='grc' dir='ltr'>καυχήσεως</span> <span class='ocrx_word' id='word_1_601' title='bbox 3239 4052 3500 4106; x_wconf 86' lang='grc' dir='ltr'>ὑπόθεσιν</span> <span class='ocrx_word' id='word_1_602' title='bbox 3532 4057 3726 4109; x_wconf 85' lang='grc' dir='ltr'>ποιού-</span> 
     </span>
    </p>
   </div>
   <div class='ocr_carea' id='block_1_85' title="bbox 2137 4141 3729 4217">
    <p class='ocr_par' dir='ltr' id='par_1_85' title="bbox 2137 4141 3729 4217">
     <span class='ocr_line' id='line_1_85' title="bbox 2137 4141 3729 4217; baseline 0.008 -25"><span class='ocrx_word' id='word_1_603' title='bbox 2137 4141 2280 4211; x_wconf 87' lang='grc' dir='ltr'>μεθα</span> <span class='ocrx_word' id='word_1_604' title='bbox 2316 4141 2390 4205; x_wconf 80' lang='grc' dir='ltr'>ὡς</span> <span class='ocrx_word' id='word_1_605' title='bbox 2425 4143 2706 4213; x_wconf 70' lang='grc' dir='ltr'>ὑπομονὴν</span> <span class='ocrx_word' id='word_1_606' title='bbox 2761 4145 3256 4214; x_wconf 75' lang='grc' dir='ltr'>κατεργαζόμενοι.</span> <span class='ocrx_word' id='word_1_607' title='bbox 3328 4147 3613 4217; x_wconf 88' lang='grc' dir='ltr'>Ἐσθίομεν</span> <span class='ocrx_word' id='word_1_608' title='bbox 3664 4152 3729 4204; x_wconf 80' lang='grc' dir='ltr'>δὲ</span> 
     </span>
    </p>
   </div>
   <div class='ocr_carea' id='block_1_86' title="bbox 2134 4233 3733 4307">
    <p class='ocr_par' dir='ltr' id='par_1_86' title="bbox 2134 4233 3733 4307">
     <span class='ocr_line' id='line_1_86' title="bbox 2134 4233 3733 4307; baseline 0.007 -21"><span class='ocrx_word' id='word_1_609' title='bbox 2134 4233 2381 4302; x_wconf 73' lang='grc' dir='ltr'>κεφαλὴν</span> <span class='ocrx_word' id='word_1_610' title='bbox 2439 4233 2537 4285; x_wconf 83' lang='grc' dir='ltr'>σὺν</span> <span class='ocrx_word' id='word_1_611' title='bbox 2577 4236 2690 4296; x_wconf 87' lang='grc' dir='ltr'>τοῖς</span> <span class='ocrx_word' id='word_1_612' title='bbox 2736 4237 2866 4287; x_wconf 81' lang='grc' dir='ltr'>ποσὶ</span> <span class='ocrx_word' id='word_1_613' title='bbox 2941 4239 3036 4288; x_wconf 78' lang='grc' dir='ltr'>καὶ</span> <span class='ocrx_word' id='word_1_614' title='bbox 3088 4238 3203 4300; x_wconf 83' lang='grc' dir='ltr'>τοῖς</span> <span class='ocrx_word' id='word_1_615' title='bbox 3246 4239 3565 4307; x_wconf 84' lang='grc' dir='ltr'>ἐνδοσθίοις,</span> <span class='ocrx_word' id='word_1_616' title='bbox 3623 4246 3733 4297; x_wconf 80' lang='grc' dir='ltr'><strong>καὶ</strong></span> 
     </span>
    </p>
   </div>
   <div class='ocr_carea' id='block_1_87' title="bbox 2133 4321 3729 4404">
    <p class='ocr_par' dir='ltr' id='par_1_87' title="bbox 2133 4321 3729 4404">
     <span class='ocr_line' id='line_1_87' title="bbox 2133 4321 3729 4404; baseline 0.009 -29"><span class='ocrx_word' id='word_1_617' title='bbox 2133 4321 2364 4392; x_wconf 79' lang='grc' dir='ltr'>νοοῦμεν</span> <span class='ocrx_word' id='word_1_618' title='bbox 2396 4325 2641 4397; x_wconf 72' lang='grc' dir='ltr'>κεφαλὴν</span> <span class='ocrx_word' id='word_1_619' title='bbox 2671 4324 2766 4380; x_wconf 90' lang='grc' dir='ltr'><strong>τοῦ</strong></span> <span class='ocrx_word' id='word_1_620' title='bbox 2821 4327 2960 4398; x_wconf 82' lang='grc' dir='ltr'><strong>ὑπὲρ</strong></span> <span class='ocrx_word' id='word_1_621' title='bbox 3010 4330 3164 4398; x_wconf 74' lang='grc' dir='ltr'>ἡμᾶς</span> <span class='ocrx_word' id='word_1_622' title='bbox 3213 4332 3467 4396; x_wconf 87' lang='grc' dir='ltr'>τυθέντος</span> <span class='ocrx_word' id='word_1_623' title='bbox 3516 4335 3729 4404; x_wconf 85' lang='grc' dir='ltr'>Ἀμνοῦ</span> 
     </span>
    </p>
   </div>
   <div class='ocr_carea' id='block_1_88' title="bbox 2135 4404 3731 4496">
    <p class='ocr_par' dir='ltr' id='par_1_88' title="bbox 2135 4404 3731 4496">
     <span class='ocr_line' id='line_1_88' title="bbox 2135 4404 3731 4496; baseline 0.009 -29"><span class='ocrx_word' id='word_1_624' title='bbox 2135 4417 2236 4483; x_wconf 72' lang='grc' dir='ltr'><strong>τὴν</strong></span> <span class='ocrx_word' id='word_1_625' title='bbox 2262 4415 2523 4486; x_wconf 86' lang='grc' dir='ltr'>θεότητα,</span> <span class='ocrx_word' id='word_1_626' title='bbox 2581 4417 2749 4481; x_wconf 85' lang='grc' dir='ltr'>πόδας</span> <span class='ocrx_word' id='word_1_627' title='bbox 2791 4419 2849 4472; x_wconf 83' lang='grc' dir='ltr'>δὲ</span> <span class='ocrx_word' id='word_1_628' title='bbox 2906 4404 3331 4496; x_wconf 74' lang='grc' dir='ltr'>ἀνθρωπότητα,</span> <span class='ocrx_word' id='word_1_629' title='bbox 3383 4425 3631 4480; x_wconf 80' lang='grc' dir='ltr'>ἑνδόσθια</span> <span class='ocrx_word' id='word_1_630' title='bbox 3668 4429 3731 4482; x_wconf 79' lang='grc' dir='ltr'>δὲ</span> 
     </span>
    </p>
   </div>
   <div class='ocr_carea' id='block_1_89' title="bbox 2137 4507 3732 4591">
    <p class='ocr_par' dir='ltr' id='par_1_89' title="bbox 2137 4507 3732 4591">
     <span class='ocr_line' id='line_1_89' title="bbox 2137 4507 3732 4591; baseline 0.009 -31"><span class='ocrx_word' id='word_1_631' title='bbox 2137 4507 2237 4578; x_wconf 84' lang='grc' dir='ltr'>τὴν</span> <span class='ocrx_word' id='word_1_632' title='bbox 2263 4509 2579 4580; x_wconf 86' lang='grc' dir='ltr'>ἀδιαίρετον</span> <span class='ocrx_word' id='word_1_633' title='bbox 2628 4513 2957 4584; x_wconf 79' lang='grc' dir='ltr'>ἀμφοτέρων</span> <span class='ocrx_word' id='word_1_634' title='bbox 3004 4518 3062 4569; x_wconf 72' lang='grc' dir='ltr'>ἑν</span> <span class='ocrx_word' id='word_1_635' title='bbox 3116 4518 3413 4572; x_wconf 81' lang='grc' dir='ltr'>ὑποστάσει</span> <span class='ocrx_word' id='word_1_636' title='bbox 3471 4521 3574 4591; x_wconf 82' lang='grc' dir='ltr'><strong>μιᾷ</strong></span> <span class='ocrx_word' id='word_1_637' title='bbox 3624 4522 3732 4576; x_wconf 70' lang='grc' dir='ltr'>κεὶ</span> 
     </span>
    </p>
   </div>
   <div class='ocr_carea' id='block_1_90' title="bbox 2139 4601 3733 4681">
    <p class='ocr_par' dir='ltr' id='par_1_90' title="bbox 2139 4601 3733 4681">
     <span class='ocr_line' id='line_1_90' title="bbox 2139 4601 3733 4681; baseline 0.008 -28"><span class='ocrx_word' id='word_1_638' title='bbox 2139 4601 2454 4672; x_wconf 83' lang='grc' dir='ltr'>ἀσύγχυτον</span> <span class='ocrx_word' id='word_1_639' title='bbox 2485 4604 2707 4661; x_wconf 71' lang='grc' dir='ltr'>ἕνωσιν.</span> <span class='ocrx_word' id='word_1_640' title='bbox 2756 4607 2906 4678; x_wconf 80' lang='grc' dir='ltr'>Πλὴν</span> <span class='ocrx_word' id='word_1_641' title='bbox 2934 4609 3036 4661; x_wconf 80' lang='grc' dir='ltr'>οὐκ</span> <span class='ocrx_word' id='word_1_642' title='bbox 3077 4610 3457 4681; x_wconf 82' lang='grc' dir='ltr'>ἀπερίτμητος</span> <span class='ocrx_word' id='word_1_643' title='bbox 3486 4613 3596 4666; x_wconf 79' lang='grc' dir='ltr'>οὐδ’</span> <span class='ocrx_word' id='word_1_644' title='bbox 3625 4616 3733 4669; x_wconf 77' lang='grc' dir='ltr'><strong>ἀ).-</strong></span> 
     </span>
    </p>
   </div>
   <div class='ocr_carea' id='block_1_91' title="bbox 2138 4690 3730 4774">
    <p class='ocr_par' dir='ltr' id='par_1_91' title="bbox 2138 4690 3730 4774">
     <span class='ocr_line' id='line_1_91' title="bbox 2138 4690 3730 4774; baseline 0.01 -31"><span class='ocrx_word' id='word_1_645' title='bbox 2138 4690 2367 4763; x_wconf 79' lang='grc' dir='ltr'>λογενὴς</span> <span class='ocrx_word' id='word_1_646' title='bbox 2429 4695 2608 4749; x_wconf 75' lang='grc' dir='ltr'>ἔδεται</span> <span class='ocrx_word' id='word_1_647' title='bbox 2647 4697 2708 4761; x_wconf 75' lang='grc' dir='ltr'>ἐξ</span> <span class='ocrx_word' id='word_1_648' title='bbox 2757 4699 2948 4762; x_wconf 82' lang='grc' dir='ltr'>αὑτοῦ,</span> <span class='ocrx_word' id='word_1_649' title='bbox 3006 4700 3142 4753; x_wconf 83' lang='grc' dir='ltr'><strong>ἀλλά</strong></span> <span class='ocrx_word' id='word_1_650' title='bbox 3182 4703 3344 4770; x_wconf 82' lang='grc' dir='ltr'>μόνον</span> <span class='ocrx_word' id='word_1_651' title='bbox 3407 4704 3508 4774; x_wconf 81' lang='grc' dir='ltr'><strong>τῆς</strong></span> <span class='ocrx_word' id='word_1_652' title='bbox 3565 4706 3730 4772; x_wconf 83' lang='grc' dir='ltr'>Θείας</span> 
     </span>
    </p>
   </div>
   <div class='ocr_carea' id='block_1_92' title="bbox 445 4764 2019 4866">
    <p class='ocr_par' dir='ltr' id='par_1_92' title="bbox 445 4779 2019 4857">
     <span class='ocr_line' id='line_1_92' title="bbox 445 4779 2019 4857; baseline -0.007 -13"><span class='ocrx_word' id='word_1_653' title='bbox 445 4791 564 4857; x_wconf 89' lang='lat' dir='ltr'><strong>ipso</strong></span> <span class='ocrx_word' id='word_1_654' title='bbox 597 4787 874 4848; x_wconf 86' lang='lat' dir='ltr'><strong>comedit;</strong></span> <span class='ocrx_word' id='word_1_655' title='bbox 916 4784 1009 4838; x_wconf 87' lang='lat' dir='ltr'><strong>sed</strong></span> <span class='ocrx_word' id='word_1_656' title='bbox 1042 4783 1144 4836; x_wconf 84' lang='lat' dir='ltr'><strong>hac</strong></span> <span class='ocrx_word' id='word_1_657' title='bbox 1177 4780 1360 4835; x_wconf 88' lang='lat' dir='ltr'><strong>divina</strong></span> <span class='ocrx_word' id='word_1_658' title='bbox 1390 4795 1574 4832; x_wconf 86' lang='lat' dir='ltr'><strong>mensa</strong></span> <span class='ocrx_word' id='word_1_659' title='bbox 1617 4779 1716 4832; x_wconf 88' lang='lat' dir='ltr'><strong>soli</strong></span> <span class='ocrx_word' id='word_1_660' title='bbox 1745 4780 1820 4833; x_wconf 93' lang='lat' dir='ltr'><strong>illi</strong></span> <span class='ocrx_word' id='word_1_661' title='bbox 1878 4781 2019 4848; x_wconf 86' lang='lat' dir='ltr'><strong>digni</strong></span> 
     </span>
    </p>
   </div>
   <div class='ocr_carea' id='block_1_93' title="bbox 2130 4764 3729 4866">
    <p class='ocr_par' dir='ltr' id='par_1_93' title="bbox 2139 4764 3729 4866">
     <span class='ocr_line' id='line_1_93' title="bbox 2139 4764 3729 4866; baseline 0.011 -28"><span class='ocrx_word' id='word_1_662' title='bbox 2139 4784 2418 4851; x_wconf 78' lang='grc' dir='ltr'>ἀξιοῦνται</span> <span class='ocrx_word' id='word_1_663' title='bbox 2449 4791 2756 4860; x_wconf 73' lang='grc' dir='ltr'>τραπέζης,</span> <span class='ocrx_word' id='word_1_664' title='bbox 2797 4793 2912 4846; x_wconf 84' lang='grc' dir='ltr'>ὅσοι</span> <span class='ocrx_word' id='word_1_665' title='bbox 2948 4792 3019 4845; x_wconf 78' lang='grc' dir='ltr'><strong>τὰ</strong></span> <span class='ocrx_word' id='word_1_666' title='bbox 3063 4764 3232 4864; x_wconf 75' lang='grc' dir='ltr'>γήϊνα</span> <span class='ocrx_word' id='word_1_667' title='bbox 3279 4764 3626 4866; x_wconf 73' lang='grc' dir='ltr'>περιελόντες</span> <span class='ocrx_word' id='word_1_668' title='bbox 3660 4764 3729 4856; x_wconf 55' lang='grc' dir='ltr'><strong>εὖ</strong></span> 
     </span>
    </p>
   </div>
   <div class='ocr_carea' id='block_1_94' title="bbox 443 4871 2030 4946">
    <p class='ocr_par' dir='ltr' id='par_1_94' title="bbox 443 4871 2030 4946">
     <span class='ocr_line' id='line_1_94' title="bbox 443 4871 2030 4946; baseline -0.008 -10"><span class='ocrx_word' id='word_1_669' title='bbox 443 4892 762 4946; x_wconf 69' lang='grc' dir='ltr'>ειτιιεθιιιιιτ,</span> <span class='ocrx_word' id='word_1_670' title='bbox 798 4877 888 4946; x_wconf 90' lang='lat' dir='ltr'><strong>qui</strong></span> <span class='ocrx_word' id='word_1_671' title='bbox 917 4914 932 4939; x_wconf 97' lang='lat'><strong>,</strong></span> <span class='ocrx_word' id='word_1_672' title='bbox 959 4873 1253 4941; x_wconf 89' lang='lat' dir='ltr'><strong>amputatis</strong></span> <span class='ocrx_word' id='word_1_673' title='bbox 1287 4871 1519 4925; x_wconf 89' lang='lat' dir='ltr'><strong>terrenis</strong></span> <span class='ocrx_word' id='word_1_674' title='bbox 1549 4912 1563 4933; x_wconf 90' lang='lat'><strong>,</strong></span> <span class='ocrx_word' id='word_1_675' title='bbox 1600 4871 1652 4924; x_wconf 94' lang='lat' dir='ltr'><strong>in</strong></span> <span class='ocrx_word' id='word_1_676' title='bbox 1706 4872 2030 4938; x_wconf 73' lang='lat' dir='ltr'><strong>inexspolia-</strong></span> 
     </span>
    </p>
   </div>
   <div class='ocr_carea' id='block_1_95' title="bbox 443 4963 2027 5037">
    <p class='ocr_par' dir='ltr' id='par_1_95' title="bbox 443 4963 2027 5037">
     <span class='ocr_line' id='line_1_95' title="bbox 443 4963 2027 5037; baseline -0.008 -8"><span class='ocrx_word' id='word_1_677' title='bbox 443 4977 587 5029; x_wconf 80' lang='lat' dir='ltr'><strong>tione</strong></span> <span class='ocrx_word' id='word_1_678' title='bbox 617 4974 795 5027; x_wconf 75' lang='lat' dir='ltr'><strong>carnis</strong></span> <span class='ocrx_word' id='word_1_679' title='bbox 831 4985 921 5037; x_wconf 86' lang='lat' dir='ltr'><strong>per</strong></span> <span class='ocrx_word' id='word_1_680' title='bbox 941 4963 1397 5021; x_wconf 76' lang='lat' dir='ltr'><strong>circumcisiouem</strong></span> <span class='ocrx_word' id='word_1_681' title='bbox 1433 4979 1535 5016; x_wconf 83' lang='lat' dir='ltr'><strong>non</strong></span> <span class='ocrx_word' id='word_1_682' title='bbox 1567 4964 1927 5030; x_wconf 77' lang='lat' dir='ltr'><strong>manufactam</strong></span> <span class='ocrx_word' id='word_1_683' title='bbox 1955 4965 2027 5029; x_wconf 69' lang='grc' dir='ltr'><strong>ιο,</strong></span> 
     </span>
    </p>
   </div>
   <div class='ocr_carea' id='block_1_96' title="bbox 444 5054 2029 5137">
    <p class='ocr_par' dir='ltr' id='par_1_96' title="bbox 444 5054 2029 5137">
     <span class='ocr_line' id='line_1_96' title="bbox 444 5054 2029 5137; baseline -0.006 -18"><span class='ocrx_word' id='word_1_684' title='bbox 444 5085 542 5137; x_wconf 72' lang='lat' dir='ltr'><strong>per</strong></span> <span class='ocrx_word' id='word_1_685' title='bbox 575 5067 904 5133; x_wconf 86' lang='lat' dir='ltr'><strong>baptismum</strong></span> <span class='ocrx_word' id='word_1_686' title='bbox 928 5057 1198 5122; x_wconf 87' lang='lat' dir='ltr'><strong>videlicet,</strong></span> <span class='ocrx_word' id='word_1_687' title='bbox 1232 5055 1485 5109; x_wconf 72' lang='lat' dir='ltr'><strong>coalcstes</strong></span> <span class='ocrx_word' id='word_1_688' title='bbox 1503 5054 1678 5108; x_wconf 79' lang='lat' dir='ltr'><strong>ellecti</strong></span> <span class='ocrx_word' id='word_1_689' title='bbox 1711 5066 1857 5120; x_wconf 86' lang='lat' dir='ltr'><strong>sunt,</strong></span> <span class='ocrx_word' id='word_1_690' title='bbox 1906 5071 2029 5109; x_wconf 86' lang='lat' dir='ltr'><strong>vere</strong></span> 
     </span>
    </p>
   </div>
   <div class='ocr_carea' id='block_1_97' title="bbox 444 5149 2028 5230">
    <p class='ocr_par' dir='ltr' id='par_1_97' title="bbox 444 5149 2028 5230">
     <span class='ocr_line' id='line_1_97' title="bbox 444 5149 2028 5230; baseline -0.004 -21"><span class='ocrx_word' id='word_1_691' title='bbox 444 5163 694 5230; x_wconf 82' lang='lat' dir='ltr'><strong>populus,</strong></span> <span class='ocrx_word' id='word_1_692' title='bbox 729 5158 821 5211; x_wconf 87' lang='lat' dir='ltr'><strong>Dei</strong></span> <span class='ocrx_word' id='word_1_693' title='bbox 845 5170 968 5224; x_wconf 80' lang='lat' dir='ltr'><strong>gens</strong></span> <span class='ocrx_word' id='word_1_694' title='bbox 1002 5163 1208 5214; x_wconf 83' lang='lat' dir='ltr'><strong>sancta,</strong></span> <span class='ocrx_word' id='word_1_695' title='bbox 1234 5149 1405 5225; x_wconf 61' lang='lat' dir='ltr'><strong>regule</strong></span> <span class='ocrx_word' id='word_1_696' title='bbox 1433 5151 1784 5202; x_wconf 80' lang='lat' dir='ltr'><strong>sacerdotium</strong></span> <span class='ocrx_word' id='word_1_697' title='bbox 1807 5159 1856 5203; x_wconf 81' lang='lat' dir='ltr'><strong>et</strong></span> <span class='ocrx_word' id='word_1_698' title='bbox 1897 5166 2028 5204; x_wconf 82' lang='lat' dir='ltr'><strong>nova</strong></span> 
     </span>
    </p>
   </div>
   <div class='ocr_carea' id='block_1_98' title="bbox 445 5241 2030 5313">
    <p class='ocr_par' dir='ltr' id='par_1_98' title="bbox 445 5241 2030 5313">
     <span class='ocr_line' id='line_1_98' title="bbox 445 5241 2030 5313; baseline -0.006 -7"><span class='ocrx_word' id='word_1_699' title='bbox 445 5254 730 5308; x_wconf 75' lang='lat' dir='ltr'><strong>Iiwredt‘tas</strong></span> <span class='ocrx_word' id='word_1_700' title='bbox 748 5251 816 5312; x_wconf 63' lang='grc' dir='ltr'>δ’,</span> <span class='ocrx_word' id='word_1_701' title='bbox 862 5261 1116 5313; x_wconf 81' lang='lat' dir='ltr'><strong>tanquam</strong></span> <span class='ocrx_word' id='word_1_702' title='bbox 1148 5243 1236 5312; x_wconf 89' lang='lat' dir='ltr'><strong>qui</strong></span> <span class='ocrx_word' id='word_1_703' title='bbox 1267 5253 1503 5296; x_wconf 80' lang='lat' dir='ltr'><strong>veterem</strong></span> <span class='ocrx_word' id='word_1_704' title='bbox 1541 5242 1811 5297; x_wconf 80' lang='lat' dir='ltr'><strong>hominem</strong></span> <span class='ocrx_word' id='word_1_705' title='bbox 1860 5241 2030 5310; x_wconf 85' lang='lat' dir='ltr'><strong>depo-</strong></span> 
     </span>
    </p>
   </div>
   <div class='ocr_carea' id='block_1_99' title="bbox 445 5335 2031 5403">
    <p class='ocr_par' dir='ltr' id='par_1_99' title="bbox 445 5335 2031 5403">
     <span class='ocr_line' id='line_1_99' title="bbox 445 5335 2031 5403; baseline -0.005 -4"><span class='ocrx_word' id='word_1_706' title='bbox 445 5353 696 5401; x_wconf 82' lang='lat' dir='ltr'><strong>suerunt.</strong></span> <span class='ocrx_word' id='word_1_707' title='bbox 727 5350 784 5394; x_wconf 91' lang='lat' dir='ltr'><strong>et</strong></span> <span class='ocrx_word' id='word_1_708' title='bbox 810 5341 861 5393; x_wconf 87' lang='lat' dir='ltr'><strong>itt</strong></span> <span class='ocrx_word' id='word_1_709' title='bbox 891 5339 1133 5393; x_wconf 81' lang='lat' dir='ltr'><strong>novitate</strong></span> <span class='ocrx_word' id='word_1_710' title='bbox 1160 5336 1280 5388; x_wconf 83' lang='lat' dir='ltr'><strong>\ita:</strong></span> <span class='ocrx_word' id='word_1_711' title='bbox 1310 5351 1406 5403; x_wconf 89' lang='lat' dir='ltr'><strong>per</strong></span> <span class='ocrx_word' id='word_1_712' title='bbox 1435 5335 1747 5403; x_wconf 85' lang='lat' dir='ltr'><strong>spirituales</strong></span> <span class='ocrx_word' id='word_1_713' title='bbox 1790 5335 2031 5391; x_wconf 87' lang='lat' dir='ltr'><strong>actiones</strong></span> 
     </span>
    </p>
   </div>
   <div class='ocr_carea' id='block_1_100' title="bbox 447 5436 748 5490">
    <p class='ocr_par' dir='ltr' id='par_1_100' title="bbox 447 5436 748 5490">
     <span class='ocr_line' id='line_1_100' title="bbox 447 5436 748 5490; baseline -0.007 0"><span class='ocrx_word' id='word_1_714' title='bbox 447 5436 748 5490; x_wconf 79' lang='lat' dir='ltr'><strong>ambulant.</strong></span> 
     </span>
    </p>
   </div>
   <div class='ocr_carea' id='block_1_101' title="bbox 519 5518 2029 5591">
    <p class='ocr_par' dir='ltr' id='par_1_101' title="bbox 519 5518 2029 5591">
     <span class='ocr_line' id='line_1_101' title="bbox 519 5518 2029 5591; baseline -0.003 -15"><span class='ocrx_word' id='word_1_715' title='bbox 519 5525 619 5589; x_wconf 80' lang='lat' dir='ltr'><strong>Qui</strong></span> <span class='ocrx_word' id='word_1_716' title='bbox 653 5518 707 5578; x_wconf 84' lang='lat' dir='ltr'><strong>et</strong></span> <span class='ocrx_word' id='word_1_717' title='bbox 730 5532 940 5576; x_wconf 85' lang='lat' dir='ltr'><strong>stantes</strong></span> <span class='ocrx_word' id='word_1_718' title='bbox 981 5522 1189 5591; x_wconf 79' lang='lat' dir='ltr'><strong>Agnum</strong></span> <span class='ocrx_word' id='word_1_719' title='bbox 1225 5523 1570 5586; x_wconf 85' lang='lat' dir='ltr'><strong>manducant,</strong></span> <span class='ocrx_word' id='word_1_720' title='bbox 1598 5528 1653 5575; x_wconf 89' lang='lat' dir='ltr'><strong>et</strong></span> <span class='ocrx_word' id='word_1_721' title='bbox 1694 5536 1815 5576; x_wconf 88' lang='lat' dir='ltr'><strong>cum</strong></span> <span class='ocrx_word' id='word_1_722' title='bbox 1875 5521 2029 5590; x_wconf 75' lang='lat' dir='ltr'><strong>festi-</strong></span> 
     </span>
    </p>
   </div>
   <div class='ocr_carea' id='block_1_102' title="bbox 445 5611 2028 5680">
    <p class='ocr_par' dir='ltr' id='par_1_102' title="bbox 445 5611 2028 5680">
     <span class='ocr_line' id='line_1_102' title="bbox 445 5611 2028 5680; baseline -0.002 -11"><span class='ocrx_word' id='word_1_723' title='bbox 445 5618 681 5677; x_wconf 79' lang='lat' dir='ltr'><strong>natione,</strong></span> <span class='ocrx_word' id='word_1_724' title='bbox 705 5611 933 5668; x_wconf 85' lang='lat' dir='ltr'><strong>accincti</strong></span> <span class='ocrx_word' id='word_1_725' title='bbox 958 5613 1169 5668; x_wconf 86' lang='lat' dir='ltr'><strong>lumbos</strong></span> <span class='ocrx_word' id='word_1_726' title='bbox 1195 5627 1345 5677; x_wconf 88' lang='lat' dir='ltr'><strong>suos,</strong></span> <span class='ocrx_word' id='word_1_727' title='bbox 1378 5623 1433 5667; x_wconf 87' lang='lat' dir='ltr'><strong>et</strong></span> <span class='ocrx_word' id='word_1_728' title='bbox 1461 5611 1684 5667; x_wconf 88' lang='lat' dir='ltr'><strong>calceati</strong></span> <span class='ocrx_word' id='word_1_729' title='bbox 1732 5613 1919 5680; x_wconf 86' lang='lat' dir='ltr'><strong>pedes,</strong></span> <span class='ocrx_word' id='word_1_730' title='bbox 1973 5619 2028 5666; x_wconf 87' lang='lat' dir='ltr'><strong>et</strong></span> 
     </span>
    </p>
   </div>
   <div class='ocr_carea' id='block_1_103' title="bbox 447 5701 2026 5772">
    <p class='ocr_par' dir='ltr' id='par_1_103' title="bbox 447 5701 2026 5772">
     <span class='ocr_line' id='line_1_103' title="bbox 447 5701 2026 5772; baseline -0.001 -14"><span class='ocrx_word' id='word_1_731' title='bbox 447 5708 589 5759; x_wconf 81' lang='lat' dir='ltr'><strong>velut</strong></span> <span class='ocrx_word' id='word_1_732' title='bbox 615 5706 846 5758; x_wconf 81' lang='lat' dir='ltr'><strong>viatores</strong></span> <span class='ocrx_word' id='word_1_733' title='bbox 875 5720 1034 5758; x_wconf 87' lang='lat' dir='ltr'><strong>manu</strong></span> <span class='ocrx_word' id='word_1_734' title='bbox 1066 5703 1290 5759; x_wconf 86' lang='lat' dir='ltr'><strong>baculos</strong></span> <span class='ocrx_word' id='word_1_735' title='bbox 1343 5711 1551 5758; x_wconf 89' lang='lat' dir='ltr'><strong>tenent.</strong></span> <span class='ocrx_word' id='word_1_736' title='bbox 1609 5701 1758 5757; x_wconf 87' lang='lat' dir='ltr'><strong>Zona</strong></span> <span class='ocrx_word' id='word_1_737' title='bbox 1817 5711 2026 5772; x_wconf 86' lang='lat' dir='ltr'><strong>tempe-</strong></span> 
     </span>
    </p>
   </div>
   <div class='ocr_carea' id='block_1_104' title="bbox 519 5866 1586 5945">
    <p class='ocr_par' dir='ltr' id='par_1_104' title="bbox 519 5866 1586 5945">
     <span class='ocr_line' id='line_1_104' title="bbox 519 5866 1586 5945; baseline -0.001 -12"><span class='ocrx_word' id='word_1_738' title='bbox 519 5879 565 5910; x_wconf 76' lang='grc' dir='ltr'><strong>⁸ο</strong></span> <span class='ocrx_word' id='word_1_739' title='bbox 595 5879 801 5935; x_wconf 84' lang='lat' dir='ltr'><strong>Coluss.</strong></span> <span class='ocrx_word' id='word_1_740' title='bbox 841 5897 900 5945; x_wconf 85' lang='lat' dir='ltr'><strong>ll,</strong></span> <span class='ocrx_word' id='word_1_741' title='bbox 937 5881 1021 5936; x_wconf 84' lang='lat' dir='ltr'><strong>H.</strong></span> <span class='ocrx_word' id='word_1_742' title='bbox 1101 5880 1146 5911; x_wconf 67' lang='grc' dir='ltr'>δ’</span> <span class='ocrx_word' id='word_1_743' title='bbox 1179 5866 1211 5931; x_wconf 73' lang='grc' dir='ltr'>ἴ</span> <span class='ocrx_word' id='word_1_744' title='bbox 1243 5878 1389 5936; x_wconf 79' lang='lat' dir='ltr'><strong>Petr.</strong></span> <span class='ocrx_word' id='word_1_745' title='bbox 1433 5894 1494 5944; x_wconf 90' lang='lat' dir='ltr'><strong>II,</strong></span> <span class='ocrx_word' id='word_1_746' title='bbox 1531 5878 1586 5933; x_wconf 87' lang='lat'><strong>9.</strong></span> 
     </span>
    </p>
   </div>
   <div class='ocr_carea' id='block_1_105' title="bbox 2135 4880 3729 4959">
    <p class='ocr_par' dir='ltr' id='par_1_105' title="bbox 2135 4880 3729 4959">
     <span class='ocr_line' id='line_1_105' title="bbox 2135 4880 3729 4959; baseline 0.009 -25"><span class='ocrx_word' id='word_1_747' title='bbox 2135 4880 2208 4948; x_wconf 77' lang='grc' dir='ltr'><strong>τῇ</strong></span> <span class='ocrx_word' id='word_1_748' title='bbox 2237 4881 2564 4936; x_wconf 76' lang='grc' dir='ltr'>ἀπεκδύσει</span> <span class='ocrx_word' id='word_1_749' title='bbox 2589 4883 2704 4950; x_wconf 83' lang='grc' dir='ltr'>τῆς</span> <span class='ocrx_word' id='word_1_750' title='bbox 2732 4886 2962 4951; x_wconf 82' lang='grc' dir='ltr'>σαρκὸς</span> <span class='ocrx_word' id='word_1_751' title='bbox 2987 4886 3084 4940; x_wconf 78' lang='grc' dir='ltr'>διὰ</span> <span class='ocrx_word' id='word_1_752' title='bbox 3117 4887 3227 4955; x_wconf 80' lang='grc' dir='ltr'>τῆς</span> <span class='ocrx_word' id='word_1_753' title='bbox 3249 4891 3729 4959; x_wconf 78' lang='grc' dir='ltr'>ἀχειροποιήτίυ</span> 
     </span>
    </p>
   </div>
   <div class='ocr_carea' id='block_1_106' title="bbox 2137 4973 3727 5054">
    <p class='ocr_par' dir='ltr' id='par_1_106' title="bbox 2137 4973 3727 5054">
     <span class='ocr_line' id='line_1_106' title="bbox 2137 4973 3727 5054; baseline 0.009 -29"><span class='ocrx_word' id='word_1_754' title='bbox 2137 4973 2507 5043; x_wconf 78' lang='grc' dir='ltr'>περιτομῆς.</span> <span class='ocrx_word' id='word_1_755' title='bbox 2561 4974 2656 5028; x_wconf 88' lang='grc' dir='ltr'><strong>τοῦ</strong></span> <span class='ocrx_word' id='word_1_756' title='bbox 2714 4975 3118 5046; x_wconf 85' lang='grc' dir='ltr'>βαπτίσματος,</span> <span class='ocrx_word' id='word_1_757' title='bbox 3143 4981 3384 5049; x_wconf 82' lang='grc' dir='ltr'>οὐράνιοι</span> <span class='ocrx_word' id='word_1_758' title='bbox 3433 4986 3727 5054; x_wconf 76' lang='grc' dir='ltr'>γεγόνασι,</span> 
     </span>
    </p>
   </div>
   <div class='ocr_carea' id='block_1_107' title="bbox 2138 5062 3730 5138">
    <p class='ocr_par' dir='ltr' id='par_1_107' title="bbox 2138 5062 3730 5138">
     <span class='ocr_line' id='line_1_107' title="bbox 2138 5062 3730 5138; baseline 0.008 -23"><span class='ocrx_word' id='word_1_759' title='bbox 2138 5063 2235 5116; x_wconf 82' lang='grc' dir='ltr'>καὶ</span> <span class='ocrx_word' id='word_1_760' title='bbox 2266 5064 2418 5130; x_wconf 79' lang='grc' dir='ltr'><strong>λαὸς</strong></span> <span class='ocrx_word' id='word_1_761' title='bbox 2452 5062 2668 5129; x_wconf 86' lang='grc' dir='ltr'>ἀληθῶς</span> <span class='ocrx_word' id='word_1_762' title='bbox 2697 5067 2804 5118; x_wconf 85' lang='grc' dir='ltr'>είσι</span> <span class='ocrx_word' id='word_1_763' title='bbox 2830 5066 2940 5120; x_wconf 87' lang='grc' dir='ltr'><strong>τοῦ</strong></span> <span class='ocrx_word' id='word_1_764' title='bbox 2977 5069 3150 5129; x_wconf 80' lang='grc' dir='ltr'>Θεοῦ,</span> <span class='ocrx_word' id='word_1_765' title='bbox 3170 5069 3349 5134; x_wconf 75' lang='grc' dir='ltr'>ἔθνος</span> <span class='ocrx_word' id='word_1_766' title='bbox 3381 5071 3575 5138; x_wconf 48' lang='grc' dir='ltr'>ἄίιον,</span> <span class='ocrx_word' id='word_1_767' title='bbox 3603 5077 3730 5138; x_wconf 75' lang='grc' dir='ltr'><strong>,ϐα-</strong></span> 
     </span>
    </p>
   </div>
   <div class='ocr_carea' id='block_1_108' title="bbox 2139 5153 3728 5230">
    <p class='ocr_par' dir='ltr' id='par_1_108' title="bbox 2139 5153 3728 5230">
     <span class='ocr_line' id='line_1_108' title="bbox 2139 5153 3728 5230; baseline 0.008 -24"><span class='ocrx_word' id='word_1_768' title='bbox 2139 5153 2378 5208; x_wconf 71' lang='grc' dir='ltr'>σίλειον</span> <span class='ocrx_word' id='word_1_769' title='bbox 2411 5157 2749 5226; x_wconf 71' lang='grc' dir='ltr'>ἱεράτευμα,</span> <span class='ocrx_word' id='word_1_770' title='bbox 2789 5159 2890 5211; x_wconf 80' lang='grc' dir='ltr'>καὶ</span> <span class='ocrx_word' id='word_1_771' title='bbox 2933 5157 3042 5212; x_wconf 72' lang='grc' dir='ltr'>νέα</span> <span class='ocrx_word' id='word_1_772' title='bbox 3075 5163 3470 5230; x_wconf 74' lang='grc' dir='ltr'>κληρονομία,</span> <span class='ocrx_word' id='word_1_773' title='bbox 3518 5164 3593 5227; x_wconf 81' lang='grc' dir='ltr'><strong>ὡς</strong></span> <span class='ocrx_word' id='word_1_774' title='bbox 3627 5169 3728 5222; x_wconf 69' lang='grc' dir='ltr'><strong>τὸν</strong></span> 
     </span>
    </p>
   </div>
   <div class='ocr_carea' id='block_1_109' title="bbox 2135 5245 3725 5325">
    <p class='ocr_par' dir='ltr' id='par_1_109' title="bbox 2135 5245 3725 5325">
     <span class='ocr_line' id='line_1_109' title="bbox 2135 5245 3725 5325; baseline 0.009 -28"><span class='ocrx_word' id='word_1_775' title='bbox 2135 5245 2365 5299; x_wconf 79' lang='grc' dir='ltr'>παλαιὸν</span> <span class='ocrx_word' id='word_1_776' title='bbox 2413 5249 2745 5319; x_wconf 79' lang='grc' dir='ltr'>ἀποθέμενοι</span> <span class='ocrx_word' id='word_1_777' title='bbox 2797 5252 3121 5321; x_wconf 78' lang='grc' dir='ltr'>ἄνθρωπον,</span> <span class='ocrx_word' id='word_1_778' title='bbox 3184 5254 3279 5305; x_wconf 77' lang='grc' dir='ltr'><strong>καὶ</strong></span> <span class='ocrx_word' id='word_1_779' title='bbox 3313 5255 3373 5305; x_wconf 82' lang='grc' dir='ltr'>ἐν</span> <span class='ocrx_word' id='word_1_780' title='bbox 3434 5258 3725 5325; x_wconf 84' lang='grc' dir='ltr'>καινότητι</span> 
     </span>
    </p>
   </div>
   <div class='ocr_carea' id='block_1_110' title="bbox 2135 5339 3722 5420">
    <p class='ocr_par' dir='ltr' id='par_1_110' title="bbox 2135 5339 3722 5420">
     <span class='ocr_line' id='line_1_110' title="bbox 2135 5339 3722 5420; baseline 0.008 -28"><span class='ocrx_word' id='word_1_781' title='bbox 2135 5339 2283 5410; x_wconf 80' lang='grc' dir='ltr'>ζωῆς</span> <span class='ocrx_word' id='word_1_782' title='bbox 2324 5340 2411 5394; x_wconf 83' lang='grc' dir='ltr'><strong>διὰ</strong></span> <span class='ocrx_word' id='word_1_783' title='bbox 2448 5341 2560 5395; x_wconf 90' lang='grc' dir='ltr'><strong>τῶν</strong></span> <span class='ocrx_word' id='word_1_784' title='bbox 2609 5345 2998 5415; x_wconf 80' lang='grc' dir='ltr'>πνευματικῶν</span> <span class='ocrx_word' id='word_1_785' title='bbox 3040 5344 3295 5416; x_wconf 83' lang='grc' dir='ltr'>πράξεων</span> <span class='ocrx_word' id='word_1_786' title='bbox 3341 5347 3722 5420; x_wconf 73' lang='grc' dir='ltr'>πολιτευόμε-</span> 
     </span>
    </p>
   </div>
   <div class='ocr_carea' id='block_1_111' title="bbox 2135 5450 2238 5487">
    <p class='ocr_par' dir='ltr' id='par_1_111' title="bbox 2135 5450 2238 5487">
     <span class='ocr_line' id='line_1_111' title="bbox 2135 5450 2238 5487; baseline 0.029 -3"><span class='ocrx_word' id='word_1_787' title='bbox 2135 5450 2238 5487; x_wconf 79' lang='grc' dir='ltr'>νοι.</span> 
     </span>
    </p>
   </div>
   <div class='ocr_carea' id='block_1_112' title="bbox 2207 5519 3724 5605">
    <p class='ocr_par' dir='ltr' id='par_1_112' title="bbox 2207 5519 3724 5605">
     <span class='ocr_line' id='line_1_112' title="bbox 2207 5519 3724 5605; baseline 0.005 -25"><span class='ocrx_word' id='word_1_788' title='bbox 2207 5527 2316 5580; x_wconf 78' lang='grc' dir='ltr'><strong>Καὶ</strong></span> <span class='ocrx_word' id='word_1_789' title='bbox 2347 5519 2492 5582; x_wconf 71' lang='grc' dir='ltr'>οὗτοι</span> <span class='ocrx_word' id='word_1_790' title='bbox 2521 5527 2579 5580; x_wconf 77' lang='grc' dir='ltr'>δὲ</span> <span class='ocrx_word' id='word_1_791' title='bbox 2611 5529 2779 5582; x_wconf 85' lang='grc' dir='ltr'>πάλιν</span> <span class='ocrx_word' id='word_1_792' title='bbox 2811 5531 3104 5601; x_wconf 82' lang='grc' dir='ltr'>ἑστηκότες</span> <span class='ocrx_word' id='word_1_793' title='bbox 3137 5531 3429 5600; x_wconf 79' lang='grc' dir='ltr'>φάγονται,</span> <span class='ocrx_word' id='word_1_794' title='bbox 3455 5536 3549 5587; x_wconf 75' lang='grc' dir='ltr'>καὶ</span> <span class='ocrx_word' id='word_1_795' title='bbox 3577 5539 3724 5605; x_wconf 74' lang='grc' dir='ltr'>μετὰ</span> 
     </span>
    </p>
   </div>
   <div class='ocr_carea' id='block_1_113' title="bbox 2136 5617 3725 5695">
    <p class='ocr_par' dir='ltr' id='par_1_113' title="bbox 2136 5617 3725 5695">
     <span class='ocr_line' id='line_1_113' title="bbox 2136 5617 3725 5695; baseline 0.005 -23"><span class='ocrx_word' id='word_1_796' title='bbox 2136 5617 2417 5684; x_wconf 77' lang='grc' dir='ltr'>σπουδῆς</span> <span class='ocrx_word' id='word_1_797' title='bbox 2451 5621 2886 5689; x_wconf 82' lang='grc' dir='ltr'>περιεζωσμένοι</span> <span class='ocrx_word' id='word_1_798' title='bbox 2938 5621 3038 5693; x_wconf 80' lang='grc' dir='ltr'><strong>τὴν</strong></span> <span class='ocrx_word' id='word_1_799' title='bbox 3093 5622 3285 5692; x_wconf 79' lang='grc' dir='ltr'>ὀσφὺν,</span> <span class='ocrx_word' id='word_1_800' title='bbox 3337 5625 3725 5695; x_wconf 83' lang='grc' dir='ltr'>ὑποδεδεμένοι</span> 
     </span>
    </p>
   </div>
   <div class='ocr_carea' id='block_1_114' title="bbox 2135 5707 3728 5789">
    <p class='ocr_par' dir='ltr' id='par_1_114' title="bbox 2135 5707 3728 5789">
     <span class='ocr_line' id='line_1_114' title="bbox 2135 5707 3728 5789; baseline 0.009 -29"><span class='ocrx_word' id='word_1_801' title='bbox 2135 5707 2261 5769; x_wconf 79' lang='grc' dir='ltr'>τοὺς</span> <span class='ocrx_word' id='word_1_802' title='bbox 2287 5708 2471 5774; x_wconf 69' lang='grc' dir='ltr'>πόδας,</span> <span class='ocrx_word' id='word_1_803' title='bbox 2503 5709 2598 5765; x_wconf 70' lang='grc' dir='ltr'>καὶ</span> <span class='ocrx_word' id='word_1_804' title='bbox 2626 5710 2923 5780; x_wconf 84' lang='grc' dir='ltr'>προσφυῶς</span> <span class='ocrx_word' id='word_1_805' title='bbox 2947 5711 3023 5775; x_wconf 84' lang='grc' dir='ltr'>ὼς</span> <span class='ocrx_word' id='word_1_806' title='bbox 3053 5712 3325 5783; x_wconf 79' lang='grc' dir='ltr'>ὁδοιπόροι</span> <span class='ocrx_word' id='word_1_807' title='bbox 3353 5713 3728 5789; x_wconf 78' lang='grc' dir='ltr'>βακτηρεύον-</span> 
     </span>
    </p>
   </div>
  </div>
