4016 6494
286 504 380 566 90’)

1341 504 1423 565 ΙΝ
1477 504 2074 567 EXALTATIONEM
2117 506 2178 568 ετ.
2217 506 2519 572 CRUClS.

3465 509 3573 573 Q10

290 644 389 679 ται.
431 622 721 694 Ἐμφαίνει
747 621 805 677 δὲ
834 623 867 694 ή
897 620 996 692 μὲν
1022 619 1167 691 ζώνη
1200 621 1298 693 τὴν
1331 622 1708 692 σωφροσύνην,
1741 622 1865 674 ἐπεὶ

1980 622 2200 675 mntiam
2223 623 2519 693 signiﬁcat,
2547 633 2764 695 oportet
2796 623 2967 690 enim,
2993 632 3051 678 nt
3076 624 3415 679 orthodoxus
3454 627 3569 678 vir.

297 721 364 775 δεῖ
386 717 707 789 κοσμεῖσθαι
734 717 832 771 κα)⁸
861 718 980 779 ταῖς
1007 718 1234 788 ἀρεταῖς
1260 718 1352 771 τὸν
1372 713 1657 785 δρθόδοξον
1678 731 1692 748 ο
1717 715 1785 767 τά
1808 713 1867 766 δὲ

304 811 608 881 ὑποδήματα
661 809 764 879 τὴν
810 808 1150 879 ἀσφάλειαν,
1208 808 1352 863 ὥστε
1415 810 1514 864 καὶ
1562 806 1866 877 παραθέειν

304 900 530 965 ἀϐλαϐῶς
576 903 679 967 τὰς
715 901 961 964 ἀκάνθας
1005 901 1105 970 τῆς
1153 899 1468 972 ἁμαρτίας,
1517 900 1610 952 καὶ
1673 899 1868 951 πατεῖν

302 996 483 1051 ἐπάνω
535 995 732 1065 ὄφεων
760 994 859 1048 καὶ
895 994 1226 1064 σκορπίων,
1264 992 1363 1046 καί
1392 993 1491 1047 ἐπὶ
1516 991 1726 1048 πᾶσαν
1750 989 1867 1060 τὴν

301 1092 542 1162 δύναμιν
570 1090 678 1146 τοῦ
703 1088 945 1159 ἐχθροῦ.
990 1089 1054 1143 Ἦ
1091 1089 1150 1143 δὲ
1181 1088 1381 1161 ῥάϐδος
1423 1090 1524 1158 τὴν
1554 1090 1612 1142 ἐν
1645 1088 1867 1160 σταυρῷ

302 1184 551 1255 κραταιάν
602 1182 934 1252 πεποίθησιν
982 1182 1402 1249 ὑποδείκνυσιν,
1440 1176 1504 1235 οὗ
1538 1185 1603 1252 τῇ
1636 1181 1868 1251 δυνάμει

299 1275 377 1325 καὶ
407 1274 535 1336 τοὺς
557 1271 925 1335 ὑλακτοῦντας
950 1272 1293 1344 ἀμυνόμεθα,
1321 1273 1502 1326 καὶτὸ
1529 1274 1737 1343 κάμνον
1765 1273 1866 1342 τῆς

296 1364 461 1435 ψυχῆς
495 1365 873 1436 ὑπερείδομεν.
921 1365 995 1419 T6
1028 1382 1090 1431 γε
1118 1366 1226 1435 μὴν
1276 1365 1526 1433 ἑστάναι,
1580 1367 1676 1419 καὶ
1727 1365 1867 1433 μετά

298 1460 523 1529 σπουδῆς
552 1458 774 1525 ἐσθίειν,
805 1458 869 1513 τὸ
914 1459 988 1530 μὴ
1049 1458 1315 1529 ῥᾳθύμως
1376 1459 1515 1530 μηδὲ
1560 1459 1866 1529 ἀνειμένως

294 1551 586 1605 διακεῖσθαι
625 1551 909 1623 σημαίνει,
948 1551 1086 1622 μηδὲ
1115 1551 1606 1622 καταϐεϐλημένον
1634 1551 1783 1623 ἔχειν
1805 1552 1869 1605 τὸ

295 1643 579 1713 φρόνημα,
634 1642 754 1698 ἀλλ’
807 1643 1217 1714 ὲγηγερμένους
1280 1643 1377 1697 καὶ
1432 1644 1866 1713 συντεταμένως

294 1738 573 1808 ὑπάρχειν,
607 1735 751 1791 οὕτω
770 1737 986 1808 τρέχειν
1014 1734 1158 1793 ὥστε
1183 1736 1253 1791 τά
1285 1737 1386 1807 μὲν
1425 1736 1721 1807 δυνηθῆναι
1760 1753 1867 1805 φυ-

291 1832 427 1900 γεῖν,
485 1829 554 1884 τά
597 1830 656 1884 δὲ
712 1828 996 1901 ἐξισχῦσαι
1048 1829 1400 1884 καταλαϐεῖν.
1456 1831 1565 1884 Καὶ
1614 1832 1647 1901 ή
1712 1830 1866 1884 αἰτία

192 1965 199 1971 -
295 1928 490 1997 σαφής.
526 1925 714 1994 Πάσχα
741 1924 855 1995 γάρ
895 1925 1011 1978 ἐστι
1041 1924 1252 1994 Κυρίου
1289 1925 1382 1978 καὶ
1420 1925 1730 1995 ὑπὲρθασις
1762 1924 1865 1997 μὲν

292 2022 384 2090 τῆς
416 2018 800 2089 ὁλοθρευτικῆς
825 2017 1122 2088 τιμωρίας,
1161 2018 1466 2089 μετάϐασις
1509 2018 1567 2074 δὲ
1611 2020 1723 2074 άπὸ
1761 2019 1866 2090 γῆς

291 2113 368 2175 είς
405 2111 653 2183 οὐρανόν·
686 2107 831 2165 κατὰ
857 2109 1058 2164 σκοπὸν
1087 2109 1198 2182 γὰρ
1227 2111 1500 2179 διώκομεν
1527 2112 1619 2165 ἐπὶ
1641 2111 1704 2164 τὸ
1738 2112 1872 2182 βρα-

294 2206 437 2260 ϐεῖον
473 2207 571 2275 τῆς
602 2207 715 2261 ἄνω
754 2205 1023 2276 κλήσεως,
1056 2208 1152 2260 καὶ
1194 2208 1280 2262 δεῖ
1307 2206 1526 2270 πάντως
1565 2206 1870 2279 ἑστηκότας

293 2302 439 2371 ἡμᾶς
471 2295 634 2366 εἶναι,
671 2301 768 2355 καὶ
803 2300 911 2355 τῶν
955 2301 1163 2371 γηΐνων
1195 2301 1585 2372 ὑψηλοτέρους,
1630 2301 1871 2372 τρώγον-

291 2413 387 2458 τας
414 2392 476 2447 τὺ
503 2395 690 2464 πάσχα
735 2394 874 2466 μετὰ
918 2395 1185 2464 σπουδῆς.
1228 2395 1342 2465 Τὴν
1385 2396 1587 2467 ἀρετὴν
1639 2397 1696 2449 δὲ
1726 2394 1872 2449 οὕτω

293 2487 547 2541 καλοῦσιν
576 2488 626 2540 oi
663 2486 840 2556 σοφοὶ,
878 2488 973 2541 καὶ
1007 2488 1132 2552 τοὺς
1168 2487 1375 2558 ταύτης
1415 2489 1657 2559 ἐραστάς
1707 2506 1872 2543 σπου-

291 2579 473 2643 δαίους
503 2579 856 2650 ὀνομάζουσι.
899 2580 1009 2634 Καὶ
1054 2577 1311 2648 βούλεται
1340 2579 1531 2634 λοιπὸν
1559 2582 1593 2651 ή
1625 2597 1875 2652 πνευμα-

290 2671 416 2740 τικὴ
456 2670 551 2724 τοῦ
586 2671 879 2740 νομοθέτου
929 2669 1198 2736 διάταξις,
1231 2671 1561 2743 εὐδοκίμους
1599 2672 1873 2744 ὑπάρχειν

298 2767 532 2833 μάλιστα
570 2767 663 2819 καὶ
690 2765 1022 2835 φιλαρὲτους
1050 2766 1181 2830 τοὺς
1229 2767 1525 2836 μέλλοντας
1569 2767 1775 2822 ἐσθίειν
1811 2768 1874 2821 τὸ

294 2859 545 2929 ἀληθινὸν
570 2860 779 2929 πάσχα,
807 2859 900 2911 καὶ
928 2859 1188 2913 κοινωνὸν
1213 2859 1315 2927 μὲν
1336 2860 1571 2913 ἐνταῦθα
1603 2859 1698 2913 τοῦ
1729 2860 1871 2929 βίου,

295 2953 629 3022 συνέκδημον
658 2951 715 3004 δὲ
740 2952 846 3006 κάν
875 2950 953 3022 τῷ
980 2951 1126 3005 τέλει
1150 2950 1248 3021 τὴν
1279 2952 1489 3022 ἀρετὴν
1518 2952 1686 3023 ἔχειν.
1722 2953 1871 3024 Λῦτη

296 3048 405 3117 γὰρ
460 3050 556 3102 καὶ
615 3046 751 3118 μόνη
808 3047 913 3117 τῆς
965 3047 1304 3118 Δεσποτικῆς
1350 3047 1642 3119 τραπέζης
1689 3049 1876 3114 ἀξίους

295 3141 611 3210 καθίστησι,
640 3142 735 3196 καὶ
763 3139 903 3209 πρὸς
932 3144 1033 3210 τὴν
1068 3138 1281 3193 ἐκεῖθεν
1320 3139 1442 3211 μεθ’
1469 3140 1626 3211 ήμῶν
1656 3141 1876 3196 διαὸαίο

293 3250 373 3287 νει
406 3233 574 3304 ζωήν.
604 3232 671 3287 Τί
705 3234 825 3298 ἔτη
1792 3231 1797 3235 ’

1978 722 2153 768 totum
2187 731 2405 786 quoque
2432 720 2766 773 ornamentis
2799 719 3105 774 decoretur.
3146 719 3321 775 Calcei
3353 723 3567 775 scent'io

1978 820 2143 865 talem
2175 809 2440 876 indicant,
2466 821 2522 866 ut
2549 812 2751 882 peccati
2784 811 2970 882 spinas
2996 812 3117 867 sine
3173 815 3372 869 damno
3426 830 3568 883 pra:-

1977 912 2272 970 tereamus,
2304 903 2685 974 calceatusque
2717 920 2875 974 super
2925 914 3191 975 serpentes
3225 916 3275 961 et
3320 909 3566 978 scorpio-

1978 1015 2088 1066 nes,
2141 1008 2192 1053 et
2236 1013 2394 1067 super
2427 1014 2638 1052 onmem
2673 998 2885 1052 inimici
2914 1007 3229 1068 potestatem
3270 997 3355 1053 δν.
3389 997 3560 1052 Βαιςιιο

1977 1093 2059 1148 lus
2091 1090 2300 1147 ﬁrmam
2334 1090 2477 1146 illam
2503 1099 2558 1147 et
2580 1091 2811 1147 solidam
2832 1092 2885 1145 in
2914 1106 3074 1147 cruce
3105 1091 3357 1145 ﬁduciam
3384 1094 3569 1146 animo

1978 1192 2354 1256 repraesentat,
2377 1189 2534 1256 cujus
2562 1185 2819 1255 praesidio
2842 1200 2961 1253 eos,
3003 1186 3093 1255 qui
3138 1200 3238 1240 nos
3283 1188 3565 1249 allatram,

1975 1279 2245 1349 abigimus
2267 1286 2322 1333 et
2345 1278 2683 1346 ulciscimur,
2702 1272 3024 1348 laboresque
3056 1280 3253 1335 mentis
3289 1279 3569 1338 fult-imus.

1974 1370 2041 1427 At
2065 1371 2211 1440 quod
2250 1370 2448 1427 stando
2473 1380 2530 1426 et
2570 1371 2882 1427 festinando
2916 1388 3088 1443 agnus
3128 1374 3455 1440 comeditur,
3491 1374 3583 1429 nil’

1975 1464 2123 1519 aliud
2156 1465 2355 1529 innuit,
2379 1479 2542 1535 quam
2569 1474 2719 1519 utne
2741 1465 2918 1533 segni,
2967 1468 3221 1533 remisso,
3261 1469 3475 1538 ahjecto
3514 1478 3568 1522 et

1974 1560 2235 1630 depresso
2272 1560 2446 1616 simus
2478 1559 2684 1623 animo,
2723 1561 2818 1615 sed
2846 1568 3052 1626 erecto,
3085 1561 3303 1616 excelso
3321 1570 3375 1617 et
3417 1564 3568 1617 exci-

1976 1656 2114 1715 tato,
2140 1659 2197 1703 ut
2217 1648 2297 1703 sic
2324 1663 2628 1714 curramus,
2667 1664 2774 1718 quo
2797 1648 2901 1702 alia
2929 1650 3148 1719 quidem
3176 1649 3437 1721 effugere,
3462 1651 3567 1705 alia

1976 1756 2107 1797 vero
2152 1744 2415 1811 consequi
2451 1742 2742 1796 valeamus.
2778 1742 2946 1810 Cujus
2982 1742 3060 1797 rei
3097 1744 3235 1798 ratio
3256 1743 3599 1798 manifestay

1975 1834 2183 1890 Pascha
2207 1835 2354 1889 enim
2380 1833 2595 1889 Domini
2618 1842 2722 1898 est,
2751 1844 2808 1891 et
2825 1836 3128 1906 praeteritio
3160 1838 3423 1891 Vastantis
3442 1852 3570 1902 sup-

1977 1927 2144 1996 plicii,
2183 1939 2235 1982 et
2267 1929 2518 1982 transitio
2544 1943 2574 1983 a
2602 1935 2744 1983 terra
2771 1928 2825 1982 in
2852 1929 3051 1984 coelum
3076 1946 3090 1996 ;
3113 1929 3182 1984 ad
3201 1939 3400 1982 metam
3420 1931 3568 1984 enim

1973 2023 2251 2079 cmlestem
2289 2022 2564 2075 dastinato
2592 2021 2888 2085 tendimus,
2924 2021 2991 2076 ad
3020 2021 3269 2076 bravimn
3318 2036 3571 2090 supernae

1973 2116 2297 2170 vocationis.
2338 2112 2566 2184 Oportet
2588 2114 2860 2183 profecto,
2888 2123 2952 2169 ut
2990 2129 3184 2170 omnes
3205 2126 3435 2176 stemus,
3486 2132 3568 2170 re-

1972 2208 2182 2284 Ilusque
2204 2207 2557 2262 terrestribus
2600 2207 2947 2262 sublimiores
2995 2206 3203 2261 Pascha
3251 2222 3374 2262 cum
3422 2208 3573 2263 festi-

1974 2302 2201 2354 natione
2238 2299 2611 2355 comedamus.
2661 2298 2935 2354 Caeterum
2988 2299 3198 2370 σπουδὴ
3252 2309 3477 2355 vocatur
3537 2317 3566 2355 a

1973 2391 2312 2461 philosophis
2345 2393 2543 2457 virtus,
2584 2392 2910 2460 uirtutisque
2978 2391 3210 2447 studiosi
3261 2388 3565 2447 σπουδαῖοι.

1979 2485 2104 2539 Vult
2147 2496 2327 2540 autem
2365 2484 2668 2555 spiritualis
2690 2486 2791 2538 ista
2833 2484 3158 2553 legis-latoris
3186 2485 3475 2554 dispositio
3517 2494 3577 2539 et

1974 2578 2276 2641 ordinatio,
2321 2579 2559 2632 maxime
2611 2577 2890 2647 probatos,
2946 2576 3273 2646 virtutisque
3321 2585 3572 2630 amantes

1975 2688 2097 2727 esse
2132 2686 2324 2726 omnes
2354 2670 2475 2726 illos
2497 2669 2591 2737 qui
2624 2670 3009 2724 manducatnri
3037 2677 3166 2723 sunt
3205 2684 3388 2723 verum
3425 2669 3570 2725 istud

1976 2756 2180 2826 paSt-ha
2217 2766 2382 2825 utque
2425 2756 2678 2808 virtutem
2712 2754 2948 2808 habeant
2973 2755 3177 2809 sociam
3211 2755 3355 2818 vitze,
3391 2763 3444 2807 et
3467 2754 3570 2807 sub

1977 2851 2181 2907 exitum
2231 2850 2511 2904 comitem.
2563 2847 2689 2903 llaec
2742 2849 2890 2901 enim
2945 2847 3062 2903 sola
3132 2862 3231 2901 nos
3286 2846 3567 2898 D‘ominica

1982 2958 2169 2998 mensa
2210 2925 2403 3010 dignos
2438 2942 2623 3004 cllicit,
2655 2951 2709 2995 et
2731 2940 2803 2996 ad
2833 2940 3059 2995 alteram
3098 2942 3263 2995 vitam
3284 2937 3575 2993 nobiscum

1982 3035 2203 3105 migrat.
2245 3034 2384 3102 Quid
2427 3035 2707 3105 amplius?

377 3324 798 3397 Ἐλευθεροῦται
825 3324 915 3380 διὰ
940 3325 1115 3380 ταῦτα
1143 3328 1172 3382 6
1213 3327 1454 3399 Ἰσραὴλ,
1483 3330 1580 3383 καὶ
1611 3329 1867 3385 διώκεται

2050 3326 2338 3397 Liberatnr
2382 3339 2479 3396 per
2524 3324 2639 3380 haec
2676 3312 2861 3391 Israel,
2906 3337 3068 3394 quem
3118 3318 3324 3383 armati,
3368 3316 3572 3372 invidia

298 3420 465 3474 πάλιν
488 3418 853 3488 φθονούμενος
891 3417 980 3472 διὰ
1018 3418 1118 3491 τὴν
1147 3418 1488 3490 ἑλευθερίαν,
1526 3421 1622 3474 καὶ
1652 3420 1872 3486 δοξάζε-

1980 3418 2264 3485 concitati,
2291 3432 2487 3472 rursus
2510 3411 2875 3485 insequuntur
2897 3414 2966 3468 ob
2983 3412 3312 3476 libertatem,
3333 3417 3573 3463 attamen

290 3531 385 3566 ται
418 3491 629 3575 Θεδςὲν
649 3509 869 3582 Φαραὼ,
893 3513 991 3566 καὶ
1033 3511 1450 3583 θαυματουργεῖ
1476 3512 1564 3568 διὰ
1608 3516 1708 3584 τῆς
1733 3514 1873 3585 ’ῥάϐ-

1981 3529 2090 3570 non
2128 3513 2249 3569 sine
2288 3511 2384 3567 Dei
2421 3510 2616 3578 gloria,
2646 3525 2712 3563 ex
2753 3507 3038 3561 Pharaone
3078 3505 3268 3567 relata,
3311 3498 3573 3556 miracula

293 3604 387 3657 δου
416 3603 446 3654 6
483 3603 723 3673 Μωῦσῆς
773 3597 1009 3671 σταυρὸν
1076 3603 1454 3675 σχηματίζων,
1504 3606 1600 3658 καὶ
1653 3606 1873 3676 τέμνων

1980 3606 2094 3663 edit
2119 3621 2217 3676 per
2260 3605 2464 3675 virgam
2498 3602 2737 3672 Moyses,
2768 3614 2988 3655 crucen't
3022 3599 3402 3668 prtetigurans,
3447 3591 3573 3646 dum

293 3696 598 3759 θάλασσαν,
627 3695 721 3750 καὶ
746 3695 1080 3761 διαϐιϐάζων
1111 3696 1241 3761 τοὺς
1283 3697 1523 3762 οἰκείους
1569 3700 1666 3752 καὶ
1704 3717 1873 3754 κατα-

1980 3712 2133 3752 mare
2160 3694 2373 3757 dividit,
2409 3706 2645 3761 suosque
2664 3689 2899 3757 traiecit,
2917 3685 3332 3742 etadversaiios
3360 3682 3577 3736 demer-

292 3788 565 3856 ποντίζων
588 3789 713 3855 τοὺς
762 3788 1097 3861 ἀλλοτρίους.
1148 3788 1434 3845 Ἐντεῦθεν
1479 3792 1509 3844 6
1555 3793 1748 3858 στύλος
1777 3795 1873 3863 τῆς

1981 3789 2079 3857 git.
2114 3786 2249 3841 Hinc
2273 3785 2522 3854 sequitur
2551 3783 2806 3837 columna
2837 3781 2996 3835 nubis
3031 3778 3291 3841 interdiu,
3330 3787 3382 3831 ct
3436 3776 3576 3843 ignzs

292 3882 527 3951 νεφέλης
557 3880 790 3952 ἡμέρας,
819 3882 914 3937 καὶ
950 3881 979 3935 6
1021 3881 1212 3946 στύλος
1256 3881 1352 3937 τοῦ
1401 3887 1574 3957 πυρὸς
1601 3887 1660 3938 ὲν
1695 3886 1873 3952 νυκτὶ,

1984 3888 2170 3946 noctu,
2214 3886 2274 3934 ut
2320 3894 2426 3932 non
2458 3877 2632 3931 solum
2665 3889 2837 3939 mare,
2863 3882 2919 3927 et
2947 3885 3105 3942 aqua:
3138 3878 3354 3935 natura;
3403 3875 3496 3925 sed
3523 3882 3577 3924 et

293 3972 386 4025 ἵνα
423 3972 499 4044 μὴ
539 3971 701 4039 μόνον
753 3972 1001 4027 θάλασσα
1051 3972 1149 4026 καὶ
1202 3974 1235 4044 ή
1294 3972 1389 4027 τοῦ
1450 3972 1642 4038 ὓδατος
1690 3976 1873 4047 φύσις,

1986 3974 2129 4043 ignis
2163 3982 2217 4027 et
2239 3985 2332 4027 aer
2360 3969 2589 4025 salutem
2632 3981 2729 4038 per
2769 3966 3099 4035 tripertitam
3152 3978 3369 4018 crucem
3419 3965 3578 4018 nobis

295 4067 438 4120 ἀλλά
467 4068 560 4122 καὶ
588 4065 698 4137 πῦρ
725 4068 821 4120 καὶ
866 4066 997 4137 ἀὴρ,
1023 4065 1126 4136 τὴν
1150 4066 1239 4121 διὰ
1263 4067 1359 4121 τοῦ
1386 4067 1686 4138 τριμεροῦς
1717 4084 1873 4123 σταυ-

1983 4065 2340 4139 ohventuram
2367 4058 2768 4123 subministrel,
2796 4056 3234 4127 baptismumque
3262 4063 3320 4109 et
3352 4056 3578 4124 spiritus

295 4161 398 4232 ροῦ
451 4161 733 4234 σωτηρίαν
812 4163 917 4216 κάν
971 4164 1095 4227 ταῖς
1139 4166 1320 4227 σκιαῖς
1377 4163 1731 4239 ὑπουργήσῃ,
1780 4167 1873 4220 καὶ

1983 4157 2314 4213 charismata
2341 4150 2745 4226 praesignificet.
2781 4149 2932 4206 Crux
2972 4148 3117 4204 enim
3162 4147 3434 4216 tripartita
3470 4149 3576 4199 vim

293 4254 639 4328 προτυπώσῃ
691 4255 755 4308 τὸ
797 4253 1108 4326 βάπτισμα,
1160 4256 1260 4312 καὶ
1297 4257 1394 4312 τοῦ
1445 4259 1769 4330 Πνεύματος
1811 4264 1873 4315 τὰ

1984 4259 2350 4309 sacrosanctae
2368 4245 2655 4302 Trinitatis
2677 4246 2936 4300 insinuat.
2955 4242 3109 4311 Quod
3129 4241 3238 4310 jam
3260 4242 3388 4294 ohm
3413 4240 3580 4295 Isaias

291 4353 635 4423 χαρίσματα.
695 4352 977 4424 Τριμερὴς
1019 4352 1132 4425 γὰρ
1176 4354 1207 4408 6
1266 4355 1524 4425 σταυρὸς,
1566 4355 1668 4426 τῆς
1718 4356 1873 4424 ἁγίας

1983 4346 2288 4403 vaticinans
2360 4342 2581 4397 aiebat:
2659 4340 2833 4394 Deum
2897 4335 3329 4407 gloriﬁcaturum
3408 4335 3580 4388 Ιοτιινι

293 4447 532 4519 Τριάδος
558 4447 842 4518 ἐμφαίνων
886 4446 987 4518 τὴν
1014 4445 1273 4517 δύναμιν,
1321 4448 1416 4502 καὶ
1444 4447 1608 4503 τοῦτο
1651 4450 1873 4513 Ἡσαΐας

1984 4441 2258 4509 proprium
2289 4439 2343 4493 in
2384 4439 2510 4507 pinu
2535 4445 2581 4489 ει
2619 4435 2798 4501 cedro;
2815 4440 2865 4486 et
2897 4446 3144 4495 cupresso
3169 4428 3234 4483 “.
3268 4429 3416 4482 Adeo
3431 4430 3576 4481 enim

292 4540 507 4595 ἄνωθεν
545 4539 932 4612 προφητεύων,
961 4539 1213 4606 δοξάσειν
1254 4540 1410 4609 ἔλεγε
1460 4541 1555 4596 τὸν
1594 4541 1730 4596 Θεὸν
1773 4543 1873 4596 τὸν

1988 4533 2270 4602 prophetis
2322 4528 2640 4602 mysterium
2671 4526 2852 4581 crucis
2900 4537 3046 4579 curae
3077 4521 3200 4587 fuit,
3245 4530 3302 4573 ut
3358 4528 3413 4574 et
3464 4521 3579 4588 ipsa

292 4637 494 4690 τόπον
517 4610 626 4689 166'
667 4610 823 4690 Ζδιον
859 4634 1152 4704 ἐν’-πεύκη
1194 4634 1297 4690 καί
1331 4634 1523 4703 κέδρῳ
1552 4636 1648 4692 καὶ
1686 4652 1873 4689 κυπα·

1991 4627 2132 4694 ligna
2165 4621 2537 4693 praedixerit",
2564 4635 2629 4673 ex
2654 4618 2852 4687 quibus
2888 4631 3024 4671 crux
3060 4620 3440 4684 coagmentata
3459 4610 3576 4664 fuit.

292 4731 519 4797 ρισσφ.
545 4728 704 4784 Οὕτω
730 4728 840 4801 γὰρ
867 4727 1108 4800 ἐμέλησε
1141 4730 1255 4792 τοῖς
1288 4731 1602 4800 προφήταις
1633 4728 1873 4801 περὶτοῦ

1987 4720 2157 4776 Porro
2179 4732 2300 4771 cum
2322 4715 2427 4769 huc
2455 4713 2634 4767 oratio
2662 4709 3014 4780 processerit,
3040 4722 3137 4776 par
3154 4715 3239 4761 est
3260 4714 3383 4759 utet
3410 4704 3581 4758 mira.—

293 4821 443 4876 κατά
474 4819 567 4875 τὸν
609 4823 847 4892 σταυρὸν
895 4822 1226 4894 μυστηρίου,
1270 4821 1346 4886 ὼς
1387 4825 1483 4875 καὶ
1513 4823 1654 4876 αὐτὰ
1689 4840 1883 4894 προει·

292 4917 429 4971 πεῖν
462 4917 531 4971 τά
570 4914 727 4983 ξύλα,
763 4915 824 4983 ἐξ
854 4913 931 4971 ὧν
959 4918 988 4970 6
1019 4916 1255 4989 σταυρὸς
1310 4916 1698 4987 συνετελέσθη.
1742 4918 1886 4973 Ἀλλ’

292 5008 538 5064 ἐνταῦθα
566 5007 807 5079 γεγονὼς
837 5011 866 5062 6
893 5008 1075 5079 λόγος,
1102 5012 1201 5065 καὶ
1226 5011 1325 5064 τοῦ
1353 5011 1499 5065 κατὰ
1524 5009 1626 5080 τήν
1655 5012 1884 5084 Μερράν

295 5098 676 5171 μνησθήσεται
730 5099 1034 5171 θαύματος.
1090 5099 1248 5172 Ξύλῳ
1297 5100 1409 5171 γάρ
1454 5101 1552 5154 καὶ
1598 5100 1741 5170 αὕτη
1785 5101 1887 5170 τὴν

292 5192 533 5263 πικρίαν
554 5192 823 5247 ἀποπτύει
847 5193 943 5248 καὶ
964 5192 1307 5257 ἀποτίθεται,
1341 5193 1437 5248 καὶ
1462 5193 1565 5264 τὴν
1586 5191 1683 5246 τοῦ
1717 5210 1884 5247 σταυ-

294 5284 398 5355 ροῦ
432 5282 833 5356 προδιαγράφει
875 5284 1127 5355 δύναμιν,
1165 5284 1290 5354 ἥτις
1334 5286 1431 5341 καὶ
1460 5284 1521 5338 τὸ
1556 5285 1755 5355 πικρὸν
1785 5285 1883 5338 τοῦ

291 5376 570 5433 κολαστοῦ
611 5377 777 5450 νόμου
827 5377 1129 5447 μετέϐαλεν
1174 5378 1255 5443 είς
1283 5376 1526 5450 ήδύτητα
1574 5377 1876 5450 χρηστότης

290 5490 408 5537 τος,
446 5470 548 5525 οὐκ
592 5470 988 5540 ἀπαραιτήτως
1040 5471 1207 5534 εὐθὺς
1253 5470 1693 5542 ὑπεξερχομένη,
1744 5468 1883 5524 ἀλλὰ

292 5565 444 5635 μετὰ
474 5562 673 5633 πολλῆς
708 5562 1097 5634 μακροθυμίας
1138 5564 1238 5634 τὴν
1281 5562 1555 5634 τιμωρίαν
1587 5562 1882 5636 ὑπερτιθε-

294 5659 465 5728 μένη,
494 5655 565 5710 ἵν’
588 5656 852 5728 ἐπαγάγῃ
884 5657 985 5726 τὴν
1015 5656 1326 5726 διόρθωσιν,
1364 5657 1458 5711 καὶ
1480 5656 1580 5727 τὴν
1605 5657 1880 5728 ἁλμυρὰν,

293 5752 392 5803 καὶ
412 5748 620 5802 ἄποτον
648 5747 761 5800 τῶν
803 5748 975 5802 ἐθνῶν
1005 5747 1278 5817 ὲγλύκανε
1313 5748 1614 5813 θάλασσαν,
1652 5749 1713 5814 ἐξ
1746 5752 1880 5801 άπι-

297 5845 458 5904 στέας
488 5840 689 5903 αὐτοὺς
721 5840 800 5904 είς
848 5840 1029 5894 πίστιν
1074 5842 1477 5914 μετατιθεμένη
1514 5843 1603 5897 διὰ
1640 5846 1737 5914 τῆς
1777 5844 1879 5913 χάη

377 6020 457 6051 ³³⁸
499 6017 631 6073 an.
672 6033 728 6082 χ,
768 6017 847 6071 l9.
926 6017 967 6048 “
1002 6016 1107 6072 lsa.
1146 6033 1233 6084 ω,
1267 6019 1350 6076 ιδ.

1989 4813 2099 4870 euli
2123 4814 2188 4865 ad
2222 4809 2452 4864 Μαι-τιμε
2484 4789 2689 4867 fontem
2714 4804 2933 4872 patrati,
2980 4798 3330 4864 meminerit;
3360 4812 3498 4875 nam
3529 4806 3585 4849 ct

1986 4907 2102 4976 ipse
2140 4904 2264 4973 ligni
2289 4900 2552 4956 henelicio
2579 4895 2832 4952 amaritie
2867 4892 3076 4963 abjrcta
3096 4890 3437 4961 etd‘eposita,
3461 4904 3584 4943 cru-

1990 4999 2069 5054 cis
2092 4994 2391 5065 potentiam
2424 4990 2723 5062 portendit,
2773 5003 2895 5058 qua:
2950 4996 3003 5040 et
3045 4983 3396 5055 asperitatem
3433 4982 3581 5036 illam

1990 5101 2279 5160 ptenarum
2316 5085 2370 5138 in
2408 5084 2526 5155 lege
2560 5083 2929 5142 decretarum,
2957 5080 3317 5134 commutavit
3352 5075 3407 5129 in
3430 5074 3586 5137 hcni:

1992 5180 2216 5252 guitatis
2241 5178 2621 5241 dulcedinem;
2656 5189 2830 5244 neque
2876 5173 2986 5241 jam
3020 5171 3093 5225 ita
3127 5175 3440 5237 comparata
3476 5175 3580 5225 est,

1993 5284 2052 5330 ut
2081 5273 2242 5329 nullis
2283 5271 2539 5344 precibus
2564 5269 2782 5324 exorari
2822 5275 3004 5336 queat,
3042 5264 3335 5335 quominus
3372 5257 3582 5328 puniat,

1993 5368 2089 5424 sed
2140 5368 2373 5422 maxime
2401 5364 2654 5435 aequitate
2691 5375 2747 5418 et
2787 5360 3202 5432 longanimitate
3257 5351 3583 5424 supplicium

1990 5463 2194 5528 diﬂ'ert,
2238 5471 2298 5515 ut
2331 5475 2544 5515 morum
2583 5454 2914 5512 correctioni
2945 5454 3292 5509 occasionem
3326 5437 3583 5514 praall‘eat,

1986 5568 2153 5628 utque
2189 5556 2382 5611 falsum
2415 5554 2548 5609 illud
2580 5562 2635 5606 et
2656 5552 2722 5605 ad
2743 5560 2928 5621 potum
2960 5548 3202 5612 ineptum
3243 5538 3582 5595 etlmicorum

1988 5668 2138 5706 mare
2196 5649 2354 5705 dulce
2391 5648 2607 5712 reddat,
2659 5644 2937 5699 translatis
2975 5642 3081 5695 illis
3116 5652 3212 5704 per
3251 5633 3482 5702 gratiam
3516 5644 3583 5683 ex

1988 5744 2309 5798 inlidcliiate
2347 5744 2413 5796 ad
2448 5740 2632 5795 fidem.
2670 5737 2779 5792 Nec
2807 5736 2985 5788 minus
3028 5732 3261 5792 latiores,
3288 5739 3384 5794 pro
3414 5723 3585 5776 virtu-

1988 5839 2131 5894 tibus
2154 5835 2507 5907 acqnirendis
2536 5839 2844 5902 susceptos,
2869 5832 3054 5898 gratos
3077 5834 3129 5877 et
3162 5821 3435 5891 iucundos
3456 5816 3583 5873 επεν
