4016 6454
519 415 630 480 215

1660 424 1984 484 MACARII
2026 385 2661 486 CHRYSOCEPHALI

3659 433 3754 498 216

521 533 816 598 servitute,
848 541 900 586 et
933 534 1273 604 conjungens
1306 543 1604 605 utrumque
1635 537 1916 606 p0pnlum,
1948 552 2082 606 quas

2217 534 2316 604 μὲν
2372 535 2465 589 τὸν
2540 536 2761 608 Ἰσραὴλ
2818 536 2914 591 τοῦ
2975 538 3393 604 ἀποκτείνοντος
3441 542 3759 613 γράμματος,

521 625 659 692 lapis
683 624 982 696 angularis,
1021 625 1072 678 in
1105 642 1267 678 unum
1313 641 1510 681 novum
1551 629 1847 690 hominem,
1913 627 2097 682 Eccle-

519 717 764 786 siamque
794 717 1000 785 angelis
1054 721 1377 774 conmcians
1411 721 1461 773 in
1518 736 1679 774 [Illam
1715 720 1836 775 ﬁdei
1868 734 2095 774 concor-

515 809 683 875 diam,
717 811 772 865 in
804 826 964 865 unam
996 812 1171 866 laudis
1215 813 1415 868 divinae
1476 815 1822 868 concineudze
1855 813 2098 867 modula-

519 903 743 967 tionem,
781 903 870 970 qui
911 911 966 958 et
993 905 1143 972 prius
1167 905 1217 957 id
1247 906 1394 973 quod
1446 905 1656 960 cancris
1695 904 1946 960 omnibus
1983 921 2093 958 ma-

508 993 599 1060 jus
629 1002 732 1055 est,
771 1001 1026 1061 operatus
1081 995 1280 1048 unione
1311 994 1646 1065 bypostatica
1689 996 1826 1050 duas
1871 1005 2098 1051 naturas

513 1083 631 1136 sine
664 1081 984 1138 confusione
1017 1085 1118 1140 sibi
1156 1085 1268 1153 ipse
1305 1086 1504 1153 junxit,
1558 1087 1899 1142 divinitatem
1950 1089 2094 1155 dico,

512 1183 567 1226 ct
603 1174 1022 1229 humanitatem.

591 1352 799 1407 Interea
851 1354 1052 1409 bellum
1091 1355 1254 1409 Israel
1290 1355 1519 1426 suscipit
1552 1357 1814 1413 adversus
1847 1359 2094 1422 Amalec,

511 1447 604 1500 lici
633 1448 829 1514 populo
866 1448 917 1500 in
956 1463 1206 1515 campum
1273 1464 1583 1516 progresso.
1614 1448 1713 1504 Ubi
1753 1451 1960 1522 Moyses
1981 1455 2094 1520 jam

509 1541 638 1592 olim
697 1540 838 1606 passi
899 1554 996 1608 pro
1025 1540 1178 1593 nobis
1247 1539 1473 1608 gloriam
1539 1541 1907 1608 adumbravil,
1968 1558 2097 1598 cru-

508 1647 741 1699 ccmque
794 1633 1045 1687 manibus
1069 1633 1335 1698 extensis,
1369 1633 1699 1690 eﬁormavit.
1731 1636 1799 1690 At
1829 1635 1989 1691 Jesus
2017 1646 2097 1706 ty-

510 1743 633 1796 pum
671 1728 855 1784 ferens
886 1726 1056 1782 nostri
1087 1724 1212 1782 Jesu
1248 1726 1340 1782 Dei
1367 1737 1420 1782 et
1453 1729 1712 1792 heminis,
1733 1729 2095 1798 alienigenam

507 1817 808 1886 proﬂigavit
846 1858 859 1882 ,
887 1828 941 1872 et
974 1832 1164 1872 omnes
1212 1817 1352 1872 ﬁlios
1385 1817 1501 1887 ejus
1528 1818 1581 1873 in
1630 1818 1906 1874 occisione
1935 1821 2094 1891 gladii

508 1909 824 1979 trucidavit,
859 1924 1086 1979 eamque
1121 1949 1136 1972 ,
1169 1925 1328 1979 quam
1361 1910 1545 1966 ﬁdeles
1588 1925 1683 1979 per
1711 1925 1930 1966 crucem
1957 1911 2097 1966 obti-

507 2013 638 2057 nent
676 2004 959 2057 victoriam
997 2043 1012 2066 ,
1046 2003 1340 2084 symbolice
1384 2003 1773 2073 przeliguravit.
1802 2003 1917 2060 Nisi
1949 2005 2095 2059 enim

499 2096 610 2162 jam
645 2111 859 2163 quoque
891 2095 1154 2150 Dominus
1209 2097 1473 2150 adversus
1503 2111 1628 2150 eum
1685 2096 1928 2162 Amalec,
1997 2097 2090 2164 qui

503 2189 606 2244 sub
641 2189 1056 2259 Intelligentiam
1109 2191 1280 2248 cadit,
1342 2207 1375 2243 a
1417 2189 1752 2259 generatione
1784 2189 1837 2242 in
1874 2205 2092 2257 genera—

497 2283 719 2348 tionem,
779 2292 836 2335 ut
892 2280 1174 2350 Ser-iptura
1226 2281 1799 2351 loquitur,pugnaret,
1830 2279 2090 2350 nobisque

505 2375 700 2431 ﬁducia
757 2387 811 2430 et
880 2385 1157 2429 armatura
1201 2375 1384 2430 crucis
1418 2374 1815 2437 corroboratis,
1845 2389 2000 2443 opem
2035 2383 2088 2429 et

501 2467 780 2536 suppetias
833 2466 1075 2536 quotidie
1127 2466 1543 2530 ferret,frustra
1589 2466 2089 2531 laboraremus,do-

505 2574 623 2613 mus
684 2559 945 2612 virtutum
983 2557 1253 2614 aediﬁcare
1289 2559 1542 2628 ingressi;
1570 2557 1772 2612 frustra
1797 2558 1958 2611 etiam
1993 2559 2074 2610 vi-

499 2651 816 2720 gilaremus,
887 2653 1076 2704 urbem
1106 2651 1332 2718 justitise
1357 2649 1660 2705 Jerusalem
1691 2651 2081 2717 custodientes,

498 2753 551 2797 et
587 2741 654 2795 ad
685 2756 978 2809 supernam
1017 2742 1361 2811 metropolim
1396 2750 1770 2811 properantes.

1707 2879 1730 2900 Χ

569 2919 821 2974 Postbmc
874 2920 1252 2987 speculatores
1305 2929 1358 2973 et
1418 2923 1846 2988 exploratoresa
1894 2920 2082 2989 Moyse

503 3013 794 3066 mittuntur
828 3050 844 3076 ,
872 3011 1068 3080 quibus
1100 3011 1153 3066 in
1213 3013 1479 3068 mandatis
1503 3013 1664 3066 datur
1704 3021 1762 3066 ut
1797 3013 2081 3081 promissa:

501 3103 700 3172 populo
748 3102 986 3170 regionis
1023 3112 1346 3173 argumenta
1408 3103 1668 3171 all‘erant,
1697 3105 1750 3158 in
1785 3105 2080 3159 conﬁrma-

499 3197 699 3249 tionem
759 3194 878 3264 ejus
935 3194 1102 3262 copizc
1129 3210 1287 3261 quam
1341 3197 1609 3263 recepturi
1652 3204 1832 3251 erant.
1857 3193 1923 3250 Ut
1951 3209 2079 3250 vero
2109 3221 2152 3278 ο

500 3288 872 3352 reddiderunt,
903 3287 1080 3342 studia
1118 3287 1169 3340 in
1203 3289 1475 3341 contraria
1513 3289 1711 3344 animis
1748 3287 1907 3343 divisi
1932 3298 2081 3352 sunt;

497 3390 552 3432 et
581 3379 670 3434 alii
731 3381 947 3449 quidem
979 3395 1040 3432 ex
1105 3379 1454 3449 improbitate
1488 3389 1543 3433 et
1603 3379 1810 3433 malitia
1849 3421 1864 3445 ,
1897 3381 2089 3434 tristis.

497 3471 638 3525 sima
673 3487 896 3542 quaeque
922 3482 972 3527 et
1000 3471 1187 3526 ﬁctitia
1244 3469 1554 3526 referebant
1579 3489 1592 3526 :
1615 3471 1810 3540 quibus
1832 3486 1952 3526 cum
1977 3487 2090 3526 ma-

501 3580 605 3634 gua
667 3563 848 3634 pupilli
908 3563 1196 3618 nndtitudo
1223 3578 1384 3619 aures
1437 3565 1724 3634 pra-heret,
1769 3563 1987 3636 Moysen
2018 3565 2083 3618 ad

499 3656 632 3709 iram
695 3655 1109 3710 coacitavcrunt
1141 3673 1156 3720 ;
1184 3653 1488 3724 ducemque
1519 3655 1631 3725 ,qui
1691 3669 1784 3709 eos
1820 3655 1873 3708 in
1916 3652 2085 3726 [Egy-

497 3756 646 3812 ptum
711 3747 997 3801 reduceret
1023 3785 1038 3806 .
1069 3748 1421 3814 quaesierunt.
1459 3743 1619 3801 Jesus
1641 3755 1822 3801 autem
1856 3747 2081 3802 meliora

493 3849 549 3892 et
579 3836 788 3891 veriora
822 3837 1125 3902 nuntiabat,
1164 3835 1545 3904 sublatumque
1575 3851 1641 3892 ex
1678 3837 1961 3893 Palzestina
1987 3839 2083 3893 bo-

492 3937 664 3992 trum,
696 3937 750 3984 et
775 3944 838 3984 ex
892 3939 1048 3984 vecte
1079 3943 1404 3998 suspensum
1435 3929 1637 3992 attulit,
1671 3937 1927 3996 tanquam
1959 3945 2082 3997 spe-

495 4021 671 4076 r-imcn
731 4021 1004 4090 quoddam
1031 4019 1146 4089 ejus
1175 4021 1465 4083 ubertatis,
1494 4035 1597 4089 qua
1631 4028 1777 4074 terra
1810 4023 2078 4090 promissa

494 4111 750 4178 pollebat.
802 4117 864 4165 At
911 4122 964 4166 tu
1005 4151 1020 4176 ,
1046 4127 1168 4167 cum
1193 4126 1383 4168 rursus
1403 4109 1589 4166 Iesum
1621 4111 1800 4176 audis,
1837 4111 1888 4163 in
1919 4127 2072 4166 meu-

496 4215 603 4256 tetu
662 4219 853 4258 revoca
909 4220 1101 4259 verum
1161 4203 1327 4258 Deum
1391 4213 1446 4258 et
1497 4202 1836 4257 Salvatorem
1865 4201 2076 4268 Iesum,

2199 626 2508 698 ἐλευθερῶν
2534 629 2591 716 δὲ
2621 632 2716 683 καὶ
2745 631 2814 684 τά
2834 629 2964 701 ἔθνη
2998 631 3098 702 τῆς
3124 633 3234 685 τῶν
3261 632 3490 686 είδώλων
3514 635 3756 702 δουλείας,

2201 719 2293 769 καὶ
2324 717 2612 770 συνάπτων
2667 718 3012 788 ἀμφοτέρους
3077 722 3206 785 τοὺς
3256 722 3440 786 λαοὺς,
3490 725 3563 788 ὡς
3611 728 3758 794 λίθος

2199 807 2649 878 ἀκρογωνιαῖος,
2687 813 2767 874 εἰς
2794 811 2890 865 Eva
2921 815 3108 866 καινὸν
3153 813 3460 885 ἄνθρωπον,
3503 817 3592 870 καὶ
3643 836 3752 871 συν-

2202 899 2420 954 τάττων
2451 901 2709 970 ἀγγέλοις
2743 906 2842 974 τὴν
2910 905 3247 974 Ἐκκλησίαν
3274 907 3354 968 είς
3386 909 3514 976 μίαν
3544 909 3760 973 πίστεως

2200 992 2541 1060 συμφωνίαν,
2568 999 2649 1057 είς
2675 997 2805 1064 μίαν
2823 995 3154 1066 ὑμνολογίας
3184 997 3485 1066 θεολογίαν,
3523 1001 3578 1062 ὃς
3601 1019 3660 1068 γι
3683 1003 3764 1053 καὶ

2203 1082 2310 1152 πρὸ
2341 1083 2535 1136 τούτου
2587 1086 2649 1136 τὸ
2695 1087 2882 1155 μεῖζον
2918 1089 3120 1151 παντὸς
3150 1091 3626 1160 κατεργασάμενος
3652 1093 3762 1144 καθ’

2198 1174 2396 1226 ἒνωτιν
2415 1175 2784 1246 ὑποστατικὴν
2807 1179 2906 1242 τάς
2923 1179 3016 1232 δύο
3037 1181 3240 1251 συνῆψε
3261 1183 3452 1251 φύσεις
3465 1184 3764 1254 ἀσυγχύτως

2200 1265 2258 1316 ἐν
2291 1266 2490 1337 ἐαυτῷ,
2520 1268 2752 1336 θεότητά
2777 1288 2922 1341 φημι
2957 1273 3050 1326 καὶ
3083 1274 3507 1345 ἀνθριιιπότητα.

2274 1359 2512 1430 Πόλεμος
2543 1364 2633 1414 ἐπὶ
2659 1362 2868 1427 τούτοις
2888 1365 2968 1436 τῷ
3003 1366 3222 1438 Ἰσραὴλ
3245 1368 3500 1430 ἐτελεῖτο,
3527 1369 3616 1421 καί
3644 1367 3766 1439 πρὸς

2211 1445 2458 1519 ’Δμαληκ
2512 1451 2541 1501 ὁ
2602 1450 2739 1504 Θεοῦ
2806 1453 2934 1516 λαὸς
2997 1457 3396 1528 παρετάττετο.
3477 1457 3763 1512 Κάντεῦθεν

2199 1539 2408 1608 Μωσῆς
2452 1541 2553 1608 μὲν
2589 1542 2754 1596 πάλιν
2780 1543 2874 1597 τοῦ
2927 1546 3194 1611 παθόντος
3233 1549 3375 1620 ὑπὲρ
3410 1549 3562 1620 ἡμῶν
3595 1550 3764 1601 ἐσκια.

2200 1633 2402 1701 γράφει
2435 1632 2614 1700 δόξαν,
2657 1636 2750 1689 καὶ
2780 1638 3013 1708 σταυρὸν
3061 1641 3422 1709 ἐσχημάτιζε,
3452 1641 3549 1705 τὰς
3595 1643 3763 1710 χεῖρας

2199 1722 2482 1780 ἐκτείνων.
2530 1725 2738 1798 Ἰησοῦς
2765 1729 2822 1782 δὲ
2863 1731 3034 1784 τύπον
3068 1735 3250 1803 φέρων
3278 1735 3373 1788 τοῦ
3412 1727 3760 1806 θεανθρώπουξ

2201 1815 2469 1885 ἐτρέψατο
2490 1817 2580 1870 τὸν
2610 1818 2936 1890 ἀλλόφυλον,
2971 1823 3068 1878 καὶ
3129 1826 3341 1890 πάντας
3399 1829 3524 1890 τοὺς
3585 1829 3763 1889 παῖδας

2200 1907 2366 1961 αὐτοῦ
2423 1910 2482 1962 ἐν
2539 1911 2686 1981 φόνῳ
2740 1913 3014 1985 μαχαίρας
3048 1911 3365 1983 ἀπέκτεινε,
3403 1918 3498 1972 καὶ
3546 1918 3639 1989 τῆς
3666 1918 3764 1972 τῶν

2196 1998 2410 2052 πιστῶν
2435 1999 2524 2052 διὰ
2558 1999 2795 2072 σταυροῦ
2829 2003 2984 2073 νίκης
3038 2005 3380 2076 ἐφανεροῦτο
3433 2007 3763 2078 συμδολικῶς

2191 2089 2256 2143 τὺ
2285 2091 2566 2160 τρόπαιον.
2600 2093 2664 2146 El
2705 2095 2780 2164 μη
2815 2093 2924 2164 γὰρ
2953 2096 3048 2148 καὶ
3108 2097 3204 2150 νῦν
3249 2098 3512 2169 ἐπολέμει
3571 2100 3761 2168 Κύριος

2193 2180 2288 2233 ἐπὶ
2323 2180 2415 2234 τὸν
2454 2184 2643 2253 νοητὸν
2695 2184 2966 2255 Ἀμαλὴκ,
2997 2187 3118 2241 ἀπὸ
3152 2189 3372 2258 γενεᾶς
3415 2193 3506 2257 είς
3549 2189 3764 2261 γενεὰς,

2191 2271 2335 2324 κατά
2355 2273 2416 2326 τὸ
2465 2277 2877 2346 γεγραμμένον,
2915 2278 3042 2332 καθ’
3089 2280 3330 2351 έκάστην
3390 2282 3766 2353 ἀπιλαμὸανό·

2193 2379 2351 2430 μενος
2383 2365 2540 2436 ήμῶν
2565 2365 2969 2438 ἀνδριζομένων
2993 2371 3052 2424 ἐν
3106 2373 3435 2444 πεποιθήσει
3493 2376 3590 2428 καὶ
3637 2390 3762 2427 παν-

2188 2455 2380 2527 τευχίᾳ
2441 2459 2699 2530 σταυροῦ,
2757 2461 2840 2524 είς
2903 2462 3082 2532 μάτην
3145 2463 3246 2533 μὲν
3307 2467 3376 2521 ἂν
3434 2466 3758 2536 ἐκοπιῶμεν,

2188 2546 2374 2611 οίκους
2400 2550 2611 2620 ἀρετῶν
2667 2553 2974 2623 οίκοδομείν
3027 2556 3320 2626 ᾑρημένοι,
3360 2560 3442 2622 είς
3500 2559 3669 2628 μάτην
3713 2555 3762 2609 δὲ

2187 2641 2280 2693 καὶ
2331 2641 2747 2712 ἠγρυπνοῦμεν,
2807 2645 2966 2698 πόλιν
3015 2646 3368 2718 δικαιοσύνης
3423 2646 3763 2720 Ἰερουσαλὴμ.

2187 2729 2572 2798 φυλάσσοντες,
2605 2733 2701 2786 καὶ
2725 2735 2863 2805 πρὸς
2893 2735 2992 2808 τὴν
3018 2736 3131 2790 ἀνω
3154 2741 3496 2810 μητρόπολιν
3519 2736 3760 2794 ἐπισπεύ⁹

2183 2818 2388 2883 δοντες.

2267 2913 2427 2985 Ἑξῆς
2463 2914 2594 2984 γοῦν
2635 2917 2974 2972 κατάσκοποι
3003 2919 3156 2990 παρά
3186 2920 3441 2982 Μωσέως
3472 2922 3760 2991 πέμπονται

2183 3003 2281 3073 τῆς
2307 3006 2786 3079 ἐπαγγελλομένης
2810 3009 2888 3080 τῷ
2938 3009 3052 3079 λαῷ
3107 3009 3316 3080 χώρας,
3375 3014 3472 3067 καὶ
3527 3011 3761 3081 σ-ύμϐολα

2182 3095 2428 3165 νομίζειν
2479 3099 2691 3152 ἐκεῖθεν
2726 3100 3112 3156 ἐπιτάττονται
3147 3102 3256 3156 τῶν
3293 3106 3661 3172 ἐκδεξομένων
3690 3104 3760 3165 εἰς

2183 3186 2448 3239 πίστωσιν
2468 3188 2711 3256 ἀγαθῶν.
2767 3189 2852 3253 Ὠς
2887 3191 2943 3245 δὲ
2981 3193 3258 3262 ἐπανῆκον
3291 3186 3467 3259 οὗτοι,
3521 3195 3612 3248 καὶ
3675 3193 3761 3261 τῆς

2169 3280 2490 3342 ’κατοπτίας
2523 3279 2728 3333 ἐδίδουν
2766 3285 2894 3346 τοὺς
2921 3282 3134 3351 λόγους,
3197 3285 3571 3357 διεμερίζοντο
3630 3301 3763 3353 τηνιδ

2189 3371 2367 3425 καῦτα
2387 3373 2507 3434 ταῖς
2545 3371 2966 3442 γνώμαιςοκαὶ
3026 3377 3076 3428 οί
3137 3376 3237 3446 μὲν
3300 3380 3487 3434 αὐτῶν
3541 3391 3761 3442 κακουρ-

2187 3464 2431 3532 γοῦντες,
2461 3465 2631 3536 ψευδῆ
2686 3468 2779 3520 καὶ
2811 3468 3117 3538 σκυθρωπά
3149 3469 3501 3541 διηγόρευον,
3554 3467 3635 3533 οἷς
3680 3467 3765 3521 καὶ

2187 3557 2548 3628 προσέχοντες
2588 3557 2646 3611 τὸ
2678 3559 2812 3612 πολὺ
2847 3558 2942 3613 τοῦ
2975 3558 3130 3625 λαοῦ,
3159 3560 3229 3613 δι’
3274 3562 3451 3632 ὀργῆς
3503 3559 3764 3615 ἐποιοῦντο

2185 3649 2276 3700 τὸν
2302 3646 2619 3718 νομοθέτην,
2643 3649 2737 3702 καὶ
2769 3649 2858 3702 τὸν
2881 3651 3227 3720 ἡγησόμενον
3256 3653 3362 3722 τῆς
3390 3653 3481 3706 ἐπ’
3502 3652 3762 3718 Αἴγυπτον

2183 3741 2522 3810 ἐπιστροφῆς
2545 3741 2793 3812 ἐζήτουν.
2839 3741 3050 3813 Ἰησοῦς
3081 3744 3137 3798 δὲ
3171 3745 3268 3814 τῆς
3307 3745 3548 3818 ἀληθοῦς
3599 3743 3762 3812 εἴχετο

2183 3833 2280 3886 καὶ
2356 3833 2666 3903 κρείττονος
2716 3832 2998 3902 ἀγγελίας,
3059 3835 3155 3889 καὶ
3208 3839 3360 3892 κατά
3415 3836 3763 3902 Παλαιστίνην

2183 3923 2435 3998 ἐξαίρων,
2464 3925 2661 3994 δεῖγμα
2690 3925 2788 3995 τῆς
2831 3929 3012 3980 ἐκεῖσε
3044 3929 3256 3998 τρυφῆς
3292 3933 3390 3985 τὸν
3436 3932 3531 3987 ἐπ’
3576 3930 3764 3994 ἀναφο-

2185 4018 2326 4088 ρέως
2352 4017 2715 4087 κομιζόμενον
2777 4018 2977 4090 βότρυν
3038 4022 3303 4077 ἐποιεῖτο.
3377 4024 3451 4077 Σὺ
3513 4023 3568 4077 δὲ
3615 4020 3762 4074 πάλιν

2195 4107 2405 4178 Ἰησοῦν
2459 4109 2700 4177 ἀκούων,
2751 4114 2862 4164 νόει
2896 4129 2988 4180 μοι
3017 4112 3110 4167 τὸν
3168 4113 3434 4178 ἀληθινὸν
3488 4114 3620 4167 Θεδν
3679 4107 3762 4162 καὶ

2183 4201 2410 4270 Σωτῆρα
2449 4202 2679 4271 Ἰησοῦν,
2706 4221 2799 4257 τον
2823 4204 2922 4275 τῆς
2951 4205 3196 4276 μεγάλης
3220 4207 3424 4280 βουλῆς
3445 4209 3545 4262 τοῦ
3568 4204 3762 4275 ιιατρδς

499 4296 685 4364 magni
715 4296 928 4351 consilii
971 4297 1151 4352 l’atris
1206 4295 1469 4363 Angelum
1505 4305 1560 4350 et
1593 4296 1732 4364 ejus,
1767 4309 1886 4364 qua-
1922 4296 2079 4350 nobis

2191 4292 2471 4359 Ἄγγελον,
2507 4295 2603 4347 καὶ
2669 4294 2770 4365 τῆς
2831 4297 2890 4350 ἐν
2921 4297 3278 4365 ἐπαγγελίαις
3369 4299 3762 4371 μακαριότητος

495 4390 764 4456 promissa
822 4399 926 4456 est,
966 4387 1322 4444 beatitudinis
1361 4388 1663 4451 doctorem,
1697 4397 1750 4441 et
1784 4386 1931 4455 regni
1960 4401 2074 4443 τωο

2191 4381 2467 4452 ἐξηγητὴν,
2495 4383 2587 4436 τὸν
2608 4383 2712 4453 τῆς
2742 4387 2801 4436 ἐν
2822 4385 3037 4455 οὖρανῷ
3063 4387 3349 4456 βασιλείας
3399 4390 3495 4444 καὶ
3515 4391 3764 4456 ἐτοιμασ-

487 4479 643 4536 lestis
687 4480 795 4548 jam
861 4479 1079 4548 quidem
1145 4477 1358 4546 superis
1390 4479 1440 4530 in
1473 4477 1586 4532 oris
1627 4487 2070 4546 przeparatorem,

2191 4475 2275 4545 εὴν
2298 4476 2527 4542 ἀνωθεν,
2555 4479 2648 4530 καὶ
2667 4477 3000 4548 κληροδότην
3028 4480 3348 4552 ἐσύστερον,
3373 4484 3560 4544 two;
3583 4483 3762 4550 βότρυν

489 4581 678 4642 postea
710 4587 840 4627 vero
872 4574 1034 4626 etiam
1074 4571 1413 4638 largitorem,
1441 4569 1534 4638 qui
1565 4584 1629 4622 ex
1656 4584 1819 4623 cruce
1843 4584 2072 4636 suspen~

2191 4567 2278 4619 ἐπὶ
2314 4568 2547 4636 σταυροῦ
2581 4570 2994 4650 κρεμασθέντα,
3021 4573 3115 4626 καὶ
3157 4548 3242 4627 τὸ-
3267 4570 3414 4644 αἷμα
3478 4578 3558 4638 είς
3583 4548 3592 4550 -
3615 4548 3764 4626 πόσιν

491 4677 588 4716 sus
658 4660 804 4716 velut
855 4663 1046 4716 botrus
1100 4660 1410 4726 dependet,
1485 4660 1686 4727 quique
1756 4663 2074 4729 sanguinem

2191 4657 2479 4719 ἀθανασίας
2537 4661 2977 4730 παρασχόμενον,
3033 4660 3107 4725 ὡς
3171 4664 3266 4715 καὶ
3323 4665 3534 4734 Μωσῆς
3609 4659 3762 4718 αὐτὸς

491 4769 648 4811 suum
687 4755 741 4809 in
790 4752 1217 4812 immortalitatis
1270 4761 1454 4818 potum
1513 4751 1763 4819 praebuit:
1819 4752 1963 4820 quod
2023 4759 2079 4805 et

2191 4749 2245 4802 δι’
2277 4751 2602 4818 αίνίγματος
2645 4755 2890 4824 είρηκεν,
2948 4755 3031 4808 ὅτι
3055 4749 3200 4824 αἷμα
3231 4756 3567 4826 σταφυλῆς
3588 4754 3762 4807 ἔπινον

491 4846 700 4917 Moyses
752 4846 1042 4916 aenigmate
1075 4845 1306 4914 quodam
1346 4852 1546 4896 tectum
1583 4843 1972 4910 pronuntiavit,
1995 4843 2079 4898 di-

2191 4837 2342 4907 )ἴνον,
2377 4843 2442 4896 ἵν’
2466 4843 2608 4898 οὕτω
2639 4846 2698 4899 τὸ
2730 4848 3000 4918 σωτήριον
3028 4848 3401 4918 καταμηνύσῃ
3434 4848 3629 4910 πάθος,
3674 4843 3760 4896 καὶ

493 4953 625 4992 cens
659 4951 754 4992 eos
783 4937 1090 5008 sanguinem
1119 4951 1233 4989 avre
1272 4934 1320 4966 ”
1346 4933 1572 4994 bibisse,
1614 4942 1671 4985 ut
1699 4934 1800 4987 hoc
1824 4932 2076 5002 loquendi

2191 4935 2278 5005 τὴν
2305 4935 2542 5008 σταυροῦ
2595 4937 2960 5009 εὐφροσύνην.
3030 4934 3158 5010 Ἀρ⁹
3214 4937 3311 4993 οῦν
3373 4942 3611 5012 σταυρὸν
3670 4937 3761 5005 μὲν

493 5032 654 5084 modo
706 5029 996 5083 salutarem
1043 5026 1374 5095 passionem,
1428 5033 1482 5078 et
1510 5023 2066 5093 exaltationem,quaa

2191 5028 2532 5097 τροδιετύπου
2562 5030 2630 5084 τὰ
2663 5030 2941 5101 λεχθέντα,
2981 5033 3073 5084 καὶ
3133 5029 3279 5084 οὕτω
3341 5032 3579 5102 λαμπρά
3612 5047 3669 5081 τε
3699 5022 3760 5095 ἦν

490 5137 556 5175 ex
583 5135 745 5175 cruce
769 5120 979 5174 exstitit
1013 5119 1357 5184 ,dcnotaret.
1422 5115 1556 5169 Num
1587 5115 1747 5184 igitur
1777 5117 1916 5180 hare,
1949 5132 2070 5184 quae

2191 5123 2267 5175 ιαὶ
2301 5121 2578 5192 θαύματος
2611 5125 2872 5194 γέμοντα,
2918 5126 2952 5193 ἡ
3001 5124 3178 5192 σκηνὴ
3223 5125 3302 5184 δὲ.
3336 5128 3432 5178 καὶ
3461 5126 3530 5178 τὰ
3554 5125 3612 5177 ἐν
3636 5119 3760 5187 αὑτῇ

494 5215 760 5267 hactenus
793 5211 960 5276 dicta,
985 5224 1202 5265 crucem
1238 5207 1750 5278 prarsigniﬁcarunt,
1783 5208 2069 5278 etquidem

2191 5212 2310 5282 ἱγια
2327 5215 2593 5278 τοιούτοις
2621 5217 2722 5270 οὐκ
2773 5215 2886 5288 ἔχει
2921 5234 3015 5270 του
3046 5218 3231 5288 τιμίου
3265 5218 3444 5272 τύπου
3483 5213 3761 5287 συμϐόλοις

493 5317 599 5360 tam
627 5305 906 5375 splendida
957 5345 972 5368 ,
1005 5314 1225 5373 tamque
1276 5305 1660 5359 miraculorum
1694 5303 1869 5371 plena,
1895 5305 2077 5357 taber-

2191 5305 2547 5373 τεμνύνεσθαι
2579 5323 2593 5371 ;

496 5400 752 5456 naculum
815 5408 1119 5464 autem,et
1184 5414 1302 5468 qua:
1347 5399 1398 5454 in
1465 5413 1530 5454 eo
1590 5409 1800 5462 sancta,
1857 5399 1942 5454 bis
2003 5401 2330 5456 venerandis
2389 5402 2613 5472 pretiosi
2690 5404 2798 5474 typi
2891 5406 3148 5475 symbolis
3216 5407 3444 5461 minime
3508 5411 3758 5461 exornata

494 5492 724 5548 fuerint?

568 5581 850 5648 Quomodo
902 5583 1119 5639 silentio
1181 5585 1452 5640 involvam
1486 5587 1941 5656 quanripartitum
1976 5601 2073 5653 po-

496 5678 680 5746 pulum
713 5713 724 5733 ,
757 5677 1090 5732 tabernaculi
1143 5679 1456 5737 ministeriis
1505 5682 1860 5744 destinatum,
1900 5681 2076 5736 cruci-

563 5856 609 5886 ”
633 5857 791 5914 Deut.
818 5874 988 5925 sunt,
1034 5859 1114 5915 li.

2265 5586 2372 5640 Καὶ
2407 5585 2523 5647 πῶς
2558 5585 2624 5639 ἂν
2661 5585 2919 5656 παρέλθω
2957 5585 3045 5638 τὶν
3083 5587 3405 5656 τετραμερή
3439 5591 3569 5656 περὶ
3601 5581 3760 5648 αὐτὴν

2189 5677 2316 5732 λαὸν
2352 5678 2450 5748 τὴν
2480 5677 2780 5749 σταυρικὴν
2812 5676 3028 5747 ἐκείνην
3067 5676 3404 5747 δορυφορίαν
3471 5680 3565 5733 καὶ
3633 5689 3760 5745 προ·
