4016 6480
388 428 492 490 ‘21?

1463 435 1544 496 IN
1585 429 2193 496 EXALTATIONEM
2230 388 2641 500 summis.

3597 422 3705 490 218

392 543 638 614 πομπὴν,
669 544 767 599 καὶ
789 545 896 614 τῆν
938 541 1144 615 μεταξὺ
1169 543 1378 597 τούτων
1411 544 1834 614 διαλάμπουσαν
1887 546 1978 598 τοῦ

2085 566 2274 622 gerum
2333 551 2464 605 illttd
2518 549 2836 606 satellitium
2905 547 3216 616 ,illumqne
3277 543 3620 608 comitatum,
3651 555 3705 596 et.

394 636 525 690 Θεοῦ
552 636 714 702 δόξαν
746 637 914 702 ςιῖῶς
935 637 992 696 δὲ
1040 637 1139 708 τὴν
1179 637 1434 700 κιϐωτὸν,
1475 639 1571 692 καὶ
1626 639 1695 690 τὰ
1726 639 1781 690 ἐν
1848 638 1987 709 αὐτῇ

404 731 762 801 παραδράμω,
793 732 894 801 τὴν
945 731 1184 800 στάμνον
1231 729 1327 784 τοῦ
1362 731 1563 800 μάννα,
1621 733 1721 792 τὰς
1772 732 1990 792 πλάκας

405 826 494 894 τῆς
519 824 807 894 διαθήκης,
847 822 910 875 τὸ
936 823 1267 894 ἱλαστήριον,
1303 821 1404 893 τὴν
1446 822 1690 892 λυχνίαν,
1723 823 1824 893 τὴν
1855 824 1989 894 τρά-

403 913 681 978 πεζαν,τὺ
739 913 1130 983 θυσιαστήριον
1189 913 1301 966 τῶν
1353 913 1854 984 ὁλοκαυτωμάτων,
1925 915 2011 988 τδλ

401 1007 786 1077 θυσιαστήριον
814 1005 910 1059 τοῦ
941 1007 1311 1076 θυμιάματος,
1345 1007 1446 1077 τὴν
1480 1007 1733 1078 ἐνδελεχῆ
1765 1008 1983 1070 θυσίαν,

399 1093 662 1161 τάλὶαοῖς
696 1100 756 1152 τὸ
780 1099 979 1168 σεμνὸν
1001 1093 1149 1169 εῖχεν
1187 1101 1222 1171 ή
1255 1100 1424 1153 πάλαι
1449 1099 1667 1169 λατρία,
1696 1101 1790 1177 καὶ
1819 1100 1884 1154 δι’
1909 1094 1984 1154 ὧν

398 1191 708 1256 ἐδοξάζοντο
733 1193 930 1258 πάντες
957 1195 1007 1246 οἱ
1035 1193 1154 1265 Θεῷ
1179 1193 1634 1264 προσανέχοντες,
1659 1195 1984 1258 ἐκολάζοντο

395 1283 452 1336 δὲ
487 1284 536 1336 οἱ
571 1285 644 1354 μὴ
673 1283 846 1347 οὕτως
878 1285 1118 1356 ἔχοντες,
1149 1286 1340 1356 ἐπειδὴ
1381 1289 1560 1342 πάντα
1606 1287 1702 1341 τοῦ
1743 1289 1981 1357 σταυροῦ

395 1379 496 1448 τὴν
528 1376 759 1446 δύναμιν
783 1378 1222 1450 προδιὲγραφον;
1255 1381 1317 1432 Ei
1348 1380 1404 1433 δέ
1441 1381 1538 1434 καὶ
1569 1381 1745 1435 ταῦτα
1767 1380 1858 1434 διὰ
1889 1382 1982 1435 τὸν

394 1466 554 1535 λόγον
586 1469 729 1523 ἐάσω
759 1469 1030 1539 φεύγοντα
1056 1469 1156 1540 τήν
1180 1472 1470 1541 ἀμετρίαν,
1505 1471 1604 1542 τὴν
1630 1473 1760 1540 γοῦν
1785 1473 1982 1543 ῥάϐδον

409 1561 645 1631 Ἀαρὼν,
679 1563 774 1616 καὶ
807 1563 874 1615 τά
924 1562 1067 1616 κατά
1093 1565 1194 1635 τὴν
1228 1563 1462 1635 δάμαλιν
1505 1565 1622 1630 πῶς
1693 1567 1981 1635 σιωπήσω,

394 1653 538 1706 οὕτω
568 1654 888 1723 περιφανῶς
921 1654 1032 1710 τδνυ
1073 1658 1312 1727 σταυρὸν
1370 1658 1819 1728 προκηρύττοντα
1849 1674 1864 1724 ;
1913 1659 1980 1712 Ἠ

397 1743 498 1812 μὲν
530 1745 638 1816 γὰρ
661 1745 808 1799 ἔνδον
847 1745 1141 1816 βλαστάνει
1175 1748 1277 1816 τῆς
1313 1750 1542 1820 σκηνῆς,
1584 1751 1680 1804 καὶ
1737 1751 1977 1804 δείκνυσι

393 1836 484 1889 τὸν
508 1837 653 1902 ἄξιον
683 1839 854 1908 ίερέα,
873 1841 965 1893 καὶ
994 1839 1344 1910 προδείκνυσι
1365 1842 1459 1894 τὸν
1485 1843 1658 1911 μέγαν
1686 1843 1974 1913 ἀρχιερέα,

2100 660 2220 697 eam
2287 659 2407 712 qua!
2439 645 2490 697 itt
2561 643 2742 696 medio
2766 645 2960 696 lterum
3018 637 3557 702 t-oruscat,tlivinam
3589 635 3702 702 glo-

2100 735 2263 790 riam?
2310 735 2597 801 Quomodo
2662 733 3080 801 praetergrediar
3139 743 3362 790 arcam,
3396 735 3451 781 et
3479 742 3598 795 qnae
3645 729 3699 780 in

2098 843 2162 882 ea
2195 829 2628 883 asservabamur
2659 870 2674 893 ,
2711 844 2903 881 urnam
2940 827 3217 888 videlicet,
3260 825 3311 879 in
3343 836 3450 891 qua
3478 837 3700 885 manna,

2096 933 2150 975 et
2186 923 2404 977 tabulas
2461 921 2796 976 Testamenti
2849 961 2865 986 ,
2903 923 3342 991 propitiatorium
3393 963 3409 988 ,
3442 907 3698 975 candela-

2097 1018 2276 1076 brmn,
2307 1030 2550 1069 mensam
2582 1054 2596 1076 ,
2622 1015 2798 1068 altare
2862 1015 3330 1077 bolocaustorum,
3377 1012 3552 1066 aitare
3611 1010 3699 1062 in-

2097 1105 2271 1167 censi,
2335 1102 2654 1156 continuum
2718 1089 3086 1170 sacriﬁcium,
3105 1114 3158 1158 et
3185 1105 3290 1157 alia
3324 1101 3520 1171 quibus
3543 1108 3700 1154 vetus

2095 1198 2186 1251 ille
2250 1198 2430 1252 cultus
2484 1199 2723 1251 maxime
2779 1197 3143 1264 clarescebat,
3183 1209 3240 1252 et
3269 1197 3470 1266 quibus
3506 1210 3699 1250 omnes

2094 1290 2169 1344 illi
2208 1291 2298 1358 qui
2338 1291 2445 1343 Deo
2468 1290 2800 1351 serviebant,
2823 1289 3046 1359 gloriam
3072 1289 3346 1343 consecuti
3379 1295 3541 1352 s‘unt;
3582 1302 3699 1356 poe-

2094 1398 2218 1436 natn
2271 1397 2400 1435 vero
2425 1382 2460 1435 ii
2520 1382 2610 1452 qui
2645 1382 2808 1436 aliter
2863 1382 3165 1449 comparati
3199 1389 3358 1435 erant
3382 1396 3556 1451 aqua:
3583 1396 3700 1433 om-

2092 1476 2184 1530 nia
2247 1476 2428 1530 crucis
2456 1475 2759 1543 potentiam
2789 1475 3292 1544 repraesentabant?
3317 1474 3471 1540 Quod
3508 1475 3550 1528 si
3581 1488 3700 1527 om-

2091 1569 2178 1622 nia
2217 1569 2352 1624 hac.
2398 1569 2630 1622 vitandae
2685 1567 3016 1636 prolixitatis
3046 1582 3233 1632 causa,
3261 1577 3605 1636 praateream,
3642 1573 3699 1619 at

2091 1664 2298 1731 virgam
2331 1662 2588 1725 Aaronis,
2616 1671 2670 1715 et
2700 1676 2924 1715 vaccam
2980 1661 3127 1714 illam
3168 1661 3370 1723 rufam,
3412 1660 3504 1728 qui
3531 1659 3699 1712 silen-

2093 1757 2168 1810 tio
2228 1756 2598 1809 transmittam
2634 1797 2648 1820 ,
2676 1770 2802 1808 cum
2841 1765 2948 1807 tam
2987 1753 3274 1824 perspicue
3304 1767 3521 1806 crucem
3555 1766 3697 1821 prte-

2089 1847 2374 1902 nuntient?
2426 1846 2558 1900 Nam
2627 1847 2714 1900 illa
2781 1847 2920 1901 intra
2985 1845 3398 1900 tabernaculum
3457 1842 3695 1903 frondet,

392 1928 492 1980 καὶ
506 1927 601 1996 τὴν
618 1930 682 1982 ἐκ
701 1930 792 1984 τοῦ
815 1929 1115 2002 σταυρικοῦ
1137 1927 1298 1994 ξύλου
1329 1910 1610 2002 σωτηρίαν
1635 1910 1978 2002 εὐαγγελίζε-

2087 1940 2434 2010 ostenditque
2465 1981 2480 2007 ,
2515 1939 2766 2004 quisnam
2827 1939 3022 2009 dignus
3059 1939 3131 1995 sit
3157 1939 3436 2000 sacerdos,
3460 1947 3513 1991 et
3536 1935 3698 1989 sitnnl

391 2023 909 2094 ται.’Μαρανθέντες
936 2026 1046 2096 γὰρ
1070 2026 1167 2080 καὶ
1185 2029 1350 2097 ἡμεῖς
1363 2027 1582 2099 ὑπὸτῆς
1615 2028 1894 2098 ἁμαρτίας
1923 2029 1986 2081 τδ

392 2115 692 2186 καταρχὰς,
717 2115 814 2170 νῦν
830 2115 932 2188 ήδη
953 2118 1047 2172 καὶ
1068 2118 1470 2190 βλαστάνομεν,
1489 2119 1586 2175 καὶ
1607 2118 1728 2190 Θεῷ
1744 2120 1982 2189 καρπὸν,

377 2206 602 2276 ἀρετῶν
619 2209 1203 2280 ἁναφὲρομεν,θυσίαν,
1231 2211 1395 2280 ἁγίαν
1422 2215 1740 2285 προσφϋράν
1761 2213 1981 2285 δεκτήν,

390 2298 618 2369 εὔοσμον
646 2300 724 2364 ὡς
743 2301 961 2373 ἀληθῶς
983 2302 1260 2374 θυμίαμα.
1293 2304 1427 2359 Ἡδὲ
1448 2305 1681 2376 δάμαλις
1710 2307 1773 2359 τὸ
1805 2309 1985 2377 σωτή-

392 2407 509 2462 ριον
567 2393 661 2446 καὶ
681 2393 822 2462 αὑτῂ
866 2395 1242 2466 προδιέγραφε
1272 2397 1551 2461 πάθος,δι’
1579 2391 1647 2472 οὗ,
1667 2398 1982 2472 κατεδλήθη

384 2482 487 2552 τῆς
529 2485 873 2554 παγκοσμίου
921 2486 1200 2558 ἁμαρτίας
1227 2490 1288 2542 τὸ
1316 2491 1519 2560 κράτος
1552 2505 1566 2519 ’
1595 2490 1674 2560 τῷ
1695 2491 1805 2561 γὰρ
1829 2492 1986 2561 ἀμω-

388 2587 492 2641 μον
516 2572 688 2642 αὐτὴν
705 2569 846 2627 εἶναι
882 2575 1207 2646 καῖάζυγα,
1229 2578 1292 2632 τὸ
1309 2580 1705 2650 ἀναμάρτητον
1725 2581 1981 2652 ἐδηλοῦνσ

383 2680 446 2716 το
461 2664 554 2718 τοῦ
583 2665 760 2732 Ἰησοῦ
779 2670 874 2722 καὶ
899 2667 1086 2722 ὲλεύθε
1097 2687 1211 2740 ρον,
1231 2672 1307 2734 ὡς
1330 2672 1585 2743 Υίοῦ.Τῴ
1599 2675 1694 2728 τοῦ
1715 2674 1910 2743 κέδρου
1926 2675 1983 2728 δὲ

385 2758 529 2830 ξύλῳ
572 2760 633 2814 τὸ
671 2763 966 2834 σταυρικὸν
990 2764 1290 2828 είκονίζετο
1322 2765 1502 2831 ξύλον.
1537 2766 1610 2820 Τὸ
1672 2769 1782 2840 γάρ
1841 2769 1976 2841 άσηε

383 2869 518 2904 πτον
555 2853 761 2908 ἐκείνου
807 2856 865 2908 τὸ
890 2855 1155 2921 ζωοποιὸν
1220 2857 1414 2912 τούτου
1477 2861 1575 2916 καὶ
1628 2861 1728 2932 τὴν
1785 2862 1982 2932 ἀγήρω

384 2943 482 2996 καὶ
509 2945 867 3018 ἀτελεύτητον
901 2949 1188 3017 ἐνέργειαν
1218 2950 1554 3021 παρεδήλου,
1579 2953 1677 3006 καὶ
1705 2955 1733 3006 ὁ
1785 2953 1857 3006 δι’
1885 2954 1980 3007 αύ-

383 3036 478 3090 τοῦ
513 3041 806 3112 ραντισμὸς
837 3041 936 3114 τὴν
964 3042 1060 3095 τοῦ
1108 3043 1430 3113 Πνεύματος
1460 3046 1622 3116 χάριν
1670 3047 1980 3115 ὑπέφανεν,

385 3132 443 3198 ἐξ
470 3126 540 3203 ἧς
568 3134 760 3203 ἄφεσις
785 3135 1095 3207 ἁμαρτιῶν,
1145 3139 1240 3192 καὶ
1268 3137 1537 3205 υἱοθεσία,
1567 3137 1666 3192 καὶ
1697 3139 1981 3209 βασιλείας

382 3225 518 3277 Θεοῦ
555 3225 888 3298 κληρονομία
936 3229 1260 3301 δεδώρηται.

2090 2049 2344 2102 magnum
2395 2033 2740 2088 sacerdotem
2795 2040 3214 2100 praemonstrat,
3261 2031 3603 2099 salutemque
3629 2043 3697 2082 ex

2047 2126 2235 2194 'ligno
2287 2126 2466 2181 crucis
2525 2135 2703 2180 ortam
2756 2125 3085 2194 promulgat.
3138 2123 3379 2178 Areiacti
3413 2123 3558 2178 enim
3595 2122 3697 2176 sub

2091 2219 2303 2273 ittitium
2339 2235 2436 2289 per
2475 2229 2785 2290 peccatum,
2829 2221 2936 2288 lam
2967 2219 3164 2272 iterum
3194 2217 3456 2282 viremus,
3487 2215 3695 2284 germi-

2089 2326 2283 2365 namus
2323 2351 2336 2375 ,
2371 2312 2588 2382 Deoqne
2653 2313 2891 2367 fructum
2945 2312 3216 2365 \irtutum
3252 2308 3562 2369 referimus.
3593 2308 3693 2362 ho-

2088 2401 2251 2456 stiam
2315 2411 2562 2456 sanctam
2605 2442 2620 2466 ,
2649 2402 2982 2456 oblationem
3023 2401 3416 2470 acceptabilem
3457 2397 3527 2463 σθ,
3605 2413 3698 2454 ve-

2089 2508 2252 2562 reque
2286 2493 2412 2548 boni
2437 2493 2622 2548 odoris
2690 2494 2988 2565 thymiama
3022 2493 3094 2549 “.
3128 2491 3306 2549 Vacca
3333 2509 3463 2548 vero
3495 2492 3699 2547 saluta-

2087 2599 2204 2638 rem
2271 2569 2582 2654 passionem
2639 2586 3063 2655 przcdelineabat
3096 2625 3111 2648 ,
3139 2601 3244 2653 qua
3290 2586 3343 2639 in
3375 2585 3693 2638 universum

2087 2675 2348 2728 tnumlmn
2411 2676 2717 2744 grassantis
2763 2677 2976 2745 percati
3008 2675 3090 2729 vis
3121 2683 3176 2728 et
3207 2675 3448 2743 potentia
3481 2676 3694 2741 deiecta

2086 2778 2192 2832 est;
2256 2767 2468 2822 macula
2499 2781 2693 2822 carere
2718 2767 2926 2832 debuit,
2957 2765 3146 2838 etjngi
3173 2781 3370 2835 expers
3393 2779 3533 2820 esse.
3570 2763 3694 2831 Quo

2085 2859 2394 2929 signiﬁcata
2419 2870 2504 2914 est
2552 2859 2679 2915 Jesn
2718 2859 3024 2915 Salvatoris
3059 2861 3230 2914 nostri
3262 2875 3290 2912 a
3331 2870 3559 2930 peccato
3593 2860 3696 2913 im-

2087 2955 2343 3020 munitas,
2409 2967 2464 3011 et
2495 2966 2552 3010 ut
2589 2957 2705 3021 lilii,
2735 2956 2978 3011 libertas.
3019 2955 3245 3025 insuper
3282 2957 3427 3025 ligno
3467 2955 3694 3011 cedrino

2085 3043 2290 3110 lignum
2351 3047 2532 3103 crucis
2596 3055 2683 3100 est
2727 3040 3140 3101 adumbratam.
3178 3045 3311 3099 Nam
3352 3057 3545 3100 natura
3577 3046 3698 3114 eius

2087 3137 2271 3192 omnis
2341 3138 2758 3208 putrefactionis
2833 3148 2890 3194 et
2919 3139 3087 3194 cariei
3149 3153 3344 3208 espcrs
3378 3180 3393 3203 ,
3425 3138 3692 3192 vivificam

2085 3234 2204 3302 ejus
2235 3243 2309 3301 ,et
2337 3247 2438 3287 nec
2469 3233 2646 3296 senio,
2680 3247 2782 3287 nec
2831 3233 3065 3287 termino
3101 3232 3392 3286 obnoxiam
3420 3231 3691 3284 actionem

382 3317 735 3384 praenotabat,
769 3327 822 3372 et
843 3322 1089 3386 aspersio
1119 3336 1214 3389 per
1237 3322 1364 3375 illud
1390 3321 1593 3392 lignum
1628 3320 1796 3386 facta,
1826 3321 2064 3390 Spiritus
2127 3328 2360 3394 gratiam
2411 3323 2693 3386 innuebat,
2760 3323 2918 3394 cujus
2977 3323 3244 3378 beneﬂcio
3316 3323 3693 3384 remissionem

383 3419 722 3480 peccatorum
749 3453 764 3475 ,
793 3413 1138 3480 adoptionem
1194 3413 1424 3468 ﬁliorum
1456 3456 1471 3474 .
1506 3427 1560 3472 et
1591 3416 1966 3470 haereditatem
2011 3419 2160 3487 regni
2192 3417 2433 3473 caelestis
2467 3417 2747 3472 consecuti
2772 3431 2987 3472 sumus.

476 3504 612 3559 Ἀλλ’
645 3507 692 3558 εί
721 3505 869 3560 δοκεῖ
891 3505 960 3559 τὰ
993 3505 1096 3573 τῆς
1115 3504 1373 3576 λατρείας
1403 3506 1578 3578 ἑτέρῳ
1604 3508 1978 3575 ταμιευσάμε-

2153 3509 2424 3564 Caeterum
2480 3508 2524 3562 si
2565 3508 2820 3582 videtur,
2855 3523 2918 3562 ea
2949 3521 3072 3576 quae
3108 3507 3175 3561 ad
3203 3507 3407 3561 cultum
3441 3517 3495 3562 et
3521 3522 3692 3563 cmrc-

382 3618 462 3656 νοι
495 3597 668 3670 καιρῷ
692 3614 751 3651 τε
787 3598 884 3651 καὶ
905 3597 1050 3668 λόγῳ
1079 3599 1144 3669 τῇ
1171 3599 1596 3670 θαυματουργία
1619 3600 1976 3654 πάλινένδια-

380 3693 686 3764 τρίψωμεν.
721 3689 831 3745 Καὶ
858 3688 1042 3743 τοίνυν
1073 3688 1410 3759 ἁμαρτάνων
1453 3690 1671 3760 Ἰσραὴλ
1705 3690 1976 3760 συνήθως.

383 3784 630 3855 συνήθως
661 3783 824 3838 πάλιν
860 3775 1234 3849 ἐταπεινοῦτο,
1286 3782 1385 3836 καὶ
1448 3783 1499 3835 οί
1536 3781 1976 3845 ταπεινωθέντες

387 3879 474 3934 διὰ
498 3879 778 3948 δήγματος
828 3875 1008 3945 ὄφεων
1033 3874 1396 3930 ἐθανατοῦντο
1447 3874 1636 3941 εὐθὺς,
1673 3877 1772 3929 καὶ
1803 3875 1977 3938 οὕτως

383 3971 657 4042 ἐμάνθανε
714 3967 1070 4039 δικαιώματα
1116 3967 1277 4030 Θεοῦ,
1325 3969 1420 4022 καὶ
1451 3969 1590 4041 πρὸς
1649 3968 1786 4021 Θεὸν
1847 3969 1978 4022 ἐπέ-

383 4080 635 4133 στρεφεν.
653 4061 1030 4132 Ἐπιστρὲφων
1049 4061 1106 4116 δὲ
1133 4060 1340 4116 ίλεοῦτο
1364 4060 1454 4116 τὸν
1479 4061 1972 4132 πανοικτείρμονα,

382 4159 476 4212 καί
509 4159 717 4229 Μωσῆν
752 4154 864 4227 εἶχε
923 4153 1466 4226 θαυματουργοῦντα.
1500 4155 1660 4210 Κατά
1699 4153 1834 4223 γοῦν
1860 4153 1974 4208 τῶν

378 4249 684 4304 δακνόντων
713 4249 891 4317 ὄφεων
943 4246 1180 4318 χαλκοῦν
1237 4249 1448 4312 ἐκεῖνος
1475 4247 1600 4317 ὅφιν
1663 4247 1970 4319 εἰργάζετο,

380 4346 516 4414 πρὸς
549 4344 686 4398 Θεοῦ
716 4343 1050 4408 κελευσθεὶς,
1088 4341 1297 4412 ὑψηλοῦ
1330 4359 1392 4396 τε
1448 4341 1542 4396 ἐπὶ
1572 4339 1731 4406 ξύλου
1778 4340 1969 4407 ἐτίθει,

379 4442 473 4493 καὶ
500 4443 612 4504 τοῖς
645 4438 1038 4510 πληττομένοις
1066 4437 1144 4499 ὡς
1170 4437 1332 4490 αὑτὸν
1358 4435 1546 4504 ἔλεγεν
1576 4435 1846 4499 ἀτενίζειν
1871 4451 1887 4467 ·
1940 4435 1969 4489 ὃ

380 4531 442 4601 δὴ
472 4532 566 4586 καὶ
606 4531 850 4602 δρῶντες
874 4528 1062 4584 κακῶν
1088 4527 1321 4592 ἀπαθεῖς
1355 4527 1698 4592 διεσώζοντο.
1757 4526 1969 4581 Οὐκοῦν

383 4624 512 4694 φέρε
546 4623 822 4695 λέγωμεν,
848 4622 925 4687 ὡς
955 4624 1020 4677 ἐκ
1049 4622 1226 4676 τύπου
1268 4621 1432 4676 πάλιν
1464 4623 1557 4674 ἐπὶ
1583 4623 1683 4693 τὴν
1703 4621 1969 4694 ἀλήθειαν

385 4716 785 4786 μεταφέροντες
849 4715 910 4768 τὸ
941 4715 1234 4786 διήγημα,
1270 4714 1804 4786 προσκεκρούκαμεν
1870 4715 1968 4766 καὶ

2086 3601 2297 3656 monias
2319 3599 2614 3665 pertinent,
2641 3599 2798 3654 alteri
2833 3601 3062 3669 tempori
3095 3606 3149 3653 et
3178 3601 3411 3654 orationi
3441 3615 3691 3655 reserve-

2087 3708 2234 3757 mus,
2264 3702 2319 3746 et
2347 3706 2538 3746 rursus
2579 3692 2646 3745 ad
2677 3692 3048 3761 prodigiorum
3097 3690 3440 3746 affectionem
3480 3709 3576 3745 nos
3603 3709 3694 3746 re-

2085 3785 2380 3852 cipiamus.
2411 3785 2580 3856 Igitur
2604 3801 2727 3839 cum
2756 3785 2944 3851 Israel,
2975 3800 3124 3840 more
3160 3801 3279 3854 suo,
3315 3787 3552 3856 peccatis
3572 3802 3700 3842 sese

2084 3877 2475 3947 obstringeret,
2501 3893 2652 3932 more
2710 3877 2873 3934 solito
2907 3879 3106 3934 iterum
3137 3878 3474 3950 amigc-batur
3508 3888 3562 3934 et
3585 3885 3682 3934 de-

2074 3966 2394 4035 jiciebatur,
2449 3975 2500 4021 et
2543 3969 2634 4038 qui
2688 3983 2873 4023 morsu
2916 3977 3229 4038 serpentum
3285 3969 3499 4023 fuerant
3571 3970 3698 4035 icti,

2081 4075 2114 4113 e
2144 4058 2373 4127 vestigio
2413 4060 2686 4128 peribant:
2719 4070 2773 4116 et
2801 4061 2882 4116 sic
2928 4060 3354 4132 jnstilicationes
3388 4063 3481 4116 Dci
3504 4062 3687 4117 disce-

2080 4151 2233 4216 bant,
2265 4162 2318 4205 et
2345 4151 2412 4206 ad
2471 4151 2640 4206 Deum
2695 4156 3128 4210 revertebantur.
3209 4153 3523 4209 Conversus
3553 4168 3692 4208 vero

2079 4244 2446 4299 miserebatur
2504 4244 2765 4309 miseros,
2797 4255 2854 4300 et
2886 4261 3009 4300 mox
3047 4247 3295 4322 Moysen,
3332 4257 3388 4301 ut
3415 4246 3682 4300 miracula

2076 4346 2343 4407 patraret,
2400 4336 2738 4392 destinabat.
2794 4338 2936 4408 Ergo
2967 4350 3163 4393 contra
3200 4354 3416 4394 morsus
3455 4353 3688 4406 serpen-

2077 4440 2190 4483 tum
2239 4445 2442 4484 azreum
2502 4430 2591 4486 ille
2617 4443 2928 4501 serpentem
2977 4432 3256 4496 formavit,
3284 4433 3439 4498 jussu
3474 4431 3595 4496 Dei,
3627 4440 3685 4486 et

2073 4537 2140 4577 ex
2193 4525 2452 4592 praecelsa
2497 4525 2646 4594 ligno
2676 4525 2985 4596 suspendit,
3019 4525 3410 4602 mandavitque
3439 4535 3495 4579 ut
3530 4525 3622 4594 qui
3651 4541 3687 4578 ει

2071 4617 2528 4687 serpentibusicti
2565 4629 2774 4681 essent,
2838 4619 2896 4673 in
2942 4633 3066 4672 eum
3119 4619 3481 4688 reSpicerent,
3537 4618 3681 4687 quod

2073 4725 2197 4763 cmn
2249 4709 2516 4778 facerent,
2580 4711 2852 4765 immunes
2903 4710 3106 4765 amalo
3182 4710 3680 4764 conservabantur.

385 4809 546 4878 ἡμεῖς
573 4807 655 4878 τῷ
672 4807 1006 4880 Δημιουργῷ
1031 4809 1127 4862 καὶ
1174 4806 1492 4878 κατηνέχθη
1502 4825 1603 4879 μεν
1628 4810 1708 4870 είς
1741 4807 1974 4862 θάνατον

2085 4801 2312 4874 agedum
2337 4819 2468 4872 ergo
2488 4814 2655 4858 totam
2687 4805 2831 4859 hanc
2855 4803 3224 4857 narrationem
3245 4818 3436 4858 rursus
3457 4816 3486 4856 a
3509 4803 3680 4870 ligura

477 4899 572 4955 τοῦ
601 4876 776 4971 «ἐφεώξ
811 4876 1095 4971 συμϐουλῇ
1124 4917 1138 4931 ·
1175 4876 1367 4971 δῆγμα
1389 4876 1746 4972 γάρνάληθῶς
1789 4899 1968 4969 ὄφεως

2085 4897 2132 4951 in
2191 4897 2477 4951 veritatem
2514 4900 2688 4965 ipsam
2757 4895 3172 4951 transferamus.
3224 4894 3390 4949 invisi
3423 4909 3681 4964 nosqno-

380 4993 410 5045 ὀ
434 4990 677 5045 ἐπελθὼν
733 4991 812 5061 τῷ
866 4991 1175 5063 προπάτορι
1245 4991 1496 5051 θάνατος.
1574 4989 1971 5061 Ἀνεζωοποιή-

383 5085 558 5153 θημεν
585 5084 641 5137 δὲ
671 5083 750 5154 τῷ
798 5085 892 5139 ἐπὶ
921 5083 1015 5136 τοῦ
1074 5084 1372 5155 σταυρικοῦ
1429 5083 1589 5148 ξύλου
1645 5087 1969 5155 νεκρωθέντι

381 5176 598 5248 Χριστῷ
625 5180 684 5232 ἐν
709 5176 1026 5248 ὁμοιώματι
1060 5180 1292 5246 σαρκὸς
1319 5179 1633 5247 ἁμαρτίας,
1674 5175 1750 5240 ῶς
1806 5195 1972 5246 φησιν

380 5274 408 5326 ὁ
434 5272 576 5335 θεῖος
615 5271 961 5334 Ἀπόστολος.
1007 5270 1093 5331 Ὧς
1122 5272 1230 5341 γὰρ
1258 5273 1288 5322 ὁ
1343 5271 1578 5340 χαλκοῦς
1609 5270 1733 5338 ὄφις
1765 5272 1974 5330 ἐκεῖνος

384 5362 613 5433 ῐνδαλμα
644 5363 740 5433 μὲν
779 5359 849 5432 ἦν
875 5361 972 5415 τοῦ
1003 5361 1190 5433 θηρὸς,
1224 5362 1317 5416 τὸν
1363 5361 1702 5416 θανατοῦντα
1756 5361 1813 5414 δὲ
1871 5360 1971 5413 οὑκ

383 5451 526 5526 εἶχεν
557 5456 652 5519 ίὸν,
683 5454 828 5509 οὕτω
859 5457 953 5508 καὶ
984 5456 1013 5508 ὁ
1046 5456 1104 5508 ἐν
1165 5453 1290 5520 τοῖς
1345 5455 1592 5525 ἀνόμοις
1640 5454 1969 5523 λογισθεὶς,

384 5546 454 5599 δι’
474 5548 623 5617 ἡμᾶς
649 5546 1056 5617 ἀναμάρτητος,
1082 5547 1177 5600 καὶ
1209 5546 1352 5600 κατὰ
1382 5546 1547 5614 φύσιν
1577 5546 1784 5616 ἀγαθὸς
1837 5549 1974 5600 Δεσ-

385 5639 553 5707 πότης
590 5638 769 5705 σάρκα
802 5639 900 5709 μὲν
928 5639 1182 5702 ἀνέλαϐε,
1237 5640 1333 5694 καὶ⁵
1379 5640 1571 5710 γέγονε
1637 5639 1758 5694 καθ’
1795 5640 1969 5710 ἡμᾶς,

386 5730 477 5783 καὶ
507 5729 761 5798 ἁμαρτία
787 5729 1015 5801 ἐκλήθη,
1050 5729 1172 5800 ἦτοι
1202 5729 1364 5785 θυσία
1426 5733 1566 5802 ὑπὲρ
1595 5732 1694 5802 τῆς
1723 5747 1972 5798 παγκοσο

454 5913 498 5946 ιθ
529 5911 686 5970 Rom.
729 5931 828 5982 xu,
860 5917 917 5984 1;
957 5931 1044 5982 xv,
1088 5915 1173 5972 l6.
1252 5913 1294 5946 “
1330 5913 1675 5987 Exod._uv,
1703 5909 1755 5968 6.
1835 5914 1879 5946 ⁸⁸
1923 5914 2078 5974 Rom.
2130 5932 2248 5988 Vm,
2291 5919 2345 5975 5.

2081 5006 2186 5058 que
2237 4990 2384 5056 Deo,
2414 4991 2642 5045 subdola
2708 4988 2981 5056 serpentis
3036 4989 3316 5052 suasione,
3354 4988 3406 5043 in
3446 4997 3674 5042 mortem

2081 5080 2389 5149 praecipites
2419 5082 2524 5135 acti
2549 5081 2768 5136 luimus.
2807 5079 2946 5135 Vere
2974 5081 3122 5134 enim
3155 5096 3371 5135 morsus
3399 5081 3678 5150 serpentis

2079 5183 2339 5246 esttnors
2377 5213 2392 5238 ,
2425 5189 2544 5241 qum
2584 5173 2820 5242 primum
2836 5181 3140 5241 parentem
3179 5184 3423 5226 nostrum
3455 5171 3676 5225 invasit.

2085 5263 2262 5319 Vitam
2319 5279 2448 5319 vero
2501 5264 2810 5332 recepimus
2839 5302 2855 5326 ,
2889 5278 3011 5317 cum
3047 5262 3104 5316 in
3145 5262 3291 5330 ligno
3313 5260 3492 5313 crucis
3517 5257 3679 5311 Chri-

2083 5371 2198 5412 suts
2219 5357 2475 5412 occubuit
2514 5357 2568 5411 itt
2623 5355 2975 5411 similitudine
3001 5357 3179 5410 carnis
3200 5353 3422 5424 peccati,
3454 5361 3512 5404 ut
3540 5351 3680 5405 dteit

2083 5453 2300 5508 divinus
2348 5453 2636 5522 Apostolus
2664 5454 2733 5508 “.
2765 5451 3230 5520 Quemadmodum
3293 5446 3441 5502 enim
3500 5458 3677 5500 aereus

2078 5547 2167 5601 ille
2225 5560 2452 5616 serpens
2529 5547 2886 5602 simulacrum
2943 5554 3064 5600 erat
3124 5541 3416 5596 animantis
3438 5539 3673 5602 illius,at

2081 5640 2363 5694 mortifero
2416 5656 2626 5695 veneno
2670 5643 2913 5705 carebat,
2950 5640 3023 5692 ita
3048 5646 3100 5691 et
3125 5636 3168 5690 is
3199 5637 3290 5705 qui
3321 5645 3542 5704 propter
3569 5649 3672 5687 nos

2081 5747 2205 5786 cum
2262 5733 2464 5794 iniquis
2518 5742 2794 5804 reputatus
2823 5741 2898 5786 est
2925 5732 2995 5798 ",
3038 5730 3105 5786 ab
3132 5729 3276 5786 omni
3317 5727 3523 5800 peceati
3555 5727 3676 5781 labe

2449 5917 2495 5950 ⁵³
2523 5914 2627 5972 lsa.
2660 5931 2780 5982 LIII,
2818 5913 2886 5973 12
