4016 6522
327 432 438 503 9:9
1468 438 1801 499 MACARII
1845 439 2489 502 cunrsocernau
3556 424 3668 498 220

330 564 501 623 purus
524 556 578 603 et
616 554 811 603 natura
844 561 943 603 sua
979 549 1151 607 bonus
1194 548 1453 605 Dominus
1477 590 1492 615 ,
1558 567 1779 608 carnem
1821 555 1914 623 qui

2079 553 2171 606 ,ίου
2211 553 2390 621 πάσης
2417 551 2718 622 ἁμαρτίας.
2780 550 3032 619 Τὸνυνάρ
3055 551 3144 622 μὴ
3178 554 3430 623 γνόντα
3467 557 3665 626 ἁμαρ-

332 649 454 699 deut
514 641 746 709 accepit,
773 650 822 694 et
876 640 1159 709 nobiscum
1217 651 1490 704 versatus,
1526 645 1633 697 imo
1662 657 1709 698 et
1736 663 1914 715 pecca-

2081 665 2176 713 ar,
2214 650 2243 701 6
2268 647 2477 711 Παῦλός
2498 663 2685 716 φησιν,
2714 646 2866 714 ὑπὲρ
2894 644 3066 715 ἡμῶν
3103 649 3428 716 ἁμαρτίαν
3451 650 3667 717 ἐποίηο

332 750 445 789 tttm
470 736 644 790 dietus
681 742 764 789 est
805 736 874 797 ⁸⁵,
927 734 1040 788 sive
1065 733 1398 788 sacriﬁcium
1431 750 1528 804 pro
1549 737 1712 790 totius
1729 738 1914 790 mutuli

2079 755 2160 804 εν,
2190 738 2269 794 ἵν’
2301 737 2477 807 ἡμεῖς
2501 736 2806 808 γενώμεθα
2839 737 2989 791 Θεοῦ
3018 738 3427 807 δικαιοσύνη.
3449 742 3510 793 Ἀ
3522 759 3665 812 μαρ-

334 842 576 899 peccato.
652 830 788 883 Eum
844 829 1006 889 enim,
1034 827 1124 896 qui
1167 843 1267 880 non
1290 830 1920 895 noveratpeccatum,in-

2077 833 2152 893 ἰας
2184 830 2245 884 δὲ
2307 829 2473 894 αὐτὸς
2516 827 2784 899 οὐμενοῦν
2818 829 2942 882 οὑόὶ
2989 829 3121 899 μίαν
3160 831 3397 897 ἐδέξατο
3435 832 3663 903 κηλίδα.

333 925 451 990 quit
505 923 723 988 Paulus,
779 937 876 988 pro
913 920 1058 973 nobis
1084 929 1357 988 peccatum
1384 919 1531 988 fecit,
1557 930 1614 973 ut
1642 938 1735 975 nos
1759 923 1919 991 efﬁce-

2081 923 2211 986 ώζει
2240 921 2297 975 δὲ
2331 922 2460 983 τοὺς
2488 921 2849 991 ὁρῶνταςοείς
2882 920 3072 986 αὐτὸν,
3106 924 3237 986 τοὺς
3277 925 3667 991 πιστεύοντας

334 1031 510 1066 remur
566 1012 663 1066 Dei
709 1013 928 1080 justitia
960 1012 1030 1065 ⁸⁸.
1064 1010 1128 1065 Et
1195 1017 1378 1064 tamen
1431 1011 1633 1066 nullam
1690 1015 1908 1078 penitus

2076 1014 2257 1085 ηλαδή,
2295 1013 2378 1067 ὅτι
2411 1012 2546 1075 Θεός
2570 1014 2687 1065 ἐστι
2716 1011 3003 1078 ζωοποιός,
3062 1014 3157 1069 καὶ
3186 1016 3451 1085 ἐγεγόνει
3497 1018 3662 1086 σὰρξ,

336 1106 543 1172 peccati
602 1106 870 1158 maculam
913 1105 965 1156 itt
994 1118 1055 1156 se
1086 1101 1327 1156 admisit.
1366 1100 1563 1157 Servat
1596 1115 1777 1158 autem
1807 1106 1922 1157 illos

2080 1108 2132 1162 αὶ
2150 1104 2250 1176 τὴν
2280 1103 2593 1175 ἁμαρτικὴν
2621 1105 2779 1175 ἡμῶν
2803 1105 3030 1174 ἑφόρεσε
3055 1106 3240 1174 φύσιν.
3275 1109 3385 1162 καὶ⁵
3437 1110 3666 1176 δοξάζει

335 1196 424 1257 qui
452 1196 503 1248 iu
540 1210 660 1249 eum
717 1196 904 1250 oculos
947 1191 1259 1257 intendunt,
1285 1208 1379 1247 eos
1413 1195 1660 1249 videlicet
1690 1198 1776 1263 qui
1808 1212 1921 1252 crc-

2078 1199 2167 1262 οὺς
2204 1198 2573 1269 μιμουμένους
2607 1188 2681 1262 ὦς
2740 1198 2971 1252 δυνατὸν
3026 1203 3086 1254 ὲν
3148 1200 3227 1271 τῷ
3288 1202 3403 1272 τὴν
3472 1204 3664 1271 σάρκα

334 1288 488 1351 dunt,
542 1287 718 1353 ipsum
777 1287 946 1341 Deum
1011 1289 1191 1343 vivum
1255 1299 1308 1344 et
1346 1291 1467 1344 vita:
1498 1290 1747 1343 datorem
1783 1304 1920 1355 esse,

2077 1291 2305 1361 ταυροῦν
2368 1291 2494 1345 σὺν
2555 1291 2682 1358 τοῖς
2740 1292 3054 1362 παθήμασι
3122 1294 3224 1348 καί
3312 1296 3460 1361 ταῖς
3528 1297 3663 1349 ἑπι-

332 1394 661 1444 carnemque
690 1379 930 1447 factum,
968 1393 1216 1437 naturam
1278 1395 1520 1438 nostrain
1558 1382 1915 1450 peccatricem
2027 1382 2297 1449 θυμίαις.

334 1471 577 1526 induisse
616 1481 671 1526 et
702 1474 886 1527 tulisse
911 1513 927 1539 ,
990 1483 1044 1529 et
1076 1476 1308 1545 gloriam
1365 1476 1496 1531 dare
1529 1475 1885 1530 cousuevisse
1924 1476 1992 1531 iis
2026 1474 2142 1545 qui,
2199 1474 2487 1542 quantum;
2512 1472 2626 1528 ﬁeri
2668 1481 2869 1543 potest,
2937 1474 3005 1528 ad
3066 1474 3455 1530 imitationem
3534 1476 3660 1548 ejus

335 1568 668 1623 contendunt
721 1569 1086 1638 cruciﬁgendo
1116 1585 1360 1633 carnem,
1383 1588 1503 1625 cum
1525 1571 1663 1624 vitiis
1688 1578 1737 1625 et
1767 1569 2207 1639 concupiscentiis
2237 1567 2305 1621 ⁸⁸.

406 1661 573 1717 Vides
631 1662 814 1732 ﬁgura:
875 1679 1001 1719 cum
1038 1664 1112 1717 rei
1166 1664 1400 1719 veritate
1454 1664 1916 1721 convenientiam.

2109 1660 2273 1731 Ὁρᾷς
2317 1659 2414 1713 τοῦ
2454 1659 2627 1713 τύπου
2662 1659 2803 1731 πρδς
2836 1659 2936 1729 τὴν
2983 1657 3242 1731 ἀλήθειαν
3277 1660 3390 1727 τὴν
3442 1665 3657 1731 συγγέ·

336 1756 412 1811 lbi
456 1764 687 1809 mortem
716 1755 1026 1826 eﬂ'ugerunt
1101 1753 1293 1820 Judaei,
1327 1757 1423 1811 sed
1491 1756 1918 1825 temporariam;

2072 1768 2206 1807 stav.
2288 1753 2433 1805 Ἐκεῖ
2508 1754 2739 1806 θάνατον
2795 1753 3055 1822 διέφυγον
3137 1753 3395 1807 Ἰουδαῖοι
3421 1795 3438 1819 ,
3513 1756 3658 1809 ἀ).)ἀ

337 1846 429 1901 hic
455 1857 712 1902 aeternam
747 1847 782 1900 ii
810 1847 901 1916 qui
928 1847 1177 1910 credunt,
1233 1845 1519 1917 effugiunt.
1562 1846 1639 1900 lbi
1689 1858 1922 1915 serpen-

2071 1845 2122 1899 ὄν
2162 1845 2523 1916 πρόσκαιρον,
2563 1843 2801 1898 ἐνταῦθα
2832 1843 2929 1899 τδν
2960 1844 3178 1898 αἰώνιον
3203 1848 3254 1899 oi.
3286 1848 3657 1912 πιστεύοντες

341 1949 453 1993 tum
508 1953 727 1993 morsus
776 1939 1002 1993 curabat
1046 1953 1345 2009 suspensus
1394 1955 1659 2009 serpens;
1709 1948 1767 1994 at
1834 1937 1927 1993 hic

2094 1935 2518 2007 ιδιδράσκουσιν.
2550 1937 2699 1989 Ἐκεῖ
2719 1937 2976 2007 δήγματα
2998 1938 3175 2005 ὄφεων
3205 1937 3333 1990 lato
3364 1940 3393 1992 6
3429 1940 3680 2009 κρεμάι

341 2032 549 2101 plagas,
577 2031 645 2085 ab
672 2030 1004 2101 intelligibili
1037 2041 1292 2099 serpente
1323 2031 1580 2107 inﬂictas,
1618 2039 1774 2085 sanat
1804 2045 1927 2085 cru-

2076 2044 2195 2092 ενος
2233 2028 2262 2081 6
2300 2028 2424 2097 ὄφις
2449 2043 2462 2058 ⁸
2501 2028 2736 2082 ἐνταῦθα
2776 2028 2871 2082 τοῦ
2902 2028 3102 2099 νοητοῦ
3135 2028 3456 2098 δράκοντος
3493 2032 3659 2101 θερα-

341 2123 537 2178 ciﬁxus
572 2123 753 2178 Jcsus.
793 2124 863 2178 lbi
896 2126 1215 2190 curabatur,
1263 2128 1358 2196 qui
1417 2128 1699 2197 corporeis
1751 2125 1927 2180 oculis

2069 2124 2190 2175 :stiu
2218 2122 2317 2185 τὰς
2345 2121 2561 2191 πληγὰς
2585 2122 2614 2174 6
2640 2120 2978 2190 σταυρωθεὶς
3014 2120 3247 2191 Ἰησοῦς.
3293 2121 3459 2174 Ἐκεῖ
3480 2124 3512 2174 6
3539 2123 3655 2186 τοῖς

343 2215 633 2281 utebatur;
665 2227 720 2269 at
752 2215 839 2269 hic
875 2216 921 2269 is
953 2217 1043 2285 qui
1079 2217 1276 2273 mentis
1299 2217 1487 2273 oculos
1529 2218 1776 2284 intendit,
1813 2233 1929 2270 mu-

2065 2213 2336 2282 φθαλμοῖς
2379 2213 2591 2276 τούτοις
2624 2212 2841 2283 βλέπων
2870 2213 3239 2283 ἐθεραπεύετο
3268 2229 3283 2243 ο
3327 2214 3581 2268 ἐνταῦθα
3623 2218 3651 2270 6

343 2308 431 2360 uia
465 2317 683 2375 peccata
732 2306 979 2375 deponit.
1029 2308 1105 2363 lbi
1172 2310 1324 2365 insin
1380 2310 1607 2381 ﬁguram
1660 2315 1929 2379 serpentis

2067 2307 2146 2368 οἷς
2181 2305 2282 2373 τῆς
2321 2305 2558 2366 διανοίας
2587 2306 2731 2374 ὀρῶν
2760 2303 2971 2374 ὄμμασι
3004 2306 3181 2358 πάντα
3209 2306 3557 2360 ἀποτίθεται
3586 2308 3653 2359 τά

342 2397 739 2451 conformatum
791 2398 929 2464 fuit;
978 2398 1067 2453 hic
1113 2414 1318 2471 corpus
1371 2402 1586 2456 Domini
1657 2417 1687 2457 a
1725 2401 1928 2471 Spiritu

2064 2398 2438 2467 ιμαρτήματα.
2497 2395 2645 2450 Ἑκεί
2691 2395 2893 2465 χαλκὸς
2936 2396 2996 2448 τὸ
3034 2397 3402 2467 κρεμάμενον
3456 2396 3532 2469 ἦν
3565 2401 3650 2461 είς

254 2512 261 2520 -
345 2498 538 2543 sancto
561 2488 901 2543 eﬂ'ormatum
929 2500 1031 2544 est.
1084 2490 1162 2546 lbi
1222 2494 1505 2548 mordebat
1533 2510 1782 2563 serpens,
1814 2510 1840 2549 s

2071 2488 2226 2558 χῆμα
2250 2489 2428 2558 ὄφεως
2454 2488 2839 2555 διατυπωθεὶς,
2861 2489 3096 2542 ἐνταῦθα
3119 2490 3281 2559 σῶμα
3307 2492 3654 2545 Δεσποτικδν

345 2595 586 2651 peusque
619 2582 943 2637 medicinam
982 2583 1217 2639 faciebat
1248 2601 1263 2638 :
1290 2586 1361 2639 ita
1390 2594 1445 2640 et
1473 2586 1559 2642 liic
1606 2602 1752 2641 more
1785 2587 1931 2644 inte-

2182 2580 2277 2635 τοῦ
2316 2580 2637 2649 Πνεύματος
2679 2581 3152 2637 κατασκευασθέν.
3200 2584 3379 2653 Ὄφις
3429 2584 3656 2639 ἔδακνεν
3754 2638 3758 2641 ,

346 2675 530 2739 ritum,
564 2684 617 2729 et
646 2690 794 2729 mors
830 2676 1059 2731 salutem
1087 2676 1286 2731 attulit.
1342 2680 1610 2733 Caeterum
1672 2694 1930 2747 serpens,

2065 2676 2175 2739 κεῖ,
2213 2676 2306 2730 καὶ
2335 2672 2457 2743 ὄψις
2480 2674 2597 2727 ἰᾶτο
2620 2688 2633 2702 ’
2667 2672 2811 2727 οὕτω
2836 2674 2933 2727 καὶ
2963 2673 3202 2728 ἐνταῦθα
3232 2677 3476 2741 θάνατος
3497 2676 3651 2732 ἀπώ-

345 2768 438 2835 qui
469 2769 691 2822 exitium
724 2767 988 2837 pariebat,
1024 2784 1292 2824 venenum
1325 2769 1602 2828 habebat:
1634 2781 1689 2825 at
1716 2772 1807 2842 qui
1840 2790 1931 2828 sa-

2066 2789 2184 2838 εστ,
2217 2773 2316 2826 καὶ
2346 2773 2585 2836 θάνατος
2614 2769 2841 2826 ἔσωσεν.
2879 2771 3024 2825 Ἀλλ’
3055 2773 3084 2825 6
3117 2768 3218 2841 μὲν
3240 2770 3497 2834 ἀπολλὺς
3525 2770 3652 2839 ὄφις

347 2863 511 2915 Iutem
546 2862 823 2927 atl‘erebat,
854 2878 1066 2918 veneno
1101 2880 1308 2922 vacuus
1332 2874 1467 2921 erat.
1502 2866 1650 2922 Idem
1692 2870 1780 2924 ltic
1808 2885 1933 2925 ere-

2065 2865 2118 2916 ὄν
2163 2860 2335 2933 εἶχεν,
2366 2866 2394 2918 ὁ
2425 2863 2483 2917 δὲ
2514 2864 2705 2928 σώζων
2740 2863 2821 2917 to?)
2854 2862 3100 2934 καθαρὸς
3128 2856 3220 2932 ἦν.
3254 2862 3373 2915 Καὶ
3404 2859 3651 2915 ἐνταῦθα

347 2955 447 3010 uit.
485 2954 613 3009 Nam
646 2963 844 3019 morte,
869 2971 989 3026 quae
1017 2972 1115 3013 nos
1163 2960 1421 3028 perdidit,
1464 2973 1689 3028 peccato
1731 2964 1931 3019 infecta

2067 2955 2205 3009 πάλιν
2237 2954 2299 3009 τὸ
2335 2955 2488 3010 αὐτό.
2534 2954 2594 3008 '0
2626 2954 2731 3023 μὲν
2758 2954 2868 3025 γὰρ
2895 2953 3135 3017 ἀπολλὺς
3165 2952 3411 3015 θάνατος
3471 2953 3653 3022 ἁμαρρ

342 3046 468 3110 tuit,
502 3046 642 3101 sicut
668 3063 879 3102 veneno
925 3064 1191 3118 serpens:
1226 3061 1284 3105 at
1331 3067 1465 3108 crux
1517 3052 1733 3109 Domini
1784 3055 1928 3109 omni

2058 3047 2159 3100 :iav
2186 3042 2354 3116 εἶχεν,
2386 3046 2578 3117 ὥσπερ
2597 3047 2691 3098 τὸν
2721 3045 2800 3099 ίὸν
2828 3047 2857 3097 6
2890 3043 3015 3114 ὄφις
3037 3059 3053 3077 ο
3084 3045 3113 3097 6
3140 3044 3199 3097 δὲ
3231 3044 3334 3098 τοῦ
3367 3046 3644 3098 Δεσπότου

345 3153 571 3205 prorsus
603 3149 827 3207 peccato
861 3141 1105 3208 carebat,
1137 3143 1282 3199 sicut
1306 3159 1487 3199 aereus
1541 3161 1771 3214 serpens
1838 3162 1931 3201 ve—

2059 3140 2273 3210 ιταυρός
2302 3139 2578 3209 ἁμαρτίας
2608 3138 2929 3209 ἀπήλλακτο
2972 3136 3177 3207 πάσης,
3214 3138 3418 3207 ὥσπερ
3450 3138 3480 3191 ὄ
3515 3136 3645 3206 χαλ-

348 3244 521 3285 neno:
551 3228 830 3284 Peccatum
851 3234 987 3287 enim
1018 3249 1120 3287 non
1157 3235 1304 3304 fecit,
1336 3253 1430 3290 nec
1460 3246 1536 3291 ut
1562 3239 1803 3294 inventus
1834 3240 1932 3294 do—

2064 3230 2170 3293 ιοῦς
2212 3230 2334 3300 ὄφις
2379 3230 2482 3284 ίοῦο
2518 3231 2843 3298 Ἀμαρτίαν
2873 3230 2984 3299 γὰρ
3021 3231 3133 3283 οὐκ
3177 3230 3487 3294 ἐποίησεν
3508 3225 3650 3283 οὐδὲ

347 3322 430 3376 lus
473 3324 528 3377 in
560 3339 649 3376 ore
680 3325 796 3392 ejus
834 3326 901 3378 ιτ.
929 3326 995 3381 Et
1049 3308 1152 3383 hoc
1197 3338 1301 3392 est,
1336 3332 1481 3399 quod
1510 3332 1732 3386 divinus
1779 3334 1925 3400 Apo-

2067 3322 2244 3390 ὑρέθη
2263 3321 2455 3386 δόλος
2470 3321 2540 3375 ἐν
2558 3320 2640 3386 τῷ
2663 3320 2917 3390 στόματι
2936 3319 3152 3374 αὑτοῦ.
3196 3319 3312 3374 Καὶ.
3325 3319 3492 3374 τοῦτό
3503 3322 3648 3374 ἐστιν

347 3416 521 3471 stolus
549 3419 716 3470 tradit
753 3435 767 3470 :
802 3416 1118 3486 Eupalium
1169 3418 1497 3491 principatus
1545 3434 1598 3479 et
1621 3433 1931 3493 potestates,

2058 3415 2260 3484 ἱφησιν
2286 3416 2315 3466 6
2369 3412 2512 3475 θεῖος
2554 3412 2882 3474 Ἀπόστολος
2906 3427 2921 3442 ·
2958 3408 3499 3481 Ἀπεκόυσάμενος
3543 3409 3644 3473 τὰς

349 3508 592 3562 traduxit
620 3511 937 3579 conﬁdenter
960 3513 1292 3582 triumphans
1316 3516 1439 3571 illas
1465 3518 1523 3572 in
1544 3519 1930 3587 semetipsos”.

2059 3504 2233 3573 ῐρχὰς
2260 3502 2360 3558 καὶ
2389 3504 2498 3564 τὰς
2525 3503 2838 3569 ἐξουσίας,
2867 3501 3292 3571 ἐδειγμάτισεν
3321 3502 3396 3556 ἐν
3421 3501 3645 3568 παρρη-

351 3600 821 3665 Quemadmodum
877 3603 1022 3659 enim
1084 3620 1384 3675 generosus
1439 3607 1639 3678 aliquis
1699 3610 1932 3674 athleta,

2059 3596 2169 3662 γίᾳ,
2191 3595 2593 3663 θριαμϐεύσας
2620 3591 2814 3657 αὐτὰς
2835 3590 2908 3645 ἐν
2921 3589 3107 3657 αὐτῷ.
3128 3591 3409 3662 Καθάπερ
3431 3592 3538 3662 γάρ
3563 3605 3645 3652 τις

351 3693 568 3759 quando
602 3694 971 3750 adversarium
1014 3696 1067 3751 in
1103 3699 1336 3753 sublime
1386 3709 1605 3767 raptqu
1668 3702 1932 3767 lancinat,

2054 3686 2285 3754 5ιθ).ητὴς
2314 3686 2562 3753 γενναῖος
2586 3723 2602 3747 ,
2631 3684 2762 3737 ὅταν
2796 3684 2893 3735 ἐπὶ
2939 3684 3221 3759 μετεώρου
3253 3685 3351 3737 τὸν
3389 3687 3640 3749 ἀνταγω-

350 3780 769 3846 splendidiorem
792 3800 947 3840 suam
1003 3786 1285 3842 victoriam
1317 3787 1515 3846 efﬁcit:
1566 3791 1640 3847 ita
1688 3802 1745 3848 et
1774 3792 1936 3848 Citri-

2056 3777 2233 3848 νιστὴν
2255 3777 2393 3848 ἄρας
2421 3775 2767 3848 καταρῤἀξῃ,
2796 3774 3189 3846 λαμπροτέραν
3214 3776 3519 3845 ἀποφαίνει
3547 3776 3642 3840 τὴν

352 3883 491 3933 stus,
523 3883 634 3927 toto
673 3878 957 3930 terrarum
999 3877 1135 3935 orbe
1183 3879 1542 3949 inspectante,
1594 3885 1938 3940 adversariae

2055 3867 2226 3939 νίκην·
2267 3867 2414 3921 οὕτω
2447 3867 2543 3919 καὶ
2565 3869 2594 3920 6
2623 3866 2883 3937 Χριστὸς,
2921 3866 3024 3935 τῆς
3069 3868 3403 3937 οἰκουμένης
3432 3865 3641 3937 ὁρώσης

352 3965 584 4021 virtutes
613 3966 826 4033 deiecit,
856 3967 998 4025 etab
1041 3969 1150 4026 illis
1193 3985 1486 4040 percussos
1540 3975 1756 4030 sanavit
1812 3991 1938 4032 sus-

2055 3959 2283 4028 Ξπάσης,
2329 3959 2428 4021 τὰς
2456 3959 2841 4027 ἀντικειμένας
2885 3959 3150 4029 δυνάμεις
3195 3960 3497 4021 κατέϐαλε,
3550 3957 3641 4009 καὶ

353 4069 553 4122 pensus
578 4058 635 4111 in
683 4057 855 4127 ligno.

2053 4051 2171 4114 τοὺς
2215 4050 2307 4104 ὐπ’
2342 4050 2570 4104 ἐκείνων
2603 4050 2914 4121 πληγέντας
2957 4052 3149 4105 ίάσατο
3174 4053 3519 4124 κρεμασθεὶς
3550 4049 3639 4103 ἐπὶ

2079 4143 2231 4197 ὑλου.

422 4237 533 4289 (iur
581 4236 765 4302 igitur,
793 4237 994 4292 dixerit
1058 4237 1198 4297 forte
1253 4240 1543 4310 quispiam,
1594 4247 1822 4295 mortem
1868 4253 1936 4295 ex

2079 4144 2174 4197 ὑλο
2216 4182 2231 4197 .

2046 4144 2074 4210 ξ
2113 4160 2213 4290 Τίῖ
2230 4235 2347 4299 οὖν,
2379 4238 2536 4308 φησὶ,
2581 4235 2672 4290 τὸν
2720 4235 2823 4304 μὲν
2860 4238 2926 4289 ὲκ
2978 4237 3260 4307 δήγματος
3314 4238 3632 4306 κατήργησε

355 4343 540 4381 morsu
578 4328 778 4381 illatam
812 4330 1018 4398 depulit
1047 4346 1352 4401 suspensus
1396 4346 1647 4399 serpens,
1681 4346 1783 4387 nec
1840 4334 1940 4387 be-

2050 4330 2278 4384 θάνατον
2312 4331 2342 4382 6
2370 4329 2707 4400 κρεμασθεὶς
2736 4329 2880 4398 ὄφις,
2913 4329 2981 4382 τὰ
3007 4330 3174 4400 θηρία
3201 4330 3259 4383 δὲ
3302 4332 3405 4383 οὐκ
3434 4327 3636 4396 ὲξηφά-

354 4423 489 4474 stias
533 4420 654 4476 illas
688 4422 910 4491 majoris
955 4424 1209 4479 beneﬁcii
1258 4427 1435 4494 gratia
1499 4424 1744 4488 abstulit,
1809 4434 1940 4481 tunc

2048 4438 2195 4475 νισεν
2254 4423 2581 4491 εὐεργεσίας
2625 4421 2788 4474 ἕνεκα
2834 4421 3104 4490 μείζονος,
3161 4422 3258 4475 καὶ
3296 4422 3377 4491 τῷ
3405 4420 3527 4473 τότε
3555 4415 3634 4485 τῷ

351 4513 573 4581 quidem
607 4513 811 4579 lsrzwli,
848 4531 993 4570 nunc
1019 4531 1147 4569 vero
1206 4534 1311 4575 nou
1374 4518 1554 4572 minus
1600 4518 1760 4573 nobis
1807 4531 1937 4571 con-

2058 4515 2296 4585 Ἰσραὴλ,
2331 4516 2427 4569 καὶ
2448 4515 2541 4567 νῦν
2562 4514 2621 4568 δὲ
2642 4514 2743 4584 οὐχ
2765 4508 2929 4586 ἦττον
2950 4516 3085 4584 ἡμῖν
3106 4530 3121 4579 ;
3151 4514 3216 4567 Ol
3251 4515 3353 4583 μὲν
3379 4515 3490 4581 γὰρ
3525 4526 3629 4562 σω-

354 4603 601 4656 ferendi?
635 4603 974 4673 Rcspondeo,
1006 4605 1302 4669 Israelilas,
1330 4608 1472 4662 malo
1491 4615 1780 4677 praesente,
1822 4621 1937 4660 mo-

2047 4606 2398 4676 φρονέστεροι
2415 4607 2511 4659 τοῦ
2538 4604 2711 4659 κακοῦ
2735 4605 3006 4675 παρόντος
3026 4605 3299 4674 ἐγένοντο,
3320 4604 3472 4674 ἡμᾶς
3499 4599 3631 4670 πρὸς

354 4693 618 4748 destiores
672 4706 728 4749 et
793 4698 1191 4751 tractabiliorea
1262 4697 1486 4752 eﬁ'ectos
1514 4711 1671 4753 esse:
1713 4713 1811 4753 nos
1841 4713 1940 4751 au-

2048 4674 2389 4769 ὄψηλοτέραν
2435 4698 2561 4764 άγει
2608 4696 2725 4766 βίου
2780 4674 3119 4751 κατάστασιν
3168 4696 3241 4751 τά
3287 4693 3627 4764 τυπούμενοι.

354 4798 464 4843 teut
500 4804 596 4857 per
646 4805 708 4844 ea
764 4804 883 4859 quae
933 4791 1390 4863 signiﬁcabantur
1445 4800 1513 4846 ae
1569 4791 1940 4847 sublimiorem

2048 4792 2217 4859 Δῆλον
2251 4793 2365 4861 γὰρ
2390 4790 2466 4852 ὡς
2488 4790 2577 4844 διά
2607 4789 2847 4858 σταυροῦ
2878 4788 3148 4849 σωθέντες
3175 4789 3268 4842 τὸν
3305 4788 3406 4859 μὲν
3438 4788 3504 4839 ἐκ
3534 4782 3630 4849 τῆς

361 4881 481 4957 vita;
508 4881 772 4936 rationem
800 4883 946 4946 duci,
973 4874 1279 4953 exei‘iiplum
1311 4884 1434 4938 vita:
1494 4884 1838 4938 instituenda:
1879 4898 1945 4937 ea

2049 4883 2282 4954 ἀρχαίας
2317 4880 2684 4952 παραϐάσεως
2717 4879 2958 4949 παντελῆ
2987 4879 3352 4950 πεφεύγαμεν
3383 4878 3630 4937 θάνατον,

358 4987 480 5037 mia:
565 4974 1075 5046 praesigniﬁcautur,
1163 4974 1528 5045 suppeditant.
1600 4972 1944 5029 Manifestum

2051 4979 2189 5048 πρὸς
2220 4976 2278 5030 δὲ
2298 4976 2392 5028 τὸν
2422 4974 2669 5045 ἀρχηγὸν
2695 4973 2797 5043 τῆς
2824 4973 3026 5038 κακίας
3056 4972 3151 5026 ναὶ
3182 4973 3283 5044 τὴν
3309 4969 3632 5040 ὲγκειμένην

360 5064 507 5116 enim
540 5073 622 5119 cst
653 5080 773 5130 nos,
807 5066 897 5136 qui
927 5081 1024 5135 per
1061 5081 1279 5121 crucem
1315 5065 1517 5119 servati
1548 5080 1765 5130 sumus,
1798 5080 1945 5120 more

2049 5072 2116 5139 τῇ
2146 5071 2312 5136 σαρκὶ
2343 5067 2487 5120 κατὰ
2512 5066 2609 5119 τοῦ
2636 5064 2950 5133 πνεύματος
2979 5064 3280 5135 ἐπιθυμίαν
3321 5062 3456 5133 (καὶ
3501 5057 3633 5111 ταύ-

366 5167 471 5209 tem
496 5169 560 5209 ex
612 5158 839 5227 antiqua
889 5158 976 5210 illa
1037 5157 1473 5225 transgressione
1508 5167 1680 5211 ortam
1732 5158 1945 5226 penitus

2047 5179 2152 5233 την
2196 5161 2303 5228 γάρ
2346 5177 2438 5229 μοι
2463 5160 2612 5213 δοκεῖ
2658 5158 2730 5213 τὰ
2763 5157 2929 5227 θηρία
2956 5156 3347 5225 αἰνίττεσθαι),
3379 5150 3632 5220 πολεμεῖν

364 5246 649 5317 cil'ugissc;
727 5264 850 5303 cum
910 5248 1130 5303 malitia:
1179 5264 1309 5303 vero
1367 5257 1612 5310 auctore,
1640 5260 1695 5303 et
1743 5265 1806 5302 ea
1830 5264 1950 5318 qua:

2050 5256 2343 5325 ὀφείλομεν
2371 5255 2459 5308 διὰ
2489 5252 2607 5323 βίου
2637 5292 2653 5319 ,
2687 5254 2785 5307 καὶ
2818 5251 3123 5322 μάχεσθαι,
3157 5251 3236 5309 ὡς
3267 5250 3335 5305 ἂν
3363 5248 3513 5318 φόϐῳ
3538 5241 3631 5310 τῆς

366 5340 519 5392 t'artti
552 5343 809 5397 adversus
833 5341 1079 5407 spiritum
1122 5355 1339 5408 semper
1363 5334 1632 5395 incumbit
1688 5343 1951 5411 concupi-

2053 5350 2309 5416 γεέννης.
2336 5345 2432 5407 καὶ
2463 5342 2618 5412 πόθῳ
2648 5342 2747 5411 τῆς
2777 5340 3060 5411 βασιλείας
3086 5341 3346 5411 τηρῶμεν
3371 5338 3471 5398 τὰς
3498 5336 3633 5385 ἐντο-

368 5430 573 5482 scentia
607 5429 790 5499 (quam
823 5428 955 5482 mihi
1004 5430 1212 5497 reptilia
1255 5429 1345 5483 illa
1397 5428 1627 5485 inuuere
1656 5430 1949 5501 videntur),

2051 5439 2152 5502 λὰς
2195 5438 2295 5508 τῆς
2340 5436 2721 5501 ἀναπλάσεως,
2765 5436 2817 5489 οἱ
2850 5435 2949 5504 τῆς
2996 5433 3222 5505 πρώτης
3263 5431 3514 5487 πλάσεως
3540 5420 3634 5488 τὴν

370 5532 688 5588 perpetuum
742 5520 964 5585 bellum,
997 5521 1178 5588 quoad
1226 5520 1332 5575 vita
1389 5520 1569 5587 durat,
1613 5537 1806 5593 gerere
1862 5525 1954 5578 de-

2046 5528 2272 5597 ’ἐντολὴν
2320 5526 2397 5595 μὴ
2438 5523 2778 5593 φυλάξαντες
2824 5524 2905 5587 είς
2935 5524 3242 5578 ἀπόλαυσιν
3292 5520 3396 5589 τῆς
3436 5518 3632 5571 ἀκατα-

368 5612 519 5678 bere,
565 5620 623 5664 ut
652 5621 796 5665 metu
835 5613 1096 5681 gehennae
1131 5624 1186 5667 et
1226 5614 1498 5671 desiderio
1547 5617 1694 5687 regni
1760 5632 1949 5671 serve-

2049 5619 2253 5690 λήκτου
2286 5619 2453 5687 ζωῆς.
2509 5616 2671 5671 οὕτω
2709 5617 2812 5687 τὴν
2842 5619 2910 5671 ὲκ
2944 5616 3039 5670 τοῦ
3069 5614 3284 5686 χλωροῦ
3313 5612 3472 5679 ξύλου
3512 5604 3631 5675 βλατ-

371 5719 492 5771 mus
516 5712 782 5773 praecepta
811 5703 936 5757 data
964 5714 1085 5773 post
1136 5709 1551 5777 reparationem,
1612 5709 1703 5779 qui
1758 5710 1946 5779 prima:

2048 5713 2330 5782 στήοασαν
2354 5712 2451 5781 τῆς
2479 5710 2815 5781 ἡδυπαθείας
2835 5712 3132 5780 πυρκαϊὰν,
3161 5709 3323 5778 ξηρὸν
3338 5705 3519 5758 ἕσὸεσε
3540 5690 3627 5771 ςτοὖ

438 5883 484 5917 ⁸⁸
515 5882 557 5938 11
594 5884 715 5942 Cor.
760 5901 814 5952 ν,
855 5885 943 5950 21.
989 5887 1033 5920 ⁸⁵
1072 5888 1207 5943 Ibid.
1255 5891 1299 5923 ‘°
1329 5892 1498 5947 Galut.
1532 5910 1585 5957 γ,
1618 5890 1708 5945 2ί.
1790 5892 1830 5921 ⁸⁷
1868 5890 1968 5947 ise.
2004 5907 2024 5946 ι

1790 5892 1830 5921 ⁸⁷
1868 5890 1968 5947 lsa.
2004 5907 2123 5954 uti,
2163 5891 2235 5956 9;
2267 5886 2287 5941 l
2323 5886 2469 5942 Petr.
2503 5903 2563 5955 tt,
2772 5887 2817 5921 "
2853 5886 3063 5945 Coluss.
3122 5903 3183 5953 tt,
3220 5888 3300 5942 l5.
