4016 6546
314 453 422 522 223

1489 460 1812 518 MACARII
1853 439 2487 519 CitltYSOCEPllALl

3524 451 3638 514 222i

314 575 579 626 duntaxat
610 569 974 633 intuerentur,
1021 571 1120 626 soli
1157 571 1451 626 obscurato
1497 573 1800 641 mandavit,
1838 582 1894 627 ut
1927 625 1929 630 ,

2036 592 2158 627 ιεινε
2185 592 2200 608 ο
2232 575 2322 626 καὶ
2355 571 2545 640 ἐπειδὴ
2576 571 2625 624 οί
2661 569 2930 640 παρόντες
2963 570 3125 640 μόνον
3158 569 3373 640 ἑώρων
3400 568 3465 620 τὸ
3490 570 3646 638 γινό-

316 661 518 729 ubique
552 669 823 715 terrarum
875 662 1113 714 immane
1163 660 1294 714 illud
1332 660 1642 716 .lndazorum
1689 663 1900 716 facinus

319 753 618 806 nuntiaret.
671 753 819 807 Adeo
869 753 1166 808 Ecclesiam
1211 753 1404 809 dilexit
1435 755 1706 809 universae
1748 770 1902 810 crea-

319 852 454 896 tura:
492 844 769 899 Dominus.
802 845 893 898 Sic
932 860 993 899 se
1028 861 1126 910 pro
1161 845 1247 898 illa
1303 847 1547 902 tradidit.
1579 847 1696 901 Tali
1755 863 1901 904 teco—

321 935 499 988 nomia
538 943 593 991 et
623 935 852 991 consilio
880 938 1121 993 innotuit
1154 939 1310 994 nobis
1341 940 1684 996 immensitas
1707 942 1902 996 divina“:

323 1011 739 1084 benevolentiae.

394 1119 508 1174 lluc
551 1123 776 1174 accedat
813 1122 978 1175 etiam
1013 1122 1231 1176 divinus
1265 1122 1436 1178 David
1462 1141 1478 1182 :
1507 1139 1633 1176 nam
1687 1134 1742 1178 et
1787 1124 1905 1193 ipse

321 1209 536 1277 insigne
571 1211 842 1276 quoddam
885 1227 1081 1265 munus
1128 1211 1241 1266 Deo
1269 1212 1487 1276 all'crre,
1517 1221 1572 1266 et
1601 1214 1728 1268 huic
1763 1213 1906 1268 cele-

323 1301 519 1356 britati
554 1304 1134 1358 convenientissimum
1169 1306 1518 1360 contribuere
1551 1306 1773 1374 poterit.
1809 1307 1906 1360 At-

321 1400 484 1449 tende
516 1406 700 1452 autem
743 1398 808 1452 ad
842 1399 919 1453 rvi
961 1408 1128 1466 gesta:
1173 1399 1396 1462 seriem,
1427 1408 1488 1452 ut
1532 1413 1598 1452 eo
1625 1399 1909 1468 perspica-

320 1491 436 1543 cius
478 1505 700 1559 quoque
751 1492 1042 1556 intelligas,
1094 1491 1239 1562 quod
1291 1491 1394 1546 sub
1449 1491 1538 1546 illa
1591 1491 1909 1546 narratione

326 1581 482 1637 latet.
544 1580 692 1636 Vide-
724 1599 846 1652 quze
900 1584 966 1637 ab
1010 1584 1128 1652 ipso
1175 1591 1302 1637 sunt
1347 1591 1582 1651 patrata,
1609 1595 1662 1636 ut
1707 1598 1908 1652 cogno—

327 1689 472 1738 scas,
501 1692 665 1746 quam
704 1677 874 1745 probe
919 1677 1268 1732 consentiant
1299 1691 1420 1729 cum
1459 1675 1567 1739 his,
1595 1691 1716 1744 qum
1751 1676 1909 1730 dixit.

331 1769 480 1825 Vidit
508 1770 804 1840 aliquando
837 1768 1078 1832 Goliath,
1113 1779 1326 1825 vastum
1362 1770 1514 1824 illum
1547 1771 1688 1824 mole
1717 1785 1914 1838 corpo-

325 1864 427 1929 ris,
459 1864 655 1934 spiritu
687 1863 914 1930 elatum,
961 1873 1335 1933 portentosam
1373 1863 1521 1917 illam
1556 1875 1768 1918 naturae
1799 1878 1914 1918 am-

326 1957 590 2010 bitionem
625 1965 679 2009 et
720 1955 1093 2016 insolentiam,
1136 1957 1378 2024 pessima
1439 1956 1756 2020 audentem,
1796 1971 1912 2008 ma-

328 2047 523 2114 gniﬁca
566 2061 799 2116 qumque
843 2057 1035 2100 contra
1089 2046 1346 2102 lsraelem
1400 2047 1698 2117 iactantem
1734 2056 1790 2101 et
1819 2046 1914 2100 de-
1969 2081 1972 2083 λ

329 2137 718 2194 blaterantem.
747 2136 1176 2208 Audivit,quam
1201 2139 1362 2196 dictis
1390 2140 1701 2209 arrogantia
1738 2139 1914 2208 plenis

328 2229 586 2297 populum
659 2230 752 2285 Dei
814 2241 1236 2300 aspernaretur,
1291 2241 1345 2286 et
1422 2231 1915 2300 quantis.injuriis

332 2325 566 2381 electam
605 2327 698 2381 Dei
753 2327 1130 2383 hareditatem
1160 2336 1455 2383 oneraret:
1492 2341 1726 2396 moxque
1759 2327 1916 2396 juve-

330 2419 429 2473 nili
463 2419 659 2474 ardore
703 2420 985 2483 incitatus,
1016 2420 1272 2490 opposuit
1302 2435 1424 2475 sese
1466 2420 1678 2475 nefario
1725 2419 1917 2474 alieni-

330 2525 504 2578 genze,
533 2521 588 2564 et
634 2511 687 2566 in
730 2512 902 2567 aciem
935 2513 1198 2567 adversus
1233 2509 1548 2579 iniuriosam
1582 2521 1818 2568 mentem
1862 2522 1918 2566 et

333 2603 573 2674 linguam
613 2619 941 2675 progressus
971 2615 1055 2659 cst
1094 2623 1108 2658 :
1137 2607 1307 2662 armis
1334 2608 1548 2676 quidem
1603 2607 1918 2661 carnalibus

331 2693 649 2762 destitutus,
679 2706 735 2750 at
768 2713 1009 2765 superna
1045 2699 1220 2768 gratia
1267 2700 1490 2769 egregie
1543 2699 1807 2760 munitus,
1840 2698 1918 2750 la-

335 2787 584 2856 pidisque
610 2787 757 2857 jactu
808 2788 970 2842 talem
1001 2802 1066 2843 ac
1097 2797 1303 2844 tantum
1345 2789 1686 2859 prosternit;
1722 2787 1916 2842 deinde

335 2880 628 2933 micantem
683 2879 1064 2950 fulgoremque
1117 2890 1309 2935 contra
1370 2895 1430 2936 se
1471 2882 1777 2934 mittentem
1815 2880 1922 2944 gla-

336 2972 481 3025 dium
521 2973 637 3038 ipse
665 2973 919 3034 vibravit,
955 2987 1131 3041 eoque
1165 2973 1548 3041 blasphemum
1585 2972 1919 3038 trucidavit;

332 3072 388 3116 et
421 3063 641 3116 abstulit
676 3064 1014 3132 approbrium
1045 3081 1110 3120 ea:
1126 3064 1307 3120 Israel
1328 3065 1399 3118 τί.
1434 3063 1588 3118 llunc
1619 3064 1919 3126 iuimodttnt

327 3151 510 3208 David
563 3165 749 3222 pastor
783 3156 970 3210 ovium
1017 3157 1201 3219 simul,
1231 3165 1287 3211 et
1336 3171 1430 3210 rex
1475 3157 1923 3217 instrumentum.

2012 684 2194 736 μενον,
2248 664 2478 728 ἐπέταξε
2533 665 2609 734 τῷ
2664 663 2800 735 ἡλίῳ
2851 663 3109 733 κρυὸέντι
3161 661 3481 731 πανταχοῦ
3541 662 3649 729 τῆς

2002 759 2334 827 οἰκουμένης
2366 756 2702 823 ἀπαγγείλαι
2725 755 2787 809 τὸ
2809 756 3089 827 τόλμημα.
3121 754 3329 817 Οὕτως
3363 753 3645 823 ἠγάπησε

2003 852 2103 918 τὴν
2166 846 2497 918 Ἐκκλησίαν
2548 847 2577 900 ὁ
2626 847 2902 914 Δεσπότης
2960 847 3066 916 τῆς
3125 846 3428 909 κτίσεωςο
3491 845 3647 899 οὕτω

2005 942 2330 1012 παρέδωκεν
2369 941 2565 994 ἑαυτὸν
2604 939 2748 1005 ὑπὲρ
2784 941 2994 1010 αὺτῆςο
3032 938 3270 1008 τοιαύτῃ
3333 937 3650 1006 οἰκονομίᾳ

2006 1035 2316 1104 ἐγνωρίσθη
2356 1034 2419 1087 τὸ
2455 1032 2796 1104 ὑπερϐάλλον
2835 1034 2933 1100 τῆς
2973 1032 3123 1095 θείας
3158 1030 3645 1099 φιλανθρωπίας.

2076 1128 2207 1182 Ἐπὶ
2233 1128 2444 1187 τούτοις
2471 1125 2686 1194 παρίτω
2708 1125 2771 1193 δὴ
2801 1123 2878 1193 τῷ
2906 1123 3052 1191 λόγῳ
3077 1125 3173 1176 καὶ
3202 1121 3390 1174 Δαυῒδ
3419 1124 3448 1172 ὁ
3470 1122 3650 1181 θεῖος³

2006 1220 2324 1287 εἰσκομίσαι
2345 1217 2454 1287 γάρ
2474 1217 2566 1271 καὶ
2586 1216 2744 1278 αὐτὸς
2773 1217 2916 1285 μέγα
2931 1235 2981 1269 τι
2999 1215 3171 1288 δῶρον
3189 1213 3325 1282 Θεῷ
3344 1214 3496 1266 κάντ
3510 1212 3652 1264 τιύθα

2006 1311 2258 1372 δύναται,
2301 1311 2398 1362 καὶ
2429 1311 2496 1379 τῇ
2539 1309 2700 1379 ἑορτῇ
2744 1307 3234 1376 πρεπωδέστατον.
3280 1307 3404 1359 Καὶ
3443 1305 3652 1356 σκόπει

2014 1420 2106 1472 μοι
2159 1398 2576 1469 ἱστορούμενον,
2626 1399 2715 1454 ἵνα
2763 1398 3055 1469 θαυμάσῃς
3098 1397 3159 1451 τδ
3203 1395 3651 1466 θεωρούμενον.

2011 1495 2217 1548 Σκόπει
2251 1492 2314 1547 τὸ
2354 1492 2602 1563 πραχθὲν
2642 1491 2775 1562 παρ’
2809 1491 3054 1554 ἐκείνου,
3093 1490 3162 1544 ἵν’
3195 1491 3328 1563 ἴδῃς
3361 1492 3510 1553 ὅσην
3547 1489 3653 1557 ἔχῃ

2013 1587 2340 1658 συμφωνίαν
2388 1585 2526 1656 πρὸς
2563 1584 2634 1638 τὰ
2684 1585 2817 1653 παρ’
2848 1584 3016 1638 αὐτοῦ
3048 1585 3352 1654 λεχθέντα.
3389 1579 3524 1635 Εἶδε
3557 1582 3654 1633 τὸν

2011 1680 2206 1734 romae
2237 1695 2368 1732 ποτε
2413 1679 2504 1730 τὸν
2543 1677 2800 1748 περιττδν
2839 1676 2900 1730 τδ
2944 1676 3136 1745 σῶμα,
3170 1676 3271 1727 καὶ
3305 1673 3648 1742 ἐπηρμένον

2012 1778 2074 1826 τδ
2105 1774 2392 1842 φρόνημα,
2425 1771 2524 1842 τὴν
2552 1771 2834 1842 τερατώδη
2875 1771 3193 1840 φιλοτιμίαν
3226 1771 3338 1837 τῆς
3375 1768 3648 1836 φύσεως,

2015 1865 2308 1935 τολμῶντα
2338 1868 2405 1918 τὰ
2434 1865 2719 1934 χείριστα,
2753 1865 2850 1917 καὶ
2890 1862 3031 1932 μέγα
3080 1861 3223 1916 κατὰ
3266 1860 3373 1914 τοῦ
3418 1857 3654 1928 Ἰσραὴλ

2021 1961 2454 2029 φρυαττόμενον.
2501 1959 2779 2013 Ἤκουσεν
2819 1957 2983 2010 αὑτὸν
3013 1956 3195 2025 λόγοις
3232 1956 3653 2026 ὑπερηφανίας

2021 2048 2409 2116 ἔξουθενοῦντα
2446 2048 2540 2101 τὸν
2581 2047 2675 2101 τοῦ
2719 2044 2857 2100 Θεοῦ
2885 2045 3047 2112 λαὸν,
3080 2046 3175 2098 καὶ
3222 2045 3336 2113 τὴν
3368 2045 3656 2112 ἔκλεκτὴν

2024 2140 2429 2209 καθυϐρίζοντα
2443 2136 2834 2207 κληρονομίαν,
2853 2137 2949 2190 καὶ
2967 2133 3236 2199 νεανικῶς
3257 2136 3651 2205 άντικατέστη

2025 2235 2104 2304 τῷ
2129 2232 2483 2302 παλαμναίῳ,
2509 2231 2646 2298 πρὸς
2663 2230 2762 2300 τὴν
2785 2229 3112 2300 ὕδρίστριαν
3131 2229 3654 2298 παραταξάμενος,

2028 2330 2122 2382 καὶ
2154 2327 2349 2398 φρένα,
2384 2327 2481 2380 καὶ
2517 2325 2790 2392 γλῶσσαν,
2825 2324 3032 2394 γυμνὸς
3060 2323 3160 2394 μὲν
3196 2323 3317 2376 τῶν
3357 2322 3654 2394 σαρκικῶν

2027 2423 2234 2484 ὅπλων,
2263 2423 2328 2489 τῇ
2356 2419 2412 2471 δὲ
2443 2419 2652 2472 ἄνωθεν
2676 2415 3280 2490 χάριτιπεφραγμένος
3307 2414 3653 2479 κάντεῦθεν,

2030 2516 2126 2570 καὶ
2155 2513 2339 2583 ῥίπτει
2373 2512 2470 2582 μὲν
2496 2512 2576 2573 εἰς
2599 2512 2704 2581 γῆν
2728 2510 2878 2564 λίθου
2907 2509 3036 2580 βολῇ
3059 2510 3154 2562 τὸν
3183 2507 3485 2561 τοσοῦτον.
3515 2502 3654 2558 Εἶτα

2030 2610 2124 2663 καὶ
2161 2610 2227 2679 ἢν
2259 2606 2378 2663 κατ’
2409 2604 2576 2658 αὐτοῦ
2609 2603 2934 2656 στίλϐουσαν
2971 2599 3216 2670 συνεχῶς
3261 2600 3492 2659 ἐκεῖνος
3529 2597 3656 2651 ἀνέ-

2029 2719 2172 2756 τεινε
2205 2701 2485 2772 ῥομφαίαν
2513 2695 2719 2758 λαϐὼν,
2750 2693 3114 2763 διεχειρίσατο
3143 2691 3242 2742 τὸν
3285 2690 3650 2772 βλάσφημον,
3700 2710 3706 2715 -

2031 2797 2127 2849 καὶ
2154 2770 2371 2861 ἐξῆρεν
2401 2789 2633 2853 ὄνειδος
2648 2786 2719 2850 ἐξ
2749 2782 2896 2839 υἱῶν
2920 2780 3197 2850 Ἰσραήλ.
3222 2779 3398 2833 Οὕτω
3428 2779 3532 2846 μὲν
3559 2770 3652 2828 οὖν

2033 2887 2216 2950 Δαυῖδ,
2242 2889 2271 2940 ό
2294 2883 2602 2956 προδατεὺς
2637 2880 2756 2950 άμα
2789 2877 2884 2932 καὶ
2916 2874 3195 2947 βασιλεὺς,
3235 2873 3305 2927 τὸ
3334 2871 3650 2939 θανάσιμον

2033 2982 2198 3035 ὅπλον
2231 2979 2504 3048 σωτήρ.ον
2541 2973 2895 3029 ἀποδείκνυσι
2929 2965 3029 3022 καὶ
3062 2967 3166 3036 τῆς
3219 2966 3404 3035 ἁγίας
3440 2963 3650 3031 σκηνῆς

2035 3073 2185 3126 ἔνδον
2211 3071 2415 3138 τίθησι,
2451 3069 2544 3121 καὶ
2594 3067 2672 3134 τῷ
2703 3063 2825 3133 Θεῷ
2862 3061 3170 3130 ἀνατίθησι.
3211 3058 3471 3129 Χριστὸς
3504 3057 3581 3118 δὲ,
3625 3057 3650 3106 ὁ

2039 3165 2426 3237 παμϐασιλεὺς
2479 3164 2576 3217 καὶ
2629 3159 2836 3230 ποιμὴν
2888 3157 3106 3228 άληθῶς
3160 3155 3360 3226 πάσης
3418 3151 3650 3220 λογικῆς

339 3244 483 3311 quod
535 3246 726 3298 mortis
760 3243 1003 3314 alioquin
1033 3260 1198 3300 causa
1228 3254 1368 3310 erat,
1402 3246 1457 3300 in
1489 3247 1800 3314 praesidium
1838 3260 1925 3300 sa-

2036 3261 2282 3325 κτίσεως,
2315 3259 2376 3310 τὸ
2408 3255 2701 3325 σταυρικδν
2729 3252 2888 3318 ξύλον
2910 3293 2924 3315 ,
2956 3251 2985 3304 ὃ
3019 3250 3188 3304 πάλαι
3220 3247 3383 3301 κατὰ
3412 3249 3516 3316 τῆς
3553 3240 3652 3312 φό-

341 3335 474 3389 lntis
497 3335 633 3389 verti
669 3351 830 3403 posse
856 3338 1065 3401 docuit,
1107 3337 1351 3404 illudque
1402 3338 1544 3392 intra
1581 3337 1923 3392 tabernaculi

340 3427 500 3497 adyta
552 3427 758 3482 illatum
799 3427 912 3482 Deo
943 3429 1238 3483 dedicavit.
1268 3427 1519 3484 Christus
1550 3438 1730 3484 autem
1787 3445 1930 3484 cun-

343 3529 552 3575 ctarum
597 3536 776 3575 rermn
804 3521 941 3586 Rex,
969 3537 1243 3590 verusque
1269 3533 1457 3590 pastor
1482 3523 1657 3577 omnis
1687 3524 1931 3577 rationa-

344 3613 408 3666 lis
440 3623 729 3679 creaturaz,
762 3613 909 3682 ligno
949 3613 1150 3674 crucis.
1185 3614 1324 3679 quod
1351 3614 1480 3668 olim
1512 3614 1808 3683 perdendis
1838 3614 1934 3669 bo-

346 3705 586 3759 minibus
619 3705 991 3760 cacodaemoni
1036 3705 1634 3773 instrumenturILerat.
1667 3709 1723 3762 in
1771 3723 1936 3778 argu-

350 3807 594 3852 mentum
647 3799 840 3854 salutis
885 3799 1294 3865 transmutavit,
1351 3801 1535 3855 occiso
1585 3809 1844 3870 tyranno.
1882 3808 1938 3855 et

348 3893 551 3946 mundo
609 3890 860 3946 libertate
909 3893 1182 3947 restituta.
1209 3891 1556 3962 Quapropter
1609 3908 1708 3947 nos
1769 3893 1934 3949 etiam

347 3981 551 4052 gratias
585 3992 807 4051 agentes
841 3983 1145 4038 exaltamus
1175 3993 1229 4039 et
1259 3985 1646 4038 exosculamur
1690 4000 1935 4047 crucem,

353 4073 446 4128 Dei
484 4075 750 4144 gladium,
783 4091 944 4145 quam
991 4087 1043 4130 et
1079 4076 1246 4132 Isaias
1303 4077 1533 4143 ignitum
1567 4076 1806 4143 gladium
1842 4091 1939 4129 no-

351 4168 578 4221 minavit
608 4186 624 4222 :
651 4166 715 4236 In
749 4169 844 4222 illa
871 4171 1005 4224 enim
1039 4170 1143 4234 die,
1175 4169 1377 4236 inquit,
1411 4169 1641 4224 adducet
1679 4167 1940 4223 Dominus

350 4262 592 4332 gladium
622 4281 779 4318 suum
816 4275 1081 4330 sanctum,
1125 4273 1176 4319 et
1207 4281 1480 4335 magnum,
1535 4273 1584 4318 et
1618 4265 1808 4331 fortem
1852 4279 1942 4315 su-

2035 3370 2175 3415 σεως
2219 3353 2247 3404 ὁ
2301 3350 2556 3418 ἀλάστωρ
2599 3346 2835 3417 ὄργανον
2889 3339 3034 3413 εἶχεν
3083 3340 3427 3402 ἀπωλείας,
3477 3336 3651 3390 αἴτιον

2033 3442 2203 3507 ἔδειξε
2232 3439 2535 3510 σωτηρίας,
2561 3437 2783 3500 κτείνας
2813 3436 2904 3490 τὸν
2933 3435 3200 3504 τύραννον
3223 3431 3306 3485 δι’
3336 3428 3535 3491 αὐτοῦ,
3560 3425 3652 3478 καὶ

2034 3537 2226 3604 κόσμῳ
2272 3532 2371 3603 τὴν
2419 3528 2737 3600 ἐλευθερίαν
2777 3526 3175 3599 χαρισάμενος.
3223 3522 3432 3594 Ταύτῃ
3462 3536 3522 3572 τε
3555 3516 3648 3571 καὶ

2035 3630 2198 3698 ἡμεῖς
2228 3623 2683 3698 εὐχαριστοῦντες
2703 3619 2910 3691 άνυψοῦ
2919 3636 3020 3688 μεν
3041 3618 3136 3672 καὶ
3156 3611 3644 3681 κατασπαζόμεθα

2035 3722 2137 3792 τὴν
2183 3720 2321 3773 Θεοῦ
2359 3718 2660 3789 μάχαιραν,
2687 3714 2780 3768 τὸν
2820 3710 3079 3782 σταυρόν.
3123 3707 3286 3764 Οὖτω
3333 3708 3448 3777 γὰρ
3484 3705 3645 3758 αὐτὸν

2038 3812 2134 3866 καὶ
2157 3811 2216 3864 τὸ
2246 3806 2784 3880 κατηνθρακωμένον
2805 3803 3099 3872 ὠνόμασεν
3149 3800 3391 3852 Ἡσαΐου
3426 3795 3608 3863 στόμα
3630 3806 3645 3821 ·

2045 3899 2124 3968 Τῇ
2151 3901 2342 3970 ἡμέρᾳ
2372 3900 2503 3968 γὰρ,
2540 3897 2727 3966 φησιν,
2761 3894 2967 3960 ἐκείνῃ
3007 3889 3221 3953 ἐπάξει
3251 3891 3287 3944 δ
3345 3887 3498 3950 θεὸς
3533 3881 3649 3970 me

2036 3969 2344 4060 μάχαιραν
2369 3988 2558 4042 αὑτοῦ
2590 3985 2705 4053 τὴν
2735 3984 2934 4054 ἁγίαν,
2962 3981 3062 4035 καὶ
3094 3979 3210 4047 τὴν
3233 3980 3523 4048 μεγάλην
3549 3969 3646 4024 καί

2046 4083 2162 4151 τὴν
2201 4080 2484 4150 ἰσχυρὰν,
2514 4079 2610 4132 ἐπὶ
2652 4077 2760 4130 τὸν
2807 4073 3132 4142 δράκοντα,
3194 4071 3306 4123 τὸν
3355 4069 3496 4137 ὅφιν
3543 4062 3650 4116 τὸν

2047 4174 2328 4238 σκολιὸν,
2348 4170 2448 4225 καί
2475 4167 2690 4226 ἀνελεῖ
2709 4167 2819 4224 τὸν
2841 4164 3142 4236 δράκοντα
3169 4161 3246 4232 τῇ
3277 4159 3479 4233 ἡμέρᾳ
3502 4152 3652 4208 ἐκεί-

2049 4285 2128 4338 νῃ
2169 4266 2240 4320 ἐν
2267 4263 2342 4333 τῇ
2374 4264 2686 4330 θαλάσσῃ.

349 4374 442 4427 per
479 4361 795 4423 draconem,
845 4371 1132 4428 serpentem
1189 4369 1512 4425 tortuosum,
1550 4369 1599 4413 et
1653 4359 1929 4427 interﬁciat
1970 4361 2254 4416 draconem
2281 4362 2334 4415 in
2354 4361 2447 4416 iita
2476 4361 2582 4423 die,
2610 4360 2664 4412 in
2687 4354 2826 4409 mari
2850 4353 2920 4407 ⁷⁸.

424 4452 665 4507 Peremit
698 4452 862 4522 igitur
895 4452 1150 4506 Christus
1177 4467 1274 4520 per
1303 4465 1524 4506 crucem
1552 4465 1675 4504 eum
1701 4450 1794 4520 qui
1826 4451 1940 4518 glo-
1975 4456 2019 4512 ι)

354 4547 526 4601 riatus
561 4544 756 4609 fuerat,
786 4559 845 4600 se
882 4544 1213 4598 aboliturum
1243 4553 1298 4596 et
1333 4552 1534 4596 terram
1571 4550 1626 4597 et
1660 4557 1830 4603 mare.
1858 4550 1943 4596 to-

354 4650 580 4706 tumque
616 4646 881 4692 terrarum
913 4637 1098 4692 orbem
1157 4637 1334 4690 instar
1364 4635 1473 4689 nidi
1513 4635 1943 4702 comprehensu-

355 4747 494 4785 rum.
537 4729 749 4786 Occidit
785 4732 1148 4792 desertorem,
1199 4725 1473 4782 interfecit
1511 4714 1938 4795 corruptionem,

353 4824 632 4892 vitamque
682 4822 839 4877 nobis
869 4822 1112 4876 donavit.
1143 4819 1284 4875 Cum
1315 4821 1461 4874 enim
1494 4819 1716 4874 malitia:
1753 4825 1944 4872 auctor

353 4924 408 4967 et
437 4915 541 4968 dux
589 4912 938 4982 quadruplici
973 4911 1288 4981 arrogantia
1334 4909 1626 4974 laborarit,
1671 4924 1942 4978 suumque

355 5004 614 5058 thronum
665 5019 787 5058 sese
825 5018 990 5075 supra
1031 5004 1207 5058 nubes
1260 5001 1651 5056 collocaturum
1702 5002 1950 5074 jactarit,

359 5096 656 5152 inferorum
692 5096 852 5151 sedes
895 5098 1123 5164 adeptus
1177 5104 1281 5160 est,
1315 5105 1372 5148 et
1404 5093 1703 5151 Leviathan
1760 5097 1946 5168 appel-

357 5189 528 5252 latur,
555 5188 684 5243 sede
725 5188 776 5240 in
817 5187 972 5254 aquis
1003 5185 1292 5241 collocata.
1323 5183 1534 5240 Circuit
1579 5195 1762 5240 autem
1804 5202 1949 5253 eam,

361 5295 481 5344 quae
506 5279 645 5334 coelo
675 5279 916 5347 subjecta
943 5287 1052 5339 est,
1092 5276 1396 5346 regionem,
1423 5287 1735 5348 terramque
1761 5282 1953 5335 obam-

362 5377 534 5430 bulat.
563 5375 730 5443 Igitur
766 5375 1062 5442 prudenter
1105 5373 1400 5426 admodum
1454 5373 1713 5429 Dominus
1741 5386 1796 5430 et
1827 5375 1950 5431 Sal-

365 5479 521 5522 vator
568 5465 910 5536 quadruplex
969 5466 1128 5534 quasi
1196 5467 1591 5521 munimentum
1653 5469 1822 5535 ipsius
1859 5479 1946 5540 ty-

369 5560 581 5614 rannidi
623 5559 894 5627 opposuit,
925 5572 1143 5612 crucem
1175 5558 1434 5612 nimirum
1465 5559 1947 5630 quadripartitam,

370 5669 489 5723 qum
539 5652 901 5720 undequaque
953 5666 1077 5705 cum
1110 5650 1355 5720 eXpellit,
1385 5660 1439 5705 et
1487 5653 1552 5706 ad
1587 5661 1812 5716 tartara,
1845 5664 1954 5725 sty-

379 5742 850 5813 giasque'domos
911 5743 1167 5796 detrudit.
1236 5744 1431 5797 Annon
1489 5753 1544 5798 et
1611 5744 1700 5798 alii
1760 5745 1960 5800 inﬁniti

383 5837 578 5891 mortis
606 5835 867 5889 obeunda:
899 5837 1041 5890 modi
1074 5850 1250 5899 erant,
1287 5847 1344 5891 ut
1371 5847 1426 5892 et
1452 5854 1546 5906 per
1575 5838 1734 5894 aliam
1767 5854 1960 5909 quam-

452 5953 496 5984 “
538 5949 719 6022 Hicg.
749 5965 877 6016 xvn,
912 5952 1003 6008 46.
1078 5950 1122 5982 ⁷³
1159 5951 1257 6007 Ιεδ.
1287 5967 1453 6015 nm,
1489 5951 1535 6003 l:

2132 4453 2334 4508 ’Δνεῖλε
2369 4451 2500 4520 γοῦν
2518 4451 2608 4504 διὰ
2643 4446 2881 4518 σταυροῦ
2917 4448 2944 4499 ὁ
2969 4441 3206 4515 Χριστὸς
3237 4441 3335 4494 τδν
3371 4431 3668 4505 καυχησά-³

2051 4563 2216 4615 μενον
2245 4543 2554 4612 ἐξαλείφειν
2584 4542 2688 4610 γῆν
2726 4557 2789 4594 τε
2819 4539 2916 4592 καὶ
2946 4535 3229 4589 θάλασσαν
3249 4572 3266 4596 ,
3303 4530 3404 4584 καὶ
3434 4529 3538 4594 τὴν
3570 4523 3641 4615 oi-

2046 4613 2324 4708 κουμένην
2354 4637 2486 4708 ὃλην
2532 4634 2607 4697 ὡς
2641 4631 2889 4688 νεοττιὰν
2923 4622 3368 4695 καταλήψεσθαι.
3417 4613 3639 4708 Ἑθανάῖ

2045 4705 2186 4787 τωσε
2244 4705 2334 4784 τδν
2365 4705 2706 4794 ἀποστάτην,
2756 4723 3114 4792 άπενέκρωσε
3148 4715 3249 4786 τὴν
3291 4711 3526 4784 φθορὰν,
3561 4705 3649 4759 καὶ

2045 4822 2146 4892 τὴν
2175 4819 2322 4888 ζωὴν
2345 4819 2478 4888 ἡμῖν
2527 4817 2868 4885 ἐδωρήσατο.
2887 4808 3109 4878 Ἐπειδὴ
3131 4805 3242 4874 γὰρ
3267 4806 3296 4859 ό
3322 4805 3424 4872 τῆς
3453 4798 3649 4856 κακίας

2047 4908 2294 4980 ἀρχηγὸς
2313 4907 2409 4961 καὶ
2423 4905 2742 4976 προστάτης
2772 4899 3092 4972 τετραμερῆ
3109 4897 3211 4968 τὴν
3233 4892 3649 4980 ὑπερηφάνειαν

2055 4974 2330 5070 ιὲιὲἑήάατο
2371 4974 2684 5069 καί-θήσειν
2715 4995 2815 5064 μὲν
2840 4992 2936 5045 ἐπὶ
2966 4989 3079 5044 τῶν
3108 4985 3356 5057 νεφελῶν
3380 4979 3533 5035 εἶπεν

2056 5065 2267 5166 θρόνον,
2295 5065 2730 5161 ἀπεκληρῶσατο
2758 5087 2815 5141 δὲ
2847 5086 2941 5138 τδν
2967 5083 3104 5155 ᾅδην
3123 5122 3138 5148 ,
3165 5080 3260 5134 καὶ
3289 5071 3567 5166 Λευῖαθὰν
3591 5065 3644 5166 δε

2055 5159 2277 5254 λέγεται
2307 5187 2420 5247 τοῖς
2450 5159 2641 5255 ὕδαξσιν
2674 5177 3036 5250 ἐμφωλεύων.
3070 5171 3434 5243 Περιέρχεται
3465 5165 3522 5217 δὲ
3554 5159 3646 5214 καὶ

2055 5278 2155 5350 τὴν
2187 5278 2280 5332 ὑπ’
2307 5276 2563 5347 οὐρανὸν,
2595 5276 2688 5328 καὶ
2717 5269 3090 5344 ὲμπεριπατεί
3116 5267 3184 5336 τῇ
3217 5267 3312 5334 γῇ.
3349 5255 3647 5350 Πανσόφῳς

2058 5345 2170 5441 ἄρα
2221 5373 2318 5424 καὶ
2345 5345 2538 5439 όῖὲμδς
2586 5367 2778 5437 Σωτὴρ
2839 5365 2934 5418 καὶ
2981 5363 3260 5431 Δεσπότης
3312 5345 3643 5441 τετραμερξς

2060 5464 2393 5533 άντέστησεν
2420 5460 2798 5530 ἀμυντήριον,
2851 5458 2918 5527 τῇ
2955 5457 3191 5510 εἰκείνου
3225 5445 3504 5520 τυραννίδι
3557 5436 3644 5489 τὸν

2061 5555 2375 5628 τετραμερῆ
2409 5555 2642 5623 σταυρὸν
2673 5552 3013 5622 πανταχόθεν
3048 5550 3212 5604 αὑτὸν
3248 5540 3638 5628 ἀπελαυνοντέιν

2065 5625 2172 5703 καὶ-
2194 5625 2452 5717 ταρτάρῳ
2482 5645 2577 5699 καὶ
2615 5646 2683 5716 τῇ
2720 5644 2914 5713 γεέννῃ
2941 5639 3408 5709 παραπέμποντα.
3439 5625 3515 5678 Ἷι
3543 5625 3644 5717 γάρ

2073 5740 2135 5793 οὐ
2171 5703 2536 5809 aciemin-we;
2568 5703 2710 5805 ἦσξν
2731 5703 2791 5786 ὀἱ
2817 5703 2951 5803 πρός
2983 5703 3214 5784 θάνατον
3245 5725 3500 5813 φέροντες
3533 5703 3644 5813 rp?-
3709 5740 3716 5752 .

2078 5852 2191 5900 ποι,
2225 5833 2292 5886 ἵν’
2327 5833 2456 5894 ἴσως
2499 5830 2593 5883 καὶ
2642 5827 2709 5882 δι’
2744 5825 2907 5879 ἄλλου
2948 5822 3041 5878 τοῦ
3077 5822 3174 5893 τὴν
3215 5815 3356 5885 ὑπὲρ
3388 5802 3537 5881 ἡμῶν
3566 5793 3644 5850 οἰέ-
