4016 6488
354 414 464 480 2³25

1386 415 1468 474 1N
1513 413 2122 474 EXALTATIONEM
2193 414 2252 476 S.
2297 367 2600 474 iillUClS.

3543 422 3650 484 2‘26

359 535 620 599 κονομίαν
642 529 671 581 ὁ
704 527 984 596 Δεσπότης
1016 527 1360 590 εκτελέσειε;
1391 525 1488 589 Τίς
1516 521 1608 578 οὖν
1641 528 1669 578 ὁ
1701 525 1947 594 περὶτοῦ

2061 527 2184 576 dam
2219 526 2410 578 mortis
2449 526 2713 581 rationem
2749 527 3013 583 Dominus
3051 542 3335 600 susceptas
3364 546 3466 602 pro
3493 536 3651 591 nobis

364 621 593 692 σταυροῦ
634 622 816 686 λόγος,
853 620 910 673 ὃν
948 621 1022 683 ὡς
1055 622 1356 688 ἀναγκαῖον
1387 619 1462 688 τῷ
1499 619 1688 688 οίκείῳ
1728 619 1948 687 θανάτῳ

370 712 634 784 πανταχοῦ
672 715 898 783 μίγνυσι
931 715 1263 784 προστιθεὶς,
1310 712 1404 764 καὶ
1432 712 1502 765 δι’
1538 712 1597 765 ὃν
1625 714 1734 762 τοῖς
1771 710 1950 780 μαθηο

372 813 483 873 ταῖς
503 809 654 875 ἔλεγε
687 806 828 876 μετὰ
860 807 959 876 τὴν
987 807 1305 867 ἀνάστασιν,
1334 807 1416 859 ὅτι
1443 803 1586 856 οὕτω
1611 806 1944 871 γέγραπται,

371 905 455 956 καὶ
486 901 656 966 οὕτως
688 902 796 954 ἔδει
822 900 1015 954 παθεῖν
1037 901 1128 954 τὸν
1153 902 1409 971 Χριστῦν,
1429 899 1518 952 διὰ
1545 898 1642 968 τῆς
1673 897 1768 950 ἐπὶ
1789 897 1948 961 ξύλου

367 997 600 1064 δηλονότι
622 995 900 1058 ἐκτάσεως
926 1011 943 1061 ;
968 995 1147 1048 Πολλά
1178 995 1280 1064 μὲν
1303 995 1434 1056 ἴσως
1464 995 1492 1046 ὁ
1516 992 1695 1062 ζητῶν
1722 991 1950 1060 εὑρήσει

363 1088 549 1141 τούτου
588 1088 656 1140 τὰ
684 1087 857 1152 αῐτια,
895 1087 994 1140 καὶ
1024 1088 1202 1141 πάντα
1232 1085 1538 1156 θεοπρεπῆ,
1576 1085 1698 1138 κατ’
1731 1084 1950 1156 ἐξαίρε-

363 1198 452 1232 τον
494 1179 550 1233 δὲ
593 1180 739 1234 δυοῖν
790 1181 1002 1234 τούτοιν
1045 1180 1230 1245 ἕνεκα,
1281 1181 1350 1232 ἶν’
1405 1181 1522 1249 ἅμα
1565 1180 1664 1250 μὲν
1709 1181 1804 1232 καὶ
1853 1178 1949 1232 τοῦ

361 1273 572 1339 κόσμου
605 1273 801 1332 παντὸς
835 1273 1068 1345 ἐκδιώξῃ
1113 1273 1206 1326 τὸν
1251 1276 1686 1342 τυραννήσαντα,
1736 1273 1853 1342 ἅμα
1893 1271 1951 1324 δὲ

362 1367 457 1416 καὶ
487 1363 586 1434 τὴν
615 1364 1026 1434 ἀνυπέρδλητον
1063 1363 1476 1434 φιλανθρωπίαν
1511 1363 1876 1430 ἐπιδείξηται.

448 1630 770 1699 Ἐρμηνεύει
800 1630 1016 1694 Παῦλος
1039 1630 1332 1702 ἀμφότερα
1357 1634 1594 1702 γράφων
1631 1634 1907 1702 Ἐφεσίοις
1929 1650 1945 1665 ο

363 1723 466 1776 Ἵν⁹
493 1722 863 1790 ἐξισχύσητε
907 1723 1357 1777 καταλαϐέσθαι
1399 1725 1457 1776 τί
1496 1724 1562 1776 τὸ
1591 1723 1823 1790 πλάτος
1852 1726 1950 1778 καί

359 1814 558 1883 μῆκος
598 1813 694 1866 καί
722 1814 918 1878 ,ϐάθος
966 1815 1060 1868 καί
1086 1815 1266 1884 ὕψος,
1291 1815 1513 1884 γνῶναι
1532 1815 1600 1869 δὲ
1618 1816 1738 1884 τὴν
1773 1819 1952 1884 ὑπερ-

2045 619 2243 683 ’νιιιΐιεε
2275 619 2732 672 musummarct?
2767 620 2900 685 ρυω
2929 620 3104 691 igitur
3150 625 3333 680 crucis
3361 627 3497 681 ratio
3527 638 3650 695 est,

2055 708 2199 775 quod
2237 707 2438 776 ubique
2500 719 2756 778 tanquam
2814 715 2879 766 de
2916 719 3224 770 necessaria
3288 719 3356 771 ad
3415 731 3647 774 mortem

2055 815 2209 852 suam
2261 800 2518 869 loquitur,
2548 811 2604 855 ct
2649 801 2802 870 cujus
2855 806 3030 874 gratia
3077 821 3201 861 cum
3236 811 3305 862 ad
3345 811 3644 881 discipulos

2058 891 2222 944 verba
2277 903 2397 961 post
2446 896 2900 951 resurrectionem
2953 896 3182 966 iaceret,
3239 902 3465 969 aiebat;
3507 920 3649 974 quo-

2055 981 2200 1034 niam
2238 983 2320 1037 sic
2373 983 2636 1052 scriptum
2666 995 2772 1053 est,
2803 997 2854 1042 et
2905 989 2987 1045 sic
3017 994 3304 1060 Oportebat
3349 999 3458 1064 pati
3491 998 3643 1051 Chri-

2055 1079 2221 1138 stum,
2255 1075 2510 1130 videlicet
2563 1091 2663 1146 per
2717 1082 3098 1137 extensionem
3145 1085 3197 1139 in
3252 1088 3652 1144 crttce?l"orte

2056 1180 2236 1222 autem
2284 1169 2350 1232 is,
2384 1173 2470 1224 cui
2515 1186 2764 1240 quaerere
2815 1177 3052 1240 animus,
3091 1180 3295 1234 multas
3347 1182 3509 1251 hujus
3568 1185 3644 1238 rei

2057 1261 2331 1316 invenerit
2382 1276 2602 1328 causas,
2634 1280 2938 1337 omnesque
2986 1268 3094 1324 Deo
3123 1285 3542 1340 consentaneas,
3578 1292 3647 1330 ex

2054 1356 2256 1424 quibus
2315 1355 2438 1411 duae
2493 1357 2616 1413 ista:
2678 1362 3026 1428 potissima:
3063 1373 3123 1419 ut
3173 1367 3332 1420 simul
3402 1384 3470 1422 ex
3537 1378 3652 1423 toto

2057 1449 2257 1500 mundo
2293 1451 2568 1504 crudelem
2603 1450 2757 1506 illum
2797 1463 3086 1522 tyrannum
3119 1458 3439 1527 expelleret.
3473 1461 3638 1516 simul

2054 1552 2110 1594 et
2142 1541 2466 1596 immensam
2497 1561 2652 1598 suam
2689 1547 2993 1603 bonitatem
3026 1551 3447 1608 demonstraret.

2129 1632 2426 1703 Utriusque
2457 1636 2611 1690 teSIis
2640 1647 2696 1691 et
2737 1637 3005 1708 interpres
3038 1653 3124 1696 est
3162 1641 3364 1698 Paulus
3399 1646 3648 1701 scribens

2057 1726 2122 1778 ad
2167 1726 2471 1795 Ephesios:
2508 1726 2576 1781 Ut
2602 1731 2820 1797 possitis
2855 1735 3288 1802 comprehendere
3318 1753 3437 1804 qua:
3470 1739 3538 1792 sit
3572 1738 3653 1792 la-

2061 1809 2234 1872 titudo
2254 1829 2303 1871 et
2351 1820 2629 1888 longitudo
2656 1863 2673 1889 ,
2719 1825 3058 1895 profunditas
3105 1839 3154 1883 et
3194 1830 3424 1883 altitudo
3459 1849 3478 1886 :
3513 1833 3654 1886 scire

364 1907 720 1959 διίλλουσαν
761 1905 1007 1974 ἀγάπην
1045 1905 1158 1974 τῆς
1187 1907 1469 1976 γνώσεως
1508 1908 1614 1961 τοῦ
1661 1909 1947 1977 Χριστοῦ.

2061 1910 2216 1962 etiam
2249 1915 2726 1980 snperetiiinentem
2753 1918 3070 1973 charitatem
3105 1923 3340 1976 scientia:
3357 1923 3558 1978 Christi
3581 1924 3648 1979 "'.

366 1999 478 2065 Τὴν
509 2000 607 2066 μὲν
627 1999 736 2068 γὰρ
764 1998 917 2051 θείαν
938 1999 1167 2069 ἀγάπην
1196 1999 1464 2071 ἔγνωμεν,
1494 2001 1577 2053 ὅτι
1601 2002 1695 2054 τὸν
1729 2002 1951 2056 πάντων

365 2092 634 2143 οἴκτιστον
664 2090 805 2159 ὑπὲρ
852 2091 1009 2158 ἡμῶν
1053 2092 1232 2144 εἵλετο
1274 2093 1547 2145 θάνατον·
1588 2094 1690 2164 τὴν
1726 2094 1782 2147 δὲ
1814 2112 1953 2160 παγ-

369 2184 434 2236 κό
447 2200 592 2252 ῖμιον
610 2183 923 2251 ἐλευθερίαν
941 2185 1029 2236 ἀνε
1043 2185 1336 2254 μυήθημεν
1358 2187 1444 2238 διὰ
1458 2187 1552 2238 τοῦ
1572 2205 1737 2258 τετρα
1749 2205 1811 2257 με
1824 2187 1950 2257 ροῦς

373 2275 645 2344 σχήματος
670 2275 766 2328 τοῦ
793 2276 1052 2347 σταυροῦ.
1077 2277 1321 2342 Πάντας
1347 2277 1458 2346 γὰρ
1486 2279 1745 2333 εἵλκυσε
1795 2281 1948 2347 πρὸς

372 2364 592 2419 ἑαυτὸν
631 2369 697 2436 τῇ
741 2367 1038 2434 ἐπιγνώσει
1066 2368 1166 2436 τῆς
1205 2369 1344 2431 ἰδίας
1370 2369 1692 2432 δεσποτείας
1717 2386 1730 2398 ·
1762 2369 1952 2439 ἐπειδὴ

373 2462 593 2530 βασιλέα
640 2465 945 2533 τηνικαῦτα
1004 2471 1097 2518 καὶ
1145 2465 1278 2522 Θεὸν
1323 2467 1421 2535 οὐχ
1467 2469 1500 2534 ἡ
1558 2466 1735 2531 κτίσις
1790 2469 1952 2538 μόνον

371 2555 700 2624 ἁνεκήρυττε
760 2556 920 2609 τοῦτο
976 2560 1046 2627 τῇ
1107 2558 1347 2628 σφετέρᾳ
1396 2559 1781 2630 καινοπαθεῖᾳ,
1814 2561 1953 2614 ἀλλὰ

373 2649 468 2699 καὶ
518 2649 545 2700 ὁ
597 2648 1063 2719 συναποθνήσκων
1123 2650 1348 2723 λῃστὴς,
1406 2655 1500 2704 καὶ
1559 2655 1587 2705 ὁ
1632 2653 1954 2722 αὐτουργῶν

373 2739 786 2811 ἑκατόνταρχος,
847 2744 942 2795 καὶ
997 2744 1026 2794 ὁ
1075 2742 1170 2795 τοῦ
1207 2743 1446 2796 Πιλάτου
1479 2743 1682 2809 τίτλος,
1732 2744 1953 2816 ἀληθῶς

377 2834 674 2901 μαρτυρίαι
709 2836 857 2902 παρὰ
889 2833 999 2888 τῶν
1029 2835 1241 2904 ἐχθρῶν
1268 2837 1594 2901 ἀξιόπιστοι·
1635 2840 1774 2902 ὅπερ
1804 2838 1898 2891 καὶ
1926 2841 1954 2891 ὁ

373 2923 657 2995 θεοπάτωρ
681 2925 892 2979 ἄνωθεν
913 2911 1328 2996 προαναφωνῶν
1346 2928 1597 2999 ἔκραξεν,
1619 2928 1700 2982 ὅτι
1732 2930 1794 2982 '0
1810 2932 1956 2995 Θεὸς

371 3017 529 3084 ἡμῶν
552 3019 846 3085 ,βασιλεὺς
874 3021 990 3087 πρὸ
1009 3017 1220 3086 αίῶνος
1269 3021 1557 3091 ὑπάρχων,
1579 3023 1666 3074 ἐπ’
1704 3025 1956 3093 ἐσχάτων

368 3111 574 3165 τούτων
602 3113 826 3182 ἡμερῶν
862 3113 1184 3182 ειργάσατο
1214 3115 1522 3183 σωτηρίαν
1541 3115 1611 3167 ἐν
1631 3115 1804 3184 μέσῳ
1842 3116 1956 3185 τῆς

369 3204 507 3274 γῆς,
532 3205 624 3256 καὶ
646 3205 744 3274 τὴν
763 3205 851 3259 διὰ
881 3206 1117 3274 σταυροῦ
1136 3204 1433 3259 κατάλυσιν
1449 3207 1540 3258 τού
1566 3207 1831 3278 τυράννου
1857 3224 1953 3276 ση-

371 3263 598 3367 potin-wit.
639 3263 1001 3366 ;E-X6é6}.1}tat
1021 3263 1132 3367 γὰρ
1159 3301 1188 3352 ὁ
1219 3298 1312 3351 τοῦ
1343 3299 1569 3362 σκότους
1625 3263 1812 3371 ἀρχων
1853 3263 1952 3371 τῖίς
1981 3263 2024 3320 C

370 3388 598 3452 κτίσεως
633 3391 872 3458 ἁπάσης,
902 3391 995 3444 καὶ
1027 3391 1370 3462 ἀπέρριπται
1397 3391 1496 3461 μὲν
1519 3393 1576 3458 ὲξ
1596 3391 1853 3461 οὐρανοῦ,
1874 3391 1957 3445 ὅτι

380 3487 439 3538 '0
466 3487 724 3555 οὐρανὸς
761 3485 883 3540 τῶν
911 3485 1189 3555 οὐρανῶν
1230 3483 1312 3550 τῷ
1346 3487 1538 3553 Κυρίῳ
1561 3501 1574 3513 ⁸
1617 3487 1958 3558 ἀπέρριπται

367 3575 429 3630 δὲ
449 3579 542 3628 καὶ
573 3577 674 3645 γῆς
706 3593 800 3628 και
842 3575 1140 3645 θαλάσσης,
1159 3575 1242 3628 ὅτι
1271 3575 1366 3628 τοῦ
1387 3573 1795 3645 σταυρωθέντος
1840 3575 1957 3627 Σω-

369 3672 533 3742 τῆρός
561 3673 724 3740 ὲστιή
749 3669 1016 3734 θάλασσα,
1040 3671 1136 3722 καὶ
1158 3670 1260 3740 τὴν
1292 3668 1464 3739 ξηρὰν
1491 3670 1546 3721 αἱ
1579 3670 1762 3739 χεῖρες
1790 3665 1955 3720 αὑτοῦ

372 3764 648 3817 ἔπλασανο
682 3763 1034 3833 κατήργηται
1063 3762 1161 3814 καὶ
1192 3763 1224 3829 ή
1265 3763 1322 3813 ἐν
1353 3760 1482 3831 ᾅδου
1508 3759 1828 3821 δυναστεία,
1863 3760 1962 3811 ἐπ-

372 3856 492 3926 ειδὴ
518 3856 769 3917 κάκεῖνος
795 3858 862 3923 τῇ
894 3855 1202 3923 Δεσποττικῇ
1249 3852 1553 3908 καταϐάσει
1591 3850 1958 3920 πεφώτισται,

372 3947 470 4001 καὶ
492 3949 569 4008 εἰς
589 3945 775 3999 λοιπὸν
797 3945 875 4016 τῷ
897 3945 1134 4014 διαδόλῳ
1159 3944 1327 4007 τόπος
1359 3943 1387 3995 ὁ
1417 3944 1516 4012 τῆς
1536 3942 1763 4011 γεέννης
1801 3941 1964 4012 τετή-

377 4057 559 4112 ρηται,
588 4041 615 4093 ὁ
644 4039 1054 4108 ἡτοιμασμένος
1081 4037 1234 4107 αὐτῷ
1264 4053 1323 4090 τε
1350 4037 1446 4091 καὶ
1473 4041 1584 4098 τοῖς
1610 4037 1730 4106 μετ’
1761 4035 1954 4090 αὑτοῦ.

450 4134 586 4204 Φέρε
619 4133 684 4204 δὴ
739 4133 835 4186 νῦν
873 4132 971 4185 καὶ
1013 4133 1077 4185 ὲκ
1107 4132 1219 4184 τῶν
1269 4131 1596 4203 ᾀσματικὼν
1640 4129 1743 4198 τῆς
1781 4128 1956 4182 Σολω-

383 4229 590 4301 μῶντος
615 4229 814 4298 Σοφίας
832 4227 1106 4299 ῥημάτων
1127 4226 1220 4279 τὸν
1246 4226 1406 4293 λόγον
1445 4223 1823 4296 ἀρδεὺσωμεν.
1850 4223 1961 4276 Καὶ

381 4322 594 4394 παρίτω
616 4338 705 4391 μοι
728 4322 761 4391 ἡ
783 4322 844 4373 ὲν
865 4321 1098 4382 ἐκείνοις
1117 4319 1326 4386 κλίνη,
1349 4316 1590 4388 Χριστοῦ
1607 4316 1700 4369 τὸν
1721 4316 1957 4386 σταυρὸν

378 4414 856 4485 προκηρύττουσα,
890 4411 985 4466 τοῦ
1017 4414 1154 4482 πρὸς
1189 4411 1452 4481 ἀλήθειαν
1488 4409 1752 4480 βασιλέως
1798 4409 1958 4480 εἰρή-

377 4525 498 4577 νης,
555 4506 651 4560 τοῦ
713 4507 783 4559 τὰ
835 4505 1104 4559 διεστῶτα
1168 4505 1532 4573 συνάψαντος,
1591 4503 1688 4555 καὶ
1736 4502 1798 4556 τὸ
1860 4500 1957 4555 τοῦ

2058 2003 2194 2056 Nam
2228 2005 2466 2059 divinam
2499 2007 2826 2062 charitatem
2860 2012 3235 2080 cognovimus,
3265 2014 3398 2084 quia
3420 2025 3650 2070 mortem

2055 2095 2300 2150 euntium
2345 2099 2713 2167 turpissimam
2766 2117 2867 2171 pro
2911 2105 3069 2160 nobis
3121 2107 3320 2173 subiit;
3371 2108 3650 2163 comnmni

2057 2199 2238 2242 autem
2280 2199 2336 2243 et
2364 2193 2429 2243 ad
2463 2207 2658 2248 omnes
2686 2196 2997 2261 pertinente
3042 2196 3294 2254 libertate
3345 2202 3500 2268 quasi
3542 2201 3653 2254 ini-

2059 2277 2174 2330 tiati
2204 2295 2390 2333 sumus
2425 2296 2522 2350 per
2550 2284 2978 2351 quadriformem
3010 2304 3252 2344 crucem.
3290 2290 3484 2347 Omnes
3505 2295 3650 2347 enim

2057 2371 2226 2422 traxit
2258 2372 2326 2424 ad
2345 2374 2574 2440 seipsum
2591 2375 2658 2439 ⁷⁸,
2682 2379 2964 2446 agnitione
2981 2380 3370 2437 dominationis
3393 2389 3650 2454 propriae;

2056 2461 2181 2525 quia
2251 2475 2433 2529 regem
2479 2473 2533 2516 et
2577 2462 2867 2518 Dominum
2913 2483 3018 2521 non
3065 2472 3227 2524 modo
3261 2481 3512 2526 creatura
3556 2491 3653 2542 per

2057 2568 2212 2608 suam
2242 2556 2778 2610 commiserationem
2814 2558 3211 2626 proclamabat,
3248 2567 3343 2618 sed
3386 2579 3441 2620 et
3475 2571 3520 2624 is
3552 2568 3648 2639 qui

2059 2645 2220 2699 simul
2256 2648 2594 2701 moriebatur
2622 2646 2784 2710 latro,
2815 2659 2868 2703 et
2907 2653 3182 2718 centurio,
3220 2657 3311 2724 qui
3351 2674 3450 2712 sua
3485 2677 3650 2716 manu

2058 2739 2258 2792 tiliristi
2300 2740 2442 2793 latus
2475 2742 2710 2808 aperuit,
2741 2754 2796 2798 et
2831 2743 3026 2799 titulus
3057 2745 3245 2814 Pilati,
3275 2767 3394 2820 quae
3428 2770 3554 2809 vere
3582 2759 3653 2811 ab

2060 2831 2308 2885 hostibus
2349 2833 2452 2885 lide
2489 2833 2652 2902 digna
2694 2835 3006 2892 testimonia
3043 2850 3208 2906 sunt;
3241 2843 3389 2911 quod
3429 2848 3650 2914 quidem

2059 2922 2155 2977 Dei
2205 2940 2400 2992 parens
2449 2925 2560 2996 jam
2614 2927 2743 2981 olim
2789 2930 3098 2987 vaticinans
3153 2935 3463 2994 clamabat:
3509 2941 3654 2998 Deus

2061 3025 2241 3069 noster
2283 3033 2374 3070 rex
2408 3030 2530 3072 ante
2562 3019 2763 3075 sa'cula
2793 3022 3066 3079 exsistens
3096 3027 3408 3084 novissimis
3427 3032 3512 3086 his
3535 3035 3651 3086 din-

2060 3105 2158 3158 bus
2207 3117 2456 3174 operatus
2513 3119 2591 3163 est
2661 3111 2888 3166 salutem
2958 3115 3014 3167 in
3062 3119 3233 3171 medio
3282 3130 3435 3176 terra:
3462 3122 3527 3189 ⁷⁵,
3561 3127 3652 3178 ubi

2061 3199 2277 3264 tyranni
2303 3200 2812 3257 exter-titillationem
2838 3219 2933 3272 per
2949 3220 3168 3262 crucem
3188 3209 3386 3264 factam
3415 3213 3649 3268 indicat:

2061 3305 2182 3340 nam
2227 3290 2474 3358 princeps
2519 3296 2867 3348 tenebrarum
2919 3311 2984 3350 cx
3027 3304 3174 3354 omni
3226 3318 3282 3357 re
3331 3317 3514 3360 creata
3542 3323 3651 3361 ex-

2059 3384 2249 3448 pulsus
2295 3395 2407 3448 est;
2442 3395 2491 3438 et
2541 3401 2570 3439 e
2608 3388 2749 3442 uelo
2801 3391 3022 3458 quidem
3077 3393 3322 3463 dejectus
3364 3410 3490 3465 est,
3525 3401 3653 3467 quia

2058 3477 2247 3530 caelum
2287 3482 2404 3532 acti
2467 3480 2790 3537 Domino“.
2865 3484 2937 3538 Ex
2988 3496 3130 3540 terra
3184 3489 3351 3543 etiam
3401 3502 3455 3546 et
3509 3494 3650 3549 mari

2061 3567 2380 3634 proﬂigatus
2407 3579 2526 3634 est,
2557 3573 2683 3640 quia
2718 3574 2964 3630 crucilixi
3005 3575 3319 3634 Servatoris
3349 3592 3433 3634 est
3465 3599 3614 3638 mare
3634 3623 3651 3649 ,

2060 3665 2113 3711 ct
2145 3660 2353 3712 aridam
2390 3659 2764 3718 l'ornuaverunt
2799 3681 2994 3722 manus
3017 3670 3223 3740 ejus".
3253 3671 3452 3726 Eversa
3485 3685 3567 3727 est
3597 3683 3652 3728 et

2061 3751 2174 3814 illa,
2211 3766 2331 3822 qua}
2369 3752 2423 3806 in
2471 3753 2689 3810 inferno
2719 3761 3094 3826 grassabatur,
3131 3765 3394 3832 potentia.
3431 3767 3554 3834 quia
3595 3777 3652 3822 et

2061 3843 2268 3899 inferos
2303 3861 2405 3899 suo
2433 3847 2699 3903 descensu
2735 3848 3051 3918 illustravit,
3087 3864 3139 3907 et
3179 3856 3245 3908 de
3279 3865 3476 3911 caetero
3511 3874 3654 3913 unus

2060 3935 2211 3991 locus
2252 3939 2510 4006 gehennae
2541 3940 2754 3995 diabolo
2785 3955 3098 4001 reservatus
3128 3954 3236 4012 est,
3261 3948 3353 4017 qui
3383 3964 3652 4019 prchara-

2061 4038 2148 4082 tus
2175 4039 2260 4083 est
2291 4031 2391 4098 ipsi
2425 4041 2480 4085 et
2510 4033 2696 4089 sociis.

2133 4121 2375 4190 Agedum
2409 4139 2556 4178 nunc
2595 4125 2760 4179 etiam
2800 4141 2867 4181 cx
2907 4129 3139 4185 canticis
3174 4127 3483 4187 Salomonis
3528 4149 3653 4188 ora-

2063 4217 2265 4269 tionem
2294 4225 2538 4270 nostram
2572 4218 2837 4288 rigemus,
2858 4231 2912 4274 et
2941 4223 3304 4292 copiosiorem
3331 4224 3655 4294 eﬂiciamus,

2060 4309 2332 4363 Adveniat
2370 4309 2536 4380 igitur
2566 4311 2738 4381 is,qui
2763 4314 2813 4366 in
2844 4314 2954 4368 illis
2984 4315 3321 4384 celebratur,
3339 4317 3652 4384 lectulus".

2061 4399 2264 4456 Christi
2297 4417 2517 4456 crucem
2544 4405 2940 4474 pra-nuntians,
2967 4409 3056 4478 qui
3081 4424 3210 4466 vere
3229 4409 3342 4465 Rex
3372 4414 3524 4482 pacis
3549 4425 3654 4480 est,

2062 4498 2154 4567 qui
2185 4512 2271 4562 ca,
2303 4513 2424 4567 qua
2457 4499 2648 4555 dissita
2680 4512 2860 4568 erant,
2891 4502 3201 4571 conjunxit,
3241 4515 3297 4559 et
3332 4509 3653 4574 maceriam,

380 4602 635 4673 φραγμοῦ
663 4602 979 4672 μεσότειχον
1012 4603 1075 4654 ἐκ
1104 4602 1273 4669 μέσου
1323 4603 1678 4672 ποιήσαντος·
1704 4601 1763 4652 ὲν
1803 4598 1954 4669 αὑτῷ

2061 4606 2183 4660 quae
2235 4591 2552 4659 interposita
2598 4602 2740 4656 erat,
2789 4595 3045 4660 sustulit;
3079 4596 3132 4650 in
3186 4597 3302 4666 ipso
3349 4600 3494 4653 enim
3536 4602 3658 4656 vitae

378 4698 488 4764 γὰρ
514 4695 541 4747 6
566 4694 712 4763 ζωῆς
741 4697 973 4762 ταμιεὺς
1013 4692 1287 4762 ἐκοιμήθη
1333 4691 1561 4762 Ἰησοῦς,
1599 4691 1694 4744 καὶ
1733 4689 1956 4743 ὕπνωσε

379 4786 546 4838 ὕπνον
575 4783 668 4838 τοῦ
702 4788 965 4848 πεσόντος
1005 4781 1181 4851 Ἀδὰμ
1236 4782 1641 4850 ἀναστάσιμον,
1690 4783 1750 4848 ἐξ
1784 4774 1960 4853 οὗπερ

377 4879 602 4947 ἀνέστη,
631 4877 841 4938 πάντας
874 4877 963 4942 είς
992 4874 1100 4940 τὰς
1136 4875 1361 4943 πρωΐας
1377 4875 1752 4929 ἀποκτείνων
1779 4874 1964 4942 ἀμαρ-

377 4970 606 5036 τωλοὺς
637 4968 743 5035 τῆς
771 4966 902 5039 γῆς.
946 4967 1164 5036 Ταύτην
1205 4967 1269 5038 δὴ
1298 4969 1396 5038 τὴν
1421 4971 1738 5038 τετραμερῆ
1770 4967 1962 5036 κλίνην

377 5065 676 5131 ἐξήκοντα
721 5061 1024 5118 κυκλοῦσι
1057 5061 1330 5125 δυνατοὶ,
1373 5061 1535 5132 χορὸς
1587 5061 1813 5127 τέλειος,
1865 5059 1962 5112 καὶ

378 5155 628 5226 βεὸηκὼς
653 5155 907 5225 ἐδραίως,
939 5154 1004 5206 ὲκ
1028 5152 1410 5223 πατριαρχῶν,
1454 5151 1774 5221 προφητῶν,
1817 5153 1957 5203 ἀπο-

379 5245 606 5312 στόλων,
656 5246 977 5317 μαρτύρων,
1026 5245 1190 5297 ὁσίων
1251 5242 1529 5296 συνελθὼν
1583 5245 1678 5296 καὶ
1728 5244 1960 5298 δικαίων

376 5339 696 5408 ταγμάτων,
733 5340 830 5390 καὶ
859 5337 982 5390 καθ’
1038 5337 1208 5390 ἑαυτὰ
1266 5336 1329 5388 τὸ
1357 5335 1562 5389 τέλειον
1591 5336 1826 5406 ἐχόντων
1857 5337 1958 5406 τῆς

376 5431 619 5495 δεκάδος,
643 5434 738 5485 καὶ
762 5437 918 5504 κοινῇ
943 5433 1419 5506 συμπληρούντων
1441 5433 1541 5503 τὴν
1561 5433 1747 5500 ἑξάδα,
1771 5433 1866 5486 καὶ
1889 5435 1958 5502 τῇ

376 5527 683 5597 παντελείῳ
709 5529 1134 5597 παρισταμένων
1157 5527 1380 5597 Τριάδι.
1413 5526 1632 5596 Ταύτην
1669 5525 1960 5597 βασιλικὴν

376 5615 564 5686 κλίνην
613 5620 675 5671 οὐ
734 5619 999 5688 δάκρυσιν
1055 5624 1083 5672 ὁ
1133 5620 1318 5686 Δαυϊδ,
1375 5617 1494 5673 ἀλλ’
1541 5618 1775 5689 αἵμασιν
1828 5619 1856 5670 ὁ
1894 5621 1959 5670 ἐκ

380 5708 544 5760 Δαυῒδ
571 5709 633 5761 τὸ
671 5712 814 5762 κατὰ
868 5712 1048 5780 σάρκα
1103 5711 1344 5777 Χριστὸς
1406 5711 1653 5773 ἔλουσεν,
1721 5711 1841 5781 οἰχὶ
1897 5711 1958 5762 τὸ

445 5827 489 5858 ⁷³
517 5827 715 5896 Ephes.
744 5844 825 5887 tu.
860 5828 945 5889 l8,
981 5826 1068 5879 19.
1145 5827 1192 5857 “
1245 5827 1404 5882 .Ioan.
1456 5845 1550 5889 xu.
1591 5829 1679 5881 32.

379 5897 424 5928 "
475 5901 632 5953 Cant.
682 5899 1013 5968 ιιι,1δε.μι.
1096 5897 1140 5928 ⁷³
1187 5898 1330 5954 l’sal.
1380 5916 1428 5964 ε,
1473 5903 1525 5954 8.

1784 5830 1830 5860 ⁷⁵
1863 5827 2005 5884 l’sal.
2049 5844 2242 5894 thm,
2293 5832 2376 5887 l2.

2060 4693 2256 4737 anetor
2293 4679 2456 4736 Jesus
2491 4683 2782 4752 requievit,
2837 4697 3204 4756 somnumque
3238 4688 3517 4755 dormivit,
3549 4705 3657 4760 quo

2061 4776 2333 4844 collapsus
2367 4776 2541 4830 Adam
2574 4778 2849 4834 excitatus
2879 4787 2985 4845 est,
3017 4795 3082 4834 ex
3111 4796 3219 4850 quo
3244 4788 3300 4836 et
3331 4787 3656 4852 resurrexit,

2059 4871 2116 4925 in
2165 4873 2428 4926 matutino
2470 4872 2796 4942 interﬁciens
2848 4889 3024 4929 omnes
3066 4886 3372 4946 peccatores
3404 4890 3561 4933 terra:
3587 4879 3656 4934 ".

2060 4967 2219 5021 Hunc
2257 4976 2489 5036 quatuor
2523 4967 2771 5035 partibus
2815 4979 3164 5024 constantem
3203 4971 3462 5027 lectulum
3501 4987 3652 5025 sexa-

2061 5060 2207 5129 ginta
2248 5058 2410 5127 {ortes
2461 5059 2736 5124 ambiunt,
2775 5061 2979 5115 chorus
3029 5061 3332 5133 perlectus,
3386 5065 3577 5117 lirmus
3605 5071 3657 5115 et

2063 5151 2296 5215 stabilis,
2329 5153 2590 5206 collectus
2615 5168 2682 5205 ex
2713 5154 3068 5223 patriarchis,
3102 5156 3404 5226 prophetis,
3443 5165 3646 5224 aposto-

2051 5245 2155 5309 .lis,
2194 5247 2550 5316 nmrtyribns,
2576 5245 2804 5316 aliisque
2834 5257 3153 5304 sanctorum
3183 5249 3529 5319 etjustorum
3562 5261 3657 5300 or-

2063 5337 2311 5400 dinibus,
2347 5338 2437 5406 qui
2474 5338 2528 5392 in
2563 5353 2623 5393 se
2659 5345 2714 5392 ct
2761 5339 2970 5395 denarii
3006 5340 3220 5396 numeri
3262 5337 3657 5411 perfectionem

2068 5431 2528 5499 coinplectuntur,
2557 5443 2610 5485 et
2649 5434 2854 5502 pariter
2885 5434 3302 5504 sexagenarium
3357 5429 3656 5498 complent,

2067 5538 2407 5594 summaeque
2480 5535 2534 5579 ct
2591 5526 2874 5581 immensa!
2927 5525 3181 5581 Trinitati
3249 5531 3449 5578 astant.
3505 5521 3660 5576 Hunc

2071 5617 2276 5686 regium
2302 5619 2560 5673 lectulum
2596 5619 2854 5690 lacrymis
2883 5634 2987 5672 non
3017 5619 3159 5689 rigat
3189 5616 3378 5680 David,
3409 5614 3503 5669 sed
3531 5629 3658 5669 san-

2068 5713 2230 5781 guine
2264 5713 2394 5766 lavit
2424 5713 2696 5776 Christus,
2727 5729 2792 5766 ex
2841 5713 3042 5765 tantilia
3089 5712 3306 5765 Davidis
3351 5710 3658 5764 secundum

2482 5833 2526 5861 ⁷⁶
2561 5833 2682 5888 l’sal
2735 5846 2888 5896 cuti,
2941 5831 3022 5883 lli.
3102 5831 3147 5859 "
3185 5829 3318 5883 l’sal.
3362 5842 3506 5894 χειν,
3548 5824 3607 5881 5.

3416 5921 3438 5967 ι
