4016 6482
349 405 453 467 229
1398 403 1478 462 IN
1525 403 2123 466 sxatxrATtoNsn
2180 408 2236 470 s.
2271 363 2570 469 cuneis.
3533 417 3643 475 νυ

359 522 513 590 μέχρι
551 515 649 584 τῆς
687 515 984 586 οὐρανόθεν
1027 517 1325 586 σταυρικῆς
1373 518 1769 588 ὲπιλάμῲεως,
1816 515 1934 574 οἶδα

2043 535 2135 576 attt
2159 525 2474 591 prattcritis,
2495 526 2590 579 sed
2617 525 2782 578 etiam
2806 523 3024 590 futuris,
3065 526 3236 580 donec
3252 539 3380 580 crux
3406 525 3473 577 de
3495 528 3636 580 (δαεὶς)

355 615 428 664 ὅτι
451 610 756 678 γενήσεται,
781 609 880 662 καὶ
907 610 996 663 ἶνα
1025 610 1263 664 συνελὼν
1291 614 1453 673 εἴπω,
1482 618 1581 665 οὐκ
1607 614 1722 666 ἐστι
1745 632 1797 665 τι
1824 617 1932 667 τῶν

2042 617 2414 684 Splendesect;
2462 627 2614 669 certo
2668 625 2933 670 eventura
2989 619 3139 678 novi,
3188 627 3242 670 et
3301 627 3359 671 ιιι
3408 632 3520 670 rem
3579 621 3632 670 in

2039 724 2211 775 pauca
2241 712 2546 775 conteram,
2575 709 2709 763 nihil
2736 719 2819 763 est
2846 725 2910 762 ex
2937 709 3195 763 omnibus
3223 712 3384 764 rehus
3410 711 3636 770 creatis,

2038 815 2218 865 neque
2251 815 2318 852 ex
2353 800 2418 853 iis
2449 816 2572 868 quae
2609 801 2710 854 sub
2751 813 3056 869 aspecutm,
3093 817 3267 868 neque
3289 815 3357 855 ex
3390 802 3480 858 iis.
3514 818 3636 870 qua:

2037 893 2139 946 sub
2192 895 2435 947 animum
2479 894 2720 947 eadunt:
2757 910 2870 947 non
2925 895 3147 960 caelum,
3191 910 3295 948 non
3331 905 3632 958 terra,non

2036 1001 2210 1050 mare,
2244 1002 2348 1037 non
2379 986 2485 1038 tilla
2521 995 2717 1039 natura
2761 987 2864 1040 hoc
2893 987 3096 1040 mundo
3125 987 3417 1051 excelsior,
3455 1003 3634 1054 neque

2034 1076 2333 1145 quidquam
2367 1079 2510 1131 aliud
2545 1093 2610 1132 ex
2649 1080 2893 1131 omnium
2937 1080 3164 1132 aliorum
3195 1095 3448 1141 numero,
3487 1080 3630 1146 quod

2033 1169 2193 1222 nohis
2224 1169 2384 1222 modo
2417 1179 2521 1222 tant
2550 1171 2895 1235 admirando,
2927 1181 2978 1224 et
3011 1179 3119 1223 tam
3149 1172 3435 1240 perspicue
3473 1171 3637 1222 bene-

2031 1262 2326 1316 volentiam
2360 1272 2413 1315 et
2448 1263 2842 1316 humanitatem
2878 1262 3082 1316 Christi
3114 1273 3401 1330 proponat,
3432 1264 3637 1314 oculis—

2031 1369 2140 1421 que
2179 1352 2459 1420 subjiciat,
2493 1368 2656 1421 quant
2700 1367 2860 1415 crux,
2895 1367 3019 1421 quae
3065 1360 3122 1407 et
3152 1351 3277 1405 cmli
3311 1352 3634 1405 ﬁrmamen—

2033 1452 2144 1494 tum
2175 1453 2276 1503 e-t,
2307 1451 2356 1494 et
2389 1453 2547 1494 terra:
2583 1443 2772 1506 dccns,
2806 1450 3090 1510 totumque
3124 1440 3382 1493 mundum
3415 1446 3637 1494 sustené

2033 1543 2149 1588 tat:
2187 1535 2508 1587 catiostihns
2538 1535 2763 1603 gaudio,
2806 1535 3164 1586 terrestribus
3191 1533 3446 1586 lihertate
3477 1534 3632 1600 data,

2031 1628 2347 1695 dissitisque
2394 1628 2445 1680 in
2505 1643 2674 1680 unum
2727 1639 2880 1681 arcto
2910 1627 3130 1680 vinculo
3175 1627 3462 1680 connexis.
3493 1624 3631 1680 Nam

340 1713 452 1777 πάς
510 1716 541 1767 ό
573 1713 889 1768 πιστεύων
921 1715 1009 1780 είς
1046 1717 1240 1769 αὐτὸν
1268 1717 1356 1785 μὴ
1396 1717 1718 1786 ἀπόληται.
1756 1718 1927 1770 Σταυ-

2042 1740 2168 1779 crnx
2204 1724 2412 1777 amoris
2442 1723 2614 1778 divini
2651 1733 3040 1790 argumentum
3071 1735 3196 1778 esu
3235 1721 3324 1776 Sic
3358 1723 3495 1775 enim
3543 1723 3630 1776 di-

342 1807 426 1876 ρζς
457 1806 556 1874 τῆς
595 1805 697 1860 τοῦ
747 1806 878 1859 Υίοῦ
919 1807 1251 1876 κηδεμονίας
1297 1812 1330 1880 ή
1373 1812 1741 1882 παράστασις.
1776 1808 1925 1880 Ἐγὼ

2042 1819 2162 1874 lexit
2203 1820 2485 1883 mundum,
2529 1828 2586 1872 ut
2635 1817 2836 1871 Filium
2870 1833 3024 1870 suum
3080 1817 3407 1886 unigenitum
3442 1832 3537 1885 pro
3572 1832 3633 1868 eo

329 1898 440 1996 ’γάρ
469 1900 586 1968 εἰμι
617 1900 653 1952 ὀ
682 1899 912 1967 ποιμὴν
940 1903 973 1953 ό
1006 1902 1221 1966 καλὸς,
1253 1903 1409 1971 φησι,
1439 1903 1534 1956 καί
1568 1903 1686 1970 τὴν
1711 1902 1929 1972 ψυχήν

2042 1914 2209 1976 taret,
2253 1922 2307 1964 ut
2357 1915 2554 1976 omnis,
2604 1911 2694 1980 qui
2727 1912 2901 1964 credit
2933 1909 2986 1962 in
3027 1909 3182 1962 illum
3213 1924 3316 1962 non
3353 1917 3534 1977 pereat
3559 1908 3631 1961 ⁸³.

337 1990 448 2057 μου
475 1994 678 2059 τίθημι
710 1991 867 2059 ὑπὲρ
894 1990 1014 2045 τῶν
1037 1991 1378 2057 προϐάτων.
1408 1993 1648 2062 Σταυρὸς
1675 1995 1778 2062 τῆς
1826 1993 1924 2047 τοῦ

2042 2005 2178 2059 Crux
2209 2005 2620 2073 reprassenlatio
2660 2013 2743 2056 est
2773 2001 2916 2071 ejus,
2950 2015 3113 2072 quam
3145 2002 3289 2054 circa
3329 2016 3425 2052 nos
3458 1999 3629 2053 Filsus

345 2082 656 2169 Ηνεύματος
714 2085 1016 2152 ἐπιδημίας
1068 2085 1102 2156 ἡ
1157 2084 1377 2155 ἐναρξις
1409 2102 1422 2116 ’
1482 2084 1640 2139 οῠπω
1692 2087 1805 2156 γὰρ
1857 2083 1926 2158 ἦν

2042 2097 2174 2166 gerit
2196 2094 2605 2149 sollicitudinis.
2631 2093 2719 2146 Ait
2742 2095 2921 2146 enim:
2951 2091 3062 2160 Ego
3091 2109 3207 2145 sunt
3235 2103 3421 2160 pastor
3439 2091 3627 2154 bonus,

346 2179 381 2228 ll
417 2178 558 2244 εῦμα
583 2176 768 2244 ἅγιον,
791 2178 873 2230 ότι
899 2178 1118 2247 Ἰησοῦς
1135 2178 1351 2231 οὐδέπω
1377 2178 1638 2248 ἐδοξάσθη
1670 2181 1926 2251 σταυρὸς,

2042 2193 2082 2239 rt
2107 2185 2345 2238 animant
2360 2201 2526 2238 meum
2542 2200 2678 2252 pano
2695 2199 2789 2252 pro
2809 2181 2990 2236 ovibus
3011 2184 3135 2236 meis
3153 2182 3222 2235 ⁸⁸.
3239 2182 3378 2237 Crux
3407 2183 3632 2250 spiritus

344 2275 397 2319 τὸ
438 2268 530 2321 τοῦ
581 2269 798 2338 Πατρὸς
846 2268 1082 2339 θέλημα,
1132 2271 1166 2342 ἡ
1213 2270 1310 2326 τοῦ
1357 2270 1487 2324 Υίοῦ
1535 2270 1684 2336 δόξα,
1727 2271 1790 2323 τὸ
1833 2271 1928 2324 τοῦ

2042 2270 2375 2322 advenientis
2403 2278 2457 2322 et
2487 2269 2538 2322 in
2566 2269 2720 2322 nohis
2753 2266 3113 2320 inltahitautis
3142 2267 3468 2336 principium
3504 2276 3587 2318 cst
3615 2284 3626 2317 :

349 2363 477 2415 ιινεύ
486 2380 660 2433 ματος
692 2362 943 2434 δργανον.

2042 2361 2290 2416 Nondum
2330 2363 2474 2416 enim
2514 2363 2673 2414 datus
2716 2361 2893 2428 fuerat
2940 2361 3177 2429 Spiritus
3219 2369 3464 2422 sanctus,
3508 2358 3632 2424 quia

2034 2455 2188 2510 Jesus
2236 2456 2471 2508 nondum
2531 2453 2708 2522 fuerat
2769 2455 3102 2524 glori/ionius
3133 2455 3202 2507 ⁸⁵.
3237 2452 3416 2514 Crux,
3452 2450 3633 2504 Patris

2035 2529 2320 2611 voluntas;
2378 2544 2499 2600 Filii
2535 2546 2732 2614 gloria,
2787 2555 2841 2599 et
2898 2545 3138 2616 Spiritus
3180 2546 3630 2599 instrumentum.

2106 2637 2253 2692 Crux
2308 2637 2626 2691 inimicitias
2666 2637 2928 2702 sustulit,
2977 2647 3030 2690 et
3073 2635 3311 2688 medium
3366 2637 3628 2702 parietem

2038 2731 2290 2785 maceriae
2312 2730 2578 2793 dissolvit,
2607 2729 2812 2798 Deique
2835 2729 3334 2783 reconciliationem
3359 2731 3424 2782 ad
3453 2727 3634 2781 homi-

2038 2839 2135 2879 nes
2164 2821 2367 2886 attulit,
2407 2833 2460 2877 et
2492 2823 2584 2892 qui
2618 2823 2770 2892 prius
2806 2822 2991 2876 hostes
3019 2835 3258 2885 eramus,
3294 2818 3405 2874 Deo
3437 2835 3633 2873 recon-

2040 2916 2209 2970 ciliati
2251 2929 2442 2970 sumus
2490 2929 2587 2982 per
2635 2922 2865 2967 mortem
2906 2910 3029 2966 Filii
3061 2911 3203 2980 ejus.
3239 2910 3384 2965 Crux
3420 2925 3451 2965 e
3485 2919 3628 2964 terra

2039 3007 2238 3062 omium
2287 3005 2436 3072 fecit,
2484 3005 2674 3060 orbem
2715 3013 2986 3060 terrarum
3019 3004 3087 3058 ah
3112 3017 3300 3056 errore
3357 3003 3630 3065 liberavit,

2039 3115 2335 3170 arcemque
2359 3110 2415 3154 et
2443 3099 2906 3169 propugnaculum
2927 3098 3124 3152 mortis
3144 3097 3338 3164 dejecit
3357 3105 3410 3150 et
3428 3095 3629 3148 diaboli

2039 3191 2188 3247 vires
2221 3191 2520 3246 enervavit.
2559 3188 2678 3243 Vim
2737 3189 2947 3260 peccati
2995 3189 3254 3252 abolevit,
3291 3187 3631 3243 mendacium

2042 3280 2364 3352 proﬂigavit,
2387 3281 2670 3335 veritatem
2695 3280 2933 3342 reduxit,
2957 3281 3231 3334 daemones
3255 3277 3478 3347 pepulit,
3497 3286 3636 3331 tem-

2042 3375 2129 3444 βία
2163 3373 2434 3428 idolorum
2467 3382 2521 3428 et
2562 3373 2756 3428 altaria
2794 3374 3016 3438 evertit,
3047 3374 3303 3428 virtutem
3340 3372 3632 3441 plantavit,

2041 3469 2337 3524 ECclesiatn
2385 3466 2653 3533 fundavit,
2714 3469 2958 3522 homines
2985 3469 3208 3536 angelos
3255 3466 3383 3519 fecit
3409 3505 3424 3531 ,
3453 3466 3636 3518 exsul-

2044 3571 2415 3629 tationemth
2481 3563 2534 3616 in
2592 3571 2705 3620 toto
2751 3564 2953 3616 mundo
3023 3570 3079 3614 et
3142 3570 3298 3614 extra
3367 3560 3628 3612 mundum

2043 3656 2247 3711 eﬂ‘ectt.
2301 3656 2444 3710 Crux
2475 3655 2902 3724 chirographum
2961 3664 3210 3708 nostrum
3276 3653 3458 3721 rupit,
3510 3667 3634 3704 caro

1997 3751 2217 3804 'cerem
2271 3749 2464 3803 mortis
2531 3749 2778 3803 inutilem
2831 3747 3106 3812 reddidit;
3162 3745 3436 3800 infernum
3501 3761 3632 3798 eva-

2039 3843 2242 3907 cuavit,
2293 3853 2542 3896 mortuos
2577 3842 2857 3908 excitavit,
2891 3840 3328 3894 maledictiouem
3373 3838 3631 3906 perdidit,

2045 3946 2102 3988 et
2156 3936 2387 4004 gratiam
2439 3934 2682 3989 donavit.
2715 3935 2858 3990 Crux
2911 3933 3221 4000 paradisum
3280 3933 3516 4001 aperuit,
3557 3932 3634 3985 la-

2042 4035 2254 4082 tronem
2308 4027 2633 4092 introduxit,
2687 4028 3078 4094 hominumque
3129 4041 3322 4095 genus,
3370 4039 3436 4078 ne
3480 4035 3634 4079 terra

2045 4116 2264 4186 quidem
2295 4120 2541 4188 dignum,
2579 4120 2645 4174 ad
2694 4133 2924 4183 regnum
2972 4118 3237 4172 oculorum
3285 4116 3630 4176 mannduxit,

3077 4211 3175 4280 τὴν
3215 4211 3324 4264 τῶν
3389 4211 3634 4281 οὐρανῶν

361 703 664 770 γεγονότων,
691 702 753 756 οὐ
789 702 899 755 τῶν
924 704 1237 773 ὁρωμένων,
1257 706 1318 756 οὐ
1348 705 1456 757 τῶν
1486 709 1932 776 νοουμένων,οὐκ

364 793 666 863 ιύρσνδςφὺ
698 797 796 864 γῆ,
825 795 887 848 οὐ
921 795 1186 858 θάλασσα,
1209 797 1307 865 οὐχ
1339 798 1370 865 ή
1405 798 1780 868 ὑπερκόσμιος
1812 801 1933 852 κτίο

365 904 465 953 σις,
494 886 594 938 οὐκ
627 885 761 938 ἄλλο
788 886 898 938 τῶν
929 887 1184 940 ἁπάντων
1213 888 1368 941 οὐδὲν
1398 888 1544 942 οὕτω
1582 893 1679 960 μὲν
1711 891 1928 962 θαυμα-

361 979 510 1041 στῶς,
542 977 687 1030 οὕτω
718 977 773 1031 δὲ
807 980 1063 1050 φανερῶς
1093 965 1338 1033 δεικνύον
1367 983 1506 1049 ἡμῖν
1535 982 1636 1051 τὴν
1666 983 1760 1034 τοῦ
1793 983 1931 1052 Χρι-

358 1069 470 1121 στοῦ
511 1069 950 1140 φιλανθρωπίαν,
989 1069 1068 1132 ὡς
1107 1073 1135 1125 6
1176 1074 1431 1142 σταυρός.
1474 1068 1640 1137 Οὗτος
1685 1075 1796 1144 γὰρ
1834 1076 1930 1130 καὶ

353 1163 430 1213 τοῦ
453 1161 686 1231 οὐρανοῦ
714 1161 938 1229 γέγονεν
960 1163 1217 1234 ἔρεισμα,
1245 1164 1341 1218 καὶ
1365 1167 1462 1233 τῆς
1486 1167 1590 1235 γῆς
1617 1167 1926 1236 ἀγλάϊσμα,

350 1255 428 1304 καὶ
455 1254 665 1322 κόσμον
690 1253 885 1323 ἀνέσχε
914 1255 1115 1322 πάντα,
1143 1258 1253 1320 τοῖς
1277 1257 1376 1327 μὲν
1401 1258 1799 1327 ὑπερκοσμίοις
1831 1277 1930 1328 χα-

349 1347 457 1408 ρὰν,
475 1348 587 1408 τοῖς
602 1347 869 1412 ἐπιγείοις
895 1347 952 1398 δὲ
979 1340 1364 1418 πρυτανεύσας
1393 1349 1710 1418 ἐλευθερίαν
1739 1352 1833 1403 καὶ
1858 1350 1928 1403 τὰ

343 1437 598 1489 δ.εστῶτα
635 1437 904 1506 συνάψας.
939 1438 1182 1508 Σταυρὸς
1217 1439 1326 1508 γὰρ
1355 1441 1454 1510 τῆς
1482 1439 1579 1492 τοῦ
1614 1440 1751 1492 Θεοῦ
1786 1441 1921 1510 ἀγά-

342 1546 439 1596 πης
489 1529 521 1597 ἡ
547 1527 825 1595 ἀπόδειξις
848 1543 862 1556 ⁸
897 1531 1064 1584 Οὕτω
1088 1532 1200 1601 γὰρ
1225 1531 1515 1601 ἠγάπησε
1539 1534 1647 1586 τὸν
1667 1534 1922 1602 κόσμον,

340 1620 423 1671 ὅτι
465 1621 573 1674 τὸν
625 1621 769 1675 Υἱὸν
805 1621 995 1676 αὐτοῦ
1035 1623 1145 1677 τὸν
1181 1623 1489 1694 μονογενῆ
1528 1625 1776 1689 ἔδωκεν,
1823 1627 1926 1680 ἵνα

409 2634 659 2704 Σταυρδς
697 2635 795 2706 τὴν
828 2635 1033 2706 ἔχθραν
1061 2635 1329 2707 ἠφάνισε,
1379 2639 1474 2692 καὶ
1525 2638 1586 2690 τὸ
1616 2639 1930 2709 μεσότειχον

346 2727 430 2780 τοῦ
457 2727 723 2799 φραγμοῦ
747 2728 1004 2793 διαλύσας
1030 2731 1130 2794 τὰς
1154 2731 1251 2782 τοῦ
1277 2730 1413 2784 Θεοῦ
1443 2733 1580 2801 πρὸς
1607 2731 1930 2802 ἀνθρώπους

348 2820 692 2888 καταλλαγὰς
727 2821 992 2892 ἐκόμισε,
1029 2822 1125 2875 καὶ
1161 2821 1212 2874 οἱ
1253 2822 1530 2892 πρότερον
1557 2821 1742 2892 ἐχθροὶ
1777 2822 1930 2885 ὄντες

347 2915 772 2984 κατηλλάγημεν
796 2914 874 2984 τῷ
900 2914 1022 2984 Θεῷ
1047 2914 1134 2968 διὰ
1157 2912 1255 2968 τοῦ
1285 2914 1522 2970 θανάτου
1549 2916 1642 2970 τοῦ
1675 2915 1803 2969 Υἰοῦ
1833 2917 1931 2969 αὒ-

346 3008 454 3062 τοῦ.
497 3007 748 3077 Σταυρὺς
781 3008 880 3078 τὴν
913 3007 1019 3076 γῆν
1053 3006 1288 3078 οὐρανὸν
1321 3007 1580 3077 ἐποίησε,
1615 3007 1716 3076 τήν
1750 3009 1935 3061 οἰκου-

350 3103 510 3170 μένην
531 3101 638 3169 τῆς
665 3101 876 3171 πλάνης
904 3099 1209 3170 ἀπήλλαξε,
1235 3098 1331 3153 τοῦ
1361 3101 1594 3154 θανάτου
1621 3103 1933 3171 κατήνεγκε

345 3192 435 3258 τὴν
464 3191 770 3260 ἀκρόπολιν
790 3233 807 3256 ,
839 3191 934 3246 τοῦ
969 3192 1224 3245 διαϐόλου
1252 3193 1354 3262 τὴν
1389 3193 1544 3261 ίσχὺν
1575 3193 1892 3262 ἐξενεύρισε
1916 3210 1930 3224 ⁸
1958 3230 2003 3292 C

344 3286 434 3354 τῆς
458 3283 746 3353 ἁμαρτίας
767 3285 868 3354 τὴν
890 3283 1123 3356 δύναμιν
1144 3285 1402 3354 ἠφάνισε,
1425 3287 1486 3338 τὸ
1504 3286 1697 3354 ψεῦδος
1719 3285 1931 3350 ἐδίωξε,
1959 3272 2005 3294 η

344 3379 434 3448 τὴν
461 3378 726 3450 ἀλήθειαν
751 3381 1096 3450 ἐπανήγαγε,
1114 3384 1240 3443 τοὺς
1270 3379 1532 3449 δαίμονας
1559 3381 1750 3451 ήλασε,
1771 3383 1931 3446 ναοὺς

347 3470 577 3525 εἰδώλων
614 3473 708 3526 καὶ
744 3471 966 3541 βωμοὺς
1000 3473 1288 3542 ἀνέτρεψε,
1323 3474 1422 3542 τήν
1453 3473 1658 3544 ἀρετὴν
1693 3475 1936 3544 κατεφύ-

347 3581 517 3630 τευσε,
546 3567 653 3635 τὴν
682 3565 1013 3636 Ἐκκλησίαν
1041 3565 1298 3636 ἐρίζωσε,
1324 3571 1450 3630 τοὺς
1480 3567 1808 3637 ἀνθρώπους
1835 3571 1934 3636 ἀγ-

345 3656 525 3722 γέλους
565 3657 793 3727 ἐποίησε
842 3657 940 3728 τὴν
995 3658 1347 3727 παγκόσμιον
1408 3659 1503 3713 καὶ
1565 3659 1937 3729 ὑπερκόσμιου

347 3749 664 3815 ἀγαλλίασιν
717 3749 1100 3820 ἐξειργάσατο.
1154 3751 1400 3819 mango;
1446 3751 1506 3805 τὸ
1563 3751 1934 3821 χειρόγραφον

344 3840 492 3910 ἡμῶν
523 3841 803 3912 δέρῤηξε,
836 3841 931 3895 τοῦ
975 3842 1307 3917 θανάτουιτδ
1346 3843 1727 3912 δεσμωτήριον
1764 3843 1939 3913 ἄχρη-

350 3948 465 3984 στον
489 3933 742 4004 ἐποίησε,
769 3937 858 3989 τὸν
886 3933 1022 4006 ᾅδην
1047 3934 1307 4002 ἐκένωσε,
1334 3933 1462 3996 τοὺς
1491 3934 1720 4002 νεκροὺς
1750 3935 1935 3999 ἐξανέ-

351 4039 525 4093 στησε,
583 4024 683 4095 τὴν
707 4027 847 4094 ἀρὰν
872 4023 1126 4078 ἀπώλεσε
1147 4027 1244 4077 καὶ
1265 4025 1366 4095 τὴν
1391 4025 1570 4096 χαρὰν
1593 4025 1933 4095 ἐδωρήσατο.

351 4113 578 4188 Σταυρὸς
623 4120 716 4170 τὸν
761 4116 1091 4186 παράδεισον
1134 4115 1359 4186 ἀνέῳξε,
1405 4117 1498 4168 τὸν
1541 4115 1746 4187 λῃστὴν
1790 4118 1938 4186 είσή-

351 4224 500 4275 γαγε,
536 4209 600 4261 τὸ
639 4209 748 4262 τῶν
789 4207 1094 4280 ἀνθρώπων
1133 4208 1290 4278 γένος
1329 4208 1672 4264 ἀπόλλυσθαι
1718 4209 1934 4280 μέλλον,
1975 4213 2071 4266 καὶ
2116 4210 2240 4264 οὐδὲ
2280 4213 2378 4282 τῆς
2419 4213 2524 4282 γῆς
2569 4211 2721 4277 ἄξιον
2761 4209 2822 4265 ὃν
2861 4210 3000 4282 πρὸς

353 4299 622 4369 βασιλείαν
653 4301 1092 4372 ἐχειραγώγησε.

414 4395 656 4463 Σταυρδς
682 4395 794 4448 τῶν
824 4394 1176 4466 ἐπουρανίων
1199 4393 1262 4446 τὸ
1292 4393 1496 4464 θαῦμα,
1527 4393 1638 4448 τῶν
1670 4393 1934 4463 ἐπιγείων

2133 4396 2279 4453 Crux
2344 4397 2648 4454 caelestium
2726 4396 3101 4462 miraculum,

352 4490 406 4542 τὸ
436 4494 722 4563 καύχημα,
754 4493 864 4545 τῶν
893 4493 1224 4562 ἀμφοτέρων
1252 4493 1280 4546 6
1316 4493 1636 4562 σύνδεσμος.
1693 4492 1934 4562 Σταυρὸς

353 4583 408 4634 τὸ
436 4586 735 4655 ἀχείρωτον
763 4583 927 4639 ὅπλον
954 4585 1063 4638 τῶν
1092 4584 1464 4654 Χριστιανῶν,
1495 4585 1556 4637 τὸ
1585 4585 1936 4653 ἀκαταγώνιο

356 4693 471 4728 στον
505 4677 795 4748 φρούριον,
828 4677 889 4730 τὸ
925 4677 1240 4748 ἀπόρθητον
1274 4680 1484 4748 τεῖχος,
1517 4678 1579 4731 τὸ
1614 4679 1937 4749 καθαιρετι-

353 4773 440 4823 κδν
477 4774 586 4826 τῶν
612 4772 878 4844 αἱρέσεων
901 4771 1135 4842 ὄργανον
1155 4811 1170 4834 ,
1197 4774 1231 4842 ἡ
1258 4772 1529 4843 ἀήττητος
1552 4774 1652 4843 τῆς
1711 4772 1943 4845 Ἐκκλη-

358 4867 470 4926 σίας
498 4865 729 4936 δύναμις
750 4905 765 4928 ,
798 4867 831 4936 ἡ
866 4863 1060 4935 βεϐαία
1087 4865 1198 4918 τῶν
1227 4864 1439 4918 πιστῶν
1470 4865 1627 4927 ἐλπὶς
1647 4905 1663 4932 ,
1697 4865 1758 4918 τὸ
1789 4865 1935 4935 μέγα

357 4961 722 5029 φυλακτήριον
753 4958 863 5011 τῶν
917 4957 1240 5028 όρθοδόξων,
1277 4957 1386 5010 τῶν
1420 4957 1610 5012 παθῶν
1645 4959 1679 5029 ἡ
1717 4959 1942 5027 ἀναίρε-

358 5067 437 5114 σις
457 5090 471 5115 ,
499 5051 594 5122 τῆς
626 5051 894 5113 ἀπαθείας
918 5053 952 5120 ή
983 5051 1349 5120 κατόρθωσις,
1382 5051 1414 5119 ἡ
1449 5052 1506 5102 ἐν
1536 5049 1760 5120 Χριστῷ
1791 5054 1940 5119 νίκη,

357 5141 414 5193 τὸ
447 5144 864 5213 ἀντιλεγόμενον
900 5145 1152 5213 σημεῖον,
1184 5142 1243 5195 τὸ
1279 5142 1596 5211 θαυμαστὸν
1631 5143 1728 5194 καὶ
1764 5143 1945 5212 παρά·

359 5233 503 5298 δοξον
525 5237 806 5306 τρόπαιον.
835 5237 1078 5304 Σταυρδς
1124 5234 1237 5287 τῶν
1266 5234 1630 5306 χαρισμάτων
1657 5233 1751 5286 τοῦ
1781 5233 1949 5289 Ilvati-

366 5343 524 5393 ματος
556 5329 613 5381 τὸ
643 5330 918 5399 ταμιεῖον,
954 5329 986 5398 ή
1027 5327 1256 5397 δαψιλὴς
1294 5326 1530 5398 χορηγία
1559 5326 1669 5380 τῶν
1701 5327 1944 5397 Χριστοῦ

362 5421 712 5491 διορχμάτων,
743 5423 845 5492 τῆς
878 5423 1128 5487 εὐδοκίας
1161 5423 1298 5475 Θεοῦ
1333 5423 1390 5474 τὸ
1425 5422 1802 5494 θησαύρισμα,
1836 5423 1934 5492 τῆς

364 5515 594 5583 οὐρανῶν
629 5515 909 5586 βασιλείας
939 5518 968 5568 ό
1001 5515 1284 5585 πρόξενος.
1320 5516 1562 5585 Σταυρος
1600 5517 1628 5567 6
1662 5531 1938 5584 τετραμε-

369 5609 458 5673 ρὴς
491 5608 583 5660 καὶ
614 5609 817 5679 ὑπέρλα
831 5626 1031 5680 μπρος,
1061 5608 1118 5671 ὃς
1150 5609 1209 5673 ἐξ
1239 5609 1487 5662 ἀπόπτου
1518 5607 1810 5676 περιωπῆς
1839 5607 1940 5676 τῆς

319 5719 332 5732 α
369 5698 496 5750 Σιὼν
514 5742 527 5765 ,
561 5702 755 5770 μᾶλλον
779 5701 834 5754 δὲ
865 5702 926 5766 ἐξ
955 5701 1267 5770 ὑψωμάτων
1289 5701 1450 5769 δόξης
1476 5699 1571 5752 τοῦ
1599 5700 1821 5752 πάντων
1851 5698 1945 5768 βα-

370 5790 548 5854 σιλέως
597 5794 834 5864 Χριστοῦ
881 5794 1063 5848 πάντα
1110 5795 1179 5846 τά
1231 5793 1361 5862 ἔθνη
1417 5791 1945 5854 συνεκάλεσεν,ἀπὺ

435 5903 478 5934 ⁸³
509 5902 663 5963 ³⁸³³⁸³·
693 5921 778 5975 ιιι.
815 5907 902 5964 ίῧο
977 5909 1028 5940 ⁸⁸
1057 5908 1214 5966 ιίυίιιι.
1253 5925 1306 5974 x,
1343 5908 1431 5963 Η.
1496 5907 1541 5939 ⁸³
1567 5908 1726 5962 Joan.
1789 5922 1887 5972 vn,
1914 5908 2002 5962 59.

3181 4397 3638 4465 lerrestriumqne
3661 4457 3664 4464 ,

2044 4490 2317 4558 gloriatio,
2356 4490 2469 4544 imo
2503 4501 2864 4558 utrorumque
2922 4487 3177 4558 gloriatio
3202 4496 3255 4540 et
3295 4484 3635 4555 cunjuuctio.

2045 4579 2216 4642 Crux,
2255 4595 2360 4633 non
2391 4579 2703 4633 manul'acta
2737 4578 3181 4632 Christianorum
3217 4586 3513 4641 armatura,
3557 4576 3638 4629 iu-

2045 4674 2410 4746 expugnabile
2448 4672 2918 4743 prepngnaculum
2947 4713 2961 4735 ,
2991 4671 3381 4739 insuperabilis
3425 4685 3635 4730 tnttru~,

2047 4770 2468 4823 instrumentum
2504 4765 2755 4821 tollendis
2785 4765 3086 4818 haeresihus
3120 4763 3502 4834 aptissimum,
3557 4764 3639 4816 iu-

2051 4863 2192 4918 victa
2227 4861 2487 4916 Ecclesiae
2535 4862 2728 4920 virtus,
2786 4859 2940 4912 lirma
2991 4856 3431 4912 Christianorum
3485 4871 3643 4924 spes,

2052 4957 2244 5025 ingens
2297 4957 2728 5009 orthodoxorum
2779 4954 3489 5022 praesidium,passionum
3546 4967 3642 5004 es-

2052 5046 2298 5109 sttui-tio,
2332 5053 2386 5098 et
2440 5044 2761 5113 intpatihilis
2797 5043 3092 5112 reparatio,
3127 5044 3356 5097 victoria
3400 5044 3451 5095 in
3485 5041 3640 5095 Chri-

2053 5148 2162 5200 sto,
2195 5138 2432 5204 signum,
2461 5137 2547 5191 cui
2573 5137 2992 5198 contradicitur,
3018 5137 3362 5200 admirabile,
3395 5145 3448 5189 et
3477 5151 3644 5202 supra

2054 5247 2271 5285 Omnem
2315 5231 2628 5300 opinionem
2681 5231 3004 5299 trophaanm.
3031 5231 3202 5294 Crux,
3249 5230 3642 5284 charismatum

2054 5325 2295 5393 Spiritus
2327 5323 2607 5388 aerarium,
2636 5322 2785 5392 larga
2819 5324 3088 5378 donorum
3130 5321 3330 5377 Christi
3369 5319 3640 5398 snhmini-~

2048 5420 2269 5480 stratiu,
2301 5418 2580 5487 divinique
2624 5417 2951 5487 bencplaciti
3000 5417 3309 5478 thesaurus,
3343 5414 3493 5482 regni
3527 5431 3648 5469 ca:-

2018 5513 2230 5570 .lorutn
2279 5513 2646 5568 conciliatrix.
2685 5510 2830 5566 Crux
2882 5511 3279 5580 quadripartita
3327 5517 3380 5559 et
3413 5507 3644 5577 fulgida,

2051 5620 2172 5675 qna:
2225 5621 2288 5659 ex
2332 5605 2593 5659 invisihili
2643 5605 2860 5674 specula
2898 5604 3050 5668 Sion,
3099 5601 3182 5654 vel
3218 5601 3396 5670 potius
3429 5601 3647 5655 ahalti-

2058 5701 2245 5752 tudine
2294 5698 2479 5768 gloria:
2513 5697 2756 5752 omnimn
2794 5699 2937 5766 regis
2967 5693 3167 5748 Christi
3217 5701 3408 5763 gentes
3439 5709 3646 5749 convo-

2055 5792 2200 5846 caiit
2228 5795 2294 5849 ah
2316 5791 2540 5848 Oriente
2568 5801 2623 5847 et
2648 5789 2968 5854 Occidente,
2994 5805 3022 5843 a
3062 5786 3438 5856 septentrione
3466 5797 3521 5842 ct
3546 5802 3648 5850 auo
