4016 6468
498 342 613 411 95‘)
1037 408 1040 411 1
1433 330 1762 397 VJQANNIS
1825 281 2132 392 CALECE
2188 326 2298 388 CP.
2343 321 2857 385 PATRHRCHE
3639 271 3725 381 2θο

511 458 721 530 Moyses
756 455 1006 511 exaltari:
1041 462 1350 524 serpentem,
1388 461 1437 505 et
1487 451 1734 518 reliqua;
1768 450 1906 504 sicut
1947 447 2091 500 enim
2128 469 2138 506 λ

2244 458 2305 510 ερ
2334 442 2360 492 6
2393 439 2630 507 χαλκοῦς
2657 441 2683 490 6
2716 439 2840 505 δφις
2868 436 2973 490 ίοῦ.
3033 433 3128 486 Διὰ
3167 433 3318 486 τοῦτο
3349 434 3519 485 τοίνυν
3563 436 3730 496 ὁμοιω-

511 526 904 605 illevexaltavit
951 553 1285 614 serpenti-In,
1314 553 1369 595 ut
1397 543 1486 612 qui
1532 544 1585 595 in
1631 541 1805 609 ipsum
1843 538 2092 593 intende-

2248 533 2454 593 ατικῶς
2503 528 2687 584 εἶπεν·
2757 531 2878 585 ’⁷οη
2930 529 3128 594 καθὼς
3169 526 3389 593 Μωσῆς
3414 527 3609 594 ὕψωσε
3648 529 3734 578 τὸν

515 650 658 701 rent,
683 641 850 693 vitam
882 639 1167 694 haberent,
1201 637 1271 688 ita
1315 645 1365 688 et
1386 633 1650 687 Christus
1685 631 1955 684 exaltatns
1985 641 2092 690 est,

2244 643 2364 693 ριν,
2399 625 2493 678 καὶ
2522 623 2590 676 τὰ
2618 623 2744 693 ἑξῆς
2777 638 2790 652 '
2828 621 3020 690 ὥσπερ
3067 622 3179 689 γὰρ
3210 621 3416 682 ἐκεῖνος
3467 617 3633 686 ὖψωσε
3662 618 3736 670 τὸν

2199 719 2346 786 δξιν,
2376 717 2461 770 ἵνα
2489 718 2538 769 οί
2564 715 2908 780 ἀτενίζοντες
2937 715 3017 777 είς
3047 712 3213 766 αὐτὸν
3237 711 3398 781 ἔχωσι
3420 712 3561 778 ζωήν
3579 724 3593 740 ο
3621 707 3738 761 οὕτω

2204 811 2296 862 καὶ
2319 811 2346 861 6
2375 808 2616 878 Χριστὸς
2647 805 2863 876 ὑψώθη,
2897 806 2985 859 ἵνα
3013 805 3064 858 οἱ
3111 803 3450 866 ἀτενίζοντες
3473 802 3547 863 είς
3578 798 3738 859 αὑτὸν,

2204 901 2373 972 ἤγουν
2400 901 2447 952 οί
2472 898 2846 964 πιστεύοντες,
2871 896 3038 968 ἔχωσι
3064 895 3210 967 ζωὴν
3239 893 3472 948 αἰώνιον.
3492 889 3623 944 Ἀλλ’
3637 890 3738 956 δοις

2210 991 2311 1065 μὲν
2363 993 2502 1055 ἐκεῖ,
2539 992 2628 1046 διὰ
2669 992 2796 1055 τοὺς
2848 991 3151 1049 δάκνοντας
3210 988 3332 1057 ὄφις
3358 1002 3372 1016 ·
3408 984 3672 1054 ἄνθρωπος
3701 980 3746 1034 δὲ

2207 1085 2440 1138 ἐνταῦθα
2471 1084 2560 1137 διά
2580 1087 2706 1144 τοὺς
2731 1079 3104 1152 δακνομένους
3135 1078 3460 1150 ἀνθρώπους
3479 1093 3492 1108 ⁸
3538 1074 3628 1128 καὶ
3651 1073 3750 1126 ἐκεῖ

517 744 575 788 ιιι
616 736 705 803 qui
759 735 810 786 in
859 735 1037 800 ipsum
1074 730 1442 789 intenderent.
1494 727 1748 780 nimirum
1788 725 2093 784 credentes,

517 825 680 876 vitam
724 833 980 875 :eternam
1017 819 1349 873 obtinerent.
1395 817 1473 871 lbi
1505 815 1725 885 quidem
1769 828 1992 881 serpens
2021 812 2096 863 vi-

518 917 762 973 sebatur.
808 912 878 965 ob
919 910 1264 981 serpentinos
1313 922 1547 962 morsus.
1584 909 1653 961 At
1687 906 1772 960 hic
1791 905 1962 958 homo
1991 912 2095 963 est,

518 1009 587 1061 ob
644 1006 894 1059 homines
934 1003 1096 1056 lzetali
1132 1018 1317 1056 morsu
1349 1001 1648 1056 sauciatos.
1701 999 1775 1053 lbi
1821 997 1975 1068 plaga
2006 1012 2102 1066 per

517 1109 824 1166 serpemem
859 1097 1030 1160 illata,
1060 1109 1156 1163 per
1188 1102 1497 1163 serpentem
1531 1106 1745 1161 quoque
1773 1101 1962 1145 curata
1993 1097 2099 1142 est.

520 1189 618 1242 llic
652 1203 802 1254 vero,
832 1188 1088 1256 quoniam
1129 1200 1274 1239 mors
1313 1199 1411 1253 per
1452 1183 1730 1238 hominem
1785 1182 2026 1254 intravit
2049 1182 2100 1233 in

2244 1179 2312 1232 ,ὲν
2335 1178 2524 1247 ἐπειδὴ
2546 1177 2616 1231 δι’
2637 1174 2818 1247 δφεως
2838 1178 2872 1247 ὴ
2907 1174 3106 1245 βλάϐη,
3129 1172 3199 1226 δι’
3228 1171 3406 1239 δφεως
3433 1167 3525 1222 καὶ
3556 1168 3588 1237 ἡ
3614 1165 3752 1236 θερα-

522 1282 805 1345 mundum,
833 1297 924 1349 per
951 1281 1224 1333 hominem
1258 1279 1420 1332 etiam
1452 1276 1559 1329 vita
1591 1276 1746 1329 nobis
1771 1277 1894 1328 data
1927 1271 2100 1328 est".

2244 1275 2368 1327 ςεία·
2405 1272 2644 1327 ἐνταῦθα
2699 1272 2782 1330 δὲ.
2821 1268 3017 1337 ἐπειδὴ
3045 1267 3116 1322 δι’
3163 1263 3454 1336 ἀνθρώπου
3490 1263 3517 1315 6
3551 1260 3752 1320 θάνατος

523 1375 655 1427 Nam
691 1385 971 1441 peccatum
1019 1387 1124 1426 non
1168 1371 1306 1426 fecit
1361 1371 1623 1426 Dominus
1668 1387 1682 1423 :
1718 1367 1831 1422 Nec
1865 1369 2106 1421 iuventus

2245 1366 2468 1434 ἱσῆλθεν
2502 1367 2582 1426 είς
2610 1364 2702 1416 τὸν
2731 1364 2963 1431 κόσμον,
3005 1361 3074 1414 δι’
3130 1358 3428 1429 ἀνθρώπου
3479 1353 3568 1408 καὶ
3602 1353 3632 1422 ἡ
3661 1350 3755 1419 ζωὴ

522 1476 597 1520 est
626 1466 779 1520 dolus
809 1467 862 1520 in
886 1481 977 1519 ore
1007 1464 1120 1535 ejus
1154 1465 1220 1521 ”.
1425 1459 1428 1461 Α

2244 1459 2574 1529 παρεγένετο.
2620 1456 2930 1525 Ἀμαρτίαν
2962 1453 3070 1520 γὰρ
3094 1453 3196 1505 οὐκ
3220 1450 3477 1517 ἐποίησεν
3505 1447 3533 1500 6
3559 1444 3753 1514 Κύριος·

2218 1553 2367 1607 Οἱ·ὄέ
2405 1551 2620 1619 εὑρέθη
2647 1549 2830 1613 δόλος
2851 1546 2920 1599 ἐν
2943 1544 3022 1611 τῷ
3049 1546 3304 1614 στόματι
3335 1539 3542 1596 αὑτοῦ.

599 1644 840 1699 Exaltari
873 1652 1083 1714 oportet
1114 1641 1312 1696 Filium
1355 1641 1614 1696 hominis.
1654 1640 1788 1695 Cum
1819 1638 2108 1694 exultatio-

530 1754 646 1792 nem
689 1737 962 1818 audimus,
1023 1735 1436 1804 suspensionem
1471 1735 1522 1790 in
1567 1749 1729 1788 cruce
1768 1734 1950 1786 animo
1978 1747 2110 1786 cou-

2294 1638 2606 1716 ’Υψωθῆναι
2633 1643 2712 1695 δεῖ
2740 1643 2832 1694 τὸν
2855 1640 2984 1694 Υἰδν
3008 1637 3103 1692 τοῦ
3131 1627 3761 1708 ἀνθρώπου.”Υψωθῆναι

2216 1739 2534 1801 ἀκούοντες,
2561 1737 2703 1790 νοεῖν
2735 1734 2836 1805 μὲν
2857 1733 3151 1803 ὀφείλομεν
3176 1732 3237 1784 τδ
3268 1727 3636 1800 κρεμασθῆναι
3654 1739 3667 1753 ⁶
3693 1721 3760 1789 ἐφ’

531 1813 815 1898 cipiamns.
840 1824 975 1879 Nam
1027 1826 1078 1880 iu
1139 1825 1250 1879 alto
1293 1825 1551 1894 pependit.
1602 1823 1854 1876 Salvator
1901 1832 2109 1885 noster,

2244 1836 2385 1900 νέφους
2421 1830 2533 1900 γὰρ
2569 1825 2887 1900 ἐκρεμάσθη
2926 1828 2954 1878 6
2991 1823 3182 1893 Σωτὴρ
3218 1821 3417 1892 ἡμῶν,
3450 1820 3538 1873 {va
3576 1815 3661 1870 καὶ
3687 1813 3762 1865 τὶν

533 1929 591 1972 ιιι
620 1927 672 1971 et
709 1933 888 1971 aerem
925 1916 1314 1982 sanctiﬁcaret,
1362 1917 1453 1984 qui
1487 1927 1685 1970 terram
1737 1914 2116 1969 sanctilicave-

529 2019 640 2074 rat,
677 2009 729 2085 in
763 2007 852 2061 illa
885 2017 938 2061 et
975 2022 1072 2077 per
1125 2008 1272 2062 illam
1302 2006 1653 2061 ambulando.
1710 2006 1848 2072 Quin
1899 2017 1953 2060 et
1999 2020 2118 2060 ver-

531 2099 664 2154 bum
723 2099 1012 2169 gloriﬁcari
1084 2099 1418 2168 perpendere
1476 2107 1712 2168 oportet.
1768 2096 1915 2152 Crux
1974 2097 2118 2152 enim

539 2207 665 2248 vere
701 2192 902 2246 Christi
935 2191 1193 2245 exultatio
1220 2201 1273 2246 et
1313 2191 1482 2261 gloria
1527 2189 1672 2247 fuit:
1730 2206 1851 2244 nam
1889 2189 1942 2244 in
2013 2205 2120 2259 qua

533 2285 801 2340 Dominus
843 2283 1125 2338 videbatur
1155 2287 1465 2346 damnatus,
1502 2285 1553 2338 in
1597 2298 1660 2337 ca
1720 2283 1882 2351 hujus
1933 2285 2120 2336 mumli

542 2376 836 2446 principem
856 2374 1150 2429 damnavit.
1182 2375 1249 2427 Et
1275 2376 1375 2428 hoc
1405 2381 1508 2438 est,
1534 2376 1674 2442 quod
1705 2373 1901 2427 Paulus
1929 2373 2121 2428 docet:

545 2467 874 2536 Exspolians
909 2466 1238 2534 principatus
1271 2475 1318 2519 et
1346 2474 1654 2534 potestates.
1677 2467 1912 2518 traduxit
1957 2465 2123 2532 con/i-

530 2558 727 2612 tdeutcr
760 2559 1088 2624 triumphans
1121 2557 1242 2609 illo:
1293 2558 1346 2610 in
1419 2557 1773 2624 seligelipso”.
1832 2554 2126 2618 Nimirum,

543 2651 688 2720 quod
728 2650 848 2703 dico
875 2649 1184 2716 hujusmodi
1210 2663 1224 2700 :
1247 2649 1486 2702 Adamus
1519 2649 1709 2702 merito
1745 2659 1985 2702 mortuus
2009 2659 2084 2701 est
2111 2665 2126 2702 :

541 2752 866 2809 peccaverat
906 2741 1070 2792 enim.
1091 2737 1240 2808 Ergo
1283 2755 1457 2808 usque
1480 2740 1546 2793 ad
1575 2739 1784 2793 Domini
1816 2738 2128 2793 cruciﬁxit)-

556 2848 702 2896 ncm,
771 2844 920 2883 mors
969 2828 1396 2883 dominationem
1456 2828 1510 2881 in
1567 2829 1814 2883 homines
1865 2831 2130 2881 exercuit.

544 2916 845 2992 Postquam
878 2936 1007 2974 vero
1041 2919 1303 2972 Dominus
1336 2922 1402 2971 ab
1427 2921 1572 2971 omni
1622 2920 1774 2988 culpa
1834 2921 1969 2974 liber
2011 2919 2131 2982 fuit,

547 3015 629 3068 nil
660 3015 713 3067 in
743 3029 867 3066 eum
911 3012 1052 3081 juris
1083 3011 1298 3063 diabolo
1341 3011 1588 3063 relictum
1629 3023 1737 3074 est,
1768 3022 1818 3065 ut
1847 3028 1970 3064 eum
2007 3013 2132 3065 neci

2219 1923 2359 1991 ἀέρα
2395 1924 2620 1990 ἁγιάσῃ,
2676 1919 2705 1970 6
2739 1917 2848 1984 τὴν,
2869 1915 2973 1984 γῆν
3001 1913 3240 1982 ἁγιάσας
3275 1911 3362 1964 διὰ
3392 1908 3486 1962 τοῦ
3519 1905 3600 1960 ἐπ’
3623 1903 3765 1970 αὐτῆς

2222 2012 2619 2086 περιπατῆσαι·
2649 2010 2793 2063 νοεῖν
2821 2008 2906 2062 δεῖ
2935 2006 3032 2061 καὶ
3059 2006 3120 2058 τὸ
3148 2001 3542 2071 δοξασθῆναιο
3571 1995 3768 2062 καὶγὰρ

2219 2106 2390 2168 ὅντως
2421 2103 2584 2172 ὕψος
2614 2101 2712 2154 καὶ
2743 2099 2897 2163 δόξα
2925 2097 3021 2152 τοῦ
3059 2094 3302 2168 Χριστοῦ
3336 2094 3556 2163 γέγονεν
3580 2091 3606 2142 6
3635 2103 3772 2140 σταν-

2226 2196 2316 2266 ρός
2343 2209 2358 2224 ·
2401 2195 2459 2247 ὲν
2495 2185 2539 2261 ᾧ
2581 2192 2690 2262 γάρ
2731 2190 2909 2243 ἐδόκει
2951 2187 3359 2258 κατακριθῆναι
3398 2183 3427 2238 6
3469 2181 3691 2251 Κύριοςο
3727 2176 3772 2227 ὲν

2225 2287 2400 2358 τούτῳ
2433 2287 2726 2354 κατέκρινε
2755 2282 2849 2336 τὸν
2883 2283 3049 2352 ἄρχον
3077 2278 3173 2333 τοῦ
3210 2279 3420 2345 κόσμου
3454 2273 3656 2327 τούτου.
3685 2267 3775 2323 Kal.

2227 2379 2382 2433 τοῦτό
2431 2380 2548 2432 ἐστι
2601 2377 2628 2430 6
2679 2391 2816 2446 φησι
2867 2371 3126 2436 Παῦλος·
3166 2366 3651 2435 Ἀποδυσάμενος
3690 2362 3776 2423 τὰς

2225 2472 2418 2541 ἀρχὰς
2453 2471 2554 2523 καὶ
2587 2465 2881 2532 ἐξουσίας
2901 2481 2916 2495 ⁸
2953 2463 3380 2534 ἐδειγμάτισεν
3410 2461 3478 2514 ἐν
3508 2453 3780 2524 παῤῥησίᾳ

2231 2561 2633 2631 θριαμϐεύσας
2655 2557 2848 2622 αὑτὰς
2870 2557 2942 2610 ἐν
2963 2555 3146 2620 αὐτῷ.
3171 2551 3301 2608 Οἷὸν
3323 2572 3372 2607 τι
3394 2552 3534 2619 λέγω
3554 2565 3566 2576 ·
3589 2549 3616 2600 6
3637 2543 3779 2610 ’A6‘ap

2230 2653 2457 2715 δικαίως
2485 2651 2758 2704 ἀπέθανεν
2786 2665 2798 2677 ·
2828 2649 3078 2719 ἥμαρτεν
3102 2647 3210 2716 γάρ
3239 2662 3253 2678 ⁸
3289 2646 3450 2717 μέχρι
3481 2642 3575 2712 μὲν
3597 2633 3679 2692 οὖν
3700 2634 3777 2697 τῆς

2231 2744 2326 2795 τοῦ
2361 2741 2568 2812 Κυρίου
2599 2739 2982 2811 σταυρώσεως,
3013 2737 3240 2800 δικαίως
3272 2733 3671 2802 κατεκράτησεν
3694 2723 3782 2777 τῶν

2234 2833 2540 2902 ἀνθρώπων
2573 2834 2600 2884 6
2638 2833 2905 2892 θάνατος·
2942 2830 3066 2880 ἐπεὶ
3102 2827 3159 2880 δὲ
3201 2827 3585 2895 ἀναμάρτητος
3614 2817 3782 2888 εὑρέθη

2235 2928 2262 2978 6
2295 2923 2499 2990 Κύριος
2525 2963 2540 2986 ,
2583 2921 2643 2975 τὸ
2684 2921 2869 2973 λοιπὸν
2911 2919 3011 2972 οὐκ
3053 2913 3201 2988 εἶχεν
3245 2915 3335 2968 ἐπ’
3361 2913 3510 2984 αὑτῷ
3547 2911 3733 2964 δίκαιον
3765 2905 3788 2954 ό

2237 3013 2484 3076 διάϐολος
2521 3013 2607 3066 ἵνα
2645 3011 2936 3081 θανατὼσῃ
2977 3009 3143 3062 αὐτόν
3170 3024 3184 3037 ο
3221 3006 3367 3060 ὥστε
3403 3002 3584 3073 ἐπειδὴ
3616 3000 3789 3056 ἀδίκως

547 3109 730 3159 daret.
777 3103 1042 3169 Qquirca
1076 3117 1200 3155 cum
1245 3103 1444 3171 injuste
1471 3114 1789 3172 peremptus
1819 3102 2006 3167 fuerit,
2045 3108 2138 3157 de-

2244 3112 2410 3162 ὲθανα
2422 3107 2584 3178 τώθη,
2616 3107 2836 3175 ἐνίκησε
2864 3105 2956 3156 τὸν
2987 3101 3386 3156 θανατώσαντα
3417 3097 3582 3158 αὐτὴν
3611 3091 3694 3148 καὶ
3716 3088 3792 3142 οὖα

555 3199 713 3250 vicit:
750 3206 804 3249 et
858 3197 959 3248 hac
1013 3196 1225 3248 ratione
1265 3195 1530 3247 Adamuin
1577 3209 1606 3247 a
1659 3205 1854 3259 morte,
1899 3210 2020 3264 qua:
2060 3197 2135 3259 ei,

551 3298 820 3358 tanquam
865 3286 1342 3358 peccatori,juste
1405 3287 1548 3341 illata
1603 3288 1797 3352 fuerat,
1863 3287 2137 3342 liberavit.

626 3383 697 3435 Et
726 3392 784 3436 ut
831 3396 917 3434 res
941 3381 1140 3434 clarior
1165 3381 1380 3442 evadat,
1427 3381 1676 3446 exemplo
1755 3379 2141 3433 declarabitur.

557 3473 650 3528 Sit
689 3473 952 3527 violentus
1005 3472 1276 3541 quispiam
1343 3482 1630 3541 tyrannus,
1669 3473 1759 3540 qui
1791 3488 1985 3526 omnes
2018 3487 2146 3526 snas

559 3567 616 3620 in
649 3581 846 3619 tnanns
876 3563 1130 3633 delapsos
1181 3565 1491 3618 innumeris
1559 3565 1718 3618 malis
1777 3563 2022 3617 alliciat:
2061 3564 2148 3616 hic

558 3659 610 3714 si
643 3657 1102 3725 comprehensum
1151 3671 1352 3725 regem,
1383 3666 1477 3708 aut
1537 3655 1679 3723 regis
1728 3655 1896 3707 lilium
1950 3655 2151 3723 injuste

560 3753 882 3813 interﬁciat,
916 3750 1031 3802 heri
1088 3758 1286 3817 potest,
1324 3757 1384 3800 ut
1419 3761 1566 3801 mors
1598 3747 1744 3801 illius
1801 3747 1964 3800 etiam
2031 3745 2152 3801 aliis

562 3843 846 3907 oppressis
892 3852 1049 3907 opem
1102 3853 1166 3891 ac
1218 3837 1524 3891 subsidium
1593 3840 1755 3890 lerat.
1798 3837 2020 3904 lterum,
2084 3839 2154 3891 sit

564 3930 869 3985 "(inuentor
900 3929 1171 3996 quispiam
1239 3927 1419 3981 {tenus
1491 3942 1804 3996 reposcens,
1883 3931 2155 3982 debitores

569 4025 820 4075 Verberat
861 4035 926 4073 at:
975 4021 1027 4072 in
1084 4019 1296 4072 vincula
1350 4021 1645 4074 detrudat:
1709 4019 1907 4076 deinde
1963 4019 2154 4074 eadem

567 4111 739 4166 animi
772 4111 1090 4180 impotentia
1148 4125 1292 4175 eum,
1327 4110 1419 4179 qui
1479 4112 1611 4164 nihil
1684 4113 1891 4178 debet,
1960 4112 2153 4166 iisdem

577 4205 752 4272 poenis
793 4201 1009 4265 multet,
1061 4217 1125 4254 ac
1189 4205 1239 4254 in
1307 4218 1580 4256 carcerem
1647 4203 2000 4272 emnpingat:
2071 4204 2158 4257 hic

576 4305 726 4345 Certe.
760 4307 950 4362 pinnas
975 4294 1128 4346 dabit
1172 4308 1390 4357 eorum,
1445 4309 1564 4361 quae
1605 4295 1657 4347 in
1717 4295 1854 4348 alios
1917 4295 2159 4350 admisit.

575 4383 872 4436 lnterliciet
900 4383 1044 4436 enim
1109 4386 1286 4446 illum.
1347 4396 1606 4453 tanquam
1659 4385 1864 4452 injuste
1919 4389 2159 4456 punitus,

2241 3217 2348 3260 τως
2383 3198 2719 3266 ὲλευθέρωσε
2756 3197 2846 3249 τὸν
2881 3195 3052 3264 Ἀδὰμ
3088 3195 3152 3246 ὲκ
3185 3191 3279 3246 τοῦ
3321 3193 3584 3252 Θανάτου,
3615 3181 3702 3238 τοῦ
3731 3181 3793 3234 δι-

2245 3290 2418 3352 καίως
2449 3289 2778 3358 ἐπαχθέντος
2810 3287 2980 3356 αὐτῷ,
3015 3287 3088 3350 ὡς
3123 3286 3537 3357 ἁμαρτήσαντι.

2314 3379 2437 3435 Ἰνα
2488 3380 2545 3432 δὲ
2596 3379 2691 3432 καὶ
2747 3381 3082 3449 σαφέστερον
3126 3376 3183 3451 ᾖ,
3236 3380 3335 3430 ἐπὶ
3389 3370 3796 3446 παραδείγματος

2247 3473 2378 3527 αὐτὶ
2405 3473 2724 3542 ποιήσωμεν
2749 3471 3198 3542 φάνερον.Ἔστω
3225 3486 3317 3532 τις
3351 3469 3524 3540 βίαιος
3550 3464 3802 3533 τύραννος,

2252 3566 2460 3627 πάντας
2495 3564 2622 3626 τοὺς
2664 3564 3046 3630 ἐμπίπτοντας
3079 3562 3162 3626 είς
3194 3561 3292 3631 τὴν
3330 3559 3496 3614 αὑτοῦ
3531 3557 3682 3628 χεῖρα
3713 3563 3803 3620 μυ-

2257 3659 2392 3728 ρίοις
2422 3655 2768 3725 περιϐάλλων
2792 3657 2982 3718 κακοῖς
3003 3669 3019 3685 ⁶
3047 3647 3201 3716 οὗτος
3227 3654 3329 3708 ὲάν
3356 3671 3419 3707 σν
3429 3649 3644 3724 μόαλὼν
3669 3645 3804 3717 βασι·

2253 3751 2336 3802 λεῖ
2366 3749 2400 3820 ἢ
2436 3749 2536 3817 υίῷ
2572 3747 2839 3818 βασιλέως
2869 3746 3038 3819 ἀνέλῃ
3069 3745 3231 3799 αὑτὸν
3261 3748 3365 3798 καὶ
3397 3742 3680 3810 θανατώσῃ
3706 3732 3806 3790 ἀδί-

2256 3860 2367 3907 κως
2391 3882 2406 3904 ,
2441 3843 2470 3894 6
2504 3841 2717 3893 ἐκείνου
2755 3839 2987 3901 θάνατος
3021 3839 3120 3892 καὶ
3151 3839 3279 3900 τοὺς
3319 3839 3513 3902 ἄλλους
3552 3830 3808 3899 ἐκδικῆσαι

2256 3935 2543 4002 δυνήσεται
2569 3947 2582 3960 ·
2620 3932 2714 3984 καὶ
2749 3930 2912 3984 πάλιν
2949 3931 3091 3982 ἔστω
3122 3947 3206 3992 τις
3241 3930 3536 4000 δανειστὴς
3570 3925 3810 3983 ἁπαιτῶν,

2259 4025 2358 4077 καὶ
2385 4023 2657 4086 τυπτέτω,
2689 4021 2782 4075 καὶ
2813 4023 2893 4084 είς
2924 4020 3303 4090 δεσμωτήριον
3339 4020 3650 4092 ἐμϐαλλέτω
3671 4033 3685 4049 ο
3712 4011 3812 4068 εἶτα

2261 4118 2326 4167 ἐκ
2357 4115 2458 4183 τῆς
2495 4114 2662 4184 αὐτῆς
2697 4114 2952 4176 ὑπονοίας
2987 4113 3082 4166 καὶ
3111 4113 3204 4166 τὸν
3235 4112 3393 4167 οὐδὲν
3422 4113 3697 4184 ὀφείλοντα
3725 4108 3812 4160 ὑπ’)

2261 4206 2362 4276 τὴν
2395 4205 2566 4276 αὐτὴν
2601 4206 2828 4275 εἱρκτὴν
2863 4203 2961 4258 καὶ
2994 4205 3269 4276 τιμωρίαν
3305 4207 3521 4274 ἀγέτω,
3554 4199 3700 4264 οὗτος
3735 4196 3816 4251 καὶ

2262 4292 2338 4350 ὣν
2368 4299 2447 4361 είς
2477 4299 2600 4359 τοὺς
2632 4296 2833 4359 ἄλλους
2861 4295 3112 4366 ἐποίησε,
3141 4295 3305 4349 δώσει.
3331 4296 3493 4367 δίκην
3513 4313 3528 4327 ο
3555 4292 3816 4362 ἀναιρήσει

2266 4391 2374 4461 γὰρ
2411 4389 2506 4442 καὶ
2539 4387 2794 4458 φονεύσει
2829 4389 2993 4442 αὑτέιν
3026 4390 3234 4450 ἐκεῖνος
3269 4387 3344 4450 ὼς
3379 4390 3580 4451 ἀδίκως
3610 4387 3820 4453 δεσμευ-

577 4478 742 4543 inque
768 4489 1046 4528 Carcet'em
1081 4477 1382 4545 conjectus.
1446 4477 1558 4530 lloc
1584 4488 1638 4530 et
1669 4477 1722 4531 in
1771 4477 1992 4533 Christo
2038 4495 2138 4534 eve

2265 4481 2376 4545 θεὶς
2418 4483 2514 4534 καὶ
2551 4481 2910 4551 τιμωρηθείς.
2978 4480 3152 4534 Τοῦτο
3197 4482 3294 4534 καὶ
3335 4484 3429 4535 ἐπὶ
3471 4481 3564 4534 τοῦ
3607 4471 3821 4549 Χριστοῦ

577 4581 691 4622 nit:
737 4583 858 4620 nam
916 4585 1104 4622 eorum
1157 4571 1446 4632 malorum,
1497 4570 1694 4636 quibus
1750 4586 1852 4626 nos
1915 4573 2162 4627 diabolus

578 4665 816 4733 punivit,
859 4679 1048 4734 pt‘euas
1080 4665 1200 4727 luit,
1239 4667 1456 4734 quando
1484 4667 1760 4720 Christum
1803 4667 2022 4734 aggredi
2058 4683 2161 4720 non

581 4756 910 4809 lormidavit.
999 4756 1314 4812 l‘rostralus
1367 4759 1536 4819 enim,
1599 4761 1840 4824 dejrcms
1894 4768 1948 4810 et
1995 4761 2166 4812 'crure

578 4847 781 4900 Christi
817 4857 1002 4914 captus
1047 4856 1156 4900 est.

655 4940 770 4990 Duo
802 4947 977 5002 erant,
1020 4940 1219 5007 quibus
1251 4952 1421 5005 genus
1481 4939 1778 4993 lmmanum
1847 4944 2162 5006 tenebatur,

583 5031 831 5098 voluptas
861 5045 926 5082 ac
961 5031 1204 5084 tristitia.
1252 5029 1348 5084 llis
1382 5030 1596 5084 duolms
1626 5031 1911 5087 Dominum
1949 5050 2169 5103 aggres-

584 5138 698 5185 sus,
725 5123 1006 5174 immotqu
1071 5121 1413 5189 invitumque
1445 5133 1667 5192 repet-It.
1695 5124 1759 5177 Et
1783 5126 2015 5194 primum
2047 5130 2168 5197 qui-

586 5217 709 5265 dem
739 5213 790 5264 in
824 5222 1006 5265 monte
1033 5210 1328 5280 voluptatis
1354 5211 1605 5267 illecebra
1633 5229 1755 5268 eum
1793 5218 2041 5280 tentavit,
2075 5219 2166 5270 sed

587 5320 712 5357 cum
745 5303 1017 5355 incassum
1057 5303 1200 5355 hanc
1247 5302 1552 5357 machinam
1605 5304 1849 5360 adhiberi
1896 5320 2166 5367 cerneret.

589 5397 655 5448 ad
686 5394 987 5454 tristitiam,
1017 5391 1174 5459 longe
1206 5393 1522 5448 validiorem
1553 5397 1822 5463 balistam,
1847 5415 1907 5453 se
1938 5415 2167 5455 coiiver-

591 5488 678 5553 tit,
717 5495 774 5538 ut
809 5483 892 5538 vel
925 5484 1028 5537 hac
1072 5485 1284 5542 ratione
1318 5486 1386 5542 de
1442 5487 1660 5546 Christo
1734 5492 2021 5547 victoriam
2081 5509 2167 5547 re-

593 5578 779 5630 ferret.
837 5575 967 5626 Eum
1005 5577 1056 5628 In
1086 5576 1249 5632 linem
1281 5595 1468 5636 omnes
1491 5598 1519 5634 a
1552 5583 1766 5639 diabolo
1795 5595 1980 5638 contra
2014 5585 2170 5639 Chri-

2269 4575 2492 4643 γέγονεν
2514 4589 2526 4603 ·
2560 4567 2634 4628 ὧν
2667 4575 2774 4642 γὰρ
2809 4574 2887 4636 είς
2925 4573 3072 4642 ἡμᾶς
3129 4573 3389 4642 ἐποίησεν
3422 4577 3450 4628 6
3481 4571 3740 4632 διάϐολος,
3767 4560 3824 4618 δι’

2270 4663 2344 4720 ὧν
2371 4668 2449 4730 είς
2475 4669 2566 4719 τὸν
2592 4667 2826 4736 Χριστὸν
2878 4666 3170 4736 ἐτόλμησε,
3198 4667 3402 4720 δέδωκε
3429 4667 3584 4728 δίκας
3603 4681 3616 4695 ·
3642 4659 3827 4728 καιτήρ⁴

2273 4778 2438 4831 γηται
2473 4759 2583 4829 γὰρ
2619 4762 2712 4813 καὶ
2748 4759 3062 4829 κατεϐλήθη
3116 4759 3192 4830 τῷ
3227 4759 3452 4830 σταυρῷ
3483 4759 3576 4812 τοῦ
3610 4749 3826 4826 Χριστοῦ

2274 4858 2364 4908 καί
2395 4855 2740 4922 αἰχμάλωτος
2773 4854 2985 4919 γέγονε.

2347 4943 2456 4996 Καὶ
2489 4943 2664 5004 ἄλλως
2697 4942 2754 4995 δὲ
2785 4943 2876 4994 δύο
2909 4939 3050 5012 ἦσαν
3080 4943 3149 4994 τὰ
3181 4941 3490 5012 κρατοῦιτα
3520 4937 3610 4993 τοῦ
3643 4935 3830 5003 ἀνθρω·

2273 5037 2432 5088 πίνου
2469 5035 2661 5103 γένους
2683 5073 2698 5094 ,
2737 5033 2896 5104 ἡδονὴ
2931 5037 3027 5088 καὶ
3060 5035 3229 5104 λύπη.
3289 5037 3390 5088 Διὰ
3437 5033 3642 5087 τούτων
3671 5028 3832 5082 τοίνυν

2273 5129 2380 5181 τῶν
2412 5126 2505 5180 δύο
2545 5125 2714 5179 ἐλθὼν
2747 5128 2775 5179 6
2820 5125 3024 5196 Κύριος
3065 5129 3336 5197 ἀήττητος
3377 5125 3581 5194 εὑρέθη
3614 5122 3702 5174 καὶ
3731 5117 3836 5170 ἀνί-

2278 5235 2465 5288 κητος-
2503 5217 2816 5287 Προσέὅαλε
2851 5217 2960 5288 γάρ
2993 5219 3144 5287 αὑτῷ
3179 5219 3453 5290 πρότερον
3485 5221 3543 5270 ὲν
3572 5215 3648 5286 τῷ
3679 5211 3784 5282 ὅρει
3811 5207 3836 5256 ὁ

2276 5311 2556 5382 πειράζων
2581 5310 2800 5380 ἡδονῆς,
2828 5310 3006 5381 εὑρὼν
3025 5311 3084 5364 δὲ
3105 5311 3311 5380 ταύτην
3333 5311 3612 5364 ἀνάλωτον
3635 5305 3838 5372 ὕστερον

2275 5407 2336 5456 τὸ
2371 5403 2514 5472 μέγα
2553 5403 2855 5473 μηχάνημα
2887 5403 2986 5474 τὴν
3017 5402 3196 5472 λύπην
3226 5405 3602 5473 προσήγαγεν,
3630 5398 3714 5453 ἶνα
3745 5396 3836 5445 xiv

2277 5495 2364 5546 6t:lt
2391 5495 2595 5564 ταύτης
2634 5495 2902 5562 κρατήσει
2937 5492 3105 5548 αὐτοῦ
3131 5511 3142 5523 ·
3178 5495 3274 5548 καὶ
3305 5494 3394 5547 διὰ
3423 5493 3614 5547 τούτου
3647 5488 3838 5544 πάντας

2278 5586 2425 5640 κατά
2455 5585 2549 5638 τοῦ
2586 5586 2825 5655 Χριστοῦ
2864 5587 3230 5658 παρεκίνησεν
3261 5587 3288 5640 6
3322 5585 3518 5657 ἐχθρὸς
3549 5582 3642 5638 καὶ
3673 5575 3839 5634 διάδο-

669 5756 710 5785 ”
745 5759 900 5813 liam.
939 5776 987 5826 ν,
1016 5759 1099 5816 12.
1180 5761 1220 5795 ’⁸
1250 5762 1352 5817 Isa.
1388 5779 1502 5829 LIII,
1536 5764 1604 5830 9;
1651 5765 1664 5819 l
1702 5764 1848 5820 Petr.
1889 5779 1954 5828 II,
1985 5764 2073 5819 22.

2244 5765 2447 5822 ζξοιοδε.
2481 5779 2541 5824 II.
2565 5765 2650 5820 15.

3877 394 3879 408 l
