4016 6468
553 353 664 419 267

1483 354 1810 420 IOANNIS
1842 354 2151 417 CALEC/E
2186 355 2296 417 (ΣΡ.
2326 354 2833 419 ΡΑΤΒΙΑΒΟΗᾹΞ

3672 361 3761 425 268

546 462 704 523 ’γαάδ
725 477 841 536 post
877 486 978 534 me,
1009 468 1214 524 Solatia
1238 483 1258 524 .°
1281 466 1593 521 scandalum
1621 467 1750 521 mihi
1781 484 1857 531 es,
1879 467 2007 537 quia
2025 482 2115 519 non

2228 464 2469 518 ἐνταῦθα
2493 463 2736 529 τοιοῦτος
2763 464 3036 534 φαίνεται.
3091 461 3207 519 Καὶ
3252 464 3401 533 ἔλεγε
3432 464 3506 537 τῷ
3536 467 3760 543 Χριστῷο

547 562 692 624 sapis
752 576 814 612 ea
848 573 965 629 qum
1002 557 1103 612 Dei
1156 566 1304 619 sunt,
1346 555 1438 610 sed
1494 572 1557 610 ea
1606 571 1724 625 qua
1781 555 2048 609 hominum
2077 553 2119 610 ⁵.

550 653 840 721 Propterea
874 649 1105 706 accersit
1168 634 1407 704 Petrum
1438 649 1693 704 Christus
1717 689 1732 710 ,
1783 657 1837 701 et
1868 646 2122 700 omnibus

548 746 890 799 amiientibus
926 745 989 797 ad
1025 744 1198 811 ipsum
1244 743 1549 796 orationem
1618 741 1814 812 majori
1867 756 1932 792 ex
1965 748 2119 806 parte

548 836 817 891 convertit
852 852 866 889 :
897 835 976 888 Tu
1009 835 1255 901 quidem,
1290 851 1324 887 υ
1356 832 1542 896 Petre,
1605 832 1858 899 inerepas
1889 839 1942 883 et
1975 844 2119 899 pro-

550 928 726 989 hibes,
771 936 824 979 et
858 926 1073 979 incusas
1107 924 1385 991 tum-quod
1422 937 1639 977 crucem
1673 924 1817 977 volo.
1848 933 1900 974 et
1928 930 2120 972 contu-

548 1016 826 1067 tueliosam
855 1024 1081 1067 mortem
1114 1012 1290 1081 deligo
1312 1030 1325 1077 ;
1350 1021 1405 1065 at
1428 1025 1528 1080 ego
1546 1011 1669 1065 dico
1702 1010 1819 1075 tibi,
1843 1024 2017 1077 neque
2046 1019 2118 1073 te,

547 1123 721 1175 neque
749 1121 1076 1177 quemquam
1129 1104 1291 1157 alium
1335 1104 1605 1157 salvatum
1647 1103 1735 1166 iri,
1771 1102 1871 1155 nisi
1917 1104 2125 1155 moria-

541 1208 632 1253 tur
667 1215 763 1268 pro
822 1204 1051 1253 honesto
1085 1193 1140 1251 εἰ
1184 1198 1415 1249 veritate
1444 1195 1756 1261 etjustilia.
1813 1192 1954 1247 Mors
1978 1194 2123 1246 enim

2229 556 2444 622 Ἵλεώς
2486 573 2607 622 σοι,
2638 558 2837 625 Κύριε,
2860 558 2934 611 οὐ
2963 556 3051 626 μὴ
3094 556 3269 611 ἔσται
3297 572 3397 613 σοι
3421 559 3609 616 τοῦτο.
3646 563 3767 619 Ὀδέ

2228 649 2463 718 Χριστὸς
2489 647 2642 703 εἶπεν
2677 651 2828 720 αὐτῷ
2848 665 2861 680 ·
2889 651 3111 721 Ὕπαγε
3134 651 3330 711 ὀπίσω
3347 669 3488 721 μου,
3533 655 3764 724 Σατανᾶ,

2226 740 2727 812 σκάνδαλόνθμου
2775 739 2851 801 εἶ.
2880 743 2971 797 ὅτι
3001 746 3074 799 οὐ
3097 744 3339 814 φρονεῖς
3367 745 3440 800 τὰ
3468 746 3572 800 τοῦ
3610 748 3766 809 Θεοῦ.

2225 834 2389 888 ἀλλὰ
2409 834 2480 888 τὰ
2512 832 2628 888 τῶν
2674 835 3028 903 ἀνθρώπων.
3074 838 3175 892 Διά
3204 837 3377 892 ταῦτα
3414 839 3770 909 προσκαλεῖται

2228 927 2323 979 τὸν
2355 927 2562 998 Πέτρον
2588 932 2615 981 6
2639 930 2900 999 Χριστὸς,
2938 930 3035 984 καὶ
3068 931 3127 982 ἐν
3174 930 3395 1001 ἐπηκόῳ
3424 931 3630 985 πάντων
3657 931 3773 1001 πρὸς

2231 1017 2395 1071 αὐτὸν
2442 1020 2501 1072 τὸ
2551 1021 2711 1075 πλέον
2760 1021 3185 1091 ἀποτεινόμενος
3234 1023 3406 1092 λέγει’
3470 1023 3540 1077 Σὺ
3587 1023 3696 1094 μὲν,
3735 1016 3773 1075 ὦ

2236 1110 2433 1178 Πέτρε,
2476 1112 2737 1185 ἐπιτιμᾷς
2765 1114 2861 1166 καὶ
2897 1112 3128 1179 κωλύεις
3185 1113 3282 1167 καὶ
3335 1122 3527 1186 μέμφῃ
3557 1131 3662 1184 μοι,
3702 1114 3773 1167 ὃτι

2236 1201 2471 1271 σταυρὸν
2506 1201 2664 1265 θέλω,
2712 1203 2807 1257 καὶ
2834 1204 3100 1275 αἱροῦμαι
3126 1202 3219 1256 τὸν
3248 1205 3604 1259 ἐπονείδιστον
3632 1204 3768 1259 θάνα-

541 1302 638 1357 pro
674 1286 878 1353 jnStitia
906 1285 1053 1339 obita
1084 1282 1264 1340 socios
1296 1290 1465 1337 noset
1500 1280 1738 1337 lmredes
1773 1281 1922 1352 regni
1961 1280 2115 1335 ecclo-

2232 1308 2326 1345 τον
2347 1308 2362 1323 ο
2409 1293 2520 1361 ἐγὼ
2550 1294 2608 1347 δέ
2647 1295 2792 1365 λέγω
2840 1312 2922 1350 σοι
2953 1297 3037 1351 ὅτι
3062 1297 3186 1351 οὐδὲ
3220 1298 3308 1362 σὺ,
3367 1296 3486 1350 οὐδὲ
3536 1295 3681 1358 ἀλλος
3700 1312 3773 1359 τις

542 1398 660 1434 rum
697 1381 890 1435 eilicit.

2234 1380 2563 1453 σωθήσεται,
2593 1384 2689 1438 ἐὰν
2712 1385 2789 1457 μὴ
2820 1386 3068 1457 ἀποθάνῃ
3096 1387 3236 1457 ὑπὲρ
3263 1386 3355 1440 τοῦ
3385 1383 3551 1440 καλοῦ
3578 1387 3663 1440 καὶ
3691 1385 3772 1455 τῆς

536 1474 795 1541 ἀληθείας
829 1474 925 1527 καὶ
956 1473 1055 1540 τῆς
1088 1469 1462 1541 δικαιοσύνης.
1503 1467 1564 1522 '0
1618 1468 1730 1539 γὰρ
1767 1467 1908 1539 ὑπὲρ
1958 1469 2307 1538 δικαιοσύνης
2380 1475 2614 1532 θάνατος
2678 1478 2972 1541 κοινωνοὺς
3024 1481 3175 1549 ἡμᾶς
3258 1478 3356 1533 καὶ
3440 1478 3774 1550 κληρονόμους

534 1569 636 1636 τῆς
671 1567 951 1637 βασιλείας
982 1565 1092 1619 τῶν
1118 1563 1367 1634 οὐρανῶν
1402 1562 1811 1617 ἀποδείκνυσιν.

626 1659 742 1713 Non
790 1669 972 1712 autem
1030 1657 1170 1710 dixit
1206 1655 1460 1710 Christus
1539 1655 1722 1709 :Sive
1771 1655 2114 1720 velitis,sive

536 1751 721 1804 nolitis
754 1752 855 1804 hoc
889 1748 1069 1804 facere
1122 1756 1177 1801 et
1227 1747 1376 1817 pati,
1431 1748 1555 1801 dico
1609 1748 1806 1812 vobis,
1859 1757 1914 1802 et
1963 1763 2119 1818 cogo,

2292 1661 2408 1714 Οὐκ
2439 1657 2561 1714 εἷπε
2590 1660 2647 1715 δὲ
2673 1663 2700 1715 6
2721 1662 2956 1733 Χριστὸς
2987 1661 3092 1729 ὅτι,
3117 1663 3236 1717 Κᾶν
3277 1661 3565 1733 βούλησθε,
3601 1660 3693 1713 κᾶν
3709 1658 3773 1729 μὴ

2231 1753 2498 1825 βούλησθε
2527 1758 2751 1821 ποιῆσαι
2781 1755 2943 1809 τοῦτο
2971 1756 3066 1810 καὶ
3093 1755 3314 1821 παθεῖν,
3342 1755 3490 1822 λέγω
3520 1755 3664 1822 ὑμῖν,
3692 1751 3772 1803 καὶ

541 1855 597 1898 ιιι
633 1858 719 1897 me
737 1840 1041 1911 sequamini
1069 1861 1081 1896 :
1113 1840 1231 1902 sed,
1264 1837 1321 1893 Si
1350 1839 1466 1907 quis
1495 1838 1625 1900 vult,
1661 1845 1715 1893 et
1742 1849 1934 1909 sponte
1959 1840 2115 1893 venit.

2234 1845 2531 1915 ἀναγκάζω
2575 1845 2941 1917 ἀκολουθῆσαί
2977 1864 3092 1918 μοι,
3114 1845 3252 1909 ἀλλ’,
3287 1845 3363 1901 El
3393 1861 3484 1911 τις
3521 1841 3671 1899 θέλει
3697 1840 3773 1892 καὶ

536 1935 631 1989 ille
664 1936 829 1989 etiam
876 1944 1154 2001 sequatur.
1208 1930 1327 1986 Non
1373 1930 1518 1986 enim
1575 1932 1919 1999 tyrannidem
1970 1945 2115 1985 exer.

2235 1938 2372 2009 μετά
2402 1939 2777 2008 προαιρέσεως
2802 1938 3046 2012 ἔρχεται,
3074 1940 3286 2002 ἐκεῖνος
3305 1940 3394 1992 καὶ
3419 1934 3772 1992 ἀκολουθείτω.

539 2041 655 2089 reo.
715 2039 890 2095 neque
939 2025 1047 2078 vim
1090 2022 1294 2089 aﬂ‘ero,
1353 2024 1447 2077 sed
1515 2022 1813 2091 quemlibet
1863 2023 1944 2076 sui
1988 2022 2115 2092 juris

2231 2025 2306 2080 Οὐ
2336 2026 2445 2095 γὰρ
2481 2044 2542 2079 τυ
2553 2028 2748 2095 ραννῶ,
2770 2029 2958 2098 φησὶν,
2978 2028 3100 2081 οὐδέ
3125 2027 3408 2099 βιάζομαι,
3435 2025 3551 2080 ἀλλ’
3569 2026 3772 2078 ἕκαστον

533 2134 655 2172 esse
685 2119 828 2171 sino.
860 2118 939 2171 Ad
974 2117 1112 2170 bona
1147 2118 1293 2170 enim
1328 2129 1467 2170 voco
1496 2115 1745 2169 homines
1791 2122 1850 2169 ut
1879 2115 2115 2180 veniant,

2229 2117 2424 2189 κύριον
2454 2119 2661 2189 ἀφίημι
2692 2119 2795 2189 τῆς
2831 2121 3001 2174 αὐτοῦ
3028 2121 3429 2192 προαιρέσεως.
3471 2117 3593 2174 Ἐπὶ
3617 2115 3776 2184 ἀγαθά

532 2215 597 2265 ad
620 2227 842 2278 regnum
868 2209 1128 2264 malorum
1148 2218 1436 2273 aeternum,
1459 2207 1525 2261 ad
1546 2207 1771 2261 delicias
1791 2218 2081 2277 perpetuas
2109 2250 2115 2274 ,

2227 2210 2339 2280 γὰρ
2385 2210 2537 2264 καλῶ
2583 2212 2713 2275 τοὺς
2760 2210 3088 2283 ἀνθρώπους
3144 2212 3351 2278 ἐλθεῖν,
3387 2212 3482 2265 ἐπὶ
3524 2206 3775 2280 βασιλείαν

532 2305 849 2375 adquictem
876 2303 1268 2358 continentem.
1306 2301 1363 2355 Si
1396 2300 1520 2370 quis
1552 2315 1683 2370 ergo
1706 2301 1840 2368 vult,
1876 2300 1991 2354 sive
2041 2301 2115 2355 vir

2226 2301 2475 2372 οὐρανῶν
2522 2302 2906 2372 ἀτελεύτητον,
2941 2304 3036 2357 ἐπὶ
3058 2304 3275 2375 τρυφὴν
3304 2302 3660 2363 ἀκατάλυτον,
3697 2297 3776 2350 ἐπὶ

532 2398 879 2459 sive-femina,
905 2397 1018 2451 sive
1038 2410 1239 2464 pauper
1267 2394 1383 2448 sive
1419 2394 1590 2456 dives,
1612 2394 1728 2447 sive
1773 2392 2115 2462 magistratus

2227 2393 2539 2447 ἀνάπαυσιν
2567 2393 2812 2462 διηνεκῆ.
2844 2393 2912 2447 El
2936 2411 3022 2458 τις
3051 2394 3144 2448 οῦν
3175 2394 3347 2460 θέλει,
3380 2394 3490 2447 είτε
3517 2391 3648 2461 ἀνὴρ
3682 2388 3775 2441 είτε

468 2514 471 2519 ·
528 2493 647 2544 sive
684 2489 955 2552 subditus,
994 2489 1132 2542 hanc
1155 2488 1494 2558 ingrediatur
1522 2485 1836 2554 praeclaram
1872 2487 2037 2551 viam,
2070 2493 2115 2540 et

2229 2486 2389 2555 γυνὴ,
2423 2484 2536 2538 εἴτε
2587 2484 2759 2553 πένης
2809 2487 2921 2538 είτε
2973 2485 3255 2550 πλούσιος,
3290 2486 3406 2539 εἴτε
3446 2482 3624 2556 ἄρχων
3680 2478 3773 2532 εἴτε

530 2591 785 2650 sequatur
813 2596 917 2635 mc.
943 2580 999 2634 Si
1034 2579 1153 2650 quis
1185 2587 1361 2632 autem
1386 2592 1493 2632 non
1533 2576 1666 2640 vult,
1687 2592 1753 2631 ne
1776 2576 1970 2646 dignus
2008 2578 2126 2646 qui-

528 2679 648 2725 dem
668 2673 865 2741 est,qui
890 2686 975 2727 me
992 2680 1269 2740 sequatur.
1288 2668 1539 2723 Liberum
1560 2655 1848 2723 consilium
1870 2667 2126 2737 relinquit

528 2764 601 2820 iis
643 2765 734 2833 qui
785 2765 978 2817 volunt
1030 2778 1153 2817 eum
1212 2760 1390 2828 sequi.
1418 2758 1550 2813 Nam
1583 2761 1674 2830 qui
1722 2761 1888 2829 cogit,
1924 2761 2124 2813 avertit

529 2872 675 2927 sa'pe
693 2871 788 2911 eos
835 2872 973 2925 quos
1005 2856 1187 2925 cogit;
1244 2855 1336 2924 qui
1374 2869 1502 2909 vero
1547 2855 1829 2909 aud.tores
1862 2868 1961 2908 suo
1988 2868 2115 2907 cou-

2224 2851 2428 2921 Κύριος
2471 2854 2585 2915 τοῖς
2633 2851 2982 2922 βουλομένοις
3017 2851 3338 2906 ἀκολουθεῖν
3371 2850 3538 2920 αὐτῷ.
3580 2846 3717 2901 Ἐπεὶ
3747 2842 3772 2894 6

530 2952 652 3006 sitio
713 2949 1003 3019 permittit,
1063 2949 1237 3017 magis
1267 2961 1363 3003 eos
1446 2946 1691 3000 attrahit.
1745 2945 1999 3009 Idcirco,
2061 2943 2115 2997 Si

2225 2943 2327 3013 μὲν
2357 2941 2682 3013 βιαζόμενος
2724 2944 3030 3014 ἀποτρέπει
3070 2943 3358 3011 πολλάκις,
3390 2942 3482 3005 οὓς
3512 2941 3576 2995 ἂν
3609 2936 3775 3008 ﬁt“?

531 3043 655 3112 quis
716 3040 851 3106 vult,
885 3039 1113 3109 inquit:
1169 3053 1362 3108 magna
1393 3038 1538 3092 enim
1594 3045 1727 3090 sunt
1784 3038 1950 3101 bona,
1999 3050 2115 3104 qum

2222 3051 2351 3089 ταιο
2412 3038 2440 3090 6
2486 3034 2543 3088 δέ
2598 3037 2763 3105 ἀφεὶς
2812 3039 2941 3100 τοὺς
2992 3037 3299 3100 ἀκούοντας
3330 3038 3412 3099 είς
3458 3033 3557 3105 τὴν
3592 3029 3774 3085 τούτων

536 3135 693 3188 nobis
731 3134 888 3187 oilcrt
919 3130 1199 3196 Dominus,
1232 3146 1295 3185 ac
1346 3130 1499 3195 talia,
1559 3139 1617 3181 ut
1650 3128 1894 3183 volentes
1927 3142 2115 3182 accur-

2224 3130 2568 3200 προαίρεσιν,
2627 3131 2830 3201 μᾶλλον
2880 3129 3171 3199 ἐφέλκεται
3202 3131 3454 3195 τούτους.
3490 3125 3587 3180 Διά
3615 3120 3772 3180 τοῦτον

538 3243 658 3283 rere
687 3242 784 3280 nos
813 3227 1025 3289 doceat,
1062 3236 1237 3293 neque
1282 3237 1487 3277 moram
1536 3222 1900 3289 interponere.
1930 3220 2115 3289 Neque

2222 3222 2288 3275 Et
2336 3240 2422 3285 τις
2473 3223 2640 3286 θέλει,
2679 3224 2833 3294 φησί.
2873 3223 3106 3293 Μεγάλα
3153 3224 3265 3295 γάρ
3322 3226 3464 3276 εἰσιν
3509 3217 3700 3288 ἀγαθὰ,
3744 3210 3776 3266 ἃ

532 3319 678 3374 enim
714 3321 759 3373 si
792 3319 915 3386 quis
961 3331 1152 3369 aurum
1185 3315 1360 3375 daret,
1413 3322 1467 3368 et
1509 3314 1828 3367 thesaurum
1884 3308 2112 3377 0puleu-

2222 3314 2456 3386 παρέχει
2508 3317 2643 3385 ἡμῖν
2690 3320 2718 3370 6
2774 3316 3077 3386 Δεσπότης,
3140 3316 3236 3370 καὶ
3260 3314 3491 3371 ⁶τοιαῦτα
3534 3311 3665 3365 ὥστε
3694 3305 3776 3359 καὶ

534 3419 646 3464 tum
700 3417 1049 3479 preponeret,
1103 3422 1197 3476 per
1237 3406 1347 3458 vim
1395 3412 1727 3458 accerseret.
1773 3399 1976 3467 Quodsi
2045 3400 2110 3453 ad

2222 3409 2524 3478 ἐπιτρέχειν
2573 3409 2799 3472 ἑκόντας
2856 3411 3029 3481 ἡμᾶς,
3089 3409 3185 3462 καὶ
3232 3410 3314 3481 μὴ
3378 3400 3770 3463 ἀναϐάλλεσθαι.

531 3502 619 3555 illa
672 3499 983 3553 transitoria
1055 3506 1110 3552 et
1183 3494 1563 3564 corruptibilia
1644 3508 1751 3548 non
1825 3506 1924 3562 per
1997 3492 2105 3546 vim

2222 3500 2351 3553 Οὐδὲ
2377 3501 2507 3571 γὰρ,
2538 3499 2593 3551 εί
2615 3518 2697 3565 τις
2727 3504 2950 3571 χρυσίον
2977 3500 3169 3564 ἐδίδου,
3199 3503 3299 3555 καί⁵
3321 3498 3597 3569 θησαυρὸν
3625 3505 3774 3563 προι-

529 3591 757 3647 vocandi
815 3605 1032 3656 smnus,
1085 3588 1179 3643 sed
1241 3588 1592 3658 indignamur
1644 3585 1872 3654 insuper
1922 3582 1969 3637 si
2006 3598 2113 3637 non

2222 3591 2353 3645 τίθει
2384 3592 2704 3659 πολύολϐον,
2744 3594 2887 3661 μετά
2915 3594 3035 3665 βίας
3066 3594 3335 3648 ἐκάλεσεν
3357 3594 3444 3649 ἀν.
3476 3592 3542 3646 El
3573 3588 3627 3642 δέ
3656 3584 3777 3651 πρὸς

526 3699 787 3740 vocemur
821 3698 836 3735 :
873 3682 1046 3735 multo
1098 3684 1272 3750 magis
1303 3678 1371 3733 ad
1423 3675 1669 3732 cmlestia
1723 3678 1863 3733 bona
1898 3676 2115 3730 immor-

2222 3685 2403 3737 ἐκεῖνα
2438 3687 2506 3737 τά
2548 3687 2940 3756 παρερχόμενα
2986 3689 3083 3739 καὶ
3132 3685 3497 3758 φθειρόμενα,
3550 3682 3606 3735 οὐ
3653 3674 3775 3749 μιτά

528 3777 655 3832 talia
702 3785 758 3830 et
810 3783 1017 3829 aeterna
1073 3771 1407 3826 contendere
1480 3769 1762 3834 debemus,
1821 3778 1875 3821 et
1921 3778 2115 3839 sponte

2222 3776 2360 3847 βίας,
2393 3777 2529 3830 ἀλλά
2560 3779 2653 3830 καὶ
2674 3778 3100 3849 δυσχεραίνομεν
3130 3777 3206 3848 μὴ
3236 3777 3593 3846 καλούμενοι,
3615 3765 3775 3835 πολλῷ

531 3871 741 3924 venire.
771 3867 883 3921 Nisi
917 3866 1063 3921 enim
1101 3865 1263 3919 nobis
1291 3864 1405 3934 ipsa
1442 3864 1519 3917 rei
1562 3874 1756 3916 natura
1785 3861 2111 3931 persuadeat

2222 3868 2420 3937 μᾶλλον
2454 3868 2550 3921 ἐπὶ
2591 3870 2659 3921 τά
2693 3870 2749 3922 ἐν
2795 3871 3045 3940 οὐρανοῖς
3076 3869 3265 3939 ἀγαθά
3298 3871 3371 3925 τά
3400 3870 3650 3939 ἀκήρατα
3695 3859 3777 3915 καὶ

527 3973 591 4017 ιιι
623 3975 982 4015 accurramus
1032 3959 1097 4012 ad
1140 3973 1263 4013 vera
1297 3966 1350 4012 et
1379 3955 1640 4011 salutaria
1675 3955 1838 4018 bona,
1873 3970 1938 4008 ue
1968 3954 2109 4009 acci-

2222 3960 2413 4014 αίὼνια
2447 3959 2774 4026 σπουδάζειν
2797 3963 3107 4032 ὀφείλομεν,
3137 3967 3237 4018 καὶ
3257 3964 3403 4034 μετά
3424 3959 3777 4032 προαιρέσεως

528 4068 656 4124 pere
711 4053 932 4122 quidem
982 4050 1125 4120 digni
1178 4063 1408 4114 sumus;
1457 4045 1540 4103 sin
1598 4046 1930 4116 accipiamus
1983 4059 2105 4099 cum

2222 4047 2495 4120 ἔρχεσθαι.
2534 4052 2594 4104 El
2631 4052 2707 4122 μὴ
2736 4052 2845 4123 γὰρ
2876 4052 3013 4123 αὐτὴ
3048 4054 3082 4123 ἡ
3130 4048 3225 4105 τοῦ
3282 4053 3605 4123 πράγματος
3631 4042 3775 4113 φύσις

529 4146 861 4201 necessitate
891 4152 946 4198 et
977 4142 1052 4209 vi,
1091 4158 1197 4197 non
1231 4149 1549 4196 constanter
1578 4155 1639 4192 ea
1694 4135 2100 4192 custodiemus.

2222 4140 2401 4195 πείθει
2449 4144 2601 4213 ἡμᾶς
2635 4145 3010 4216 προσδραμεῖν
3040 4148 3123 4209 είς
3171 4144 3241 4199 τὰ
3275 4145 3454 4209 ὅντως
3486 4137 3663 4211 ἀγαθὰ
3693 4132 3775 4186 καὶ

531 4237 799 4307 σωτήρια,
828 4234 950 4288 οὐδέ
993 4234 1180 4288 λαϐεῖν
1218 4236 1387 4305 ἐσμεν
1427 4231 1605 4296 ἀξιοιο
1656 4230 1723 4284 ἂν
1762 4230 1821 4283 δὲ
1849 4230 2109 4300 λάϐωμεν
2150 4231 2269 4303 μετ’
2299 4235 2545 4307 ἀνάγκης
2576 4238 2673 4291 καὶ
2708 4237 2852 4308 βίας,
2896 4239 2958 4292 οὐ
3013 4238 3250 4311 βεϐαίως
3318 4237 3497 4293 ταῦτα
3559 4226 3776 4304 φυλάξει·

574 4350 653 4385 εν.

530 4350 653 4401 μεν.

610 4425 721 4480 llac
771 4425 837 4478 de
880 4436 1043 4478 causa
1094 4436 1199 4475 non
1233 4423 1377 4490 cogit
1426 4418 1703 4484 Christus,
1742 4418 1837 4473 sed
1894 4420 1940 4471 si
1990 4419 2111 4487 quis

2289 4420 2388 4474 Διά
2422 4419 2580 4474 τοῦτο
2610 4419 2709 4472 οὐκ
2741 4418 3042 4487 ἀναγκάζει
3101 4419 3130 4472 6
3182 4418 3451 4488 Χριστὸς,
3474 4414 3589 4470 ἀλλ’
3616 4412 3668 4466 εί
3701 4421 3778 4468 τις

2225 2576 2552 2646 ἀρχόμενος,
2613 2576 2818 2645 ταύτην
2867 2577 3112 2647 ἐρχέσθω
3168 2576 3271 2648 τὴν
3322 2575 3493 2646 καλὴν
3540 2574 3653 2627 ὁδον
3695 2568 3774 2621 καὶ

2225 2666 2594 2720 ἀκολουθείτω
2621 2685 2733 2738 μοι.
2755 2667 2827 2722 Εἴ
2847 2685 2931 2732 τις
2954 2668 3014 2721 δὲ
3033 2668 3095 2721 οὐ
3122 2666 3297 2734 θέλει,
3327 2665 3451 2721 οὐδέ
3479 2664 3622 2729 ἄξιός
3643 2663 3774 2713 ἐστιν

2223 2757 2597 2828 ἀκολουθῆσαί
2637 2775 2751 2828 μοι.
2773 2759 3290 2828 Ἀκατανάγκαστον
3314 2760 3461 2812 ποιεῖ
3484 2755 3570 2811 τὸν
3590 2753 3730 2820 λόγον
3750 2750 3775 2802 ὁ

532 4519 650 4573 vult
677 4518 852 4585 sequi,
879 4529 1004 4569 eum
1052 4524 1231 4580 vocat,
1281 4528 1516 4582 eumque
1551 4513 1806 4565 admittit.
1845 4509 1909 4566 Si
1939 4511 2117 4565 value-

535 4612 677 4677 iitis,
723 4609 920 4678 inquit,
969 4616 1019 4662 et
1064 4606 1344 4660 audieritis
1392 4620 1493 4659 me.
1530 4604 1684 4659 Prius
1735 4613 1819 4657 est
1866 4602 2011 4669 velle,
2059 4614 2115 4659 et

538 4715 650 4759 tum
690 4705 906 4758 demum
934 4701 1147 4755 audire.
1181 4698 1277 4752 Sin
1313 4698 1687 4760 uoluerimus,
1722 4711 1895 4767 neque
1926 4699 2116 4752 atnlire

538 4798 860 4868 poterimus.
895 4793 1103 4850 Omnes
1136 4791 1279 4844 enim
1331 4791 1546 4845 virtutis
1578 4799 1632 4844 et
1662 4790 1779 4845 vitii
1811 4790 2112 4845 functiones

535 4891 588 4944 in
634 4888 915 4943 voluntate
967 4898 1154 4940 nostra
1215 4885 1334 4939 sitae
1388 4892 1537 4938 sunt.
1598 4880 1763 4954 Sequi
1815 4884 1982 4954 igitur
2028 4893 2113 4939 est

532 4981 757 5034 credere
797 4979 850 5032 itt
889 4978 1039 5032 illum
1110 4977 1287 5045 ipsum
1338 4983 1622 5030 vocantem
1670 4989 1790 5042 nos,
1823 4975 2108 5031 Dominum

534 5071 716 5128 Jesuut
779 5071 1087 5124 Christum.
1148 5065 1283 5120 Illud
1335 5080 1530 5136 porro,
1577 5076 1694 5134 post
1748 5082 1848 5131 me,
1908 5068 2114 5122 iudicat

535 5166 919 5219 mandatorum
970 5160 1088 5226 eius
1121 5158 1528 5213 exsecutionem
1564 5166 1619 5213 et
1646 5158 2109 5214 observationem.

533 5256 650 5312 Hoc
695 5256 838 5311 enim
895 5262 980 5307 est
1024 5251 1305 5306 Christum
1360 5267 1547 5307 revera
1598 5254 1770 5321 sequi,
1807 5267 1913 5307 non
1948 5251 2111 5306 modo

534 5348 759 5402 credere
792 5347 844 5398 in
875 5358 1022 5405 eum,
1058 5343 1151 5396 sed
1182 5342 1346 5396 etiam
1381 5357 1476 5412 pro
1513 5345 1629 5412 ipso
1651 5344 1784 5413 pati,
1819 5352 1873 5398 et
1900 5343 2111 5397 caeteris

531 5438 831 5493 virtutibus
858 5449 1080 5507 operam
1108 5448 1329 5490 navare.
1356 5433 1520 5489 Suam
1559 5437 1754 5492 deinde
1772 5437 1949 5490 vitam
1981 5434 2103 5490 Sal-

533 5537 695 5583 vator
722 5537 908 5581 noster
961 5524 1157 5580 statuit
1203 5528 1483 5597 exemplar
1515 5539 1570 5582 et
1604 5526 1833 5583 formam
1884 5527 2106 5597 optima:

532 5620 680 5684 vitaz,
715 5616 783 5672 iis
826 5617 919 5688 qui
962 5616 1150 5672 volunt
1190 5618 1239 5674 ei
1272 5620 1674 5689 obtemperare.
1716 5619 1847 5674 Eam
1881 5620 1951 5674 ob
1988 5634 2102 5674 rem

600 5799 623 5832 ⁵
656 5796 853 5858 Matth.
885 5817 1000 5869 xvt,
1041 5803 1132 5872 τε,
1174 5804 1268 5859 25.

2220 4513 2473 4583 βούλεται
2503 4512 2838 4575 ἀκολουθεῖν,
2870 4511 3057 4565 τοῦτον
3089 4510 3266 4573 καλεῖ,
3296 4516 3389 4566 καὶ
3414 4508 3601 4564 τοῦτον
3622 4515 3774 4574 προσ·

2216 4606 2451 4677 δέχεται.
2514 4605 2657 4660 Ἐὰν
2700 4604 2948 4672 θέλητε,
3000 4605 3154 4673 φησι,
3210 4606 3311 4659 καὶ
3364 4598 3665 4667 ἀκούσητέ
3686 4608 3774 4663 με.

2217 4700 2491 4770 Πρότερον
2529 4701 2648 4751 ἐστι
2688 4696 2968 4766 θελῆσαι,
3006 4696 3101 4749 καὶ
3148 4697 3271 4749 τότε
3315 4692 3690 4750 εισακοῦσαι.
3717 4681 3774 4737 Εἰ

2215 4792 2274 4846 δέ
2303 4793 2364 4844 οὐ
2404 4790 2733 4861 θελήσομεν,
2764 4788 2886 4842 οὐδδ
2917 4787 3236 4842 εἰσακοῦσαι
3276 4785 3578 4857 δυνάμεθα.
3605 4781 3776 4836 Πάντα

2216 4885 2325 4956 γὰρ
2363 4885 2432 4938 τὰ
2473 4884 2572 4952 τῆς
2599 4882 2801 4953 ἀρετῆς
2848 4881 3072 4951 καὶτῆς
3113 4878 3315 4941 κακίας
3378 4880 3438 4931 ἐν
3482 4878 3546 4946 τῇ
3597 4885 3773 4943 προαι-

2217 4980 2365 5049 ρέσει
2405 4976 2562 5049 ἡμῶν
2590 4977 2789 5031 κεῖται.
2833 4975 2907 5027 Τὸ
2963 4973 3063 5043 μὲν
3098 4968 3194 5026 οῦν
3227 4970 3551 5026 ἀκολουθεῐν
3585 4970 3696 5020 ἐστι
3721 4959 3774 5013 τὸ

2213 5071 2495 5127 πιστεύειν
2557 5072 2635 5131 εἰς
2698 5069 2860 5123 αὐτὸν
2920 5067 3013 5120 τὸν
3062 5066 3338 5119 καλοῦντα
3387 5065 3538 5135 ἡμᾶς
3587 5059 3775 5126 Κύριον

2226 5161 2437 5233 Ἰησοῦν
2474 5163 2731 5232 Χριστόν.
2764 5159 2838 5212 Τὸ
2862 5158 2935 5224 δέ,
2962 5158 3155 5212 ὀπίσω
3187 5173 3333 5226 μου,
3376 5155 3530 5226 δηλοῖ
3556 5151 3649 5222 τὴν
3675 5146 3773 5200 τῶν

2213 5254 2447 5307 ἐντολῶν
2472 5253 2639 5308 αὐτοῦ
2661 5254 2927 5323 ἐργασίαν
2950 5251 3046 5305 καὶ
3070 5251 3324 5321 τήρησιν.
3355 5249 3527 5303 Τοῦτο
3544 5246 3650 5316 γάρ
3668 5244 3773 5296 ἐστι

2211 5348 2273 5401 τὸ
2337 5348 2508 5411 δντως
2567 5347 2883 5401 ἀκολουθεῖν
2937 5346 3015 5415 τῷ
3077 5344 3324 5414 Χριστῷ.
3381 5345 3443 5396 τὸ
3498 5342 3573 5413 μὴ
3625 5336 3772 5409 μόνον

2216 5438 2496 5492 πιστεύειν
2534 5440 2612 5503 είς
2638 5439 2823 5503 αὐτὸν,
2853 5438 2990 5492 ἀλλά
3029 5440 3124 5491 καὶ
3156 5436 3298 5506 ὑπὲρ
3331 5434 3503 5489 αὐτοῦ
3533 5432 3770 5499 πάσχειν.

2214 5532 2311 5584 καὶ
2342 5533 2442 5601 τῆς
2486 5529 2653 5601 ἄλλης
2693 5532 2897 5602 ἀρετῆς
2934 5528 3335 5599 ἐπιμελεῖσθαι.
3370 5525 3477 5581 Τὸν
3503 5524 3694 5580 οίκεῖον
3721 5514 3772 5569 δέ

2215 5620 2331 5692 βίον
2363 5624 2391 5674 ὁ
2430 5622 2624 5695 Σωτὴρ
2655 5623 2812 5694 ἡμῶν
2844 5623 3041 5693 ἔθηκεν
3082 5620 3455 5693 ὑπογραμμὸν
3485 5617 3579 5673 καὶ
3616 5611 3773 5666 τύπον

2217 5884 2246 5903 Ὦ
