4016 6488
359 391 466 454 Ξίθ

1549 393 1836 454 ORATIO
1883 394 1962 453 ΙΝ
1996 393 2056 457 S.
2095 391 2421 453 CliUCEM.

3505 396 3610 460 9'0

357 507 640 570 πολιτείας
686 508 918 579 ἀρίστης
977 511 1089 572 τοῖς
1136 507 1383 564 θέλουσιν
1428 511 1578 580 αὐτῷ
1609 508 1924 564 ’πείθεσθαι

2045 511 2207 564 etiam
2244 511 2379 564 dixit
2409 527 2421 562 :
2456 507 2516 563 Si
2545 508 2662 578 quis
2703 509 2832 562 mihi
2863 509 3153 573 ministrat,
3187 525 3266 563 me
3293 523 3543 582 sequatur
3564 515 3609 568 ⁸.

355 604 454 656 Διά
483 601 643 654 τοῦτο
669 603 765 654 καὶ
801 603 1017 671 ἔλεγεν·
1056 603 1193 656 Ἐάν
1215 620 1306 668 τις
1334 602 1464 670 ἐμοὶ
1495 602 1769 670 διακονῇ.
1803 603 1932 670 ἐμοὶ

361 694 780 750 ἀκολουθείτω.
827 693 1213 764 ’Δκολοὺθησιν
1264 694 1410 761 λέγω
1460 693 1558 764 τὴν
1589 694 1796 763 ἀκριϐῆ
1827 692 1932 763 τῆς

370 785 428 835 ἒν
455 785 608 853 σαρκὶ
632 783 918 846 πολιτείας
953 784 1118 836 αὑτοῦ
1165 784 1306 836 κατά
1354 783 1414 836 τὸ
1448 783 1728 853 ἐγχωροῦν
1762 783 1933 853 μίμη-

372 891 469 930 σιν.
509 876 982 942 Ἀπαρνηι-ἀσθω
1009 874 1248 933 ἑαυτὸν.
1279 875 1375 928 καὶ
1401 875 1598 942 ἀράτω
1620 874 1728 928 τὸν
1751 891 1937 928 σταυ-

2041 603 2328 671 Seqnelam
2363 615 2498 655 voco
2559 615 2719 668 quam
2769 600 2884 655 fieri
2917 611 3096 668 potest
3143 606 3615 660 accnratissimam

2041 697 2162 747 vitae
2195 694 2310 760 ejus
2337 693 2730 748 imitationem.”
2776 693 3004 762 Abneget
3035 697 3374 764 semetipsum
3397 706 3445 750 et
3469 697 3620 750 ιοίίαι

2044 800 2252 837 crucem
2285 799 2463 846 suam,
2505 793 2554 836 et
2591 793 2842 853 sequatur
2877 801 2978 837 me.
3005 785 3130 838 Tria
3165 787 3321 846 dicit,
3346 787 3622 856 abnegare

2043 875 2305 942 seipsum,
2340 874 2533 926 tollere
2561 889 2777 927 crucem
2810 890 2986 938 suam,
3019 888 3074 930 et
3105 878 3282 943 sequi.

358 967 468 1034 ρὸν
489 967 698 1031 αὐτοῦ,
734 967 834 1021 καὶ
871 969 1272 1021 ἀκολουθείτω
1293 985 1417 1036 μοι.
1454 967 1592 1038 Τρία
1623 968 1732 1020 elei
1761 967 1830 1020 τὰ
1897 965 2185 1036 λεγόμενα,
2253 966 2312 1018 τὸ
2371 968 2796 1036 ἀπαρνήσασθαι
2853 968 3076 1033 ἑαυτὸν,
3158 970 3219 1022 τὺ
3305 965 3440 1041 ἆραι
3526 972 3621 1024 τὸν

363 1059 588 1128 σταυρὸν
621 1059 812 1122 αὑτοῦ,
851 1059 946 1112 καὶ
970 1060 1029 1112 τὸ
1069 1060 1457 1128 ἀκολουθῆσαι.

428 1151 500 1202 Τὸ
532 1150 723 1202 ἑαυτὸν
773 1152 1200 1220 ἀπαρνήσασθαι
1266 1154 1384 1204 ἐστι
1436 1153 1496 1203 τὸ
1541 1151 1784 1221 ἀνηλεῶς
1827 1154 1940 1215 τοῖς

357 1241 627 1303 κινδύνοις
669 1243 866 1296 ἑαυτὸν
904 1242 1180 1305 ἐκδοῦναι,
1228 1244 1324 1295 καὶ
1367 1242 1534 1312 μηδὲν
1582 1243 1728 1312 ἔχειν
1761 1243 1942 1296 κοινὸν

359 1335 498 1404 πρὸς
548 1335 759 1398 ἑαυτὸν,
810 1335 926 1388 ἀλλ’
958 1334 1148 1405 ὥσπερ
1178 1335 1341 1389 ἄλλου
1393 1335 1746 1405 πάσχοντος,
1799 1333 1944 1386 οὕτω

357 1427 919 1497 διακεῖσθαι.⁸Ὠσπερ
967 1429 1076 1498 γὰρ
1115 1428 1169 1481 εἴ
1215 1445 1298 1492 τις
1339 1428 1640 1498 ἀρνήσεται
1697 1427 1888 1496 ἕτερον
1914 1465 1930 1490 ,

360 1521 466 1572 κᾶν
499 1519 904 1588 μαστιζὸμενον
959 1520 1044 1592 ῖδῃ
1104 1519 1315 1583 τοῦτον,
1349 1519 1452 1573 κᾶν
1500 1518 1949 1588 στρεϐλούμενον,

358 1613 466 1665 κᾶν
516 1613 650 1682 πρὸς
687 1612 917 1665 θάνατον
968 1614 1336 1682 ἀπαγόμενον,
1392 1613 1454 1664 οὐ
1516 1612 1705 1682 βοηθεῖ
1755 1611 1928 1681 αὐτῷ,

355 1705 478 1758 οὐδὲ
509 1705 862 1774 παρίσταται,
901 1705 1022 1758 οὐδὲ
1060 1707 1260 1775 πάσχει
1295 1722 1347 1758 τι
1381 1705 1518 1776 πρὸς
1548 1706 1714 1760 αὐτόν
1741 1721 1754 1734 ⁸
1793 1704 1936 1757 οὕτω

2120 1145 2370 1214 Seipsnm
2404 1147 2675 1214 abnegare
2708 1155 2794 1200 est
2836 1147 2974 1200 citra
3035 1147 3440 1203 miserationem
3473 1151 3624 1216 peri-

2049 1240 2188 1294 culis
2226 1253 2287 1292 se
2316 1238 2576 1305 ohjicere.
2612 1238 2853 1306 nihilque
2883 1253 3066 1291 secum
3090 1240 3289 1293 habere
3313 1255 3624 1305 commune,

2053 1332 2148 1386 sed
2195 1331 2416 1398 perinde
2463 1329 2628 1392 allici,
2665 1345 2729 1384 ac
2762 1332 2804 1383 si
2838 1329 2977 1384 alius
3002 1329 3274 1399 quispiam
3318 1340 3625 1399 pateretur.

2049 1421 2291 1476 Utenim
2348 1420 2390 1473 si
2445 1420 2570 1487 quis
2627 1421 2791 1484 neget
2827 1419 3086 1482 alterunt,
3123 1421 3237 1472 sive
3266 1433 3390 1472 enm
3445 1421 3626 1491 ﬂagris

2052 1513 2184 1565 ozedi
2218 1511 2422 1574 videat,
2458 1513 2571 1564 sive
2607 1512 2874 1578 t0tqtteri,
2900 1513 3016 1564 sive
3045 1512 3110 1563 ad
3144 1523 3374 1566 mortem
3405 1515 3621 1576 abduci,

2044 1620 2149 1659 non
2191 1603 2484 1656 auxiliatur
2519 1605 2591 1668 ei,
2631 1618 2736 1656 non
2767 1603 3088 1671 Opitulatnr,
3125 1620 3230 1656 non
3270 1605 3626 1658 miseratione

2043 1709 2170 1762 erga
2225 1695 2376 1746 illum
2424 1703 2720 1747 movetur:
2754 1693 2826 1747 ita
2871 1693 2987 1746 vult
3043 1709 3142 1747 nos
3189 1709 3410 1763 quoque
3460 1694 3624 1754 Dens,

361 1795 503 1848 θέλει
554 1795 648 1848 καὶ
703 1796 851 1866 ἡμᾶς
904 1798 932 1849 ὀ
969 1797 1136 1860 Θεὸς,
1197 1797 1302 1851 κᾶν
1349 1799 1770 1867 μαστιζὼμεθα,
1834 1797 1924 1850 κᾶι

2044 1789 2161 1843 sive
2190 1785 2378 1855 ﬂagris
2395 1776 2690 1848 caedantur,
2726 1785 2840 1838 sive
2867 1800 3119 1850 uramur,
3160 1785 3275 1838 sive
3305 1786 3624 1847 moriamur,

358 1886 662 1949 καιὼμεθα,
695 1889 800 1940 κᾶν
837 1889 1296 1958 ἀποθνήσκωμεν,
1341 1891 1414 1961 μὴ
1455 1891 1756 1958 φείδεσθαι,
1795 1889 1933 1959 μηδὲ

360 1978 534 2030 ἐλεεῖν
558 1977 818 2040 ἑαυτούς’
850 1979 967 2030 ἀλλ’
997 1978 1184 2050 ὥσπερ
1218 1981 1292 2048 μὴ
1331 1980 1479 2049 ἔχειν
1510 1998 1565 2034 τι
1606 1981 1788 2034 κοινὸν
1831 1981 1931 2050 τὴν

358 2069 534 2138 ψυχὴν
567 2069 701 2139 πρὸς
731 2073 792 2122 τὸ
827 2071 1011 2139 σῶμα,
1049 2071 1194 2125 οὕτω
1239 2073 1550 2127 διακεῖσθαι
1599 2076 1695 2126 καὶ
1729 2072 1936 2125 ἐκδιδό-

354 2177 443 2212 ναι
479 2159 640 2214 αὑτὸν
667 2162 780 2220 τοῖς
813 2159 1082 2222 κινδύνοις
1137 2161 1232 2213 καὶ
1258 2161 1378 2224 ταῖς
1422 2161 1612 2224 ἄλλαις
1636 2161 1936 2230 τιμωρίαις

357 2250 500 2320 ὑπὲρ
547 2251 645 2318 τῆς
677 2251 966 2320 ὁμολογίας
995 2251 1089 2305 τοῦ
1133 2252 1396 2322 Χριστοῦ,
1443 2253 1538 2306 καὶ
1575 2252 1677 2320 τῆς
1726 2252 1934 2305 δικαιο-

357 2341 546 2409 σύνης,
577 2341 668 2392 καὶ
708 2341 804 2403 τῆς
839 2341 1118 2411 ἀληθείας.
1158 2341 1428 2412 Ἀρνησίς
1467 2345 1616 2396 ἐστιν
1648 2343 1843 2396 ἑαυτοῦ
1898 2345 1931 2412 ἡ

361 2433 630 2501 παντελὴς
657 2433 767 2485 τῶν
797 2433 1174 2502 παρελθόντων
1198 2434 1356 2504 λήθη,
1384 2435 1418 2503 ἡ
1448 2435 1797 2506 ἀναχώρησις
1825 2435 1934 2488 τῶν

355 2525 572 2578 οἰκείων
628 2525 975 2594 θελημάτων,
1027 2527 1062 2594 ὴ
1101 2527 1370 2596 νέκρωσις
1415 2526 1526 2579 τῶν
1563 2528 1742 2594 μελῶν
1772 2527 1932 2597 ὴμῶν

352 2617 460 2668 τῶν
497 2617 586 2669 ἐπὶ
639 2617 739 2685 τῆς
792 2618 918 2687 γῆς,
971 2619 1166 2671 καὶτὸ
1211 2619 1652 2689 ἐπιθυμητικῶς,
1713 2621 1811 2672 καὶ
1864 2620 1925 2672 τὸ

353 2704 584 2773 ἑτοίμως
615 2704 920 2759 διακεῖσθαι
966 2707 1102 2776 πρὸς
1147 2709 1327 2760 πάντα
1360 2709 1603 2762 κίνδυνον
1638 2712 1733 2763 καὶ
1759 2710 1925 2764 θάνα-

350 2812 442 2848 τον
466 2797 552 2848 τὸν
574 2794 713 2868 ὑπὲρ
737 2797 1000 2866 Χριστοῦ.
1035 2798 1092 2852 Ἀ
1103 2800 1310 2868 ρνεῖταί
1332 2817 1418 2864 τις
1439 2801 1651 2865 ἑαυτὸν,
1682 2803 1814 2854 ὅταν
1837 2802 1928 2854 τὸν

351 2887 487 2939 ἴδιον
539 2887 680 2959 βίον,
707 2890 973 2960 πρότερον
1021 2891 1160 2944 κστά
1206 2891 1406 2944 κακίαν
1438 2893 1826 2963 γεγενημένον,
1859 2895 1925 2964 τῇ

346 2977 612 3048 ἀξιολόγῳ
679 2980 937 3048 μετανοίᾳ
999 2982 1092 3034 καὶ
1157 2983 1428 3054 μεταϐολῇ
1484 2975 1926 3056 ὲπιστρὲψηκαὶ

346 3068 734 3138 διορθώσηται.
760 3065 886 3125 Οἷον
915 3072 944 3123 ὀ
975 3073 1144 3126 πάλαι
1176 3074 1482 3138 ἀκόλαστος
1506 3076 1754 3147 ἀρνεῖται
1785 3080 1918 3130 ἐαυ-

346 3161 441 3210 τὶν
489 3159 805 3226 ἀκολαστον,
851 3165 1242 3234 σωφρονήσας·
1304 3166 1402 3218 καὶ
1431 3169 1459 3218 ό
1509 3170 1677 3221 πάλαι
1730 3170 1918 3232 ἄδικος
1948 3143 1990 3200 C

344 3252 592 3321 ἀρνεῖται
614 3254 806 3307 ἑαυτὸν
833 3255 1036 3318 ἄδικον,
1069 3256 1550 3330 δικαιοπραγήσας
1569 3276 1584 3293 ο
1614 3261 1710 3313 καὶ
1734 3262 1922 3316 ἁπλῶς

2043 1893 2148 1931 non
2191 1891 2420 1946 parcere
2455 1877 2633 1939 nobis,
2692 1889 2869 1943 neque
2916 1875 3188 1934 misereri.
3243 1876 3339 1930 sed
3402 1878 3626 1944 perinde

2038 1969 2268 2024 affectos
2325 1983 2469 2032 esse,
2507 1983 2573 2020 ac
2623 1968 2668 2019 si
2719 1968 2895 2019 anima
2931 1966 3006 2020 nil
3040 1983 3163 2020 cum
3204 1982 3434 2035 corpore
3471 1984 3623 2022 com-

2039 2076 2203 2114 mune
2265 2059 2534 2123 haberet;
2587 2073 2864 2126 exponere
2911 2072 2970 2112 se
3004 2059 3263 2126 periculis
3305 2061 3628 2130 catterisqne

2035 2155 2211 2224 pinnis
2252 2165 2349 2221 pro
2386 2151 2734 2205 confessione
2776 2150 3003 2212 Christi,
3034 2159 3088 2205 et
3131 2150 3357 2219 justitize
3386 2166 3451 2204 ac
3483 2154 3626 2205 veri-

2037 2247 2186 2300 tatis.
2218 2241 2445 2313 Negatio
2494 2244 2574 2295 sui
2601 2252 2686 2297 est
2712 2242 2949 2311 perfecta
2977 2244 3376 2310 praeteritorum
3399 2243 3622 2306 oblivio,

2035 2351 2386 2406 propriarum
2424 2335 2766 2388 voluntatum
2794 2335 3047 2398 remotio,
3083 2335 3434 2390 tnortil‘tcatio
3459 2349 3626 2388 mem-

2033 2430 2253 2484 brorum
2279 2439 2616 2491 nostrorum,
2641 2441 2766 2495 quae
2788 2435 2915 2480 sunt
2934 2439 3096 2494 super
3116 2435 3342 2492 terram,
3362 2420 3622 2496 cupidum

2031 2533 2085 2576 et
2115 2533 2423 2592 promptum
2447 2537 2567 2576 esse
2595 2521 2663 2575 ad
2693 2535 2854 2574 omne
2875 2521 3193 2582 discrimen,
3217 2523 3461 2590 adeoque
3480 2536 3625 2584 inor-

2031 2623 2137 2668 tem
2163 2630 2260 2685 pro
2282 2615 2525 2670 Christo.
2552 2613 2729 2682 Negat
2746 2613 3005 2682 seipsum,
3031 2617 3250 2682 quando
3275 2613 3437 2666 vitam
3468 2628 3622 2665 suam

2027 2723 2316 2775 perperam
2348 2718 2402 2764 et
2443 2709 2638 2762 vitiose
2678 2713 2987 2762 anteactam
3044 2706 3312 2776 condigna
3349 2706 3624 2774 pteniten-

2029 2805 2108 2859 tia
2151 2811 2205 2857 et
2227 2802 2528 2856 mutatione
2549 2799 2776 2868 corrigit
2819 2807 2980 2868 atque
2996 2799 3274 2852 emendat.
3296 2795 3366 2852 Ut
3382 2798 3480 2868 qui,
3493 2799 3621 2852 olim

2027 2895 2450 2966 intemperantia
2478 2893 2697 2947 deditus
2728 2902 2869 2957 erat,
2896 2899 3055 2959 negat
3077 2891 3319 2960 seipsum
3351 2891 3622 2958 intempec

2029 2989 2259 3046 rantem,
2294 2979 2338 3033 si
2369 2976 2784 3046 temperantiam
2808 2974 3171 3042 amplecmtur
3200 2991 3214 3027 :
3269 2984 3325 3028 et
3355 2975 3446 3044 qui
3473 2974 3620 3043 inju-

2032 3081 2155 3124 stus
2182 3081 2300 3124 erat
2328 3071 2481 3134 olim,
2521 3077 2682 3138 negat
2729 3067 2966 3134 seipsum
3001 3067 3287 3135 injustum,
3321 3067 3366 3122 si
3409 3069 3625 3122 studeat

2027 3164 2270 3228 institize.
2301 3162 2365 3214 Et
2395 3161 2446 3213 in
2488 3174 2721 3224 snmnta,
2757 3157 3048 3224 cujuslibet
3079 3160 3286 3227 peccati
3346 3157 3471 3228 fuga
3524 3174 3622 3214 ne-
3703 3197 3726 3220 .

2301 3201 2365 3214 υ.
2759 3201 3048 3224 “rm...”
3079 3201 3156 3227 ,μη

2021 3201 2173 3326 Jgalio
2207 3254 2288 3308 sui
2322 3262 2425 3316 est,
2455 3253 2660 3305 ducens
2688 3259 2809 3320 post
2845 3249 3156 3304 Christum.

343 3341 528 3409 πάσης
558 3344 830 3414 ἁμαρτίας
859 3347 1039 3419 ἀποχὴ
1062 3349 1292 3419 ἄρνησίς
1313 3354 1462 3404 ἐστιν
1519 3353 1743 3418 ἑαυτοῦ,
1773 3354 1950 3406 ὀπίσω
1993 3351 2235 3420 φέρουσα
2263 3345 2360 3398 τοῦ
2394 3342 2664 3415 Χριστοῦ.

417 3435 530 3489 Καὶ
562 3436 649 3490 ἴνα
701 3437 775 3508 μὴ
818 3439 1132 3512 νομίσωμεν
1186 3443 1268 3496 ὅτι
1321 3444 1513 3516 μέχρις
1569 3444 1782 3516 ὕϐρεως
1820 3448 1916 3500 καὶ

344 3527 569 3594 πληγῶν
617 3530 708 3582 καὶ
745 3529 1064 3602 ὀνειδισμῶν
1101 3533 1466 3604 ἀπαρνεῖσθαι
1519 3521 1856 3607 προστάσσει
1890 3542 1918 3591 ὀ

345 3616 572 3686 Κύριος,
609 3620 918 3692 προσέθηκε
940 3638 956 3654 ο
997 3625 1106 3678 Καὶ
1146 3624 1340 3693 ἀράτω
1377 3627 1486 3680 τὸν
1509 3630 1779 3695 σταυρὸν
1812 3630 1919 3682 αὐ-

345 3709 489 3763 τοῦ·
533 3711 710 3778 δηλῶν
761 3713 928 3783 μέχρι
962 3715 1130 3768 πόσου
1187 3718 1552 3788 ἀπαρνεῖσθαι
1603 3719 1917 3788 ὀφείλομεν,

352 3799 430 3853 ὅτι
465 3803 624 3874 μέχρι
655 3803 914 3870 θανάτου,
957 3809 1051 3859 καὶ
1082 3808 1316 3863 θανάτου
1370 3810 1774 3864 ἐπονειδίστου·
1825 3815 1922 3864 καὶ

355 3893 414 3946 οὐ
437 3895 594 3964 μόνον
620 3897 836 3968 τρυφῆς
866 3900 961 3952 καὶ
1001 3901 1160 3972 δόξης
1204 3907 1570 3974 καταφρονεῖν
1601 3905 1742 3974 ὑπὲρ
1782 3906 1919 3974 Χρι-

353 3985 499 4046 στοῦ,
529 3986 663 4041 ἀλλά
688 3990 783 4042 καὶ
811 3990 1004 4060 μέχρις
1025 3993 1257 4062 αἳματος
1281 3993 1790 4061 ἀντικαθίστασθαι,
1822 3996 1918 4049 καὶ

346 4076 524 4128 πάντα
553 4078 736 4146 φέρειν
769 4081 1051 4148 γενναίως,
1085 4087 1181 4136 καὶ
1210 4085 1268 4136 ὲν
1296 4085 1474 4154 τούτῳ
1506 4086 1705 4156 μᾶλλον
1735 4089 1920 4156 ἅγάλ-

343 4165 552 4222 λεσθαι.
586 4169 658 4222 Τὸ
680 4165 812 4239 ἆραι
839 4171 894 4225 δὲ
920 4173 1010 4225 τὸν
1035 4178 1266 4244 σταυρόν
1311 4178 1430 4229 ἐστι
1459 4178 1520 4230 τὸ
1543 4178 1918 4248 ἀπροσπαθῶς

343 4257 490 4328 ἔχειν
545 4261 679 4330 πρὸς
726 4261 826 4332 τὴν
857 4265 1137 4334 παροῦσαν
1175 4267 1344 4336 ζωὴν,
1391 4269 1484 4322 καὶ
1525 4271 1662 4341 πρὸς
1694 4271 1753 4323 τὸ
1782 4271 1918 4323 ἀπό⁴

345 4369 525 4422 κριμα
554 4353 782 4409 θανάτου
815 4357 1020 4425 ὁμοίως
1064 4360 1393 4426 διακεῖσθαι,
1437 4361 1578 4416 ὥστε
1614 4363 1688 4434 μὴ
1723 4363 1918 4416 ἑαυτὸν

345 4443 702 4507 πεπονθέναι,
745 4446 884 4500 ἀλλά
913 4448 1108 4516 νεκρὸν
1145 4445 1284 4503 εἶναι
1326 4452 1393 4522 τῇ
1425 4452 1692 4525 ἁμαρτίᾳ,
1739 4453 1918 4516 ζῶντα

337 4538 397 4590 δὲ
426 4537 504 4607 τῷ
539 4539 780 4610 Χριστῷ.
809 4540 979 4594 Τοῦτο
1011 4542 1068 4594 δὲ
1103 4541 1310 4610 γίνεται
1342 4545 1406 4597 ὲκ
1441 4545 1540 4614 τῆς
1568 4546 1678 4598 τῶν
1710 4545 1911 4610 ἔξωθεν

341 4629 772 4699 ἀλλοτριώσεως,
805 4626 917 4686 οἷον
951 4635 1271 4703 κτημάτων,
1318 4636 1569 4700 πλούτου,
1597 4638 1756 4709 δόξης
1803 4655 1910 4707 μα-

344 4723 523 4785 ταίας,
559 4725 653 4776 καὶ
685 4724 866 4793 πάσης
897 4725 1008 4778 τῶν
1040 4727 1332 4796 ἀνωφελῶν
1363 4729 1761 4799 προσπαθείας.
1796 4731 1911 4783 Κα-

342 4813 451 4876 θὼς
475 4816 570 4868 καὶ
594 4817 642 4869 οἱ
670 4817 816 4885 ἅγιοι
847 4819 1138 4871 ἀπόστολοι
1169 4819 1455 4889 ἐποίησαν,
1501 4824 1594 4875 καὶ
1632 4822 1907 4889 ἐδίδαξαν,

345 4907 721 4972 ὑποδείξαντες
749 4909 883 4978 ἡμῖν
910 4909 1001 4962 τὸν
1029 4909 1229 4980 δρόμον
1255 4912 1354 4981 τῆς
1389 4913 1686 4982 σωτηρίας.
1722 4913 1912 4982 Ἀφέν-

347 5015 436 5060 τες
467 5000 574 5070 γάρ
601 5001 778 5054 πάντα
819 5001 1195 5072 ἠκολούθησαν
1236 5003 1312 5072 τῷ
1352 5003 1607 5073 Χριστῷ·
1652 5005 1712 5058 οὐ
1751 5005 1912 5072 μόνον

344 5089 400 5141 δὲ
429 5091 475 5142 oi
505 5089 814 5156 ἀπόστολοι,
844 5091 979 5144 ἀλλά
1009 5093 1102 5145 καὶ
1130 5094 1177 5146 oi
1209 5095 1508 5164 μάρτυρες,
1551 5097 1644 5148 καὶ
1663 5097 1714 5149 οί
1749 5096 1908 5155 ὅσιοι,

345 5180 440 5233 καὶ
470 5180 519 5232 oi
547 5179 764 5234 δίκαιοι.
804 5181 1038 5252 Ἀνδρῶν
1062 5199 1124 5235 τε
1159 5185 1254 5236 καί⁵
1284 5186 1562 5253 γυναικῶν
1581 5188 1791 5256 χορεῖαι
1831 5187 1912 5250 είς

343 5273 571 5340 μυρίους
625 5272 903 5335 κινδύνους
955 5273 1227 5336 ἐξέδωκαν
1277 5277 1536 5341 ἑαυτούς·
1607 5278 1748 5330 ἀλλὰ
1811 5279 1906 5330 καὶ

338 5361 765 5432 ἐσταυρώθησαν
815 5365 954 5435 ὑπὲρ
993 5365 1256 5433 Χριστοῦ.
1290 5367 1516 5438 ’Έτερος
1569 5369 1626 5423 δὲ
1677 5369 1906 5432 θάνατος

329 5455 430 5506 οὐκ
459 5452 527 5523 ἦν
560 5454 741 5522 ἄδοξος
785 5457 878 5508 καὶ
925 5457 1118 5528 ἄτιμος
1154 5458 1327 5524 οὕτως
1371 5463 1466 5514 καὶ
1517 5462 1903 5525 ἐπονείδιστος,

328 5547 403 5605 ὡς
433 5547 460 5598 ό
491 5539 577 5598 διὰ
604 5545 858 5615 σταυροῦ.
903 5547 1296 5616 Ἑπονείδιστος
1322 5554 1432 5624 γὰρ
1477 5554 1650 5608 ἐδόκει
1675 5555 1703 5606 ὀ
1737 5571 1901 5608 σταυ-

333 5638 424 5704 ρὸς
447 5639 566 5690 τότε
589 5637 686 5691 καὶ
710 5639 926 5710 ἄτιμος.

410 5817 431 5848 ⁸
459 5818 621 5873 Joan.
667 5831 769 5883 ιιι,
796 5818 892 5875 ‘26.

2012 3486 2019 3491 .
2099 3445 2177 3496 Ac
2207 3456 2274 3494 ne
2325 3439 2770 3491 existimaremus
2819 3451 2992 3504 usque
3041 3435 3108 3489 ad
3141 3437 3522 3500 contumelias,
3568 3447 3622 3492 ct

2026 3535 2235 3602 plagas,
2264 3539 2319 3585 et
2377 3527 2666 3597 approbria
2715 3542 2916 3597 negare
2947 3542 3049 3582 nos
3091 3542 3119 3580 a
3155 3527 3384 3582 Domino
3418 3528 3618 3596 iuberi,

2028 3626 2237 3679 addidit
2271 3641 2284 3676 :
2317 3621 2386 3675 Et
2418 3622 2569 3673 tollat
2597 3635 2804 3672 crucem
2839 3634 3011 3683 suam,
3042 3631 3100 3672 ut
3130 3621 3396 3675 indicaret
3423 3631 3616 3690 quate-

2028 3733 2132 3770 nus
2204 3719 2487 3782 oportcret
2563 3711 2838 3780 abnegare
2897 3713 3295 3777 nosmetipsos,
3356 3714 3612 3768 nimirum

2033 3823 2204 3877 usque
2233 3809 2299 3860 ad
2329 3813 2584 3867 mortem,
2609 3812 2662 3858 et
2687 3812 2914 3856 mortem
2941 3805 3418 3869 contumeliosam,
3439 3822 3616 3876 neque

2036 3908 2246 3951 tantum
2285 3896 2620 3962 voluptatem
2652 3904 2708 3948 et
2737 3893 2960 3964 gloriam
3007 3907 3362 3950 contemnere
3392 3909 3614 3966 propter

2027 3989 2329 4052 Christum,
2367 3989 2460 4042 sed
2494 3987 2657 4041 etiam
2691 4001 2863 4055 usque
2895 3990 2958 4038 ad
2991 3987 3308 4056 sanguinem
3335 3991 3610 4050 resistere.

2029 4085 2322 4145 omniaque
2373 4079 2521 4133 ferre
2561 4093 2844 4148 generose,
2887 4091 2942 4132 et
2989 4079 3042 4132 in
3081 4082 3181 4132 hoc
3211 4081 3392 4148 potius
3428 4085 3610 4136 exsul-

2030 4186 2170 4228 tare.
2201 4173 2416 4226 Tollere
2456 4177 2584 4225 vero
2635 4185 2859 4224 crucem
2904 4180 2986 4225 est
3013 4186 3116 4224 non
3172 4173 3313 4227 afﬁci
3353 4175 3420 4227 ad
3470 4191 3610 4244 pra:-

2029 4277 2240 4323 senlem
2283 4267 2472 4330 vitam,
2497 4276 2550 4318 et
2573 4263 2640 4318 ad
2670 4265 3179 4319 condcnmatiouetn
3217 4268 3408 4320 mortis
3455 4269 3610 4323 sitni-

2027 4361 2153 4414 liter
2207 4337 2510 4411 animatum
2554 4371 2695 4420 esse,
2755 4365 2815 4410 ιιι
2878 4372 2984 4409 non
3049 4358 3163 4426 ipse
3206 4358 3470 4425 patiatur,
3515 4360 3608 4414 sed

1957 4483 1999 4538 ι)
2030 4446 2280 4504 mortuus
2318 4452 2390 4504 sit
2447 4459 2699 4518 peccato,
2744 4457 2796 4501 ct
2828 4447 2976 4502 vivat
3003 4449 3246 4503 Christo.
3301 4449 3413 4505 Iloe
3444 4467 3607 4521 porro

2028 4544 2087 4596 lit
2111 4553 2465 4597 externorum
2491 4543 2756 4595 bonorum
2790 4539 3120 4594 alienatione
3165 4551 3219 4594 et
3244 4541 3606 4608 abdicatione,

2025 4647 2084 4690 nt
2121 4637 2553 4706 possessionum,
2586 4635 2925 4696 divitiarum,
2950 4633 3136 4702 gloriae
3166 4648 3340 4696 vanze,
3376 4644 3430 4689 et
3456 4639 3606 4692 omni

2023 4729 2295 4782 inutilium
2370 4742 2550 4782 rerum
2615 4725 2832 4780 affectu.
2895 4723 3359 4789 Quemadmodum
3441 4728 3605 4781 etiant

2023 4820 2355 4876 sanctissimi
2409 4818 2644 4890 apostoli
2695 4817 2940 4872 fecerunt
2986 4827 3041 4869 et
3067 4815 3389 4883 docuerunt,
3447 4834 3604 4874 mon-

2023 4923 2198 4968 strato
2252 4911 2408 4966 nobis
2439 4925 2599 4965 cursu
2640 4909 2850 4962 salutis.
2887 4906 3114 4961 Relictis
3177 4908 3320 4962 enim
3351 4913 3604 4990 omnibus

2022 5003 2195 5059 secuti
2225 5012 2351 5058 sunt
2379 5001 2681 5058 Christum.
2707 4999 2894 5068 Neque
2927 5014 3055 5052 vero
3085 5008 3298 5055 tantum
3335 5005 3598 5073 apostoli.

2023 5098 2118 5150 scd
2154 5098 2317 5149 etiam
2342 5103 2633 5166 martyres,
2660 5102 2715 5147 et
2746 5092 2942 5154 sancti,
2968 5099 3022 5146 et
3050 5090 3211 5159 justi.
3256 5093 3512 5150 Virorum
3545 5105 3602 5150 et

2021 5183 2349 5238 feminarum
2380 5193 2556 5238 coetus
2589 5181 2820 5234 infinitis
2852 5181 3120 5250 periculis
3145 5197 3204 5235 se
3234 5182 3552 5251 objecerunt
3578 5200 3596 5246 ;

2020 5281 2155 5351 quin
2208 5278 2372 5332 etiam
2424 5274 2671 5330 crucifixi
2715 5281 2843 5327 sunt
2877 5287 2974 5341 pro
3007 5273 3248 5329 Christo.
3278 5274 3397 5327 Alia
3451 5274 3597 5328 enim

2021 5387 2170 5428 mors
2195 5387 2302 5424 non
2334 5379 2448 5424 erat
2481 5369 2555 5422 ita
2604 5367 2968 5438 lgnominiosa
3002 5375 3058 5422 et
3086 5365 3482 5422 contumeliosa
3537 5375 3598 5421 ut

2019 5479 2167 5520 mors
2207 5463 2405 5518 crucis.
2456 5459 2864 5514 Contumeliosa
2933 5458 3076 5513 enim
3139 5454 3422 5510 videbatur
3474 5463 3589 5510 tum

2011 5569 2141 5608 crux
2180 5563 2231 5607 ct
2261 5550 2642 5622 ignominiosa.
