  <div class='ocr_page' id='page_1' title='image "/cluster/home/n/w/nwhite01/storage/ocr_20150623/150:no.1/coo.31924054870559/143.png"; bbox 0 0 4016 6480; ppageno 0'>
   <div class='ocr_carea' id='block_1_1' title="bbox 471 373 569 438">
    <p class='ocr_par' dir='ltr' id='par_1_1' title="bbox 471 373 569 438">
     <span class='ocr_line' id='line_1_1' title="bbox 471 373 569 438; baseline -0.01 -1"><span class='ocrx_word' id='word_1_1' title='bbox 471 373 569 438; x_wconf 70' lang='lat'><strong>271</strong></span> 
     </span>
    </p>
   </div>
   <div class='ocr_carea' id='block_1_2' title="bbox 1413 372 2765 436">
    <p class='ocr_par' dir='ltr' id='par_1_2' title="bbox 1413 372 2765 436">
     <span class='ocr_line' id='line_1_2' title="bbox 1413 372 2765 436; baseline -0.001 -1"><span class='ocrx_word' id='word_1_2' title='bbox 1413 372 1739 435; x_wconf 80' lang='lat' dir='ltr'><strong>JOANNIS</strong></span> <span class='ocrx_word' id='word_1_3' title='bbox 1772 373 2078 434; x_wconf 71' lang='lat' dir='ltr'><strong>CALEC/E</strong></span> <span class='ocrx_word' id='word_1_4' title='bbox 2111 373 2214 436; x_wconf 71' lang='grc' dir='ltr'><strong>(ΣΡ.</strong></span> <span class='ocrx_word' id='word_1_5' title='bbox 2254 374 2765 436; x_wconf 71' lang='lat' dir='ltr'><strong>PATRIARCII/E</strong></span> 
     </span>
    </p>
   </div>
   <div class='ocr_carea' id='block_1_3' title="bbox 3619 373 3715 440">
    <p class='ocr_par' dir='ltr' id='par_1_3' title="bbox 3619 373 3715 440">
     <span class='ocr_line' id='line_1_3' title="bbox 3619 373 3715 440; baseline 0.031 -3"><span class='ocrx_word' id='word_1_6' title='bbox 3619 373 3715 440; x_wconf 71' lang='lat'><strong>272</strong></span> 
     </span>
    </p>
   </div>
   <div class='ocr_carea' id='block_1_4' title="bbox 542 483 2061 560">
    <p class='ocr_par' dir='ltr' id='par_1_4' title="bbox 542 486 2054 552">
     <span class='ocr_line' id='line_1_4' title="bbox 542 486 2054 552; baseline -0.004 -11"><span class='ocrx_word' id='word_1_7' title='bbox 542 488 654 544; x_wconf 84' lang='lat' dir='ltr'><strong>Nec</strong></span> <span class='ocrx_word' id='word_1_8' title='bbox 684 502 811 543; x_wconf 88' lang='lat' dir='ltr'><strong>vero</strong></span> <span class='ocrx_word' id='word_1_9' title='bbox 856 488 993 545; x_wconf 75' lang='lat' dir='ltr'><strong>dixit</strong></span> <span class='ocrx_word' id='word_1_10' title='bbox 1023 487 1290 543; x_wconf 84' lang='lat' dir='ltr'><strong>Dominus</strong></span> <span class='ocrx_word' id='word_1_11' title='bbox 1324 505 1338 542; x_wconf 91' lang='lat'><strong>:</strong></span> <span class='ocrx_word' id='word_1_12' title='bbox 1377 486 1561 541; x_wconf 87' lang='lat' dir='ltr'><strong>Tollat</strong></span> <span class='ocrx_word' id='word_1_13' title='bbox 1590 500 1832 552; x_wconf 88' lang='lat' dir='ltr'><strong>crucem,</strong></span> <span class='ocrx_word' id='word_1_14' title='bbox 1889 488 2054 542; x_wconf 52' lang='lat' dir='ltr'><strong>abso-t</strong></span> 
     </span>
    </p>
   </div>
   <div class='ocr_carea' id='block_1_5' title="bbox 2164 483 3713 560">
    <p class='ocr_par' dir='ltr' id='par_1_5' title="bbox 2226 483 3713 560">
     <span class='ocr_line' id='line_1_5' title="bbox 2226 483 3713 560; baseline 0.001 -19"><span class='ocrx_word' id='word_1_15' title='bbox 2226 489 2340 541; x_wconf 77' lang='grc' dir='ltr'><strong>Οὐκ</strong></span> <span class='ocrx_word' id='word_1_16' title='bbox 2372 484 2495 542; x_wconf 77' lang='grc' dir='ltr'>εἷπε</span> <span class='ocrx_word' id='word_1_17' title='bbox 2525 489 2583 544; x_wconf 84' lang='grc' dir='ltr'>δὲ</span> <span class='ocrx_word' id='word_1_18' title='bbox 2615 490 2643 541; x_wconf 93' lang='lat'><strong>6</strong></span> <span class='ocrx_word' id='word_1_19' title='bbox 2691 489 2919 559; x_wconf 77' lang='grc' dir='ltr'>Κύριος,</span> <span class='ocrx_word' id='word_1_20' title='bbox 2963 483 3097 560; x_wconf 78' lang='grc' dir='ltr'>ᾇραι</span> <span class='ocrx_word' id='word_1_21' title='bbox 3130 487 3223 542; x_wconf 74' lang='grc' dir='ltr'><strong>τὸν</strong></span> <span class='ocrx_word' id='word_1_22' title='bbox 3258 487 3491 558; x_wconf 71' lang='grc' dir='ltr'>σταυρὸν</span> <span class='ocrx_word' id='word_1_23' title='bbox 3519 488 3713 554; x_wconf 81' lang='grc' dir='ltr'>ἁπλῶς,</span> 
     </span>
    </p>
   </div>
   <div class='ocr_carea' id='block_1_6' title="bbox 473 578 2054 643">
    <p class='ocr_par' dir='ltr' id='par_1_6' title="bbox 473 578 2054 643">
     <span class='ocr_line' id='line_1_6' title="bbox 473 578 2054 643; baseline -0.002 -9"><span class='ocrx_word' id='word_1_24' title='bbox 473 581 609 642; x_wconf 81' lang='lat' dir='ltr'><strong>tute,</strong></span> <span class='ocrx_word' id='word_1_25' title='bbox 672 582 767 636; x_wconf 89' lang='lat' dir='ltr'><strong>sed</strong></span> <span class='ocrx_word' id='word_1_26' title='bbox 821 596 1028 635; x_wconf 79' lang='lat' dir='ltr'><strong>crucem</strong></span> <span class='ocrx_word' id='word_1_27' title='bbox 1081 595 1256 643; x_wconf 76' lang='lat' dir='ltr'><strong>suout,</strong></span> <span class='ocrx_word' id='word_1_28' title='bbox 1309 580 1435 643; x_wconf 81' lang='lat' dir='ltr'><strong>ait;</strong></span> <span class='ocrx_word' id='word_1_29' title='bbox 1489 579 1594 632; x_wconf 91' lang='lat' dir='ltr'><strong>hoc</strong></span> <span class='ocrx_word' id='word_1_30' title='bbox 1657 586 1766 639; x_wconf 79' lang='lat' dir='ltr'><strong>est.</strong></span> <span class='ocrx_word' id='word_1_31' title='bbox 1817 578 2054 632; x_wconf 87' lang='lat' dir='ltr'><strong>debitam</strong></span> 
     </span>
    </p>
   </div>
   <div class='ocr_carea' id='block_1_7' title="bbox 474 668 2056 743">
    <p class='ocr_par' dir='ltr' id='par_1_7' title="bbox 474 668 2056 743">
     <span class='ocr_line' id='line_1_7' title="bbox 474 668 2056 743; baseline -0.002 -17"><span class='ocrx_word' id='word_1_32' title='bbox 474 683 728 735; x_wconf 84' lang='lat' dir='ltr'><strong>mortem,</strong></span> <span class='ocrx_word' id='word_1_33' title='bbox 780 688 949 743; x_wconf 83' lang='lat' dir='ltr'><strong>quam</strong></span> <span class='ocrx_word' id='word_1_34' title='bbox 1002 680 1221 739; x_wconf 76' lang='lat' dir='ltr'><strong>oportet</strong></span> <span class='ocrx_word' id='word_1_35' title='bbox 1265 668 1510 741; x_wconf 76' lang='lat' dir='ltr'><strong>quotidie</strong></span> <span class='ocrx_word' id='word_1_36' title='bbox 1542 679 1805 739; x_wconf 87' lang='lat' dir='ltr'><strong>oppetere</strong></span> <span class='ocrx_word' id='word_1_37' title='bbox 1860 685 2056 723; x_wconf 87' lang='lat' dir='ltr'><strong>unum-</strong></span> 
     </span>
    </p>
   </div>
   <div class='ocr_carea' id='block_1_8' title="bbox 371 750 2058 831">
    <p class='ocr_par' dir='ltr' id='par_1_8' title="bbox 371 750 2058 831">
     <span class='ocr_line' id='line_1_8' title="bbox 371 750 2058 831; baseline -0.001 -14"><span class='ocrx_word' id='word_1_38' title='bbox 371 750 380 757; x_wconf 72' lang='grc'><strong>’</strong></span> <span class='ocrx_word' id='word_1_39' title='bbox 471 777 769 831; x_wconf 83' lang='lat' dir='ltr'><strong>quemque,</strong></span> <span class='ocrx_word' id='word_1_40' title='bbox 803 776 868 814; x_wconf 81' lang='lat' dir='ltr'><strong>ex</strong></span> <span class='ocrx_word' id='word_1_41' title='bbox 909 762 1177 816; x_wconf 82' lang='lat' dir='ltr'><strong>sententia</strong></span> <span class='ocrx_word' id='word_1_42' title='bbox 1209 760 1455 829; x_wconf 80' lang='lat' dir='ltr'><strong>Apostoli</strong></span> <span class='ocrx_word' id='word_1_43' title='bbox 1494 760 1726 814; x_wconf 84' lang='lat' dir='ltr'><strong>dicentis</strong></span> <span class='ocrx_word' id='word_1_44' title='bbox 1757 778 1772 814; x_wconf 77' lang='grc' dir='ltr'><strong>ι</strong></span> <span class='ocrx_word' id='word_1_45' title='bbox 1806 758 2058 824; x_wconf 73' lang='lat' dir='ltr'><strong>Quotidie</strong></span> 
     </span>
    </p>
   </div>
   <div class='ocr_carea' id='block_1_9' title="bbox 368 854 2055 918">
    <p class='ocr_par' dir='ltr' id='par_1_9' title="bbox 368 854 2055 918">
     <span class='ocr_line' id='line_1_9' title="bbox 368 854 2055 918; baseline 0.001 -11"><span class='ocrx_word' id='word_1_46' title='bbox 368 886 377 895; x_wconf 87' lang='lat'><strong>-</strong></span> <span class='ocrx_word' id='word_1_47' title='bbox 470 855 675 908; x_wconf 85' lang='lat' dir='ltr'><strong>morior</strong></span> <span class='ocrx_word' id='word_1_48' title='bbox 714 854 756 907; x_wconf 77' lang='grc'><strong>⁸.</strong></span> <span class='ocrx_word' id='word_1_49' title='bbox 795 854 1024 908; x_wconf 83' lang='lat' dir='ltr'><strong>Portare</strong></span> <span class='ocrx_word' id='word_1_50' title='bbox 1071 854 1222 907; x_wconf 88' lang='lat' dir='ltr'><strong>enim</strong></span> <span class='ocrx_word' id='word_1_51' title='bbox 1248 869 1465 907; x_wconf 79' lang='lat' dir='ltr'><strong>crucem</strong></span> <span class='ocrx_word' id='word_1_52' title='bbox 1498 870 1595 910; x_wconf 83' lang='lat' dir='ltr'><strong>nos</strong></span> <span class='ocrx_word' id='word_1_53' title='bbox 1623 855 1738 909; x_wconf 86' lang='lat' dir='ltr'><strong>vult</strong></span> <span class='ocrx_word' id='word_1_54' title='bbox 1776 854 2055 918; x_wconf 88' lang='lat' dir='ltr'><strong>Dominus,</strong></span> 
     </span>
    </p>
   </div>
   <div class='ocr_carea' id='block_1_10' title="bbox 474 944 2058 1013">
    <p class='ocr_par' dir='ltr' id='par_1_10' title="bbox 474 944 2058 1013">
     <span class='ocr_line' id='line_1_10' title="bbox 474 944 2058 1013; baseline 0.001 -15"><span class='ocrx_word' id='word_1_55' title='bbox 474 954 559 1009; x_wconf 85' lang='lat' dir='ltr'><strong>ut,-</strong></span> <span class='ocrx_word' id='word_1_56' title='bbox 591 946 942 999; x_wconf 87' lang='lat' dir='ltr'><strong>coutiueuter</strong></span> <span class='ocrx_word' id='word_1_57' title='bbox 975 944 1199 1013; x_wconf 62' lang='lat' dir='ltr'><strong>vigilare</strong></span> <span class='ocrx_word' id='word_1_58' title='bbox 1234 946 1441 1004; x_wconf 80' lang='lat' dir='ltr'><strong>animo,</strong></span> <span class='ocrx_word' id='word_1_59' title='bbox 1464 955 1519 998; x_wconf 91' lang='lat' dir='ltr'><strong>et</strong></span> <span class='ocrx_word' id='word_1_60' title='bbox 1547 947 1845 1000; x_wconf 71' lang='lat' dir='ltr'><strong>virtutibus</strong></span> <span class='ocrx_word' id='word_1_61' title='bbox 1877 946 1926 999; x_wconf 91' lang='lat' dir='ltr'><strong>in</strong></span> <span class='ocrx_word' id='word_1_62' title='bbox 1948 945 2058 1000; x_wconf 89' lang='lat' dir='ltr'><strong>alto</strong></span> 
     </span>
    </p>
   </div>
   <div class='ocr_carea' id='block_1_11' title="bbox 470 1036 2059 1102">
    <p class='ocr_par' dir='ltr' id='par_1_11' title="bbox 470 1036 2059 1102">
     <span class='ocr_line' id='line_1_11' title="bbox 470 1036 2059 1102; baseline -0.001 -11"><span class='ocrx_word' id='word_1_63' title='bbox 470 1049 639 1101; x_wconf 84' lang='lat' dir='ltr'><strong>stare,</strong></span> <span class='ocrx_word' id='word_1_64' title='bbox 685 1052 752 1091; x_wconf 89' lang='lat' dir='ltr'><strong>ne</strong></span> <span class='ocrx_word' id='word_1_65' title='bbox 784 1037 851 1089; x_wconf 85' lang='lat' dir='ltr'><strong>de</strong></span> <span class='ocrx_word' id='word_1_66' title='bbox 888 1052 1056 1090; x_wconf 85' lang='lat' dir='ltr'><strong>cruce</strong></span> <span class='ocrx_word' id='word_1_67' title='bbox 1086 1036 1489 1091; x_wconf 82' lang='lat' dir='ltr'><strong>descendumns</strong></span> <span class='ocrx_word' id='word_1_68' title='bbox 1545 1053 1561 1092; x_wconf 88' lang='lat'><strong><em>:</em></strong></span> <span class='ocrx_word' id='word_1_69' title='bbox 1610 1038 1712 1091; x_wconf 91' lang='lat' dir='ltr'><strong>hoc</strong></span> <span class='ocrx_word' id='word_1_70' title='bbox 1744 1047 1844 1102; x_wconf 91' lang='lat' dir='ltr'><strong>est,</strong></span> <span class='ocrx_word' id='word_1_71' title='bbox 1876 1038 2059 1091; x_wconf 87' lang='lat' dir='ltr'><strong>cunti-</strong></span> 
     </span>
    </p>
   </div>
   <div class='ocr_carea' id='block_1_12' title="bbox 469 1127 2057 1199">
    <p class='ocr_par' dir='ltr' id='par_1_12' title="bbox 469 1127 2057 1199">
     <span class='ocr_line' id='line_1_12' title="bbox 469 1127 2057 1199; baseline -0.003 -14"><span class='ocrx_word' id='word_1_72' title='bbox 469 1144 605 1185; x_wconf 85' lang='lat' dir='ltr'><strong>nere</strong></span> <span class='ocrx_word' id='word_1_73' title='bbox 630 1144 831 1199; x_wconf 86' lang='lat' dir='ltr'><strong>pravas</strong></span> <span class='ocrx_word' id='word_1_74' title='bbox 854 1127 1192 1191; x_wconf 76' lang='lat' dir='ltr'><strong>affectiones,</strong></span> <span class='ocrx_word' id='word_1_75' title='bbox 1216 1129 1387 1183; x_wconf 89' lang='lat' dir='ltr'><strong>donec</strong></span> <span class='ocrx_word' id='word_1_76' title='bbox 1416 1129 1799 1183; x_wconf 80' lang='lat' dir='ltr'><strong>abstrahamus</strong></span> <span class='ocrx_word' id='word_1_77' title='bbox 1819 1130 2057 1182; x_wconf 87' lang='lat' dir='ltr'><strong>animum</strong></span> 
     </span>
    </p>
   </div>
   <div class='ocr_carea' id='block_1_13' title="bbox 472 1224 2059 1295">
    <p class='ocr_par' dir='ltr' id='par_1_13' title="bbox 472 1224 2059 1295">
     <span class='ocr_line' id='line_1_13' title="bbox 472 1224 2059 1295; baseline 0 -17"><span class='ocrx_word' id='word_1_78' title='bbox 472 1236 720 1280; x_wconf 88' lang='lat' dir='ltr'><strong>nostrum</strong></span> <span class='ocrx_word' id='word_1_79' title='bbox 786 1242 813 1277; x_wconf 85' lang='lat' dir='ltr'><strong>a</strong></span> <span class='ocrx_word' id='word_1_80' title='bbox 869 1234 1095 1295; x_wconf 86' lang='lat' dir='ltr'><strong>peccato</strong></span> <span class='ocrx_word' id='word_1_81' title='bbox 1149 1234 1205 1279; x_wconf 88' lang='lat' dir='ltr'><strong>et</strong></span> <span class='ocrx_word' id='word_1_82' title='bbox 1253 1224 1565 1279; x_wconf 75' lang='lat' dir='ltr'><strong>atl‘ectione.</strong></span> <span class='ocrx_word' id='word_1_83' title='bbox 1597 1236 1654 1279; x_wconf 71' lang='lat' dir='ltr'><strong>et</strong></span> <span class='ocrx_word' id='word_1_84' title='bbox 1710 1238 2059 1293; x_wconf 76' lang='lat' dir='ltr'><strong>resurgamus</strong></span> 
     </span>
    </p>
   </div>
   <div class='ocr_carea' id='block_1_14' title="bbox 357 1317 2059 1386">
    <p class='ocr_par' dir='ltr' id='par_1_14' title="bbox 357 1317 2059 1386">
     <span class='ocr_line' id='line_1_14' title="bbox 357 1317 2059 1386; baseline 0.001 -15"><span class='ocrx_word' id='word_1_85' title='bbox 357 1370 363 1376; x_wconf 81' lang='grc'><strong>,</strong></span> <span class='ocrx_word' id='word_1_86' title='bbox 472 1320 731 1385; x_wconf 84' lang='lat' dir='ltr'><strong>deinceps</strong></span> <span class='ocrx_word' id='word_1_87' title='bbox 765 1318 975 1373; x_wconf 90' lang='lat' dir='ltr'><strong>invicti.</strong></span> <span class='ocrx_word' id='word_1_88' title='bbox 1017 1318 1163 1373; x_wconf 82' lang='lat' dir='ltr'><strong>Crux</strong></span> <span class='ocrx_word' id='word_1_89' title='bbox 1197 1319 1341 1373; x_wconf 88' lang='lat' dir='ltr'><strong>enim</strong></span> <span class='ocrx_word' id='word_1_90' title='bbox 1370 1318 1549 1372; x_wconf 85' lang='lat' dir='ltr'><strong>omnis</strong></span> <span class='ocrx_word' id='word_1_91' title='bbox 1585 1318 1797 1386; x_wconf 82' lang='lat' dir='ltr'><strong>peccati</strong></span> <span class='ocrx_word' id='word_1_92' title='bbox 1830 1317 2059 1373; x_wconf 80' lang='lat' dir='ltr'><strong>abolitio</strong></span> 
     </span>
    </p>
   </div>
   <div class='ocr_carea' id='block_1_15' title="bbox 470 1408 2057 1480">
    <p class='ocr_par' dir='ltr' id='par_1_15' title="bbox 470 1408 2057 1480">
     <span class='ocr_line' id='line_1_15' title="bbox 470 1408 2057 1480; baseline 0.001 -19"><span class='ocrx_word' id='word_1_93' title='bbox 470 1422 576 1471; x_wconf 61' lang='lat' dir='ltr'><strong>est,</strong></span> <span class='ocrx_word' id='word_1_94' title='bbox 608 1410 1008 1480; x_wconf 71' lang='lat' dir='ltr'><strong>Crucitigamns</strong></span> <span class='ocrx_word' id='word_1_95' title='bbox 1044 1425 1176 1479; x_wconf 73' lang='lat' dir='ltr'><strong>ergo</strong></span> <span class='ocrx_word' id='word_1_96' title='bbox 1229 1410 1621 1477; x_wconf 86' lang='lat' dir='ltr'><strong>nosmetipsos,</strong></span> <span class='ocrx_word' id='word_1_97' title='bbox 1684 1408 1884 1464; x_wconf 81' lang='lat' dir='ltr'><strong>fratres</strong></span> <span class='ocrx_word' id='word_1_98' title='bbox 1929 1409 2057 1472; x_wconf 90' lang='lat' dir='ltr'><strong>mei,</strong></span> 
     </span>
    </p>
   </div>
   <div class='ocr_carea' id='block_1_16' title="bbox 472 1503 2059 1574">
    <p class='ocr_par' dir='ltr' id='par_1_16' title="bbox 472 1503 2059 1574">
     <span class='ocr_line' id='line_1_16' title="bbox 472 1503 2059 1574; baseline -0.001 -15"><span class='ocrx_word' id='word_1_99' title='bbox 472 1504 832 1559; x_wconf 57' lang='lat' dir='ltr'><strong>arcularihus</strong></span> <span class='ocrx_word' id='word_1_100' title='bbox 864 1504 1121 1574; x_wconf 78' lang='lat' dir='ltr'><strong>negotiis,</strong></span> <span class='ocrx_word' id='word_1_101' title='bbox 1173 1520 1241 1559; x_wconf 90' lang='lat' dir='ltr'><strong>ne</strong></span> <span class='ocrx_word' id='word_1_102' title='bbox 1287 1516 1349 1557; x_wconf 85' lang='lat' dir='ltr'><strong>ea</strong></span> <span class='ocrx_word' id='word_1_103' title='bbox 1389 1505 1742 1572; x_wconf 79' lang='lat' dir='ltr'><strong>attingamus,</strong></span> <span class='ocrx_word' id='word_1_104' title='bbox 1779 1515 1956 1571; x_wconf 89' lang='lat' dir='ltr'><strong>neque</strong></span> <span class='ocrx_word' id='word_1_105' title='bbox 1980 1503 2059 1557; x_wconf 85' lang='lat' dir='ltr'><strong>eis</strong></span> 
     </span>
    </p>
   </div>
   <div class='ocr_carea' id='block_1_17' title="bbox 469 1594 2059 1658">
    <p class='ocr_par' dir='ltr' id='par_1_17' title="bbox 469 1594 2059 1658">
     <span class='ocr_line' id='line_1_17' title="bbox 469 1594 2059 1658; baseline -0.003 -8"><span class='ocrx_word' id='word_1_106' title='bbox 469 1598 621 1650; x_wconf 80' lang='lat' dir='ltr'><strong>affixi</strong></span> <span class='ocrx_word' id='word_1_107' title='bbox 671 1594 1250 1651; x_wconf 52' lang='lat' dir='ltr'><strong>adiuuantium-Nam</strong></span> <span class='ocrx_word' id='word_1_108' title='bbox 1307 1597 1411 1650; x_wconf 78' lang='lat' dir='ltr'><strong>etsi</strong></span> <span class='ocrx_word' id='word_1_109' title='bbox 1449 1610 1561 1650; x_wconf 90' lang='lat' dir='ltr'><strong>non</strong></span> <span class='ocrx_word' id='word_1_110' title='bbox 1621 1594 1869 1648; x_wconf 88' lang='lat' dir='ltr'><strong>imminet</strong></span> <span class='ocrx_word' id='word_1_111' title='bbox 1902 1608 2059 1658; x_wconf 74' lang='lat' dir='ltr'><strong>crux,</strong></span> 
     </span>
    </p>
   </div>
   <div class='ocr_carea' id='block_1_18' title="bbox 469 1686 2062 1749">
    <p class='ocr_par' dir='ltr' id='par_1_18' title="bbox 469 1686 2062 1749">
     <span class='ocr_line' id='line_1_18' title="bbox 469 1686 2062 1749; baseline -0.005 -8"><span class='ocrx_word' id='word_1_112' title='bbox 469 1696 564 1741; x_wconf 86' lang='lat' dir='ltr'><strong>aut</strong></span> <span class='ocrx_word' id='word_1_113' title='bbox 598 1687 998 1743; x_wconf 74' lang='lat' dir='ltr'><strong>contumeliosa</strong></span> <span class='ocrx_word' id='word_1_114' title='bbox 1030 1702 1198 1749; x_wconf 89' lang='lat' dir='ltr'><strong>mors,</strong></span> <span class='ocrx_word' id='word_1_115' title='bbox 1244 1686 1599 1741; x_wconf 73' lang='lat' dir='ltr'><strong>aﬂ&#39;ectionum</strong></span> <span class='ocrx_word' id='word_1_116' title='bbox 1634 1696 1813 1738; x_wconf 87' lang='lat' dir='ltr'><strong>tamen</strong></span> <span class='ocrx_word' id='word_1_117' title='bbox 1868 1688 2062 1737; x_wconf 72' lang='lat' dir='ltr'><strong>mort?-</strong></span> 
     </span>
    </p>
   </div>
   <div class='ocr_carea' id='block_1_19' title="bbox 471 1774 2059 1842">
    <p class='ocr_par' dir='ltr' id='par_1_19' title="bbox 471 1774 2059 1842">
     <span class='ocr_line' id='line_1_19' title="bbox 471 1774 2059 1842; baseline -0.004 -9"><span class='ocrx_word' id='word_1_118' title='bbox 471 1780 658 1833; x_wconf 77' lang='lat' dir='ltr'><strong>ticatio</strong></span> <span class='ocrx_word' id='word_1_119' title='bbox 708 1779 978 1842; x_wconf 86' lang='lat' dir='ltr'><strong>imminet,</strong></span> <span class='ocrx_word' id='word_1_120' title='bbox 1031 1788 1086 1832; x_wconf 89' lang='lat' dir='ltr'><strong>et</strong></span> <span class='ocrx_word' id='word_1_121' title='bbox 1147 1777 1350 1832; x_wconf 83' lang='lat' dir='ltr'><strong>bellum</strong></span> <span class='ocrx_word' id='word_1_122' title='bbox 1407 1776 1672 1832; x_wconf 78' lang='lat' dir='ltr'><strong>adversus</strong></span> <span class='ocrx_word' id='word_1_123' title='bbox 1728 1774 2059 1829; x_wconf 81' lang='lat' dir='ltr'><strong>invisihilern</strong></span> 
     </span>
    </p>
   </div>
   <div class='ocr_carea' id='block_1_20' title="bbox 2165 579 3772 651">
    <p class='ocr_par' dir='ltr' id='par_1_20' title="bbox 2165 579 3772 651">
     <span class='ocr_line' id='line_1_20' title="bbox 2165 579 3772 651; baseline 0 -18"><span class='ocrx_word' id='word_1_124' title='bbox 2165 579 2303 633; x_wconf 87' lang='grc' dir='ltr'><strong>ἀλλά</strong></span> <span class='ocrx_word' id='word_1_125' title='bbox 2329 580 2439 634; x_wconf 82' lang='grc' dir='ltr'><strong>τὸν</strong></span> <span class='ocrx_word' id='word_1_126' title='bbox 2459 580 2732 649; x_wconf 74' lang='grc' dir='ltr'>σταυρὸν</span> <span class='ocrx_word' id='word_1_127' title='bbox 2759 580 2951 637; x_wconf 84' lang='grc' dir='ltr'>αὐτοῦ</span> <span class='ocrx_word' id='word_1_128' title='bbox 2987 581 3157 648; x_wconf 82' lang='grc' dir='ltr'>λέγει,</span> <span class='ocrx_word' id='word_1_129' title='bbox 3206 579 3457 633; x_wconf 80' lang='grc' dir='ltr'><strong>τουτέστι</strong></span> <span class='ocrx_word' id='word_1_130' title='bbox 3477 579 3565 632; x_wconf 78' lang='grc' dir='ltr'><strong>τὸν</strong></span> <span class='ocrx_word' id='word_1_131' title='bbox 3588 581 3722 648; x_wconf 76' lang='grc' dir='ltr'>ὀφει-</span> <span class='ocrx_word' id='word_1_132' title='bbox 3757 635 3772 651; x_wconf 52' lang='grc' dir='ltr'><strong><em>ο</em></strong></span> 
     </span>
    </p>
   </div>
   <div class='ocr_carea' id='block_1_21' title="bbox 2164 670 3721 745">
    <p class='ocr_par' dir='ltr' id='par_1_21' title="bbox 2164 670 3721 745">
     <span class='ocr_line' id='line_1_21' title="bbox 2164 670 3721 745; baseline 0.001 -20"><span class='ocrx_word' id='word_1_133' title='bbox 2164 670 2394 740; x_wconf 85' lang='grc' dir='ltr'>λόμενον</span> <span class='ocrx_word' id='word_1_134' title='bbox 2425 672 2684 739; x_wconf 84' lang='grc' dir='ltr'>θάνατον,</span> <span class='ocrx_word' id='word_1_135' title='bbox 2725 672 2786 725; x_wconf 86' lang='lat' dir='ltr'><em>6v</em></span> <span class='ocrx_word' id='word_1_136' title='bbox 2815 674 2926 743; x_wconf 80' lang='grc' dir='ltr'>ἔχει</span> <span class='ocrx_word' id='word_1_137' title='bbox 2958 675 3137 744; x_wconf 82' lang='grc' dir='ltr'>χρέως</span> <span class='ocrx_word' id='word_1_138' title='bbox 3186 670 3309 727; x_wconf 83' lang='grc' dir='ltr'>καθ’</span> <span class='ocrx_word' id='word_1_139' title='bbox 3346 673 3580 744; x_wconf 72' lang='grc' dir='ltr'>ἑκάστην</span> <span class='ocrx_word' id='word_1_140' title='bbox 3601 675 3721 745; x_wconf 77' lang='grc' dir='ltr'>πλη-</span> 
     </span>
    </p>
   </div>
   <div class='ocr_carea' id='block_1_22' title="bbox 2166 761 3720 834">
    <p class='ocr_par' dir='ltr' id='par_1_22' title="bbox 2166 761 3720 834">
     <span class='ocr_line' id='line_1_22' title="bbox 2166 761 3720 834; baseline 0.003 -18"><span class='ocrx_word' id='word_1_141' title='bbox 2166 761 2298 832; x_wconf 82' lang='grc' dir='ltr'>ροῦν</span> <span class='ocrx_word' id='word_1_142' title='bbox 2344 762 2602 827; x_wconf 71' lang='grc' dir='ltr'>ἕκαστος,</span> <span class='ocrx_word' id='word_1_143' title='bbox 2648 764 2793 817; x_wconf 86' lang='grc' dir='ltr'><strong>κατά</strong></span> <span class='ocrx_word' id='word_1_144' title='bbox 2818 765 2910 818; x_wconf 82' lang='grc' dir='ltr'>τὸν</span> <span class='ocrx_word' id='word_1_145' title='bbox 2945 764 3092 818; x_wconf 88' lang='grc' dir='ltr'>θεῖον</span> <span class='ocrx_word' id='word_1_146' title='bbox 3132 764 3454 823; x_wconf 81' lang='grc' dir='ltr'>’Λπόστολον</span> <span class='ocrx_word' id='word_1_147' title='bbox 3480 765 3720 834; x_wconf 72' lang='grc' dir='ltr'>λέγονταο</span> 
     </span>
    </p>
   </div>
   <div class='ocr_carea' id='block_1_23' title="bbox 2164 854 3724 937">
    <p class='ocr_par' dir='ltr' id='par_1_23' title="bbox 2164 854 3724 937">
     <span class='ocr_line' id='line_1_23' title="bbox 2164 854 3724 937; baseline 0.001 -28"><span class='ocrx_word' id='word_1_148' title='bbox 2164 855 2307 910; x_wconf 81' lang='grc' dir='ltr'>Καθ’</span> <span class='ocrx_word' id='word_1_149' title='bbox 2331 854 2566 923; x_wconf 69' lang='grc' dir='ltr'>ἡμέραν</span> <span class='ocrx_word' id='word_1_150' title='bbox 2594 855 2970 923; x_wconf 78' lang='grc' dir='ltr'><strong>ἀποθνήσκω</strong></span> <span class='ocrx_word' id='word_1_151' title='bbox 2989 873 3003 887; x_wconf 75' lang='grc' dir='ltr'><strong><em>ο</em></strong></span> <span class='ocrx_word' id='word_1_152' title='bbox 3045 857 3341 927; x_wconf 78' lang='grc' dir='ltr'><strong>βαστάζειν</strong></span> <span class='ocrx_word' id='word_1_153' title='bbox 3364 858 3474 928; x_wconf 83' lang='grc' dir='ltr'><strong>γὰρ</strong></span> <span class='ocrx_word' id='word_1_154' title='bbox 3512 858 3724 937; x_wconf 74' lang='grc' dir='ltr'>σταυρὸν</span> 
     </span>
    </p>
   </div>
   <div class='ocr_carea' id='block_1_24' title="bbox 2165 943 3724 1020">
    <p class='ocr_par' dir='ltr' id='par_1_24' title="bbox 2165 943 3724 1020">
     <span class='ocr_line' id='line_1_24' title="bbox 2165 943 3724 1020; baseline 0.001 -20"><span class='ocrx_word' id='word_1_155' title='bbox 2165 948 2316 1017; x_wconf 79' lang='grc' dir='ltr'>ἡμᾶς</span> <span class='ocrx_word' id='word_1_156' title='bbox 2352 947 2605 1017; x_wconf 83' lang='grc' dir='ltr'>βούλεται</span> <span class='ocrx_word' id='word_1_157' title='bbox 2633 950 2661 1001; x_wconf 91' lang='lat'><strong>6</strong></span> <span class='ocrx_word' id='word_1_158' title='bbox 2693 948 2896 1019; x_wconf 81' lang='grc' dir='ltr'>Κύριος</span> <span class='ocrx_word' id='word_1_159' title='bbox 2917 966 2933 982; x_wconf 76' lang='grc' dir='ltr'><strong>ο</strong></span> <span class='ocrx_word' id='word_1_160' title='bbox 2957 943 3071 1004; x_wconf 77' lang='grc' dir='ltr'>οἷον</span> <span class='ocrx_word' id='word_1_161' title='bbox 3094 948 3362 1014; x_wconf 81' lang='grc' dir='ltr'><strong>διηνεκῶς</strong></span> <span class='ocrx_word' id='word_1_162' title='bbox 3382 951 3724 1020; x_wconf 71' lang='grc' dir='ltr'><strong>ἐγρηγορέναι</strong></span> 
     </span>
    </p>
   </div>
   <div class='ocr_carea' id='block_1_25' title="bbox 2165 1038 3723 1111">
    <p class='ocr_par' dir='ltr' id='par_1_25' title="bbox 2165 1038 3723 1111">
     <span class='ocr_line' id='line_1_25' title="bbox 2165 1038 3723 1111; baseline 0.002 -19"><span class='ocrx_word' id='word_1_163' title='bbox 2165 1039 2259 1093; x_wconf 80' lang='grc' dir='ltr'><strong>τὸν</strong></span> <span class='ocrx_word' id='word_1_164' title='bbox 2289 1038 2433 1104; x_wconf 82' lang='grc' dir='ltr'>νοῦν,</span> <span class='ocrx_word' id='word_1_165' title='bbox 2469 1041 2566 1094; x_wconf 80' lang='grc' dir='ltr'>καὶ</span> <span class='ocrx_word' id='word_1_166' title='bbox 2616 1042 2675 1095; x_wconf 73' lang='grc' dir='ltr'><strong>ἐν</strong></span> <span class='ocrx_word' id='word_1_167' title='bbox 2708 1044 2829 1104; x_wconf 88' lang='grc' dir='ltr'>ταῖς</span> <span class='ocrx_word' id='word_1_168' title='bbox 2875 1042 3107 1109; x_wconf 81' lang='grc' dir='ltr'><strong>ἀρεταῖς</strong></span> <span class='ocrx_word' id='word_1_169' title='bbox 3152 1040 3237 1109; x_wconf 75' lang='grc' dir='ltr'><strong>ἐφ’</strong></span> <span class='ocrx_word' id='word_1_170' title='bbox 3270 1041 3440 1111; x_wconf 79' lang='grc' dir='ltr'>ὕψους</span> <span class='ocrx_word' id='word_1_171' title='bbox 3491 1042 3723 1097; x_wconf 75' lang='grc' dir='ltr'><strong>ἵστασθαι</strong></span> 
     </span>
    </p>
   </div>
   <div class='ocr_carea' id='block_1_26' title="bbox 2163 1130 3727 1203">
    <p class='ocr_par' dir='ltr' id='par_1_26' title="bbox 2163 1130 3727 1203">
     <span class='ocr_line' id='line_1_26' title="bbox 2163 1130 3727 1203; baseline 0.001 -18"><span class='ocrx_word' id='word_1_172' title='bbox 2163 1130 2261 1185; x_wconf 79' lang='grc' dir='ltr'>τοῦ</span> <span class='ocrx_word' id='word_1_173' title='bbox 2299 1134 2377 1201; x_wconf 71' lang='grc' dir='ltr'>μὴ</span> <span class='ocrx_word' id='word_1_174' title='bbox 2411 1132 2698 1187; x_wconf 78' lang='grc' dir='ltr'><strong>κατελθεῖν</strong></span> <span class='ocrx_word' id='word_1_175' title='bbox 2731 1132 2841 1187; x_wconf 82' lang='grc' dir='ltr'>ἀπὸ</span> <span class='ocrx_word' id='word_1_176' title='bbox 2874 1132 2969 1186; x_wconf 85' lang='grc' dir='ltr'><strong>τοῦ</strong></span> <span class='ocrx_word' id='word_1_177' title='bbox 3021 1132 3284 1203; x_wconf 82' lang='grc' dir='ltr'>σταυροῦ,</span> <span class='ocrx_word' id='word_1_178' title='bbox 3333 1134 3608 1186; x_wconf 79' lang='grc' dir='ltr'><strong>τουτέστιν</strong></span> <span class='ocrx_word' id='word_1_179' title='bbox 3646 1136 3727 1201; x_wconf 75' lang='grc' dir='ltr'><strong>ἑγ-</strong></span> 
     </span>
    </p>
   </div>
   <div class='ocr_carea' id='block_1_27' title="bbox 2168 1220 3728 1295">
    <p class='ocr_par' dir='ltr' id='par_1_27' title="bbox 2168 1220 3728 1295">
     <span class='ocr_line' id='line_1_27' title="bbox 2168 1220 3728 1295; baseline 0.003 -21"><span class='ocrx_word' id='word_1_180' title='bbox 2168 1222 2535 1291; x_wconf 81' lang='grc' dir='ltr'>κρατεύεσθαι</span> <span class='ocrx_word' id='word_1_181' title='bbox 2566 1224 2717 1294; x_wconf 73' lang='grc' dir='ltr'>ἡμᾶς</span> <span class='ocrx_word' id='word_1_182' title='bbox 2733 1224 2962 1279; x_wconf 72' lang='grc' dir='ltr'>ἀπδτῶν</span> <span class='ocrx_word' id='word_1_183' title='bbox 2984 1226 3196 1288; x_wconf 81' lang='grc' dir='ltr'>παθῶν,</span> <span class='ocrx_word' id='word_1_184' title='bbox 3216 1227 3322 1288; x_wconf 72' lang='grc' dir='ltr'><strong>ἕως</strong></span> <span class='ocrx_word' id='word_1_185' title='bbox 3341 1220 3403 1279; x_wconf 79' lang='grc' dir='ltr'><strong>οὗ</strong></span> <span class='ocrx_word' id='word_1_186' title='bbox 3427 1226 3728 1295; x_wconf 78' lang='grc' dir='ltr'>ὲκκόψωμεν</span> 
     </span>
    </p>
   </div>
   <div class='ocr_carea' id='block_1_28' title="bbox 2166 1312 3729 1387">
    <p class='ocr_par' dir='ltr' id='par_1_28' title="bbox 2166 1312 3729 1387">
     <span class='ocr_line' id='line_1_28' title="bbox 2166 1312 3729 1387; baseline 0.003 -21"><span class='ocrx_word' id='word_1_187' title='bbox 2166 1312 2259 1366; x_wconf 82' lang='grc' dir='ltr'>τὸν</span> <span class='ocrx_word' id='word_1_188' title='bbox 2290 1313 2414 1369; x_wconf 83' lang='grc' dir='ltr'>νοῦν</span> <span class='ocrx_word' id='word_1_189' title='bbox 2448 1315 2605 1385; x_wconf 76' lang='grc' dir='ltr'>ἡμῶν</span> <span class='ocrx_word' id='word_1_190' title='bbox 2659 1316 2766 1369; x_wconf 86' lang='grc' dir='ltr'>ἀπὸ</span> <span class='ocrx_word' id='word_1_191' title='bbox 2810 1317 2911 1387; x_wconf 82' lang='grc' dir='ltr'><strong>τῆς</strong></span> <span class='ocrx_word' id='word_1_192' title='bbox 2944 1317 3225 1385; x_wconf 84' lang='grc' dir='ltr'>ἁμαρτίας</span> <span class='ocrx_word' id='word_1_193' title='bbox 3272 1318 3369 1369; x_wconf 79' lang='grc' dir='ltr'>καὶ</span> <span class='ocrx_word' id='word_1_194' title='bbox 3420 1318 3518 1386; x_wconf 81' lang='grc' dir='ltr'><strong>τῆς</strong></span> <span class='ocrx_word' id='word_1_195' title='bbox 3565 1319 3729 1384; x_wconf 73' lang='grc' dir='ltr'>ἔμπα-</span> 
     </span>
    </p>
   </div>
   <div class='ocr_carea' id='block_1_29' title="bbox 2167 1404 3730 1480">
    <p class='ocr_par' dir='ltr' id='par_1_29' title="bbox 2167 1404 3730 1480">
     <span class='ocr_line' id='line_1_29' title="bbox 2167 1404 3730 1480; baseline 0.004 -23"><span class='ocrx_word' id='word_1_196' title='bbox 2167 1404 2340 1471; x_wconf 83' lang='grc' dir='ltr'>θείας,</span> <span class='ocrx_word' id='word_1_197' title='bbox 2366 1407 2460 1459; x_wconf 77' lang='grc' dir='ltr'>καὶ</span> <span class='ocrx_word' id='word_1_198' title='bbox 2488 1408 2812 1478; x_wconf 75' lang='grc' dir='ltr'><strong>ἀναστῶμεν</strong></span> <span class='ocrx_word' id='word_1_199' title='bbox 2836 1408 3028 1462; x_wconf 80' lang='grc' dir='ltr'>λοιπὸν</span> <span class='ocrx_word' id='word_1_200' title='bbox 3050 1411 3333 1480; x_wconf 82' lang='grc' dir='ltr'>ἀήττητοι.</span> <span class='ocrx_word' id='word_1_201' title='bbox 3368 1410 3431 1461; x_wconf 80' lang='grc' dir='ltr'>Ὀ</span> <span class='ocrx_word' id='word_1_202' title='bbox 3453 1410 3562 1478; x_wconf 86' lang='grc' dir='ltr'><strong>γὰρ</strong></span> <span class='ocrx_word' id='word_1_203' title='bbox 3581 1426 3730 1463; x_wconf 88' lang='grc' dir='ltr'>σταυ-</span> 
     </span>
    </p>
   </div>
   <div class='ocr_carea' id='block_1_30' title="bbox 2171 1494 3725 1570">
    <p class='ocr_par' dir='ltr' id='par_1_30' title="bbox 2171 1494 3725 1570">
     <span class='ocr_line' id='line_1_30' title="bbox 2171 1494 3725 1570; baseline 0.004 -22"><span class='ocrx_word' id='word_1_204' title='bbox 2171 1494 2263 1565; x_wconf 74' lang='grc' dir='ltr'>ρὸς</span> <span class='ocrx_word' id='word_1_205' title='bbox 2316 1495 2501 1567; x_wconf 82' lang='grc' dir='ltr'>πάσης</span> <span class='ocrx_word' id='word_1_206' title='bbox 2531 1498 2812 1568; x_wconf 85' lang='grc' dir='ltr'>ἁμαρτίας</span> <span class='ocrx_word' id='word_1_207' title='bbox 2853 1499 3200 1569; x_wconf 81' lang='grc' dir='ltr'>κατάργησίς</span> <span class='ocrx_word' id='word_1_208' title='bbox 3234 1502 3374 1554; x_wconf 78' lang='grc' dir='ltr'>ἐστι.</span> <span class='ocrx_word' id='word_1_209' title='bbox 3406 1500 3725 1570; x_wconf 81' lang='grc' dir='ltr'><strong>Σταυρὼσω·</strong></span> 
     </span>
    </p>
   </div>
   <div class='ocr_carea' id='block_1_31' title="bbox 2170 1584 3727 1734">
    <p class='ocr_par' dir='ltr' id='par_1_31' title="bbox 2170 1584 3727 1734">
     <span class='ocr_line' id='line_1_31' title="bbox 2170 1584 3727 1734; baseline 0.002 -94"><span class='ocrx_word' id='word_1_210' title='bbox 2170 1604 2270 1657; x_wconf 86' lang='grc' dir='ltr'><strong>μεν</strong></span> <span class='ocrx_word' id='word_1_211' title='bbox 2321 1584 2449 1734; x_wconf 45' lang='grc' dir='ltr'><strong>οξυξὲΔ</strong></span> <span class='ocrx_word' id='word_1_212' title='bbox 2472 1590 2725 1654; x_wconf 77' lang='grc' dir='ltr'>ἑαυτοὺς,</span> <span class='ocrx_word' id='word_1_213' title='bbox 2787 1590 3011 1661; x_wconf 83' lang='grc' dir='ltr'>ἀδελφοί</span> <span class='ocrx_word' id='word_1_214' title='bbox 3065 1609 3193 1661; x_wconf 87' lang='grc' dir='ltr'>μου,</span> <span class='ocrx_word' id='word_1_215' title='bbox 3230 1594 3296 1646; x_wconf 69' lang='grc' dir='ltr'>ἐκ</span> <span class='ocrx_word' id='word_1_216' title='bbox 3324 1594 3436 1647; x_wconf 86' lang='grc' dir='ltr'><strong>τῶν</strong></span> <span class='ocrx_word' id='word_1_217' title='bbox 3466 1592 3727 1663; x_wconf 87' lang='grc' dir='ltr'>κοσμικῶν</span> 
     </span>
     <span class='ocr_line' id='line_1_32' title="bbox 2170 1681 3727 1734; baseline 0 0"><span class='ocrx_word' id='word_1_218' title='bbox 2170 1682 2403 1734; x_wconf 70' lang='grc' dir='ltr'>πρᾶγμά</span> <span class='ocrx_word' id='word_1_219' title='bbox 2437 1699 2534 1734; x_wconf 88' lang='grc' dir='ltr'><strong>ων.</strong></span> <span class='ocrx_word' id='word_1_220' title='bbox 2591 1681 2686 1734; x_wconf 81' lang='grc' dir='ltr'>τοῦ</span> <span class='ocrx_word' id='word_1_221' title='bbox 2739 1683 2813 1734; x_wconf 72' lang='grc' dir='ltr'><strong>ιιὴ</strong></span> <span class='ocrx_word' id='word_1_222' title='bbox 2875 1684 3145 1734; x_wconf 69' lang='grc' dir='ltr'>ἅπτεσθαι</span> <span class='ocrx_word' id='word_1_223' title='bbox 3189 1685 3284 1734; x_wconf 84' lang='grc' dir='ltr'>καὶ</span> <span class='ocrx_word' id='word_1_224' title='bbox 3344 1684 3727 1734; x_wconf 77' lang='grc' dir='ltr'>ποοσηλοῦσθαι</span> 
     </span>
    </p>
   </div>
   <div class='ocr_carea' id='block_1_32' title="bbox 2168 1681 3727 1754">
    <p class='ocr_par' dir='ltr' id='par_1_32' title="bbox 2168 1681 3727 1754">
     <span class='ocr_line' id='line_1_33' title="bbox 2168 1681 3727 1754; baseline 0.003 -21"><span class='ocrx_word' id='word_1_225' title='bbox 2168 1681 2534 1750; x_wconf 58' lang='grc' dir='ltr'>πραγμάἲων,</span> <span class='ocrx_word' id='word_1_226' title='bbox 2591 1681 2686 1735; x_wconf 80' lang='grc' dir='ltr'>τοῦ</span> <span class='ocrx_word' id='word_1_227' title='bbox 2738 1683 2813 1754; x_wconf 85' lang='grc' dir='ltr'>μὴ</span> <span class='ocrx_word' id='word_1_228' title='bbox 2875 1684 3145 1738; x_wconf 71' lang='grc' dir='ltr'>ἅπτεσθαι</span> <span class='ocrx_word' id='word_1_229' title='bbox 3189 1685 3284 1738; x_wconf 85' lang='grc' dir='ltr'>καὶ</span> <span class='ocrx_word' id='word_1_230' title='bbox 3344 1684 3727 1754; x_wconf 82' lang='grc' dir='ltr'>προσηλοῦσθαι</span> 
     </span>
    </p>
   </div>
   <div class='ocr_carea' id='block_1_33' title="bbox 2167 1772 3727 1847">
    <p class='ocr_par' dir='ltr' id='par_1_33' title="bbox 2167 1772 3727 1847">
     <span class='ocr_line' id='line_1_34' title="bbox 2167 1772 3727 1847; baseline 0.004 -25"><span class='ocrx_word' id='word_1_231' title='bbox 2167 1772 2380 1834; x_wconf 79' lang='grc' dir='ltr'>αὐτοῖς’</span> <span class='ocrx_word' id='word_1_232' title='bbox 2420 1773 2504 1826; x_wconf 82' lang='grc' dir='ltr'>ὅτι</span> <span class='ocrx_word' id='word_1_233' title='bbox 2538 1776 2631 1829; x_wconf 76' lang='grc' dir='ltr'>καὶ</span> <span class='ocrx_word' id='word_1_234' title='bbox 2669 1775 2718 1828; x_wconf 88' lang='grc' dir='ltr'><strong>εί</strong></span> <span class='ocrx_word' id='word_1_235' title='bbox 2753 1775 2828 1845; x_wconf 80' lang='grc' dir='ltr'>μὴ</span> <span class='ocrx_word' id='word_1_236' title='bbox 2860 1775 3152 1844; x_wconf 80' lang='grc' dir='ltr'>πρόκειται</span> <span class='ocrx_word' id='word_1_237' title='bbox 3185 1776 3421 1845; x_wconf 83' lang='grc' dir='ltr'><strong>σταυρὸς</strong></span> <span class='ocrx_word' id='word_1_238' title='bbox 3461 1778 3579 1847; x_wconf 71' lang='grc' dir='ltr'>ἦτοι</span> <span class='ocrx_word' id='word_1_239' title='bbox 3608 1779 3727 1829; x_wconf 76' lang='grc' dir='ltr'><strong>ὲπο-</strong></span> 
     </span>
    </p>
   </div>
   <div class='ocr_carea' id='block_1_34' title="bbox 470 1852 2061 1940">
    <p class='ocr_par' dir='ltr' id='par_1_34' title="bbox 470 1868 2061 1940">
     <span class='ocr_line' id='line_1_35' title="bbox 470 1868 2061 1940; baseline -0.003 -16"><span class='ocrx_word' id='word_1_240' title='bbox 470 1872 754 1925; x_wconf 77' lang='lat' dir='ltr'><strong>iuiinicum</strong></span> <span class='ocrx_word' id='word_1_241' title='bbox 803 1881 859 1924; x_wconf 92' lang='lat' dir='ltr'><strong>et</strong></span> <span class='ocrx_word' id='word_1_242' title='bbox 898 1871 1164 1935; x_wconf 66' lang='lat' dir='ltr'><strong>hostem,</strong></span> <span class='ocrx_word' id='word_1_243' title='bbox 1222 1884 1383 1940; x_wconf 83' lang='lat' dir='ltr'><strong>quem</strong></span> <span class='ocrx_word' id='word_1_244' title='bbox 1443 1877 1498 1923; x_wconf 92' lang='lat' dir='ltr'><strong>et</strong></span> <span class='ocrx_word' id='word_1_245' title='bbox 1549 1868 1772 1922; x_wconf 82' lang='lat' dir='ltr'><strong>vincere</strong></span> <span class='ocrx_word' id='word_1_246' title='bbox 1845 1876 2061 1935; x_wconf 82' lang='lat' dir='ltr'><strong>oportet</strong></span> 
     </span>
    </p>
   </div>
   <div class='ocr_carea' id='block_1_35' title="bbox 2164 1852 3723 1940">
    <p class='ocr_par' dir='ltr' id='par_1_35' title="bbox 2167 1862 3723 1938">
     <span class='ocr_line' id='line_1_36' title="bbox 2167 1862 3723 1938; baseline 0.004 -24"><span class='ocrx_word' id='word_1_247' title='bbox 2167 1862 2433 1926; x_wconf 86' lang='grc' dir='ltr'>νείδιστος</span> <span class='ocrx_word' id='word_1_248' title='bbox 2469 1864 2718 1930; x_wconf 80' lang='grc' dir='ltr'>θάνατος,</span> <span class='ocrx_word' id='word_1_249' title='bbox 2751 1865 2889 1918; x_wconf 89' lang='grc' dir='ltr'><strong>ἀλλά</strong></span> <span class='ocrx_word' id='word_1_250' title='bbox 2911 1865 3103 1920; x_wconf 85' lang='grc' dir='ltr'>παθῶν</span> <span class='ocrx_word' id='word_1_251' title='bbox 3129 1868 3402 1938; x_wconf 82' lang='grc' dir='ltr'>νέκρωσις</span> <span class='ocrx_word' id='word_1_252' title='bbox 3437 1872 3723 1937; x_wconf 71' lang='grc' dir='ltr'>πρόκειται,</span> 
     </span>
    </p>
   </div>
   <div class='ocr_carea' id='block_1_36' title="bbox 470 1959 2063 2034">
    <p class='ocr_par' dir='ltr' id='par_1_36' title="bbox 470 1959 2063 2034">
     <span class='ocr_line' id='line_1_37' title="bbox 470 1959 2063 2034; baseline -0.001 -21"><span class='ocrx_word' id='word_1_253' title='bbox 470 1978 686 2025; x_wconf 82' lang='lat' dir='ltr'><strong>onmes,</strong></span> <span class='ocrx_word' id='word_1_254' title='bbox 715 1963 808 2034; x_wconf 91' lang='lat' dir='ltr'><strong>qui</strong></span> <span class='ocrx_word' id='word_1_255' title='bbox 830 1962 883 2016; x_wconf 91' lang='lat' dir='ltr'><strong>iu</strong></span> <span class='ocrx_word' id='word_1_256' title='bbox 908 1961 1184 2017; x_wconf 84' lang='lat' dir='ltr'><strong>Christum</strong></span> <span class='ocrx_word' id='word_1_257' title='bbox 1209 1961 1461 2021; x_wconf 85' lang='lat' dir='ltr'><strong>credunt,</strong></span> <span class='ocrx_word' id='word_1_258' title='bbox 1483 1971 1540 2013; x_wconf 92' lang='lat' dir='ltr'><strong>ut</strong></span> <span class='ocrx_word' id='word_1_259' title='bbox 1565 1960 1738 2028; x_wconf 85' lang='lat' dir='ltr'><strong>possit</strong></span> <span class='ocrx_word' id='word_1_260' title='bbox 1765 1959 2063 2027; x_wconf 82' lang='lat' dir='ltr'><strong>unusquis-</strong></span> 
     </span>
    </p>
   </div>
   <div class='ocr_carea' id='block_1_37' title="bbox 470 2052 2059 2123">
    <p class='ocr_par' dir='ltr' id='par_1_37' title="bbox 470 2052 2059 2123">
     <span class='ocr_line' id='line_1_38' title="bbox 470 2052 2059 2123; baseline -0.003 -16"><span class='ocrx_word' id='word_1_261' title='bbox 470 2070 579 2123; x_wconf 88' lang='lat' dir='ltr'><strong>que</strong></span> <span class='ocrx_word' id='word_1_262' title='bbox 612 2055 845 2109; x_wconf 77' lang='lat' dir='ltr'><strong>dicere:</strong></span> <span class='ocrx_word' id='word_1_263' title='bbox 890 2054 1025 2107; x_wconf 80' lang='lat' dir='ltr'><strong>Mihi</strong></span> <span class='ocrx_word' id='word_1_264' title='bbox 1083 2054 1311 2106; x_wconf 77' lang='lat' dir='ltr'><strong>mundus</strong></span> <span class='ocrx_word' id='word_1_265' title='bbox 1359 2052 1651 2118; x_wconf 74' lang='lat' dir='ltr'><strong>cruciﬁxus</strong></span> <span class='ocrx_word' id='word_1_266' title='bbox 1696 2060 1795 2112; x_wconf 77' lang='lat' dir='ltr'><strong>cal.</strong></span> <span class='ocrx_word' id='word_1_267' title='bbox 1864 2059 1911 2103; x_wconf 82' lang='lat' dir='ltr'><strong>et</strong></span> <span class='ocrx_word' id='word_1_268' title='bbox 1966 2066 2059 2117; x_wconf 77' lang='lat' dir='ltr'><strong>ego</strong></span> 
     </span>
    </p>
   </div>
   <div class='ocr_carea' id='block_1_38' title="bbox 470 2141 2058 2212">
    <p class='ocr_par' dir='ltr' id='par_1_38' title="bbox 470 2141 2058 2212">
     <span class='ocr_line' id='line_1_39' title="bbox 470 2141 2058 2212; baseline -0.004 -12"><span class='ocrx_word' id='word_1_269' title='bbox 470 2144 666 2201; x_wconf 81' lang='lat' dir='ltr'><strong>mundo</strong></span> <span class='ocrx_word' id='word_1_270' title='bbox 694 2147 739 2200; x_wconf 78' lang='grc'><strong>’³.</strong></span> <span class='ocrx_word' id='word_1_271' title='bbox 772 2147 925 2212; x_wconf 80' lang='lat' dir='ltr'><strong>Quod</strong></span> <span class='ocrx_word' id='word_1_272' title='bbox 977 2145 1053 2199; x_wconf 88' lang='lat' dir='ltr'><strong>ait</strong></span> <span class='ocrx_word' id='word_1_273' title='bbox 1092 2143 1276 2200; x_wconf 72' lang='lat' dir='ltr'><strong>:Milu&#39;</strong></span> <span class='ocrx_word' id='word_1_274' title='bbox 1336 2141 1565 2197; x_wconf 78' lang='lat' dir='ltr'><strong>mundus</strong></span> <span class='ocrx_word' id='word_1_275' title='bbox 1627 2141 1919 2211; x_wconf 70' lang='lat' dir='ltr'><strong>cruciﬁxus</strong></span> <span class='ocrx_word' id='word_1_276' title='bbox 1958 2150 2058 2205; x_wconf 72' lang='lat' dir='ltr'><strong>est,</strong></span> 
     </span>
    </p>
   </div>
   <div class='ocr_carea' id='block_1_39' title="bbox 472 2233 2062 2304">
    <p class='ocr_par' dir='ltr' id='par_1_39' title="bbox 472 2233 2062 2304">
     <span class='ocr_line' id='line_1_40' title="bbox 472 2233 2062 2304; baseline -0.004 -11"><span class='ocrx_word' id='word_1_277' title='bbox 472 2240 680 2294; x_wconf 89' lang='lat' dir='ltr'><strong>indicat</strong></span> <span class='ocrx_word' id='word_1_278' title='bbox 706 2237 1020 2292; x_wconf 88' lang='lat' dir='ltr'><strong>libertatem</strong></span> <span class='ocrx_word' id='word_1_279' title='bbox 1053 2252 1081 2289; x_wconf 88' lang='lat' dir='ltr'><strong>a</strong></span> <span class='ocrx_word' id='word_1_280' title='bbox 1121 2235 1361 2304; x_wconf 75' lang='lat' dir='ltr'><strong>peccatis</strong></span> <span class='ocrx_word' id='word_1_281' title='bbox 1386 2234 1620 2288; x_wconf 81' lang='lat' dir='ltr'><strong>actionis</strong></span> <span class='ocrx_word' id='word_1_282' title='bbox 1649 2249 1665 2298; x_wconf 93' lang='lat'><strong>;</strong></span> <span class='ocrx_word' id='word_1_283' title='bbox 1697 2233 1828 2287; x_wconf 90' lang='lat' dir='ltr'><strong>illud</strong></span> <span class='ocrx_word' id='word_1_284' title='bbox 1877 2247 2004 2289; x_wconf 86' lang='lat' dir='ltr'><strong>vero</strong></span> <span class='ocrx_word' id='word_1_285' title='bbox 2047 2250 2062 2287; x_wconf 88' lang='lat'><strong>:</strong></span> 
     </span>
    </p>
   </div>
   <div class='ocr_carea' id='block_1_40' title="bbox 470 2324 2062 2399">
    <p class='ocr_par' dir='ltr' id='par_1_40' title="bbox 470 2324 2062 2399">
     <span class='ocr_line' id='line_1_41' title="bbox 470 2324 2062 2399; baseline -0.003 -15"><span class='ocrx_word' id='word_1_286' title='bbox 470 2340 521 2395; x_wconf 79' lang='lat' dir='ltr'><strong>et</strong></span> <span class='ocrx_word' id='word_1_287' title='bbox 579 2340 672 2399; x_wconf 88' lang='lat' dir='ltr'><strong>ego</strong></span> <span class='ocrx_word' id='word_1_288' title='bbox 736 2327 976 2393; x_wconf 83' lang='lat' dir='ltr'><strong>mundo,</strong></span> <span class='ocrx_word' id='word_1_289' title='bbox 1019 2327 1295 2396; x_wconf 76' lang='lat' dir='ltr'><strong>signiﬁcat</strong></span> <span class='ocrx_word' id='word_1_290' title='bbox 1341 2328 1675 2381; x_wconf 82' lang='lat' dir='ltr'><strong>vacuitatem</strong></span> <span class='ocrx_word' id='word_1_291' title='bbox 1720 2324 2062 2380; x_wconf 69' lang='lat' dir='ltr'><strong>aﬁ‘eetionum</strong></span> 
     </span>
    </p>
   </div>
   <div class='ocr_carea' id='block_1_41' title="bbox 471 2415 2063 2484">
    <p class='ocr_par' dir='ltr' id='par_1_41' title="bbox 471 2415 2063 2484">
     <span class='ocr_line' id='line_1_42' title="bbox 471 2415 2063 2484; baseline -0.001 -13"><span class='ocrx_word' id='word_1_292' title='bbox 471 2418 662 2471; x_wconf 89' lang='lat' dir='ltr'><strong>animi.</strong></span> <span class='ocrx_word' id='word_1_293' title='bbox 710 2417 981 2472; x_wconf 67' lang='lat' dir='ltr'><strong>&#39;Ilundum</strong></span> <span class='ocrx_word' id='word_1_294' title='bbox 1028 2416 1175 2469; x_wconf 90' lang='lat' dir='ltr'><strong>enim</strong></span> <span class='ocrx_word' id='word_1_295' title='bbox 1234 2416 1540 2469; x_wconf 85' lang='lat' dir='ltr'><strong>mundanas</strong></span> <span class='ocrx_word' id='word_1_296' title='bbox 1590 2415 2063 2484; x_wconf 83' lang='lat' dir='ltr'><strong>concupiscentias</strong></span> 
     </span>
    </p>
   </div>
   <div class='ocr_carea' id='block_1_42' title="bbox 473 2506 2064 2578">
    <p class='ocr_par' dir='ltr' id='par_1_42' title="bbox 473 2506 2064 2578">
     <span class='ocr_line' id='line_1_43' title="bbox 473 2506 2064 2578; baseline 0.001 -18"><span class='ocrx_word' id='word_1_297' title='bbox 473 2519 637 2563; x_wconf 79' lang='lat' dir='ltr'><strong>vocat</strong></span> <span class='ocrx_word' id='word_1_298' title='bbox 677 2516 783 2563; x_wconf 86' lang='lat' dir='ltr'><strong>:et</strong></span> <span class='ocrx_word' id='word_1_299' title='bbox 834 2508 928 2578; x_wconf 85' lang='lat' dir='ltr'><strong>qui</strong></span> <span class='ocrx_word' id='word_1_300' title='bbox 972 2508 1106 2562; x_wconf 82' lang='lat' dir='ltr'><strong>vivit</strong></span> <span class='ocrx_word' id='word_1_301' title='bbox 1154 2506 1515 2577; x_wconf 81' lang='lat' dir='ltr'><strong>spiritualiter</strong></span> <span class='ocrx_word' id='word_1_302' title='bbox 1537 2506 1813 2576; x_wconf 69' lang='lat' dir='ltr'><strong>crucifigit</strong></span> <span class='ocrx_word' id='word_1_303' title='bbox 1837 2521 1954 2573; x_wconf 80' lang='lat' dir='ltr'><strong>eas,</strong></span> <span class='ocrx_word' id='word_1_304' title='bbox 2007 2515 2064 2562; x_wconf 87' lang='lat' dir='ltr'><strong>et</strong></span> 
     </span>
    </p>
   </div>
   <div class='ocr_carea' id='block_1_43' title="bbox 474 2596 2061 2666">
    <p class='ocr_par' dir='ltr' id='par_1_43' title="bbox 474 2596 2061 2666">
     <span class='ocr_line' id='line_1_44' title="bbox 474 2596 2061 2666; baseline 0 -14"><span class='ocrx_word' id='word_1_305' title='bbox 474 2597 789 2662; x_wconf 78' lang='lat' dir='ltr'><strong>uiortificat,</strong></span> <span class='ocrx_word' id='word_1_306' title='bbox 852 2608 907 2651; x_wconf 84' lang='lat' dir='ltr'><strong>et</strong></span> <span class='ocrx_word' id='word_1_307' title='bbox 962 2596 1527 2660; x_wconf 77' lang='lat' dir='ltr'><strong>inefficacesreddit,</strong></span> <span class='ocrx_word' id='word_1_308' title='bbox 1592 2606 1651 2650; x_wconf 89' lang='lat' dir='ltr'><strong>ut</strong></span> <span class='ocrx_word' id='word_1_309' title='bbox 1708 2612 1819 2651; x_wconf 89' lang='lat' dir='ltr'><strong>non</strong></span> <span class='ocrx_word' id='word_1_310' title='bbox 1849 2597 2061 2666; x_wconf 79' lang='lat' dir='ltr'><strong>possint</strong></span> 
     </span>
    </p>
   </div>
   <div class='ocr_carea' id='block_1_44' title="bbox 469 2689 2058 2761">
    <p class='ocr_par' dir='ltr' id='par_1_44' title="bbox 469 2689 2058 2761">
     <span class='ocr_line' id='line_1_45' title="bbox 469 2689 2058 2761; baseline -0.003 -15"><span class='ocrx_word' id='word_1_311' title='bbox 469 2692 647 2761; x_wconf 87' lang='lat' dir='ltr'><strong>ipsum</strong></span> <span class='ocrx_word' id='word_1_312' title='bbox 675 2693 894 2749; x_wconf 82' lang='lat' dir='ltr'><strong>vincere</strong></span> <span class='ocrx_word' id='word_1_313' title='bbox 922 2706 987 2745; x_wconf 88' lang='lat' dir='ltr'><strong>ac</strong></span> <span class='ocrx_word' id='word_1_314' title='bbox 1023 2705 1315 2761; x_wconf 81' lang='lat' dir='ltr'><strong>superare,</strong></span> <span class='ocrx_word' id='word_1_315' title='bbox 1334 2702 1389 2745; x_wconf 81' lang='lat' dir='ltr'><strong>et</strong></span> <span class='ocrx_word' id='word_1_316' title='bbox 1420 2692 1487 2744; x_wconf 86' lang='lat' dir='ltr'><strong>ad</strong></span> <span class='ocrx_word' id='word_1_317' title='bbox 1509 2689 1746 2745; x_wconf 83' lang='lat' dir='ltr'><strong>actionis</strong></span> <span class='ocrx_word' id='word_1_318' title='bbox 1774 2700 2058 2759; x_wconf 85' lang='lat' dir='ltr'><strong>peccatum</strong></span> 
     </span>
    </p>
   </div>
   <div class='ocr_carea' id='block_1_45' title="bbox 473 2779 2063 2853">
    <p class='ocr_par' dir='ltr' id='par_1_45' title="bbox 473 2779 2063 2853">
     <span class='ocr_line' id='line_1_46' title="bbox 473 2779 2063 2853; baseline -0.001 -17"><span class='ocrx_word' id='word_1_319' title='bbox 473 2784 717 2853; x_wconf 80' lang='lat' dir='ltr'><strong>adigere,</strong></span> <span class='ocrx_word' id='word_1_320' title='bbox 757 2782 851 2837; x_wconf 86' lang='lat' dir='ltr'><strong>sed</strong></span> <span class='ocrx_word' id='word_1_321' title='bbox 901 2790 958 2838; x_wconf 85' lang='lat' dir='ltr'><strong>et</strong></span> <span class='ocrx_word' id='word_1_322' title='bbox 990 2781 1110 2851; x_wconf 87' lang='lat' dir='ltr'><strong>ipse</strong></span> <span class='ocrx_word' id='word_1_323' title='bbox 1145 2779 1515 2837; x_wconf 80' lang='lat' dir='ltr'><strong>mortificatus</strong></span> <span class='ocrx_word' id='word_1_324' title='bbox 1533 2791 1618 2836; x_wconf 82' lang='lat' dir='ltr'><strong>est</strong></span> <span class='ocrx_word' id='word_1_325' title='bbox 1663 2779 2063 2849; x_wconf 77' lang='lat' dir='ltr'><strong>concupiscen-</strong></span> 
     </span>
    </p>
   </div>
   <div class='ocr_carea' id='block_1_46' title="bbox 473 2871 1459 2939">
    <p class='ocr_par' dir='ltr' id='par_1_46' title="bbox 473 2871 1459 2939">
     <span class='ocr_line' id='line_1_47' title="bbox 473 2871 1459 2939; baseline -0.001 -12"><span class='ocrx_word' id='word_1_326' title='bbox 473 2875 586 2939; x_wconf 83' lang='lat' dir='ltr'><strong>tiis,</strong></span> <span class='ocrx_word' id='word_1_327' title='bbox 623 2875 676 2929; x_wconf 92' lang='lat' dir='ltr'><strong>id</strong></span> <span class='ocrx_word' id='word_1_328' title='bbox 703 2883 810 2939; x_wconf 85' lang='lat' dir='ltr'><strong>est,</strong></span> <span class='ocrx_word' id='word_1_329' title='bbox 845 2889 952 2928; x_wconf 91' lang='lat' dir='ltr'><strong>non</strong></span> <span class='ocrx_word' id='word_1_330' title='bbox 986 2882 1237 2928; x_wconf 85' lang='lat' dir='ltr'><strong>movetur</strong></span> <span class='ocrx_word' id='word_1_331' title='bbox 1263 2871 1334 2927; x_wconf 89' lang='lat' dir='ltr'><strong>ab</strong></span> <span class='ocrx_word' id='word_1_332' title='bbox 1357 2871 1459 2926; x_wconf 89' lang='lat' dir='ltr'><strong>eis.</strong></span> 
     </span>
    </p>
   </div>
   <div class='ocr_carea' id='block_1_47' title="bbox 2150 1954 3727 2029">
    <p class='ocr_par' dir='ltr' id='par_1_47' title="bbox 2150 1954 3727 2029">
     <span class='ocr_line' id='line_1_48' title="bbox 2150 1954 3727 2029; baseline 0.004 -23"><span class='ocrx_word' id='word_1_333' title='bbox 2150 1954 2261 2006; x_wconf 78' lang='grc' dir='ltr'>,καὶ</span> <span class='ocrx_word' id='word_1_334' title='bbox 2285 1955 2312 2006; x_wconf 97' lang='lat'><strong>6</strong></span> <span class='ocrx_word' id='word_1_335' title='bbox 2339 1955 2474 2026; x_wconf 76' lang='grc' dir='ltr'>πρὸς</span> <span class='ocrx_word' id='word_1_336' title='bbox 2502 1956 2603 2008; x_wconf 65' lang='grc' dir='ltr'>τὶν,</span> <span class='ocrx_word' id='word_1_337' title='bbox 2624 1958 2857 2025; x_wconf 83' lang='grc' dir='ltr'>ἀόρατον</span> <span class='ocrx_word' id='word_1_338' title='bbox 2885 1958 3080 2028; x_wconf 72' lang='grc' dir='ltr'>ἐχθρὸν</span> <span class='ocrx_word' id='word_1_339' title='bbox 3108 1962 3201 2012; x_wconf 79' lang='grc' dir='ltr'><strong>καὶ</strong></span> <span class='ocrx_word' id='word_1_340' title='bbox 3227 1960 3485 2028; x_wconf 79' lang='grc' dir='ltr'>πολέμιον</span> <span class='ocrx_word' id='word_1_341' title='bbox 3512 1976 3727 2029; x_wconf 84' lang='grc' dir='ltr'>συγκρο-</span> 
     </span>
    </p>
   </div>
   <div class='ocr_carea' id='block_1_48' title="bbox 2166 2044 3728 2120">
    <p class='ocr_par' dir='ltr' id='par_1_48' title="bbox 2166 2044 3728 2120">
     <span class='ocr_line' id='line_1_49' title="bbox 2166 2044 3728 2120; baseline 0.005 -23"><span class='ocrx_word' id='word_1_342' title='bbox 2166 2044 2433 2113; x_wconf 82' lang='grc' dir='ltr'>τούμενος</span> <span class='ocrx_word' id='word_1_343' title='bbox 2465 2046 2724 2117; x_wconf 82' lang='grc' dir='ltr'>πόλεμος,</span> <span class='ocrx_word' id='word_1_344' title='bbox 2772 2048 2833 2102; x_wconf 80' lang='grc' dir='ltr'>ὃν</span> <span class='ocrx_word' id='word_1_345' title='bbox 2870 2052 2967 2103; x_wconf 81' lang='grc' dir='ltr'>καὶ</span> <span class='ocrx_word' id='word_1_346' title='bbox 3008 2051 3228 2120; x_wconf 81' lang='grc' dir='ltr'>νικῆσαι</span> <span class='ocrx_word' id='word_1_347' title='bbox 3261 2052 3346 2104; x_wconf 86' lang='grc' dir='ltr'><strong>δεῖ</strong></span> <span class='ocrx_word' id='word_1_348' title='bbox 3386 2055 3590 2116; x_wconf 77' lang='grc' dir='ltr'>πάντας</span> <span class='ocrx_word' id='word_1_349' title='bbox 3616 2053 3728 2114; x_wconf 78' lang='grc' dir='ltr'>τοὺς</span> 
     </span>
    </p>
   </div>
   <div class='ocr_carea' id='block_1_49' title="bbox 2168 2137 3730 2212">
    <p class='ocr_par' dir='ltr' id='par_1_49' title="bbox 2168 2137 3730 2212">
     <span class='ocr_line' id='line_1_50' title="bbox 2168 2137 3730 2212; baseline 0.004 -23"><span class='ocrx_word' id='word_1_350' title='bbox 2168 2139 2249 2199; x_wconf 87' lang='grc' dir='ltr'><strong>είς</strong></span> <span class='ocrx_word' id='word_1_351' title='bbox 2272 2137 2522 2208; x_wconf 68' lang='grc' dir='ltr'>ιΧριστδν</span> <span class='ocrx_word' id='word_1_352' title='bbox 2552 2139 2937 2207; x_wconf 79' lang='grc' dir='ltr'><strong>πιστεύοντας,</strong></span> <span class='ocrx_word' id='word_1_353' title='bbox 2967 2142 3109 2197; x_wconf 82' lang='grc' dir='ltr'>ὥστε</span> <span class='ocrx_word' id='word_1_354' title='bbox 3138 2142 3401 2197; x_wconf 82' lang='grc' dir='ltr'>δύνασθαι</span> <span class='ocrx_word' id='word_1_355' title='bbox 3423 2145 3597 2212; x_wconf 77' lang='grc' dir='ltr'>λέγειν</span> <span class='ocrx_word' id='word_1_356' title='bbox 3615 2143 3730 2196; x_wconf 75' lang='grc' dir='ltr'>ἕκα-</span> 
     </span>
    </p>
   </div>
   <div class='ocr_carea' id='block_1_50' title="bbox 2173 2232 3731 2306">
    <p class='ocr_par' dir='ltr' id='par_1_50' title="bbox 2173 2232 3731 2306">
     <span class='ocr_line' id='line_1_51' title="bbox 2173 2232 3731 2306; baseline 0.004 -23"><span class='ocrx_word' id='word_1_357' title='bbox 2173 2247 2298 2283; x_wconf 86' lang='grc' dir='ltr'>στον</span> <span class='ocrx_word' id='word_1_358' title='bbox 2319 2247 2332 2261; x_wconf 83' lang='lat'>&#39;</span> <span class='ocrx_word' id='word_1_359' title='bbox 2379 2232 2540 2301; x_wconf 83' lang='grc' dir='ltr'>Ἐμοὶ</span> <span class='ocrx_word' id='word_1_360' title='bbox 2574 2236 2608 2286; x_wconf 84' lang='grc' dir='ltr'><em>ὀ</em></span> <span class='ocrx_word' id='word_1_361' title='bbox 2651 2235 2882 2304; x_wconf 78' lang='grc' dir='ltr'>κόσμος</span> <span class='ocrx_word' id='word_1_362' title='bbox 2914 2235 3310 2306; x_wconf 82' lang='grc' dir='ltr'><strong>ἐσταύρωται,</strong></span> <span class='ocrx_word' id='word_1_363' title='bbox 3347 2236 3508 2306; x_wconf 76' lang='grc' dir='ltr'><strong>κάγὼ</strong></span> <span class='ocrx_word' id='word_1_364' title='bbox 3539 2236 3613 2303; x_wconf 83' lang='grc' dir='ltr'><strong>τῷ</strong></span> <span class='ocrx_word' id='word_1_365' title='bbox 3644 2238 3731 2290; x_wconf 83' lang='grc' dir='ltr'><strong>κό-</strong></span> 
     </span>
    </p>
   </div>
   <div class='ocr_carea' id='block_1_51' title="bbox 2169 2321 3729 2399">
    <p class='ocr_par' dir='ltr' id='par_1_51' title="bbox 2169 2321 3729 2399">
     <span class='ocr_line' id='line_1_52' title="bbox 2169 2321 3729 2399; baseline 0.006 -26"><span class='ocrx_word' id='word_1_366' title='bbox 2169 2335 2329 2388; x_wconf 83' lang='grc' dir='ltr'><strong>σμῳ·</strong></span> <span class='ocrx_word' id='word_1_367' title='bbox 2354 2321 2609 2391; x_wconf 76' lang='grc' dir='ltr'>ἐμφαίνει</span> <span class='ocrx_word' id='word_1_368' title='bbox 2630 2322 2687 2377; x_wconf 71' lang='grc' dir='ltr'>δὲ</span> <span class='ocrx_word' id='word_1_369' title='bbox 2720 2325 2783 2376; x_wconf 83' lang='grc' dir='ltr'><strong>τὸ</strong></span> <span class='ocrx_word' id='word_1_370' title='bbox 2805 2325 2925 2393; x_wconf 75' lang='grc' dir='ltr'>μὲν,</span> <span class='ocrx_word' id='word_1_371' title='bbox 2945 2326 3107 2393; x_wconf 80' lang='grc' dir='ltr'>Ἐμοί</span> <span class='ocrx_word' id='word_1_372' title='bbox 3144 2331 3177 2382; x_wconf 85' lang='grc' dir='ltr'>ό</span> <span class='ocrx_word' id='word_1_373' title='bbox 3199 2329 3434 2398; x_wconf 79' lang='grc' dir='ltr'>κόσμος</span> <span class='ocrx_word' id='word_1_374' title='bbox 3452 2328 3729 2399; x_wconf 79' lang='grc' dir='ltr'>ἐσταύρω-</span> 
     </span>
    </p>
   </div>
   <div class='ocr_carea' id='block_1_52' title="bbox 2142 2413 3727 2494">
    <p class='ocr_par' dir='ltr' id='par_1_52' title="bbox 2142 2413 3727 2494">
     <span class='ocr_line' id='line_1_53' title="bbox 2142 2413 3727 2494; baseline 0.004 -28"><span class='ocrx_word' id='word_1_375' title='bbox 2142 2429 2288 2477; x_wconf 72' lang='grc' dir='ltr'>ιται,</span> <span class='ocrx_word' id='word_1_376' title='bbox 2316 2413 2421 2484; x_wconf 85' lang='grc' dir='ltr'>τὴν</span> <span class='ocrx_word' id='word_1_377' title='bbox 2444 2414 2761 2488; x_wconf 79' lang='grc' dir='ltr'><strong>ἐλευθερίαν</strong></span> <span class='ocrx_word' id='word_1_378' title='bbox 2794 2420 2895 2489; x_wconf 82' lang='grc' dir='ltr'>τῆς</span> <span class='ocrx_word' id='word_1_379' title='bbox 2923 2421 3068 2473; x_wconf 87' lang='grc' dir='ltr'><strong>κατά</strong></span> <span class='ocrx_word' id='word_1_380' title='bbox 3111 2420 3316 2491; x_wconf 79' lang='grc' dir='ltr'>πρᾶξιν</span> <span class='ocrx_word' id='word_1_381' title='bbox 3346 2422 3614 2494; x_wconf 71' lang='grc' dir='ltr'>ἁμαρτίας</span> <span class='ocrx_word' id='word_1_382' title='bbox 3632 2437 3646 2453; x_wconf 94' lang='grc'><strong>·</strong></span> <span class='ocrx_word' id='word_1_383' title='bbox 3674 2422 3727 2474; x_wconf 75' lang='grc' dir='ltr'>τὸ</span> 
     </span>
    </p>
   </div>
   <div class='ocr_carea' id='block_1_53' title="bbox 2143 2506 3728 2582">
    <p class='ocr_par' dir='ltr' id='par_1_53' title="bbox 2143 2506 3728 2582">
     <span class='ocr_line' id='line_1_54' title="bbox 2143 2506 3728 2582; baseline 0.004 -24"><span class='ocrx_word' id='word_1_384' title='bbox 2143 2506 2245 2570; x_wconf 63' lang='grc' dir='ltr'>νδὲ,</span> <span class='ocrx_word' id='word_1_385' title='bbox 2279 2506 2442 2576; x_wconf 79' lang='grc' dir='ltr'><strong>κάγὼ</strong></span> <span class='ocrx_word' id='word_1_386' title='bbox 2475 2506 2555 2572; x_wconf 84' lang='grc' dir='ltr'><strong>τῷ</strong></span> <span class='ocrx_word' id='word_1_387' title='bbox 2588 2511 2819 2580; x_wconf 81' lang='grc' dir='ltr'>κόσμῳ,</span> <span class='ocrx_word' id='word_1_388' title='bbox 2849 2510 3002 2581; x_wconf 88' lang='grc' dir='ltr'>δηλοῖ</span> <span class='ocrx_word' id='word_1_389' title='bbox 3027 2512 3131 2582; x_wconf 79' lang='grc' dir='ltr'><strong>τὴν</strong></span> <span class='ocrx_word' id='word_1_390' title='bbox 3156 2514 3304 2567; x_wconf 84' lang='grc' dir='ltr'>κατὰ</span> <span class='ocrx_word' id='word_1_391' title='bbox 3337 2514 3576 2568; x_wconf 81' lang='grc' dir='ltr'>διάνοιαν</span> <span class='ocrx_word' id='word_1_392' title='bbox 3604 2513 3728 2566; x_wconf 84' lang='grc' dir='ltr'>ἀπά-</span> 
     </span>
    </p>
   </div>
   <div class='ocr_carea' id='block_1_54' title="bbox 2171 2596 3724 2674">
    <p class='ocr_par' dir='ltr' id='par_1_54' title="bbox 2171 2596 3724 2674">
     <span class='ocr_line' id='line_1_55' title="bbox 2171 2596 3724 2674; baseline 0.003 -25"><span class='ocrx_word' id='word_1_393' title='bbox 2171 2596 2344 2652; x_wconf 87' lang='grc' dir='ltr'>θειαν.</span> <span class='ocrx_word' id='word_1_394' title='bbox 2387 2598 2608 2667; x_wconf 79' lang='grc' dir='ltr'><strong>Κόσμον</strong></span> <span class='ocrx_word' id='word_1_395' title='bbox 2640 2600 2752 2671; x_wconf 85' lang='grc' dir='ltr'>γὰρ</span> <span class='ocrx_word' id='word_1_396' title='bbox 2779 2600 2881 2666; x_wconf 86' lang='grc' dir='ltr'>τὰς</span> <span class='ocrx_word' id='word_1_397' title='bbox 2919 2604 3197 2673; x_wconf 77' lang='grc' dir='ltr'><strong>κοσμικὰς</strong></span> <span class='ocrx_word' id='word_1_398' title='bbox 3239 2605 3535 2674; x_wconf 71' lang='grc' dir='ltr'>ἐπιθυμίας</span> <span class='ocrx_word' id='word_1_399' title='bbox 3561 2605 3724 2671; x_wconf 70' lang='grc' dir='ltr'>λέγει*</span> 
     </span>
    </p>
   </div>
   <div class='ocr_carea' id='block_1_55' title="bbox 2170 2686 3725 2767">
    <p class='ocr_par' dir='ltr' id='par_1_55' title="bbox 2170 2686 3725 2767">
     <span class='ocr_line' id='line_1_56' title="bbox 2170 2686 3725 2767; baseline 0.004 -27"><span class='ocrx_word' id='word_1_400' title='bbox 2170 2688 2265 2740; x_wconf 84' lang='grc' dir='ltr'>καὶ</span> <span class='ocrx_word' id='word_1_401' title='bbox 2291 2689 2320 2741; x_wconf 92' lang='lat'><strong>6</strong></span> <span class='ocrx_word' id='word_1_402' title='bbox 2352 2686 2462 2751; x_wconf 75' lang='grc' dir='ltr'><strong>ζῶν</strong></span> <span class='ocrx_word' id='word_1_403' title='bbox 2492 2691 2884 2759; x_wconf 80' lang='grc' dir='ltr'><strong>πνευματικῶς</strong></span> <span class='ocrx_word' id='word_1_404' title='bbox 2914 2696 3148 2764; x_wconf 90' lang='grc' dir='ltr'>σταυροῖ</span> <span class='ocrx_word' id='word_1_405' title='bbox 3167 2696 3377 2761; x_wconf 83' lang='grc' dir='ltr'>ταύτας</span> <span class='ocrx_word' id='word_1_406' title='bbox 3405 2698 3499 2751; x_wconf 79' lang='grc' dir='ltr'>καὶ</span> <span class='ocrx_word' id='word_1_407' title='bbox 3542 2699 3725 2767; x_wconf 79' lang='grc' dir='ltr'>νεκροῑ,</span> 
     </span>
    </p>
   </div>
   <div class='ocr_carea' id='block_1_56' title="bbox 2169 2780 3726 2860">
    <p class='ocr_par' dir='ltr' id='par_1_56' title="bbox 2169 2780 3726 2860">
     <span class='ocr_line' id='line_1_57' title="bbox 2169 2780 3726 2860; baseline 0.005 -29"><span class='ocrx_word' id='word_1_408' title='bbox 2169 2780 2267 2831; x_wconf 76' lang='grc' dir='ltr'>καὶ</span> <span class='ocrx_word' id='word_1_409' title='bbox 2302 2780 2485 2849; x_wconf 77' lang='grc' dir='ltr'>ἀργὰς</span> <span class='ocrx_word' id='word_1_410' title='bbox 2524 2782 2908 2849; x_wconf 85' lang='grc' dir='ltr'>ἀποδείκνυσι,</span> <span class='ocrx_word' id='word_1_411' title='bbox 2943 2785 3020 2856; x_wconf 80' lang='grc' dir='ltr'>μὴ</span> <span class='ocrx_word' id='word_1_412' title='bbox 3049 2786 3364 2857; x_wconf 84' lang='grc' dir='ltr'>δυναμένας</span> <span class='ocrx_word' id='word_1_413' title='bbox 3395 2790 3616 2860; x_wconf 78' lang='grc' dir='ltr'>ἠττῆσαι</span> <span class='ocrx_word' id='word_1_414' title='bbox 3644 2789 3726 2841; x_wconf 82' lang='grc' dir='ltr'>καὶ</span> 
     </span>
    </p>
   </div>
   <div class='ocr_carea' id='block_1_57' title="bbox 2172 2869 3727 2949">
    <p class='ocr_par' dir='ltr' id='par_1_57' title="bbox 2172 2869 3727 2949">
     <span class='ocr_line' id='line_1_58' title="bbox 2172 2869 3727 2949; baseline 0.004 -26"><span class='ocrx_word' id='word_1_415' title='bbox 2172 2869 2398 2939; x_wconf 80' lang='grc' dir='ltr'>νικῆσαι</span> <span class='ocrx_word' id='word_1_416' title='bbox 2457 2872 2663 2935; x_wconf 74' lang='grc' dir='ltr'>αὐτὸν,</span> <span class='ocrx_word' id='word_1_417' title='bbox 2727 2875 2822 2927; x_wconf 75' lang='grc' dir='ltr'>καὶ</span> <span class='ocrx_word' id='word_1_418' title='bbox 2878 2878 2943 2946; x_wconf 74' lang='grc' dir='ltr'>τῇ</span> <span class='ocrx_word' id='word_1_419' title='bbox 3004 2878 3147 2931; x_wconf 85' lang='grc' dir='ltr'><strong>κατά</strong></span> <span class='ocrx_word' id='word_1_420' title='bbox 3201 2879 3403 2949; x_wconf 78' lang='grc' dir='ltr'>πρᾶξιν</span> <span class='ocrx_word' id='word_1_421' title='bbox 3460 2880 3727 2933; x_wconf 67' lang='grc' dir='ltr'>ὑποϐαλεῖν</span> 
     </span>
    </p>
   </div>
   <div class='ocr_carea' id='block_1_58' title="bbox 471 2960 3724 3043">
    <p class='ocr_par' dir='ltr' id='par_1_58' title="bbox 471 2960 3724 3043">
     <span class='ocr_line' id='line_1_59' title="bbox 471 2960 3724 3043; baseline -0 -22"><span class='ocrx_word' id='word_1_422' title='bbox 471 2967 754 3041; x_wconf 53' lang='lat' dir='ltr'><strong>eiurat-(9&#39;</strong></span> <span class='ocrx_word' id='word_1_423' title='bbox 794 2967 934 3022; x_wconf 86' lang='grc' dir='ltr'><strong>ἀλλά</strong></span> <span class='ocrx_word' id='word_1_424' title='bbox 969 2966 1064 3020; x_wconf 74' lang='grc' dir='ltr'>καὶ</span> <span class='ocrx_word' id='word_1_425' title='bbox 1111 2965 1277 3029; x_wconf 70' lang='grc' dir='ltr'>αὐτὸς</span> <span class='ocrx_word' id='word_1_426' title='bbox 1325 2964 1522 3027; x_wconf 80' lang='grc' dir='ltr'>αὑταῖς</span> <span class='ocrx_word' id='word_1_427' title='bbox 1555 2962 1888 3034; x_wconf 73' lang='grc' dir='ltr'>νενέκρωται</span> <span class='ocrx_word' id='word_1_428' title='bbox 1928 2965 2054 3025; x_wconf 88' lang='grc' dir='ltr'>ταῖς</span> <span class='ocrx_word' id='word_1_429' title='bbox 2094 2960 2443 3032; x_wconf 72' lang='grc' dir='ltr'>ἐπιθυμίαις,</span> <span class='ocrx_word' id='word_1_430' title='bbox 2477 2966 2782 3032; x_wconf 83' lang='grc' dir='ltr'>τουτέστιν,</span> <span class='ocrx_word' id='word_1_431' title='bbox 2813 2967 2875 3020; x_wconf 88' lang='grc' dir='ltr'>οὐ</span> <span class='ocrx_word' id='word_1_432' title='bbox 2919 2970 3207 3041; x_wconf 78' lang='grc' dir='ltr'><strong>κεκίνηται</strong></span> <span class='ocrx_word' id='word_1_433' title='bbox 3242 2973 3382 3043; x_wconf 78' lang='grc' dir='ltr'>πρὸς</span> <span class='ocrx_word' id='word_1_434' title='bbox 3453 2970 3724 3042; x_wconf 64' lang='grc' dir='ltr'>ἐπιθυμίαν</span> 
     </span>
    </p>
   </div>
   <div class='ocr_carea' id='block_1_59' title="bbox 473 3061 676 3116">
    <p class='ocr_par' dir='ltr' id='par_1_59' title="bbox 473 3061 676 3116">
     <span class='ocr_line' id='line_1_60' title="bbox 473 3061 676 3116; baseline 0.005 -1"><span class='ocrx_word' id='word_1_435' title='bbox 473 3061 676 3116; x_wconf 77' lang='grc' dir='ltr'>αὐτῶν.</span> 
     </span>
    </p>
   </div>
   <div class='ocr_carea' id='block_1_60' title="bbox 545 3151 2055 3227">
    <p class='ocr_par' dir='ltr' id='par_1_60' title="bbox 545 3151 2055 3227">
     <span class='ocr_line' id='line_1_61' title="bbox 545 3151 2055 3227; baseline 0.002 -22"><span class='ocrx_word' id='word_1_436' title='bbox 545 3154 683 3220; x_wconf 81' lang='lat' dir='ltr'><strong>Quia</strong></span> <span class='ocrx_word' id='word_1_437' title='bbox 734 3166 864 3207; x_wconf 86' lang='lat' dir='ltr'><strong>vero</strong></span> <span class='ocrx_word' id='word_1_438' title='bbox 895 3151 1010 3206; x_wconf 82' lang='lat' dir='ltr'><strong>fieri</strong></span> <span class='ocrx_word' id='word_1_439' title='bbox 1062 3163 1264 3222; x_wconf 90' lang='lat' dir='ltr'><strong>potest,</strong></span> <span class='ocrx_word' id='word_1_440' title='bbox 1295 3163 1351 3208; x_wconf 91' lang='lat' dir='ltr'><strong>ut</strong></span> <span class='ocrx_word' id='word_1_441' title='bbox 1381 3157 1503 3223; x_wconf 87' lang='lat' dir='ltr'><strong>quis</strong></span> <span class='ocrx_word' id='word_1_442' title='bbox 1533 3157 1795 3227; x_wconf 85' lang='lat' dir='ltr'><strong>patiatur,</strong></span> <span class='ocrx_word' id='word_1_443' title='bbox 1836 3170 1938 3210; x_wconf 88' lang='lat' dir='ltr'><strong>nec</strong></span> <span class='ocrx_word' id='word_1_444' title='bbox 1972 3162 2055 3208; x_wconf 81' lang='lat' dir='ltr'><strong>ta-</strong></span> 
     </span>
    </p>
   </div>
   <div class='ocr_carea' id='block_1_61' title="bbox 476 3244 2057 3317">
    <p class='ocr_par' dir='ltr' id='par_1_61' title="bbox 476 3244 2057 3317">
     <span class='ocr_line' id='line_1_62' title="bbox 476 3244 2057 3317; baseline 0.003 -22"><span class='ocrx_word' id='word_1_445' title='bbox 476 3261 601 3299; x_wconf 85' lang='lat' dir='ltr'><strong>men</strong></span> <span class='ocrx_word' id='word_1_446' title='bbox 632 3254 899 3312; x_wconf 81' lang='lat' dir='ltr'><strong>sequatur</strong></span> <span class='ocrx_word' id='word_1_447' title='bbox 927 3244 1233 3310; x_wconf 89' lang='lat' dir='ltr'><strong>Christum,</strong></span> <span class='ocrx_word' id='word_1_448' title='bbox 1267 3255 1324 3300; x_wconf 88' lang='lat' dir='ltr'><strong>ut</strong></span> <span class='ocrx_word' id='word_1_449' title='bbox 1372 3262 1496 3302; x_wconf 90' lang='lat' dir='ltr'><strong>cum</strong></span> <span class='ocrx_word' id='word_1_450' title='bbox 1551 3249 1675 3317; x_wconf 87' lang='lat' dir='ltr'><strong>quis</strong></span> <span class='ocrx_word' id='word_1_451' title='bbox 1704 3249 1929 3317; x_wconf 85' lang='lat' dir='ltr'><strong>patitur,</strong></span> <span class='ocrx_word' id='word_1_452' title='bbox 1964 3249 2057 3301; x_wconf 89' lang='lat' dir='ltr'><strong>sed</strong></span> 
     </span>
    </p>
   </div>
   <div class='ocr_carea' id='block_1_62' title="bbox 476 3332 2059 3406">
    <p class='ocr_par' dir='ltr' id='par_1_62' title="bbox 476 3332 2059 3406">
     <span class='ocr_line' id='line_1_63' title="bbox 476 3332 2059 3406; baseline 0.002 -18"><span class='ocrx_word' id='word_1_453' title='bbox 476 3349 584 3390; x_wconf 86' lang='lat' dir='ltr'><strong>non</strong></span> <span class='ocrx_word' id='word_1_454' title='bbox 611 3346 834 3404; x_wconf 81' lang='lat' dir='ltr'><strong>propter</strong></span> <span class='ocrx_word' id='word_1_455' title='bbox 862 3332 1139 3389; x_wconf 86' lang='lat' dir='ltr'><strong>Christum</strong></span> <span class='ocrx_word' id='word_1_456' title='bbox 1169 3352 1185 3389; x_wconf 89' lang='lat'><strong>:</strong></span> <span class='ocrx_word' id='word_1_457' title='bbox 1216 3337 1420 3391; x_wconf 87' lang='lat' dir='ltr'><strong>etenim</strong></span> <span class='ocrx_word' id='word_1_458' title='bbox 1450 3353 1595 3406; x_wconf 65' lang='lat' dir='ltr'><strong>saepe</strong></span> <span class='ocrx_word' id='word_1_459' title='bbox 1630 3340 1795 3393; x_wconf 87' lang='lat' dir='ltr'><strong>etiam</strong></span> <span class='ocrx_word' id='word_1_460' title='bbox 1829 3337 2059 3391; x_wconf 81' lang='lat' dir='ltr'><strong>maleﬁci</strong></span> 
     </span>
    </p>
   </div>
   <div class='ocr_carea' id='block_1_63' title="bbox 477 3426 2059 3499">
    <p class='ocr_par' dir='ltr' id='par_1_63' title="bbox 477 3426 2059 3499">
     <span class='ocr_line' id='line_1_64' title="bbox 477 3426 2059 3499; baseline 0.003 -20"><span class='ocrx_word' id='word_1_461' title='bbox 477 3426 646 3481; x_wconf 89' lang='lat' dir='ltr'><strong>multa</strong></span> <span class='ocrx_word' id='word_1_462' title='bbox 676 3442 869 3497; x_wconf 84' lang='lat' dir='ltr'><strong>aspera</strong></span> <span class='ocrx_word' id='word_1_463' title='bbox 896 3428 1301 3494; x_wconf 85' lang='lat' dir='ltr'><strong>perpetiuntur,</strong></span> <span class='ocrx_word' id='word_1_464' title='bbox 1327 3431 1707 3499; x_wconf 84' lang='lat' dir='ltr'><strong>sepulcrorum</strong></span> <span class='ocrx_word' id='word_1_465' title='bbox 1742 3431 2059 3492; x_wconf 65' lang='lat' dir='ltr'><strong>eil‘msores,</strong></span> 
     </span>
    </p>
   </div>
   <div class='ocr_carea' id='block_1_64' title="bbox 478 3518 2064 3591">
    <p class='ocr_par' dir='ltr' id='par_1_64' title="bbox 478 3518 2064 3591">
     <span class='ocr_line' id='line_1_65' title="bbox 478 3518 2064 3591; baseline 0.004 -19"><span class='ocrx_word' id='word_1_466' title='bbox 478 3519 936 3591; x_wconf 65' lang='lat' dir='ltr'><strong>praistigiatores,</strong></span> <span class='ocrx_word' id='word_1_467' title='bbox 971 3518 1309 3586; x_wconf 68' lang='lat' dir='ltr'><strong>‘homicidze,</strong></span> <span class='ocrx_word' id='word_1_468' title='bbox 1344 3521 1516 3589; x_wconf 86' lang='lat' dir='ltr'><strong>fures,</strong></span> <span class='ocrx_word' id='word_1_469' title='bbox 1560 3524 1864 3591; x_wconf 71' lang='lat' dir='ltr'><strong>prtedoues,</strong></span> <span class='ocrx_word' id='word_1_470' title='bbox 1902 3523 2064 3578; x_wconf 82' lang='lat' dir='ltr'><strong>latro-</strong></span> 
     </span>
    </p>
   </div>
   <div class='ocr_carea' id='block_1_65' title="bbox 479 3612 2063 3680">
    <p class='ocr_par' dir='ltr' id='par_1_65' title="bbox 479 3612 2063 3680">
     <span class='ocr_line' id='line_1_66' title="bbox 479 3612 2063 3680; baseline 0.003 -14"><span class='ocrx_word' id='word_1_471' title='bbox 479 3628 576 3667; x_wconf 73' lang='lat' dir='ltr'><strong>nes</strong></span> <span class='ocrx_word' id='word_1_472' title='bbox 608 3630 624 3668; x_wconf 90' lang='lat'><strong>:</strong></span> <span class='ocrx_word' id='word_1_473' title='bbox 666 3627 734 3666; x_wconf 89' lang='lat' dir='ltr'><strong>ne</strong></span> <span class='ocrx_word' id='word_1_474' title='bbox 775 3614 898 3680; x_wconf 91' lang='lat' dir='ltr'><strong>quis</strong></span> <span class='ocrx_word' id='word_1_475' title='bbox 928 3613 1211 3667; x_wconf 81' lang='lat' dir='ltr'><strong>existimet</strong></span> <span class='ocrx_word' id='word_1_476' title='bbox 1245 3612 1492 3668; x_wconf 76' lang='lat' dir='ltr'><strong>sufﬁcere</strong></span> <span class='ocrx_word' id='word_1_477' title='bbox 1539 3616 1651 3669; x_wconf 88' lang='lat' dir='ltr'><strong>sola</strong></span> <span class='ocrx_word' id='word_1_478' title='bbox 1683 3624 1955 3670; x_wconf 90' lang='lat' dir='ltr'><strong>tormenta</strong></span> <span class='ocrx_word' id='word_1_479' title='bbox 1994 3616 2063 3671; x_wconf 79' lang='lat' dir='ltr'><strong>ad</strong></span> 
     </span>
    </p>
   </div>
   <div class='ocr_carea' id='block_1_66' title="bbox 478 3703 2064 3775">
    <p class='ocr_par' dir='ltr' id='par_1_66' title="bbox 478 3703 2064 3775">
     <span class='ocr_line' id='line_1_67' title="bbox 478 3703 2064 3775; baseline 0.003 -17"><span class='ocrx_word' id='word_1_480' title='bbox 478 3705 742 3770; x_wconf 81' lang='lat' dir='ltr'><strong>salutem,</strong></span> <span class='ocrx_word' id='word_1_481' title='bbox 778 3705 930 3758; x_wconf 84' lang='lat' dir='ltr'><strong>addit</strong></span> <span class='ocrx_word' id='word_1_482' title='bbox 967 3703 1228 3759; x_wconf 88' lang='lat' dir='ltr'><strong>Christus</strong></span> <span class='ocrx_word' id='word_1_483' title='bbox 1261 3722 1276 3759; x_wconf 86' lang='lat'><strong>:</strong></span> <span class='ocrx_word' id='word_1_484' title='bbox 1323 3704 1593 3775; x_wconf 77' lang='lat' dir='ltr'><strong>Sequatur</strong></span> <span class='ocrx_word' id='word_1_485' title='bbox 1617 3723 1720 3772; x_wconf 87' lang='lat' dir='ltr'><strong>me,</strong></span> <span class='ocrx_word' id='word_1_486' title='bbox 1754 3716 1812 3762; x_wconf 88' lang='lat' dir='ltr'><strong>ut</strong></span> <span class='ocrx_word' id='word_1_487' title='bbox 1863 3707 2064 3763; x_wconf 89' lang='lat' dir='ltr'><strong>indicet</strong></span> 
     </span>
    </p>
   </div>
   <div class='ocr_carea' id='block_1_67' title="bbox 475 3797 2062 3869">
    <p class='ocr_par' dir='ltr' id='par_1_67' title="bbox 475 3797 2062 3869">
     <span class='ocr_line' id='line_1_68' title="bbox 475 3797 2062 3869; baseline 0.003 -20"><span class='ocrx_word' id='word_1_488' title='bbox 475 3805 733 3865; x_wconf 88' lang='lat' dir='ltr'><strong>oportere</strong></span> <span class='ocrx_word' id='word_1_489' title='bbox 761 3810 856 3849; x_wconf 89' lang='lat' dir='ltr'><strong>sua</strong></span> <span class='ocrx_word' id='word_1_490' title='bbox 886 3811 1054 3850; x_wconf 80' lang='lat' dir='ltr'><strong>causa</strong></span> <span class='ocrx_word' id='word_1_491' title='bbox 1083 3797 1357 3851; x_wconf 88' lang='lat' dir='ltr'><strong>sustinere</strong></span> <span class='ocrx_word' id='word_1_492' title='bbox 1386 3799 1583 3853; x_wconf 87' lang='lat' dir='ltr'><strong>acerba</strong></span> <span class='ocrx_word' id='word_1_493' title='bbox 1614 3799 1846 3869; x_wconf 59' lang='lat' dir='ltr'><strong>qumvis,</strong></span> <span class='ocrx_word' id='word_1_494' title='bbox 1884 3815 2062 3869; x_wconf 84' lang='lat' dir='ltr'><strong>neque</strong></span> 
     </span>
    </p>
   </div>
   <div class='ocr_carea' id='block_1_68' title="bbox 481 3888 2063 3957">
    <p class='ocr_par' dir='ltr' id='par_1_68' title="bbox 481 3888 2063 3957">
     <span class='ocr_line' id='line_1_69' title="bbox 481 3888 2063 3957; baseline 0.003 -16"><span class='ocrx_word' id='word_1_495' title='bbox 481 3898 693 3941; x_wconf 85' lang='lat' dir='ltr'><strong>tantum</strong></span> <span class='ocrx_word' id='word_1_496' title='bbox 739 3888 793 3942; x_wconf 93' lang='lat' dir='ltr'><strong>iu</strong></span> <span class='ocrx_word' id='word_1_497' title='bbox 829 3889 990 3941; x_wconf 85' lang='lat' dir='ltr'><strong>malis</strong></span> <span class='ocrx_word' id='word_1_498' title='bbox 1036 3888 1382 3957; x_wconf 79' lang='lat' dir='ltr'><strong>perferendis</strong></span> <span class='ocrx_word' id='word_1_499' title='bbox 1410 3889 1787 3947; x_wconf 85' lang='lat' dir='ltr'><strong>fortitudinem</strong></span> <span class='ocrx_word' id='word_1_500' title='bbox 1835 3901 1891 3946; x_wconf 89' lang='lat' dir='ltr'><strong>et</strong></span> <span class='ocrx_word' id='word_1_501' title='bbox 1927 3892 2063 3946; x_wconf 79' lang='lat' dir='ltr'><strong>tule-</strong></span> 
     </span>
    </p>
   </div>
   <div class='ocr_carea' id='block_1_69' title="bbox 479 3981 2067 4055">
    <p class='ocr_par' dir='ltr' id='par_1_69' title="bbox 479 3981 2067 4055">
     <span class='ocr_line' id='line_1_70' title="bbox 479 3981 2067 4055; baseline 0.002 -23"><span class='ocrx_word' id='word_1_502' title='bbox 479 3981 711 4035; x_wconf 84' lang='lat' dir='ltr'><strong>rantiam</strong></span> <span class='ocrx_word' id='word_1_503' title='bbox 760 3981 1044 4055; x_wconf 65' lang='lat' dir='ltr'><strong>adhibere,</strong></span> <span class='ocrx_word' id='word_1_504' title='bbox 1072 3985 1165 4036; x_wconf 90' lang='lat' dir='ltr'><strong>sed</strong></span> <span class='ocrx_word' id='word_1_505' title='bbox 1217 3984 1381 4037; x_wconf 85' lang='lat' dir='ltr'><strong>etiam</strong></span> <span class='ocrx_word' id='word_1_506' title='bbox 1416 3985 1855 4052; x_wconf 85' lang='lat' dir='ltr'><strong>temperantiam,</strong></span> <span class='ocrx_word' id='word_1_507' title='bbox 1898 3985 2067 4052; x_wconf 84' lang='lat' dir='ltr'><strong>aequi-</strong></span> 
     </span>
    </p>
   </div>
   <div class='ocr_carea' id='block_1_70' title="bbox 480 4074 2067 4146">
    <p class='ocr_par' dir='ltr' id='par_1_70' title="bbox 480 4074 2067 4146">
     <span class='ocr_line' id='line_1_71' title="bbox 480 4074 2067 4146; baseline 0.001 -19"><span class='ocrx_word' id='word_1_508' title='bbox 480 4083 669 4140; x_wconf 83' lang='lat' dir='ltr'><strong>tatem,</strong></span> <span class='ocrx_word' id='word_1_509' title='bbox 701 4085 755 4127; x_wconf 89' lang='lat' dir='ltr'><strong>et</strong></span> <span class='ocrx_word' id='word_1_510' title='bbox 787 4074 967 4126; x_wconf 78' lang='lat' dir='ltr'><strong>mrinia</strong></span> <span class='ocrx_word' id='word_1_511' title='bbox 1000 4087 1197 4127; x_wconf 70' lang='lat' dir='ltr'><strong>caetera</strong></span> <span class='ocrx_word' id='word_1_512' title='bbox 1253 4077 1508 4129; x_wconf 77' lang='lat' dir='ltr'><strong>muudala</strong></span> <span class='ocrx_word' id='word_1_513' title='bbox 1561 4077 1805 4146; x_wconf 82' lang='lat' dir='ltr'><strong>exsequi.</strong></span> <span class='ocrx_word' id='word_1_514' title='bbox 1842 4076 2067 4145; x_wconf 78' lang='lat' dir='ltr'><strong>Signifi-</strong></span> 
     </span>
    </p>
   </div>
   <div class='ocr_carea' id='block_1_71' title="bbox 479 4148 2063 4237">
    <p class='ocr_par' dir='ltr' id='par_1_71' title="bbox 479 4148 2063 4237">
     <span class='ocr_line' id='line_1_72' title="bbox 479 4148 2063 4237; baseline -0.001 -16"><span class='ocrx_word' id='word_1_515' title='bbox 479 4175 637 4221; x_wconf 87' lang='lat' dir='ltr'><strong>catur</strong></span> <span class='ocrx_word' id='word_1_516' title='bbox 673 4166 819 4220; x_wconf 87' lang='lat' dir='ltr'><strong>enim</strong></span> <span class='ocrx_word' id='word_1_517' title='bbox 873 4166 981 4220; x_wconf 89' lang='lat' dir='ltr'><strong>illis</strong></span> <span class='ocrx_word' id='word_1_518' title='bbox 1030 4169 1211 4222; x_wconf 73' lang='lat' dir='ltr'><strong>verbis</strong></span> <span class='ocrx_word' id='word_1_519' title='bbox 1244 4184 1257 4220; x_wconf 89' lang='lat'><strong>:</strong></span> <span class='ocrx_word' id='word_1_520' title='bbox 1295 4148 1566 4237; x_wconf 47' lang='lat' dir='ltr'><strong>Sequatur</strong></span> <span class='ocrx_word' id='word_1_521' title='bbox 1609 4185 1710 4233; x_wconf 81' lang='lat' dir='ltr'><strong>me,</strong></span> <span class='ocrx_word' id='word_1_522' title='bbox 1747 4169 1797 4221; x_wconf 91' lang='lat' dir='ltr'><strong>in</strong></span> <span class='ocrx_word' id='word_1_523' title='bbox 1845 4183 2063 4221; x_wconf 83' lang='lat' dir='ltr'><strong>omnem</strong></span> 
     </span>
    </p>
   </div>
   <div class='ocr_carea' id='block_1_72' title="bbox 483 4259 2066 4328">
    <p class='ocr_par' dir='ltr' id='par_1_72' title="bbox 483 4259 2066 4328">
     <span class='ocr_line' id='line_1_73' title="bbox 483 4259 2066 4328; baseline 0.005 -22"><span class='ocrx_word' id='word_1_524' title='bbox 483 4259 738 4312; x_wconf 76' lang='lat' dir='ltr'><strong>virtutem</strong></span> <span class='ocrx_word' id='word_1_525' title='bbox 795 4259 1219 4314; x_wconf 76' lang='lat' dir='ltr'><strong>incuinbeudum</strong></span> <span class='ocrx_word' id='word_1_526' title='bbox 1252 4274 1393 4315; x_wconf 88' lang='lat' dir='ltr'><strong>esse.</strong></span> <span class='ocrx_word' id='word_1_527' title='bbox 1431 4261 1687 4328; x_wconf 88' lang='lat' dir='ltr'><strong>Seipsum</strong></span> <span class='ocrx_word' id='word_1_528' title='bbox 1720 4260 1915 4313; x_wconf 85' lang='lat' dir='ltr'><strong>deinde</strong></span> <span class='ocrx_word' id='word_1_529' title='bbox 1968 4261 2066 4314; x_wconf 86' lang='lat' dir='ltr'><strong>ab-</strong></span> 
     </span>
    </p>
   </div>
   <div class='ocr_carea' id='block_1_73' title="bbox 486 4351 2067 4422">
    <p class='ocr_par' dir='ltr' id='par_1_73' title="bbox 486 4351 2067 4422">
     <span class='ocr_line' id='line_1_74' title="bbox 486 4351 2067 4422; baseline 0.002 -20"><span class='ocrx_word' id='word_1_530' title='bbox 486 4359 649 4419; x_wconf 77' lang='lat' dir='ltr'><strong>negat</strong></span> <span class='ocrx_word' id='word_1_531' title='bbox 699 4351 843 4418; x_wconf 89' lang='lat' dir='ltr'><strong>quis,</strong></span> <span class='ocrx_word' id='word_1_532' title='bbox 898 4351 990 4419; x_wconf 90' lang='lat' dir='ltr'><strong>qui</strong></span> <span class='ocrx_word' id='word_1_533' title='bbox 1050 4353 1432 4416; x_wconf 84' lang='lat' dir='ltr'><strong>facultatibus,</strong></span> <span class='ocrx_word' id='word_1_534' title='bbox 1476 4354 1675 4422; x_wconf 83' lang='lat' dir='ltr'><strong>quibus</strong></span> <span class='ocrx_word' id='word_1_535' title='bbox 1733 4353 1966 4421; x_wconf 80' lang='lat' dir='ltr'><strong>pollebat</strong></span> <span class='ocrx_word' id='word_1_536' title='bbox 2014 4361 2067 4405; x_wconf 74' lang='lat' dir='ltr'><strong>et</strong></span> 
     </span>
    </p>
   </div>
   <div class='ocr_carea' id='block_1_74' title="bbox 482 4442 2065 4515">
    <p class='ocr_par' dir='ltr' id='par_1_74' title="bbox 482 4442 2065 4515">
     <span class='ocr_line' id='line_1_75' title="bbox 482 4442 2065 4515; baseline 0.002 -21"><span class='ocrx_word' id='word_1_537' title='bbox 482 4459 714 4509; x_wconf 80' lang='lat' dir='ltr'><strong>quorum</strong></span> <span class='ocrx_word' id='word_1_538' title='bbox 752 4442 1010 4513; x_wconf 34' lang='lat' dir='ltr'><strong>dmuinu‘s</strong></span> <span class='ocrx_word' id='word_1_539' title='bbox 1058 4456 1199 4509; x_wconf 83' lang='lat' dir='ltr'><strong>erat,</strong></span> <span class='ocrx_word' id='word_1_540' title='bbox 1233 4446 1515 4515; x_wconf 87' lang='lat' dir='ltr'><strong>dispersis,</strong></span> <span class='ocrx_word' id='word_1_541' title='bbox 1548 4454 1601 4500; x_wconf 85' lang='lat' dir='ltr'><strong>et</strong></span> <span class='ocrx_word' id='word_1_542' title='bbox 1649 4447 1842 4498; x_wconf 89' lang='lat' dir='ltr'><strong>nuntio</strong></span> <span class='ocrx_word' id='word_1_543' title='bbox 1886 4443 2065 4498; x_wconf 72' lang='lat' dir='ltr'><strong>omni~</strong></span> 
     </span>
    </p>
   </div>
   <div class='ocr_carea' id='block_1_75' title="bbox 2243 3145 3724 3226">
    <p class='ocr_par' dir='ltr' id='par_1_75' title="bbox 2243 3145 3724 3226">
     <span class='ocr_line' id='line_1_76' title="bbox 2243 3145 3724 3226; baseline 0.016 -27"><span class='ocrx_word' id='word_1_544' title='bbox 2243 3147 2403 3201; x_wconf 77' lang='grc' dir='ltr'>Ἐπεὶ</span> <span class='ocrx_word' id='word_1_545' title='bbox 2431 3146 2490 3201; x_wconf 79' lang='grc' dir='ltr'>δὲ</span> <span class='ocrx_word' id='word_1_546' title='bbox 2512 3145 2630 3201; x_wconf 78' lang='grc' dir='ltr'>ἔστι</span> <span class='ocrx_word' id='word_1_547' title='bbox 2654 3148 2937 3218; x_wconf 78' lang='grc' dir='ltr'>πάσχοντα</span> <span class='ocrx_word' id='word_1_548' title='bbox 2967 3149 3044 3221; x_wconf 78' lang='grc' dir='ltr'>μὴ</span> <span class='ocrx_word' id='word_1_549' title='bbox 3064 3151 3387 3209; x_wconf 81' lang='grc' dir='ltr'>ἀκολουθεῖν</span> <span class='ocrx_word' id='word_1_550' title='bbox 3406 3155 3483 3226; x_wconf 77' lang='grc' dir='ltr'><strong>τῷ</strong></span> <span class='ocrx_word' id='word_1_551' title='bbox 3505 3156 3547 3208; x_wconf 83' lang='grc' dir='ltr'><strong>Χ</strong></span> <span class='ocrx_word' id='word_1_552' title='bbox 3556 3154 3724 3226; x_wconf 73' lang='grc' dir='ltr'>ριστῷ·</span> 
     </span>
    </p>
   </div>
   <div class='ocr_carea' id='block_1_76' title="bbox 2163 3240 3723 3317">
    <p class='ocr_par' dir='ltr' id='par_1_76' title="bbox 2163 3240 3723 3317">
     <span class='ocr_line' id='line_1_77' title="bbox 2163 3240 3723 3317; baseline 0.005 -23"><span class='ocrx_word' id='word_1_553' title='bbox 2163 3240 2240 3303; x_wconf 83' lang='grc' dir='ltr'>ὼς</span> <span class='ocrx_word' id='word_1_554' title='bbox 2265 3240 2395 3292; x_wconf 83' lang='grc' dir='ltr'>ὅταν</span> <span class='ocrx_word' id='word_1_555' title='bbox 2425 3240 2655 3308; x_wconf 81' lang='grc' dir='ltr'><strong>πάσχων</strong></span> <span class='ocrx_word' id='word_1_556' title='bbox 2684 3243 2752 3294; x_wconf 79' lang='grc' dir='ltr'><strong>τὰ</strong></span> <span class='ocrx_word' id='word_1_557' title='bbox 2801 3243 2876 3313; x_wconf 80' lang='grc' dir='ltr'>μὴ</span> <span class='ocrx_word' id='word_1_558' title='bbox 2911 3243 2983 3295; x_wconf 85' lang='grc' dir='ltr'><strong>δι’</strong></span> <span class='ocrx_word' id='word_1_559' title='bbox 3028 3244 3194 3297; x_wconf 82' lang='grc' dir='ltr'>αὑτὸν</span> <span class='ocrx_word' id='word_1_560' title='bbox 3216 3250 3432 3317; x_wconf 53' lang='lat' dir='ltr'><strong>scis/ﬁt</strong></span> <span class='ocrx_word' id='word_1_561' title='bbox 3452 3264 3466 3280; x_wconf 76' lang='grc' dir='ltr'><strong>ο</strong></span> <span class='ocrx_word' id='word_1_562' title='bbox 3512 3247 3723 3316; x_wconf 76' lang='grc' dir='ltr'>καὶγὰρ</span> 
     </span>
    </p>
   </div>
   <div class='ocr_carea' id='block_1_77' title="bbox 2165 3317 3724 3409">
    <p class='ocr_par' dir='ltr' id='par_1_77' title="bbox 2165 3317 3724 3409">
     <span class='ocr_line' id='line_1_78' title="bbox 2165 3317 3724 3409; baseline 0.004 -28"><span class='ocrx_word' id='word_1_563' title='bbox 2165 3330 2257 3382; x_wconf 78' lang='grc' dir='ltr'>καὶ</span> <span class='ocrx_word' id='word_1_564' title='bbox 2288 3328 2885 3398; x_wconf 77' lang='grc' dir='ltr'>κακοῦργοι-πολλάκις</span> <span class='ocrx_word' id='word_1_565' title='bbox 2929 3333 3104 3387; x_wconf 86' lang='grc' dir='ltr'>πολλά</span> <span class='ocrx_word' id='word_1_566' title='bbox 3139 3334 3293 3389; x_wconf 71' lang='grc' dir='ltr'>δεινὰ</span> <span class='ocrx_word' id='word_1_567' title='bbox 3325 3339 3609 3409; x_wconf 71' lang='grc' dir='ltr'>πάσχουσι,</span> <span class='ocrx_word' id='word_1_568' title='bbox 3643 3317 3724 3389; x_wconf 77' lang='grc' dir='ltr'>καὶ</span> 
     </span>
    </p>
   </div>
   <div class='ocr_carea' id='block_1_78' title="bbox 2163 3420 3727 3496">
    <p class='ocr_par' dir='ltr' id='par_1_78' title="bbox 2163 3420 3727 3496">
     <span class='ocr_line' id='line_1_79' title="bbox 2163 3420 3727 3496; baseline 0.006 -24"><span class='ocrx_word' id='word_1_569' title='bbox 2163 3420 2544 3492; x_wconf 77' lang='grc' dir='ltr'>τυμϐωρύχοι,</span> <span class='ocrx_word' id='word_1_570' title='bbox 2575 3424 2669 3476; x_wconf 74' lang='grc' dir='ltr'>καὶ</span> <span class='ocrx_word' id='word_1_571' title='bbox 2695 3425 2911 3494; x_wconf 85' lang='grc' dir='ltr'>γόητες,</span> <span class='ocrx_word' id='word_1_572' title='bbox 2961 3428 3058 3481; x_wconf 75' lang='grc' dir='ltr'>καὶ</span> <span class='ocrx_word' id='word_1_573' title='bbox 3098 3431 3305 3495; x_wconf 79' lang='grc' dir='ltr'>φονεῖς,</span> <span class='ocrx_word' id='word_1_574' title='bbox 3357 3432 3453 3485; x_wconf 75' lang='grc' dir='ltr'>καὶ</span> <span class='ocrx_word' id='word_1_575' title='bbox 3492 3432 3727 3496; x_wconf 78' lang='grc' dir='ltr'>κλέπται,</span> 
     </span>
    </p>
   </div>
   <div class='ocr_carea' id='block_1_79' title="bbox 2165 3512 3727 3591">
    <p class='ocr_par' dir='ltr' id='par_1_79' title="bbox 2165 3512 3727 3591">
     <span class='ocr_line' id='line_1_80' title="bbox 2165 3512 3727 3591; baseline 0.006 -28"><span class='ocrx_word' id='word_1_576' title='bbox 2165 3513 2260 3565; x_wconf 78' lang='grc' dir='ltr'>καὶ</span> <span class='ocrx_word' id='word_1_577' title='bbox 2307 3512 2530 3583; x_wconf 77' lang='grc' dir='ltr'>λῃσταί·</span> <span class='ocrx_word' id='word_1_578' title='bbox 2567 3514 2653 3566; x_wconf 80' lang='grc' dir='ltr'><strong>ἵνα</strong></span> <span class='ocrx_word' id='word_1_579' title='bbox 2690 3516 2763 3584; x_wconf 85' lang='grc' dir='ltr'>μή</span> <span class='ocrx_word' id='word_1_580' title='bbox 2792 3533 2873 3579; x_wconf 88' lang='grc' dir='ltr'><strong>τις</strong></span> <span class='ocrx_word' id='word_1_581' title='bbox 2911 3518 3113 3589; x_wconf 78' lang='grc' dir='ltr'>νομίσῃ</span> <span class='ocrx_word' id='word_1_582' title='bbox 3149 3520 3231 3572; x_wconf 86' lang='grc' dir='ltr'>ὃτι</span> <span class='ocrx_word' id='word_1_583' title='bbox 3283 3522 3448 3591; x_wconf 83' lang='grc' dir='ltr'>ἀρκεῖ</span> <span class='ocrx_word' id='word_1_584' title='bbox 3494 3524 3643 3590; x_wconf 83' lang='grc' dir='ltr'>μόνον</span> <span class='ocrx_word' id='word_1_585' title='bbox 3669 3522 3727 3573; x_wconf 85' lang='grc' dir='ltr'><strong>τὰ</strong></span> 
     </span>
    </p>
   </div>
   <div class='ocr_carea' id='block_1_80' title="bbox 2163 3608 3729 3687">
    <p class='ocr_par' dir='ltr' id='par_1_80' title="bbox 2163 3608 3729 3687">
     <span class='ocr_line' id='line_1_81' title="bbox 2163 3608 3729 3687; baseline 0.005 -26"><span class='ocrx_word' id='word_1_586' title='bbox 2163 3608 2314 3661; x_wconf 81' lang='grc' dir='ltr'>δεινά</span> <span class='ocrx_word' id='word_1_587' title='bbox 2365 3609 2504 3679; x_wconf 84' lang='grc' dir='ltr'>πρὸς</span> <span class='ocrx_word' id='word_1_588' title='bbox 2543 3612 2859 3680; x_wconf 85' lang='grc' dir='ltr'>σωτηρίαν,</span> <span class='ocrx_word' id='word_1_589' title='bbox 2906 3615 3000 3666; x_wconf 80' lang='grc' dir='ltr'>καὶ</span> <span class='ocrx_word' id='word_1_590' title='bbox 3056 3614 3141 3681; x_wconf 85' lang='grc' dir='ltr'><strong>τὸ,</strong></span> <span class='ocrx_word' id='word_1_591' title='bbox 3177 3614 3597 3673; x_wconf 70' lang='grc' dir='ltr'>Ἀκολουθείτω</span> <span class='ocrx_word' id='word_1_592' title='bbox 3615 3632 3729 3687; x_wconf 80' lang='grc' dir='ltr'>μοι,</span> 
     </span>
    </p>
   </div>
   <div class='ocr_carea' id='block_1_81' title="bbox 2166 3701 3731 3772">
    <p class='ocr_par' dir='ltr' id='par_1_81' title="bbox 2166 3701 3731 3772">
     <span class='ocr_line' id='line_1_82' title="bbox 2166 3701 3731 3772; baseline 0.004 -19"><span class='ocrx_word' id='word_1_593' title='bbox 2166 3701 2530 3771; x_wconf 75' lang='grc' dir='ltr'>προστίθησιν</span> <span class='ocrx_word' id='word_1_594' title='bbox 2579 3702 2609 3754; x_wconf 86' lang='lat'><strong>6</strong></span> <span class='ocrx_word' id='word_1_595' title='bbox 2664 3704 2919 3772; x_wconf 74' lang='grc' dir='ltr'>Χριστὸς,</span> <span class='ocrx_word' id='word_1_596' title='bbox 2968 3706 3188 3768; x_wconf 79' lang='grc' dir='ltr'>δεικνὺς</span> <span class='ocrx_word' id='word_1_597' title='bbox 3237 3707 3324 3764; x_wconf 81' lang='grc' dir='ltr'>ὅτι</span> <span class='ocrx_word' id='word_1_598' title='bbox 3360 3710 3430 3762; x_wconf 85' lang='grc' dir='ltr'><strong>δι’</strong></span> <span class='ocrx_word' id='word_1_599' title='bbox 3468 3710 3620 3763; x_wconf 81' lang='grc' dir='ltr'>αὑτὸν</span> <span class='ocrx_word' id='word_1_600' title='bbox 3662 3708 3731 3760; x_wconf 86' lang='grc' dir='ltr'>δεῖ</span> 
     </span>
    </p>
   </div>
   <div class='ocr_carea' id='block_1_82' title="bbox 2165 3793 3727 3870">
    <p class='ocr_par' dir='ltr' id='par_1_82' title="bbox 2165 3793 3727 3870">
     <span class='ocr_line' id='line_1_83' title="bbox 2165 3793 3727 3870; baseline 0.005 -25"><span class='ocrx_word' id='word_1_601' title='bbox 2165 3793 2457 3861; x_wconf 81' lang='grc' dir='ltr'>ὑπομένειν</span> <span class='ocrx_word' id='word_1_602' title='bbox 2486 3794 2555 3845; x_wconf 73' lang='grc' dir='ltr'>τὰ</span> <span class='ocrx_word' id='word_1_603' title='bbox 2589 3793 2739 3847; x_wconf 81' lang='grc' dir='ltr'>δεινά</span> <span class='ocrx_word' id='word_1_604' title='bbox 2786 3795 3029 3863; x_wconf 68' lang='grc' dir='ltr'>ἅπαντα,</span> <span class='ocrx_word' id='word_1_605' title='bbox 3082 3798 3178 3850; x_wconf 76' lang='grc' dir='ltr'>καὶ</span> <span class='ocrx_word' id='word_1_606' title='bbox 3207 3798 3294 3851; x_wconf 82' lang='grc' dir='ltr'><strong>ὅτι</strong></span> <span class='ocrx_word' id='word_1_607' title='bbox 3337 3800 3398 3853; x_wconf 76' lang='grc' dir='ltr'>οὐ</span> <span class='ocrx_word' id='word_1_608' title='bbox 3452 3799 3605 3870; x_wconf 84' lang='grc' dir='ltr'>μόνον</span> <span class='ocrx_word' id='word_1_609' title='bbox 3634 3796 3727 3868; x_wconf 79' lang='grc' dir='ltr'><strong>χρὴ</strong></span> 
     </span>
    </p>
   </div>
   <div class='ocr_carea' id='block_1_83' title="bbox 2163 3886 3725 3963">
    <p class='ocr_par' dir='ltr' id='par_1_83' title="bbox 2163 3886 3725 3963">
     <span class='ocr_line' id='line_1_84' title="bbox 2163 3886 3725 3963; baseline 0.002 -26"><span class='ocrx_word' id='word_1_610' title='bbox 2163 3887 2264 3953; x_wconf 82' lang='grc' dir='ltr'><strong>τὴν</strong></span> <span class='ocrx_word' id='word_1_611' title='bbox 2295 3886 2355 3938; x_wconf 80' lang='grc' dir='ltr'><strong>ὲν</strong></span> <span class='ocrx_word' id='word_1_612' title='bbox 2382 3888 2496 3948; x_wconf 83' lang='grc' dir='ltr'>τοῖς</span> <span class='ocrx_word' id='word_1_613' title='bbox 2526 3887 2723 3949; x_wconf 77' lang='grc' dir='ltr'>δεινοῖς</span> <span class='ocrx_word' id='word_1_614' title='bbox 2768 3888 3028 3957; x_wconf 79' lang='grc' dir='ltr'>ἀνδρείαν</span> <span class='ocrx_word' id='word_1_615' title='bbox 3063 3891 3163 3944; x_wconf 75' lang='grc' dir='ltr'>καὶ</span> <span class='ocrx_word' id='word_1_616' title='bbox 3208 3893 3508 3963; x_wconf 86' lang='grc' dir='ltr'>καρτερίαν</span> <span class='ocrx_word' id='word_1_617' title='bbox 3544 3889 3725 3945; x_wconf 69' lang='grc' dir='ltr'>ὲπιδείυ</span> 
     </span>
    </p>
   </div>
   <div class='ocr_carea' id='block_1_84' title="bbox 2167 3977 3729 4051">
    <p class='ocr_par' dir='ltr' id='par_1_84' title="bbox 2167 3977 3729 4051">
     <span class='ocr_line' id='line_1_85' title="bbox 2167 3977 3729 4051; baseline 0.001 -21"><span class='ocrx_word' id='word_1_618' title='bbox 2167 3977 2422 4041; x_wconf 82' lang='grc' dir='ltr'>κνυσθαι,</span> <span class='ocrx_word' id='word_1_619' title='bbox 2454 3978 2593 4031; x_wconf 83' lang='grc' dir='ltr'>ἀλλὰ</span> <span class='ocrx_word' id='word_1_620' title='bbox 2622 3980 2716 4032; x_wconf 83' lang='grc' dir='ltr'>καὶ</span> <span class='ocrx_word' id='word_1_621' title='bbox 2747 3981 3126 4051; x_wconf 63' lang='grc' dir='ltr'>σωφροσύνην,</span> <span class='ocrx_word' id='word_1_622' title='bbox 3166 3983 3263 4036; x_wconf 77' lang='grc' dir='ltr'>καὶ</span> <span class='ocrx_word' id='word_1_623' title='bbox 3299 3985 3614 4049; x_wconf 71' lang='grc' dir='ltr'>ιπιείκειαν,</span> <span class='ocrx_word' id='word_1_624' title='bbox 3646 3983 3729 4035; x_wconf 72' lang='grc' dir='ltr'>καὶ</span> 
     </span>
    </p>
   </div>
   <div class='ocr_carea' id='block_1_85' title="bbox 2169 4068 3727 4145">
    <p class='ocr_par' dir='ltr' id='par_1_85' title="bbox 2169 4068 3727 4145">
     <span class='ocr_line' id='line_1_86' title="bbox 2169 4068 3727 4145; baseline 0.004 -27"><span class='ocrx_word' id='word_1_625' title='bbox 2169 4070 2351 4119; x_wconf 74' lang='grc' dir='ltr'>πᾶσαν</span> <span class='ocrx_word' id='word_1_626' title='bbox 2385 4068 2555 4136; x_wconf 81' lang='grc' dir='ltr'>ἄλλην</span> <span class='ocrx_word' id='word_1_627' title='bbox 2584 4070 2808 4139; x_wconf 76' lang='grc' dir='ltr'><strong>ἐντολὴν</strong></span> <span class='ocrx_word' id='word_1_628' title='bbox 2842 4071 3235 4141; x_wconf 77' lang='grc' dir='ltr'>μετέρχεσθαι·</span> <span class='ocrx_word' id='word_1_629' title='bbox 3276 4075 3438 4127; x_wconf 86' lang='grc' dir='ltr'>τοῦτο</span> <span class='ocrx_word' id='word_1_630' title='bbox 3462 4070 3727 4145; x_wconf 78' lang='grc' dir='ltr'>γὰρ-δηλοῖ</span> 
     </span>
    </p>
   </div>
   <div class='ocr_carea' id='block_1_86' title="bbox 2166 4157 3729 4236">
    <p class='ocr_par' dir='ltr' id='par_1_86' title="bbox 2166 4157 3729 4236">
     <span class='ocr_line' id='line_1_87' title="bbox 2166 4157 3729 4236; baseline 0.01 -26"><span class='ocrx_word' id='word_1_631' title='bbox 2166 4157 2227 4210; x_wconf 78' lang='grc' dir='ltr'><strong>τὸ</strong></span> <span class='ocrx_word' id='word_1_632' title='bbox 2252 4158 2674 4215; x_wconf 75' lang='grc' dir='ltr'>Ἀκολουθείτω</span> <span class='ocrx_word' id='word_1_633' title='bbox 2706 4179 2808 4231; x_wconf 79' lang='grc' dir='ltr'>μοι</span> <span class='ocrx_word' id='word_1_634' title='bbox 2837 4203 2852 4228; x_wconf 90' lang='grc'><strong>,</strong></span> <span class='ocrx_word' id='word_1_635' title='bbox 2898 4164 2960 4216; x_wconf 78' lang='grc' dir='ltr'><strong>τὸ</strong></span> <span class='ocrx_word' id='word_1_636' title='bbox 2989 4165 3372 4235; x_wconf 78' lang='grc' dir='ltr'>ἐπιμελεῖσθαι</span> <span class='ocrx_word' id='word_1_637' title='bbox 3406 4168 3580 4236; x_wconf 84' lang='grc' dir='ltr'>πάσης</span> <span class='ocrx_word' id='word_1_638' title='bbox 3618 4165 3729 4232; x_wconf 82' lang='grc' dir='ltr'>ἀρε·</span> 
     </span>
    </p>
   </div>
   <div class='ocr_carea' id='block_1_87' title="bbox 2166 4249 3728 4326">
    <p class='ocr_par' dir='ltr' id='par_1_87' title="bbox 2166 4249 3728 4326">
     <span class='ocr_line' id='line_1_88' title="bbox 2166 4249 3728 4326; baseline 0.003 -25"><span class='ocrx_word' id='word_1_639' title='bbox 2166 4249 2288 4319; x_wconf 81' lang='grc' dir='ltr'>τῆς.</span> <span class='ocrx_word' id='word_1_640' title='bbox 2327 4251 2781 4321; x_wconf 79' lang='grc' dir='ltr'>’Δπαρνεῖταίτις</span> <span class='ocrx_word' id='word_1_641' title='bbox 2812 4256 3026 4319; x_wconf 79' lang='grc' dir='ltr'>ἑαυτὸν,</span> <span class='ocrx_word' id='word_1_642' title='bbox 3065 4258 3093 4309; x_wconf 88' lang='lat'><strong>6</strong></span> <span class='ocrx_word' id='word_1_643' title='bbox 3134 4257 3203 4309; x_wconf 72' lang='grc' dir='ltr'><strong>τὰ</strong></span> <span class='ocrx_word' id='word_1_644' title='bbox 3242 4258 3491 4326; x_wconf 81' lang='grc' dir='ltr'>παρόντα</span> <span class='ocrx_word' id='word_1_645' title='bbox 3524 4254 3728 4325; x_wconf 83' lang='grc' dir='ltr'>σκορπί-</span> 
     </span>
    </p>
   </div>
   <div class='ocr_carea' id='block_1_88' title="bbox 2171 4342 3730 4421">
    <p class='ocr_par' dir='ltr' id='par_1_88' title="bbox 2171 4342 3730 4421">
     <span class='ocr_line' id='line_1_89' title="bbox 2171 4342 3730 4421; baseline 0.003 -29"><span class='ocrx_word' id='word_1_646' title='bbox 2171 4356 2268 4403; x_wconf 68' lang='lat' dir='ltr'><strong>cz;</strong></span> <span class='ocrx_word' id='word_1_647' title='bbox 2304 4342 2482 4397; x_wconf 76' lang='grc' dir='ltr'>πάντα</span> <span class='ocrx_word' id='word_1_648' title='bbox 2508 4344 2608 4397; x_wconf 79' lang='grc' dir='ltr'>ὅσα</span> <span class='ocrx_word' id='word_1_649' title='bbox 2641 4347 2931 4416; x_wconf 70' lang='grc' dir='ltr'>ἐκέκτητο,</span> <span class='ocrx_word' id='word_1_650' title='bbox 2967 4350 3061 4401; x_wconf 80' lang='grc' dir='ltr'>καὶ</span> <span class='ocrx_word' id='word_1_651' title='bbox 3091 4342 3168 4402; x_wconf 80' lang='grc' dir='ltr'>ὧν</span> <span class='ocrx_word' id='word_1_652' title='bbox 3204 4349 3400 4421; x_wconf 82' lang='grc' dir='ltr'>κύριος</span> <span class='ocrx_word' id='word_1_653' title='bbox 3428 4351 3520 4403; x_wconf 74' lang='grc' dir='ltr'>καὶ</span> <span class='ocrx_word' id='word_1_654' title='bbox 3548 4344 3730 4400; x_wconf 67' lang='lat'><strong>6:611:6-</strong></span> 
     </span>
    </p>
   </div>
   <div class='ocr_carea' id='block_1_89' title="bbox 2167 4431 3727 4516">
    <p class='ocr_par' dir='ltr' id='par_1_89' title="bbox 2167 4431 3727 4516">
     <span class='ocr_line' id='line_1_90' title="bbox 2167 4431 3727 4516; baseline -0.001 -26"><span class='ocrx_word' id='word_1_655' title='bbox 2167 4431 2385 4506; x_wconf 69' lang='grc' dir='ltr'>τηςῆν,</span> <span class='ocrx_word' id='word_1_656' title='bbox 2421 4441 2518 4491; x_wconf 54' lang='grc' dir='ltr'><strong>καί⁵</strong></span> <span class='ocrx_word' id='word_1_657' title='bbox 2551 4442 2662 4500; x_wconf 86' lang='grc' dir='ltr'>τοῖς</span> <span class='ocrx_word' id='word_1_658' title='bbox 2712 4445 2999 4510; x_wconf 82' lang='grc' dir='ltr'>σαρκικοῖς</span> <span class='ocrx_word' id='word_1_659' title='bbox 3039 4443 3178 4496; x_wconf 81' lang='grc' dir='ltr'>πᾶσι</span> <span class='ocrx_word' id='word_1_660' title='bbox 3219 4445 3562 4516; x_wconf 84' lang='grc' dir='ltr'>φρονήμασιν</span> <span class='ocrx_word' id='word_1_661' title='bbox 3607 4440 3727 4492; x_wconf 83' lang='grc' dir='ltr'>ἀπο·</span> 
     </span>
    </p>
   </div>
   <div class='ocr_carea' id='block_1_90' title="bbox 486 4526 2061 4607">
    <p class='ocr_par' dir='ltr' id='par_1_90' title="bbox 486 4532 2061 4601">
     <span class='ocr_line' id='line_1_91' title="bbox 486 4532 2061 4601; baseline 0.003 -17"><span class='ocrx_word' id='word_1_662' title='bbox 486 4536 586 4585; x_wconf 84' lang='lat' dir='ltr'><strong>l-ns</strong></span> <span class='ocrx_word' id='word_1_663' title='bbox 630 4535 813 4586; x_wconf 87' lang='lat' dir='ltr'><strong>carnis</strong></span> <span class='ocrx_word' id='word_1_664' title='bbox 859 4532 1287 4601; x_wconf 70' lang='lat' dir='ltr'><strong>cogitationibus</strong></span> <span class='ocrx_word' id='word_1_665' title='bbox 1335 4534 1585 4597; x_wconf 84' lang='lat' dir='ltr'><strong>remisso,</strong></span> <span class='ocrx_word' id='word_1_666' title='bbox 1611 4548 1826 4589; x_wconf 89' lang='lat' dir='ltr'><strong>crucem</strong></span> <span class='ocrx_word' id='word_1_667' title='bbox 1868 4535 2061 4589; x_wconf 86' lang='lat' dir='ltr'><strong>deinde</strong></span> 
     </span>
    </p>
   </div>
   <div class='ocr_carea' id='block_1_91' title="bbox 2164 4526 3727 4607">
    <p class='ocr_par' dir='ltr' id='par_1_91' title="bbox 2167 4526 3727 4607">
     <span class='ocr_line' id='line_1_92' title="bbox 2167 4526 3727 4607; baseline 0.001 -26"><span class='ocrx_word' id='word_1_668' title='bbox 2167 4527 2497 4598; x_wconf 78' lang='grc' dir='ltr'>ταξάμενος,</span> <span class='ocrx_word' id='word_1_669' title='bbox 2532 4526 2652 4583; x_wconf 79' lang='grc' dir='ltr'>εἶτα</span> <span class='ocrx_word' id='word_1_670' title='bbox 2673 4532 2767 4585; x_wconf 70' lang='grc' dir='ltr'>τὸν</span> <span class='ocrx_word' id='word_1_671' title='bbox 2801 4535 3036 4604; x_wconf 74' lang='grc' dir='ltr'>σταυρὸν</span> <span class='ocrx_word' id='word_1_672' title='bbox 3055 4535 3220 4607; x_wconf 85' lang='grc' dir='ltr'>αίρει,</span> <span class='ocrx_word' id='word_1_673' title='bbox 3255 4537 3376 4599; x_wconf 83' lang='grc' dir='ltr'>ὅλος</span> <span class='ocrx_word' id='word_1_674' title='bbox 3401 4536 3509 4590; x_wconf 85' lang='grc' dir='ltr'><strong>τῶν</strong></span> <span class='ocrx_word' id='word_1_675' title='bbox 3536 4532 3727 4587; x_wconf 83' lang='grc' dir='ltr'>ἐκεῖθεν</span> 
     </span>
    </p>
   </div>
   <div class='ocr_carea' id='block_1_92' title="bbox 496 4620 2061 4699">
    <p class='ocr_par' dir='ltr' id='par_1_92' title="bbox 496 4626 2061 4699">
     <span class='ocr_line' id='line_1_93' title="bbox 496 4626 2061 4699; baseline 0.004 -21"><span class='ocrx_word' id='word_1_676' title='bbox 496 4626 655 4690; x_wconf 85' lang='lat' dir='ltr'><strong>tollit,</strong></span> <span class='ocrx_word' id='word_1_677' title='bbox 685 4636 828 4679; x_wconf 87' lang='lat' dir='ltr'><strong>totus</strong></span> <span class='ocrx_word' id='word_1_678' title='bbox 859 4628 924 4679; x_wconf 82' lang='lat' dir='ltr'><strong>ad</strong></span> <span class='ocrx_word' id='word_1_679' title='bbox 957 4628 1205 4681; x_wconf 78' lang='lat' dir='ltr'><strong>coelestia</strong></span> <span class='ocrx_word' id='word_1_680' title='bbox 1237 4629 1375 4681; x_wconf 87' lang='lat' dir='ltr'><strong>bona</strong></span> <span class='ocrx_word' id='word_1_681' title='bbox 1402 4643 1719 4694; x_wconf 86' lang='lat' dir='ltr'><strong>conversus,</strong></span> <span class='ocrx_word' id='word_1_682' title='bbox 1740 4644 2061 4699; x_wconf 83' lang='lat' dir='ltr'><strong>prorsusque</strong></span> 
     </span>
    </p>
   </div>
   <div class='ocr_carea' id='block_1_93' title="bbox 2164 4620 3727 4699">
    <p class='ocr_par' dir='ltr' id='par_1_93' title="bbox 2171 4620 3727 4697">
     <span class='ocr_line' id='line_1_94' title="bbox 2171 4620 3727 4697; baseline 0.005 -26"><span class='ocrx_word' id='word_1_683' title='bbox 2171 4620 2487 4690; x_wconf 78' lang='grc' dir='ltr'>γενόμενος,</span> <span class='ocrx_word' id='word_1_684' title='bbox 2542 4629 2636 4675; x_wconf 82' lang='grc' dir='ltr'><strong>και</strong></span> <span class='ocrx_word' id='word_1_685' title='bbox 2685 4625 2819 4691; x_wconf 70' lang='grc' dir='ltr'>πρὸς</span> <span class='ocrx_word' id='word_1_686' title='bbox 2845 4624 3020 4678; x_wconf 79' lang='grc' dir='ltr'>ταῦτα</span> <span class='ocrx_word' id='word_1_687' title='bbox 3070 4625 3126 4678; x_wconf 78' lang='grc' dir='ltr'>δὲ</span> <span class='ocrx_word' id='word_1_688' title='bbox 3178 4628 3252 4696; x_wconf 79' lang='grc' dir='ltr'>μὴ</span> <span class='ocrx_word' id='word_1_689' title='bbox 3284 4624 3727 4697; x_wconf 71' lang='grc' dir='ltr'>ἐπιστρεφόμενος</span> 
     </span>
    </p>
   </div>
   <div class='ocr_carea' id='block_1_94' title="bbox 496 4718 2068 4791">
    <p class='ocr_par' dir='ltr' id='par_1_94' title="bbox 496 4718 2068 4791">
     <span class='ocr_line' id='line_1_95' title="bbox 496 4718 2068 4791; baseline 0.006 -24"><span class='ocrx_word' id='word_1_690' title='bbox 496 4719 851 4772; x_wconf 66' lang='lat' dir='ltr'><strong>terrestribus</strong></span> <span class='ocrx_word' id='word_1_691' title='bbox 885 4733 946 4773; x_wconf 87' lang='lat' dir='ltr'><strong>se</strong></span> <span class='ocrx_word' id='word_1_692' title='bbox 995 4718 1247 4784; x_wconf 79' lang='lat' dir='ltr'><strong>abdiCut,</strong></span> <span class='ocrx_word' id='word_1_693' title='bbox 1281 4731 1331 4774; x_wconf 87' lang='lat' dir='ltr'><strong>et</strong></span> <span class='ocrx_word' id='word_1_694' title='bbox 1367 4720 1614 4789; x_wconf 85' lang='lat' dir='ltr'><strong>sequitur</strong></span> <span class='ocrx_word' id='word_1_695' title='bbox 1648 4721 1945 4787; x_wconf 87' lang='lat' dir='ltr'><strong>Christum,</strong></span> <span class='ocrx_word' id='word_1_696' title='bbox 1976 4722 2068 4791; x_wconf 89' lang='lat' dir='ltr'><strong>qui</strong></span> 
     </span>
    </p>
   </div>
   <div class='ocr_carea' id='block_1_95' title="bbox 493 4802 2066 4879">
    <p class='ocr_par' dir='ltr' id='par_1_95' title="bbox 493 4802 2066 4879">
     <span class='ocr_line' id='line_1_96' title="bbox 493 4802 2066 4879; baseline 0.006 -22"><span class='ocrx_word' id='word_1_697' title='bbox 493 4823 684 4861; x_wconf 74' lang='lat' dir='ltr'><strong>amore</strong></span> <span class='ocrx_word' id='word_1_698' title='bbox 733 4812 856 4862; x_wconf 82' lang='lat' dir='ltr'><strong>boni</strong></span> <span class='ocrx_word' id='word_1_699' title='bbox 889 4810 1213 4879; x_wconf 77' lang='lat' dir='ltr'><strong>honestique</strong></span> <span class='ocrx_word' id='word_1_700' title='bbox 1246 4813 1360 4863; x_wconf 85' lang='lat' dir='ltr'><strong>ha-c</strong></span> <span class='ocrx_word' id='word_1_701' title='bbox 1393 4814 1542 4874; x_wconf 82' lang='lat' dir='ltr'><strong>facit,</strong></span> <span class='ocrx_word' id='word_1_702' title='bbox 1582 4802 1685 4863; x_wconf 84' lang='lat' dir='ltr'><strong>non</strong></span> <span class='ocrx_word' id='word_1_703' title='bbox 1717 4811 1900 4879; x_wconf 67' lang='lat' dir='ltr'><strong>gloria:</strong></span> <span class='ocrx_word' id='word_1_704' title='bbox 1928 4813 2066 4867; x_wconf 75' lang='lat' dir='ltr'><strong>alte-</strong></span> 
     </span>
    </p>
   </div>
   <div class='ocr_carea' id='block_1_96' title="bbox 490 4887 2066 4969">
    <p class='ocr_par' dir='ltr' id='par_1_96' title="bbox 490 4887 2066 4969">
     <span class='ocr_line' id='line_1_97' title="bbox 490 4887 2066 4969; baseline 0.003 -19"><span class='ocrx_word' id='word_1_705' title='bbox 490 4901 672 4954; x_wconf 78' lang='lat' dir='ltr'><strong>riusve</strong></span> <span class='ocrx_word' id='word_1_706' title='bbox 714 4899 839 4953; x_wconf 87' lang='lat' dir='ltr'><strong>talis</strong></span> <span class='ocrx_word' id='word_1_707' title='bbox 871 4900 1147 4954; x_wconf 88' lang='lat' dir='ltr'><strong>commodi</strong></span> <span class='ocrx_word' id='word_1_708' title='bbox 1180 4901 1376 4968; x_wconf 75' lang='lat' dir='ltr'><strong>gratia.</strong></span> <span class='ocrx_word' id='word_1_709' title='bbox 1418 4899 1468 4955; x_wconf 87' lang='lat' dir='ltr'><strong>Is</strong></span> <span class='ocrx_word' id='word_1_710' title='bbox 1499 4887 1641 4954; x_wconf 79' lang='lat' dir='ltr'><strong>enim</strong></span> <span class='ocrx_word' id='word_1_711' title='bbox 1666 4916 1792 4954; x_wconf 82' lang='lat' dir='ltr'><strong>vere</strong></span> <span class='ocrx_word' id='word_1_712' title='bbox 1821 4905 2066 4969; x_wconf 76' lang='lat' dir='ltr'><strong>sequitur</strong></span> 
     </span>
    </p>
   </div>
   <div class='ocr_carea' id='block_1_97' title="bbox 495 4988 2061 5062">
    <p class='ocr_par' dir='ltr' id='par_1_97' title="bbox 495 4988 2061 5062">
     <span class='ocr_line' id='line_1_98' title="bbox 495 4988 2061 5062; baseline 0.008 -26"><span class='ocrx_word' id='word_1_713' title='bbox 495 4988 801 5055; x_wconf 76' lang='lat' dir='ltr'><strong>Christum,</strong></span> <span class='ocrx_word' id='word_1_714' title='bbox 837 5004 962 5043; x_wconf 90' lang='lat' dir='ltr'><strong>cum</strong></span> <span class='ocrx_word' id='word_1_715' title='bbox 993 4989 1114 5057; x_wconf 82' lang='lat' dir='ltr'><strong>ejus</strong></span> <span class='ocrx_word' id='word_1_716' title='bbox 1146 4990 1358 5044; x_wconf 83' lang='lat' dir='ltr'><strong>vivendi</strong></span> <span class='ocrx_word' id='word_1_717' title='bbox 1404 4991 1665 5044; x_wconf 86' lang='lat' dir='ltr'><strong>rationem</strong></span> <span class='ocrx_word' id='word_1_718' title='bbox 1699 4993 2061 5062; x_wconf 84' lang='lat' dir='ltr'><strong>persequitur.</strong></span> 
     </span>
    </p>
   </div>
   <div class='ocr_carea' id='block_1_98' title="bbox 490 5078 2059 5152">
    <p class='ocr_par' dir='ltr' id='par_1_98' title="bbox 490 5078 2059 5152">
     <span class='ocr_line' id='line_1_99' title="bbox 490 5078 2059 5152; baseline 0.006 -21"><span class='ocrx_word' id='word_1_719' title='bbox 490 5078 597 5131; x_wconf 90' lang='lat' dir='ltr'><strong>lter</strong></span> <span class='ocrx_word' id='word_1_720' title='bbox 628 5080 774 5134; x_wconf 87' lang='lat' dir='ltr'><strong>enim</strong></span> <span class='ocrx_word' id='word_1_721' title='bbox 809 5089 1041 5147; x_wconf 88' lang='lat' dir='ltr'><strong>rectum,</strong></span> <span class='ocrx_word' id='word_1_722' title='bbox 1073 5096 1183 5152; x_wconf 92' lang='lat' dir='ltr'><strong>quo</strong></span> <span class='ocrx_word' id='word_1_723' title='bbox 1211 5079 1414 5136; x_wconf 89' lang='lat' dir='ltr'><strong>Christi</strong></span> <span class='ocrx_word' id='word_1_724' title='bbox 1453 5082 1696 5150; x_wconf 81' lang='lat' dir='ltr'><strong>vestigiis</strong></span> <span class='ocrx_word' id='word_1_725' title='bbox 1738 5083 2059 5149; x_wconf 86' lang='lat' dir='ltr'><strong>insistimus,</strong></span> 
     </span>
    </p>
   </div>
   <div class='ocr_carea' id='block_1_99' title="bbox 484 5173 2059 5246">
    <p class='ocr_par' dir='ltr' id='par_1_99' title="bbox 484 5173 2059 5246">
     <span class='ocr_line' id='line_1_100' title="bbox 484 5173 2059 5246; baseline 0.004 -21"><span class='ocrx_word' id='word_1_726' title='bbox 484 5184 533 5225; x_wconf 72' lang='lat' dir='ltr'><strong>et</strong></span> <span class='ocrx_word' id='word_1_727' title='bbox 562 5173 677 5243; x_wconf 86' lang='lat' dir='ltr'><strong>ejus</strong></span> <span class='ocrx_word' id='word_1_728' title='bbox 704 5174 958 5236; x_wconf 82' lang='lat' dir='ltr'><strong>imitatio,</strong></span> <span class='ocrx_word' id='word_1_729' title='bbox 986 5190 1244 5229; x_wconf 85' lang='lat' dir='ltr'><strong>coronam</strong></span> <span class='ocrx_word' id='word_1_730' title='bbox 1275 5188 1490 5244; x_wconf 88' lang='lat' dir='ltr'><strong>quoque</strong></span> <span class='ocrx_word' id='word_1_731' title='bbox 1521 5175 1802 5241; x_wconf 86' lang='lat' dir='ltr'><strong>conciliat,</strong></span> <span class='ocrx_word' id='word_1_732' title='bbox 1825 5192 2059 5246; x_wconf 83' lang='lat' dir='ltr'><strong>sequen-</strong></span> 
     </span>
    </p>
   </div>
   <div class='ocr_carea' id='block_1_100' title="bbox 2169 4710 3723 4787">
    <p class='ocr_par' dir='ltr' id='par_1_100' title="bbox 2169 4710 3723 4787">
     <span class='ocr_line' id='line_1_101' title="bbox 2169 4710 3723 4787; baseline 0.003 -27"><span class='ocrx_word' id='word_1_733' title='bbox 2169 4710 2448 4783; x_wconf 60' lang='grc' dir='ltr'>ὁπωσοῦν</span> <span class='ocrx_word' id='word_1_734' title='bbox 2502 4715 2593 4763; x_wconf 73' lang='grc' dir='ltr'>καὶ</span> <span class='ocrx_word' id='word_1_735' title='bbox 2641 4713 2925 4767; x_wconf 85' lang='grc' dir='ltr'>ἀκολουθεῖ</span> <span class='ocrx_word' id='word_1_736' title='bbox 2966 4715 3044 4787; x_wconf 84' lang='grc' dir='ltr'><strong>τῷ</strong></span> <span class='ocrx_word' id='word_1_737' title='bbox 3091 4717 3314 4787; x_wconf 79' lang='grc' dir='ltr'>Χριστῷ</span> <span class='ocrx_word' id='word_1_738' title='bbox 3340 4720 3371 4770; x_wconf 85' lang='lat'><strong>6</strong></span> <span class='ocrx_word' id='word_1_739' title='bbox 3400 4717 3487 4771; x_wconf 88' lang='grc' dir='ltr'><strong>διά</strong></span> <span class='ocrx_word' id='word_1_740' title='bbox 3518 4716 3612 4785; x_wconf 79' lang='grc' dir='ltr'><strong>τὴν</strong></span> <span class='ocrx_word' id='word_1_741' title='bbox 3636 4710 3723 4766; x_wconf 88' lang='grc' dir='ltr'>τοῦ</span> 
     </span>
    </p>
   </div>
   <div class='ocr_carea' id='block_1_101' title="bbox 2169 4799 3727 4879">
    <p class='ocr_par' dir='ltr' id='par_1_101' title="bbox 2169 4799 3727 4879">
     <span class='ocr_line' id='line_1_102' title="bbox 2169 4799 3727 4879; baseline 0.002 -27"><span class='ocrx_word' id='word_1_742' title='bbox 2169 4799 2380 4867; x_wconf 82' lang='grc' dir='ltr'>ἀγαθοῦ</span> <span class='ocrx_word' id='word_1_743' title='bbox 2408 4800 2573 4870; x_wconf 75' lang='grc' dir='ltr'>φύσιν</span> <span class='ocrx_word' id='word_1_744' title='bbox 2602 4804 2777 4856; x_wconf 73' lang='grc' dir='ltr'>ταῦτα</span> <span class='ocrx_word' id='word_1_745' title='bbox 2817 4806 3008 4869; x_wconf 76' lang='grc' dir='ltr'>ποιῶν,</span> <span class='ocrx_word' id='word_1_746' title='bbox 3052 4812 3144 4860; x_wconf 72' lang='grc' dir='ltr'>καὶ</span> <span class='ocrx_word' id='word_1_747' title='bbox 3183 4810 3258 4879; x_wconf 80' lang='grc' dir='ltr'>μὴ</span> <span class='ocrx_word' id='word_1_748' title='bbox 3289 4809 3379 4863; x_wconf 79' lang='grc' dir='ltr'>διὰ</span> <span class='ocrx_word' id='word_1_749' title='bbox 3406 4808 3559 4874; x_wconf 71' lang='grc' dir='ltr'>δόξαν</span> <span class='ocrx_word' id='word_1_750' title='bbox 3583 4802 3727 4875; x_wconf 80' lang='grc' dir='ltr'>τυχὸν</span> 
     </span>
    </p>
   </div>
   <div class='ocr_carea' id='block_1_102' title="bbox 2152 4893 3726 4970">
    <p class='ocr_par' dir='ltr' id='par_1_102' title="bbox 2152 4893 3726 4970">
     <span class='ocr_line' id='line_1_103' title="bbox 2152 4893 3726 4970; baseline 0.003 -25"><span class='ocrx_word' id='word_1_751' title='bbox 2152 4894 2263 4947; x_wconf 80' lang='grc' dir='ltr'>καὶ</span> <span class='ocrx_word' id='word_1_752' title='bbox 2316 4893 2484 4961; x_wconf 84' lang='grc' dir='ltr'>ἀλλην</span> <span class='ocrx_word' id='word_1_753' title='bbox 2509 4896 2631 4948; x_wconf 83' lang='grc' dir='ltr'>τινὰ</span> <span class='ocrx_word' id='word_1_754' title='bbox 2681 4897 3033 4967; x_wconf 82' lang='grc' dir='ltr'>ἀνθρωπίνην</span> <span class='ocrx_word' id='word_1_755' title='bbox 3079 4903 3379 4970; x_wconf 81' lang='grc' dir='ltr'>πρόφασιν.</span> <span class='ocrx_word' id='word_1_756' title='bbox 3432 4896 3595 4963; x_wconf 77' lang='grc' dir='ltr'>Οὗτος</span> <span class='ocrx_word' id='word_1_757' title='bbox 3632 4897 3726 4966; x_wconf 80' lang='grc' dir='ltr'><strong>γὰρ</strong></span> 
     </span>
    </p>
   </div>
   <div class='ocr_carea' id='block_1_103' title="bbox 2152 4985 3726 5066">
    <p class='ocr_par' dir='ltr' id='par_1_103' title="bbox 2152 4985 3726 5066">
     <span class='ocr_line' id='line_1_104' title="bbox 2152 4985 3726 5066; baseline 0.004 -29"><span class='ocrx_word' id='word_1_758' title='bbox 2152 4985 2336 5049; x_wconf 64' lang='grc' dir='ltr'>τδντως</span> <span class='ocrx_word' id='word_1_759' title='bbox 2381 4987 2668 5041; x_wconf 78' lang='grc' dir='ltr'>ἀκολουθεί</span> <span class='ocrx_word' id='word_1_760' title='bbox 2687 4987 2765 5058; x_wconf 79' lang='grc' dir='ltr'>τῷ</span> <span class='ocrx_word' id='word_1_761' title='bbox 2800 4987 3047 5061; x_wconf 70' lang='grc' dir='ltr'>Χριστῷ,</span> <span class='ocrx_word' id='word_1_762' title='bbox 3077 4994 3177 5063; x_wconf 80' lang='grc' dir='ltr'><strong>τὴν</strong></span> <span class='ocrx_word' id='word_1_763' title='bbox 3200 4994 3371 5066; x_wconf 81' lang='grc' dir='ltr'>αὐτὴν</span> <span class='ocrx_word' id='word_1_764' title='bbox 3403 4993 3548 5063; x_wconf 82' lang='grc' dir='ltr'>αὐτῷ</span> <span class='ocrx_word' id='word_1_765' title='bbox 3593 4989 3726 5043; x_wconf 86' lang='grc' dir='ltr'>πολι·</span> 
     </span>
    </p>
   </div>
   <div class='ocr_carea' id='block_1_104' title="bbox 2165 5078 3723 5156">
    <p class='ocr_par' dir='ltr' id='par_1_104' title="bbox 2165 5078 3723 5156">
     <span class='ocr_line' id='line_1_105' title="bbox 2165 5078 3723 5156; baseline 0.006 -25"><span class='ocrx_word' id='word_1_766' title='bbox 2165 5079 2321 5132; x_wconf 80' lang='grc' dir='ltr'>τείαν</span> <span class='ocrx_word' id='word_1_767' title='bbox 2347 5080 2438 5130; x_wconf 77' lang='grc' dir='ltr'>καὶ</span> <span class='ocrx_word' id='word_1_768' title='bbox 2467 5078 2628 5142; x_wconf 81' lang='grc' dir='ltr'>αὐτὸς</span> <span class='ocrx_word' id='word_1_769' title='bbox 2673 5080 3157 5151; x_wconf 82' lang='grc' dir='ltr'>διαπορευόμενος.</span> <span class='ocrx_word' id='word_1_770' title='bbox 3201 5085 3266 5138; x_wconf 85' lang='grc' dir='ltr'><em>Ἥ</em></span> <span class='ocrx_word' id='word_1_771' title='bbox 3297 5089 3408 5156; x_wconf 71' lang='grc' dir='ltr'><strong>γὰρ</strong></span> <span class='ocrx_word' id='word_1_772' title='bbox 3447 5084 3565 5139; x_wconf 87' lang='grc' dir='ltr'>κατ’</span> <span class='ocrx_word' id='word_1_773' title='bbox 3594 5084 3723 5153; x_wconf 78' lang='grc' dir='ltr'><strong>ἴχνος</strong></span> 
     </span>
    </p>
   </div>
   <div class='ocr_carea' id='block_1_105' title="bbox 2168 5167 3719 5241">
    <p class='ocr_par' dir='ltr' id='par_1_105' title="bbox 2168 5167 3719 5241">
     <span class='ocr_line' id='line_1_106' title="bbox 2168 5167 3719 5241; baseline 0 -21"><span class='ocrx_word' id='word_1_774' title='bbox 2168 5168 2367 5237; x_wconf 80' lang='grc' dir='ltr'>πορεία</span> <span class='ocrx_word' id='word_1_775' title='bbox 2400 5169 2493 5221; x_wconf 71' lang='grc' dir='ltr'>καὶ</span> <span class='ocrx_word' id='word_1_776' title='bbox 2520 5168 2882 5240; x_wconf 83' lang='grc' dir='ltr'>ἀκολούθησις</span> <span class='ocrx_word' id='word_1_777' title='bbox 2918 5170 3009 5224; x_wconf 84' lang='grc' dir='ltr'><strong>τοῦ</strong></span> <span class='ocrx_word' id='word_1_778' title='bbox 3047 5171 3288 5241; x_wconf 80' lang='grc' dir='ltr'>Χριστοῦ</span> <span class='ocrx_word' id='word_1_779' title='bbox 3323 5173 3525 5226; x_wconf 74' lang='grc' dir='ltr'>καὶτὸν</span> <span class='ocrx_word' id='word_1_780' title='bbox 3552 5172 3636 5222; x_wconf 75' lang='grc' dir='ltr'><strong>ἐπὶ</strong></span> <span class='ocrx_word' id='word_1_781' title='bbox 3660 5167 3719 5234; x_wconf 76' lang='grc' dir='ltr'><strong>τῇ</strong></span> 
     </span>
    </p>
   </div>
   <div class='ocr_carea' id='block_1_106' title="bbox 491 5258 2061 5336">
    <p class='ocr_par' dir='ltr' id='par_1_106' title="bbox 491 5266 2060 5336">
     <span class='ocr_line' id='line_1_107' title="bbox 491 5266 2060 5336; baseline 0.004 -19"><span class='ocrx_word' id='word_1_782' title='bbox 491 5268 635 5320; x_wconf 58' lang='lat' dir='ltr'><strong>titius</strong></span> <span class='ocrx_word' id='word_1_783' title='bbox 695 5267 1066 5334; x_wconf 86' lang='lat' dir='ltr'><strong>promissam:</strong></span> <span class='ocrx_word' id='word_1_784' title='bbox 1111 5276 1167 5319; x_wconf 88' lang='lat' dir='ltr'><strong>at</strong></span> <span class='ocrx_word' id='word_1_785' title='bbox 1203 5281 1331 5321; x_wconf 84' lang='lat' dir='ltr'><strong>vero</strong></span> <span class='ocrx_word' id='word_1_786' title='bbox 1375 5266 1654 5335; x_wconf 87' lang='lat' dir='ltr'><strong>obliquum</strong></span> <span class='ocrx_word' id='word_1_787' title='bbox 1700 5266 1851 5336; x_wconf 88' lang='lat' dir='ltr'><strong>illud,</strong></span> <span class='ocrx_word' id='word_1_788' title='bbox 1910 5278 1963 5323; x_wconf 90' lang='lat' dir='ltr'><strong>et</strong></span> <span class='ocrx_word' id='word_1_789' title='bbox 2010 5270 2060 5324; x_wconf 93' lang='lat' dir='ltr'><strong>in</strong></span> 
     </span>
    </p>
   </div>
   <div class='ocr_carea' id='block_1_107' title="bbox 2164 5258 3721 5336">
    <p class='ocr_par' dir='ltr' id='par_1_107' title="bbox 2164 5258 3721 5334">
     <span class='ocr_line' id='line_1_108' title="bbox 2164 5258 3721 5334; baseline 0.003 -21"><span class='ocrx_word' id='word_1_790' title='bbox 2164 5260 2527 5330; x_wconf 84' lang='grc' dir='ltr'>ἀκολουθήσει</span> <span class='ocrx_word' id='word_1_791' title='bbox 2576 5262 2840 5330; x_wconf 78' lang='grc' dir='ltr'>στέφανον</span> <span class='ocrx_word' id='word_1_792' title='bbox 2868 5264 3153 5334; x_wconf 79' lang='grc' dir='ltr'>προξενεῖ·</span> <span class='ocrx_word' id='word_1_793' title='bbox 3183 5265 3627 5333; x_wconf 81' lang='grc' dir='ltr'>παραλλάττουσα</span> <span class='ocrx_word' id='word_1_794' title='bbox 3651 5258 3721 5317; x_wconf 66' lang='grc' dir='ltr'><strong>δὲ.</strong></span> 
     </span>
    </p>
   </div>
   <div class='ocr_carea' id='block_1_108' title="bbox 486 5354 2061 5429">
    <p class='ocr_par' dir='ltr' id='par_1_108' title="bbox 486 5355 2061 5428">
     <span class='ocr_line' id='line_1_109' title="bbox 486 5355 2061 5428; baseline 0.003 -20"><span class='ocrx_word' id='word_1_795' title='bbox 486 5358 512 5408; x_wconf 79' lang='lat' dir='ltr'><strong>d</strong></span> <span class='ocrx_word' id='word_1_796' title='bbox 555 5366 764 5411; x_wconf 75' lang='lat' dir='ltr'><strong>xteram</strong></span> <span class='ocrx_word' id='word_1_797' title='bbox 807 5365 860 5410; x_wconf 88' lang='lat' dir='ltr'><strong>ct</strong></span> <span class='ocrx_word' id='word_1_798' title='bbox 921 5355 1203 5410; x_wconf 79' lang='lat' dir='ltr'><strong>sinistram</strong></span> <span class='ocrx_word' id='word_1_799' title='bbox 1255 5356 1559 5421; x_wconf 85' lang='lat' dir='ltr'><strong>declinans,</strong></span> <span class='ocrx_word' id='word_1_800' title='bbox 1598 5357 1699 5412; x_wconf 91' lang='lat' dir='ltr'><strong>etsi</strong></span> <span class='ocrx_word' id='word_1_801' title='bbox 1737 5358 1933 5413; x_wconf 83' lang='lat' dir='ltr'><strong>ducere</strong></span> <span class='ocrx_word' id='word_1_802' title='bbox 1971 5374 2061 5428; x_wconf 86' lang='lat' dir='ltr'><strong>per</strong></span> 
     </span>
    </p>
   </div>
   <div class='ocr_carea' id='block_1_109' title="bbox 2164 5354 3719 5429">
    <p class='ocr_par' dir='ltr' id='par_1_109' title="bbox 2164 5354 3719 5429">
     <span class='ocr_line' id='line_1_110' title="bbox 2164 5354 3719 5429; baseline -0.003 -23"><span class='ocrx_word' id='word_1_803' title='bbox 2164 5355 2256 5407; x_wconf 74' lang='grc' dir='ltr'>καὶ</span> <span class='ocrx_word' id='word_1_804' title='bbox 2280 5356 2360 5417; x_wconf 84' lang='grc' dir='ltr'><strong>είς</strong></span> <span class='ocrx_word' id='word_1_805' title='bbox 2387 5356 2455 5407; x_wconf 83' lang='grc' dir='ltr'><strong>τὰ</strong></span> <span class='ocrx_word' id='word_1_806' title='bbox 2479 5354 2629 5419; x_wconf 82' lang='grc' dir='ltr'>δεξιά</span> <span class='ocrx_word' id='word_1_807' title='bbox 2659 5357 2751 5407; x_wconf 74' lang='grc' dir='ltr'>καὶ</span> <span class='ocrx_word' id='word_1_808' title='bbox 2774 5358 2856 5417; x_wconf 78' lang='grc' dir='ltr'><strong>είς</strong></span> <span class='ocrx_word' id='word_1_809' title='bbox 2896 5360 2968 5408; x_wconf 83' lang='grc' dir='ltr'><strong>τὰ</strong></span> <span class='ocrx_word' id='word_1_810' title='bbox 2994 5359 3256 5427; x_wconf 79' lang='grc' dir='ltr'>ἀριστερά</span> <span class='ocrx_word' id='word_1_811' title='bbox 3282 5355 3719 5429; x_wconf 82' lang='grc' dir='ltr'>παρεκκλίνουσα,</span> 
     </span>
    </p>
   </div>
   <div class='ocr_carea' id='block_1_110' title="bbox 485 5445 2066 5517">
    <p class='ocr_par' dir='ltr' id='par_1_110' title="bbox 485 5445 2066 5517">
     <span class='ocr_line' id='line_1_111' title="bbox 485 5445 2066 5517; baseline 0.004 -18"><span class='ocrx_word' id='word_1_812' title='bbox 485 5446 683 5503; x_wconf 86' lang='lat' dir='ltr'><strong>Christi</strong></span> <span class='ocrx_word' id='word_1_813' title='bbox 719 5447 947 5514; x_wconf 77' lang='lat' dir='ltr'><strong>vestigia</strong></span> <span class='ocrx_word' id='word_1_814' title='bbox 978 5445 1214 5512; x_wconf 82' lang='lat' dir='ltr'><strong>videtur,</strong></span> <span class='ocrx_word' id='word_1_815' title='bbox 1247 5463 1306 5504; x_wconf 92' lang='lat' dir='ltr'><strong>re</strong></span> <span class='ocrx_word' id='word_1_816' title='bbox 1357 5458 1539 5504; x_wconf 86' lang='lat' dir='ltr'><strong>tamen</strong></span> <span class='ocrx_word' id='word_1_817' title='bbox 1571 5466 1701 5506; x_wconf 85' lang='lat' dir='ltr'><strong>vera</strong></span> <span class='ocrx_word' id='word_1_818' title='bbox 1755 5451 1912 5517; x_wconf 76' lang='lat' dir='ltr'><strong>fallit,</strong></span> <span class='ocrx_word' id='word_1_819' title='bbox 1950 5467 2066 5505; x_wconf 79' lang='lat' dir='ltr'><strong>oui-</strong></span> 
     </span>
    </p>
   </div>
   <div class='ocr_carea' id='block_1_111' title="bbox 487 5540 1204 5610">
    <p class='ocr_par' dir='ltr' id='par_1_111' title="bbox 487 5540 1204 5610">
     <span class='ocr_line' id='line_1_112' title="bbox 487 5540 1204 5610; baseline 0.006 -21"><span class='ocrx_word' id='word_1_820' title='bbox 487 5553 717 5610; x_wconf 79' lang='lat' dir='ltr'><strong>ncinque</strong></span> <span class='ocrx_word' id='word_1_821' title='bbox 743 5552 969 5606; x_wconf 86' lang='lat' dir='ltr'><strong>operam</strong></span> <span class='ocrx_word' id='word_1_822' title='bbox 1005 5540 1204 5606; x_wconf 89' lang='lat' dir='ltr'><strong>perdit.</strong></span> 
     </span>
    </p>
   </div>
   <div class='ocr_carea' id='block_1_112' title="bbox 556 5630 2057 5706">
    <p class='ocr_par' dir='ltr' id='par_1_112' title="bbox 556 5630 2057 5706">
     <span class='ocr_line' id='line_1_113' title="bbox 556 5630 2057 5706; baseline 0.005 -23"><span class='ocrx_word' id='word_1_823' title='bbox 556 5630 661 5695; x_wconf 79' lang='lat' dir='ltr'><strong>Qui</strong></span> <span class='ocrx_word' id='word_1_824' title='bbox 688 5630 822 5684; x_wconf 82' lang='lat' dir='ltr'><strong>enim</strong></span> <span class='ocrx_word' id='word_1_825' title='bbox 850 5630 1073 5685; x_wconf 77' lang='lat' dir='ltr'><strong>voluerit</strong></span> <span class='ocrx_word' id='word_1_826' title='bbox 1124 5633 1359 5688; x_wconf 80' lang='lat' dir='ltr'><strong>animum</strong></span> <span class='ocrx_word' id='word_1_827' title='bbox 1410 5651 1562 5690; x_wconf 78' lang='lat' dir='ltr'><strong>suam</strong></span> <span class='ocrx_word' id='word_1_828' title='bbox 1608 5637 1808 5693; x_wconf 75' lang='lat' dir='ltr'><strong>salvam</strong></span> <span class='ocrx_word' id='word_1_829' title='bbox 1859 5637 2057 5706; x_wconf 79' lang='lat' dir='ltr'><strong>facere,</strong></span> 
     </span>
    </p>
   </div>
   <div class='ocr_carea' id='block_1_113' title="bbox 556 5804 1596 5875">
    <p class='ocr_par' dir='ltr' id='par_1_113' title="bbox 556 5804 1596 5875">
     <span class='ocr_line' id='line_1_114' title="bbox 556 5804 1596 5875; baseline 0.007 -17"><span class='ocrx_word' id='word_1_830' title='bbox 556 5804 575 5837; x_wconf 81' lang='grc'><strong><em>⁸</em></strong></span> <span class='ocrx_word' id='word_1_831' title='bbox 610 5805 628 5858; x_wconf 90' lang='lat' dir='ltr'><strong>l</strong></span> <span class='ocrx_word' id='word_1_832' title='bbox 662 5804 790 5860; x_wconf 89' lang='lat' dir='ltr'><strong>Cor.</strong></span> <span class='ocrx_word' id='word_1_833' title='bbox 836 5822 922 5871; x_wconf 77' lang='lat' dir='ltr'><strong>xv,</strong></span> <span class='ocrx_word' id='word_1_834' title='bbox 959 5807 1047 5862; x_wconf 74' lang='lat' dir='ltr'><strong>5i.</strong></span> <span class='ocrx_word' id='word_1_835' title='bbox 1126 5808 1350 5873; x_wconf 46' lang='lat' dir='ltr'><strong>&#39;~&#39;,G.ilat.</strong></span> <span class='ocrx_word' id='word_1_836' title='bbox 1391 5827 1463 5875; x_wconf 67' lang='grc' dir='ltr'><strong>τι,</strong></span> <span class='ocrx_word' id='word_1_837' title='bbox 1510 5812 1596 5865; x_wconf 75' lang='grc'><strong>14.</strong></span> 
     </span>
    </p>
   </div>
   <div class='ocr_carea' id='block_1_114' title="bbox 2163 5449 3722 5521">
    <p class='ocr_par' dir='ltr' id='par_1_114' title="bbox 2163 5449 3722 5521">
     <span class='ocr_line' id='line_1_115' title="bbox 2163 5449 3722 5521; baseline -0.003 -22"><span class='ocrx_word' id='word_1_838' title='bbox 2163 5449 2315 5501; x_wconf 78' lang='grc' dir='ltr'>είκαὶ</span> <span class='ocrx_word' id='word_1_839' title='bbox 2372 5449 2798 5503; x_wconf 78' lang='grc' dir='ltr'>κατακολουθεῖν</span> <span class='ocrx_word' id='word_1_840' title='bbox 2829 5449 2995 5518; x_wconf 83' lang='grc' dir='ltr'>δοκεῖ,</span> <span class='ocrx_word' id='word_1_841' title='bbox 3027 5450 3145 5504; x_wconf 83' lang='grc' dir='ltr'>ἀλλ’</span> <span class='ocrx_word' id='word_1_842' title='bbox 3165 5451 3258 5506; x_wconf 81' lang='grc' dir='ltr'>οὖν</span> <span class='ocrx_word' id='word_1_843' title='bbox 3279 5451 3495 5521; x_wconf 82' lang='grc' dir='ltr'>ἀληθῶς</span> <span class='ocrx_word' id='word_1_844' title='bbox 3514 5458 3722 5520; x_wconf 86' lang='grc' dir='ltr'>ματαιο-</span> 
     </span>
    </p>
   </div>
   <div class='ocr_carea' id='block_1_115' title="bbox 2165 5543 2338 5594">
    <p class='ocr_par' dir='ltr' id='par_1_115' title="bbox 2165 5543 2338 5594">
     <span class='ocr_line' id='line_1_116' title="bbox 2165 5543 2338 5594; baseline -0.006 0"><span class='ocrx_word' id='word_1_845' title='bbox 2165 5543 2338 5594; x_wconf 81' lang='grc' dir='ltr'>πονεῖ.</span> 
     </span>
    </p>
   </div>
   <div class='ocr_carea' id='block_1_116' title="bbox 2246 5602 3722 5710">
    <p class='ocr_par' dir='ltr' id='par_1_116' title="bbox 2246 5602 3722 5710">
     <span class='ocr_line' id='line_1_117' title="bbox 2246 5602 3722 5710; baseline 0.003 -23"><span class='ocrx_word' id='word_1_846' title='bbox 2246 5635 2352 5699; x_wconf 82' lang='grc' dir='ltr'>Ὃς</span> <span class='ocrx_word' id='word_1_847' title='bbox 2378 5602 2493 5705; x_wconf 41' lang='grc' dir='ltr'><strong>’γὰρ</strong></span> <span class='ocrx_word' id='word_1_848' title='bbox 2540 5636 2647 5710; x_wconf 55' lang='lat' dir='ltr'><strong>sfw</strong></span> <span class='ocrx_word' id='word_1_849' title='bbox 2701 5634 2847 5702; x_wconf 75' lang='grc' dir='ltr'><strong>θέλῃ</strong></span> <span class='ocrx_word' id='word_1_850' title='bbox 2877 5638 2991 5705; x_wconf 80' lang='grc' dir='ltr'><strong>τὴν</strong></span> <span class='ocrx_word' id='word_1_851' title='bbox 3037 5617 3261 5708; x_wconf 59' lang='grc' dir='ltr'>ψυχὴτί</span> <span class='ocrx_word' id='word_1_852' title='bbox 3295 5634 3481 5694; x_wconf 86' lang='grc' dir='ltr'>αὐτοῦ</span> <span class='ocrx_word' id='word_1_853' title='bbox 3522 5629 3722 5692; x_wconf 66' lang='grc' dir='ltr'><strong>σῶσαι»</strong></span> 
     </span>
    </p>
   </div>
  </div>
