4016 6504
266 540 374 604 2’3

1440 498 1739 590 ORATIO
1775 530 1855 590 IN
1899 531 1957 591 s.
2000 531 2338 610 ceuceu.

181 714 201 729 ο
273 648 560 707 ἀπολέσει
586 644 789 713 αὐτήν
810 661 826 677 ⁸
858 645 924 712 ὃς
956 644 1008 698 δ’
1034 644 1113 699 ἂν
1138 641 1429 699 ἀπολέσει
1471 644 1589 711 τὴν
1631 641 1853 729 ἑαυτοῦ
1882 682 1892 703 ε

1996 643 2138 698 erdet
2184 643 2464 714 eam:qui
2519 651 2694 695 autem
2742 640 3025 708 perdiderit
3077 640 3311 690 animant
3377 649 3531 688 suam

3408 520 3517 585 274

280 743 483 814 ψυχὴν
532 740 751 794 ἕνεκεν
777 737 925 806 ἐμοῦ
956 735 1056 791 καὶ
1087 735 1194 791 τοῦ
1230 734 1625 806 Εὐαγγελίου,
1665 727 1847 799 οὗτος

1996 743 2168 805 ropter
2201 752 2283 789 me
2343 746 2392 788 et
2438 734 2807 804 Evangelium,
2840 734 2886 787 is
2928 731 3135 786 salvam
3180 728 3338 799 faciet
3386 743 3529 781 eam.

290 839 465 892 σώσει
496 831 714 898 αὐτὴν.
750 828 959 893 Γλυκύς
989 829 1137 882 ἐστιν
1161 830 1189 882 6
1217 830 1410 900 παρὼν
1442 827 1656 898 βίος,ού
1690 827 1856 880 πᾶσιν

294 923 618 993 ἀνθρώποις,
659 919 801 974 ἀλλὰ
852 920 966 980 τοῖς
1010 916 1480 988 προσηλουμένοις
1531 918 1706 986 αὐτῷ,
1759 916 1859 969 καὶ

290 1015 479 1085 δεσμός
517 1013 669 1065 ἐστιν
698 1013 732 1081 ἡ
756 1009 892 1081 πρὸς
913 1008 981 1063 τὰ
1008 1008 1257 1080 παρόντα
1289 1006 1568 1079 συνήθεια.
1617 1008 1860 1074 Ἐνάγων

285 1108 467 1160 τοίνυν
488 1105 635 1174 ἡμᾶς
661 1102 799 1171 πρὸς
828 1099 1144 1172 ἐλευθερίαν
1166 1103 1198 1155 6
1227 1100 1453 1170 Κύριος,
1486 1100 1641 1168 ἔλεγε
1660 1100 1858 1161 ταῦτα,

288 1196 573 1267 προδηλῶν
598 1195 728 1257 τοὺς
760 1193 1056 1262 διωγμοὺς,
1098 1190 1194 1255 οὒς
1228 1191 1455 1262 ἔμελλον
1489 1194 1538 1246 oi
1578 1193 1659 1255 είς
1696 1191 1862 1246 αὐτὸν

284 1285 711 1346 πεπιστευκότες
737 1283 880 1336 κατὰ
902 1283 1080 1336 πᾶσαν
1104 1281 1258 1334 πόλιν
1290 1283 1389 1335 καὶ
1425 1279 1613 1351 χώραν
1636 1279 1862 1348 ὑφίστα-

287 1379 436 1432 σθαι.
467 1376 533 1429 Εἰ
553 1393 636 1437 τις
666 1370 783 1437 οὖν,
816 1373 974 1442 φησὶ,
1002 1374 1126 1425 τότε
1164 1372 1263 1442 τῆς
1303 1371 1503 1426 ἑαυτοῦ
1531 1372 1710 1443 ψυχῆς
1741 1372 1864 1442 φεί-

289 1486 444 1521 σεται
468 1484 491 1529 ·,
518 1466 676 1519 τοῦτο
721 1467 833 1536 γὰρ
886 1464 1144 1533 σημαίνει
1189 1463 1253 1518 τὸ
1301 1464 1532 1518 σῶσαιο
1602 1463 1866 1518 ἀπολέσει

290 1560 460 1629 αὐτὴν
486 1562 545 1611 ἐν
579 1557 656 1626 τῷ
689 1557 848 1610 αίῶνι
875 1557 954 1623 τῷ
995 1555 1245 1626 μέλλοντι
1264 1594 1280 1619 ,
1330 1557 1451 1608 ἀντὶ
1479 1553 1596 1619 τοῦ,
1620 1555 1869 1625 τιμωρίᾳ

292 1650 466 1719 αὐτὴν
517 1647 878 1717 παραπέμψει
918 1647 1180 1716 διηνεκεῖ.
1220 1645 1497 1698 Ἀπώλεια
1538 1645 1648 1716 γὰρ
1692 1645 1872 1716 ψυχῆς

292 1742 395 1810 οὐχ
420 1743 453 1808 ἡ
480 1743 560 1804 είς
592 1740 653 1793 τὸ
687 1738 762 1810 μὴ
802 1737 860 1791 ὃν
890 1736 1136 1801 διάλυσις
1183 1739 1355 1804 ἐστιν,
1384 1736 1514 1790 ¹ἀλλ’
1551 1739 1587 1808 ἡ
1616 1737 1873 1809 διηνεκὴς

292 1832 534 1900 τιμωρία
574 1832 689 1883 ⁸καὶ
735 1830 1160 1891 ἀκατάπαυστος
1182 1845 1200 1863 ο
1230 1828 1326 1881 καὶ
1352 1831 1381 1882 6
1423 1828 1742 1899 φειδόμενος
1773 1830 1874 1900 τῆς

296 1923 473 1993 ψυχῆς
503 1921 667 1976 αὑτοῦ
728 1921 915 1975 τοῦτον
956 1921 1050 1975 τὸν
1086 1920 1288 1991 τρόπον
1312 1920 1612 1974 ἀπόλλυσιν
1660 1920 1867 1991 at»qu-

298 2016 325 2065 6
360 2014 417 2065 δὲ
454 2013 531 2084 μὴ
579 2012 894 2081 φειδόμενος
960 2010 1161 2075 σώζει·
1216 2010 1315 2065 καὶ
1366 2009 1527 2064 τοῦτο
1574 2010 1741 2079 σοφός
1784 2026 1873 2071 τις

302 2107 522 2173 ἔλεγεν·
562 2104 707 2159 Ἐὰν
749 2102 1085 2171 παιδεύσῃς
1116 2102 1256 2157 υίόν
1280 2115 1403 2156 σου
1443 2102 1516 2156 ἐν
1552 2099 1773 2169 ῥάϐδῳ,
1800 2101 1873 2156 οὐ

297 2198 384 2267 μὴ
419 2197 693 2264 ἀποθάνῃ
713 2211 728 2227 ⁹
756 2195 874 2263 τὴν
904 2193 975 2248 δὲ
1014 2192 1232 2263 ψυχὴν
1275 2192 1467 2249 αὐτοῦ
1499 2192 1570 2247 ἐκ
1613 2191 1887 2249 θανάτου-

298 2291 463 2359 ﬁdem
486 2306 500 2320 ·
543 2290 635 2343 καὶ
656 2288 820 2343 πάλιν
839 2302 853 2318 °
894 2287 952 2341 Ὁ
983 2286 1336 2355 περιψύχων
1362 2283 1471 2340 τὸν
1496 2286 1632 2340 υἱὸν
1663 2283 1878 2348 αὐτοῦ,

306 2382 584 2449 τουτέστιν
632 2380 823 2446 ἐλεῶν,
853 2377 1185 2445 καταϐήσει
1223 2377 1302 2432 τὰ
1325 2376 1638 2447 τραύματα
1663 2374 1876 2431 αὑτοῦ.

307 2474 482 2529 Τοῦτο
536 2473 632 2528 καὶ
680 2475 778 2528 ἐπὶ
838 2471 1189 2542 στρατοπέδῳ
1216 2469 1476 2538 -γίνεται,
1522 2467 1653 2523 Ἐὰν
1694 2469 1803 2539 γὰρ
1850 2470 1899 2524 6-

310 2567 613 2638 στρατηγδς
639 2566 957 2637 φειδόμενος
981 2564 1089 2618 τῶν
1116 2563 1467 2634 στρατιωτῶν
1490 2561 1643 2618 ἔνδον
1664 2561 1882 2617 κελεύει

316 2659 499 2725 μένειν
523 2657 610 2712 διὰ
643 2655 863 2723 παντὸς,
891 2654 989 2711 καὶ
1014 2656 1143 2719 τοὺς
1166 2655 1325 2718 ἐκτὸς
1354 2655 1456 2710 σὺν
1484 2654 1671 2719 αὐτοῖς
1704 2670 1880 2727 προσ·

312 2747 630 2802 απόλλυσιν.

390 2838 507 2890 Ἵνα
539 2836 631 2890 οὖν
681 2836 755 2907 μὴ
785 2838 882 2892 καὶ
919 2838 1004 2907 ἐφ’
1049 2838 1209 2907 ἡμῶν
1238 2836 1396 2892 τοῦτο
1441 2838 1689 2908 γένηται,
1747 2839 1887 2909 πρὸς

314 2925 415 2996 τὴν
472 2927 693 2996 διηνεκῆ
750 2926 981 2980 θάνατον
1034 2926 1274 2981 διδάσκει
1322 2927 1352 2979 6
1386 2925 1591 2992 Κύριος
1634 2928 1890 2999 ἑτοίμους

314 3011 457 3069 εἷναι
493 3018 660 3085 ἡμᾶς.
706 3016 762 3069 Ὀ
796 3016 903 3086 γὰρ
929 3018 996 3086 τῇ
1034 3016 1220 3085 σχέσει
1279 3016 1372 3069 καὶ
1399 3018 1462 3086 τῇ
1493 3016 1764 3088 ἐπιθυμίᾳ
1787 3021 1890 3088 τῆς

316 3108 663 3178 προσκαίρου
694 3107 839 3177 ζωῆς
885 3108 995 3162 τῶν
1031 3107 1174 3176 ὑπὲρ
1199 3105 1441 3176 Χριστοῦ
1481 3107 1748 3163 κινδύνων
1795 3109 1891 3163 καὶ

1960 828 2141 883 Dulcis
2178 839 2262 884 est
2298 842 2541 898 praesens
2574 828 2708 893 vita,
2744 842 2850 883 non
2897 823 3154 881 omnibus
3190 820 3530 882 hominibus,

1961 922 2058 974 sed
2087 920 2153 973 iis
2171 919 2261 989 qui
2279 919 2332 973 ei
2354 918 2495 972 ιλΠὶιί
2522 928 2667 982 sunt,
2687 926 2742 972 et
2770 915 3051 972 vinculum
3065 922 3148 968 est
3182 910 3528 980 praesentium

1961 1026 2095 1067 usus
2133 1010 2590 1066 et'consuetudo.
2619 1006 2692 1066 Ut
2724 1024 2852 1078 ergo
2889 1023 2990 1062 nos
3038 1005 3319 1060 induceret
3356 1003 3421 1055 ad
3467 1002 3534 1054 li-

1960 1105 2228 1159 bertatein
2263 1103 2544 1166 Dominus,
2577 1100 2667 1155 illa
2717 1100 2875 1162 dixit,
2912 1097 3288 1169 prtenuntians
3346 1108 3535 1161 perse-

1963 1198 2234 1258 cutiones.
2268 1209 2407 1264 quas
2459 1194 2497 1248 ii
2528 1194 2621 1262 qui
2679 1191 2733 1246 in
2795 1191 2970 1258 ipsum
3024 1188 3410 1260 credidissent,
3444 1201 3538 1254 per

1968 1306 2158 1347 omnes
2190 1289 2440 1343 civitates
2468 1295 2523 1342 et
2556 1285 2804 1357 regiones
2835 1284 3066 1341 subituri
3100 1292 3278 1337 erant.
3319 1279 3372 1332 Si
3412 1279 3538 1348 quis

1965 1394 2098 1446 ergo
2130 1388 2267 1442 tum,
2300 1379 2496 1445 inquit,
2526 1378 2723 1431 animae
2750 1392 2862 1433 stite
2890 1375 3196 1444 pepercerit
3229 1374 3358 1441 (hoc
3389 1369 3534 1424 enim
3608 1362 3613 1365 ⁴

1970 1471 2244 1540 signiﬁcat
2272 1469 2399 1523 illud
2433 1485 2446 1523 :
2488 1466 2692 1522 saluam
2722 1465 2946 1537 facere),
2974 1466 3165 1535 perdet
3197 1479 3317 1518 eam
3346 1462 3400 1515 in
3444 1476 3545 1512 sac-

1971 1561 2095 1616 culo
2121 1561 2324 1627 futuro,
2357 1562 2459 1616 hoc
2481 1569 2587 1624 est,
2633 1560 2684 1612 in
2711 1570 3008 1628 perpetuas
3028 1571 3151 1611 eam
3185 1567 3373 1625 poenas
3405 1570 3544 1621 prte—

1971 1654 2241 1724 cipitabit.
2274 1653 2517 1709 Perditio
2549 1652 2693 1704 enim
2725 1652 2922 1704 anima:
2971 1658 3074 1714 est,
3103 1662 3211 1701 non
3257 1645 3540 1699 dissolutio

1976 1748 2027 1801 in
2062 1745 2319 1809 nihilum,
2343 1742 2437 1798 sed
2472 1753 2790 1813 perpetuum
2816 1740 3160 1813 supplicium,
3180 1747 3234 1792 et
3265 1751 3544 1805 nunquam

1976 1834 2290 1891 ﬁniendum.
2322 1834 2387 1888 Et
2441 1812 2532 1903 qui
2563 1812 2736 1901 parcit
2783 1832 2995 1884 animm'
3026 1812 3138 1883 sua:
3200 1829 3302 1882 hoc
3359 1825 3542 1890 modo,

1977 1926 2163 1997 perdit
2184 1938 2302 1980 eam
2333 1941 2347 1989 ;
2382 1925 2474 1994 qui
2509 1938 2640 1978 vero
2676 1936 2782 1977 non
2817 1922 3010 1990 parcit,
3042 1920 3249 1973 salvam
3277 1917 3424 1972 facit.
3453 1915 3550 1969 At-

1974 2030 2084 2087 que
2113 2016 2215 2069 ltoc
2269 2014 2488 2085 sapiens
2516 2013 2737 2083 quidam
2789 2012 2926 2066 dixit
2958 2026 2974 2067 :
3005 2010 3063 2065 Si
3114 2007 3436 2079 corripueris
3480 2007 3547 2074 ﬁ-

1976 2108 2105 2162 lium
2131 2115 2281 2160 tuum
2316 2109 2371 2160 in
2396 2107 2570 2176 uirga,
2608 2121 2714 2159 non
2750 2106 3028 2165 morietur,
3058 2100 3147 2154 sed
3179 2101 3410 2153 animam
3439 2098 3552 2166 ejus

1977 2214 2009 2250 α
2048 2204 2215 2252 morte
2246 2194 2576 2263 liberabis“;
2619 2203 2676 2250 et
2715 2210 2906 2250 rursus
2936 2212 2951 2249 :
2989 2192 3094 2259 Qui
3129 2191 3410 2246 blanditur
3439 2189 3552 2258 ﬁlio

1978 2302 2095 2353 suo,
2157 2288 2210 2343 id
2270 2296 2377 2353 est,
2436 2289 2747 2354 miseretur,
2797 2286 3053 2357 obligabit
3112 2285 3329 2340 vulnera
3370 2283 3550 2352 ejus”.

1979 2377 2094 2432 Hoc
2126 2386 2181 2431 et
2210 2377 2268 2430 in
2305 2377 2552 2432 exercitu
2584 2360 2874 2447 contingit.
2912 2377 2973 2429 Si
3006 2389 3242 2444 namque
3274 2376 3381 2428 dux
3431 2388 3557 2442 pur-

1981 2480 2071 2526 cat
2109 2470 2400 2534 militibus,
2424 2485 2629 2539 eosque
2657 2471 3006 2524 continenter
3038 2483 3259 2522 manere
3291 2468 3429 2521 intra
3460 2482 3555 2520 ca-

1982 2561 2335 2633 stra.jubeat,
2367 2576 2463 2618 eos
2505 2574 2720 2632 quoque
2761 2561 2852 2632 qui
2887 2568 3043 2615 extra
3093 2570 3243 2625 sunt,
3272 2573 3378 2613 una
3427 2572 3551 2612 cum

1984 2655 2091 2711 illis
2121 2655 2320 2724 perdit.

2054 2842 2137 2899 Ne
2190 2855 2318 2912 ergo
2355 2852 2417 2896 ee
2471 2842 2629 2898 nobis
2687 2843 2788 2897 hoc
2824 2840 3087 2904 eveniat,
3121 2838 3186 2894 ad
3238 2837 3561 2893 continuam

1990 2945 2223 2992 mortem
2248 2935 2412 2991 docet
2442 2944 2539 2990 nos
2568 2933 2834 2989 Dominus
2860 2949 2982 2989 esse
3012 2942 3257 3003 paratos.
3286 2930 3388 2997 Qui
3415 2930 3560 2983 enim

1991 3024 2189 3084 affectu
2223 3037 2279 3082 et
2328 3041 2518 3082 amore
2553 3025 2869 3095 temporalis
2897 3024 3043 3089 vitae,
3077 3023 3313 3077 animam
3348 3014 3499 3075 suam
3534 3035 3564 3073 a

1995 3119 2251 3188 periculis
2273 3117 2479 3174 Christi
2512 3132 2678 3173 causa
2707 3114 3071 3186 perferendis,
3098 3123 3151 3168 et
3175 3128 3203 3166 a
3239 3122 3414 3164 morte
3440 3110 3571 3163 sub-

315 3199 418 3254 τοῦ
444 3199 673 3255 θανάτου
714 3200 812 3272 τὴν
848 3200 986 3254 ἰδίαν
1015 3201 1249 3270 ἀπάγων
1277 3199 1458 3271 ψυχὴν
1481 3237 1498 3264 ,
1550 3200 1647 3255 καὶ
1696 3199 1891 3265 σώζειν

1996 3212 2163 3271 ducit.
2191 3226 2256 3267 ac
2282 3225 2504 3267 servare
2536 3225 2655 3264 eam
2680 3209 2981 3275 contendit,
3013 3206 3451 3272 mundanamque
3488 3203 3568 3254 vi-

316 3290 497 3360 αύτὴν.
537 3291 623 3344 διὰ
654 3286 943 3359 φιλοζωΐαν
971 3290 1317 3361 βουλόμενος,
1368 3293 1466 3344 καὶ
1496 3289 1641 3345 κατά
1689 3291 1892 3363 κόσμον

1996 3302 2385 3369 taminsﬁtuit,
2405 3317 2523 3357 eam
2558 3301 2700 3356 haud
2731 3302 2892 3356 dubie
2913 3301 3090 3369 perdit
3122 3299 3208 3351 illa
3238 3296 3570 3368 perditione,

319 3383 425 3453 ζῇν
450 3384 902 3454 προαιρούμενος,
932 3381 1320 3452 ἁναμφιύόλως
1351 3382 1561 3452 ταύτην
1600 3382 1895 3437 ἀπόλλυσιν

280 3466 602 3530 δ’ἀπώλειαν
653 3478 873 3546 ἐκείνην
893 3517 909 3543 ,
942 3476 1067 3548 ἣτις
1106 3476 1168 3529 τὸ
1198 3476 1467 3533 ἄσϐεστον
1499 3473 1634 3549 πῦρ,
1681 3479 1777 3531 καὶ
1804 3477 1897 3530 τὸν

322 3566 626 3635 ἀκοίμητον
658 3565 938 3634 σκώληκα,
964 3568 1063 3622 καὶ
1090 3567 1152 3619 τὸ
1184 3566 1375 3630 σκότος
1396 3566 1650 3637 προξενεῖ
1670 3566 1734 3621 τὸ
1761 3565 1897 3632 £56)-

323 3675 507 3727 τερον.
535 3658 815 3727 Σωτηρίαν
840 3659 950 3728 γὰρ
976 3657 1234 3727 ὠνόμασε
1271 3658 1370 3730 τὴν
1400 3658 1701 3727 φιλοζωΐαν
1724 3660 1752 3712 6
1787 3659 1900 3713 Κύ-

330 3768 466 3821 ριος,
500 3750 595 3804 καὶ
637 3751 736 3818 τὴν
779 3752 843 3804 ὲκ
891 3751 1003 3805 τῶν
1050 3751 1316 3804 κινδύνων
1365 3753 1567 3823 φυγήν.
1610 3753 1681 3823 Ὠ,
1702 3753 1758 3806 δὲ
1784 3755 1899 3817 τοῖς

335 3843 599 3906 κινδύνοις
660 3844 752 3896 καὶ
793 3843 872 3911 τῷ
911 3842 1127 3912 Θανάτῳ
1169 3843 1271 3912 τὴν
1304 3842 1484 3913 ψυχὴν
1533 3842 1727 3905 nam:
1760 3842 1905 3914 ὑπὲρ

341 3931 437 3985 τοῦ
486 3933 740 4004 Χριστοῦ,
794 3934 890 3987 καὶ
927 3934 1028 4004 τῆς
1080 3934 1360 4006 ἀληθείας,
1411 3935 1513 3988 καὶ·
1543 3934 1649 4004 τῆς
1698 3936 1904 3989 δικαιο-

340 4024 526 4093 σύνης,
555 4026 649 4079 καὶ
681 4023 871 4079 τοῦτον
900 4023 990 4078 τὸν
1016 4027 1217 4095 τρόπον
1248 4024 1541 4089 ἀπωλέσας
1573 4026 1769 4093 αὐτὴν,
1805 4024 1903 4097 τὴν

338 4116 511 4184 καλὴν
530 4115 696 4180 ὅντως
719 4115 1016 4182 ἀπώλειαν,
1045 4118 1252 4179 ἐκεῖνος
1274 4116 1494 4181 άληθῶς
1521 4113 1693 4170 σώσει
1712 4116 1905 4188 αὐτὴν,

336 4208 757 4277 χειραγωγήσας
789 4207 884 4261 ἐπὶ
917 4209 1018 4277 τὴν
1049 4208 1195 4280 ζωὴν
1244 4209 1345 4280 τὴν
1391 4209 1682 4280 ἀμείνονα.
1728 4210 1910 4264 Ἀπώ-

334 4295 492 4350 λειαν
520 4298 632 4368 γὰρ
659 4298 836 4368 ψυχῆς
887 4299 983 4352 τὸν
1034 4300 1142 4352 ἀπὸ
1193 4299 1288 4354 τοῦ
1325 4300 1580 4370 σώματος
1630 4302 1910 4374 χωρισμὸν

335 4388 487 4458 λέγει
516 4388 719 4461 ταύτης
750 4390 891 4460 ὑπὲρ
941 4390 1037 4444 τοῦ
1084 4392 1326 4460 Χριστοῦ
1383 4393 1480 4448 καὶ
1524 4391 1637 4447 τῶν
1679 4391 1912 4447 ἐντολῶν

337 4478 529 4532 αὐτοῦ.
576 4480 684 4533 Καὶ
710 4478 742 4532 ὁ
779 4480 877 4535 διὰ
914 4479 1091 4535 ταῦτα
1133 4481 1247 4534 τῶν
1290 4480 1386 4535 τοῦ
1427 4482 1662 4537 θανάτου
1693 4482 1912 4554 δεσμῶν

1996 3410 2116 3465 qua!
2159 3380 2650 3465 inexstingnibilem
2687 3393 2891 3462 ignem,
2922 3403 2975 3447 et
3012 3405 3252 3445 vermem
3303 3404 3411 3443 non
3442 3389 3573 3443 dor-

1999 3488 2283 3554 mientem,
2311 3496 2367 3540 et
2408 3486 2664 3540 tenebras
2695 3483 2995 3538 exteriores
3024 3482 3302 3537 conciliat.
3329 3479 3573 3534 Salutem

2000 3579 2144 3634 enim
2193 3575 2496 3632 nominavit
2532 3573 2800 3629 Dominus
2831 3586 3073 3628 amorem
3108 3574 3249 3637 vitae,
3275 3582 3327 3627 et
3355 3572 3576 3642 pericu-

2003 3669 2179 3723 lorum
2211 3665 2493 3737 eﬁ‘ngium.
2528 3663 2630 3729 Qui
2662 3672 2843 3716 autem
2871 3661 3133 3731 periculis
3160 3674 3216 3714 et
3255 3659 3420 3714 morti
3453 3660 3577 3713 ani-

2005 3760 2404 3826 mam-exponit
2436 3769 2534 3824 pro
2566 3753 2809 3818 Christo,
2840 3763 2895 3808 et
2924 3754 3177 3819 veritate,
3237 3761 3292 3807 et
3339 3750 3575 3821 iustitia,

2003 3857 2060 3905 et
2104 3850 2206 3905 hoc
2237 3852 2399 3902 modo
2425 3860 2544 3901 eam
2584 3846 2783 3914 perdit,
2813 3844 3076 3914 praeclara
3111 3842 3358 3912 profecto
3392 3844 3571 3907 perdi.

2006 3944 2173 4004 tione,
2236 3940 2324 3995 ille
2351 3953 2481 3995 vere
2514 3938 2723 3995 salvam
2765 3936 2900 3994 facit
2934 3950 3080 4003 eam,
3107 3935 3367 4004 ducitque
3402 3935 3470 3988 ad
3502 3933 3583 3988 vi-

2009 4046 2127 4090 tam
2158 4034 2460 4089 meliorem.
2500 4031 2869 4087 Perditionem
2902 4029 3047 4084 enim
3069 4028 3284 4095 animae,
3317 4038 3475 4083 vocat
3498 4042 3585 4083 se-

2010 4127 2345 4198 parationem
2401 4125 2524 4195 ejus
2554 4136 2856 4193 acorpore
2906 4131 3127 4193 propter
3189 4119 3471 4177 Christum
3529 4128 3587 4172 et

2010 4219 2265 4271 mandata
2304 4215 2466 4287 ejus;
2503 4211 2558 4268 et
2584 4214 2675 4284 qui
2717 4223 2939 4284 propter
2973 4213 3087 4268 haec
3150 4212 3345 4269 mortis
3375 4210 3586 4265 vincula

2011 4306 2419 4375 contempserit,
2454 4305 2501 4358 is
2528 4319 2634 4358 non
2677 4304 2855 4373 perdit
2879 4304 3114 4357 animam
3150 4318 3328 4368 suam,
3360 4302 3453 4358 sed
3485 4316 3586 4370 po-

2014 4397 2122 4452 tius
2155 4401 2361 4452 salvam
2430 4396 2579 4451 facit.
2641 4395 2712 4450 At
2755 4396 2848 4466 qui
2908 4396 3132 4451 violarit
3186 4394 3589 4450 confessionem

2014 4484 2217 4541 Christi
2247 4497 2300 4539 et
2331 4487 2587 4539 mandata
2638 4482 2780 4553 ejus,
2816 4491 2873 4538 et
2925 4497 3148 4539 servare
3189 4482 3303 4536 vult
3328 4482 3588 4535 'animam

342 4572 782 4641 καταφρονήσας,
812 4566 965 4635 οὗτος
982 4572 1084 4626 οὐκ
1107 4573 1370 4627 ἀπόλλυσι
1393 4573 1492 4643 τὴν
1509 4573 1690 4644 ψυχὴν
1717 4573 1886 4629 αὑτοῦ

2002 4578 2158 4631 'citra
2207 4575 2444 4645 pericula
2480 4583 2535 4630 et
2568 4583 2821 4640 mortem,
2853 4574 3210 4644 perditionem
3255 4572 3307 4628 ei
3335 4571 3593 4635 conciliat

344 4662 481 4716 ἀλλὰ
509 4660 710 4730 μᾶλλον
742 4663 903 4728 σώζει
942 4664 1144 4735 αὐτήν⁶
1173 4665 1203 4718 6
1240 4665 1297 4719 δὲ
1328 4665 1601 4738 ἀθετήσας
1630 4668 1733 4724 τὰς
1769 4667 1910 4736 ὑπὲρ

2019 4669 2429 4738 sempiternam.

342 4756 582 4824 Χριστοῦ
611 4756 903 4827 ὁμολογίας
936 4757 1030 4811 καὶ
1056 4757 1157 4820 τὰς
1194 4757 1416 4823 ἐντολὰς
1444 4761 1634 4828 αὑτοῦ,
1671 4763 1765 4814 καὶ
1795 4760 1990 4825 σώζειν
2021 4763 2121 4833 τὴν
2145 4763 2324 4833 ψυχὴν
2351 4763 2508 4827 ἐκτὸς
2535 4763 2653 4819 τῶν
2701 4760 2964 4816 κινδύνων
3032 4761 3131 4814 καὶ
3196 4757 3292 4813 τοῦ
3358 4756 3592 4812 θανάτου

348 4851 689 4922 βουλόμενος,
718 4852 998 4907 ἀπώλειαν
1020 4854 1156 4925 αὐτῇ
1188 4856 1441 4924 προξενεί
1478 4858 1580 4927 τὴν
1609 4858 1801 4913 ἁῐδιον.

431 4944 589 4999 Ἐπεὶ
611 4946 668 4998 δὲ
697 4947 968 5018 διαφόρως
994 4949 1094 5002 καὶ⁵
1122 4949 1482 5021 πολυτρόπως
1512 4951 1700 5005 πολλοὶ
1721 4952 1924 5005 πολλά·

350 5052 434 5097 κις
489 5034 585 5099 τὰς
643 5035 820 5107 ψυχὰς
881 5038 1278 5103 ἀπολλύουσιν,
1337 5041 1369 5112 ἢ
1438 5041 1828 5115 λῃστεύοντες,
1887 5043 1920 5113 ἢ

353 5127 741 5199 φονεύοντες,ἢ
773 5129 1115 5198 κλέπτοντες,
1144 5134 1175 5203 ἢ
1204 5133 1770 5206 τυμϐωρυχοῦντες,ἣ
1794 5135 1923 5189 ἄλλο

354 5221 536 5272 τιτῶν
561 5219 837 5290 ἀθεμίτων
862 5222 1242 5293 ἐργαζόμενοι,
1270 5226 1629 5297 προστίθησιν
1659 5229 1687 5280 6
1717 5226 1922 5297 Κύριος

355 5310 433 5377 τὺ,
462 5310 676 5393 ἕνεκεν
699 5313 867 5381 ἐμοῦ,
905 5315 1003 5369 καί
1032 5313 1140 5369 τοῦ
1181 5317 1573 5386 Εὐαγγελέου.
1595 5319 1678 5373 "0
1709 5319 1816 5388 γὰρ
1849 5320 1924 5389 μὴ

359 5402 444 5458 διὰ
472 5403 568 5458 τὸν
595 5404 830 5475 Χριστὸν
858 5411 950 5461 καί
971 5408 1033 5460 τὸ
1057 5408 1393 5476 Εὑαγγέλιον
1413 5410 1652 5474 ἀπολλὺς
1669 5413 1770 5484 τὴν
1790 5411 1928 5465 ἰδίαν

355 5493 559 5566 ψυχὴν,
606 5498 667 5550 ού
726 5497 888 5560 σώζει
936 5500 1145 5570 αὐτήν.’
1185 5502 1476 5573 Μακάριος
1510 5498 1603 5557 οὖν
1647 5504 1837 5568 ὅντως,
1869 5503 1928 5565 ὃς

359 5586 544 5642 ἕνεκεν
568 5588 667 5642 τοῦ
693 5591 929 5661 Χριστοῦ
954 5594 1049 5645 καὶ
1096 5590 1188 5647 τοῦ
1222 5595 1555 5664 Εὐαγγελίου
1604 5596 1705 5668 τὴν
1734 5595 1931 5650 ἑαυτοῦ

360 5681 620 5735 ἀπολέσει
648 5681 851 5755 ψυχήν.
884 5684 1125 5750 Ἐκεῖνος
1155 5687 1266 5755 γὰρ
1288 5686 1508 5757 άληθῶς
1539 5687 1702 5742 σώσει
1736 5690 1935 5759 αὐτήν.

362 5773 646 5846 Μακάριος
674 5777 703 5829 6
726 5777 838 5839 τοῖς
868 5771 1019 5832 οὖσιν
1051 5776 1255 5833 ἆπασιν
1281 5778 1590 5845 ὲπαινετῶς
1619 5780 1932 5848 ἀποθανὼν,

434 5956 457 5987 ⁸
497 5954 659 6009 Prov.
703 5970 835 6014 χχιι.
859 5954 951 6019 24.
1026 5956 1046 5989 ⁸
1080 5955 1251 6012 Eccli.
1285 5972 1416 6021 xxx,
1452 5956 1510 6012 9.

2090 4953 2363 5020 Quoniam
2412 4965 2540 5006 vero
2587 4948 2819 5006 diversis
2863 4945 3159 5016 multisque
3209 4945 3386 5001 modis
3439 4937 3597 4999 multi

2020 5060 2392 5116 saepenumero
2428 5044 2642 5099 animas
2681 5043 2936 5112 pet-dunt,
2970 5040 3095 5095 sive
3120 5039 3446 5105 latrociniis,
3481 5037 3597 5093 sive

2023 5139 2355 5202 homicidiis,
2388 5139 2502 5193 sive
2531 5137 2711 5209 furtis,
2748 5136 2863 5190 sive
2888 5133 3261 5204 sepulcrorum
3287 5131 3597 5192 eﬂossioue,

2023 5236 2138 5287 sive
2186 5233 2307 5286 aliis
2369 5230 2591 5284 nefariis
2646 5226 3026 5293 facinoribus;
3087 5225 3237 5280 addit
3291 5223 3598 5278 Dominus:

2022 5337 2236 5395 prapter
2262 5340 2341 5378 me
2370 5334 2418 5378 et
2473 5322 2838 5394 qungelium.
2886 5320 2990 5387 Qui
3047 5320 3190 5375 enim
3235 5334 3340 5374 non
3383 5325 3602 5387 propter

2023 5418 2299 5474 Christum
2321 5424 2377 5470 et
2395 5414 2745 5483 Evangelium
2771 5413 2950 5484 perdit
2974 5399 3233 5474 animam,
3263 5423 3367 5463 non
3395 5407 3600 5462 salvam

2026 5511 2160 5565 facit
2188 5524 2329 5563 eam.
2367 5506 2569 5562 Beatus
2607 5507 2771 5577 igitur
2803 5520 3014 5570 revera,
3050 5504 3141 5574 qui
3175 5509 3397 5572 propter
3439 5497 3603 5553 Chri-

2026 5613 2170 5658 stum
2205 5610 2261 5656 et
2292 5601 2646 5671 Evangelimn
2693 5597 2992 5668 perdiderit
3021 5597 3257 5650 animam
3305 5606 3479 5646 suam.
3513 5589 3607 5645 ille

2031 5710 2268 5764 namque
2296 5707 2423 5748 vere
2449 5708 2566 5747 eam
2623 5691 2829 5746 salvam
2879 5688 3028 5742 facit.
3074 5684 3271 5738 Beatus
3318 5683 3410 5752 qui
3446 5682 3606 5735 rebus

2031 5782 2289 5839 omnibus
2325 5781 2674 5837 laudabiliter
2718 5785 2968 5833 mortuus
2996 5773 3200 5840 fuerit;
3233 5773 3605 5837 sensibilibns,
