4016 6468
504 443 608 502 2ἱὸ

1419 457 1747 518 JUANNIS
1784 459 2086 519 CALECE
2127 461 2237 518 Cl’.
2269 458 2776 521 PATRIARCILE
3619 465 3708 527 276

501 565 822 630 ώηηιιιιεηιιυ
843 586 1082 636 sensum,
1107 588 1257 626 usum
1284 585 1334 627 cl
1354 575 2063 645 fructum;intel|i;;ibiblius1

2179 582 2288 642 τοῖς
2326 581 2423 647 μὲν
2471 581 2748 648 αἰσθητοῖς
2795 581 2860 649 τῇ
2911 578 3167 633 ἀποθέσει
3199 578 3298 649 τῆς
3337 581 3453 633 κατ’
3485 580 3708 653 αἴσθησιν

505 655 872 722 intelligentiae
925 663 1160 718 inutione
1209 670 1573 735 reprimenda.
1634 673 1880 727 llominis
1923 673 2066 725 enim

505 763 652 799 mors
705 748 986 805 laudabilis
1048 766 1130 808 est
1185 758 1411 814 interior
1481 765 1550 818 ab
1609 766 1860 819 onntibns
1913 767 2072 817 tebus

501 841 852 908 alialienatio,
885 861 989 912 qua
1046 860 1342 916 transacta,
1390 857 1625 911 divinam
1678 858 1866 927 gratia:
1905 858 2069 909 vitam

499 947 650 986 mens
679 936 957 1004 suscipere
994 941 1157 1005 solet,
1186 960 1281 1009 pro
1313 949 1564 1002 omnibus
1608 952 1767 1004 rebus
1794 961 2068 1003 auctorem

501 1044 700 1091 rerum,
748 1031 1026 1086 Dominum
1079 1049 1131 1090 ct
1188 1041 1377 1094 Deum.
1441 1045 1584 1107 Quid
1633 1047 1774 1096 enim
1839 1047 2068 1112 proderit

495 1118 715 1181 littlliiili,
768 1125 814 1174 si
871 1136 1037 1178 Iulum
1088 1133 1340 1184 mundum
1407 1122 1659 1200 lucretur,
1710 1138 1902 1188 anima:
1952 1153 2068 1189 vero

493 1224 601 1258 HUI‘
629 1209 895 1274 jarturam
937 1216 1145 1284 faciat?
1177 1231 1267 1274 aut
1301 1224 1431 1288 quid
1462 1229 1884 1279 commutationis
1917 1227 2066 1279 dabit

492 1299 647 1352 homo
696 1319 790 1370 pro
823 1307 1003 1360 anima
1032 1315 1176 1366 sua?
1213 1313 1344 1367 Nam
1379 1316 1660 1370 inhonesta
1695 1318 1889 1372 animae
1921 1317 2068 1371 salus

493 1393 799 1457 perditione
827 1396 1066 1454 deterior
1103 1413 1206 1458 est.

563 1663 699 1717 Cum
735 1682 864 1733 ergo
888 1670 1179 1738 qttiSpiatta,
1206 1674 1271 1727 ad
1307 1677 1584 1740 prii-sentis
1611 1679 1734 1732 vita:
1765 1680 1984 1733 delicias
2014 1693 2066 1734 et

491 1758 797 1820 voluptates
825 1760 1084 1829 intentus,
1119 1779 1329 1820 recusat
1362 1769 1469 1834 pati
1504 1786 1600 1836 pro
1630 1770 1870 1835 Christo,
1899 1783 1951 1826 et
1980 1788 2068 1826 ve-

2173 670 2492 737 ὲνεργείας,
2534 674 2647 734 τοῖς
2687 671 2744 724 δὲ
2773 673 2981 737 νοητοῖς
3010 673 3075 738 τῇ
3119 671 3425 723 ἀποπαύσει
3453 673 3548 740 τῆς
3589 675 3710 741 μετὰ

2173 761 2356 830 νόησιν
2387 763 2673 831 κινήσεως.
2724 761 3036 831 ’Δνθρώπου
3077 763 3189 830 γὰρ
3224 761 3446 824 θάνατος
3482 757 3746 816 ὲπαινού-’

2175 871 2356 922 μενος,
2388 856 2418 924 ἡ
2451 854 2590 924 πρὸς
2635 853 2814 906 πάντα
2845 853 2913 905 τὰ
2939 853 3066 906 ὄντα
3099 853 3350 920 γνωμικὴ
3394 854 3710 920 ἁπογένεσις,

2175 945 2292 1013 μεθ’
2323 945 2386 1013 ἣν
2401 945 2498 1014 τὴν
2523 943 2674 996 θείαν
2704 947 2762 997 ὲν
2791 945 2978 1014 χάριτι
3006 944 3152 1013 ζωὴν
3180 945 3534 1013 ὑποδέχεσθαι
3561 944 3712 1010 πέφυ-

2172 1053 2268 1088 κεν
2299 1036 2418 1088 ἀντὶ
2460 1035 2679 1088 πάντων
2709 1037 2818 1089 τῶν
2851 1036 3020 1088 ὄντων
3049 1037 3142 1088 τὸν
3194 1036 3364 1088 αἴτιον
3406 1035 3511 1086 τῶν
3553 1036 3710 1088 ὄντων

2171 1127 2439 1195 ὲννοήτως
2477 1127 2766 1180 ἀπολαϐὼν
2797 1126 3001 1196 Κύριον
3047 1129 3140 1180 καὶ
3170 1127 3325 1180 Θεόν.
3364 1128 3420 1180 Τί
3447 1126 3551 1194 γάρ
3579 1125 3711 1192 ὠφε-

2169 1219 2352 1284 λήσει
2397 1219 2730 1287 ἄνθρωπον,
2783 1221 2893 1272 ἐὰν
2918 1221 3027 1272 τὸν
3072 1221 3308 1287 κόσμον
3344 1217 3489 1271 ὅλον
3520 1215 3712 1282 κερδή-

2170 1327 2274 1377 σῃ,
2310 1311 2424 1379 τὴν
2445 1311 2512 1364 δὲ
2559 1309 2774 1379 ψυχὴν
2834 1311 3022 1364 αὑτοῦ
3075 1308 3331 1379 ζημιωθῇ
3377 1309 3415 1378 ἢ
3453 1309 3509 1362 τί
3555 1308 3716 1362 δώσει

2169 1403 2481 1470 ἅνθρωπος
2537 1403 2934 1470 ἀντάλλαγμα
2987 1401 3099 1470 τῆς
3145 1402 3355 1471 ⁴ψυχῆς
3384 1391 3621 1463 ἀύτοῐυ
3659 1401 3714 1452 'll

2171 1494 2322 1562 παρὰ
2357 1493 2419 1545 τὸ
2446 1493 2566 1546 δέον
2593 1495 2696 1564 τῆς
2718 1495 2902 1564 ψυχῆς
2939 1495 3206 1565 σωτηρία,
3238 1494 3511 1556 άπωλεέας
3535 1495 3714 1564 χείρων

2171 1585 2339 1638 ἐστίν.

2243 1677 2411 1730 Ὅταν
2436 1676 2543 1747 ἄρα
2572 1695 2675 1740 τις,
2712 1678 2794 1739 είς
2825 1677 2895 1729 τὰ
2921 1675 3014 1730 τοῦ
3052 1677 3316 1745 παρόντος
3346 1677 3459 1744 βίου
3487 1675 3610 1743 ἡδέα
3636 1672 3720 1723 καὶ

2168 1770 2377 1840 τερπνὰ
2423 1769 2767 1834 ἀποϐλέπων,
2817 1774 3226 1840 παραιτήσηται
3294 1771 3391 1839 μὲν
3435 1769 3493 1820 τὸ
3543 1767 3721 1818 πιθεῖν

496 1849 678 1912 ritate,
729 1860 783 1904 et
829 1851 1036 1921 justitia
1067 1895 1081 1920 ,
1112 1857 1496 1928 splendideque
1547 1864 1730 1916 vivere
1772 1865 1950 1918 studet
2006 1865 2058 1917 in

2168 1863 2307 1934 ὑπὲρ
2336 1862 2426 1915 τοῦ
2453 1861 2712 1931 Χριστοῦ,
2731 1861 2826 1914 καὶ
2861 1862 2960 1930 τῆς
2980 1861 3258 1928 ἀληθείας,
3284 1861 3376 1912 καὶ
3405 1861 3501 1928 τῆς
3524 1859 3711 1911 δικαιο-

489 1939 594 1994 hoc
625 1943 841 2006 mundo,
882 1946 982 1998 etsi
1011 1961 1142 2016 Opes
1175 1949 1393 2011 habeat,
1421 1953 1519 2005 etsi
1557 1953 1806 2022 gloriam,
1843 1956 1944 2008 etsi
1979 1972 2071 2008 co-

491 2033 631 2095 piam
661 2036 1042 2103 pecuniarum,
1076 2041 1177 2094 etsi
1202 2042 1402 2111 aliquid
1433 2045 1573 2096 aliud
1611 2045 1876 2112 ejusmodi
1901 2065 1916 2098 :
1939 2047 2067 2111 quid

492 2125 616 2178 inde
658 2126 907 2184 utilitatis
938 2130 1004 2182 ad
1034 2147 1155 2184 emn
1183 2135 1321 2186 redit
1345 2134 1525 2188 anima
1552 2137 1802 2201 perdita?
1829 2137 2071 2192 Prteterit

490 2219 634 2269 enim
691 2222 858 2290 ligttra
905 2223 1092 2278 mundi
1131 2225 1315 2293 hujus,
1344 2237 1397 2280 et
1431 2227 1747 2280 Umbrarum
1783 2228 1956 2281 instar
1987 2229 2067 2282 in-

490 2309 766 2363 clinantur
807 2312 1054 2380 deliciae,
1103 2326 1158 2370 et
1203 2317 1430 2372 divitum
1480 2333 1609 2386 Opes
1657 2321 1895 2374 avolant.
1951 2321 2065 2374 Non

490 2403 633 2454 enim
676 2405 973 2473 proderunt
1031 2409 1272 2462 thesauri
1321 2410 1561 2478 iniquis,
1620 2411 1833 2482 jnstitia
1881 2425 2066 2468 autem

488 2493 678 2548 liberat
723 2512 752 2550 a
811 2511 1003 2553 morte.
1035 2501 1187 2555 Unde
1218 2504 1292 2558 iis
1331 2505 1422 2570 qui
1475 2518 1621 2560 recte
1677 2509 1860 2563 vivere
1906 2509 2063 2562 insti-

490 2594 669 2651 tmmt,
713 2589 1001 2656 Superﬂure
1051 2606 1180 2645 sunt
1219 2594 1492 2649 illecebris:
1540 2597 1741 2660 carnis,
1771 2610 1824 2652 et
1877 2614 2066 2667 sapere

490 2697 552 2734 ea
586 2699 708 2750 quae
747 2684 800 2738 in
839 2688 1041 2742 mundo
1081 2699 1226 2750 sunt,
1259 2692 1614 2758 perditionem
1645 2695 1922 2748 conciliat.
1961 2693 2065 2748 Sa-

501 2775 707 2839 pientia
739 2777 881 2830 enim
931 2781 1112 2834 carnis
1148 2782 1361 2835 inimica
1404 2794 1486 2838 est
1531 2783 1672 2845 Deo;
1705 2797 1758 2838 et
1792 2787 1883 2853 qui
1931 2786 2068 2849 sapit

489 2879 550 2918 ea
584 2880 704 2929 ante
738 2868 923 2921 mundi
956 2879 1101 2934 sunt,
1135 2870 1390 2926 inimicus
1421 2872 1509 2926 Dei
1558 2874 1928 2928 constituitur.
1964 2873 2068 2928 Sn-

488 2953 751 3016 perlluum
794 2970 922 3022 ergo
960 2965 1040 3009 est
1071 2973 1260 3026 sapere
1286 2977 1406 3027 qua.
1437 2961 1487 3014 iu
1523 2965 1726 3018 mundo
1755 2975 1904 3017 sunt.
1941 2963 2066 3018 ideo

487 3044 619 3097 dicit
648 3062 662 3098 :
697 3046 839 3108 Quid
865 3049 1004 3100 enim
1051 3049 1285 3117 proderit
1328 3050 1546 3113 homini,
1573 3053 1620 3105 si
1661 3054 1914 3107 mundum
1946 3054 2068 3106 uni-

486 3151 691 3188 versum
737 3137 1012 3201 lucretur,
1051 3148 1101 3192 et
1139 3142 1332 3195 animm
1383 3158 1494 3195 sum
1528 3144 1803 3211 jacturam
1853 3146 2065 3212 faciat?

486 3226 566 3281 Ne
615 3229 761 3282 enim
822 3229 953 3282 mihi
1011 3231 1182 3296 dicas,
1217 3249 1248 3285 ο
1290 3234 1474 3298 homo,
1518 3245 1568 3288 te
1619 3236 1824 3289 salvam
1867 3234 2063 3290 fecisse

490 3321 729 3374 animam
767 3331 842 3378 tot
877 3323 1149 3392 tantisque
1177 3326 1393 3380 evitatis
1424 3328 1700 3395 periculis.
1740 3327 1795 3380 Si
1829 3343 2062 3396 namque

490 3428 593 3464 una
647 3429 768 3467 cum
810 3415 987 3468 anima
1023 3430 1116 3471 sua
1153 3418 1341 3469 orbem
1372 3434 1587 3486 quoque
1620 3427 1889 3472 terrarum
1937 3420 2062 3488 quis

488 3502 726 3556 lucretur
772 3504 1105 3569 universum,
1145 3506 1272 3574 quid
1324 3507 1678 3560 emolumenti
1727 3507 1852 3560 inde
1884 3509 2065 3574 capiet

486 3591 664 3646 anima
720 3593 964 3660 perdita,
1026 3608 1150 3648 cum
1207 3608 1316 3662 qua
1377 3611 1443 3648 ne
1501 3595 1790 3650 universus
1845 3598 2060 3666 quidem

485 3683 718 3737 tnundns
750 3687 1146 3753 comparandus
1179 3687 1306 3739 est?
1344 3685 1409 3741 Ut
1445 3687 1590 3740 enim
1637 3689 1810 3742 servis
1837 3688 1891 3742 in
1925 3689 2060 3742 deli-

485 3777 585 3829 tiis
618 3776 854 3846 luxuque
882 3776 1211 3841 viventibus,
1243 3778 1289 3832 si
1319 3779 1578 3847 dominus
1608 3779 1661 3833 in
1695 3781 1956 3835 extremis
1985 3781 2063 3835 in-

487 3877 631 3921 terea
667 3881 912 3923 versetur
968 3869 1146 3929 malis,
1174 3869 1309 3922 nihil
1366 3869 1503 3925 lucri
1553 3886 1621 3926 ex
1682 3887 1748 3926 eo
1806 3874 2060 3942 percipit,

483 3961 628 4028 quod
663 3960 912 4014 dominus
946 3959 1016 4012 sit
1044 3977 1058 4012 :
1094 3961 1166 4013 ita
1197 3961 1385 4026 etiam,
1417 3961 1459 4014 si
1493 3973 1681 4043 venter
1731 3963 1963 4018 delicate
1989 3965 2067 4017 vi-

486 4059 576 4102 vat
603 4061 654 4102 et
685 4049 928 4118 opipare,
961 4051 1056 4104 sed
1106 4053 1282 4104 anima
1316 4053 1552 4106 futuram
1587 4062 1864 4122 exspectet
1891 4056 2065 4123 perdi.

499 4144 724 4210 tionem,
764 4144 910 4198 nulla
945 4144 992 4198 ei
1027 4144 1229 4199 utilitas
1257 4155 1312 4200 et
1344 4147 1494 4201 salus
1525 4145 1654 4201 inde
1677 4147 1924 4202 exsistet.
1954 4145 2064 4201 Ne-

485 4249 589 4302 que
609 4234 752 4287 euim
783 4235 1008 4303 pecunia
1042 4234 1163 4289 licet
1191 4247 1529 4291 commutare
1550 4237 1800 4291 salutem.
1828 4235 1884 4290 Si
1911 4239 2056 4291 eni.n

485 4326 539 4379 id
575 4326 781 4390 liceret,
817 4327 909 4396 qui
963 4327 1206 4382 lucratus
1255 4336 1373 4381 erat
1405 4328 1687 4392 tnundum,
1721 4337 1777 4380 at
1825 4330 2062 4382 animam

487 4417 818 4485 perdiderat,
868 4417 1108 4473 dedisset
1158 4419 1414 4487 pecunias
1467 4430 1604 4483 tttm,
1658 4436 1782 4475 cum
1833 4420 2064 4473 ﬂatnmis

2173 1955 2372 2025 σύνης,
2416 1955 2678 2026 ἀγαπήσῃ
2716 1953 2774 2006 δὲ
2827 1953 2888 2005 τὸ
2925 1953 3211 2006 διαϐιῶναι
3258 1952 3525 2021 λαμπρῶς
3573 1953 3626 2003 ὲν
3654 1949 3722 2016 τῷ

2171 2053 2361 2119 κόσμῳ
2389 2049 2587 2118 τούτῳ,
2620 2047 2726 2100 κᾶν
2759 2045 2990 2099 πλοῦτον
3016 2045 3151 2115 ἔχει,
3183 2044 3288 2098 κᾶν
3315 2045 3491 2110 δόξαν,
3530 2042 3622 2096 κᾶν
3640 2059 3720 2092 πε-

2175 2145 2417 2215 ριουσίαν
2456 2143 2779 2213 χρημάτων,
2833 2139 2937 2192 κᾶν
2971 2139 3098 2193 ἄλλο
3139 2156 3194 2190 τι
3235 2136 3480 2190 τοιοῦτον
3505 2152 3518 2167 ·
3575 2133 3623 2186 τί
3668 2130 3722 2181 τὸ

2169 2235 2362 2303 ὄφελος
2394 2235 2646 2287 ἐντεῦθεν
2686 2231 2837 2300 αύτῷ
2868 2234 2970 2300 τὴν
3010 2229 3191 2299 ψυχὴν
3231 2228 3589 2291 ἀπολέσαντι;
3621 2226 3721 2276 Πα-

2172 2325 2400 2395 ράγεται
2433 2325 2542 2396 γάρ
2603 2324 2663 2376 τὸ
2688 2325 2874 2392 σχῆμα
2902 2321 2996 2373 τοῦ
3045 2321 3256 2387 κόσμου
3300 2318 3515 2381 τούτου,
3559 2314 3645 2367 καὶ
3671 2315 3724 2364 ἐν

2171 2421 2270 2488 [σῳ
2303 2420 2483 2479 σκιαῖς
2511 2418 2581 2469 τὰ
2602 2416 2812 2486 τερπνὰ
2843 2414 3264 2484 μετακλίνεταιο
3311 2416 3406 2466 καὶ
3452 2411 3556 2462 τῶν
3585 2406 3720 2476 ἐχόνι

2167 2512 2326 2564 τωνὸ
2351 2509 2580 2570 πλοῦτος
2604 2509 2933 2575 ἁφίπταται.
2989 2504 3066 2560 Ού
3113 2506 3220 2574 γάρ
3261 2503 3599 2572 ὠφελήσουσι
3641 2497 3724 2566 01;-

2170 2601 2360 2671 σαυροὶ
2396 2599 2627 2668 ἀνόμους
2651 2613 2664 2626 ·
2695 2597 3010 2666 δικαιοσύνη
3048 2595 3103 2647 δὲ
3141 2594 3335 2665 ῥύεται
3367 2596 3431 2646 ὲκ
3488 2589 3722 2644 θανάτου.

2171 2692 2334 2746 Ὅθεν
2364 2693 2476 2753 τοῖς
2499 2689 2742 2741 ἐθέλουσι
2780 2687 2929 2758 βιοῦν
2957 2688 3134 2756 ὀρθῶς
3197 2703 3266 2738 πε
3281 2684 3439 2756 ριττὰ
3481 2683 3579 2749 τῆς
3607 2695 3724 2744 σαρ-

2169 2785 2285 2851 κὸς,
2316 2784 2414 2836 καὶ
2448 2783 2508 2835 τὸ
2538 2782 2756 2852 φρονεῖν
2783 2781 2851 2834 τὰ
2911 2782 2971 2832 ὲν
3005 2779 3198 2849 κόσμῳ
3239 2775 3517 2836 ἀπωλείας
3551 2770 3727 2841 πρόξε-

2167 2893 2256 2929 νον
2287 2875 2519 2941 γίνεταιο
2571 2872 2632 2926 τὸ
2677 2873 2789 2942 γὰρ
2843 2872 3101 2942 φρόνημα
3152 2870 3252 2938 τῆς
3302 2858 3723 2960 σαρκδςνέὲχθρίξ

2169 2969 2248 3030 εἰς
2275 2965 2428 3029 Θεὸν,
2461 2964 2554 3019 καὶ
2580 2966 2607 3017 ὀ
2641 2963 2856 3035 φρονῶν
2889 2963 2958 3014 τὰ
2989 2960 3085 3013 τοῦ
3142 2960 3358 3029 κόσμου
3402 2955 3587 3030 ἐχθρὸς
3643 2955 3722 3003 τοῦ

2167 3053 2304 3107 Θεοῦ
2359 3053 2708 3107 καθίσταται.
2753 3051 3090 3121 Περιττότης
3140 3049 3234 3104 οὖν
3297 3048 3514 3120 ἀληθῶς
3568 3043 3631 3098 τὰ
3675 3042 3726 3093 ἐν

2168 3145 2631 3214 κόσμῳλφρονεῖν.
2665 3141 2762 3194 Διὰ
2788 3139 2945 3194 τοῦτο
2973 3139 3158 3207 λέγει’
3201 3140 3266 3193 Τί
3296 3138 3410 3208 γὰρ
3441 3132 3721 3206 ὠφελήσει

2167 3237 2502 3303 ἄνθρωπον,
2527 3233 2636 3287 ἐὰν
2650 3233 2757 3286 τὸν
2779 3233 3014 3300 κόσμον
3030 3230 3181 3285 ὅλον
3197 3231 3489 3300 κερδήσῃ,
3524 3227 3619 3280 καὶ
3641 3223 3723 3286 τησ

2159 3327 2352 3398 μιωύῇ
2378 3325 2722 3395 τὴν-ψυχὴν
2742 3326 2954 3388 αὑτοῦ;
2973 3325 3058 3393 Μὴ
3085 3325 3192 3394 γὰρ
3223 3325 3376 3390 λέγε,
3407 3317 3722 3389 ὧάνθρωπεν

2165 3421 2248 3473 ὅτι
2277 3422 2376 3490 τὴν
2409 3418 2590 3488 ψυχὴν
2639 3417 2874 3484 ἔσωσας,
2906 3417 3198 3477 τοσούτους
3245 3416 3522 3473 κινδύνους
3549 3413 3722 3478 διαφυ-

2165 3511 2312 3580 «κιών⁹
2378 3511 2427 3562 εί
2462 3514 2572 3579 γὰρ
2603 3511 2740 3580 μετὰ
2763 3513 2864 3578 τῆς
2890 3509 3072 3578 ψυχῆς
3104 3509 3268 3562 αὑτοῦ
3317 3510 3406 3562 καὶ
3435 3508 3533 3575 τὴν
3563 3506 3725 3556 οἰκου-

2169 3605 2340 3674 μένην
2371 3603 2633 3673 κερδήσει
2668 3621 2751 3665 τις
2777 3601 3023 3666 ἃπασαν,
3050 3602 3104 3654 τί
3143 3604 3206 3655 τὸ
3257 3604 3420 3655 πλέον
3450 3597 3594 3667 αὐτῷ
3637 3597 3726 3647 ὲν·-

2163 3695 2354 3748 τεῠθεν
2382 3696 2482 3765 τῆς
2511 3695 2690 3764 ψυχῆς
2719 3694 3127 3762 ἀπολλυμένης,
3175 3689 3246 3766 ἧς
3308 3695 3419 3748 οὐδ’
3455 3696 3483 3746 ὁ
3539 3690 3723 3757 κόσμος

2165 3788 2310 3849 ἅπας
2340 3788 2490 3839 ἐστὶν
2533 3787 2869 3850 ίσοστάσιος;
2912 3787 3126 3855 Ὥσπερ
3158 3786 3269 3856 γὰρ
3296 3789 3346 3839 εἰ
3371 3786 3478 3839 τῶν
3515 3778 3725 3836 οἰκετῶν

2164 3876 2495 3947 τρυφώντων
2524 3878 2620 3931 καὶ
2645 3876 3072 3940 σπαταλὼντων,
3105 3878 3132 3928 ὀ
3161 3876 3434 3946 δεσπότης
3458 3877 3514 3927 ἐν
3549 3871 3725 3928 κακοῖς

2163 3973 2277 4030 τοῖς
2314 3969 2564 4038 ἐσχάτοις
2618 3971 2958 4038 εὑρίσκεται,
2993 3969 3087 4020 καὶ
3121 3969 3276 4021 οὐδὲν
3305 3969 3444 4030 ὅλως
3472 3963 3724 4035 κερδαίνει

2165 4063 2230 4114 ὲκ
2255 4061 2350 4113 τοῦ
2405 4047 2674 4131 δεσπότην
2722 4056 2862 4113 εἶναι
2885 4076 2898 4090 ·
2941 4059 3116 4121 οὕτως
3150 4059 3199 4110 εί
3247 4059 3476 4126 καὶτῆς
3509 4051 3724 4124 γαστρὶς

2164 4153 2456 4222 τρυφώσης
2487 4153 2582 4205 καὶ
2611 4153 2999 4220 σπαταλὼσης,
3036 4153 3069 4222 ἡ
3099 4151 3251 4222 ψυχὴ
3305 4153 3406 4220 τὴν
3442 4148 3725 4218 μέλλουσαν

2166 4241 2427 4311 ἀναμένει
2483 4242 2780 4301 ἀπώλειαν,
2839 4241 3065 4309 οὐδεμία
3125 4241 3300 4310 ταύτῃ
3359 4237 3592 4305 ὠφέλεια
3645 4231 3726 4282 καὶ

2168 4333 2414 4402 σωτηρία
2443 4335 2731 4402 γενήσεται
2757 4349 2770 4362 ⁸
2803 4332 2876 4400 μὴ
2906 4332 3018 4401 γὰρ
3046 4331 3352 4400 χρημάτων
3381 4329 3528 4382 ἐστὶν
3552 4320 3727 4379 ἀνταλ-

2164 4424 2433 4490 λάξασθαι
2463 4426 2561 4493 τὴν
2587 4425 2884 4493 σωτηρίαν.
2915 4425 2979 4478 Εί
3002 4425 3108 4494 γάρ
3139 4421 3204 4492 ἦν
3239 4423 3424 4487 τοῦτο,
3455 4423 3482 4474 ὁ
3542 4416 3724 4486 κερδὴα

483 4511 841 4576 cruciaretur,
871 4520 926 4564 et
985 4511 1250 4565 liberatus
1300 4510 1511 4568 fuisset.
1577 4513 1682 4567 Sed
1728 4529 1831 4566 non
1882 4513 2063 4567 licebit

2173 4535 2273 4580 σας
2327 4517 2421 4568 τὸν
2455 4517 2678 4584 κόσμον,
2713 4516 2810 4585 τὴν
2849 4517 2905 4568 δὲ
2955 4515 3134 4584 ψυχὴν
3193 4516 3508 4578 ἀπωλέσας,
3543 4512 3726 4562 ἔδωκεν

484 4613 594 4658 tum
653 4605 812 4659 talem
859 4605 1341 4659 commutationem
1389 4605 1518 4660 dare
1570 4619 1670 4673 pro
1720 4604 1924 4668 anima,
1968 4605 2063 4659 sed

479 4709 681 4754 interna
734 4698 839 4752 erit
883 4711 1041 4765 poena
1079 4707 1135 4752 et
1190 4707 1470 4768 perpetua.
1526 4697 1717 4766 Neque
1773 4697 1920 4751 enim
1959 4699 2062 4752 etsi

479 4789 605 4858 quis
641 4804 736 4841 rex
783 4788 935 4842 orbis
981 4787 1251 4841 terrarum
1288 4788 1380 4854 sit,
1419 4789 1774 4856 omnimnque
1815 4787 1932 4854 ejus
1971 4805 2064 4858 pe-

479 4879 766 4935 cuniarum
824 4879 1102 4944 dominus,
1150 4879 1351 4947 poterit
1402 4893 1565 4932 unam
1617 4879 1888 4933 redimere
1943 4880 2063 4933 ani-

482 4989 644 5034 mam,
677 4972 803 5026 licet
843 4987 1035 5026 omnes
1071 4971 1221 5026 orbis
1257 4972 1515 5037 pecunias
1562 4953 1722 5039 pretii
1772 4972 1890 5024 loco
1925 4972 2054 5026 alie-

482 5077 599 5133 rat;
630 5079 808 5135 neque
847 5064 1027 5118 omnis
1075 5063 1258 5115 tntnnli
1313 5063 1497 5127 luxus,
1535 5071 1586 5116 et
1638 5065 1893 5131 splendor
1940 5065 2056 5120 exi-

479 5173 644 5225 guum
711 5155 930 5222 aliquod
985 5152 1232 5208 solatium
1266 5153 1460 5210 auiu‘tte
1505 5156 1705 5224 poterit
1762 5155 2046 5222 adhibere,

479 5261 600 5297 cum
637 5254 900 5301 aeternum
947 5241 1310 5310 torquebitur.

2161 4609 2230 4662 ἂν
2261 4609 2524 4679 χρήματα
2555 4610 2614 4659 ὲν
2667 4609 2732 4677 τῇ
2776 4607 2935 4673 φλογὶ
2981 4606 3435 4675 τηγανιζόμενος,
3479 4605 3570 4655 καὶ
3593 4599 3725 4668 ἠθω.

2162 4702 2301 4768 ώθη,
2330 4702 2424 4754 καὶ
2460 4700 2823 4769 ἐλευθερώθη.
2881 4698 3024 4751 Ἀλλ’
3077 4696 3176 4750 οὐκ
3232 4698 3349 4750 ἐστι
3397 4697 3520 4749 τότε
3569 4688 3728 4744 τοιού-

2159 4811 2250 4846 τον
2268 4793 2624 4863 ἀντάλλαγμα
2647 4792 2831 4844 δοῦναι
2858 4791 2954 4858 τῆς
2975 4791 3174 4859 ψυχῆς,
3205 4789 3346 4842 ἀλλὰ
3370 4788 3563 4842 αἰωνέα
3593 4787 3729 4836 ἐστν

2160 4888 2192 4956 ὴ
2226 4887 2449 4949 κόλασις
2510 4887 2606 4938 καὶ
2637 4883 3016 4950 ἁτελεύτητος.
3048 4881 3186 4934 Οὐδὲ
3222 4881 3335 4951 γάρ
3362 4881 3460 4934 ἐὰν
3487 4875 3729 4947 βασιλεῦς

2159 4977 2259 5043 τῆς
2281 4974 2613 5042 οἰκουμένης
2649 4973 2870 5041 ὑπάρχῃ
2900 4987 3008 5037 τις,
3061 4971 3158 5024 καὶ
3210 4971 3433 5022 πάντων
3489 4967 3594 5020 τῶν
3645 4963 3727 5013 ἐπὶ

2160 5067 2264 5133 γῆς
2315 5067 2615 5136 χρημάτων
2667 5063 2899 5135 κυριεύῃ
2952 5065 3049 5116 καὶ
3108 5065 3390 5134 δεσπόζῃ,
3453 5061 3727 5126 δυνήσεται

2161 5158 2258 5226 τὴν
2289 5157 2484 5210 ἑαυτοῦ
2516 5156 2788 5226 ἀγοράσαι
2827 5154 3028 5226 ψυχὴν,
3067 5155 3171 5208 κᾶν
3209 5157 3390 5209 πάντα
3419 5155 3487 5205 τὰ
3537 5152 3630 5217 τῆε
3662 5147 3730 5196 οἱ*

2165 5250 2438 5319 κουμένης
2470 5249 2566 5317 δῷ.
2601 5248 2740 5301 Ἀλλ’
2763 5247 2888 5301 οὐδὲ
2922 5249 2955 5315 ἡ
2981 5245 3130 5316 ὲντῷ
3156 5246 3350 5314 κόσμῳ
3382 5245 3530 5296 πᾶσα
3561 5234 3726 5306 τρυφὴ

481 5339 577 5390 καὶ
603 5336 999 5406 λαμπροφορία
1058 5332 1266 5406 μικράν
1311 5351 1433 5391 τινα
1497 5338 1829 5410 παραψυχὴν
1911 5342 2002 5393 καὶ
2071 5344 2432 5414 παραμυθίαν
2493 5343 2786 5408 δυνήσεται
2840 5342 3286 5412 ἀπεργάσασθαι,
3351 5341 3480 5392 ὅταν
3511 5331 3728 5388 αἰωνίως

478 5431 799 5499 κολάζηται.

554 5525 710 5578 Nunc
741 5540 870 5578 vero
902 5525 990 5578 dat
1020 5527 1179 5580 homo
1206 5529 1602 5596 paenitentiam,
1631 5531 2053 5598 confessionem,

480 5618 773 5686 lacrymas,
824 5619 1075 5685 gemitus,
1126 5621 1552 5688 eleemosynam,
1605 5631 1660 5675 et
1715 5641 1874 5676 onme
1934 5623 2059 5676 reli—

481 5723 646 5773 quum
701 5710 891 5764 salutis
935 5711 1192 5778 pretium.
1225 5713 1450 5767 Dolosus
1481 5730 1610 5767 vero
1660 5713 1836 5768 hostis
1873 5725 2058 5768 noster

481 5799 730 5853 diabolus
785 5817 1005 5871 semper
1066 5805 1268 5874 decipit
1329 5821 1426 5858 nos
1483 5807 1609 5860 vitae
1667 5808 2055 5874 vobqnatibus,

482 5902 800 5968 tempusque
883 5898 1139 5966 paulatim
1216 5898 1672 5972 procrastinatnlo
1737 5899 2054 5954 sulfuratur.

2227 5531 2341 5584 Νῦν
2381 5529 2440 5582 δὲ
2484 5528 2700 5580 δίδωσιν
2748 5527 2776 5577 ὁ
2827 5527 3115 5598 ἄνθρωπος
3189 5525 3506 5594 μετάνοιαν,
3555 5513 3728 5582 ἐξαγό-

2159 5640 2368 5696 ρευσιν,
2410 5622 2647 5686 δάκρυα,
2689 5622 3053 5688 στεναγμοὶς,
3083 5615 3480 5686 ἐλεημοσύνην,
3508 5611 3598 5663 καὶ
3630 5607 3725 5696 πᾶ-

2159 5695 2259 5766 σαν
2290 5711 2460 5780 ἄλλην
2505 5710 2604 5779 τὴν
2642 5710 2743 5776 τῆς
2789 5707 3064 5778 σωτηρίας
3091 5707 3227 5759 ὁδόν.
3271 5705 3333 5755 Ὀ
3368 5703 3424 5755 δὲ
3450 5699 3616 5758 δόλιος
3649 5695 3730 5758 ἐχ-

2161 5803 2287 5872 θρὸς
2318 5803 2477 5870 ἡμῶν
2511 5804 2603 5853 καὶ
2659 5799 2904 5860 διάϐολος
2959 5798 3046 5850 ἀεί
3107 5812 3238 5848 ποτε
3286 5791 3539 5859 ἐξαπατᾷ
3591 5786 3726 5852 ἧμας

2158 5899 2277 5958 ταῖς
2310 5895 2400 5947 τοῦ
2443 5894 2559 5964 βίον
2593 5894 2831 5964 ἡδοναῖς,
2869 5892 2964 5944 καὶ
3024 5887 3364 5943 ύποκλέπτει
3409 5885 3530 5947 ταῖς
3595 5888 3725 5931 κατα
