  <div class='ocr_page' id='page_1' title='image "/cluster/home/n/w/nwhite01/storage/ocr_20150623/150:no.1/coo.31924054870559/146.png"; bbox 0 0 4016 6458; ppageno 0'>
   <div class='ocr_carea' id='block_1_1' title="bbox 246 432 371 500">
    <p class='ocr_par' dir='ltr' id='par_1_1' title="bbox 246 432 371 500">
     <span class='ocr_line' id='line_1_1' title="bbox 246 432 371 500; baseline -0.016 0"><span class='ocrx_word' id='word_1_1' title='bbox 246 432 371 500; x_wconf 68' lang='grc' dir='ltr'><strong>επ</strong></span> 
     </span>
    </p>
   </div>
   <div class='ocr_carea' id='block_1_2' title="bbox 1445 428 2331 493">
    <p class='ocr_par' dir='ltr' id='par_1_2' title="bbox 1445 428 2331 493">
     <span class='ocr_line' id='line_1_2' title="bbox 1445 428 2331 493; baseline -0.001 -1"><span class='ocrx_word' id='word_1_2' title='bbox 1445 429 1732 492; x_wconf 82' lang='lat' dir='ltr'><strong>ORATIO</strong></span> <span class='ocrx_word' id='word_1_3' title='bbox 1768 429 1852 491; x_wconf 90' lang='lat' dir='ltr'><strong>IN</strong></span> <span class='ocrx_word' id='word_1_4' title='bbox 1894 430 1962 493; x_wconf 92' lang='lat' dir='ltr'><strong>S.</strong></span> <span class='ocrx_word' id='word_1_5' title='bbox 2001 428 2331 492; x_wconf 83' lang='lat' dir='ltr'><strong>CRUCEM.</strong></span> 
     </span>
    </p>
   </div>
   <div class='ocr_carea' id='block_1_3' title="bbox 3415 419 3521 486">
    <p class='ocr_par' dir='ltr' id='par_1_3' title="bbox 3415 419 3521 486">
     <span class='ocr_line' id='line_1_3' title="bbox 3415 419 3521 486; baseline 0.066 -7"><span class='ocrx_word' id='word_1_6' title='bbox 3415 419 3521 486; x_wconf 73' lang='lat'><strong>278</strong></span> 
     </span>
    </p>
   </div>
   <div class='ocr_carea' id='block_1_4' title="bbox 255 508 1849 621">
    <p class='ocr_par' dir='ltr' id='par_1_4' title="bbox 255 508 1837 621">
     <span class='ocr_line' id='line_1_4' title="bbox 255 508 1837 621; baseline -0.003 -18"><span class='ocrx_word' id='word_1_7' title='bbox 255 508 454 621; x_wconf 67' lang='grc' dir='ltr'>μικρὸν</span> <span class='ocrx_word' id='word_1_8' title='bbox 480 546 840 616; x_wconf 69' lang='grc' dir='ltr'>ὑποθέσεσιν,</span> <span class='ocrx_word' id='word_1_9' title='bbox 861 528 1040 620; x_wconf 75' lang='grc' dir='ltr'>Ἕμοὶ,</span> <span class='ocrx_word' id='word_1_10' title='bbox 1086 547 1286 618; x_wconf 84' lang='grc' dir='ltr'>λέγων,</span> <span class='ocrx_word' id='word_1_11' title='bbox 1317 549 1408 613; x_wconf 79' lang='grc' dir='ltr'>δὸς</span> <span class='ocrx_word' id='word_1_12' title='bbox 1441 548 1541 619; x_wconf 78' lang='grc' dir='ltr'>τὴν</span> <span class='ocrx_word' id='word_1_13' title='bbox 1572 550 1837 621; x_wconf 81' lang='grc' dir='ltr'><strong>σήμερον,</strong></span> 
     </span>
    </p>
   </div>
   <div class='ocr_carea' id='block_1_5' title="bbox 1953 508 3522 621">
    <p class='ocr_par' dir='ltr' id='par_1_5' title="bbox 1953 538 3522 618">
     <span class='ocr_line' id='line_1_5' title="bbox 1953 538 3522 618; baseline -0.006 -15"><span class='ocrx_word' id='word_1_14' title='bbox 1953 547 2099 613; x_wconf 76' lang='lat' dir='ltr'><strong>Mihi,</strong></span> <span class='ocrx_word' id='word_1_15' title='bbox 2129 547 2333 618; x_wconf 82' lang='lat' dir='ltr'><strong>inquit,</strong></span> <span class='ocrx_word' id='word_1_16' title='bbox 2361 544 2504 601; x_wconf 90' lang='lat' dir='ltr'><strong>diem</strong></span> <span class='ocrx_word' id='word_1_17' title='bbox 2534 543 2601 600; x_wconf 89' lang='lat' dir='ltr'><strong>da</strong></span> <span class='ocrx_word' id='word_1_18' title='bbox 2650 543 2995 611; x_wconf 87' lang='lat' dir='ltr'><strong>hodiernum,</strong></span> <span class='ocrx_word' id='word_1_19' title='bbox 3028 540 3143 596; x_wconf 89' lang='lat' dir='ltr'><strong>Deo</strong></span> <span class='ocrx_word' id='word_1_20' title='bbox 3179 538 3480 595; x_wconf 88' lang='lat' dir='ltr'><strong>crastinum</strong></span> <span class='ocrx_word' id='word_1_21' title='bbox 3506 557 3522 601; x_wconf 87' lang='lat'><strong>;</strong></span> 
     </span>
    </p>
   </div>
   <div class='ocr_carea' id='block_1_6' title="bbox 254 638 1832 713">
    <p class='ocr_par' dir='ltr' id='par_1_6' title="bbox 254 638 1832 713">
     <span class='ocr_line' id='line_1_6' title="bbox 254 638 1832 713; baseline -0.001 -18"><span class='ocrx_word' id='word_1_22' title='bbox 254 640 375 712; x_wconf 76' lang='grc' dir='ltr'><strong>Θεῷ</strong></span> <span class='ocrx_word' id='word_1_23' title='bbox 400 639 458 695; x_wconf 73' lang='grc' dir='ltr'>δὲ</span> <span class='ocrx_word' id='word_1_24' title='bbox 492 640 599 712; x_wconf 82' lang='grc' dir='ltr'><strong>τὴν</strong></span> <span class='ocrx_word' id='word_1_25' title='bbox 632 639 852 711; x_wconf 74' lang='grc' dir='ltr'>αὔριον·</span> <span class='ocrx_word' id='word_1_26' title='bbox 891 642 1014 711; x_wconf 75' lang='grc' dir='ltr'>ἐμοὶ</span> <span class='ocrx_word' id='word_1_27' title='bbox 1042 641 1102 695; x_wconf 81' lang='grc' dir='ltr'>τὸ</span> <span class='ocrx_word' id='word_1_28' title='bbox 1127 641 1308 713; x_wconf 83' lang='grc' dir='ltr'>παρδν</span> <span class='ocrx_word' id='word_1_29' title='bbox 1336 641 1446 708; x_wconf 86' lang='grc' dir='ltr'>δδς,</span> <span class='ocrx_word' id='word_1_30' title='bbox 1497 640 1620 711; x_wconf 84' lang='grc' dir='ltr'>Θεῷ</span> <span class='ocrx_word' id='word_1_31' title='bbox 1666 640 1724 694; x_wconf 82' lang='grc' dir='ltr'>δὲ</span> <span class='ocrx_word' id='word_1_32' title='bbox 1770 638 1832 694; x_wconf 82' lang='grc' dir='ltr'>τὸ</span> 
     </span>
    </p>
   </div>
   <div class='ocr_carea' id='block_1_7' title="bbox 267 732 1875 804">
    <p class='ocr_par' dir='ltr' id='par_1_7' title="bbox 267 732 1875 804">
     <span class='ocr_line' id='line_1_7' title="bbox 267 732 1875 804; baseline 0.002 -19"><span class='ocrx_word' id='word_1_33' title='bbox 267 733 482 804; x_wconf 72' lang='grc' dir='ltr'>μέλλον·</span> <span class='ocrx_word' id='word_1_34' title='bbox 522 734 614 786; x_wconf 81' lang='grc' dir='ltr'><strong>ίνα</strong></span> <span class='ocrx_word' id='word_1_35' title='bbox 664 732 809 787; x_wconf 75' lang='grc' dir='ltr'>οὕτω</span> <span class='ocrx_word' id='word_1_36' title='bbox 841 732 1214 804; x_wconf 77' lang='grc' dir='ltr'><strong>βραδυνόντων</strong></span> <span class='ocrx_word' id='word_1_37' title='bbox 1264 732 1425 803; x_wconf 85' lang='grc' dir='ltr'>ἡμῶν</span> <span class='ocrx_word' id='word_1_38' title='bbox 1473 732 1611 804; x_wconf 78' lang='grc' dir='ltr'>πρὸς</span> <span class='ocrx_word' id='word_1_39' title='bbox 1668 732 1875 803; x_wconf 82' lang='grc' dir='ltr'>μετά-.</span> 
     </span>
    </p>
   </div>
   <div class='ocr_carea' id='block_1_8' title="bbox 267 824 1834 900">
    <p class='ocr_par' dir='ltr' id='par_1_8' title="bbox 267 824 1834 900">
     <span class='ocr_line' id='line_1_8' title="bbox 267 824 1834 900; baseline -0.004 -15"><span class='ocrx_word' id='word_1_40' title='bbox 267 849 411 886; x_wconf 86' lang='grc' dir='ltr'>νοιαν</span> <span class='ocrx_word' id='word_1_41' title='bbox 443 831 534 883; x_wconf 73' lang='grc' dir='ltr'><strong>καὶ</strong></span> <span class='ocrx_word' id='word_1_42' title='bbox 574 828 888 899; x_wconf 87' lang='grc' dir='ltr'>διόρθωσιν,</span> <span class='ocrx_word' id='word_1_43' title='bbox 955 829 1202 882; x_wconf 68' lang='grc' dir='ltr'>ἐπελθὼν</span> <span class='ocrx_word' id='word_1_44' title='bbox 1243 826 1548 900; x_wconf 82' lang='grc' dir='ltr'>ἀφαρπάσῃ</span> <span class='ocrx_word' id='word_1_45' title='bbox 1579 828 1607 880; x_wconf 88' lang='lat'><strong>6</strong></span> <span class='ocrx_word' id='word_1_46' title='bbox 1663 824 1834 879; x_wconf 82' lang='grc' dir='ltr'>θάνα-</span> 
     </span>
    </p>
   </div>
   <div class='ocr_carea' id='block_1_9' title="bbox 267 916 1839 990">
    <p class='ocr_par' dir='ltr' id='par_1_9' title="bbox 267 916 1839 990">
     <span class='ocr_line' id='line_1_9' title="bbox 267 916 1839 990; baseline -0.002 -16"><span class='ocrx_word' id='word_1_47' title='bbox 267 937 379 986; x_wconf 88' lang='grc' dir='ltr'>τος,</span> <span class='ocrx_word' id='word_1_48' title='bbox 411 919 485 990; x_wconf 79' lang='grc' dir='ltr'>μὴ</span> <span class='ocrx_word' id='word_1_49' title='bbox 511 917 683 983; x_wconf 85' lang='grc' dir='ltr'>δντως</span> <span class='ocrx_word' id='word_1_50' title='bbox 741 916 1135 988; x_wconf 81' lang='grc' dir='ltr'>λυτρουμένου.</span> <span class='ocrx_word' id='word_1_51' title='bbox 1181 917 1320 989; x_wconf 77' lang='grc' dir='ltr'>μηδὲ</span> <span class='ocrx_word' id='word_1_52' title='bbox 1373 916 1668 981; x_wconf 77' lang='grc' dir='ltr'><strong>σώζοντος.</strong></span> <span class='ocrx_word' id='word_1_53' title='bbox 1703 916 1839 971; x_wconf 80' lang='grc' dir='ltr'><strong>Ἀν-</strong></span> 
     </span>
    </p>
   </div>
   <div class='ocr_carea' id='block_1_10' title="bbox 262 1006 1838 1082">
    <p class='ocr_par' dir='ltr' id='par_1_10' title="bbox 262 1006 1838 1082">
     <span class='ocr_line' id='line_1_10' title="bbox 262 1006 1838 1082; baseline -0.001 -18"><span class='ocrx_word' id='word_1_54' title='bbox 262 1011 471 1082; x_wconf 84' lang='grc' dir='ltr'>θρωπος</span> <span class='ocrx_word' id='word_1_55' title='bbox 496 1011 596 1080; x_wconf 76' lang='grc' dir='ltr'>μὲν</span> <span class='ocrx_word' id='word_1_56' title='bbox 628 1006 724 1063; x_wconf 75' lang='grc' dir='ltr'>οὖν</span> <span class='ocrx_word' id='word_1_57' title='bbox 751 1009 851 1062; x_wconf 84' lang='grc' dir='ltr'><strong>οὐκ</strong></span> <span class='ocrx_word' id='word_1_58' title='bbox 878 1008 991 1079; x_wconf 74' lang='grc' dir='ltr'>ἔχει</span> <span class='ocrx_word' id='word_1_59' title='bbox 1019 1025 1074 1063; x_wconf 89' lang='grc' dir='ltr'><strong>τι</strong></span> <span class='ocrx_word' id='word_1_60' title='bbox 1101 1007 1288 1063; x_wconf 85' lang='grc' dir='ltr'>δοῦναι</span> <span class='ocrx_word' id='word_1_61' title='bbox 1337 1007 1695 1080; x_wconf 79' lang='grc' dir='ltr'><strong>ἀντάλλαγμα</strong></span> <span class='ocrx_word' id='word_1_62' title='bbox 1737 1009 1838 1079; x_wconf 86' lang='grc' dir='ltr'><strong>τῆς</strong></span> 
     </span>
    </p>
   </div>
   <div class='ocr_carea' id='block_1_11' title="bbox 255 1101 1838 1173">
    <p class='ocr_par' dir='ltr' id='par_1_11' title="bbox 255 1101 1838 1173">
     <span class='ocr_line' id='line_1_11' title="bbox 255 1101 1838 1173; baseline -0.008 -5"><span class='ocrx_word' id='word_1_63' title='bbox 255 1102 437 1173; x_wconf 73' lang='grc' dir='ltr'><strong>ψυχῆς</strong></span> <span class='ocrx_word' id='word_1_64' title='bbox 462 1101 652 1156; x_wconf 78' lang='grc' dir='ltr'><strong>αὒτοῦ⁶</strong></span> <span class='ocrx_word' id='word_1_65' title='bbox 680 1103 708 1156; x_wconf 97' lang='lat'><strong>6</strong></span> <span class='ocrx_word' id='word_1_66' title='bbox 729 1101 786 1155; x_wconf 75' lang='grc' dir='ltr'>δὲ</span> <span class='ocrx_word' id='word_1_67' title='bbox 817 1102 949 1164; x_wconf 77' lang='grc' dir='ltr'>Θεὸς</span> <span class='ocrx_word' id='word_1_68' title='bbox 982 1104 1084 1172; x_wconf 81' lang='grc' dir='ltr'>τῆς</span> <span class='ocrx_word' id='word_1_69' title='bbox 1104 1102 1264 1172; x_wconf 80' lang='grc' dir='ltr'>ἡμῶν</span> <span class='ocrx_word' id='word_1_70' title='bbox 1311 1101 1589 1172; x_wconf 78' lang='grc' dir='ltr'><strong>σωτηρίας</strong></span> <span class='ocrx_word' id='word_1_71' title='bbox 1648 1102 1838 1155; x_wconf 76' lang='grc' dir='ltr'>ἕνεκεν</span> 
     </span>
    </p>
   </div>
   <div class='ocr_carea' id='block_1_12' title="bbox 252 1187 1836 1263">
    <p class='ocr_par' dir='ltr' id='par_1_12' title="bbox 252 1187 1836 1263">
     <span class='ocr_line' id='line_1_12' title="bbox 252 1187 1836 1263; baseline 0 -16"><span class='ocrx_word' id='word_1_72' title='bbox 252 1195 486 1249; x_wconf 80' lang='grc' dir='ltr'>δέδωκεν</span> <span class='ocrx_word' id='word_1_73' title='bbox 512 1194 869 1262; x_wconf 77' lang='grc' dir='ltr'><strong>ἀντάλλαγμα</strong></span> <span class='ocrx_word' id='word_1_74' title='bbox 902 1192 964 1246; x_wconf 80' lang='grc' dir='ltr'>τὸ</span> <span class='ocrx_word' id='word_1_75' title='bbox 984 1194 1167 1262; x_wconf 85' lang='grc' dir='ltr'>τίμιον</span> <span class='ocrx_word' id='word_1_76' title='bbox 1195 1187 1339 1263; x_wconf 75' lang='grc' dir='ltr'>αἷμα</span> <span class='ocrx_word' id='word_1_77' title='bbox 1361 1191 1456 1248; x_wconf 87' lang='grc' dir='ltr'><strong>τοῦ</strong></span> <span class='ocrx_word' id='word_1_78' title='bbox 1483 1192 1616 1247; x_wconf 86' lang='grc' dir='ltr'>Υίοῦ</span> <span class='ocrx_word' id='word_1_79' title='bbox 1645 1192 1836 1248; x_wconf 84' lang='grc' dir='ltr'>αὑτοῦ.</span> 
     </span>
    </p>
   </div>
   <div class='ocr_carea' id='block_1_13' title="bbox 255 1284 1841 1358">
    <p class='ocr_par' dir='ltr' id='par_1_13' title="bbox 255 1284 1841 1358">
     <span class='ocr_line' id='line_1_13' title="bbox 255 1284 1841 1358; baseline -0.001 -19"><span class='ocrx_word' id='word_1_80' title='bbox 255 1287 350 1339; x_wconf 79' lang='grc' dir='ltr'><strong>Διὸ</strong></span> <span class='ocrx_word' id='word_1_81' title='bbox 388 1284 718 1353; x_wconf 82' lang='grc' dir='ltr'>παρακαλῶ,</span> <span class='ocrx_word' id='word_1_82' title='bbox 745 1287 816 1340; x_wconf 80' lang='grc' dir='ltr'>τὰ</span> <span class='ocrx_word' id='word_1_83' title='bbox 851 1286 1015 1341; x_wconf 76' lang='grc' dir='ltr'>λοιπά</span> <span class='ocrx_word' id='word_1_84' title='bbox 1053 1289 1233 1342; x_wconf 87' lang='grc' dir='ltr'>πάντα</span> <span class='ocrx_word' id='word_1_85' title='bbox 1286 1287 1546 1355; x_wconf 79' lang='grc' dir='ltr'>ἀφεντες,</span> <span class='ocrx_word' id='word_1_86' title='bbox 1602 1287 1685 1349; x_wconf 85' lang='grc' dir='ltr'><strong>εἰς</strong></span> <span class='ocrx_word' id='word_1_87' title='bbox 1740 1284 1841 1358; x_wconf 88' lang='grc' dir='ltr'><strong>τὴν</strong></span> 
     </span>
    </p>
   </div>
   <div class='ocr_carea' id='block_1_14' title="bbox 254 1370 1842 1450">
    <p class='ocr_par' dir='ltr' id='par_1_14' title="bbox 254 1370 1842 1450">
     <span class='ocr_line' id='line_1_14' title="bbox 254 1370 1842 1450; baseline 0 -20"><span class='ocrx_word' id='word_1_88' title='bbox 254 1370 435 1448; x_wconf 61' lang='grc' dir='ltr'>ψυχὴν</span> <span class='ocrx_word' id='word_1_89' title='bbox 468 1377 688 1432; x_wconf 73' lang='grc' dir='ltr'>ἃπασαν</span> <span class='ocrx_word' id='word_1_90' title='bbox 715 1378 820 1448; x_wconf 80' lang='grc' dir='ltr'>τὴν</span> <span class='ocrx_word' id='word_1_91' title='bbox 845 1379 1084 1450; x_wconf 81' lang='grc' dir='ltr'>σπουδὴν</span> <span class='ocrx_word' id='word_1_92' title='bbox 1108 1379 1524 1449; x_wconf 84' lang='grc' dir='ltr'>ἀναλίσκωμεν.</span> <span class='ocrx_word' id='word_1_93' title='bbox 1550 1378 1675 1432; x_wconf 88' lang='grc' dir='ltr'>Τῶν</span> <span class='ocrx_word' id='word_1_94' title='bbox 1729 1377 1842 1449; x_wconf 85' lang='grc' dir='ltr'><strong>γὰρ</strong></span> 
     </span>
    </p>
   </div>
   <div class='ocr_carea' id='block_1_15' title="bbox 257 1471 1842 1546">
    <p class='ocr_par' dir='ltr' id='par_1_15' title="bbox 257 1471 1842 1546">
     <span class='ocr_line' id='line_1_15' title="bbox 257 1471 1842 1546; baseline 0.001 -23"><span class='ocrx_word' id='word_1_95' title='bbox 257 1472 321 1524; x_wconf 70' lang='grc' dir='ltr'>ὲν</span> <span class='ocrx_word' id='word_1_96' title='bbox 351 1474 487 1543; x_wconf 78' lang='grc' dir='ltr'>ἡμῖν</span> <span class='ocrx_word' id='word_1_97' title='bbox 519 1472 740 1526; x_wconf 84' lang='grc' dir='ltr'>πάντων</span> <span class='ocrx_word' id='word_1_98' title='bbox 781 1471 1121 1544; x_wconf 75' lang='grc' dir='ltr'>ςιυριώτερον</span> <span class='ocrx_word' id='word_1_99' title='bbox 1148 1475 1181 1546; x_wconf 84' lang='grc' dir='ltr'>ή</span> <span class='ocrx_word' id='word_1_100' title='bbox 1206 1472 1354 1545; x_wconf 85' lang='grc' dir='ltr'>ψυχή</span> <span class='ocrx_word' id='word_1_101' title='bbox 1393 1474 1568 1528; x_wconf 75' lang='grc' dir='ltr'>ἐστιν.</span> <span class='ocrx_word' id='word_1_102' title='bbox 1608 1473 1708 1535; x_wconf 81' lang='grc' dir='ltr'>’ος</span> <span class='ocrx_word' id='word_1_103' title='bbox 1731 1473 1842 1544; x_wconf 82' lang='grc' dir='ltr'><strong>γὰρ</strong></span> 
     </span>
    </p>
   </div>
   <div class='ocr_carea' id='block_1_16' title="bbox 255 1558 1844 1637">
    <p class='ocr_par' dir='ltr' id='par_1_16' title="bbox 255 1558 1844 1637">
     <span class='ocr_line' id='line_1_16' title="bbox 255 1558 1844 1637; baseline 0.003 -24"><span class='ocrx_word' id='word_1_104' title='bbox 255 1561 356 1615; x_wconf 72' lang='grc' dir='ltr'><strong>ἐὰν</strong></span> <span class='ocrx_word' id='word_1_105' title='bbox 408 1558 754 1637; x_wconf 80' lang='grc' dir='ltr'>ἀπαισχυνθῇ</span> <span class='ocrx_word' id='word_1_106' title='bbox 790 1581 880 1634; x_wconf 91' lang='grc' dir='ltr'><strong>με,</strong></span> <span class='ocrx_word' id='word_1_107' title='bbox 913 1563 1072 1634; x_wconf 79' lang='grc' dir='ltr'>φησὶ,</span> <span class='ocrx_word' id='word_1_108' title='bbox 1101 1564 1197 1618; x_wconf 77' lang='grc' dir='ltr'>καὶ</span> <span class='ocrx_word' id='word_1_109' title='bbox 1229 1565 1359 1628; x_wconf 83' lang='grc' dir='ltr'>τοὺς</span> <span class='ocrx_word' id='word_1_110' title='bbox 1419 1565 1591 1635; x_wconf 76' lang='grc' dir='ltr'>ἐμοὺς</span> <span class='ocrx_word' id='word_1_111' title='bbox 1644 1564 1844 1633; x_wconf 82' lang='grc' dir='ltr'><strong>λόγους</strong></span> 
     </span>
    </p>
   </div>
   <div class='ocr_carea' id='block_1_17' title="bbox 254 1652 1847 1727">
    <p class='ocr_par' dir='ltr' id='par_1_17' title="bbox 254 1652 1847 1727">
     <span class='ocr_line' id='line_1_17' title="bbox 254 1652 1847 1727; baseline 0.005 -24"><span class='ocrx_word' id='word_1_112' title='bbox 254 1655 320 1704; x_wconf 83' lang='grc' dir='ltr'>ὲν</span> <span class='ocrx_word' id='word_1_113' title='bbox 339 1654 505 1725; x_wconf 67' lang='grc' dir='ltr'>γενεᾷ</span> <span class='ocrx_word' id='word_1_114' title='bbox 527 1652 700 1725; x_wconf 82' lang='grc' dir='ltr'>ταύτῃ</span> <span class='ocrx_word' id='word_1_115' title='bbox 726 1657 791 1724; x_wconf 78' lang='grc' dir='ltr'><strong>τῇ</strong></span> <span class='ocrx_word' id='word_1_116' title='bbox 826 1655 1103 1725; x_wconf 79' lang='grc' dir='ltr'>μοιχαλίδι</span> <span class='ocrx_word' id='word_1_117' title='bbox 1154 1655 1252 1710; x_wconf 80' lang='grc' dir='ltr'><strong>καὶ</strong></span> <span class='ocrx_word' id='word_1_118' title='bbox 1298 1656 1611 1727; x_wconf 82' lang='grc' dir='ltr'>ἀμαρτωλῷ</span> <span class='ocrx_word' id='word_1_119' title='bbox 1631 1671 1646 1687; x_wconf 85' lang='lat'><strong><em>°</em></strong></span> <span class='ocrx_word' id='word_1_120' title='bbox 1693 1656 1786 1711; x_wconf 79' lang='grc' dir='ltr'><strong>καὶ</strong></span> <span class='ocrx_word' id='word_1_121' title='bbox 1816 1658 1847 1712; x_wconf 89' lang='lat'><strong>6</strong></span> 
     </span>
    </p>
   </div>
   <div class='ocr_carea' id='block_1_18' title="bbox 254 1744 1846 1819">
    <p class='ocr_par' dir='ltr' id='par_1_18' title="bbox 254 1744 1846 1819">
     <span class='ocr_line' id='line_1_18' title="bbox 254 1744 1846 1819; baseline 0.001 -18"><span class='ocrx_word' id='word_1_122' title='bbox 254 1744 393 1808; x_wconf 75' lang='grc' dir='ltr'><strong>Υἱὸς</strong></span> <span class='ocrx_word' id='word_1_123' title='bbox 446 1745 543 1801; x_wconf 84' lang='grc' dir='ltr'><strong>τοῦ</strong></span> <span class='ocrx_word' id='word_1_124' title='bbox 587 1745 878 1817; x_wconf 77' lang='grc' dir='ltr'>ἀνθρώπου</span> <span class='ocrx_word' id='word_1_125' title='bbox 928 1748 1429 1819; x_wconf 76' lang='grc' dir='ltr'><strong>ἐπαισχυνθήσεται</strong></span> <span class='ocrx_word' id='word_1_126' title='bbox 1483 1747 1672 1816; x_wconf 80' lang='grc' dir='ltr'>αὐτὸν,</span> <span class='ocrx_word' id='word_1_127' title='bbox 1714 1749 1846 1803; x_wconf 85' lang='grc' dir='ltr'>ὅταν</span> 
     </span>
    </p>
   </div>
   <div class='ocr_carea' id='block_1_19' title="bbox 259 1837 1846 1911">
    <p class='ocr_par' dir='ltr' id='par_1_19' title="bbox 259 1837 1846 1911">
     <span class='ocr_line' id='line_1_19' title="bbox 259 1837 1846 1911; baseline 0.003 -22"><span class='ocrx_word' id='word_1_128' title='bbox 259 1837 395 1910; x_wconf 74' lang='grc' dir='ltr'>ἔλθῃ</span> <span class='ocrx_word' id='word_1_129' title='bbox 424 1839 484 1890; x_wconf 75' lang='grc' dir='ltr'>ὲν</span> <span class='ocrx_word' id='word_1_130' title='bbox 515 1839 581 1908; x_wconf 75' lang='grc' dir='ltr'>τῇ</span> <span class='ocrx_word' id='word_1_131' title='bbox 613 1837 742 1910; x_wconf 81' lang='grc' dir='ltr'>δόξῃ</span> <span class='ocrx_word' id='word_1_132' title='bbox 774 1839 869 1893; x_wconf 79' lang='grc' dir='ltr'><strong>τοῦ</strong></span> <span class='ocrx_word' id='word_1_133' title='bbox 895 1840 1112 1911; x_wconf 76' lang='grc' dir='ltr'>Πατρδς</span> <span class='ocrx_word' id='word_1_134' title='bbox 1146 1840 1313 1894; x_wconf 82' lang='grc' dir='ltr'>αὐτοῦ</span> <span class='ocrx_word' id='word_1_135' title='bbox 1349 1841 1490 1911; x_wconf 80' lang='grc' dir='ltr'>μετὰ</span> <span class='ocrx_word' id='word_1_136' title='bbox 1529 1841 1639 1895; x_wconf 82' lang='grc' dir='ltr'><strong>τῶν</strong></span> <span class='ocrx_word' id='word_1_137' title='bbox 1677 1841 1846 1910; x_wconf 77' lang='grc' dir='ltr'>ἀγγέ-</span> 
     </span>
    </p>
   </div>
   <div class='ocr_carea' id='block_1_20' title="bbox 257 1916 1851 1997">
    <p class='ocr_par' dir='ltr' id='par_1_20' title="bbox 257 1916 1851 1997">
     <span class='ocr_line' id='line_1_20' title="bbox 257 1916 1851 1997; baseline 0.005 -21"><span class='ocrx_word' id='word_1_138' title='bbox 257 1922 367 1976; x_wconf 88' lang='grc' dir='ltr'>λων</span> <span class='ocrx_word' id='word_1_139' title='bbox 396 1923 508 1977; x_wconf 81' lang='grc' dir='ltr'>τῶν</span> <span class='ocrx_word' id='word_1_140' title='bbox 539 1916 748 1992; x_wconf 72' lang='grc' dir='ltr'><strong>ἁγίων.Δ</strong></span> <span class='ocrx_word' id='word_1_141' title='bbox 773 1926 849 1978; x_wconf 80' lang='grc' dir='ltr'><strong>Οὐ</strong></span> <span class='ocrx_word' id='word_1_142' title='bbox 895 1929 1058 1997; x_wconf 85' lang='grc' dir='ltr'>μόνον</span> <span class='ocrx_word' id='word_1_143' title='bbox 1088 1929 1230 1982; x_wconf 80' lang='grc' dir='ltr'>κατὰ</span> <span class='ocrx_word' id='word_1_144' title='bbox 1267 1929 1510 1985; x_wconf 89' lang='grc' dir='ltr'>διάνοιαν</span> <span class='ocrx_word' id='word_1_145' title='bbox 1574 1924 1851 1985; x_wconf 80' lang='grc' dir='ltr'>πιστεύειν</span> 
     </span>
    </p>
   </div>
   <div class='ocr_carea' id='block_1_21' title="bbox 257 2012 1849 2094">
    <p class='ocr_par' dir='ltr' id='par_1_21' title="bbox 257 2012 1849 2094">
     <span class='ocr_line' id='line_1_21' title="bbox 257 2012 1849 2094; baseline 0.008 -30"><span class='ocrx_word' id='word_1_146' title='bbox 257 2012 575 2083; x_wconf 63' lang='grc' dir='ltr'>ὀφείλομεν,</span> <span class='ocrx_word' id='word_1_147' title='bbox 599 2014 735 2069; x_wconf 79' lang='grc' dir='ltr'>ἀλλὰ</span> <span class='ocrx_word' id='word_1_148' title='bbox 763 2019 859 2073; x_wconf 77' lang='grc' dir='ltr'>καὶ</span> <span class='ocrx_word' id='word_1_149' title='bbox 887 2018 987 2087; x_wconf 75' lang='grc' dir='ltr'>τὴν</span> <span class='ocrx_word' id='word_1_150' title='bbox 1017 2018 1107 2073; x_wconf 84' lang='grc' dir='ltr'><strong>διὰ</strong></span> <span class='ocrx_word' id='word_1_151' title='bbox 1160 2020 1436 2091; x_wconf 86' lang='grc' dir='ltr'>στόματος</span> <span class='ocrx_word' id='word_1_152' title='bbox 1460 2021 1849 2094; x_wconf 83' lang='grc' dir='ltr'>ἀπαιτούμεθα</span> 
     </span>
    </p>
   </div>
   <div class='ocr_carea' id='block_1_22' title="bbox 258 2103 1842 2184">
    <p class='ocr_par' dir='ltr' id='par_1_22' title="bbox 258 2103 1842 2184">
     <span class='ocr_line' id='line_1_22' title="bbox 258 2103 1842 2184; baseline 0.009 -30"><span class='ocrx_word' id='word_1_153' title='bbox 258 2103 558 2172; x_wconf 75' lang='grc' dir='ltr'>ὁμολογίαν</span> <span class='ocrx_word' id='word_1_154' title='bbox 578 2120 592 2134; x_wconf 86' lang='grc'>⁶</span> <span class='ocrx_word' id='word_1_155' title='bbox 619 2105 811 2177; x_wconf 77' lang='grc' dir='ltr'>ἐπειδὴ</span> <span class='ocrx_word' id='word_1_156' title='bbox 840 2107 951 2178; x_wconf 78' lang='grc' dir='ltr'>γὰρ</span> <span class='ocrx_word' id='word_1_157' title='bbox 1003 2107 1228 2173; x_wconf 77' lang='grc' dir='ltr'>διπλοῦς</span> <span class='ocrx_word' id='word_1_158' title='bbox 1260 2112 1410 2163; x_wconf 71' lang='grc' dir='ltr'>ἐστιν</span> <span class='ocrx_word' id='word_1_159' title='bbox 1466 2114 1494 2165; x_wconf 91' lang='lat'><strong>6</strong></span> <span class='ocrx_word' id='word_1_160' title='bbox 1531 2113 1842 2184; x_wconf 80' lang='grc' dir='ltr'>ἄνθρωπος,</span> 
     </span>
    </p>
   </div>
   <div class='ocr_carea' id='block_1_23' title="bbox 256 2192 1842 2275">
    <p class='ocr_par' dir='ltr' id='par_1_23' title="bbox 256 2192 1842 2275">
     <span class='ocr_line' id='line_1_23' title="bbox 256 2192 1842 2275; baseline 0.007 -32"><span class='ocrx_word' id='word_1_161' title='bbox 256 2192 489 2255; x_wconf 87' lang='grc' dir='ltr'>διπλοῦς</span> <span class='ocrx_word' id='word_1_162' title='bbox 513 2195 747 2251; x_wconf 71' lang='grc' dir='ltr'>ἐστικαὶ</span> <span class='ocrx_word' id='word_1_163' title='bbox 774 2197 802 2249; x_wconf 91' lang='grc' dir='ltr'><strong>ό</strong></span> <span class='ocrx_word' id='word_1_164' title='bbox 832 2197 1126 2267; x_wconf 81' lang='grc' dir='ltr'>άγιασμός.</span> <span class='ocrx_word' id='word_1_165' title='bbox 1151 2198 1473 2269; x_wconf 81' lang='grc' dir='ltr'>Ἀγιάζεται</span> <span class='ocrx_word' id='word_1_166' title='bbox 1496 2200 1662 2272; x_wconf 82' lang='grc' dir='ltr'><strong>γὰρὴ</strong></span> <span class='ocrx_word' id='word_1_167' title='bbox 1690 2201 1842 2275; x_wconf 79' lang='grc' dir='ltr'>ψυχὴ</span> 
     </span>
    </p>
   </div>
   <div class='ocr_carea' id='block_1_24' title="bbox 258 2285 1839 2363">
    <p class='ocr_par' dir='ltr' id='par_1_24' title="bbox 258 2285 1839 2363">
     <span class='ocr_line' id='line_1_24' title="bbox 258 2285 1839 2363; baseline 0.008 -26"><span class='ocrx_word' id='word_1_168' title='bbox 258 2285 352 2338; x_wconf 77' lang='grc' dir='ltr'><strong>διὰ</strong></span> <span class='ocrx_word' id='word_1_169' title='bbox 382 2285 481 2354; x_wconf 82' lang='grc' dir='ltr'>τῆς</span> <span class='ocrx_word' id='word_1_170' title='bbox 517 2286 810 2357; x_wconf 80' lang='grc' dir='ltr'>ὁμολογίας</span> <span class='ocrx_word' id='word_1_171' title='bbox 830 2306 844 2321; x_wconf 80' lang='grc' dir='ltr'><strong><em>ο</em></strong></span> <span class='ocrx_word' id='word_1_172' title='bbox 873 2289 1061 2354; x_wconf 84' lang='grc' dir='ltr'>καθὼς</span> <span class='ocrx_word' id='word_1_173' title='bbox 1091 2290 1233 2347; x_wconf 75' lang='grc' dir='ltr'>καὶό</span> <span class='ocrx_word' id='word_1_174' title='bbox 1285 2293 1612 2357; x_wconf 83' lang='grc' dir='ltr'>Ἀπόστολος</span> <span class='ocrx_word' id='word_1_175' title='bbox 1643 2294 1792 2363; x_wconf 73' lang='grc' dir='ltr'>λέγει</span> <span class='ocrx_word' id='word_1_176' title='bbox 1821 2310 1839 2327; x_wconf 84' lang='lat'><strong>&#39;</strong></span> 
     </span>
    </p>
   </div>
   <div class='ocr_carea' id='block_1_25' title="bbox 261 2380 1848 2455">
    <p class='ocr_par' dir='ltr' id='par_1_25' title="bbox 261 2380 1848 2455">
     <span class='ocr_line' id='line_1_25' title="bbox 261 2380 1848 2455; baseline 0.004 -20"><span class='ocrx_word' id='word_1_177' title='bbox 261 2380 487 2448; x_wconf 79' lang='grc' dir='ltr'><strong>Καρδίᾳ</strong></span> <span class='ocrx_word' id='word_1_178' title='bbox 511 2381 628 2451; x_wconf 75' lang='grc' dir='ltr'><strong>μὲν</strong></span> <span class='ocrx_word' id='word_1_179' title='bbox 655 2383 764 2450; x_wconf 71' lang='grc' dir='ltr'>γὰρ</span> <span class='ocrx_word' id='word_1_180' title='bbox 787 2385 1133 2439; x_wconf 80' lang='grc' dir='ltr'><strong>πιστεύεται</strong></span> <span class='ocrx_word' id='word_1_181' title='bbox 1157 2387 1246 2450; x_wconf 79' lang='grc' dir='ltr'>εἱς</span> <span class='ocrx_word' id='word_1_182' title='bbox 1265 2384 1689 2455; x_wconf 78' lang='grc' dir='ltr'>δικαιοσύνην·</span> <span class='ocrx_word' id='word_1_183' title='bbox 1709 2388 1848 2442; x_wconf 81' lang='grc' dir='ltr'>στό-</span> 
     </span>
    </p>
   </div>
   <div class='ocr_carea' id='block_1_26' title="bbox 260 2469 1846 2543">
    <p class='ocr_par' dir='ltr' id='par_1_26' title="bbox 260 2469 1846 2543">
     <span class='ocr_line' id='line_1_26' title="bbox 260 2469 1846 2543; baseline 0.007 -23"><span class='ocrx_word' id='word_1_184' title='bbox 260 2484 403 2536; x_wconf 81' lang='grc' dir='ltr'>ματι</span> <span class='ocrx_word' id='word_1_185' title='bbox 429 2469 498 2522; x_wconf 80' lang='grc' dir='ltr'>δὲ</span> <span class='ocrx_word' id='word_1_186' title='bbox 525 2471 903 2541; x_wconf 74' lang='grc' dir='ltr'>δμολογεῖται</span> <span class='ocrx_word' id='word_1_187' title='bbox 930 2475 1018 2539; x_wconf 83' lang='grc' dir='ltr'><strong>είς</strong></span> <span class='ocrx_word' id='word_1_188' title='bbox 1064 2476 1392 2543; x_wconf 81' lang='grc' dir='ltr'>σωτηρίαν.</span> <span class='ocrx_word' id='word_1_189' title='bbox 1461 2476 1521 2530; x_wconf 87' lang='lat'><strong>&#39;0</strong></span> <span class='ocrx_word' id='word_1_190' title='bbox 1566 2478 1623 2530; x_wconf 81' lang='grc' dir='ltr'>δὲ</span> <span class='ocrx_word' id='word_1_191' title='bbox 1683 2480 1846 2531; x_wconf 81' lang='grc' dir='ltr'>ἐπαι-</span> 
     </span>
    </p>
   </div>
   <div class='ocr_carea' id='block_1_27' title="bbox 265 2559 1850 2638">
    <p class='ocr_par' dir='ltr' id='par_1_27' title="bbox 265 2559 1850 2638">
     <span class='ocr_line' id='line_1_27' title="bbox 265 2559 1850 2638; baseline 0.006 -27"><span class='ocrx_word' id='word_1_192' title='bbox 265 2559 596 2626; x_wconf 83' lang='grc' dir='ltr'>σχυνόμενος</span> <span class='ocrx_word' id='word_1_193' title='bbox 634 2561 730 2613; x_wconf 80' lang='grc' dir='ltr'><strong>καὶ</strong></span> <span class='ocrx_word' id='word_1_194' title='bbox 758 2564 1158 2633; x_wconf 80' lang='grc' dir='ltr'><strong>ἐντρεπόμενος</strong></span> <span class='ocrx_word' id='word_1_195' title='bbox 1190 2565 1270 2633; x_wconf 82' lang='grc' dir='ltr'>τῷ</span> <span class='ocrx_word' id='word_1_196' title='bbox 1316 2567 1728 2638; x_wconf 82' lang='grc' dir='ltr'>ὲσταυρωμένῳ</span> <span class='ocrx_word' id='word_1_197' title='bbox 1759 2587 1850 2621; x_wconf 79' lang='grc' dir='ltr'>πι-</span> 
     </span>
    </p>
   </div>
   <div class='ocr_carea' id='block_1_28' title="bbox 263 2648 1845 2728">
    <p class='ocr_par' dir='ltr' id='par_1_28' title="bbox 263 2648 1845 2728">
     <span class='ocr_line' id='line_1_28' title="bbox 263 2648 1845 2728; baseline 0.009 -27"><span class='ocrx_word' id='word_1_198' title='bbox 263 2648 492 2703; x_wconf 78' lang='grc' dir='ltr'>στεῦσαι</span> <span class='ocrx_word' id='word_1_199' title='bbox 547 2650 793 2723; x_wconf 79' lang='grc' dir='ltr'><strong>Χριστῷ,</strong></span> <span class='ocrx_word' id='word_1_200' title='bbox 862 2656 957 2707; x_wconf 79' lang='grc' dir='ltr'><strong>καὶ</strong></span> <span class='ocrx_word' id='word_1_201' title='bbox 1024 2656 1363 2728; x_wconf 83' lang='grc' dir='ltr'>ὁμολογῆσαι</span> <span class='ocrx_word' id='word_1_202' title='bbox 1419 2658 1554 2713; x_wconf 82' lang='grc' dir='ltr'><strong>Θεὸν</strong></span> <span class='ocrx_word' id='word_1_203' title='bbox 1607 2661 1845 2716; x_wconf 81' lang='grc' dir='ltr'>ἑαυτοῦ·</span> 
     </span>
    </p>
   </div>
   <div class='ocr_carea' id='block_1_29' title="bbox 234 2741 1847 2819">
    <p class='ocr_par' dir='ltr' id='par_1_29' title="bbox 234 2741 1847 2819">
     <span class='ocr_line' id='line_1_29' title="bbox 234 2741 1847 2819; baseline 0.01 -26"><span class='ocrx_word' id='word_1_204' title='bbox 234 2741 733 2815; x_wconf 11' lang='grc' dir='ltr'>,ἐπαισχυνόμενος</span> <span class='ocrx_word' id='word_1_205' title='bbox 781 2744 839 2799; x_wconf 80' lang='grc' dir='ltr'>δὲ</span> <span class='ocrx_word' id='word_1_206' title='bbox 872 2746 966 2800; x_wconf 86' lang='grc' dir='ltr'><strong>καὶ</strong></span> <span class='ocrx_word' id='word_1_207' title='bbox 986 2749 1113 2812; x_wconf 83' lang='grc' dir='ltr'>τοὺς</span> <span class='ocrx_word' id='word_1_208' title='bbox 1143 2749 1308 2803; x_wconf 76' lang='grc' dir='ltr'>αὐτοῦ</span> <span class='ocrx_word' id='word_1_209' title='bbox 1365 2750 1559 2819; x_wconf 83' lang='grc' dir='ltr'>λόγους</span> <span class='ocrx_word' id='word_1_210' title='bbox 1600 2753 1728 2817; x_wconf 84' lang='grc' dir='ltr'>τοὺς</span> <span class='ocrx_word' id='word_1_211' title='bbox 1770 2755 1847 2811; x_wconf 80' lang='grc' dir='ltr'><strong>’ἐν</strong></span> 
     </span>
    </p>
   </div>
   <div class='ocr_carea' id='block_1_30' title="bbox 264 2832 1847 2920">
    <p class='ocr_par' dir='ltr' id='par_1_30' title="bbox 264 2832 1847 2920">
     <span class='ocr_line' id='line_1_30' title="bbox 264 2832 1847 2920; baseline 0.013 -34"><span class='ocrx_word' id='word_1_212' title='bbox 264 2832 341 2901; x_wconf 87' lang='grc' dir='ltr'><strong>τῷ</strong></span> <span class='ocrx_word' id='word_1_213' title='bbox 404 2834 542 2906; x_wconf 81' lang='grc' dir='ltr'>ἁγίῳ</span> <span class='ocrx_word' id='word_1_214' title='bbox 579 2837 917 2910; x_wconf 82' lang='grc' dir='ltr'>Εὑαγγελίῳ,</span> <span class='ocrx_word' id='word_1_215' title='bbox 974 2840 1167 2896; x_wconf 90' lang='grc' dir='ltr'>τοῦτον</span> <span class='ocrx_word' id='word_1_216' title='bbox 1198 2844 1294 2898; x_wconf 79' lang='grc' dir='ltr'><strong>καὶ</strong></span> <span class='ocrx_word' id='word_1_217' title='bbox 1343 2847 1372 2900; x_wconf 93' lang='lat'><strong>6</strong></span> <span class='ocrx_word' id='word_1_218' title='bbox 1419 2847 1628 2920; x_wconf 78' lang='grc' dir='ltr'>Κύριος</span> <span class='ocrx_word' id='word_1_219' title='bbox 1683 2852 1847 2905; x_wconf 76' lang='grc' dir='ltr'>ἐπαι-</span> 
     </span>
    </p>
   </div>
   <div class='ocr_carea' id='block_1_31' title="bbox 1937 630 3523 710">
    <p class='ocr_par' dir='ltr' id='par_1_31' title="bbox 1937 630 3523 710">
     <span class='ocr_line' id='line_1_31' title="bbox 1937 630 3523 710; baseline -0.007 -14"><span class='ocrx_word' id='word_1_220' title='bbox 1937 640 2073 697; x_wconf 90' lang='lat' dir='ltr'><strong>mihi</strong></span> <span class='ocrx_word' id='word_1_221' title='bbox 2125 651 2338 710; x_wconf 91' lang='lat' dir='ltr'><strong>tempus</strong></span> <span class='ocrx_word' id='word_1_222' title='bbox 2384 652 2664 710; x_wconf 76' lang='lat' dir='ltr'><strong>przesens,</strong></span> <span class='ocrx_word' id='word_1_223' title='bbox 2696 636 2829 702; x_wconf 86' lang='lat' dir='ltr'><strong>Deo,</strong></span> <span class='ocrx_word' id='word_1_224' title='bbox 2867 637 3149 695; x_wconf 81' lang='lat' dir='ltr'><strong>futurum;</strong></span> <span class='ocrx_word' id='word_1_225' title='bbox 3182 639 3239 686; x_wconf 94' lang='lat' dir='ltr'><strong>ut</strong></span> <span class='ocrx_word' id='word_1_226' title='bbox 3288 630 3363 687; x_wconf 90' lang='lat' dir='ltr'><strong>ita</strong></span> <span class='ocrx_word' id='word_1_227' title='bbox 3416 640 3523 685; x_wconf 88' lang='lat' dir='ltr'><strong>tar-</strong></span> 
     </span>
    </p>
   </div>
   <div class='ocr_carea' id='block_1_32' title="bbox 1937 729 3525 802">
    <p class='ocr_par' dir='ltr' id='par_1_32' title="bbox 1937 729 3525 802">
     <span class='ocr_line' id='line_1_32' title="bbox 1937 729 3525 802; baseline -0.006 -13"><span class='ocrx_word' id='word_1_228' title='bbox 1937 734 2132 790; x_wconf 87' lang='lat' dir='ltr'><strong>dantes</strong></span> <span class='ocrx_word' id='word_1_229' title='bbox 2180 732 2249 789; x_wconf 90' lang='lat' dir='ltr'><strong>ad</strong></span> <span class='ocrx_word' id='word_1_230' title='bbox 2292 733 2694 802; x_wconf 63' lang='lat' dir='ltr'><strong>paenitentiam,</strong></span> <span class='ocrx_word' id='word_1_231' title='bbox 2729 740 2786 786; x_wconf 91' lang='lat' dir='ltr'><strong>et</strong></span> <span class='ocrx_word' id='word_1_232' title='bbox 2822 729 3289 792; x_wconf 85' lang='lat' dir='ltr'><strong>emendationem,</strong></span> <span class='ocrx_word' id='word_1_233' title='bbox 3334 742 3525 798; x_wconf 85' lang='lat' dir='ltr'><strong>super-</strong></span> 
     </span>
    </p>
   </div>
   <div class='ocr_carea' id='block_1_33' title="bbox 1937 818 3527 895">
    <p class='ocr_par' dir='ltr' id='par_1_33' title="bbox 1937 818 3527 895">
     <span class='ocr_line' id='line_1_33' title="bbox 1937 818 3527 895; baseline -0.004 -15"><span class='ocrx_word' id='word_1_234' title='bbox 1937 826 2166 882; x_wconf 82' lang='lat' dir='ltr'><strong>veniens</strong></span> <span class='ocrx_word' id='word_1_235' title='bbox 2202 824 2440 895; x_wconf 77' lang='lat' dir='ltr'><strong>abripiat</strong></span> <span class='ocrx_word' id='word_1_236' title='bbox 2481 839 2653 890; x_wconf 90' lang='lat' dir='ltr'><strong>mors,</strong></span> <span class='ocrx_word' id='word_1_237' title='bbox 2689 823 2912 895; x_wconf 86' lang='lat' dir='ltr'><strong>quando</strong></span> <span class='ocrx_word' id='word_1_238' title='bbox 2940 838 3051 877; x_wconf 90' lang='lat' dir='ltr'><strong>non</strong></span> <span class='ocrx_word' id='word_1_239' title='bbox 3103 833 3209 889; x_wconf 86' lang='lat' dir='ltr'><strong>est,</strong></span> <span class='ocrx_word' id='word_1_240' title='bbox 3245 823 3339 891; x_wconf 91' lang='lat' dir='ltr'><strong>qui</strong></span> <span class='ocrx_word' id='word_1_241' title='bbox 3387 818 3527 875; x_wconf 83' lang='lat' dir='ltr'><strong>redi-</strong></span> 
     </span>
    </p>
   </div>
   <div class='ocr_carea' id='block_1_34' title="bbox 1940 914 3530 988">
    <p class='ocr_par' dir='ltr' id='par_1_34' title="bbox 1940 914 3530 988">
     <span class='ocr_line' id='line_1_34' title="bbox 1940 914 3530 988; baseline -0.003 -15"><span class='ocrx_word' id='word_1_242' title='bbox 1940 926 2079 986; x_wconf 93' lang='lat' dir='ltr'><strong>mat,</strong></span> <span class='ocrx_word' id='word_1_243' title='bbox 2132 933 2311 988; x_wconf 91' lang='lat' dir='ltr'><strong>neque</strong></span> <span class='ocrx_word' id='word_1_244' title='bbox 2358 917 2455 987; x_wconf 89' lang='lat' dir='ltr'><strong>qui</strong></span> <span class='ocrx_word' id='word_1_245' title='bbox 2500 918 2711 973; x_wconf 88' lang='lat' dir='ltr'><strong>salvum</strong></span> <span class='ocrx_word' id='word_1_246' title='bbox 2760 916 2947 971; x_wconf 90' lang='lat' dir='ltr'><strong>faciat.</strong></span> <span class='ocrx_word' id='word_1_247' title='bbox 2992 914 3165 971; x_wconf 81' lang='lat' dir='ltr'><strong>Homo</strong></span> <span class='ocrx_word' id='word_1_248' title='bbox 3213 915 3380 986; x_wconf 80' lang='lat' dir='ltr'><strong>igitur</strong></span> <span class='ocrx_word' id='word_1_249' title='bbox 3424 930 3530 970; x_wconf 90' lang='lat' dir='ltr'><strong>non</strong></span> 
     </span>
    </p>
   </div>
   <div class='ocr_carea' id='block_1_35' title="bbox 1940 1009 3530 1084">
    <p class='ocr_par' dir='ltr' id='par_1_35' title="bbox 1940 1009 3530 1084">
     <span class='ocr_line' id='line_1_35' title="bbox 1940 1009 3530 1084; baseline -0.002 -19"><span class='ocrx_word' id='word_1_250' title='bbox 1940 1021 2123 1084; x_wconf 87' lang='lat' dir='ltr'><strong>potest</strong></span> <span class='ocrx_word' id='word_1_251' title='bbox 2176 1012 2310 1066; x_wconf 88' lang='lat' dir='ltr'><strong>dare</strong></span> <span class='ocrx_word' id='word_1_252' title='bbox 2375 1011 2617 1080; x_wconf 80' lang='lat' dir='ltr'><strong>aliquam</strong></span> <span class='ocrx_word' id='word_1_253' title='bbox 2670 1011 3154 1066; x_wconf 88' lang='lat' dir='ltr'><strong>commutationem</strong></span> <span class='ocrx_word' id='word_1_254' title='bbox 3200 1024 3300 1080; x_wconf 91' lang='lat' dir='ltr'><strong>pro</strong></span> <span class='ocrx_word' id='word_1_255' title='bbox 3349 1009 3530 1062; x_wconf 84' lang='lat' dir='ltr'><strong>anima</strong></span> 
     </span>
    </p>
   </div>
   <div class='ocr_carea' id='block_1_36' title="bbox 1943 1100 3530 1171">
    <p class='ocr_par' dir='ltr' id='par_1_36' title="bbox 1943 1100 3530 1171">
     <span class='ocr_line' id='line_1_36' title="bbox 1943 1100 3530 1171; baseline -0.002 -14"><span class='ocrx_word' id='word_1_256' title='bbox 1943 1118 2039 1157; x_wconf 88' lang='lat' dir='ltr'><strong>sua</strong></span> <span class='ocrx_word' id='word_1_257' title='bbox 2069 1119 2084 1168; x_wconf 92' lang='lat'><strong>;</strong></span> <span class='ocrx_word' id='word_1_258' title='bbox 2121 1100 2261 1157; x_wconf 88' lang='lat' dir='ltr'><strong>Deus</strong></span> <span class='ocrx_word' id='word_1_259' title='bbox 2297 1115 2429 1157; x_wconf 84' lang='lat' dir='ltr'><strong>vero</strong></span> <span class='ocrx_word' id='word_1_260' title='bbox 2463 1116 2563 1171; x_wconf 89' lang='lat' dir='ltr'><strong>pro</strong></span> <span class='ocrx_word' id='word_1_261' title='bbox 2592 1112 2778 1157; x_wconf 90' lang='lat' dir='ltr'><strong>nostra</strong></span> <span class='ocrx_word' id='word_1_262' title='bbox 2822 1101 3003 1156; x_wconf 90' lang='lat' dir='ltr'><strong>salute</strong></span> <span class='ocrx_word' id='word_1_263' title='bbox 3037 1101 3187 1155; x_wconf 83' lang='lat' dir='ltr'><strong>dedit</strong></span> <span class='ocrx_word' id='word_1_264' title='bbox 3222 1109 3530 1156; x_wconf 87' lang='lat' dir='ltr'><strong>commuta-</strong></span> 
     </span>
    </p>
   </div>
   <div class='ocr_carea' id='block_1_37' title="bbox 1944 1192 3530 1265">
    <p class='ocr_par' dir='ltr' id='par_1_37' title="bbox 1944 1192 3530 1265">
     <span class='ocr_line' id='line_1_37' title="bbox 1944 1192 3530 1265; baseline -0.003 -15"><span class='ocrx_word' id='word_1_265' title='bbox 1944 1196 2174 1260; x_wconf 87' lang='lat' dir='ltr'><strong>tionem,</strong></span> <span class='ocrx_word' id='word_1_266' title='bbox 2209 1192 2510 1265; x_wconf 40' lang='lat' dir='ltr'><strong>pret’iosum</strong></span> <span class='ocrx_word' id='word_1_267' title='bbox 2540 1192 2861 1265; x_wconf 89' lang='lat' dir='ltr'><strong>sanguinem</strong></span> <span class='ocrx_word' id='word_1_268' title='bbox 2893 1192 3015 1248; x_wconf 86' lang='lat' dir='ltr'><strong>Filii</strong></span> <span class='ocrx_word' id='word_1_269' title='bbox 3049 1192 3157 1249; x_wconf 92' lang='lat' dir='ltr'><strong>sui.</strong></span> <span class='ocrx_word' id='word_1_270' title='bbox 3195 1192 3378 1260; x_wconf 89' lang='lat' dir='ltr'><strong>Quare</strong></span> <span class='ocrx_word' id='word_1_271' title='bbox 3400 1192 3530 1248; x_wconf 77' lang='lat' dir='ltr'><strong>iicr-</strong></span> 
     </span>
    </p>
   </div>
   <div class='ocr_carea' id='block_1_38' title="bbox 1947 1284 3532 1353">
    <p class='ocr_par' dir='ltr' id='par_1_38' title="bbox 1947 1284 3532 1353">
     <span class='ocr_line' id='line_1_38' title="bbox 1947 1284 3532 1353; baseline -0.001 -11"><span class='ocrx_word' id='word_1_272' title='bbox 1947 1295 2058 1353; x_wconf 89' lang='lat' dir='ltr'><strong>tor,</strong></span> <span class='ocrx_word' id='word_1_273' title='bbox 2095 1296 2155 1343; x_wconf 89' lang='lat' dir='ltr'><strong>ut</strong></span> <span class='ocrx_word' id='word_1_274' title='bbox 2187 1288 2442 1342; x_wconf 86' lang='lat' dir='ltr'><strong>omnibus</strong></span> <span class='ocrx_word' id='word_1_275' title='bbox 2489 1287 2706 1341; x_wconf 71' lang='lat' dir='ltr'><strong>caeteris</strong></span> <span class='ocrx_word' id='word_1_276' title='bbox 2752 1284 2937 1341; x_wconf 79' lang='lat' dir='ltr'><strong>missis</strong></span> <span class='ocrx_word' id='word_1_277' title='bbox 2979 1286 3034 1340; x_wconf 93' lang='lat' dir='ltr'><strong>in</strong></span> <span class='ocrx_word' id='word_1_278' title='bbox 3085 1286 3326 1341; x_wconf 86' lang='lat' dir='ltr'><strong>animam</strong></span> <span class='ocrx_word' id='word_1_279' title='bbox 3369 1301 3532 1341; x_wconf 83' lang='lat' dir='ltr'><strong>omne</strong></span> 
     </span>
    </p>
   </div>
   <div class='ocr_carea' id='block_1_39' title="bbox 1944 1378 3530 1448">
    <p class='ocr_par' dir='ltr' id='par_1_39' title="bbox 1944 1378 3530 1448">
     <span class='ocr_line' id='line_1_39' title="bbox 1944 1378 3530 1448; baseline -0.002 -13"><span class='ocrx_word' id='word_1_280' title='bbox 1944 1381 2180 1436; x_wconf 89' lang='lat' dir='ltr'><strong>studium</strong></span> <span class='ocrx_word' id='word_1_281' title='bbox 2212 1379 2590 1435; x_wconf 69' lang='lat' dir='ltr'><strong>conleramus.</strong></span> <span class='ocrx_word' id='word_1_282' title='bbox 2616 1378 2761 1434; x_wconf 83' lang='lat' dir='ltr'><strong>Nihil</strong></span> <span class='ocrx_word' id='word_1_283' title='bbox 2800 1380 2947 1435; x_wconf 87' lang='lat' dir='ltr'><strong>enim</strong></span> <span class='ocrx_word' id='word_1_284' title='bbox 2983 1379 3037 1434; x_wconf 92' lang='lat' dir='ltr'><strong>in</strong></span> <span class='ocrx_word' id='word_1_285' title='bbox 3075 1378 3235 1434; x_wconf 86' lang='lat' dir='ltr'><strong>nobis</strong></span> <span class='ocrx_word' id='word_1_286' title='bbox 3262 1386 3530 1448; x_wconf 67' lang='lat' dir='ltr'><strong>praestan-</strong></span> 
     </span>
    </p>
   </div>
   <div class='ocr_carea' id='block_1_40' title="bbox 1947 1470 3530 1540">
    <p class='ocr_par' dir='ltr' id='par_1_40' title="bbox 1947 1470 3530 1540">
     <span class='ocr_line' id='line_1_40' title="bbox 1947 1470 3530 1540; baseline -0.002 -12"><span class='ocrx_word' id='word_1_287' title='bbox 1947 1474 2055 1528; x_wconf 88' lang='lat' dir='ltr'><strong>tius</strong></span> <span class='ocrx_word' id='word_1_288' title='bbox 2083 1472 2284 1527; x_wconf 87' lang='lat' dir='ltr'><strong>anima.</strong></span> <span class='ocrx_word' id='word_1_289' title='bbox 2313 1470 2416 1538; x_wconf 86' lang='lat' dir='ltr'><strong>Qui</strong></span> <span class='ocrx_word' id='word_1_290' title='bbox 2451 1471 2596 1527; x_wconf 89' lang='lat' dir='ltr'><strong>enim</strong></span> <span class='ocrx_word' id='word_1_291' title='bbox 2642 1486 2730 1525; x_wconf 90' lang='lat' dir='ltr'><strong>me</strong></span> <span class='ocrx_word' id='word_1_292' title='bbox 2753 1471 3055 1535; x_wconf 87' lang='lat' dir='ltr'><strong>erubuerit,</strong></span> <span class='ocrx_word' id='word_1_293' title='bbox 3085 1470 3281 1540; x_wconf 90' lang='lat' dir='ltr'><strong>inquit,</strong></span> <span class='ocrx_word' id='word_1_294' title='bbox 3313 1479 3368 1526; x_wconf 90' lang='lat' dir='ltr'><strong>et</strong></span> <span class='ocrx_word' id='word_1_295' title='bbox 3413 1484 3530 1525; x_wconf 79' lang='lat' dir='ltr'><strong>ser-</strong></span> 
     </span>
    </p>
   </div>
   <div class='ocr_carea' id='block_1_41' title="bbox 1949 1561 3508 1635">
    <p class='ocr_par' dir='ltr' id='par_1_41' title="bbox 1949 1561 3508 1635">
     <span class='ocr_line' id='line_1_41' title="bbox 1949 1561 3508 1635; baseline -0.001 -17"><span class='ocrx_word' id='word_1_296' title='bbox 1949 1579 2138 1619; x_wconf 81' lang='lat' dir='ltr'><strong>mones</strong></span> <span class='ocrx_word' id='word_1_297' title='bbox 2163 1578 2314 1619; x_wconf 87' lang='lat' dir='ltr'><strong>meos</strong></span> <span class='ocrx_word' id='word_1_298' title='bbox 2342 1563 2395 1619; x_wconf 91' lang='lat' dir='ltr'><strong>in</strong></span> <span class='ocrx_word' id='word_1_299' title='bbox 2431 1562 2786 1634; x_wconf 75' lang='lat' dir='ltr'><strong>generatione</strong></span> <span class='ocrx_word' id='word_1_300' title='bbox 2827 1562 2931 1617; x_wconf 88' lang='lat' dir='ltr'><strong>ista</strong></span> <span class='ocrx_word' id='word_1_301' title='bbox 2960 1561 3207 1635; x_wconf 85' lang='lat' dir='ltr'><strong>adultera</strong></span> <span class='ocrx_word' id='word_1_302' title='bbox 3239 1572 3295 1618; x_wconf 90' lang='lat' dir='ltr'><strong>et</strong></span> <span class='ocrx_word' id='word_1_303' title='bbox 3340 1577 3508 1632; x_wconf 84' lang='lat' dir='ltr'><strong>pecca</strong></span> 
     </span>
    </p>
   </div>
   <div class='ocr_carea' id='block_1_42' title="bbox 1945 1653 3532 1720">
    <p class='ocr_par' dir='ltr' id='par_1_42' title="bbox 1945 1653 3532 1720">
     <span class='ocr_line' id='line_1_42' title="bbox 1945 1653 3532 1720; baseline -0.004 -8"><span class='ocrx_word' id='word_1_304' title='bbox 1945 1656 2109 1720; x_wconf 87' lang='lat' dir='ltr'><strong>trice,</strong></span> <span class='ocrx_word' id='word_1_305' title='bbox 2137 1664 2193 1711; x_wconf 89' lang='lat' dir='ltr'><strong>et</strong></span> <span class='ocrx_word' id='word_1_306' title='bbox 2215 1653 2386 1710; x_wconf 88' lang='lat' dir='ltr'><strong>Filius</strong></span> <span class='ocrx_word' id='word_1_307' title='bbox 2408 1655 2647 1710; x_wconf 87' lang='lat' dir='ltr'><strong>hominis</strong></span> <span class='ocrx_word' id='word_1_308' title='bbox 2680 1655 2969 1710; x_wconf 81' lang='lat' dir='ltr'><strong>erubescet</strong></span> <span class='ocrx_word' id='word_1_309' title='bbox 2989 1668 3137 1718; x_wconf 92' lang='lat' dir='ltr'><strong>eum,</strong></span> <span class='ocrx_word' id='word_1_310' title='bbox 3168 1668 3294 1709; x_wconf 90' lang='lat' dir='ltr'><strong>cum</strong></span> <span class='ocrx_word' id='word_1_311' title='bbox 3321 1655 3532 1708; x_wconf 83' lang='lat' dir='ltr'><strong>venerit</strong></span> 
     </span>
    </p>
   </div>
   <div class='ocr_carea' id='block_1_43' title="bbox 1949 1743 3534 1818">
    <p class='ocr_par' dir='ltr' id='par_1_43' title="bbox 1949 1743 3534 1818">
     <span class='ocr_line' id='line_1_43' title="bbox 1949 1743 3534 1818; baseline -0.002 -14"><span class='ocrx_word' id='word_1_312' title='bbox 1949 1748 2003 1804; x_wconf 94' lang='lat' dir='ltr'><strong>in</strong></span> <span class='ocrx_word' id='word_1_313' title='bbox 2035 1747 2206 1818; x_wconf 91' lang='lat' dir='ltr'><strong>gloria</strong></span> <span class='ocrx_word' id='word_1_314' title='bbox 2246 1745 2423 1803; x_wconf 79' lang='lat' dir='ltr'><strong>Patris</strong></span> <span class='ocrx_word' id='word_1_315' title='bbox 2458 1746 2541 1802; x_wconf 89' lang='lat' dir='ltr'><strong>sui</strong></span> <span class='ocrx_word' id='word_1_316' title='bbox 2583 1761 2707 1802; x_wconf 91' lang='lat' dir='ltr'><strong>cum</strong></span> <span class='ocrx_word' id='word_1_317' title='bbox 2743 1745 2954 1817; x_wconf 75' lang='lat' dir='ltr'><strong>angelis</strong></span> <span class='ocrx_word' id='word_1_318' title='bbox 2999 1745 3230 1802; x_wconf 87' lang='lat' dir='ltr'><strong>sanctis.</strong></span> <span class='ocrx_word' id='word_1_319' title='bbox 3274 1743 3391 1802; x_wconf 89' lang='lat' dir='ltr'><strong>Non</strong></span> <span class='ocrx_word' id='word_1_320' title='bbox 3444 1760 3534 1801; x_wconf 88' lang='lat' dir='ltr'><strong>so-</strong></span> 
     </span>
    </p>
   </div>
   <div class='ocr_carea' id='block_1_44' title="bbox 1952 1836 3533 1908">
    <p class='ocr_par' dir='ltr' id='par_1_44' title="bbox 1952 1836 3533 1908">
     <span class='ocr_line' id='line_1_44' title="bbox 1952 1836 3533 1908; baseline -0.003 -15"><span class='ocrx_word' id='word_1_321' title='bbox 1952 1838 2064 1894; x_wconf 91' lang='lat' dir='ltr'><strong>lum</strong></span> <span class='ocrx_word' id='word_1_322' title='bbox 2101 1839 2242 1907; x_wconf 88' lang='lat' dir='ltr'><strong>apud</strong></span> <span class='ocrx_word' id='word_1_323' title='bbox 2271 1839 2517 1893; x_wconf 89' lang='lat' dir='ltr'><strong>animum</strong></span> <span class='ocrx_word' id='word_1_324' title='bbox 2546 1836 2772 1893; x_wconf 87' lang='lat' dir='ltr'><strong>credere</strong></span> <span class='ocrx_word' id='word_1_325' title='bbox 2799 1837 3084 1903; x_wconf 87' lang='lat' dir='ltr'><strong>debemus,</strong></span> <span class='ocrx_word' id='word_1_326' title='bbox 3117 1837 3214 1892; x_wconf 87' lang='lat' dir='ltr'><strong>sed</strong></span> <span class='ocrx_word' id='word_1_327' title='bbox 3251 1837 3366 1892; x_wconf 90' lang='lat' dir='ltr'><strong>oris</strong></span> <span class='ocrx_word' id='word_1_328' title='bbox 3393 1852 3533 1908; x_wconf 89' lang='lat' dir='ltr'><strong>quo-</strong></span> 
     </span>
    </p>
   </div>
   <div class='ocr_carea' id='block_1_45' title="bbox 1953 1926 3534 1999">
    <p class='ocr_par' dir='ltr' id='par_1_45' title="bbox 1953 1926 3534 1999">
     <span class='ocr_line' id='line_1_45' title="bbox 1953 1926 3534 1999; baseline 0 -18"><span class='ocrx_word' id='word_1_329' title='bbox 1953 1943 2062 1998; x_wconf 90' lang='lat' dir='ltr'><strong>que</strong></span> <span class='ocrx_word' id='word_1_330' title='bbox 2093 1927 2370 1987; x_wconf 81' lang='lat' dir='ltr'><strong>confessio</strong></span> <span class='ocrx_word' id='word_1_331' title='bbox 2399 1943 2429 1983; x_wconf 93' lang='lat' dir='ltr'><strong>a</strong></span> <span class='ocrx_word' id='word_1_332' title='bbox 2460 1929 2619 1985; x_wconf 84' lang='lat' dir='ltr'><strong>nobis</strong></span> <span class='ocrx_word' id='word_1_333' title='bbox 2650 1928 2914 1999; x_wconf 80' lang='lat' dir='ltr'><strong>exigitur.</strong></span> <span class='ocrx_word' id='word_1_334' title='bbox 2945 1926 3215 1995; x_wconf 84' lang='lat' dir='ltr'><strong>Quoniam</strong></span> <span class='ocrx_word' id='word_1_335' title='bbox 3248 1930 3393 1982; x_wconf 92' lang='lat' dir='ltr'><strong>enim</strong></span> <span class='ocrx_word' id='word_1_336' title='bbox 3429 1929 3534 1984; x_wconf 83' lang='lat' dir='ltr'><strong>du-</strong></span> 
     </span>
    </p>
   </div>
   <div class='ocr_carea' id='block_1_46' title="bbox 1948 2019 3532 2091">
    <p class='ocr_par' dir='ltr' id='par_1_46' title="bbox 1948 2019 3532 2091">
     <span class='ocr_line' id='line_1_46' title="bbox 1948 2019 3532 2091; baseline -0.001 -15"><span class='ocrx_word' id='word_1_337' title='bbox 1948 2020 2072 2091; x_wconf 78' lang='lat' dir='ltr'><strong>plex</strong></span> <span class='ocrx_word' id='word_1_338' title='bbox 2101 2031 2185 2076; x_wconf 89' lang='lat' dir='ltr'><strong>est</strong></span> <span class='ocrx_word' id='word_1_339' title='bbox 2215 2020 2400 2087; x_wconf 90' lang='lat' dir='ltr'><strong>homo,</strong></span> <span class='ocrx_word' id='word_1_340' title='bbox 2430 2020 2630 2091; x_wconf 76' lang='lat' dir='ltr'><strong>duplex</strong></span> <span class='ocrx_word' id='word_1_341' title='bbox 2664 2029 2752 2077; x_wconf 88' lang='lat' dir='ltr'><strong>est</strong></span> <span class='ocrx_word' id='word_1_342' title='bbox 2779 2028 2835 2077; x_wconf 90' lang='lat' dir='ltr'><strong>et</strong></span> <span class='ocrx_word' id='word_1_343' title='bbox 2862 2020 3242 2077; x_wconf 89' lang='lat' dir='ltr'><strong>sanctitlcatio.</strong></span> <span class='ocrx_word' id='word_1_344' title='bbox 3273 2019 3532 2075; x_wconf 84' lang='lat' dir='ltr'><strong>Sanctiti-</strong></span> 
     </span>
    </p>
   </div>
   <div class='ocr_carea' id='block_1_47' title="bbox 1946 2113 3531 2186">
    <p class='ocr_par' dir='ltr' id='par_1_47' title="bbox 1946 2113 3531 2186">
     <span class='ocr_line' id='line_1_47' title="bbox 1946 2113 3531 2186; baseline -0.001 -18"><span class='ocrx_word' id='word_1_345' title='bbox 1946 2125 2105 2171; x_wconf 89' lang='lat' dir='ltr'><strong>catur</strong></span> <span class='ocrx_word' id='word_1_346' title='bbox 2127 2116 2274 2171; x_wconf 90' lang='lat' dir='ltr'><strong>enim</strong></span> <span class='ocrx_word' id='word_1_347' title='bbox 2298 2117 2476 2170; x_wconf 86' lang='lat' dir='ltr'><strong>anima</strong></span> <span class='ocrx_word' id='word_1_348' title='bbox 2503 2131 2598 2186; x_wconf 91' lang='lat' dir='ltr'><strong>per</strong></span> <span class='ocrx_word' id='word_1_349' title='bbox 2620 2113 3049 2179; x_wconf 83' lang='lat' dir='ltr'><strong>confessionem,</strong></span> <span class='ocrx_word' id='word_1_350' title='bbox 3072 2116 3531 2186; x_wconf 80' lang='lat' dir='ltr'><strong>quemadmodum</strong></span> 
     </span>
    </p>
   </div>
   <div class='ocr_carea' id='block_1_48' title="bbox 1943 2207 3533 2282">
    <p class='ocr_par' dir='ltr' id='par_1_48' title="bbox 1943 2207 3533 2282">
     <span class='ocr_line' id='line_1_48' title="bbox 1943 2207 3533 2282; baseline 0 -19"><span class='ocrx_word' id='word_1_351' title='bbox 1943 2208 2109 2263; x_wconf 88' lang='lat' dir='ltr'><strong>etiam</strong></span> <span class='ocrx_word' id='word_1_352' title='bbox 2142 2207 2437 2277; x_wconf 72' lang='lat' dir='ltr'><strong>Apostolus</strong></span> <span class='ocrx_word' id='word_1_353' title='bbox 2473 2207 2648 2263; x_wconf 80' lang='lat' dir='ltr'><strong>dicit:</strong></span> <span class='ocrx_word' id='word_1_354' title='bbox 2681 2207 2855 2263; x_wconf 80' lang='lat' dir='ltr'><strong>Corde</strong></span> <span class='ocrx_word' id='word_1_355' title='bbox 2884 2209 3023 2263; x_wconf 84' lang='lat' dir='ltr'><strong>enim</strong></span> <span class='ocrx_word' id='word_1_356' title='bbox 3064 2210 3304 2264; x_wconf 82' lang='lat' dir='ltr'><strong>creditur</strong></span> <span class='ocrx_word' id='word_1_357' title='bbox 3334 2209 3404 2263; x_wconf 70' lang='grc' dir='ltr'>στ’</span> <span class='ocrx_word' id='word_1_358' title='bbox 3434 2211 3533 2282; x_wconf 81' lang='lat' dir='ltr'><strong>ju-</strong></span> 
     </span>
    </p>
   </div>
   <div class='ocr_carea' id='block_1_49' title="bbox 1943 2300 3533 2372">
    <p class='ocr_par' dir='ltr' id='par_1_49' title="bbox 1943 2300 3533 2372">
     <span class='ocr_line' id='line_1_49' title="bbox 1943 2300 3533 2372; baseline 0.003 -19"><span class='ocrx_word' id='word_1_359' title='bbox 1943 2300 2170 2366; x_wconf 80' lang='lat' dir='ltr'><strong>stitiam,</strong></span> <span class='ocrx_word' id='word_1_360' title='bbox 2211 2314 2302 2354; x_wconf 89' lang='lat' dir='ltr'><strong>ore</strong></span> <span class='ocrx_word' id='word_1_361' title='bbox 2337 2309 2514 2354; x_wconf 81' lang='lat' dir='ltr'><strong>autem</strong></span> <span class='ocrx_word' id='word_1_362' title='bbox 2567 2300 2630 2367; x_wconf 81' lang='lat' dir='ltr'><strong>ﬁt</strong></span> <span class='ocrx_word' id='word_1_363' title='bbox 2671 2301 2932 2372; x_wconf 78' lang='lat' dir='ltr'><strong>confessio</strong></span> <span class='ocrx_word' id='word_1_364' title='bbox 2977 2302 3048 2355; x_wconf 80' lang='lat' dir='ltr'><strong>ad</strong></span> <span class='ocrx_word' id='word_1_365' title='bbox 3085 2303 3309 2356; x_wconf 75' lang='lat' dir='ltr'><strong>salutent</strong></span> <span class='ocrx_word' id='word_1_366' title='bbox 3334 2303 3398 2359; x_wconf 81' lang='grc'><strong>¹⁰.</strong></span> <span class='ocrx_word' id='word_1_367' title='bbox 3429 2302 3533 2369; x_wconf 89' lang='lat' dir='ltr'><strong>Qui</strong></span> 
     </span>
    </p>
   </div>
   <div class='ocr_carea' id='block_1_50' title="bbox 1947 2395 3536 2451">
    <p class='ocr_par' dir='ltr' id='par_1_50' title="bbox 1947 2395 3536 2451">
     <span class='ocr_line' id='line_1_50' title="bbox 1947 2395 3536 2451; baseline 0.004 -6"><span class='ocrx_word' id='word_1_368' title='bbox 1947 2403 2128 2448; x_wconf 87' lang='lat' dir='ltr'><strong>autem</strong></span> <span class='ocrx_word' id='word_1_369' title='bbox 2181 2395 2455 2448; x_wconf 80' lang='lat' dir='ltr'><strong>erubescit</strong></span> <span class='ocrx_word' id='word_1_370' title='bbox 2496 2404 2552 2449; x_wconf 90' lang='lat' dir='ltr'><strong>et</strong></span> <span class='ocrx_word' id='word_1_371' title='bbox 2594 2395 2995 2448; x_wconf 79' lang='lat' dir='ltr'><strong>verecundamr</strong></span> <span class='ocrx_word' id='word_1_372' title='bbox 3040 2397 3266 2450; x_wconf 86' lang='lat' dir='ltr'><strong>credere</strong></span> <span class='ocrx_word' id='word_1_373' title='bbox 3315 2395 3536 2451; x_wconf 83' lang='lat' dir='ltr'><strong>Christo</strong></span> 
     </span>
    </p>
   </div>
   <div class='ocr_carea' id='block_1_51' title="bbox 1947 2482 3534 2554">
    <p class='ocr_par' dir='ltr' id='par_1_51' title="bbox 1947 2482 3534 2554">
     <span class='ocr_line' id='line_1_51' title="bbox 1947 2482 3534 2554; baseline 0.002 -17"><span class='ocrx_word' id='word_1_374' title='bbox 1947 2484 2229 2549; x_wconf 73' lang='lat' dir='ltr'><strong>cruciflxo,</strong></span> <span class='ocrx_word' id='word_1_375' title='bbox 2255 2493 2311 2538; x_wconf 88' lang='lat' dir='ltr'><strong>et</strong></span> <span class='ocrx_word' id='word_1_376' title='bbox 2359 2482 2530 2538; x_wconf 89' lang='lat' dir='ltr'><strong>Deum</strong></span> <span class='ocrx_word' id='word_1_377' title='bbox 2566 2500 2726 2540; x_wconf 88' lang='lat' dir='ltr'><strong>suum</strong></span> <span class='ocrx_word' id='word_1_378' title='bbox 2759 2487 3051 2554; x_wconf 85' lang='lat' dir='ltr'><strong>confiteri;</strong></span> <span class='ocrx_word' id='word_1_379' title='bbox 3079 2488 3358 2542; x_wconf 83' lang='lat' dir='ltr'><strong>erubescit</strong></span> <span class='ocrx_word' id='word_1_380' title='bbox 3406 2489 3534 2542; x_wconf 89' lang='lat' dir='ltr'><strong>item</strong></span> 
     </span>
    </p>
   </div>
   <div class='ocr_carea' id='block_1_52' title="bbox 1949 2577 3538 2649">
    <p class='ocr_par' dir='ltr' id='par_1_52' title="bbox 1949 2577 3538 2649">
     <span class='ocr_line' id='line_1_52' title="bbox 1949 2577 3538 2649; baseline 0.003 -19"><span class='ocrx_word' id='word_1_381' title='bbox 1949 2591 2234 2631; x_wconf 86' lang='lat' dir='ltr'><strong>sermones</strong></span> <span class='ocrx_word' id='word_1_382' title='bbox 2268 2578 2386 2647; x_wconf 87' lang='lat' dir='ltr'><strong>ejus</strong></span> <span class='ocrx_word' id='word_1_383' title='bbox 2437 2577 2493 2631; x_wconf 91' lang='lat' dir='ltr'><strong>in</strong></span> <span class='ocrx_word' id='word_1_384' title='bbox 2539 2588 2728 2633; x_wconf 86' lang='lat' dir='ltr'><strong>sancto</strong></span> <span class='ocrx_word' id='word_1_385' title='bbox 2759 2579 3080 2649; x_wconf 77' lang='lat' dir='ltr'><strong>Evangelio:</strong></span> <span class='ocrx_word' id='word_1_386' title='bbox 3108 2596 3231 2635; x_wconf 87' lang='lat' dir='ltr'><strong>eum</strong></span> <span class='ocrx_word' id='word_1_387' title='bbox 3279 2578 3538 2635; x_wconf 87' lang='lat' dir='ltr'><strong>Dominus</strong></span> 
     </span>
    </p>
   </div>
   <div class='ocr_carea' id='block_1_53' title="bbox 1948 2672 3538 2744">
    <p class='ocr_par' dir='ltr' id='par_1_53' title="bbox 1948 2672 3538 2744">
     <span class='ocr_line' id='line_1_53' title="bbox 1948 2672 3538 2744; baseline 0.006 -25"><span class='ocrx_word' id='word_1_388' title='bbox 1948 2684 2169 2739; x_wconf 83' lang='lat' dir='ltr'><strong>quoque</strong></span> <span class='ocrx_word' id='word_1_389' title='bbox 2213 2672 2525 2737; x_wconf 82' lang='lat' dir='ltr'><strong>erubescet,</strong></span> <span class='ocrx_word' id='word_1_390' title='bbox 2559 2682 2613 2726; x_wconf 92' lang='lat' dir='ltr'><strong>et</strong></span> <span class='ocrx_word' id='word_1_391' title='bbox 2647 2687 2863 2728; x_wconf 86' lang='lat' dir='ltr'><strong>servum</strong></span> <span class='ocrx_word' id='word_1_392' title='bbox 2898 2688 2959 2728; x_wconf 88' lang='lat' dir='ltr'><strong>se</strong></span> <span class='ocrx_word' id='word_1_393' title='bbox 2996 2672 3278 2744; x_wconf 89' lang='lat' dir='ltr'><strong>indignum</strong></span> <span class='ocrx_word' id='word_1_394' title='bbox 3324 2675 3538 2744; x_wconf 85' lang='lat' dir='ltr'><strong>judica-</strong></span> 
     </span>
    </p>
   </div>
   <div class='ocr_carea' id='block_1_54' title="bbox 1957 2763 3539 2835">
    <p class='ocr_par' dir='ltr' id='par_1_54' title="bbox 1957 2763 3539 2835">
     <span class='ocr_line' id='line_1_54' title="bbox 1957 2763 3539 2835; baseline 0.002 -18"><span class='ocrx_word' id='word_1_395' title='bbox 1957 2763 2053 2825; x_wconf 88' lang='lat' dir='ltr'><strong>hit,</strong></span> <span class='ocrx_word' id='word_1_396' title='bbox 2089 2778 2210 2817; x_wconf 91' lang='lat' dir='ltr'><strong>cum</strong></span> <span class='ocrx_word' id='word_1_397' title='bbox 2241 2764 2454 2817; x_wconf 87' lang='lat' dir='ltr'><strong>venerit</strong></span> <span class='ocrx_word' id='word_1_398' title='bbox 2483 2767 2535 2818; x_wconf 92' lang='lat' dir='ltr'><strong>iu</strong></span> <span class='ocrx_word' id='word_1_399' title='bbox 2571 2767 2812 2820; x_wconf 81' lang='lat' dir='ltr'><strong>secundo</strong></span> <span class='ocrx_word' id='word_1_400' title='bbox 2840 2766 3072 2820; x_wconf 89' lang='lat' dir='ltr'><strong>adventu</strong></span> <span class='ocrx_word' id='word_1_401' title='bbox 3103 2780 3228 2835; x_wconf 83' lang='lat' dir='ltr'><strong>suo,</strong></span> <span class='ocrx_word' id='word_1_402' title='bbox 3258 2766 3309 2820; x_wconf 91' lang='lat' dir='ltr'><strong>in</strong></span> <span class='ocrx_word' id='word_1_403' title='bbox 3339 2767 3539 2821; x_wconf 85' lang='lat' dir='ltr'><strong>virtute</strong></span> 
     </span>
    </p>
   </div>
   <div class='ocr_carea' id='block_1_55' title="bbox 1956 2854 3286 2927">
    <p class='ocr_par' dir='ltr' id='par_1_55' title="bbox 1956 2854 3286 2927">
     <span class='ocr_line' id='line_1_55' title="bbox 1956 2854 3286 2927; baseline 0.002 -20"><span class='ocrx_word' id='word_1_404' title='bbox 1956 2864 2010 2907; x_wconf 92' lang='lat' dir='ltr'><strong>et</strong></span> <span class='ocrx_word' id='word_1_405' title='bbox 2044 2854 2217 2922; x_wconf 83' lang='lat' dir='ltr'><strong>gloria</strong></span> <span class='ocrx_word' id='word_1_406' title='bbox 2248 2871 2467 2923; x_wconf 84' lang='lat' dir='ltr'><strong>magna,</strong></span> <span class='ocrx_word' id='word_1_407' title='bbox 2506 2872 2628 2911; x_wconf 92' lang='lat' dir='ltr'><strong>cum</strong></span> <span class='ocrx_word' id='word_1_408' title='bbox 2655 2857 2915 2912; x_wconf 79' lang='lat' dir='ltr'><strong>satellitio</strong></span> <span class='ocrx_word' id='word_1_409' title='bbox 2946 2859 3286 2927; x_wconf 78' lang='lat' dir='ltr'><strong>angelorum.</strong></span> 
     </span>
    </p>
   </div>
   <div class='ocr_carea' id='block_1_56' title="bbox 265 2928 3539 3025">
    <p class='ocr_par' dir='ltr' id='par_1_56' title="bbox 265 2928 3539 3025">
     <span class='ocr_line' id='line_1_56' title="bbox 265 2928 3539 3025; baseline 0.006 -44"><span class='ocrx_word' id='word_1_410' title='bbox 265 2928 651 3000; x_wconf 78' lang='grc' dir='ltr'>σχυνθὴσεται,</span> <span class='ocrx_word' id='word_1_411' title='bbox 677 2933 902 3000; x_wconf 79' lang='grc' dir='ltr'>ἀνάξιον</span> <span class='ocrx_word' id='word_1_412' title='bbox 950 2936 1140 2994; x_wconf 83' lang='grc' dir='ltr'>δοῦλον</span> <span class='ocrx_word' id='word_1_413' title='bbox 1193 2941 1399 3012; x_wconf 85' lang='grc' dir='ltr'>κρίνων</span> <span class='ocrx_word' id='word_1_414' title='bbox 1439 2943 1660 3012; x_wconf 71' lang='grc' dir='ltr'>ἑαυτοῦ,</span> <span class='ocrx_word' id='word_1_415' title='bbox 1717 2947 1849 3001; x_wconf 82' lang='grc' dir='ltr'>ὅταν</span> <span class='ocrx_word' id='word_1_416' title='bbox 1884 2947 2016 3021; x_wconf 78' lang='grc' dir='ltr'>ἔλθῃ</span> <span class='ocrx_word' id='word_1_417' title='bbox 2049 2950 2107 3004; x_wconf 77' lang='grc' dir='ltr'>ὲν</span> <span class='ocrx_word' id='word_1_418' title='bbox 2144 2952 2211 3022; x_wconf 77' lang='grc' dir='ltr'>τῇ</span> <span class='ocrx_word' id='word_1_419' title='bbox 2247 2949 2481 3023; x_wconf 82' lang='grc' dir='ltr'>δευτέρᾳ</span> <span class='ocrx_word' id='word_1_420' title='bbox 2541 2951 2708 3006; x_wconf 81' lang='grc' dir='ltr'>αὑτοῦ</span> <span class='ocrx_word' id='word_1_421' title='bbox 2779 2948 3081 3025; x_wconf 78' lang='grc' dir='ltr'>παρουσίᾳ,</span> <span class='ocrx_word' id='word_1_422' title='bbox 3168 2955 3228 3007; x_wconf 82' lang='grc' dir='ltr'>ὲν</span> <span class='ocrx_word' id='word_1_423' title='bbox 3308 2953 3539 3021; x_wconf 81' lang='grc' dir='ltr'>δυνάμει</span> 
     </span>
    </p>
   </div>
   <div class='ocr_carea' id='block_1_57' title="bbox 263 3026 1945 3111">
    <p class='ocr_par' dir='ltr' id='par_1_57' title="bbox 263 3026 1945 3111">
     <span class='ocr_line' id='line_1_57' title="bbox 263 3026 1945 3111; baseline 0.014 -36"><span class='ocrx_word' id='word_1_424' title='bbox 263 3026 358 3080; x_wconf 73' lang='grc' dir='ltr'><strong>καὶ</strong></span> <span class='ocrx_word' id='word_1_425' title='bbox 396 3026 520 3097; x_wconf 79' lang='grc' dir='ltr'>δόξῃ</span> <span class='ocrx_word' id='word_1_426' title='bbox 557 3026 724 3098; x_wconf 85' lang='grc' dir='ltr'>πολλῇ</span> <span class='ocrx_word' id='word_1_427' title='bbox 767 3028 910 3098; x_wconf 81' lang='grc' dir='ltr'>μετὰ</span> <span class='ocrx_word' id='word_1_428' title='bbox 976 3034 1076 3103; x_wconf 82' lang='grc' dir='ltr'>τῆς</span> <span class='ocrx_word' id='word_1_429' title='bbox 1146 3034 1480 3107; x_wconf 79' lang='grc' dir='ltr'>δορυφορίας</span> <span class='ocrx_word' id='word_1_430' title='bbox 1503 3037 1614 3092; x_wconf 86' lang='grc' dir='ltr'><strong>τῶν</strong></span> <span class='ocrx_word' id='word_1_431' title='bbox 1674 3039 1945 3111; x_wconf 78' lang='grc' dir='ltr'>ἀγγέλων.</span> 
     </span>
    </p>
   </div>
   <div class='ocr_carea' id='block_1_58' title="bbox 347 3122 1849 3213">
    <p class='ocr_par' dir='ltr' id='par_1_58' title="bbox 347 3122 1843 3207">
     <span class='ocr_line' id='line_1_58' title="bbox 347 3122 1843 3207; baseline 0.012 -32"><span class='ocrx_word' id='word_1_432' title='bbox 347 3122 523 3194; x_wconf 79' lang='grc' dir='ltr'>’Δμὴν</span> <span class='ocrx_word' id='word_1_433' title='bbox 546 3124 692 3194; x_wconf 82' lang='grc' dir='ltr'>λέγω</span> <span class='ocrx_word' id='word_1_434' title='bbox 712 3127 865 3197; x_wconf 82' lang='grc' dir='ltr'>ὑμῖν,</span> <span class='ocrx_word' id='word_1_435' title='bbox 894 3127 977 3181; x_wconf 85' lang='grc' dir='ltr'>ὄτι</span> <span class='ocrx_word' id='word_1_436' title='bbox 1023 3130 1132 3182; x_wconf 87' lang='grc' dir='ltr'>είσί</span> <span class='ocrx_word' id='word_1_437' title='bbox 1165 3148 1312 3197; x_wconf 89' lang='grc' dir='ltr'>τινες</span> <span class='ocrx_word' id='word_1_438' title='bbox 1375 3132 1487 3187; x_wconf 86' lang='grc' dir='ltr'><strong>τῶν</strong></span> <span class='ocrx_word' id='word_1_439' title='bbox 1517 3127 1622 3189; x_wconf 83' lang='grc' dir='ltr'><strong>ὧδε</strong></span> <span class='ocrx_word' id='word_1_440' title='bbox 1675 3136 1843 3207; x_wconf 80' lang='grc' dir='ltr'>ἑστη-</span> 
     </span>
    </p>
   </div>
   <div class='ocr_carea' id='block_1_59' title="bbox 1953 3122 3532 3213">
    <p class='ocr_par' dir='ltr' id='par_1_59' title="bbox 2029 3142 3532 3213">
     <span class='ocr_line' id='line_1_59' title="bbox 2029 3142 3532 3213; baseline 0.001 -18"><span class='ocrx_word' id='word_1_441' title='bbox 2029 3143 2200 3198; x_wconf 86' lang='lat' dir='ltr'><strong>Amen</strong></span> <span class='ocrx_word' id='word_1_442' title='bbox 2248 3142 2369 3199; x_wconf 89' lang='lat' dir='ltr'><strong>dico</strong></span> <span class='ocrx_word' id='word_1_443' title='bbox 2406 3143 2581 3209; x_wconf 80' lang='lat' dir='ltr'><strong>vobis,</strong></span> <span class='ocrx_word' id='word_1_444' title='bbox 2610 3153 2737 3200; x_wconf 90' lang='lat' dir='ltr'><strong>sunt</strong></span> <span class='ocrx_word' id='word_1_445' title='bbox 2767 3144 2985 3213; x_wconf 90' lang='lat' dir='ltr'><strong>quidam</strong></span> <span class='ocrx_word' id='word_1_446' title='bbox 3016 3142 3084 3198; x_wconf 89' lang='lat' dir='ltr'><strong>de</strong></span> <span class='ocrx_word' id='word_1_447' title='bbox 3117 3142 3208 3198; x_wconf 78' lang='lat' dir='ltr'><strong>hic</strong></span> <span class='ocrx_word' id='word_1_448' title='bbox 3238 3142 3532 3208; x_wconf 85' lang='lat' dir='ltr'><strong>stantibus,</strong></span> 
     </span>
    </p>
   </div>
   <div class='ocr_carea' id='block_1_60' title="bbox 261 3217 1851 3297">
    <p class='ocr_par' dir='ltr' id='par_1_60' title="bbox 261 3217 1851 3297">
     <span class='ocr_line' id='line_1_60' title="bbox 261 3217 1851 3297; baseline 0.013 -29"><span class='ocrx_word' id='word_1_449' title='bbox 261 3217 463 3283; x_wconf 69' lang='grc' dir='ltr'>κρότων,</span> <span class='ocrx_word' id='word_1_450' title='bbox 500 3218 698 3283; x_wconf 80' lang='grc' dir='ltr'>οἵτινες</span> <span class='ocrx_word' id='word_1_451' title='bbox 729 3221 791 3273; x_wconf 75' lang='grc' dir='ltr'>οὐ</span> <span class='ocrx_word' id='word_1_452' title='bbox 846 3223 923 3293; x_wconf 80' lang='grc' dir='ltr'>μὴ</span> <span class='ocrx_word' id='word_1_453' title='bbox 989 3222 1276 3290; x_wconf 83' lang='grc' dir='ltr'>γεύσονται</span> <span class='ocrx_word' id='word_1_454' title='bbox 1317 3225 1576 3297; x_wconf 85' lang='grc' dir='ltr'>θανάτου,</span> <span class='ocrx_word' id='word_1_455' title='bbox 1635 3230 1740 3294; x_wconf 78' lang='grc' dir='ltr'>ἕως</span> <span class='ocrx_word' id='word_1_456' title='bbox 1781 3233 1851 3288; x_wconf 81' lang='grc' dir='ltr'>ἂν</span> 
     </span>
    </p>
   </div>
   <div class='ocr_carea' id='block_1_61' title="bbox 263 3307 1853 3386">
    <p class='ocr_par' dir='ltr' id='par_1_61' title="bbox 263 3307 1853 3386">
     <span class='ocr_line' id='line_1_61' title="bbox 263 3307 1853 3386; baseline 0.012 -27"><span class='ocrx_word' id='word_1_457' title='bbox 263 3307 422 3367; x_wconf 77' lang='grc' dir='ltr'>ῑδωσι</span> <span class='ocrx_word' id='word_1_458' title='bbox 468 3309 567 3379; x_wconf 81' lang='grc' dir='ltr'>τὴν</span> <span class='ocrx_word' id='word_1_459' title='bbox 608 3308 890 3379; x_wconf 82' lang='grc' dir='ltr'>βασιλείαν</span> <span class='ocrx_word' id='word_1_460' title='bbox 921 3312 1015 3367; x_wconf 89' lang='grc' dir='ltr'><strong>τοῦ</strong></span> <span class='ocrx_word' id='word_1_461' title='bbox 1053 3313 1193 3369; x_wconf 82' lang='grc' dir='ltr'>Θεοῦ</span> <span class='ocrx_word' id='word_1_462' title='bbox 1239 3316 1568 3386; x_wconf 83' lang='grc' dir='ltr'>ἐληλυθυῖαν</span> <span class='ocrx_word' id='word_1_463' title='bbox 1598 3324 1658 3375; x_wconf 82' lang='grc' dir='ltr'>ὲν</span> <span class='ocrx_word' id='word_1_464' title='bbox 1687 3320 1853 3378; x_wconf 79' lang='grc' dir='ltr'>δυνά-</span> 
     </span>
    </p>
   </div>
   <div class='ocr_carea' id='block_1_62' title="bbox 268 3400 1854 3485">
    <p class='ocr_par' dir='ltr' id='par_1_62' title="bbox 268 3400 1854 3485">
     <span class='ocr_line' id='line_1_62' title="bbox 268 3400 1854 3485; baseline 0.013 -35"><span class='ocrx_word' id='word_1_465' title='bbox 268 3416 385 3471; x_wconf 83' lang='grc' dir='ltr'>μει.</span> <span class='ocrx_word' id='word_1_466' title='bbox 419 3400 523 3451; x_wconf 81' lang='grc' dir='ltr'><strong>Τὸν</strong></span> <span class='ocrx_word' id='word_1_467' title='bbox 551 3401 758 3472; x_wconf 73' lang='grc' dir='ltr'>Πέτρον</span> <span class='ocrx_word' id='word_1_468' title='bbox 795 3405 889 3457; x_wconf 74' lang='grc' dir='ltr'><strong>καὶ</strong></span> <span class='ocrx_word' id='word_1_469' title='bbox 949 3405 1210 3461; x_wconf 74' lang='grc' dir='ltr'>Ἰάκωϐον</span> <span class='ocrx_word' id='word_1_470' title='bbox 1267 3413 1367 3465; x_wconf 83' lang='grc' dir='ltr'><strong>καὶ</strong></span> <span class='ocrx_word' id='word_1_471' title='bbox 1409 3410 1663 3484; x_wconf 80' lang='grc' dir='ltr'>Ἰωάννην</span> <span class='ocrx_word' id='word_1_472' title='bbox 1704 3414 1854 3485; x_wconf 84' lang='grc' dir='ltr'>λέγει</span> 
     </span>
    </p>
   </div>
   <div class='ocr_carea' id='block_1_63' title="bbox 264 3490 1854 3575">
    <p class='ocr_par' dir='ltr' id='par_1_63' title="bbox 264 3490 1854 3575">
     <span class='ocr_line' id='line_1_63' title="bbox 264 3490 1854 3575; baseline 0.012 -32"><span class='ocrx_word' id='word_1_473' title='bbox 264 3490 466 3553; x_wconf 75' lang='grc' dir='ltr'>οὕτως.</span> <span class='ocrx_word' id='word_1_474' title='bbox 520 3493 593 3546; x_wconf 80' lang='grc' dir='ltr'><strong>Οὐ</strong></span> <span class='ocrx_word' id='word_1_475' title='bbox 621 3494 702 3573; x_wconf 78' lang='grc' dir='ltr'>μὴ</span> <span class='ocrx_word' id='word_1_476' title='bbox 739 3495 1129 3562; x_wconf 80' lang='grc' dir='ltr'>ἀποθανοῦσιν,</span> <span class='ocrx_word' id='word_1_477' title='bbox 1159 3499 1325 3571; x_wconf 76' lang='grc' dir='ltr'>ἄχρις</span> <span class='ocrx_word' id='word_1_478' title='bbox 1356 3502 1423 3557; x_wconf 85' lang='grc' dir='ltr'>ἂν</span> <span class='ocrx_word' id='word_1_479' title='bbox 1473 3503 1635 3571; x_wconf 83' lang='grc' dir='ltr'>δείξω</span> <span class='ocrx_word' id='word_1_480' title='bbox 1667 3507 1854 3575; x_wconf 84' lang='grc' dir='ltr'>αὐτοῖς</span> 
     </span>
    </p>
   </div>
   <div class='ocr_carea' id='block_1_64' title="bbox 270 3583 1856 3672">
    <p class='ocr_par' dir='ltr' id='par_1_64' title="bbox 270 3583 1856 3672">
     <span class='ocr_line' id='line_1_64' title="bbox 270 3583 1856 3672; baseline 0.013 -37"><span class='ocrx_word' id='word_1_481' title='bbox 270 3583 332 3637; x_wconf 78' lang='grc' dir='ltr'>ἑν</span> <span class='ocrx_word' id='word_1_482' title='bbox 366 3584 432 3653; x_wconf 80' lang='grc' dir='ltr'><strong>τῇ</strong></span> <span class='ocrx_word' id='word_1_483' title='bbox 460 3587 883 3658; x_wconf 82' lang='grc' dir='ltr'>μεταμορφώσει</span> <span class='ocrx_word' id='word_1_484' title='bbox 911 3590 1054 3659; x_wconf 82' lang='grc' dir='ltr'>μετὰ</span> <span class='ocrx_word' id='word_1_485' title='bbox 1089 3592 1248 3658; x_wconf 88' lang='grc' dir='ltr'>ποίας</span> <span class='ocrx_word' id='word_1_486' title='bbox 1274 3593 1432 3665; x_wconf 84' lang='grc' dir='ltr'>δόξης</span> <span class='ocrx_word' id='word_1_487' title='bbox 1459 3597 1638 3668; x_wconf 80' lang='grc' dir='ltr'>μέλλω</span> <span class='ocrx_word' id='word_1_488' title='bbox 1678 3618 1856 3672; x_wconf 87' lang='grc' dir='ltr'>παρα-</span> 
     </span>
    </p>
   </div>
   <div class='ocr_carea' id='block_1_65' title="bbox 272 3676 1857 3764">
    <p class='ocr_par' dir='ltr' id='par_1_65' title="bbox 272 3676 1857 3764">
     <span class='ocr_line' id='line_1_65' title="bbox 272 3676 1857 3764; baseline 0.013 -35"><span class='ocrx_word' id='word_1_489' title='bbox 272 3676 530 3747; x_wconf 78' lang='grc' dir='ltr'>γενέσθαι</span> <span class='ocrx_word' id='word_1_490' title='bbox 564 3681 622 3732; x_wconf 86' lang='grc' dir='ltr'>ὲν</span> <span class='ocrx_word' id='word_1_491' title='bbox 644 3682 711 3751; x_wconf 82' lang='grc' dir='ltr'>τῇ</span> <span class='ocrx_word' id='word_1_492' title='bbox 736 3681 966 3755; x_wconf 81' lang='grc' dir='ltr'>δευτέρᾳ</span> <span class='ocrx_word' id='word_1_493' title='bbox 994 3686 1289 3759; x_wconf 78' lang='grc' dir='ltr'>παρουσίᾳ.</span> <span class='ocrx_word' id='word_1_494' title='bbox 1335 3687 1401 3740; x_wconf 86' lang='grc' dir='ltr'>Ἡ</span> <span class='ocrx_word' id='word_1_495' title='bbox 1430 3690 1543 3761; x_wconf 83' lang='grc' dir='ltr'><strong>γὰρ</strong></span> <span class='ocrx_word' id='word_1_496' title='bbox 1576 3696 1857 3764; x_wconf 83' lang='grc' dir='ltr'>μεταμόρ-</span> 
     </span>
    </p>
   </div>
   <div class='ocr_carea' id='block_1_66' title="bbox 277 3770 1855 3853">
    <p class='ocr_par' dir='ltr' id='par_1_66' title="bbox 277 3770 1855 3853">
     <span class='ocr_line' id='line_1_66' title="bbox 277 3770 1855 3853; baseline 0.013 -33"><span class='ocrx_word' id='word_1_497' title='bbox 277 3785 446 3835; x_wconf 63' lang='lat' dir='ltr'><strong>quam;</strong></span> <span class='ocrx_word' id='word_1_498' title='bbox 495 3770 590 3825; x_wconf 82' lang='grc' dir='ltr'><strong>τοῦ</strong></span> <span class='ocrx_word' id='word_1_499' title='bbox 637 3772 879 3843; x_wconf 79' lang='grc' dir='ltr'>Χριστοῦ</span> <span class='ocrx_word' id='word_1_500' title='bbox 928 3779 1268 3849; x_wconf 86' lang='grc' dir='ltr'>προμήνυμα</span> <span class='ocrx_word' id='word_1_501' title='bbox 1312 3776 1382 3852; x_wconf 77' lang='grc' dir='ltr'>ἦν</span> <span class='ocrx_word' id='word_1_502' title='bbox 1421 3785 1525 3853; x_wconf 86' lang='grc' dir='ltr'>τῆς</span> <span class='ocrx_word' id='word_1_503' title='bbox 1586 3784 1855 3853; x_wconf 80' lang='grc' dir='ltr'>δευτέρας</span> 
     </span>
    </p>
   </div>
   <div class='ocr_carea' id='block_1_67' title="bbox 281 3859 1855 3943">
    <p class='ocr_par' dir='ltr' id='par_1_67' title="bbox 281 3859 1855 3943">
     <span class='ocr_line' id='line_1_67' title="bbox 281 3859 1855 3943; baseline 0.013 -33"><span class='ocrx_word' id='word_1_504' title='bbox 281 3859 443 3912; x_wconf 77' lang='grc' dir='ltr'>αὑτοῦ</span> <span class='ocrx_word' id='word_1_505' title='bbox 490 3863 816 3935; x_wconf 76' lang='grc' dir='ltr'>παρουσίας.</span> <span class='ocrx_word' id='word_1_506' title='bbox 856 3866 957 3920; x_wconf 80' lang='grc' dir='ltr'>’ον</span> <span class='ocrx_word' id='word_1_507' title='bbox 998 3871 1110 3937; x_wconf 82' lang='grc' dir='ltr'><strong>γάρ</strong></span> <span class='ocrx_word' id='word_1_508' title='bbox 1147 3871 1353 3942; x_wconf 89' lang='grc' dir='ltr'>τρόπον</span> <span class='ocrx_word' id='word_1_509' title='bbox 1379 3871 1593 3943; x_wconf 75' lang='grc' dir='ltr'>ἔλαμψε</span> <span class='ocrx_word' id='word_1_510' title='bbox 1618 3877 1741 3929; x_wconf 88' lang='grc' dir='ltr'>τότε</span> <span class='ocrx_word' id='word_1_511' title='bbox 1794 3876 1855 3930; x_wconf 80' lang='grc' dir='ltr'>τὸ</span> 
     </span>
    </p>
   </div>
   <div class='ocr_carea' id='block_1_68' title="bbox 276 3953 1852 4038">
    <p class='ocr_par' dir='ltr' id='par_1_68' title="bbox 276 3953 1852 4038">
     <span class='ocr_line' id='line_1_68' title="bbox 276 3953 1852 4038; baseline 0.011 -34"><span class='ocrx_word' id='word_1_512' title='bbox 276 3953 567 4021; x_wconf 76' lang='grc' dir='ltr'>πρόσωπον</span> <span class='ocrx_word' id='word_1_513' title='bbox 598 3956 693 4009; x_wconf 87' lang='grc' dir='ltr'><strong>τοῦ</strong></span> <span class='ocrx_word' id='word_1_514' title='bbox 720 3957 974 4028; x_wconf 75' lang='grc' dir='ltr'>Σωτῆρος</span> <span class='ocrx_word' id='word_1_515' title='bbox 1017 3960 1173 4031; x_wconf 74' lang='grc' dir='ltr'>ἡμῶν</span> <span class='ocrx_word' id='word_1_516' title='bbox 1196 3965 1291 4016; x_wconf 74' lang='grc' dir='ltr'><strong>καὶ</strong></span> <span class='ocrx_word' id='word_1_517' title='bbox 1315 3963 1453 4017; x_wconf 85' lang='grc' dir='ltr'>Θεοῦ</span> <span class='ocrx_word' id='word_1_518' title='bbox 1502 3964 1579 4030; x_wconf 81' lang='grc' dir='ltr'>ὡς</span> <span class='ocrx_word' id='word_1_519' title='bbox 1616 3966 1645 4018; x_wconf 89' lang='lat'><strong>6</strong></span> <span class='ocrx_word' id='word_1_520' title='bbox 1680 3967 1852 4038; x_wconf 82' lang='grc' dir='ltr'>ἥλιος,</span> 
     </span>
    </p>
   </div>
   <div class='ocr_carea' id='block_1_69' title="bbox 273 4046 1854 4127">
    <p class='ocr_par' dir='ltr' id='par_1_69' title="bbox 273 4046 1854 4127">
     <span class='ocr_line' id='line_1_69' title="bbox 273 4046 1854 4127; baseline 0.01 -30"><span class='ocrx_word' id='word_1_521' title='bbox 273 4047 342 4097; x_wconf 78' lang='grc' dir='ltr'><strong>τά</strong></span> <span class='ocrx_word' id='word_1_522' title='bbox 377 4046 434 4099; x_wconf 79' lang='grc' dir='ltr'>δὲ</span> <span class='ocrx_word' id='word_1_523' title='bbox 474 4047 662 4116; x_wconf 74' lang='grc' dir='ltr'>ἱμάτια</span> <span class='ocrx_word' id='word_1_524' title='bbox 692 4050 860 4103; x_wconf 86' lang='grc' dir='ltr'>αὐτοῦ</span> <span class='ocrx_word' id='word_1_525' title='bbox 896 4052 1146 4120; x_wconf 73' lang='grc' dir='ltr'>ἐγένοντο</span> <span class='ocrx_word' id='word_1_526' title='bbox 1172 4054 1343 4109; x_wconf 81' lang='grc' dir='ltr'>λευκὰ</span> <span class='ocrx_word' id='word_1_527' title='bbox 1389 4056 1466 4118; x_wconf 86' lang='grc' dir='ltr'>ὡς</span> <span class='ocrx_word' id='word_1_528' title='bbox 1492 4057 1554 4111; x_wconf 83' lang='grc' dir='ltr'>τὸ</span> <span class='ocrx_word' id='word_1_529' title='bbox 1576 4059 1692 4127; x_wconf 74' lang='grc' dir='ltr'>φῶς</span> <span class='ocrx_word' id='word_1_530' title='bbox 1719 4075 1733 4091; x_wconf 90' lang='grc'><strong>·</strong></span> <span class='ocrx_word' id='word_1_531' title='bbox 1761 4059 1854 4113; x_wconf 76' lang='grc' dir='ltr'>τὸν</span> 
     </span>
    </p>
   </div>
   <div class='ocr_carea' id='block_1_70' title="bbox 273 4139 1853 4223">
    <p class='ocr_par' dir='ltr' id='par_1_70' title="bbox 273 4139 1853 4223">
     <span class='ocr_line' id='line_1_70' title="bbox 273 4139 1853 4223; baseline 0.009 -32"><span class='ocrx_word' id='word_1_532' title='bbox 273 4139 439 4192; x_wconf 68' lang='grc' dir='ltr'>αὐτὸν</span> <span class='ocrx_word' id='word_1_533' title='bbox 450 4140 518 4213; x_wconf 85' lang='grc' dir='ltr'>δὴ</span> <span class='ocrx_word' id='word_1_534' title='bbox 542 4141 743 4210; x_wconf 83' lang='grc' dir='ltr'>τρόπον</span> <span class='ocrx_word' id='word_1_535' title='bbox 754 4142 1033 4198; x_wconf 75' lang='grc' dir='ltr'>ἐλεύσεται</span> <span class='ocrx_word' id='word_1_536' title='bbox 1059 4145 1170 4200; x_wconf 78' lang='grc' dir='ltr'><strong>ἀπὸ</strong></span> <span class='ocrx_word' id='word_1_537' title='bbox 1191 4148 1424 4217; x_wconf 81' lang='grc' dir='ltr'>οὐρανοῦ</span> <span class='ocrx_word' id='word_1_538' title='bbox 1449 4149 1579 4216; x_wconf 75' lang='grc' dir='ltr'>ὡσεὶ</span> <span class='ocrx_word' id='word_1_539' title='bbox 1596 4152 1853 4223; x_wconf 78' lang='grc' dir='ltr'>ἀστραπὴ</span> 
     </span>
    </p>
   </div>
   <div class='ocr_carea' id='block_1_71' title="bbox 276 4232 1853 4314">
    <p class='ocr_par' dir='ltr' id='par_1_71' title="bbox 276 4232 1853 4314">
     <span class='ocr_line' id='line_1_71' title="bbox 276 4232 1853 4314; baseline 0.01 -30"><span class='ocrx_word' id='word_1_540' title='bbox 276 4233 336 4284; x_wconf 76' lang='grc' dir='ltr'>ἐν</span> <span class='ocrx_word' id='word_1_541' title='bbox 356 4232 586 4304; x_wconf 75' lang='grc' dir='ltr'>δυνάμει</span> <span class='ocrx_word' id='word_1_542' title='bbox 611 4236 708 4288; x_wconf 80' lang='grc' dir='ltr'><strong>καὶ</strong></span> <span class='ocrx_word' id='word_1_543' title='bbox 762 4236 894 4309; x_wconf 77' lang='grc' dir='ltr'>δόξῃ</span> <span class='ocrx_word' id='word_1_544' title='bbox 939 4237 1109 4309; x_wconf 78' lang='grc' dir='ltr'>πολλῇ</span> <span class='ocrx_word' id='word_1_545' title='bbox 1174 4242 1360 4311; x_wconf 80' lang='grc' dir='ltr'>κρῖναι</span> <span class='ocrx_word' id='word_1_546' title='bbox 1413 4242 1482 4295; x_wconf 76' lang='grc' dir='ltr'><strong>τὰ</strong></span> <span class='ocrx_word' id='word_1_547' title='bbox 1536 4243 1853 4314; x_wconf 86' lang='grc' dir='ltr'>σύμπαντα.</span> 
     </span>
    </p>
   </div>
   <div class='ocr_carea' id='block_1_72' title="bbox 278 4325 1858 4404">
    <p class='ocr_par' dir='ltr' id='par_1_72' title="bbox 278 4325 1858 4404">
     <span class='ocr_line' id='line_1_72' title="bbox 278 4325 1858 4404; baseline 0.007 -25"><span class='ocrx_word' id='word_1_548' title='bbox 278 4325 391 4381; x_wconf 76' lang='grc' dir='ltr'>Καὶ</span> <span class='ocrx_word' id='word_1_549' title='bbox 421 4326 611 4399; x_wconf 83' lang='grc' dir='ltr'>ὥσπερ</span> <span class='ocrx_word' id='word_1_550' title='bbox 660 4330 898 4400; x_wconf 80' lang='grc' dir='ltr'>συνῆσαν</span> <span class='ocrx_word' id='word_1_551' title='bbox 950 4329 1103 4401; x_wconf 81' lang='grc' dir='ltr'>αὐτῷ</span> <span class='ocrx_word' id='word_1_552' title='bbox 1159 4332 1387 4404; x_wconf 85' lang='grc' dir='ltr'>Πέτρος,</span> <span class='ocrx_word' id='word_1_553' title='bbox 1431 4333 1714 4401; x_wconf 76' lang='grc' dir='ltr'>Ἰάκωϐος,</span> <span class='ocrx_word' id='word_1_554' title='bbox 1762 4338 1858 4389; x_wconf 76' lang='grc' dir='ltr'><strong>καὶ</strong></span> 
     </span>
    </p>
   </div>
   <div class='ocr_carea' id='block_1_73' title="bbox 287 4419 1854 4496">
    <p class='ocr_par' dir='ltr' id='par_1_73' title="bbox 287 4419 1854 4496">
     <span class='ocr_line' id='line_1_73' title="bbox 287 4419 1854 4496; baseline 0.006 -23"><span class='ocrx_word' id='word_1_555' title='bbox 287 4419 543 4487; x_wconf 81' lang='grc' dir='ltr'>Ἰωάννης</span> <span class='ocrx_word' id='word_1_556' title='bbox 572 4424 629 4475; x_wconf 76' lang='grc' dir='ltr'>ἐν</span> <span class='ocrx_word' id='word_1_557' title='bbox 679 4422 757 4491; x_wconf 83' lang='grc' dir='ltr'>τῷ</span> <span class='ocrx_word' id='word_1_558' title='bbox 807 4422 922 4493; x_wconf 78' lang='grc' dir='ltr'>ὄρει</span> <span class='ocrx_word' id='word_1_559' title='bbox 985 4423 1062 4494; x_wconf 81' lang='grc' dir='ltr'>τῷ</span> <span class='ocrx_word' id='word_1_560' title='bbox 1117 4424 1289 4496; x_wconf 77' lang='grc' dir='ltr'>ἁγίῳ·</span> <span class='ocrx_word' id='word_1_561' title='bbox 1338 4424 1483 4479; x_wconf 78' lang='grc' dir='ltr'>οὕτω</span> <span class='ocrx_word' id='word_1_562' title='bbox 1537 4429 1854 4482; x_wconf 85' lang='grc' dir='ltr'>συνέσονται</span> 
     </span>
    </p>
   </div>
   <div class='ocr_carea' id='block_1_74' title="bbox 1952 3235 3531 3305">
    <p class='ocr_par' dir='ltr' id='par_1_74' title="bbox 1952 3235 3531 3305">
     <span class='ocr_line' id='line_1_74' title="bbox 1952 3235 3531 3305; baseline 0 -17"><span class='ocrx_word' id='word_1_563' title='bbox 1952 3236 2047 3304; x_wconf 91' lang='lat' dir='ltr'><strong>qui</strong></span> <span class='ocrx_word' id='word_1_564' title='bbox 2090 3251 2193 3290; x_wconf 91' lang='lat' dir='ltr'><strong>non</strong></span> <span class='ocrx_word' id='word_1_565' title='bbox 2234 3237 2530 3301; x_wconf 75' lang='lat' dir='ltr'><strong>gustabunt</strong></span> <span class='ocrx_word' id='word_1_566' title='bbox 2564 3245 2817 3302; x_wconf 87' lang='lat' dir='ltr'><strong>mortem,</strong></span> <span class='ocrx_word' id='word_1_567' title='bbox 2853 3235 3028 3291; x_wconf 86' lang='lat' dir='ltr'><strong>donec</strong></span> <span class='ocrx_word' id='word_1_568' title='bbox 3053 3235 3272 3290; x_wconf 84' lang='lat' dir='ltr'><strong>videant</strong></span> <span class='ocrx_word' id='word_1_569' title='bbox 3307 3249 3531 3305; x_wconf 78' lang='lat' dir='ltr'><strong>regnum</strong></span> 
     </span>
    </p>
   </div>
   <div class='ocr_carea' id='block_1_75' title="bbox 1954 3324 3537 3393">
    <p class='ocr_par' dir='ltr' id='par_1_75' title="bbox 1954 3324 3537 3393">
     <span class='ocr_line' id='line_1_75' title="bbox 1954 3324 3537 3393; baseline -0.003 -12"><span class='ocrx_word' id='word_1_570' title='bbox 1954 3327 2046 3381; x_wconf 82' lang='lat' dir='ltr'><strong>Dei</strong></span> <span class='ocrx_word' id='word_1_571' title='bbox 2094 3327 2320 3382; x_wconf 85' lang='lat' dir='ltr'><strong>veniens</strong></span> <span class='ocrx_word' id='word_1_572' title='bbox 2374 3325 2427 3380; x_wconf 91' lang='lat' dir='ltr'><strong>in</strong></span> <span class='ocrx_word' id='word_1_573' title='bbox 2484 3328 2705 3382; x_wconf 89' lang='lat' dir='ltr'><strong>virtute.</strong></span> <span class='ocrx_word' id='word_1_574' title='bbox 2766 3325 3011 3393; x_wconf 87' lang='lat' dir='ltr'><strong>Petrum,</strong></span> <span class='ocrx_word' id='word_1_575' title='bbox 3039 3335 3094 3381; x_wconf 91' lang='lat' dir='ltr'><strong>et</strong></span> <span class='ocrx_word' id='word_1_576' title='bbox 3137 3324 3422 3385; x_wconf 64' lang='lat' dir='ltr'><strong>Iacobum,</strong></span> <span class='ocrx_word' id='word_1_577' title='bbox 3480 3332 3537 3378; x_wconf 84' lang='lat' dir='ltr'><strong>et</strong></span> 
     </span>
    </p>
   </div>
   <div class='ocr_carea' id='block_1_76' title="bbox 1952 3415 3543 3474">
    <p class='ocr_par' dir='ltr' id='par_1_76' title="bbox 1952 3415 3543 3474">
     <span class='ocr_line' id='line_1_76' title="bbox 1952 3415 3543 3474; baseline -0.003 0"><span class='ocrx_word' id='word_1_578' title='bbox 1952 3417 2218 3474; x_wconf 78' lang='lat' dir='ltr'><strong>Joannem</strong></span> <span class='ocrx_word' id='word_1_579' title='bbox 2248 3419 2398 3474; x_wconf 88' lang='lat' dir='ltr'><strong>dicit.</strong></span> <span class='ocrx_word' id='word_1_580' title='bbox 2443 3417 2562 3473; x_wconf 84' lang='lat' dir='ltr'><strong>Non</strong></span> <span class='ocrx_word' id='word_1_581' title='bbox 2608 3416 2910 3473; x_wconf 85' lang='lat' dir='ltr'><strong>morientur</strong></span> <span class='ocrx_word' id='word_1_582' title='bbox 2945 3420 3116 3472; x_wconf 86' lang='lat' dir='ltr'><strong>donec</strong></span> <span class='ocrx_word' id='word_1_583' title='bbox 3146 3418 3436 3473; x_wconf 77' lang='lat' dir='ltr'><strong>05tendero</strong></span> <span class='ocrx_word' id='word_1_584' title='bbox 3461 3415 3543 3469; x_wconf 73' lang='lat' dir='ltr'><strong>eis</strong></span> 
     </span>
    </p>
   </div>
   <div class='ocr_carea' id='block_1_77' title="bbox 1956 3508 3540 3582">
    <p class='ocr_par' dir='ltr' id='par_1_77' title="bbox 1956 3508 3540 3582">
     <span class='ocr_line' id='line_1_77' title="bbox 1956 3508 3540 3582; baseline -0.004 -15"><span class='ocrx_word' id='word_1_585' title='bbox 1956 3512 2012 3567; x_wconf 89' lang='lat' dir='ltr'><strong>in</strong></span> <span class='ocrx_word' id='word_1_586' title='bbox 2051 3512 2557 3582; x_wconf 81' lang='lat' dir='ltr'><strong>transfiguratione,</strong></span> <span class='ocrx_word' id='word_1_587' title='bbox 2606 3520 2810 3581; x_wconf 88' lang='lat' dir='ltr'><strong>quanta</strong></span> <span class='ocrx_word' id='word_1_588' title='bbox 2835 3525 2957 3565; x_wconf 92' lang='lat' dir='ltr'><strong>cum</strong></span> <span class='ocrx_word' id='word_1_589' title='bbox 2997 3509 3169 3579; x_wconf 83' lang='lat' dir='ltr'><strong>gloria</strong></span> <span class='ocrx_word' id='word_1_590' title='bbox 3206 3508 3308 3562; x_wconf 90' lang='lat' dir='ltr'><strong>sim</strong></span> <span class='ocrx_word' id='word_1_591' title='bbox 3342 3519 3540 3561; x_wconf 84' lang='lat' dir='ltr'><strong>ventu-</strong></span> 
     </span>
    </p>
   </div>
   <div class='ocr_carea' id='block_1_78' title="bbox 1956 3600 3536 3673">
    <p class='ocr_par' dir='ltr' id='par_1_78' title="bbox 1956 3600 3536 3673">
     <span class='ocr_line' id='line_1_78' title="bbox 1956 3600 3536 3673; baseline -0.006 -14"><span class='ocrx_word' id='word_1_592' title='bbox 1956 3619 2049 3659; x_wconf 89' lang='lat' dir='ltr'><strong>rus</strong></span> <span class='ocrx_word' id='word_1_593' title='bbox 2079 3604 2134 3659; x_wconf 91' lang='lat' dir='ltr'><strong>in</strong></span> <span class='ocrx_word' id='word_1_594' title='bbox 2161 3605 2401 3660; x_wconf 85' lang='lat' dir='ltr'><strong>secundo</strong></span> <span class='ocrx_word' id='word_1_595' title='bbox 2420 3605 2681 3659; x_wconf 87' lang='lat' dir='ltr'><strong>adventu.</strong></span> <span class='ocrx_word' id='word_1_596' title='bbox 2707 3602 3142 3673; x_wconf 84' lang='lat' dir='ltr'><strong>Transﬂguratio</strong></span> <span class='ocrx_word' id='word_1_597' title='bbox 3163 3601 3310 3655; x_wconf 91' lang='lat' dir='ltr'><strong>enim</strong></span> <span class='ocrx_word' id='word_1_598' title='bbox 3332 3600 3536 3654; x_wconf 83' lang='lat' dir='ltr'><strong>Christi</strong></span> 
     </span>
    </p>
   </div>
   <div class='ocr_carea' id='block_1_79' title="bbox 1957 3692 3537 3765">
    <p class='ocr_par' dir='ltr' id='par_1_79' title="bbox 1957 3692 3537 3765">
     <span class='ocr_line' id='line_1_79' title="bbox 1957 3692 3537 3765; baseline -0.004 -16"><span class='ocrx_word' id='word_1_599' title='bbox 1957 3695 2257 3765; x_wconf 71' lang='lat' dir='ltr'><strong>praenuntia</strong></span> <span class='ocrx_word' id='word_1_600' title='bbox 2292 3704 2415 3750; x_wconf 89' lang='lat' dir='ltr'><strong>erat</strong></span> <span class='ocrx_word' id='word_1_601' title='bbox 2443 3695 2666 3751; x_wconf 89' lang='lat' dir='ltr'><strong>secundi</strong></span> <span class='ocrx_word' id='word_1_602' title='bbox 2692 3695 2963 3749; x_wconf 86' lang='lat' dir='ltr'><strong>adventus</strong></span> <span class='ocrx_word' id='word_1_603' title='bbox 2998 3693 3136 3761; x_wconf 91' lang='lat' dir='ltr'><strong>ejus.</strong></span> <span class='ocrx_word' id='word_1_604' title='bbox 3170 3692 3537 3759; x_wconf 84' lang='lat' dir='ltr'><strong>Quemadmo-</strong></span> 
     </span>
    </p>
   </div>
   <div class='ocr_carea' id='block_1_80' title="bbox 1957 3784 3542 3857">
    <p class='ocr_par' dir='ltr' id='par_1_80' title="bbox 1957 3784 3542 3857">
     <span class='ocr_line' id='line_1_80' title="bbox 1957 3784 3542 3857; baseline 0 -18"><span class='ocrx_word' id='word_1_605' title='bbox 1957 3789 2086 3843; x_wconf 89' lang='lat' dir='ltr'><strong>dum</strong></span> <span class='ocrx_word' id='word_1_606' title='bbox 2117 3789 2264 3843; x_wconf 89' lang='lat' dir='ltr'><strong>enim</strong></span> <span class='ocrx_word' id='word_1_607' title='bbox 2297 3798 2409 3843; x_wconf 88' lang='lat' dir='ltr'><strong>tum</strong></span> <span class='ocrx_word' id='word_1_608' title='bbox 2443 3786 2721 3857; x_wconf 86' lang='lat' dir='ltr'><strong>splenduit</strong></span> <span class='ocrx_word' id='word_1_609' title='bbox 2748 3785 2921 3841; x_wconf 80' lang='lat' dir='ltr'><strong>facies</strong></span> <span class='ocrx_word' id='word_1_610' title='bbox 2953 3784 3253 3841; x_wconf 84' lang='lat' dir='ltr'><strong>Salvatoris</strong></span> <span class='ocrx_word' id='word_1_611' title='bbox 3285 3785 3453 3843; x_wconf 71' lang='lat' dir='ltr'><strong>nostri</strong></span> <span class='ocrx_word' id='word_1_612' title='bbox 3486 3801 3542 3841; x_wconf 85' lang='lat' dir='ltr'><strong>et</strong></span> 
     </span>
    </p>
   </div>
   <div class='ocr_carea' id='block_1_81' title="bbox 1959 3876 3546 3950">
    <p class='ocr_par' dir='ltr' id='par_1_81' title="bbox 1959 3876 3546 3950">
     <span class='ocr_line' id='line_1_81' title="bbox 1959 3876 3546 3950; baseline 0.001 -19"><span class='ocrx_word' id='word_1_613' title='bbox 1959 3877 2079 3942; x_wconf 87' lang='lat' dir='ltr'><strong>Dei,</strong></span> <span class='ocrx_word' id='word_1_614' title='bbox 2103 3889 2361 3949; x_wconf 86' lang='lat' dir='ltr'><strong>tanquam</strong></span> <span class='ocrx_word' id='word_1_615' title='bbox 2388 3879 2493 3944; x_wconf 90' lang='lat' dir='ltr'><strong>sol,</strong></span> <span class='ocrx_word' id='word_1_616' title='bbox 2523 3877 2849 3934; x_wconf 87' lang='lat' dir='ltr'><strong>vestimenta</strong></span> <span class='ocrx_word' id='word_1_617' title='bbox 2877 3887 3061 3933; x_wconf 84' lang='lat' dir='ltr'><strong>autem</strong></span> <span class='ocrx_word' id='word_1_618' title='bbox 3093 3876 3210 3950; x_wconf 79' lang='lat' dir='ltr'><strong>ejus</strong></span> <span class='ocrx_word' id='word_1_619' title='bbox 3247 3880 3388 3934; x_wconf 82' lang='lat' dir='ltr'><strong>facta</strong></span> <span class='ocrx_word' id='word_1_620' title='bbox 3417 3891 3546 3933; x_wconf 88' lang='lat' dir='ltr'><strong>sunt</strong></span> 
     </span>
    </p>
   </div>
   <div class='ocr_carea' id='block_1_82' title="bbox 1957 3971 3543 4046">
    <p class='ocr_par' dir='ltr' id='par_1_82' title="bbox 1957 3971 3543 4046">
     <span class='ocr_line' id='line_1_82' title="bbox 1957 3971 3543 4046; baseline 0 -22"><span class='ocrx_word' id='word_1_621' title='bbox 1957 3972 2076 4026; x_wconf 79' lang='lat' dir='ltr'><strong>alba</strong></span> <span class='ocrx_word' id='word_1_622' title='bbox 2104 3972 2248 4026; x_wconf 89' lang='lat' dir='ltr'><strong>sicut</strong></span> <span class='ocrx_word' id='word_1_623' title='bbox 2280 3971 2399 4035; x_wconf 83' lang='lat' dir='ltr'><strong>nix.</strong></span> <span class='ocrx_word' id='word_1_624' title='bbox 2446 3971 2521 4046; x_wconf 84' lang='lat' dir='ltr'><strong>ita</strong></span> <span class='ocrx_word' id='word_1_625' title='bbox 2554 3971 2743 4026; x_wconf 85' lang='lat' dir='ltr'><strong>veniet</strong></span> <span class='ocrx_word' id='word_1_626' title='bbox 2774 3971 2842 4030; x_wconf 79' lang='lat' dir='ltr'><strong>tle</strong></span> <span class='ocrx_word' id='word_1_627' title='bbox 2875 3972 3015 4029; x_wconf 77' lang='lat' dir='ltr'><strong>ctelo</strong></span> <span class='ocrx_word' id='word_1_628' title='bbox 3050 3983 3308 4043; x_wconf 89' lang='lat' dir='ltr'><strong>tanquam</strong></span> <span class='ocrx_word' id='word_1_629' title='bbox 3341 3971 3543 4040; x_wconf 83' lang='lat' dir='ltr'><strong>fulgur,</strong></span> 
     </span>
    </p>
   </div>
   <div class='ocr_carea' id='block_1_83' title="bbox 1959 4063 3545 4137">
    <p class='ocr_par' dir='ltr' id='par_1_83' title="bbox 1959 4063 3545 4137">
     <span class='ocr_line' id='line_1_83' title="bbox 1959 4063 3545 4137; baseline -0.001 -19"><span class='ocrx_word' id='word_1_630' title='bbox 1959 4065 2013 4118; x_wconf 91' lang='lat' dir='ltr'><strong>in</strong></span> <span class='ocrx_word' id='word_1_631' title='bbox 2051 4066 2250 4119; x_wconf 88' lang='lat' dir='ltr'><strong>virtute</strong></span> <span class='ocrx_word' id='word_1_632' title='bbox 2292 4072 2349 4121; x_wconf 87' lang='lat' dir='ltr'><strong>et</strong></span> <span class='ocrx_word' id='word_1_633' title='bbox 2389 4064 2558 4134; x_wconf 88' lang='lat' dir='ltr'><strong>gloria</strong></span> <span class='ocrx_word' id='word_1_634' title='bbox 2595 4080 2818 4137; x_wconf 80' lang='lat' dir='ltr'><strong>magna,</strong></span> <span class='ocrx_word' id='word_1_635' title='bbox 2848 4066 3101 4137; x_wconf 86' lang='lat' dir='ltr'><strong>judicare</strong></span> <span class='ocrx_word' id='word_1_636' title='bbox 3142 4067 3346 4122; x_wconf 88' lang='lat' dir='ltr'><strong>omnia.</strong></span> <span class='ocrx_word' id='word_1_637' title='bbox 3384 4063 3451 4117; x_wconf 81' lang='lat' dir='ltr'><strong>Et</strong></span> <span class='ocrx_word' id='word_1_638' title='bbox 3485 4073 3545 4117; x_wconf 89' lang='lat' dir='ltr'><strong>ut</strong></span> 
     </span>
    </p>
   </div>
   <div class='ocr_carea' id='block_1_84' title="bbox 1958 4156 3543 4227">
    <p class='ocr_par' dir='ltr' id='par_1_84' title="bbox 1958 4156 3543 4227">
     <span class='ocr_line' id='line_1_84' title="bbox 1958 4156 3543 4227; baseline -0.001 -15"><span class='ocrx_word' id='word_1_639' title='bbox 1958 4172 2082 4212; x_wconf 91' lang='lat' dir='ltr'><strong>cum</strong></span> <span class='ocrx_word' id='word_1_640' title='bbox 2115 4171 2180 4212; x_wconf 88' lang='lat' dir='ltr'><strong>eo</strong></span> <span class='ocrx_word' id='word_1_641' title='bbox 2212 4156 2434 4214; x_wconf 85' lang='lat' dir='ltr'><strong>fuerunt</strong></span> <span class='ocrx_word' id='word_1_642' title='bbox 2479 4160 2699 4224; x_wconf 86' lang='lat' dir='ltr'><strong>Petrus,</strong></span> <span class='ocrx_word' id='word_1_643' title='bbox 2735 4167 2792 4216; x_wconf 91' lang='lat' dir='ltr'><strong>et</strong></span> <span class='ocrx_word' id='word_1_644' title='bbox 2837 4157 3096 4227; x_wconf 74' lang='lat' dir='ltr'><strong>Iacobus,</strong></span> <span class='ocrx_word' id='word_1_645' title='bbox 3131 4167 3186 4215; x_wconf 92' lang='lat' dir='ltr'><strong>ct</strong></span> <span class='ocrx_word' id='word_1_646' title='bbox 3212 4156 3454 4214; x_wconf 81' lang='lat' dir='ltr'><strong>Joannes</strong></span> <span class='ocrx_word' id='word_1_647' title='bbox 3490 4157 3543 4211; x_wconf 87' lang='lat' dir='ltr'><strong>in</strong></span> 
     </span>
    </p>
   </div>
   <div class='ocr_carea' id='block_1_85' title="bbox 1961 4251 3552 4315">
    <p class='ocr_par' dir='ltr' id='par_1_85' title="bbox 1961 4251 3552 4315">
     <span class='ocr_line' id='line_1_85' title="bbox 1961 4251 3552 4315; baseline 0.002 -15"><span class='ocrx_word' id='word_1_648' title='bbox 1961 4256 2148 4303; x_wconf 83' lang='lat' dir='ltr'><strong>monte</strong></span> <span class='ocrx_word' id='word_1_649' title='bbox 2198 4259 2413 4313; x_wconf 86' lang='lat' dir='ltr'><strong>sancto.</strong></span> <span class='ocrx_word' id='word_1_650' title='bbox 2447 4251 2517 4305; x_wconf 91' lang='lat' dir='ltr'><strong>ita</strong></span> <span class='ocrx_word' id='word_1_651' title='bbox 2567 4266 2692 4306; x_wconf 91' lang='lat' dir='ltr'><strong>cum</strong></span> <span class='ocrx_word' id='word_1_652' title='bbox 2733 4265 2800 4307; x_wconf 91' lang='lat' dir='ltr'><strong>eo</strong></span> <span class='ocrx_word' id='word_1_653' title='bbox 2855 4261 3019 4307; x_wconf 89' lang='lat' dir='ltr'><strong>erunt</strong></span> <span class='ocrx_word' id='word_1_654' title='bbox 3044 4266 3235 4308; x_wconf 82' lang='lat' dir='ltr'><strong>omnes</strong></span> <span class='ocrx_word' id='word_1_655' title='bbox 3268 4252 3464 4315; x_wconf 82' lang='lat' dir='ltr'><strong>saneti,</strong></span> <span class='ocrx_word' id='word_1_656' title='bbox 3492 4260 3552 4305; x_wconf 88' lang='lat' dir='ltr'><strong>et</strong></span> 
     </span>
    </p>
   </div>
   <div class='ocr_carea' id='block_1_86' title="bbox 1955 4334 3548 4412">
    <p class='ocr_par' dir='ltr' id='par_1_86' title="bbox 1955 4334 3548 4412">
     <span class='ocr_line' id='line_1_86' title="bbox 1955 4334 3548 4412; baseline 0.002 -24"><span class='ocrx_word' id='word_1_657' title='bbox 1955 4334 2105 4404; x_wconf 85' lang='lat' dir='ltr'><strong>justi.</strong></span> <span class='ocrx_word' id='word_1_658' title='bbox 2144 4346 2199 4393; x_wconf 89' lang='lat' dir='ltr'><strong>et</strong></span> <span class='ocrx_word' id='word_1_659' title='bbox 2235 4337 2419 4405; x_wconf 87' lang='lat' dir='ltr'><strong>electi,</strong></span> <span class='ocrx_word' id='word_1_660' title='bbox 2450 4339 2794 4408; x_wconf 84' lang='lat' dir='ltr'><strong>perfruentes</strong></span> <span class='ocrx_word' id='word_1_661' title='bbox 2829 4341 3016 4396; x_wconf 87' lang='lat' dir='ltr'><strong>divino</strong></span> <span class='ocrx_word' id='word_1_662' title='bbox 3057 4340 3174 4412; x_wconf 84' lang='lat' dir='ltr'><strong>ejus</strong></span> <span class='ocrx_word' id='word_1_663' title='bbox 3209 4351 3454 4411; x_wconf 84' lang='lat' dir='ltr'><strong>aspectu,</strong></span> <span class='ocrx_word' id='word_1_664' title='bbox 3490 4346 3548 4391; x_wconf 75' lang='grc' dir='ltr'>(ιι</span> 
     </span>
    </p>
   </div>
   <div class='ocr_carea' id='block_1_87' title="bbox 1964 4430 3544 4506">
    <p class='ocr_par' dir='ltr' id='par_1_87' title="bbox 1964 4430 3544 4506">
     <span class='ocr_line' id='line_1_87' title="bbox 1964 4430 3544 4506; baseline 0.001 -23"><span class='ocrx_word' id='word_1_665' title='bbox 1964 4431 2317 4489; x_wconf 75' lang='lat' dir='ltr'><strong>inenarrabili</strong></span> <span class='ocrx_word' id='word_1_666' title='bbox 2368 4445 2537 4504; x_wconf 85' lang='lat' dir='ltr'><strong>atque</strong></span> <span class='ocrx_word' id='word_1_667' title='bbox 2604 4432 2871 4491; x_wconf 67' lang='lat' dir='ltr'><strong>ineffabili</strong></span> <span class='ocrx_word' id='word_1_668' title='bbox 2927 4434 3124 4506; x_wconf 86' lang='lat' dir='ltr'><strong>gaudio</strong></span> <span class='ocrx_word' id='word_1_669' title='bbox 3183 4442 3238 4491; x_wconf 82' lang='lat' dir='ltr'><strong>et</strong></span> <span class='ocrx_word' id='word_1_670' title='bbox 3301 4430 3544 4490; x_wconf 78' lang='lat' dir='ltr'><strong>exsulta-</strong></span> 
     </span>
    </p>
   </div>
   <div class='ocr_carea' id='block_1_88' title="bbox 160 4504 2128 4587">
    <p class='ocr_par' dir='ltr' id='par_1_88' title="bbox 160 4504 2128 4587">
     <span class='ocr_line' id='line_1_88' title="bbox 160 4504 2128 4587; baseline 0.007 -23"><span class='ocrx_word' id='word_1_671' title='bbox 160 4504 169 4509; x_wconf 65' lang='grc'><strong>’</strong></span> <span class='ocrx_word' id='word_1_672' title='bbox 275 4512 426 4583; x_wconf 78' lang='grc' dir='ltr'>αὐτῷ</span> <span class='ocrx_word' id='word_1_673' title='bbox 443 4511 641 4577; x_wconf 86' lang='grc' dir='ltr'>πάντες</span> <span class='ocrx_word' id='word_1_674' title='bbox 662 4515 711 4567; x_wconf 81' lang='grc' dir='ltr'>οἱ</span> <span class='ocrx_word' id='word_1_675' title='bbox 732 4513 898 4583; x_wconf 72' lang='grc' dir='ltr'>ἅγιοι,</span> <span class='ocrx_word' id='word_1_676' title='bbox 924 4518 1022 4571; x_wconf 76' lang='grc' dir='ltr'><strong>καὶ</strong></span> <span class='ocrx_word' id='word_1_677' title='bbox 1050 4516 1341 4584; x_wconf 82' lang='grc' dir='ltr'>οίδίκαιοι,</span> <span class='ocrx_word' id='word_1_678' title='bbox 1368 4519 1464 4571; x_wconf 79' lang='grc' dir='ltr'><strong>καὶ</strong></span> <span class='ocrx_word' id='word_1_679' title='bbox 1493 4518 1542 4571; x_wconf 78' lang='lat' dir='ltr'><strong>oi</strong></span> <span class='ocrx_word' id='word_1_680' title='bbox 1574 4519 1851 4587; x_wconf 70' lang='grc' dir='ltr'>ἐκλεκτοὶ,</span> <span class='ocrx_word' id='word_1_681' title='bbox 1886 4511 1933 4569; x_wconf 80' lang='lat' dir='ltr'><strong>D</strong></span> <span class='ocrx_word' id='word_1_682' title='bbox 1963 4526 2128 4578; x_wconf 83' lang='lat' dir='ltr'><strong>ti0ne.</strong></span> 
     </span>
    </p>
   </div>
   <div class='ocr_carea' id='block_1_89' title="bbox 275 4607 3573 4693">
    <p class='ocr_par' dir='ltr' id='par_1_89' title="bbox 275 4607 3573 4693">
     <span class='ocr_line' id='line_1_89' title="bbox 275 4607 3573 4693; baseline 0.003 -34"><span class='ocrx_word' id='word_1_683' title='bbox 275 4607 639 4671; x_wconf 80' lang='grc' dir='ltr'>ἀπολαύοντες</span> <span class='ocrx_word' id='word_1_684' title='bbox 704 4610 806 4679; x_wconf 80' lang='grc' dir='ltr'>τῆς</span> <span class='ocrx_word' id='word_1_685' title='bbox 875 4608 1041 4663; x_wconf 85' lang='grc' dir='ltr'>αὑτοῦ</span> <span class='ocrx_word' id='word_1_686' title='bbox 1113 4610 1430 4680; x_wconf 74' lang='grc' dir='ltr'>θεοφανίας,</span> <span class='ocrx_word' id='word_1_687' title='bbox 1487 4614 1582 4668; x_wconf 79' lang='grc' dir='ltr'><strong>καὶ</strong></span> <span class='ocrx_word' id='word_1_688' title='bbox 1634 4608 1737 4683; x_wconf 83' lang='grc' dir='ltr'><strong>τῆς</strong></span> <span class='ocrx_word' id='word_1_689' title='bbox 1788 4615 2210 4689; x_wconf 73' lang='grc' dir='ltr'>ἀνεκδιηγήεου,</span> <span class='ocrx_word' id='word_1_690' title='bbox 2301 4620 2400 4674; x_wconf 75' lang='grc' dir='ltr'><strong>καὶ</strong></span> <span class='ocrx_word' id='word_1_691' title='bbox 2446 4621 2834 4693; x_wconf 59' lang='grc' dir='ltr'>άνεδιφράστου</span> <span class='ocrx_word' id='word_1_692' title='bbox 2885 4620 3063 4692; x_wconf 86' lang='grc' dir='ltr'>χαρᾶς</span> <span class='ocrx_word' id='word_1_693' title='bbox 3118 4620 3216 4673; x_wconf 77' lang='grc' dir='ltr'><strong>καὶ</strong></span> <span class='ocrx_word' id='word_1_694' title='bbox 3289 4619 3573 4687; x_wconf 76' lang='grc' dir='ltr'>ἀγαλλιά-.</span> 
     </span>
    </p>
   </div>
   <div class='ocr_carea' id='block_1_90' title="bbox 276 4716 439 4764">
    <p class='ocr_par' dir='ltr' id='par_1_90' title="bbox 276 4716 439 4764">
     <span class='ocr_line' id='line_1_90' title="bbox 276 4716 439 4764; baseline 0.012 -12"><span class='ocrx_word' id='word_1_695' title='bbox 276 4716 439 4764; x_wconf 75' lang='grc' dir='ltr'>σεως.</span> 
     </span>
    </p>
   </div>
   <div class='ocr_carea' id='block_1_91' title="bbox 347 4793 1854 4870">
    <p class='ocr_par' dir='ltr' id='par_1_91' title="bbox 347 4793 1854 4870">
     <span class='ocr_line' id='line_1_91' title="bbox 347 4793 1854 4870; baseline 0.003 -23"><span class='ocrx_word' id='word_1_696' title='bbox 347 4793 536 4848; x_wconf 79' lang='grc' dir='ltr'>Ταῦτα</span> <span class='ocrx_word' id='word_1_697' title='bbox 562 4793 743 4848; x_wconf 87' lang='grc' dir='ltr'>τοίνυν</span> <span class='ocrx_word' id='word_1_698' title='bbox 776 4794 1001 4861; x_wconf 72' lang='grc' dir='ltr'>εἰδότες,</span> <span class='ocrx_word' id='word_1_699' title='bbox 1033 4795 1336 4867; x_wconf 73' lang='grc' dir='ltr'>ἀγαπητοὶ,</span> <span class='ocrx_word' id='word_1_700' title='bbox 1391 4796 1854 4870; x_wconf 85' lang='grc' dir='ltr'>ἀπαρνησώμεθα</span> 
     </span>
    </p>
   </div>
   <div class='ocr_carea' id='block_1_92' title="bbox 274 4885 1852 4960">
    <p class='ocr_par' dir='ltr' id='par_1_92' title="bbox 274 4885 1852 4960">
     <span class='ocr_line' id='line_1_92' title="bbox 274 4885 1852 4960; baseline 0.001 -21"><span class='ocrx_word' id='word_1_701' title='bbox 274 4887 376 4940; x_wconf 79' lang='grc' dir='ltr'><strong>καὶ</strong></span> <span class='ocrx_word' id='word_1_702' title='bbox 394 4887 555 4956; x_wconf 72' lang='grc' dir='ltr'>ἡμεῖς</span> <span class='ocrx_word' id='word_1_703' title='bbox 607 4886 836 4950; x_wconf 79' lang='grc' dir='ltr'>ἑαυτοὺς</span> <span class='ocrx_word' id='word_1_704' title='bbox 896 4885 985 4941; x_wconf 80' lang='grc' dir='ltr'><strong>διὰ</strong></span> <span class='ocrx_word' id='word_1_705' title='bbox 1030 4887 1121 4941; x_wconf 76' lang='grc' dir='ltr'>τὸν</span> <span class='ocrx_word' id='word_1_706' title='bbox 1178 4888 1408 4958; x_wconf 76' lang='grc' dir='ltr'>Κύριονο</span> <span class='ocrx_word' id='word_1_707' title='bbox 1471 4887 1642 4960; x_wconf 75' lang='grc' dir='ltr'>μηδὲν</span> <span class='ocrx_word' id='word_1_708' title='bbox 1685 4889 1852 4943; x_wconf 84' lang='grc' dir='ltr'>αὑτοῦ</span> 
     </span>
    </p>
   </div>
   <div class='ocr_carea' id='block_1_93' title="bbox 276 4978 1851 5050">
    <p class='ocr_par' dir='ltr' id='par_1_93' title="bbox 276 4978 1851 5050">
     <span class='ocr_line' id='line_1_93' title="bbox 276 4978 1851 5050; baseline 0 -19"><span class='ocrx_word' id='word_1_709' title='bbox 276 4979 674 5049; x_wconf 80' lang='grc' dir='ltr'>προτιμότερον</span> <span class='ocrx_word' id='word_1_710' title='bbox 702 4978 1061 5049; x_wconf 77' lang='grc' dir='ltr'>ἡγησώμεθα,</span> <span class='ocrx_word' id='word_1_711' title='bbox 1088 4979 1163 5049; x_wconf 78' lang='grc' dir='ltr'>μὴ</span> <span class='ocrx_word' id='word_1_712' title='bbox 1201 4978 1454 5045; x_wconf 85' lang='grc' dir='ltr'>πλοῦτον,</span> <span class='ocrx_word' id='word_1_713' title='bbox 1511 4979 1589 5049; x_wconf 81' lang='grc' dir='ltr'>μὴ</span> <span class='ocrx_word' id='word_1_714' title='bbox 1614 4979 1851 5050; x_wconf 84' lang='grc' dir='ltr'>τρυφὴν,</span> 
     </span>
    </p>
   </div>
   <div class='ocr_carea' id='block_1_94' title="bbox 282 5067 1855 5141">
    <p class='ocr_par' dir='ltr' id='par_1_94' title="bbox 282 5067 1855 5141">
     <span class='ocr_line' id='line_1_94' title="bbox 282 5067 1855 5141; baseline 0.003 -21"><span class='ocrx_word' id='word_1_715' title='bbox 282 5072 361 5138; x_wconf 85' lang='grc' dir='ltr'>μὴ</span> <span class='ocrx_word' id='word_1_716' title='bbox 422 5067 607 5135; x_wconf 78' lang='grc' dir='ltr'>δόξαν,</span> <span class='ocrx_word' id='word_1_717' title='bbox 645 5069 721 5140; x_wconf 83' lang='grc' dir='ltr'><strong>μὴ</strong></span> <span class='ocrx_word' id='word_1_718' title='bbox 768 5067 1094 5139; x_wconf 80' lang='grc' dir='ltr'>σωματικὴν</span> <span class='ocrx_word' id='word_1_719' title='bbox 1149 5069 1368 5141; x_wconf 82' lang='grc' dir='ltr'>ἡδονὴν,</span> <span class='ocrx_word' id='word_1_720' title='bbox 1429 5070 1505 5141; x_wconf 83' lang='grc' dir='ltr'>μὴ</span> <span class='ocrx_word' id='word_1_721' title='bbox 1545 5071 1716 5141; x_wconf 81' lang='grc' dir='ltr'>αὐτὴν</span> <span class='ocrx_word' id='word_1_722' title='bbox 1751 5071 1855 5140; x_wconf 85' lang='grc' dir='ltr'>τὴν</span> 
     </span>
    </p>
   </div>
   <div class='ocr_carea' id='block_1_95' title="bbox 281 5147 1857 5234">
    <p class='ocr_par' dir='ltr' id='par_1_95' title="bbox 281 5147 1857 5234">
     <span class='ocr_line' id='line_1_95' title="bbox 281 5147 1857 5234; baseline 0.001 -20"><span class='ocrx_word' id='word_1_723' title='bbox 281 5147 456 5230; x_wconf 74' lang='grc' dir='ltr'>ζωὴν,</span> <span class='ocrx_word' id='word_1_724' title='bbox 481 5160 618 5214; x_wconf 75' lang='grc' dir='ltr'><strong>ἀλλά</strong></span> <span class='ocrx_word' id='word_1_725' title='bbox 646 5162 739 5216; x_wconf 71' lang='grc' dir='ltr'><strong>καὶ</strong></span> <span class='ocrx_word' id='word_1_726' title='bbox 780 5162 989 5233; x_wconf 83' lang='grc' dir='ltr'>ταύτης</span> <span class='ocrx_word' id='word_1_727' title='bbox 1019 5154 1570 5234; x_wconf 80' lang='grc' dir='ltr'>καταφρωνὴσωμεν,</span> <span class='ocrx_word' id='word_1_728' title='bbox 1594 5164 1689 5217; x_wconf 84' lang='grc' dir='ltr'><strong>καὶ</strong></span> <span class='ocrx_word' id='word_1_729' title='bbox 1721 5164 1857 5217; x_wconf 77' lang='grc' dir='ltr'><strong>ἀκο·</strong></span> 
     </span>
    </p>
   </div>
   <div class='ocr_carea' id='block_1_96' title="bbox 277 5251 1856 5326">
    <p class='ocr_par' dir='ltr' id='par_1_96' title="bbox 277 5251 1856 5326">
     <span class='ocr_line' id='line_1_96' title="bbox 277 5251 1856 5326; baseline 0.001 -21"><span class='ocrx_word' id='word_1_730' title='bbox 277 5251 643 5322; x_wconf 75' lang='grc' dir='ltr'>λουθὴσωμεν</span> <span class='ocrx_word' id='word_1_731' title='bbox 690 5251 771 5324; x_wconf 84' lang='grc' dir='ltr'>τῷ</span> <span class='ocrx_word' id='word_1_732' title='bbox 799 5253 1022 5325; x_wconf 81' lang='grc' dir='ltr'>Χριστῷ</span> <span class='ocrx_word' id='word_1_733' title='bbox 1050 5252 1130 5325; x_wconf 84' lang='grc' dir='ltr'>τῷ</span> <span class='ocrx_word' id='word_1_734' title='bbox 1176 5255 1430 5326; x_wconf 76' lang='grc' dir='ltr'>ἡμετέρῳ</span> <span class='ocrx_word' id='word_1_735' title='bbox 1457 5255 1728 5326; x_wconf 78' lang='grc' dir='ltr'>Δεσπότῃ,</span> <span class='ocrx_word' id='word_1_736' title='bbox 1760 5255 1856 5309; x_wconf 83' lang='grc' dir='ltr'>τὸν</span> 
     </span>
    </p>
   </div>
   <div class='ocr_carea' id='block_1_97' title="bbox 277 5348 1856 5422">
    <p class='ocr_par' dir='ltr' id='par_1_97' title="bbox 277 5348 1856 5422">
     <span class='ocr_line' id='line_1_97' title="bbox 277 5348 1856 5422; baseline 0.001 -20"><span class='ocrx_word' id='word_1_737' title='bbox 277 5348 475 5403; x_wconf 74' lang='grc' dir='ltr'>τούτου</span> <span class='ocrx_word' id='word_1_738' title='bbox 510 5350 744 5420; x_wconf 72' lang='grc' dir='ltr'>σταυρὸν</span> <span class='ocrx_word' id='word_1_739' title='bbox 775 5351 866 5405; x_wconf 79' lang='grc' dir='ltr'><strong>ἐπ’</strong></span> <span class='ocrx_word' id='word_1_740' title='bbox 902 5350 1067 5421; x_wconf 78' lang='grc' dir='ltr'>ὤμων</span> <span class='ocrx_word' id='word_1_741' title='bbox 1090 5350 1349 5422; x_wconf 81' lang='grc' dir='ltr'>ἄραντες,</span> <span class='ocrx_word' id='word_1_742' title='bbox 1378 5351 1475 5404; x_wconf 72' lang='grc' dir='ltr'><strong>καὶ</strong></span> <span class='ocrx_word' id='word_1_743' title='bbox 1515 5349 1582 5401; x_wconf 80' lang='grc' dir='ltr'>τὰ</span> <span class='ocrx_word' id='word_1_744' title='bbox 1615 5349 1856 5420; x_wconf 77' lang='grc' dir='ltr'>σαρκικὰ</span> 
     </span>
    </p>
   </div>
   <div class='ocr_carea' id='block_1_98' title="bbox 277 5440 1858 5513">
    <p class='ocr_par' dir='ltr' id='par_1_98' title="bbox 277 5440 1858 5513">
     <span class='ocr_line' id='line_1_98' title="bbox 277 5440 1858 5513; baseline 0.001 -21"><span class='ocrx_word' id='word_1_745' title='bbox 277 5441 652 5513; x_wconf 78' lang='grc' dir='ltr'>νεκρὼσωμεν</span> <span class='ocrx_word' id='word_1_746' title='bbox 679 5443 961 5513; x_wconf 79' lang='grc' dir='ltr'>κινήματα</span> <span class='ocrx_word' id='word_1_747' title='bbox 996 5446 1092 5498; x_wconf 79' lang='grc' dir='ltr'><strong>καὶ</strong></span> <span class='ocrx_word' id='word_1_748' title='bbox 1140 5444 1498 5512; x_wconf 83' lang='grc' dir='ltr'>φρονήματα,</span> <span class='ocrx_word' id='word_1_749' title='bbox 1527 5441 1608 5513; x_wconf 82' lang='grc' dir='ltr'><strong>τῷ</strong></span> <span class='ocrx_word' id='word_1_750' title='bbox 1638 5440 1858 5510; x_wconf 86' lang='grc' dir='ltr'>θανάτῳ</span> 
     </span>
    </p>
   </div>
   <div class='ocr_carea' id='block_1_99' title="bbox 278 5533 1856 5607">
    <p class='ocr_par' dir='ltr' id='par_1_99' title="bbox 278 5533 1856 5607">
     <span class='ocr_line' id='line_1_99' title="bbox 278 5533 1856 5607; baseline -0.001 -20"><span class='ocrx_word' id='word_1_751' title='bbox 278 5533 451 5607; x_wconf 65' lang='grc' dir='ltr'>αὑτοῦ</span> <span class='ocrx_word' id='word_1_752' title='bbox 476 5535 1078 5607; x_wconf 67' lang='grc' dir='ltr'>ωμμορφσόμενοι,ὡς</span> <span class='ocrx_word' id='word_1_753' title='bbox 1106 5536 1174 5591; x_wconf 83' lang='grc' dir='ltr'>ἂν</span> <span class='ocrx_word' id='word_1_754' title='bbox 1190 5536 1513 5607; x_wconf 82' lang='grc' dir='ltr'>δυνηθῶμεν</span> <span class='ocrx_word' id='word_1_755' title='bbox 1540 5537 1636 5588; x_wconf 78' lang='grc' dir='ltr'><strong>καὶ</strong></span> <span class='ocrx_word' id='word_1_756' title='bbox 1666 5536 1856 5603; x_wconf 74' lang='grc' dir='ltr'>ἡμεῖς,</span> 
     </span>
    </p>
   </div>
   <div class='ocr_carea' id='block_1_100' title="bbox 284 5624 1861 5697">
    <p class='ocr_par' dir='ltr' id='par_1_100' title="bbox 284 5624 1861 5697">
     <span class='ocr_line' id='line_1_100' title="bbox 284 5624 1861 5697; baseline 0 -19"><span class='ocrx_word' id='word_1_757' title='bbox 284 5624 431 5679; x_wconf 76' lang='grc' dir='ltr'><strong>κατᾶ</strong></span> <span class='ocrx_word' id='word_1_758' title='bbox 454 5626 545 5679; x_wconf 74' lang='grc' dir='ltr'>τὸν</span> <span class='ocrx_word' id='word_1_759' title='bbox 579 5628 722 5681; x_wconf 80' lang='grc' dir='ltr'>θεῖον</span> <span class='ocrx_word' id='word_1_760' title='bbox 760 5626 998 5693; x_wconf 88' lang='grc' dir='ltr'>Παῦλον,</span> <span class='ocrx_word' id='word_1_761' title='bbox 1021 5629 1195 5682; x_wconf 81' lang='grc' dir='ltr'>εἰπεῖν</span> <span class='ocrx_word' id='word_1_762' title='bbox 1216 5645 1230 5660; x_wconf 91' lang='grc'><strong>·</strong></span> <span class='ocrx_word' id='word_1_763' title='bbox 1264 5627 1471 5697; x_wconf 78' lang='grc' dir='ltr'>Ζῶμεν</span> <span class='ocrx_word' id='word_1_764' title='bbox 1527 5628 1596 5681; x_wconf 81' lang='grc' dir='ltr'>δὲ</span> <span class='ocrx_word' id='word_1_765' title='bbox 1658 5625 1861 5681; x_wconf 82' lang='grc' dir='ltr'>οὐκέτι</span> 
     </span>
    </p>
   </div>
   <div class='ocr_carea' id='block_1_101' title="bbox 282 5718 1862 5794">
    <p class='ocr_par' dir='ltr' id='par_1_101' title="bbox 282 5718 1862 5794">
     <span class='ocr_line' id='line_1_101' title="bbox 282 5718 1862 5794; baseline -0.009 -9"><span class='ocrx_word' id='word_1_766' title='bbox 282 5718 478 5790; x_wconf 76' lang='grc' dir='ltr'>ἡμεῖς,</span> <span class='ocrx_word' id='word_1_767' title='bbox 503 5718 573 5789; x_wconf 73' lang='grc' dir='ltr'><strong>ζῇ</strong></span> <span class='ocrx_word' id='word_1_768' title='bbox 597 5719 666 5774; x_wconf 75' lang='grc' dir='ltr'>δὲ</span> <span class='ocrx_word' id='word_1_769' title='bbox 693 5724 726 5776; x_wconf 84' lang='grc' dir='ltr'><strong>ό</strong></span> <span class='ocrx_word' id='word_1_770' title='bbox 751 5720 1011 5791; x_wconf 77' lang='grc' dir='ltr'>Χριστὸς·</span> <span class='ocrx_word' id='word_1_771' title='bbox 1039 5722 1109 5777; x_wconf 79' lang='grc' dir='ltr'>ἐν</span> <span class='ocrx_word' id='word_1_772' title='bbox 1135 5721 1304 5794; x_wconf 72' lang='grc' dir='ltr'>ἡμῖν.</span> <span class='ocrx_word' id='word_1_773' title='bbox 1330 5721 1439 5776; x_wconf 78' lang='grc' dir='ltr'>Καί</span> <span class='ocrx_word' id='word_1_774' title='bbox 1460 5737 1473 5753; x_wconf 77' lang='grc' dir='ltr'><strong><em>ο</em></strong></span> <span class='ocrx_word' id='word_1_775' title='bbox 1506 5725 1560 5776; x_wconf 87' lang='grc' dir='ltr'><em>Μ</em></span> <span class='ocrx_word' id='word_1_776' title='bbox 1568 5721 1600 5790; x_wconf 78' lang='grc' dir='ltr'>ὴ</span> <span class='ocrx_word' id='word_1_777' title='bbox 1631 5719 1862 5791; x_wconf 78' lang='grc' dir='ltr'>γένοιτο</span> 
     </span>
    </p>
   </div>
   <div class='ocr_carea' id='block_1_102' title="bbox 358 5897 810 5967">
    <p class='ocr_par' dir='ltr' id='par_1_102' title="bbox 358 5897 810 5967">
     <span class='ocr_line' id='line_1_102' title="bbox 358 5897 810 5967; baseline 0.004 -12"><span class='ocrx_word' id='word_1_778' title='bbox 358 5898 406 5934; x_wconf 73' lang='grc'>⁸⁸</span> <span class='ocrx_word' id='word_1_779' title='bbox 438 5897 601 5955; x_wconf 77' lang='lat' dir='ltr'><strong>Rom.</strong></span> <span class='ocrx_word' id='word_1_780' title='bbox 637 5912 692 5967; x_wconf 75' lang='lat' dir='ltr'><strong>tt,</strong></span> <span class='ocrx_word' id='word_1_781' title='bbox 723 5898 810 5957; x_wconf 71' lang='lat'><strong>10.</strong></span> 
     </span>
    </p>
   </div>
   <div class='ocr_carea' id='block_1_103' title="bbox 38 6326 634 6458">
    <p class='ocr_par' dir='ltr' id='par_1_103' title="bbox 42 6355 633 6423">
     <span class='ocr_line' id='line_1_103' title="bbox 172 6355 633 6392; baseline 0.002 -2"><span class='ocrx_word' id='word_1_782' title='bbox 172 6356 193 6365; x_wconf 68' lang='grc'><strong>¹“</strong></span> <span class='ocrx_word' id='word_1_783' title='bbox 209 6365 284 6392; x_wconf 77' lang='lat'><strong>..:‘»-&#39;.</strong></span> <span class='ocrx_word' id='word_1_784' title='bbox 357 6355 374 6386; x_wconf 71' lang='grc'><strong>-’</strong></span> <span class='ocrx_word' id='word_1_785' title='bbox 399 6363 448 6390; x_wconf 79' lang='lat'><strong>&#39;-&#39;-.‘.</strong></span> <span class='ocrx_word' id='word_1_786' title='bbox 465 6359 514 6392; x_wconf 46' lang='grc' dir='ltr'>τε.</span> <span class='ocrx_word' id='word_1_787' title='bbox 536 6362 633 6391; x_wconf 50' lang='grc' dir='ltr'><strong>δεῒτεεὲ</strong></span> 
     </span>
     <span class='ocr_line' id='line_1_104' title="bbox 42 6391 629 6423; baseline 0.003 -10"><span class='ocrx_word' id='word_1_788' title='bbox 42 6408 49 6413; x_wconf 89' lang='grc'><em>.</em></span> <span class='ocrx_word' id='word_1_789' title='bbox 95 6392 141 6418; x_wconf 67' lang='lat'><strong>&quot;</strong></span> <span class='ocrx_word' id='word_1_790' title='bbox 177 6393 224 6408; x_wconf 67' lang='grc' dir='ltr'><strong>αι’·-</strong></span> <span class='ocrx_word' id='word_1_791' title='bbox 295 6399 316 6418; x_wconf 82' lang='lat'><strong>-_</strong></span> <span class='ocrx_word' id='word_1_792' title='bbox 433 6391 559 6423; x_wconf 65' lang='lat'><strong>&quot;::.&quot;&#39;....-</strong></span> <span class='ocrx_word' id='word_1_793' title='bbox 579 6396 629 6417; x_wconf 83' lang='lat'><strong>&#39;.‘..&#39;</strong></span> 
     </span>
    </p>
   </div>
   <div class='ocr_carea' id='block_1_104' title="bbox 2040 4796 3545 4868">
    <p class='ocr_par' dir='ltr' id='par_1_104' title="bbox 2040 4796 3545 4868">
     <span class='ocr_line' id='line_1_105' title="bbox 2040 4796 3545 4868; baseline 0.001 -16"><span class='ocrx_word' id='word_1_794' title='bbox 2040 4799 2164 4853; x_wconf 63' lang='lat' dir='ltr'><strong>llu&#39;c</strong></span> <span class='ocrx_word' id='word_1_795' title='bbox 2189 4813 2318 4868; x_wconf 81' lang='lat' dir='ltr'><strong>ergo</strong></span> <span class='ocrx_word' id='word_1_796' title='bbox 2346 4799 2600 4862; x_wconf 81' lang='lat' dir='ltr'><strong>scientes,</strong></span> <span class='ocrx_word' id='word_1_797' title='bbox 2632 4796 2968 4863; x_wconf 85' lang='lat' dir='ltr'><strong>charissimi,</strong></span> <span class='ocrx_word' id='word_1_798' title='bbox 2993 4798 3323 4867; x_wconf 80' lang='lat' dir='ltr'><strong>abnegemus</strong></span> <span class='ocrx_word' id='word_1_799' title='bbox 3346 4808 3393 4852; x_wconf 92' lang='lat' dir='ltr'><strong>et</strong></span> <span class='ocrx_word' id='word_1_800' title='bbox 3423 4815 3545 4853; x_wconf 86' lang='lat' dir='ltr'><strong>nos-</strong></span> 
     </span>
    </p>
   </div>
   <div class='ocr_carea' id='block_1_105' title="bbox 1963 4887 3551 4960">
    <p class='ocr_par' dir='ltr' id='par_1_105' title="bbox 1963 4887 3551 4960">
     <span class='ocr_line' id='line_1_106' title="bbox 1963 4887 3551 4960; baseline 0 -16"><span class='ocrx_word' id='word_1_801' title='bbox 1963 4891 2226 4960; x_wconf 87' lang='lat' dir='ltr'><strong>metipsos</strong></span> <span class='ocrx_word' id='word_1_802' title='bbox 2277 4898 2499 4959; x_wconf 84' lang='lat' dir='ltr'><strong>propter</strong></span> <span class='ocrx_word' id='word_1_803' title='bbox 2534 4890 2857 4955; x_wconf 87' lang='lat' dir='ltr'><strong>Dominum;</strong></span> <span class='ocrx_word' id='word_1_804' title='bbox 2892 4887 3027 4945; x_wconf 87' lang='lat' dir='ltr'><strong>nihil</strong></span> <span class='ocrx_word' id='word_1_805' title='bbox 3067 4903 3132 4942; x_wconf 90' lang='lat' dir='ltr'><strong>eo</strong></span> <span class='ocrx_word' id='word_1_806' title='bbox 3168 4889 3349 4958; x_wconf 84' lang='lat' dir='ltr'><strong>patius</strong></span> <span class='ocrx_word' id='word_1_807' title='bbox 3378 4891 3551 4944; x_wconf 74' lang='lat' dir='ltr'><strong>duon-</strong></span> 
     </span>
    </p>
   </div>
   <div class='ocr_carea' id='block_1_106' title="bbox 1963 4979 3549 5049">
    <p class='ocr_par' dir='ltr' id='par_1_106' title="bbox 1963 4979 3549 5049">
     <span class='ocr_line' id='line_1_107' title="bbox 1963 4979 3549 5049; baseline 0 -14"><span class='ocrx_word' id='word_1_808' title='bbox 1963 4996 2107 5046; x_wconf 88' lang='lat' dir='ltr'><strong>mus,</strong></span> <span class='ocrx_word' id='word_1_809' title='bbox 2142 4995 2250 5037; x_wconf 85' lang='lat' dir='ltr'><strong>non</strong></span> <span class='ocrx_word' id='word_1_810' title='bbox 2276 4996 2431 5048; x_wconf 84' lang='lat' dir='ltr'><strong>opes,</strong></span> <span class='ocrx_word' id='word_1_811' title='bbox 2467 4995 2573 5034; x_wconf 91' lang='lat' dir='ltr'><strong>non</strong></span> <span class='ocrx_word' id='word_1_812' title='bbox 2607 4980 2817 5046; x_wconf 80' lang='lat' dir='ltr'><strong>luxum,</strong></span> <span class='ocrx_word' id='word_1_813' title='bbox 2851 4993 2960 5034; x_wconf 90' lang='lat' dir='ltr'><strong>non</strong></span> <span class='ocrx_word' id='word_1_814' title='bbox 2994 4979 3244 5049; x_wconf 81' lang='lat' dir='ltr'><strong>gloriam,</strong></span> <span class='ocrx_word' id='word_1_815' title='bbox 3281 4998 3387 5037; x_wconf 88' lang='lat' dir='ltr'><strong>non</strong></span> <span class='ocrx_word' id='word_1_816' title='bbox 3425 4998 3549 5037; x_wconf 85' lang='lat' dir='ltr'><strong>cor-</strong></span> 
     </span>
    </p>
   </div>
   <div class='ocr_carea' id='block_1_107' title="bbox 1964 5072 3551 5141">
    <p class='ocr_par' dir='ltr' id='par_1_107' title="bbox 1964 5072 3551 5141">
     <span class='ocr_line' id='line_1_108' title="bbox 1964 5072 3551 5141; baseline 0.001 -16"><span class='ocrx_word' id='word_1_817' title='bbox 1964 5072 2204 5141; x_wconf 79' lang='lat' dir='ltr'><strong>poralem</strong></span> <span class='ocrx_word' id='word_1_818' title='bbox 2243 5072 2598 5140; x_wconf 76' lang='lat' dir='ltr'><strong>voluptatem,</strong></span> <span class='ocrx_word' id='word_1_819' title='bbox 2631 5087 2735 5126; x_wconf 92' lang='lat' dir='ltr'><strong>non</strong></span> <span class='ocrx_word' id='word_1_820' title='bbox 2770 5073 2941 5140; x_wconf 86' lang='lat' dir='ltr'><strong>ipsam</strong></span> <span class='ocrx_word' id='word_1_821' title='bbox 2976 5074 3180 5139; x_wconf 86' lang='lat' dir='ltr'><strong>vitam;</strong></span> <span class='ocrx_word' id='word_1_822' title='bbox 3213 5074 3309 5131; x_wconf 84' lang='lat' dir='ltr'><strong>sed</strong></span> <span class='ocrx_word' id='word_1_823' title='bbox 3334 5090 3403 5130; x_wconf 85' lang='lat' dir='ltr'><strong>ne</strong></span> <span class='ocrx_word' id='word_1_824' title='bbox 3425 5076 3551 5129; x_wconf 86' lang='lat' dir='ltr'><strong>huic</strong></span> 
     </span>
    </p>
   </div>
   <div class='ocr_carea' id='block_1_108' title="bbox 1964 5164 3541 5235">
    <p class='ocr_par' dir='ltr' id='par_1_108' title="bbox 1964 5164 3541 5235">
     <span class='ocr_line' id='line_1_109' title="bbox 1964 5164 3541 5235; baseline 0.002 -20"><span class='ocrx_word' id='word_1_825' title='bbox 1964 5165 2182 5231; x_wconf 88' lang='lat' dir='ltr'><strong>quidem</strong></span> <span class='ocrx_word' id='word_1_826' title='bbox 2209 5177 2500 5234; x_wconf 89' lang='lat' dir='ltr'><strong>parcamus</strong></span> <span class='ocrx_word' id='word_1_827' title='bbox 2526 5172 2749 5231; x_wconf 87' lang='lat' dir='ltr'><strong>pr0pter</strong></span> <span class='ocrx_word' id='word_1_828' title='bbox 2775 5164 2986 5232; x_wconf 88' lang='lat' dir='ltr'><strong>ipsum;</strong></span> <span class='ocrx_word' id='word_1_829' title='bbox 3018 5179 3311 5235; x_wconf 83' lang='lat' dir='ltr'><strong>sequantur</strong></span> <span class='ocrx_word' id='word_1_830' title='bbox 3359 5166 3541 5218; x_wconf 83' lang='lat' dir='ltr'><strong>Domi-</strong></span> 
     </span>
    </p>
   </div>
   <div class='ocr_carea' id='block_1_109' title="bbox 1968 5252 3551 5322">
    <p class='ocr_par' dir='ltr' id='par_1_109' title="bbox 1968 5252 3551 5322">
     <span class='ocr_line' id='line_1_110' title="bbox 1968 5252 3551 5322; baseline -0.002 -13"><span class='ocrx_word' id='word_1_831' title='bbox 1968 5272 2095 5309; x_wconf 90' lang='lat' dir='ltr'><strong>num</strong></span> <span class='ocrx_word' id='word_1_832' title='bbox 2123 5263 2393 5316; x_wconf 77' lang='lat' dir='ltr'><strong>uostrutr,</strong></span> <span class='ocrx_word' id='word_1_833' title='bbox 2424 5267 2586 5308; x_wconf 90' lang='lat' dir='ltr'><strong>cruce</strong></span> <span class='ocrx_word' id='word_1_834' title='bbox 2615 5252 2733 5322; x_wconf 83' lang='lat' dir='ltr'><strong>ejus</strong></span> <span class='ocrx_word' id='word_1_835' title='bbox 2756 5252 2810 5308; x_wconf 89' lang='lat' dir='ltr'><strong>in</strong></span> <span class='ocrx_word' id='word_1_836' title='bbox 2853 5254 3110 5310; x_wconf 88' lang='lat' dir='ltr'><strong>humeros</strong></span> <span class='ocrx_word' id='word_1_837' title='bbox 3140 5255 3373 5319; x_wconf 81' lang='lat' dir='ltr'><strong>sublata,</strong></span> <span class='ocrx_word' id='word_1_838' title='bbox 3410 5269 3551 5309; x_wconf 88' lang='lat' dir='ltr'><strong>cor-</strong></span> 
     </span>
    </p>
   </div>
   <div class='ocr_carea' id='block_1_110' title="bbox 1969 5344 3547 5415">
    <p class='ocr_par' dir='ltr' id='par_1_110' title="bbox 1969 5344 3547 5415">
     <span class='ocr_line' id='line_1_111' title="bbox 1969 5344 3547 5415; baseline -0.003 -14"><span class='ocrx_word' id='word_1_839' title='bbox 1969 5348 2187 5414; x_wconf 74' lang='lat' dir='ltr'><strong>porales</strong></span> <span class='ocrx_word' id='word_1_840' title='bbox 2215 5356 2396 5402; x_wconf 90' lang='lat' dir='ltr'><strong>motus</strong></span> <span class='ocrx_word' id='word_1_841' title='bbox 2432 5360 2741 5415; x_wconf 86' lang='lat' dir='ltr'><strong>sensusque</strong></span> <span class='ocrx_word' id='word_1_842' title='bbox 2777 5346 3191 5410; x_wconf 83' lang='lat' dir='ltr'><strong>mortificantes,</strong></span> <span class='ocrx_word' id='word_1_843' title='bbox 3222 5344 3547 5411; x_wconf 74' lang='lat' dir='ltr'><strong>conﬁgurati</strong></span> 
     </span>
    </p>
   </div>
   <div class='ocr_carea' id='block_1_111' title="bbox 1974 5435 3548 5510">
    <p class='ocr_par' dir='ltr' id='par_1_111' title="bbox 1974 5435 3548 5510">
     <span class='ocr_line' id='line_1_112' title="bbox 1974 5435 3548 5510; baseline -0.004 -18"><span class='ocrx_word' id='word_1_844' title='bbox 1974 5440 2133 5492; x_wconf 84' lang='lat' dir='ltr'><strong>morti</strong></span> <span class='ocrx_word' id='word_1_845' title='bbox 2165 5439 2304 5510; x_wconf 78' lang='lat' dir='ltr'><strong>ejus,</strong></span> <span class='ocrx_word' id='word_1_846' title='bbox 2348 5447 2407 5493; x_wconf 87' lang='lat' dir='ltr'><strong>ut</strong></span> <span class='ocrx_word' id='word_1_847' title='bbox 2453 5439 2723 5510; x_wconf 82' lang='lat' dir='ltr'><strong>possimus</strong></span> <span class='ocrx_word' id='word_1_848' title='bbox 2754 5449 2811 5494; x_wconf 90' lang='lat' dir='ltr'><strong>et</strong></span> <span class='ocrx_word' id='word_1_849' title='bbox 2862 5456 2960 5494; x_wconf 91' lang='lat' dir='ltr'><strong>nos</strong></span> <span class='ocrx_word' id='word_1_850' title='bbox 3001 5455 3122 5494; x_wconf 90' lang='lat' dir='ltr'><strong>cum</strong></span> <span class='ocrx_word' id='word_1_851' title='bbox 3159 5439 3219 5491; x_wconf 92' lang='lat' dir='ltr'><strong>D.</strong></span> <span class='ocrx_word' id='word_1_852' title='bbox 3265 5435 3431 5492; x_wconf 78' lang='lat' dir='ltr'><strong>Paulo</strong></span> <span class='ocrx_word' id='word_1_853' title='bbox 3461 5436 3548 5490; x_wconf 83' lang='lat' dir='ltr'><strong>di-</strong></span> 
     </span>
    </p>
   </div>
   <div class='ocr_carea' id='block_1_112' title="bbox 1965 5529 3547 5601">
    <p class='ocr_par' dir='ltr' id='par_1_112' title="bbox 1965 5529 3547 5601">
     <span class='ocr_line' id='line_1_113' title="bbox 1965 5529 3547 5601; baseline -0.003 -17"><span class='ocrx_word' id='word_1_854' title='bbox 1965 5546 2092 5584; x_wconf 84' lang='lat' dir='ltr'><strong>cere</strong></span> <span class='ocrx_word' id='word_1_855' title='bbox 2131 5548 2157 5585; x_wconf 68' lang='grc' dir='ltr'><strong>τ</strong></span> <span class='ocrx_word' id='word_1_856' title='bbox 2222 5530 2457 5586; x_wconf 76' lang='lat' dir='ltr'><strong>Vivimus</strong></span> <span class='ocrx_word' id='word_1_857' title='bbox 2507 5547 2613 5585; x_wconf 81' lang='lat' dir='ltr'><strong>non</strong></span> <span class='ocrx_word' id='word_1_858' title='bbox 2650 5532 2769 5601; x_wconf 86' lang='lat' dir='ltr'><strong>jam</strong></span> <span class='ocrx_word' id='word_1_859' title='bbox 2799 5547 2919 5596; x_wconf 76' lang='lat' dir='ltr'><strong>nos,</strong></span> <span class='ocrx_word' id='word_1_860' title='bbox 2964 5532 3093 5586; x_wconf 76' lang='lat' dir='ltr'><strong>vivit</strong></span> <span class='ocrx_word' id='word_1_861' title='bbox 3145 5545 3262 5584; x_wconf 82' lang='lat' dir='ltr'><strong>vero</strong></span> <span class='ocrx_word' id='word_1_862' title='bbox 3315 5531 3365 5582; x_wconf 84' lang='lat' dir='ltr'><strong>in</strong></span> <span class='ocrx_word' id='word_1_863' title='bbox 3399 5529 3547 5582; x_wconf 78' lang='lat' dir='ltr'><strong>nobis</strong></span> 
     </span>
    </p>
   </div>
   <div class='ocr_carea' id='block_1_113' title="bbox 1969 5620 3544 5691">
    <p class='ocr_par' dir='ltr' id='par_1_113' title="bbox 1969 5620 3544 5691">
     <span class='ocr_line' id='line_1_114' title="bbox 1969 5620 3544 5691; baseline -0.002 -14"><span class='ocrx_word' id='word_1_864' title='bbox 1969 5620 2261 5688; x_wconf 75' lang='lat' dir='ltr'><strong>Christus;</strong></span> <span class='ocrx_word' id='word_1_865' title='bbox 2299 5632 2353 5678; x_wconf 85' lang='lat' dir='ltr'><strong>et</strong></span> <span class='ocrx_word' id='word_1_866' title='bbox 2385 5638 2401 5679; x_wconf 88' lang='lat'><strong>:</strong></span> <span class='ocrx_word' id='word_1_867' title='bbox 2444 5623 2613 5679; x_wconf 81' lang='lat' dir='ltr'><strong>Nobis</strong></span> <span class='ocrx_word' id='word_1_868' title='bbox 2641 5637 2820 5678; x_wconf 83' lang='lat' dir='ltr'><strong>autem</strong></span> <span class='ocrx_word' id='word_1_869' title='bbox 2872 5623 3012 5678; x_wconf 75' lang='lat' dir='ltr'><strong>absit</strong></span> <span class='ocrx_word' id='word_1_870' title='bbox 3048 5623 3104 5676; x_wconf 75' lang='lat' dir='ltr'><strong>in</strong></span> <span class='ocrx_word' id='word_1_871' title='bbox 3150 5621 3259 5676; x_wconf 86' lang='lat' dir='ltr'><strong>alio</strong></span> <span class='ocrx_word' id='word_1_872' title='bbox 3293 5620 3544 5691; x_wconf 78' lang='lat' dir='ltr'><strong>gloriari,</strong></span> 
     </span>
    </p>
   </div>
   <div class='ocr_carea' id='block_1_114' title="bbox 1970 5711 3547 5784">
    <p class='ocr_par' dir='ltr' id='par_1_114' title="bbox 1970 5711 3547 5784">
     <span class='ocr_line' id='line_1_115' title="bbox 1970 5711 3547 5784; baseline -0.003 -12"><span class='ocrx_word' id='word_1_873' title='bbox 1970 5721 2073 5773; x_wconf 77' lang='lat' dir='ltr'><strong>nisi</strong></span> <span class='ocrx_word' id='word_1_874' title='bbox 2104 5720 2156 5774; x_wconf 84' lang='lat' dir='ltr'><strong>iu</strong></span> <span class='ocrx_word' id='word_1_875' title='bbox 2184 5733 2338 5773; x_wconf 81' lang='lat' dir='ltr'><strong>cruce</strong></span> <span class='ocrx_word' id='word_1_876' title='bbox 2374 5716 2606 5773; x_wconf 82' lang='lat' dir='ltr'><strong>Domini.</strong></span> <span class='ocrx_word' id='word_1_877' title='bbox 2637 5717 2832 5774; x_wconf 86' lang='lat' dir='ltr'><strong>Omnia</strong></span> <span class='ocrx_word' id='word_1_878' title='bbox 2855 5715 2974 5784; x_wconf 79' lang='lat' dir='ltr'><strong>ejus</strong></span> <span class='ocrx_word' id='word_1_879' title='bbox 3006 5713 3260 5769; x_wconf 87' lang='lat' dir='ltr'><strong>mandata</strong></span> <span class='ocrx_word' id='word_1_880' title='bbox 3291 5711 3547 5770; x_wconf 84' lang='lat' dir='ltr'><strong>alacriter</strong></span> 
     </span>
    </p>
   </div>
  </div>
