  <div class='ocr_page' id='page_1' title='image "/cluster/home/n/w/nwhite01/storage/ocr_20150623/150:no.1/coo.31924054870559/147.png"; bbox 0 0 4016 6500; ppageno 0'>
   <div class='ocr_carea' id='block_1_1' title="bbox 475 388 3712 477">
    <p class='ocr_par' dir='ltr' id='par_1_1' title="bbox 475 388 3712 477">
     <span class='ocr_line' id='line_1_1' title="bbox 475 388 3712 477; baseline 0.008 -28"><span class='ocrx_word' id='word_1_1' title='bbox 475 388 544 450; x_wconf 71' lang='grc'><strong>97</strong></span> <span class='ocrx_word' id='word_1_2' title='bbox 742 462 749 468; x_wconf 41' lang='grc'><em>,</em></span> <span class='ocrx_word' id='word_1_3' title='bbox 1381 395 1900 467; x_wconf 70' lang='lat' dir='ltr'><strong>&#39;IHEOPHANES</strong></span> <span class='ocrx_word' id='word_1_4' title='bbox 1941 409 2351 471; x_wconf 79' lang='lat' dir='ltr'><strong>EPISCOPUS</strong></span> <span class='ocrx_word' id='word_1_5' title='bbox 2386 410 2762 472; x_wconf 72' lang='lat' dir='ltr'><strong>NlC/ENUS.</strong></span> <span class='ocrx_word' id='word_1_6' title='bbox 2822 412 2827 415; x_wconf 38' lang='grc'><strong>⁴</strong></span> <span class='ocrx_word' id='word_1_7' title='bbox 3609 414 3712 477; x_wconf 77' lang='lat'><strong>280</strong></span> 
     </span>
    </p>
   </div>
   <div class='ocr_carea' id='block_1_2' title="bbox 479 508 2035 591">
    <p class='ocr_par' dir='ltr' id='par_1_2' title="bbox 479 508 2035 583">
     <span class='ocr_line' id='line_1_2' title="bbox 479 508 2035 583; baseline 0.004 -19"><span class='ocrx_word' id='word_1_8' title='bbox 479 508 848 583; x_wconf 75' lang='lat' dir='ltr'><strong>perﬁciamus.</strong></span> <span class='ocrx_word' id='word_1_9' title='bbox 903 509 1176 583; x_wconf 70' lang='lat' dir='ltr'><strong>Ilaliemus</strong></span> <span class='ocrx_word' id='word_1_10' title='bbox 1227 513 1371 566; x_wconf 86' lang='lat' dir='ltr'><strong>enim</strong></span> <span class='ocrx_word' id='word_1_11' title='bbox 1427 523 1482 569; x_wconf 88' lang='lat' dir='ltr'><strong>et</strong></span> <span class='ocrx_word' id='word_1_12' title='bbox 1531 530 1630 575; x_wconf 84' lang='lat' dir='ltr'><strong>nos</strong></span> <span class='ocrx_word' id='word_1_13' title='bbox 1689 527 2035 583; x_wconf 72' lang='lat' dir='ltr'><strong>persecutore</strong></span> 
     </span>
    </p>
   </div>
   <div class='ocr_carea' id='block_1_3' title="bbox 2153 508 3708 591">
    <p class='ocr_par' dir='ltr' id='par_1_3' title="bbox 2163 519 3708 591">
     <span class='ocr_line' id='line_1_3' title="bbox 2163 519 3708 591; baseline 0.004 -17"><span class='ocrx_word' id='word_1_14' title='bbox 2163 522 2308 588; x_wconf 75' lang='grc' dir='ltr'><strong>ἡμῖν</strong></span> <span class='ocrx_word' id='word_1_15' title='bbox 2349 522 2711 591; x_wconf 71' lang='grc' dir='ltr'><strong>καυχᾶσθαι,</strong></span> <span class='ocrx_word' id='word_1_16' title='bbox 2758 522 2810 577; x_wconf 78' lang='grc' dir='ltr'><strong>εὶ</strong></span> <span class='ocrx_word' id='word_1_17' title='bbox 2839 519 2921 590; x_wconf 82' lang='grc' dir='ltr'><em>μὴ</em></span> <span class='ocrx_word' id='word_1_18' title='bbox 2964 520 3033 574; x_wconf 82' lang='grc' dir='ltr'><strong>ἐν</strong></span> <span class='ocrx_word' id='word_1_19' title='bbox 3060 519 3139 586; x_wconf 83' lang='grc' dir='ltr'>τῷ</span> <span class='ocrx_word' id='word_1_20' title='bbox 3164 521 3408 591; x_wconf 81' lang='grc' dir='ltr'><strong>σταυρῷ</strong></span> <span class='ocrx_word' id='word_1_21' title='bbox 3464 525 3566 578; x_wconf 83' lang='grc' dir='ltr'>τοῦ</span> <span class='ocrx_word' id='word_1_22' title='bbox 3595 525 3708 581; x_wconf 78' lang='grc' dir='ltr'><strong>Κυ-</strong></span> 
     </span>
    </p>
   </div>
   <div class='ocr_carea' id='block_1_4' title="bbox 475 606 2035 683">
    <p class='ocr_par' dir='ltr' id='par_1_4' title="bbox 475 606 2034 681">
     <span class='ocr_line' id='line_1_4' title="bbox 475 606 2034 681; baseline 0 -17"><span class='ocrx_word' id='word_1_23' title='bbox 475 623 653 669; x_wconf 78' lang='lat' dir='ltr'><strong>acres,</strong></span> <span class='ocrx_word' id='word_1_24' title='bbox 680 606 985 661; x_wconf 79' lang='lat' dir='ltr'><strong>invisibiles</strong></span> <span class='ocrx_word' id='word_1_25' title='bbox 1013 614 1066 659; x_wconf 89' lang='lat' dir='ltr'><strong>et</strong></span> <span class='ocrx_word' id='word_1_26' title='bbox 1092 607 1355 673; x_wconf 80' lang='lat' dir='ltr'><strong>visibiles,</strong></span> <span class='ocrx_word' id='word_1_27' title='bbox 1396 607 1645 664; x_wconf 87' lang='lat' dir='ltr'><strong>inimicos</strong></span> <span class='ocrx_word' id='word_1_28' title='bbox 1670 622 1724 665; x_wconf 84' lang='lat' dir='ltr'><strong>et</strong></span> <span class='ocrx_word' id='word_1_29' title='bbox 1748 612 2034 681; x_wconf 78' lang='lat' dir='ltr'><strong>hostes,th</strong></span> 
     </span>
    </p>
   </div>
   <div class='ocr_carea' id='block_1_5' title="bbox 2153 606 3712 683">
    <p class='ocr_par' dir='ltr' id='par_1_5' title="bbox 2153 611 3712 683">
     <span class='ocr_line' id='line_1_5' title="bbox 2153 611 3712 683; baseline 0.003 -18"><span class='ocrx_word' id='word_1_30' title='bbox 2153 614 2310 679; x_wconf 84' lang='grc' dir='ltr'><strong>ρίου.</strong></span> <span class='ocrx_word' id='word_1_31' title='bbox 2345 613 2531 666; x_wconf 80' lang='grc' dir='ltr'><strong>Πάντα</strong></span> <span class='ocrx_word' id='word_1_32' title='bbox 2594 611 2887 682; x_wconf 77' lang='grc' dir='ltr'><strong>προθύμως</strong></span> <span class='ocrx_word' id='word_1_33' title='bbox 2943 613 3012 666; x_wconf 82' lang='grc' dir='ltr'>τὰ</span> <span class='ocrx_word' id='word_1_34' title='bbox 3066 611 3259 664; x_wconf 83' lang='grc' dir='ltr'>τούτου</span> <span class='ocrx_word' id='word_1_35' title='bbox 3314 614 3712 683; x_wconf 74' lang='grc' dir='ltr'><strong>προστάγματα</strong></span> 
     </span>
    </p>
   </div>
   <div class='ocr_carea' id='block_1_6' title="bbox 483 698 2035 777">
    <p class='ocr_par' dir='ltr' id='par_1_6' title="bbox 483 698 2028 771">
     <span class='ocr_line' id='line_1_6' title="bbox 483 698 2028 771; baseline 0.005 -20"><span class='ocrx_word' id='word_1_36' title='bbox 483 713 587 751; x_wconf 85' lang='lat' dir='ltr'><strong>nos</strong></span> <span class='ocrx_word' id='word_1_37' title='bbox 616 702 837 751; x_wconf 71' lang='lat' dir='ltr'><strong>turbant</strong></span> <span class='ocrx_word' id='word_1_38' title='bbox 865 698 1129 766; x_wconf 79' lang='lat' dir='ltr'><strong>quotidie,</strong></span> <span class='ocrx_word' id='word_1_39' title='bbox 1163 699 1478 762; x_wconf 83' lang='lat' dir='ltr'><strong>molestam,</strong></span> <span class='ocrx_word' id='word_1_40' title='bbox 1502 702 1801 771; x_wconf 69' lang='lat' dir='ltr'><strong>exagitant,</strong></span> <span class='ocrx_word' id='word_1_41' title='bbox 1824 711 1877 755; x_wconf 81' lang='lat' dir='ltr'><strong>et</strong></span> <span class='ocrx_word' id='word_1_42' title='bbox 1907 721 2028 760; x_wconf 83' lang='lat' dir='ltr'><strong>mnu</strong></span> 
     </span>
    </p>
   </div>
   <div class='ocr_carea' id='block_1_7' title="bbox 2153 698 3742 777">
    <p class='ocr_par' dir='ltr' id='par_1_7' title="bbox 2157 702 3742 777">
     <span class='ocr_line' id='line_1_7' title="bbox 2157 702 3742 777; baseline 0.003 -23"><span class='ocrx_word' id='word_1_43' title='bbox 2157 702 2554 772; x_wconf 78' lang='grc' dir='ltr'><strong>ἐκτελέσωμεν.</strong></span> <span class='ocrx_word' id='word_1_44' title='bbox 2613 703 2849 773; x_wconf 69' lang='grc' dir='ltr'>Ἔχομξν</span> <span class='ocrx_word' id='word_1_45' title='bbox 2880 702 3109 777; x_wconf 71' lang='grc' dir='ltr'>γὰρκαὶ</span> <span class='ocrx_word' id='word_1_46' title='bbox 3149 705 3332 773; x_wconf 69' lang='grc' dir='ltr'><strong>ῂμείς,</strong></span> <span class='ocrx_word' id='word_1_47' title='bbox 3368 704 3603 770; x_wconf 62' lang='lat' dir='ltr'><strong>diducta;</strong></span> <span class='ocrx_word' id='word_1_48' title='bbox 3632 722 3742 766; x_wconf 76' lang='grc' dir='ltr'>πιο,</span> 
     </span>
    </p>
   </div>
   <div class='ocr_carea' id='block_1_8' title="bbox 474 788 2035 873">
    <p class='ocr_par' dir='ltr' id='par_1_8' title="bbox 474 788 2035 865">
     <span class='ocr_line' id='line_1_8' title="bbox 474 788 2035 865; baseline 0.004 -23"><span class='ocrx_word' id='word_1_49' title='bbox 474 789 599 842; x_wconf 80' lang='lat' dir='ltr'><strong>data</strong></span> <span class='ocrx_word' id='word_1_50' title='bbox 638 788 967 856; x_wconf 79' lang='lat' dir='ltr'><strong>imperiaque</strong></span> <span class='ocrx_word' id='word_1_51' title='bbox 996 788 1202 843; x_wconf 85' lang='lat' dir='ltr'><strong>Christi</strong></span> <span class='ocrx_word' id='word_1_52' title='bbox 1236 791 1523 858; x_wconf 86' lang='lat' dir='ltr'><strong>prohibent</strong></span> <span class='ocrx_word' id='word_1_53' title='bbox 1552 795 1796 863; x_wconf 70' lang='lat' dir='ltr'><strong>exsequi.</strong></span> <span class='ocrx_word' id='word_1_54' title='bbox 1822 795 1899 849; x_wconf 79' lang='lat' dir='ltr'><strong>Ne</strong></span> <span class='ocrx_word' id='word_1_55' title='bbox 1928 811 2035 865; x_wconf 71' lang='lat' dir='ltr'><strong>ergt</strong></span> 
     </span>
    </p>
   </div>
   <div class='ocr_carea' id='block_1_9' title="bbox 2153 788 3720 873">
    <p class='ocr_par' dir='ltr' id='par_1_9' title="bbox 2156 795 3720 873">
     <span class='ocr_line' id='line_1_9' title="bbox 2156 795 3720 873; baseline 0.003 -26"><span class='ocrx_word' id='word_1_56' title='bbox 2156 796 2343 864; x_wconf 80' lang='grc' dir='ltr'>κροὺς,</span> <span class='ocrx_word' id='word_1_57' title='bbox 2399 795 2527 859; x_wconf 81' lang='grc' dir='ltr'>τοὺς</span> <span class='ocrx_word' id='word_1_58' title='bbox 2586 795 2852 866; x_wconf 74' lang='grc' dir='ltr'>ἀοράτους</span> <span class='ocrx_word' id='word_1_59' title='bbox 2905 798 3003 853; x_wconf 79' lang='grc' dir='ltr'>κα).</span> <span class='ocrx_word' id='word_1_60' title='bbox 3047 796 3300 873; x_wconf 77' lang='grc' dir='ltr'>ὁρατοὺς,</span> <span class='ocrx_word' id='word_1_61' title='bbox 3361 797 3586 866; x_wconf 70' lang='grc' dir='ltr'>ἐχθροὺς</span> <span class='ocrx_word' id='word_1_62' title='bbox 3635 800 3720 851; x_wconf 69' lang='grc' dir='ltr'><strong>καὶ</strong></span> 
     </span>
    </p>
   </div>
   <div class='ocr_carea' id='block_1_10' title="bbox 475 880 2035 962">
    <p class='ocr_par' dir='ltr' id='par_1_10' title="bbox 475 880 2035 957">
     <span class='ocr_line' id='line_1_10' title="bbox 475 880 2035 957; baseline 0.005 -26"><span class='ocrx_word' id='word_1_63' title='bbox 475 880 866 947; x_wconf 69' lang='lat' dir='ltr'><strong>ell&#39;eminemur,</strong></span> <span class='ocrx_word' id='word_1_64' title='bbox 905 883 1157 943; x_wconf 78' lang='lat' dir='ltr'><strong>obsecro,</strong></span> <span class='ocrx_word' id='word_1_65' title='bbox 1193 896 1369 951; x_wconf 83' lang='lat' dir='ltr'><strong>neque</strong></span> <span class='ocrx_word' id='word_1_66' title='bbox 1398 883 1841 954; x_wconf 80' lang='lat' dir='ltr'><strong>languescamus,</strong></span> <span class='ocrx_word' id='word_1_67' title='bbox 1876 903 2035 957; x_wconf 64' lang='lat' dir='ltr'><strong>nequi</strong></span> 
     </span>
    </p>
   </div>
   <div class='ocr_carea' id='block_1_11' title="bbox 2153 880 3720 962">
    <p class='ocr_par' dir='ltr' id='par_1_11' title="bbox 2155 886 3720 962">
     <span class='ocr_line' id='line_1_11' title="bbox 2155 886 3720 962; baseline 0.002 -26"><span class='ocrx_word' id='word_1_68' title='bbox 2155 887 2471 956; x_wconf 83' lang='grc' dir='ltr'>πολεμίους,</span> <span class='ocrx_word' id='word_1_69' title='bbox 2514 886 2889 956; x_wconf 77' lang='grc' dir='ltr'>θορυϐοῦντας</span> <span class='ocrx_word' id='word_1_70' title='bbox 2937 888 3113 962; x_wconf 63' lang='grc' dir='ltr'><strong>ἡμᾶς⁷</strong></span> <span class='ocrx_word' id='word_1_71' title='bbox 3148 888 3270 943; x_wconf 76' lang='grc' dir='ltr'><strong>καθ’</strong></span> <span class='ocrx_word' id='word_1_72' title='bbox 3310 887 3576 955; x_wconf 68' lang='grc' dir='ltr'>ἑκάστην,</span> <span class='ocrx_word' id='word_1_73' title='bbox 3633 893 3720 943; x_wconf 76' lang='grc' dir='ltr'><strong>καὶ</strong></span> 
     </span>
    </p>
   </div>
   <div class='ocr_carea' id='block_1_12' title="bbox 477 974 2035 1050">
    <p class='ocr_par' dir='ltr' id='par_1_12' title="bbox 477 974 2035 1049">
     <span class='ocr_line' id='line_1_12' title="bbox 477 974 2035 1049; baseline 0.008 -24"><span class='ocrx_word' id='word_1_74' title='bbox 477 974 737 1026; x_wconf 77' lang='lat' dir='ltr'><strong>cedamus</strong></span> <span class='ocrx_word' id='word_1_75' title='bbox 777 974 1253 1030; x_wconf 79' lang='lat' dir='ltr'><strong>colluctationibus</strong></span> <span class='ocrx_word' id='word_1_76' title='bbox 1291 977 1429 1045; x_wconf 78' lang='lat' dir='ltr'><strong>eius,</strong></span> <span class='ocrx_word' id='word_1_77' title='bbox 1472 981 1563 1033; x_wconf 82' lang='lat' dir='ltr'><strong>sed</strong></span> <span class='ocrx_word' id='word_1_78' title='bbox 1590 996 1851 1049; x_wconf 81' lang='lat' dir='ltr'><strong>generose</strong></span> <span class='ocrx_word' id='word_1_79' title='bbox 1882 994 1935 1036; x_wconf 88' lang='lat' dir='ltr'><strong>et</strong></span> <span class='ocrx_word' id='word_1_80' title='bbox 1978 983 2035 1033; x_wconf 28' lang='lat' dir='ltr'><strong>vii</strong></span> 
     </span>
    </p>
   </div>
   <div class='ocr_carea' id='block_1_13' title="bbox 2153 974 3720 1050">
    <p class='ocr_par' dir='ltr' id='par_1_13' title="bbox 2153 977 3720 1050">
     <span class='ocr_line' id='line_1_13' title="bbox 2153 977 3720 1050; baseline 0.003 -22"><span class='ocrx_word' id='word_1_81' title='bbox 2153 977 2462 1043; x_wconf 70' lang='grc' dir='ltr'><strong>λυποῦντας</strong></span> <span class='ocrx_word' id='word_1_82' title='bbox 2499 978 2596 1037; x_wconf 66' lang='grc' dir='ltr'><strong>καὶ</strong></span> <span class='ocrx_word' id='word_1_83' title='bbox 2621 979 3084 1050; x_wconf 75' lang='grc' dir='ltr'><strong>ἐκταράττοντας,</strong></span> <span class='ocrx_word' id='word_1_84' title='bbox 3113 981 3206 1035; x_wconf 76' lang='grc' dir='ltr'>καὶ</span> <span class='ocrx_word' id='word_1_85' title='bbox 3226 980 3327 1041; x_wconf 76' lang='grc' dir='ltr'><strong>τὰς</strong></span> <span class='ocrx_word' id='word_1_86' title='bbox 3356 979 3579 1043; x_wconf 75' lang='grc' dir='ltr'>ἐντολὰς</span> <span class='ocrx_word' id='word_1_87' title='bbox 3630 983 3720 1034; x_wconf 74' lang='grc' dir='ltr'>καὶ</span> 
     </span>
    </p>
   </div>
   <div class='ocr_carea' id='block_1_14' title="bbox 476 1062 2035 1143">
    <p class='ocr_par' dir='ltr' id='par_1_14' title="bbox 476 1062 2032 1143">
     <span class='ocr_line' id='line_1_14' title="bbox 476 1062 2032 1143; baseline 0.006 -26"><span class='ocrx_word' id='word_1_88' title='bbox 476 1064 563 1117; x_wconf 87' lang='lat' dir='ltr'><strong>rili</strong></span> <span class='ocrx_word' id='word_1_89' title='bbox 592 1079 714 1117; x_wconf 86' lang='lat' dir='ltr'><strong>cum</strong></span> <span class='ocrx_word' id='word_1_90' title='bbox 747 1067 928 1120; x_wconf 83' lang='lat' dir='ltr'><strong>animo</strong></span> <span class='ocrx_word' id='word_1_91' title='bbox 980 1062 1299 1122; x_wconf 61' lang='lat' dir='ltr'><strong>resistamus</strong></span> <span class='ocrx_word' id='word_1_92' title='bbox 1328 1072 1427 1134; x_wconf 88' lang='lat' dir='ltr'><strong>eis,</strong></span> <span class='ocrx_word' id='word_1_93' title='bbox 1472 1081 1633 1140; x_wconf 77' lang='lat' dir='ltr'><strong>atque</strong></span> <span class='ocrx_word' id='word_1_94' title='bbox 1678 1074 2032 1143; x_wconf 70' lang='lat' dir='ltr'><strong>accingamur</strong></span> 
     </span>
    </p>
   </div>
   <div class='ocr_carea' id='block_1_15' title="bbox 2153 1062 3720 1143">
    <p class='ocr_par' dir='ltr' id='par_1_15' title="bbox 2153 1071 3720 1141">
     <span class='ocr_line' id='line_1_15' title="bbox 2153 1071 3720 1141; baseline 0.001 -19"><span class='ocrx_word' id='word_1_95' title='bbox 2153 1071 2219 1123; x_wconf 83' lang='grc' dir='ltr'>τὰ</span> <span class='ocrx_word' id='word_1_96' title='bbox 2242 1071 2647 1141; x_wconf 81' lang='grc' dir='ltr'>προστάγματα</span> <span class='ocrx_word' id='word_1_97' title='bbox 2677 1072 2771 1124; x_wconf 82' lang='grc' dir='ltr'>τοῦ</span> <span class='ocrx_word' id='word_1_98' title='bbox 2820 1073 3059 1141; x_wconf 82' lang='grc' dir='ltr'>Χριστοῦ</span> <span class='ocrx_word' id='word_1_99' title='bbox 3120 1071 3720 1140; x_wconf 24' lang='grc' dir='ltr'>κωλύονταςῠδιαπράτ-</span> 
     </span>
    </p>
   </div>
   <div class='ocr_carea' id='block_1_16' title="bbox 475 1157 2035 1237">
    <p class='ocr_par' dir='ltr' id='par_1_16' title="bbox 475 1157 2035 1235">
     <span class='ocr_line' id='line_1_16' title="bbox 475 1157 2035 1235; baseline 0.008 -30"><span class='ocrx_word' id='word_1_100' title='bbox 475 1163 533 1207; x_wconf 84' lang='lat' dir='ltr'><strong>nt</strong></span> <span class='ocrx_word' id='word_1_101' title='bbox 577 1166 629 1206; x_wconf 89' lang='lat' dir='ltr'><strong>et</strong></span> <span class='ocrx_word' id='word_1_102' title='bbox 675 1166 934 1209; x_wconf 64' lang='lat' dir='ltr'><strong>mternum</strong></span> <span class='ocrx_word' id='word_1_103' title='bbox 985 1157 1211 1233; x_wconf 73' lang='lat' dir='ltr'><strong>glorianti</strong></span> <span class='ocrx_word' id='word_1_104' title='bbox 1263 1175 1682 1230; x_wconf 79' lang='lat' dir='ltr'><strong>consequamur,</strong></span> <span class='ocrx_word' id='word_1_105' title='bbox 1736 1164 1788 1216; x_wconf 91' lang='lat' dir='ltr'><strong>in</strong></span> <span class='ocrx_word' id='word_1_106' title='bbox 1837 1165 2035 1235; x_wconf 77' lang='lat' dir='ltr'><strong>Christt</strong></span> 
     </span>
    </p>
   </div>
   <div class='ocr_carea' id='block_1_17' title="bbox 2153 1157 3735 1237">
    <p class='ocr_par' dir='ltr' id='par_1_17' title="bbox 2153 1165 3735 1237">
     <span class='ocr_line' id='line_1_17' title="bbox 2153 1165 3735 1237; baseline 0.001 -19"><span class='ocrx_word' id='word_1_107' title='bbox 2153 1165 2363 1221; x_wconf 78' lang='grc' dir='ltr'>τεσθαι.</span> <span class='ocrx_word' id='word_1_108' title='bbox 2401 1166 2508 1236; x_wconf 78' lang='grc' dir='ltr'><strong>Μὴ.</strong></span> <span class='ocrx_word' id='word_1_109' title='bbox 2555 1165 2679 1221; x_wconf 78' lang='grc' dir='ltr'>οὖν,</span> <span class='ocrx_word' id='word_1_110' title='bbox 2710 1165 3161 1235; x_wconf 80' lang='grc' dir='ltr'>μαλακισθῶμεν,</span> <span class='ocrx_word' id='word_1_111' title='bbox 3208 1166 3542 1237; x_wconf 71' lang='grc' dir='ltr'>παρακαλῶ,</span> <span class='ocrx_word' id='word_1_112' title='bbox 3596 1168 3735 1235; x_wconf 69' lang='grc' dir='ltr'><strong>μηδὲ,</strong></span> 
     </span>
    </p>
   </div>
   <div class='ocr_carea' id='block_1_18' title="bbox 473 1243 2035 1325">
    <p class='ocr_par' dir='ltr' id='par_1_18' title="bbox 473 1243 2035 1325">
     <span class='ocr_line' id='line_1_18' title="bbox 473 1243 2035 1325; baseline 0.006 -25"><span class='ocrx_word' id='word_1_113' title='bbox 473 1243 600 1300; x_wconf 82' lang='lat' dir='ltr'><strong>Jesu</strong></span> <span class='ocrx_word' id='word_1_114' title='bbox 651 1246 880 1302; x_wconf 85' lang='lat' dir='ltr'><strong>Domino</strong></span> <span class='ocrx_word' id='word_1_115' title='bbox 929 1260 1138 1314; x_wconf 82' lang='lat' dir='ltr'><strong>nostro,</strong></span> <span class='ocrx_word' id='word_1_116' title='bbox 1188 1252 1273 1305; x_wconf 89' lang='lat' dir='ltr'><strong>cui</strong></span> <span class='ocrx_word' id='word_1_117' title='bbox 1312 1251 1481 1321; x_wconf 77' lang='lat' dir='ltr'><strong>gloria</strong></span> <span class='ocrx_word' id='word_1_118' title='bbox 1529 1258 1596 1307; x_wconf 87' lang='lat' dir='ltr'><strong>et&#39;</strong></span> <span class='ocrx_word' id='word_1_119' title='bbox 1654 1254 1938 1325; x_wconf 83' lang='lat' dir='ltr'><strong>imperium</strong></span> <span class='ocrx_word' id='word_1_120' title='bbox 2001 1254 2035 1309; x_wconf 81' lang='lat' dir='ltr'><strong>il</strong></span> 
     </span>
    </p>
   </div>
   <div class='ocr_carea' id='block_1_19' title="bbox 2153 1243 3719 1325">
    <p class='ocr_par' dir='ltr' id='par_1_19' title="bbox 2154 1255 3719 1325">
     <span class='ocr_line' id='line_1_19' title="bbox 2154 1255 3719 1325; baseline 0.001 -18"><span class='ocrx_word' id='word_1_121' title='bbox 2154 1255 2527 1324; x_wconf 77' lang='grc' dir='ltr'>χαυνωθῶμεν</span> <span class='ocrx_word' id='word_1_122' title='bbox 2555 1256 2652 1311; x_wconf 74' lang='grc' dir='ltr'>καὶ</span> <span class='ocrx_word' id='word_1_123' title='bbox 2670 1255 2912 1325; x_wconf 83' lang='grc' dir='ltr'>ὲνδῶμεν</span> <span class='ocrx_word' id='word_1_124' title='bbox 2946 1257 3061 1319; x_wconf 85' lang='grc' dir='ltr'>τοῖς</span> <span class='ocrx_word' id='word_1_125' title='bbox 3077 1256 3285 1309; x_wconf 77' lang='grc' dir='ltr'>τούτων</span> <span class='ocrx_word' id='word_1_126' title='bbox 3328 1255 3719 1325; x_wconf 80' lang='grc' dir='ltr'>παλαίσμασιν,</span> 
     </span>
    </p>
   </div>
   <div class='ocr_carea' id='block_1_20' title="bbox 471 1337 1295 1398">
    <p class='ocr_par' dir='ltr' id='par_1_20' title="bbox 471 1337 1295 1398">
     <span class='ocr_line' id='line_1_20' title="bbox 471 1337 1295 1398; baseline 0.007 -7"><span class='ocrx_word' id='word_1_127' title='bbox 471 1337 663 1391; x_wconf 68' lang='lat' dir='ltr'><strong>saecula</strong></span> <span class='ocrx_word' id='word_1_128' title='bbox 718 1342 1063 1394; x_wconf 64' lang='lat' dir='ltr'><strong>surculorum.</strong></span> <span class='ocrx_word' id='word_1_129' title='bbox 1100 1344 1295 1398; x_wconf 79' lang='lat' dir='ltr'><strong>Amen.</strong></span> 
     </span>
    </p>
   </div>
   <div class='ocr_carea' id='block_1_21' title="bbox 466 1435 3716 1516">
    <p class='ocr_par' dir='ltr' id='par_1_21' title="bbox 466 1435 3716 1516">
     <span class='ocr_line' id='line_1_21' title="bbox 466 1435 3716 1516; baseline 0.003 -31"><span class='ocrx_word' id='word_1_130' title='bbox 466 1435 975 1511; x_wconf 76' lang='grc' dir='ltr'>τιπαραταξώμεθα</span> <span class='ocrx_word' id='word_1_131' title='bbox 1006 1437 1142 1510; x_wconf 81' lang='grc' dir='ltr'>πρὸς</span> <span class='ocrx_word' id='word_1_132' title='bbox 1170 1440 1387 1505; x_wconf 79' lang='grc' dir='ltr'>αὐτοὺς,</span> <span class='ocrx_word' id='word_1_133' title='bbox 1451 1443 1548 1496; x_wconf 72' lang='grc' dir='ltr'>καὶ</span> <span class='ocrx_word' id='word_1_134' title='bbox 1620 1441 2055 1513; x_wconf 77' lang='grc' dir='ltr'>ἀποδυσώμεθα,</span> <span class='ocrx_word' id='word_1_135' title='bbox 2113 1443 2203 1507; x_wconf 71' lang='grc' dir='ltr'>ἵνα</span> <span class='ocrx_word' id='word_1_136' title='bbox 2262 1443 2361 1506; x_wconf 82' lang='grc' dir='ltr'><strong>καὶ</strong></span> <span class='ocrx_word' id='word_1_137' title='bbox 2417 1446 2515 1516; x_wconf 78' lang='grc' dir='ltr'><strong>τῆς</strong></span> <span class='ocrx_word' id='word_1_138' title='bbox 2570 1445 2936 1515; x_wconf 83' lang='grc' dir='ltr'>ἀτελευτήτου</span> <span class='ocrx_word' id='word_1_139' title='bbox 3007 1444 3256 1510; x_wconf 79' lang='grc' dir='ltr'><strong>εὐκλείας</strong></span> <span class='ocrx_word' id='word_1_140' title='bbox 3355 1443 3716 1514; x_wconf 75' lang='grc' dir='ltr'>ὲπιτύχωμεν,</span> 
     </span>
    </p>
   </div>
   <div class='ocr_carea' id='block_1_22' title="bbox 467 1531 3714 1613">
    <p class='ocr_par' dir='ltr' id='par_1_22' title="bbox 467 1531 3714 1613">
     <span class='ocr_line' id='line_1_22' title="bbox 467 1531 3714 1613; baseline 0.004 -30"><span class='ocrx_word' id='word_1_141' title='bbox 467 1534 528 1585; x_wconf 77' lang='grc' dir='ltr'>ὲν</span> <span class='ocrx_word' id='word_1_142' title='bbox 582 1534 801 1605; x_wconf 83' lang='grc' dir='ltr'>Χριστῷ</span> <span class='ocrx_word' id='word_1_143' title='bbox 868 1534 1050 1606; x_wconf 59' lang='grc' dir='ltr'><strong>ἰνισοῦ</strong></span> <span class='ocrx_word' id='word_1_144' title='bbox 1100 1536 1178 1604; x_wconf 82' lang='grc' dir='ltr'>τῷ</span> <span class='ocrx_word' id='word_1_145' title='bbox 1240 1537 1431 1609; x_wconf 80' lang='grc' dir='ltr'>Κυρίῳ</span> <span class='ocrx_word' id='word_1_146' title='bbox 1481 1540 1686 1610; x_wconf 73' lang='grc' dir='ltr'>ἡμῶν·</span> <span class='ocrx_word' id='word_1_147' title='bbox 1740 1531 2045 1613; x_wconf 31' lang='grc' dir='ltr'><strong>ᾦαήιδὸξα</strong></span> <span class='ocrx_word' id='word_1_148' title='bbox 2121 1541 2220 1599; x_wconf 69' lang='grc' dir='ltr'><strong>καὶ</strong></span> <span class='ocrx_word' id='word_1_149' title='bbox 2286 1541 2363 1594; x_wconf 84' lang='grc' dir='ltr'>τὸ·</span> <span class='ocrx_word' id='word_1_150' title='bbox 2428 1541 2653 1613; x_wconf 80' lang='grc' dir='ltr'>κράτος,</span> <span class='ocrx_word' id='word_1_151' title='bbox 2707 1544 2789 1605; x_wconf 78' lang='grc' dir='ltr'><strong>εις</strong></span> <span class='ocrx_word' id='word_1_152' title='bbox 2844 1541 2971 1607; x_wconf 79' lang='grc' dir='ltr'>τοὺς</span> <span class='ocrx_word' id='word_1_153' title='bbox 3040 1542 3241 1606; x_wconf 70' lang='grc' dir='ltr'>αἰῶνας</span> <span class='ocrx_word' id='word_1_154' title='bbox 3317 1542 3430 1595; x_wconf 83' lang='grc' dir='ltr'>τῶν</span> <span class='ocrx_word' id='word_1_155' title='bbox 3499 1541 3714 1596; x_wconf 79' lang='grc' dir='ltr'>αἰώνων.</span> 
     </span>
    </p>
   </div>
   <div class='ocr_carea' id='block_1_23' title="bbox 481 1623 2795 1698">
    <p class='ocr_par' dir='ltr' id='par_1_23' title="bbox 481 1623 2795 1698">
     <span class='ocr_line' id='line_1_23' title="bbox 481 1623 2795 1698; baseline 0.001 -20"><span class='ocrx_word' id='word_1_156' title='bbox 481 1623 680 1698; x_wconf 80' lang='grc' dir='ltr'>Ἀμήν.</span> <span class='ocrx_word' id='word_1_157' title='bbox 1646 1624 1656 1637; x_wconf 83' lang='grc'><em>’</em></span> <span class='ocrx_word' id='word_1_158' title='bbox 2778 1623 2795 1633; x_wconf 59' lang='grc'><strong>“</strong></span> 
     </span>
    </p>
   </div>
   <div class='ocr_carea' id='block_1_24' title="bbox 487 1848 3711 1925">
    <p class='ocr_par' dir='ltr' id='par_1_24' title="bbox 708 1858 3697 1919">
     <span class='ocr_line' id='line_1_24' title="bbox 708 1858 3697 1870; baseline 0 0"><span class='ocrx_word' id='word_1_159' title='bbox 708 1858 711 1861; x_wconf 83' lang='lat'><em>‘</em></span> <span class='ocrx_word' id='word_1_160' title='bbox 3683 1859 3697 1870; x_wconf 53' lang='grc' dir='ltr'>Ὁ</span> 
     </span>
     <span class='ocr_line' id='line_1_25' title="bbox 748 1910 951 1919; baseline 0.01 -2"><span class='ocrx_word' id='word_1_161' title='bbox 748 1910 751 1917; x_wconf 43' lang='grc' dir='ltr'>ι</span> <span class='ocrx_word' id='word_1_162' title='bbox 946 1910 951 1919; x_wconf 94' lang='grc'><strong>.</strong></span> 
     </span>
    </p>
   </div>
   <div class='ocr_carea' id='block_1_25' title="bbox 1662 2059 2541 2107">
    <p class='ocr_par' dir='ltr' id='par_1_25' title="bbox 1662 2059 2541 2107">
     <span class='ocr_line' id='line_1_26' title="bbox 1662 2059 2541 2107; baseline -0.001 -3"><span class='ocrx_word' id='word_1_163' title='bbox 1662 2062 1835 2105; x_wconf 76' lang='lat' dir='ltr'><strong>ANNO</strong></span> <span class='ocrx_word' id='word_1_164' title='bbox 1877 2061 2110 2105; x_wconf 77' lang='lat' dir='ltr'><strong>DOMINI</strong></span> <span class='ocrx_word' id='word_1_165' title='bbox 2154 2059 2541 2107; x_wconf 74' lang='lat' dir='ltr'><strong>MCCGXLVIII.</strong></span> 
     </span>
    </p>
   </div>
   <div class='ocr_carea' id='block_1_26' title="bbox 1193 2150 3072 2497">
    <p class='ocr_par' dir='ltr' id='par_1_26' title="bbox 1193 2150 3072 2497">
     <span class='ocr_line' id='line_1_27' title="bbox 1193 2150 3072 2497; baseline 0 -20"><span class='ocrx_word' id='word_1_166' title='bbox 1193 2150 3001 2497; x_wconf 81' lang='lat' dir='ltr'><strong>THEOPHANES</strong></span> <span class='ocrx_word' id='word_1_167' title='bbox 3068 2384 3072 2389; x_wconf 61' lang='grc' dir='ltr'><strong>η</strong></span> 
     </span>
    </p>
   </div>
   <div class='ocr_carea' id='block_1_27' title="bbox 1045 2645 3133 2785">
    <p class='ocr_par' dir='ltr' id='par_1_27' title="bbox 1045 2645 3133 2785">
     <span class='ocr_line' id='line_1_28' title="bbox 1045 2645 3133 2785; baseline -0.001 -22"><span class='ocrx_word' id='word_1_168' title='bbox 1045 2645 1720 2765; x_wconf 72' lang='lat' dir='ltr'><strong>NlG/ENUS</strong></span> <span class='ocrx_word' id='word_1_169' title='bbox 1858 2647 3133 2785; x_wconf 82' lang='lat' dir='ltr'><strong>ARCHIEPISGOPUS.</strong></span> 
     </span>
    </p>
   </div>
   <div class='ocr_carea' id='block_1_28' title="bbox 820 2786 897 2831">
    <p class='ocr_par' dir='ltr' id='par_1_28' title="bbox 820 2786 897 2831">
     <span class='ocr_line' id='line_1_29' title="bbox 820 2786 897 2831; baseline 0.013 -4"><span class='ocrx_word' id='word_1_170' title='bbox 820 2786 897 2831; x_wconf 33' lang='grc' dir='ltr'><strong>κίφ-</strong></span> 
     </span>
    </p>
   </div>
   <div class='ocr_carea' id='block_1_29' title="bbox 1416 3097 2835 3205">
    <p class='ocr_par' dir='ltr' id='par_1_29' title="bbox 1416 3097 2835 3205">
     <span class='ocr_line' id='line_1_30' title="bbox 1416 3097 2835 3205; baseline -0.001 -17"><span class='ocrx_word' id='word_1_171' title='bbox 1416 3097 1990 3191; x_wconf 84' lang='lat' dir='ltr'><strong>MONITUM</strong></span> <span class='ocrx_word' id='word_1_172' title='bbox 2074 3097 2759 3205; x_wconf 50' lang='lat' dir='ltr'><strong>EDITORUM;</strong></span> <span class='ocrx_word' id='word_1_173' title='bbox 2826 3145 2835 3151; x_wconf 90' lang='lat'><strong><em>-</em></strong></span> 
     </span>
    </p>
   </div>
   <div class='ocr_carea' id='block_1_30' title="bbox 554 3305 3703 3399">
    <p class='ocr_par' dir='ltr' id='par_1_30' title="bbox 554 3305 3703 3399">
     <span class='ocr_line' id='line_1_31' title="bbox 554 3305 3703 3399; baseline -0.003 -26"><span class='ocrx_word' id='word_1_174' title='bbox 554 3310 978 3399; x_wconf 76' lang='lat' dir='ltr'><strong>Theophanes</strong></span> <span class='ocrx_word' id='word_1_175' title='bbox 1028 3312 1140 3377; x_wconf 84' lang='lat' dir='ltr'><strong>Ill.</strong></span> <span class='ocrx_word' id='word_1_176' title='bbox 1173 3312 1516 3392; x_wconf 86' lang='lat' dir='ltr'><strong>episc0pns</strong></span> <span class='ocrx_word' id='word_1_177' title='bbox 1546 3312 1877 3385; x_wconf 67' lang='lat' dir='ltr'><strong>Nicmuus,</strong></span> <span class='ocrx_word' id='word_1_178' title='bbox 1918 3311 2084 3373; x_wconf 87' lang='lat' dir='ltr'><strong>circa</strong></span> <span class='ocrx_word' id='word_1_179' title='bbox 2116 3327 2221 3373; x_wconf 87' lang='lat' dir='ltr'><strong>an.</strong></span> <span class='ocrx_word' id='word_1_180' title='bbox 2259 3309 2433 3385; x_wconf 54' lang='lat'><strong>1357,</strong></span> <span class='ocrx_word' id='word_1_181' title='bbox 2464 3312 2577 3373; x_wconf 89' lang='lat' dir='ltr'><strong>diu</strong></span> <span class='ocrx_word' id='word_1_182' title='bbox 2630 3316 2781 3391; x_wconf 86' lang='lat' dir='ltr'><strong>post</strong></span> <span class='ocrx_word' id='word_1_183' title='bbox 2808 3318 3109 3373; x_wconf 73' lang='lat' dir='ltr'><strong>exortum</strong></span> <span class='ocrx_word' id='word_1_184' title='bbox 3140 3311 3424 3373; x_wconf 88' lang='lat' dir='ltr'><strong>schisma</strong></span> <span class='ocrx_word' id='word_1_185' title='bbox 3477 3305 3703 3377; x_wconf 88' lang='lat' dir='ltr'><strong>ﬂoruit,</strong></span> 
     </span>
    </p>
   </div>
   <div class='ocr_carea' id='block_1_31' title="bbox 479 3406 3705 3491">
    <p class='ocr_par' dir='ltr' id='par_1_31' title="bbox 479 3406 3705 3491">
     <span class='ocr_line' id='line_1_32' title="bbox 479 3406 3705 3491; baseline -0.003 -19"><span class='ocrx_word' id='word_1_186' title='bbox 479 3413 555 3491; x_wconf 72' lang='lat' dir='ltr'><strong>ut</strong></span> <span class='ocrx_word' id='word_1_187' title='bbox 588 3406 752 3473; x_wconf 86' lang='lat' dir='ltr'><strong>bene</strong></span> <span class='ocrx_word' id='word_1_188' title='bbox 779 3406 961 3468; x_wconf 84' lang='lat' dir='ltr'><strong>docet</strong></span> <span class='ocrx_word' id='word_1_189' title='bbox 998 3407 1065 3469; x_wconf 86' lang='lat' dir='ltr'><strong>P.</strong></span> <span class='ocrx_word' id='word_1_190' title='bbox 1100 3407 1417 3486; x_wconf 82' lang='lat' dir='ltr'><strong>Lequien,</strong></span> <span class='ocrx_word' id='word_1_191' title='bbox 1455 3407 1678 3479; x_wconf 78' lang='lat' dir='ltr'><strong>Oriens</strong></span> <span class='ocrx_word' id='word_1_192' title='bbox 1712 3407 2094 3482; x_wconf 77' lang='lat' dir='ltr'><strong>Christian.,</strong></span> <span class='ocrx_word' id='word_1_193' title='bbox 2138 3414 2185 3468; x_wconf 92' lang='lat' dir='ltr'><strong>t.</strong></span> <span class='ocrx_word' id='word_1_194' title='bbox 2216 3408 2271 3481; x_wconf 68' lang='lat' dir='ltr'><strong>I,</strong></span> <span class='ocrx_word' id='word_1_195' title='bbox 2306 3424 2364 3485; x_wconf 92' lang='lat' dir='ltr'><strong>p.</strong></span> <span class='ocrx_word' id='word_1_196' title='bbox 2400 3406 2542 3480; x_wconf 76' lang='lat'><strong>652,</strong></span> <span class='ocrx_word' id='word_1_197' title='bbox 2575 3423 2701 3469; x_wconf 90' lang='lat' dir='ltr'><strong>non</strong></span> <span class='ocrx_word' id='word_1_198' title='bbox 2738 3415 2951 3469; x_wconf 88' lang='lat' dir='ltr'><strong>autem</strong></span> <span class='ocrx_word' id='word_1_199' title='bbox 2985 3407 3224 3470; x_wconf 67' lang='lat' dir='ltr'><strong>saeculo</strong></span> <span class='ocrx_word' id='word_1_200' title='bbox 3258 3409 3423 3479; x_wconf 90' lang='lat' dir='ltr'><strong>Vlll,</strong></span> <span class='ocrx_word' id='word_1_201' title='bbox 3459 3411 3526 3466; x_wconf 90' lang='lat' dir='ltr'><strong>ut</strong></span> <span class='ocrx_word' id='word_1_202' title='bbox 3571 3417 3705 3478; x_wconf 82' lang='lat' dir='ltr'><strong>pro-</strong></span> 
     </span>
    </p>
   </div>
   <div class='ocr_carea' id='block_1_32' title="bbox 481 3494 3706 3583">
    <p class='ocr_par' dir='ltr' id='par_1_32' title="bbox 481 3494 3706 3583">
     <span class='ocr_line' id='line_1_33' title="bbox 481 3494 3706 3583; baseline -0.003 -19"><span class='ocrx_word' id='word_1_203' title='bbox 481 3502 632 3564; x_wconf 81' lang='lat' dir='ltr'><strong>bare</strong></span> <span class='ocrx_word' id='word_1_204' title='bbox 664 3509 929 3563; x_wconf 80' lang='lat' dir='ltr'><strong>conatus</strong></span> <span class='ocrx_word' id='word_1_205' title='bbox 961 3509 1055 3563; x_wconf 86' lang='lat' dir='ltr'><strong>est</strong></span> <span class='ocrx_word' id='word_1_206' title='bbox 1096 3504 1173 3564; x_wconf 92' lang='lat' dir='ltr'><strong>D.</strong></span> <span class='ocrx_word' id='word_1_207' title='bbox 1208 3503 1563 3577; x_wconf 85' lang='lat' dir='ltr'><strong>Consalvus</strong></span> <span class='ocrx_word' id='word_1_208' title='bbox 1618 3505 1827 3566; x_wconf 87' lang='lat' dir='ltr'><strong>Ponce</strong></span> <span class='ocrx_word' id='word_1_209' title='bbox 1864 3494 1945 3565; x_wconf 82' lang='lat' dir='ltr'><strong>de</strong></span> <span class='ocrx_word' id='word_1_210' title='bbox 2003 3504 2201 3577; x_wconf 87' lang='lat' dir='ltr'><strong>Leon,</strong></span> <span class='ocrx_word' id='word_1_211' title='bbox 2234 3503 2347 3583; x_wconf 88' lang='lat' dir='ltr'><strong>qui</strong></span> <span class='ocrx_word' id='word_1_212' title='bbox 2386 3504 2632 3582; x_wconf 85' lang='lat' dir='ltr'><strong>primus</strong></span> <span class='ocrx_word' id='word_1_213' title='bbox 2702 3518 2899 3580; x_wconf 87' lang='lat' dir='ltr'><strong>opera</strong></span> <span class='ocrx_word' id='word_1_214' title='bbox 2938 3501 3256 3566; x_wconf 87' lang='lat' dir='ltr'><strong>nonnulla</strong></span> <span class='ocrx_word' id='word_1_215' title='bbox 3318 3495 3706 3579; x_wconf 84' lang='lat' dir='ltr'><strong>Theophanis</strong></span> 
     </span>
    </p>
   </div>
   <div class='ocr_carea' id='block_1_33' title="bbox 477 3596 3708 3677">
    <p class='ocr_par' dir='ltr' id='par_1_33' title="bbox 477 3596 3708 3677">
     <span class='ocr_line' id='line_1_34' title="bbox 477 3596 3708 3677; baseline -0.004 -14"><span class='ocrx_word' id='word_1_216' title='bbox 477 3598 744 3672; x_wconf 70' lang='lat' dir='ltr'><strong>Nicmni,</strong></span> <span class='ocrx_word' id='word_1_217' title='bbox 804 3614 886 3661; x_wconf 88' lang='lat' dir='ltr'><strong>an</strong></span> <span class='ocrx_word' id='word_1_218' title='bbox 923 3596 1107 3671; x_wconf 77' lang='grc'><strong>1590,</strong></span> <span class='ocrx_word' id='word_1_219' title='bbox 1143 3601 1387 3673; x_wconf 67' lang='lat' dir='ltr'><strong>Romae,</strong></span> <span class='ocrx_word' id='word_1_220' title='bbox 1420 3601 1529 3667; x_wconf 84' lang='lat' dir='ltr'><strong>Gr.</strong></span> <span class='ocrx_word' id='word_1_221' title='bbox 1568 3602 1703 3663; x_wconf 88' lang='lat' dir='ltr'><strong>Lat.</strong></span> <span class='ocrx_word' id='word_1_222' title='bbox 1728 3600 1953 3672; x_wconf 83' lang='lat' dir='ltr'><strong>edidit,</strong></span> <span class='ocrx_word' id='word_1_223' title='bbox 1986 3606 2050 3662; x_wconf 90' lang='lat' dir='ltr'><strong>et</strong></span> <span class='ocrx_word' id='word_1_224' title='bbox 2081 3599 2453 3662; x_wconf 87' lang='lat' dir='ltr'><strong>testimonia</strong></span> <span class='ocrx_word' id='word_1_225' title='bbox 2479 3606 2769 3659; x_wconf 84' lang='lat' dir='ltr'><strong>veterum</strong></span> <span class='ocrx_word' id='word_1_226' title='bbox 2806 3613 2936 3659; x_wconf 90' lang='lat' dir='ltr'><strong>non</strong></span> <span class='ocrx_word' id='word_1_227' title='bbox 2972 3614 3173 3675; x_wconf 87' lang='lat' dir='ltr'><strong>pauca</strong></span> <span class='ocrx_word' id='word_1_228' title='bbox 3220 3596 3518 3677; x_wconf 87' lang='lat' dir='ltr'><strong>conjecit,</strong></span> <span class='ocrx_word' id='word_1_229' title='bbox 3579 3607 3708 3670; x_wconf 66' lang='lat' dir='ltr'><strong>qua:</strong></span> 
     </span>
    </p>
   </div>
   <div class='ocr_carea' id='block_1_34' title="bbox 473 3693 3703 3776">
    <p class='ocr_par' dir='ltr' id='par_1_34' title="bbox 473 3693 3703 3776">
     <span class='ocr_line' id='line_1_35' title="bbox 473 3693 3703 3776; baseline -0.001 -22"><span class='ocrx_word' id='word_1_230' title='bbox 473 3695 550 3759; x_wconf 90' lang='lat' dir='ltr'><strong>ad</strong></span> <span class='ocrx_word' id='word_1_231' title='bbox 585 3694 1069 3773; x_wconf 81' lang='lat' dir='ltr'><strong>TheOphanem,</strong></span> <span class='ocrx_word' id='word_1_232' title='bbox 1104 3696 1231 3758; x_wconf 85' lang='lat' dir='ltr'><strong>sub</strong></span> <span class='ocrx_word' id='word_1_233' title='bbox 1254 3695 1642 3774; x_wconf 78' lang='lat' dir='ltr'><strong>imperatore</strong></span> <span class='ocrx_word' id='word_1_234' title='bbox 1672 3696 2037 3775; x_wconf 83' lang='lat' dir='ltr'><strong>Theophila</strong></span> <span class='ocrx_word' id='word_1_235' title='bbox 2062 3697 2268 3776; x_wconf 89' lang='lat' dir='ltr'><strong>impio</strong></span> <span class='ocrx_word' id='word_1_236' title='bbox 2300 3696 2712 3771; x_wconf 82' lang='lat' dir='ltr'><strong>ieonoclasta,</strong></span> <span class='ocrx_word' id='word_1_237' title='bbox 2735 3693 3163 3756; x_wconf 81' lang='lat' dir='ltr'><strong>fortissimum</strong></span> <span class='ocrx_word' id='word_1_238' title='bbox 3196 3699 3562 3770; x_wconf 84' lang='lat' dir='ltr'><strong>martyrem,</strong></span> <span class='ocrx_word' id='word_1_239' title='bbox 3590 3701 3703 3748; x_wconf 88' lang='lat' dir='ltr'><strong>non</strong></span> 
     </span>
    </p>
   </div>
   <div class='ocr_carea' id='block_1_35' title="bbox 472 3790 2035 3870">
    <p class='ocr_par' dir='ltr' id='par_1_35' title="bbox 472 3790 2035 3870">
     <span class='ocr_line' id='line_1_36' title="bbox 472 3790 2035 3870; baseline 0.001 -17"><span class='ocrx_word' id='word_1_240' title='bbox 472 3791 551 3854; x_wconf 89' lang='lat' dir='ltr'><strong>ad</strong></span> <span class='ocrx_word' id='word_1_241' title='bbox 599 3791 1060 3870; x_wconf 83' lang='lat' dir='ltr'><strong>Theophanem</strong></span> <span class='ocrx_word' id='word_1_242' title='bbox 1100 3790 1462 3866; x_wconf 70' lang='lat' dir='ltr'><strong>Nicmnum,</strong></span> <span class='ocrx_word' id='word_1_243' title='bbox 1498 3793 1833 3856; x_wconf 81' lang='lat' dir='ltr'><strong>referenda</strong></span> <span class='ocrx_word' id='word_1_244' title='bbox 1856 3798 2035 3856; x_wconf 82' lang='lat' dir='ltr'><strong>sunt.</strong></span> 
     </span>
    </p>
   </div>
   <div class='ocr_carea' id='block_1_36' title="bbox 554 3884 3702 3973">
    <p class='ocr_par' dir='ltr' id='par_1_36' title="bbox 554 3884 3702 3973">
     <span class='ocr_line' id='line_1_37' title="bbox 554 3884 3702 3973; baseline -0.002 -25"><span class='ocrx_word' id='word_1_245' title='bbox 554 3892 795 3951; x_wconf 84' lang='lat' dir='ltr'><strong>Auctor</strong></span> <span class='ocrx_word' id='word_1_246' title='bbox 828 3887 1055 3949; x_wconf 88' lang='lat' dir='ltr'><strong>harum</strong></span> <span class='ocrx_word' id='word_1_247' title='bbox 1087 3887 1509 3965; x_wconf 86' lang='lat' dir='ltr'><strong>epistolarum</strong></span> <span class='ocrx_word' id='word_1_248' title='bbox 1545 3892 1782 3973; x_wconf 88' lang='lat' dir='ltr'><strong>passim</strong></span> <span class='ocrx_word' id='word_1_249' title='bbox 1846 3891 2139 3953; x_wconf 87' lang='lat' dir='ltr'><strong>insinuat</strong></span> <span class='ocrx_word' id='word_1_250' title='bbox 2200 3887 2473 3951; x_wconf 71' lang='lat' dir='ltr'><strong>Nicmam</strong></span> <span class='ocrx_word' id='word_1_251' title='bbox 2539 3886 2618 3949; x_wconf 90' lang='lat' dir='ltr'><strong>ab</strong></span> <span class='ocrx_word' id='word_1_252' title='bbox 2670 3884 3050 3948; x_wconf 80' lang='lat' dir='ltr'><strong>inﬁdelibus</strong></span> <span class='ocrx_word' id='word_1_253' title='bbox 3110 3903 3258 3949; x_wconf 89' lang='lat' dir='ltr'><strong>esse</strong></span> <span class='ocrx_word' id='word_1_254' title='bbox 3320 3886 3702 3961; x_wconf 74' lang='lat' dir='ltr'><strong>occupatam.</strong></span> 
     </span>
    </p>
   </div>
   <div class='ocr_carea' id='block_1_37' title="bbox 475 3981 3705 4066">
    <p class='ocr_par' dir='ltr' id='par_1_37' title="bbox 475 3981 3705 4066">
     <span class='ocr_line' id='line_1_38' title="bbox 475 3981 3705 4066; baseline -0.004 -18"><span class='ocrx_word' id='word_1_255' title='bbox 475 3987 638 4062; x_wconf 75' lang='lat' dir='ltr'><strong>adeo</strong></span> <span class='ocrx_word' id='word_1_256' title='bbox 682 3985 1016 4049; x_wconf 75' lang='lat' dir='ltr'><strong>utsedem</strong></span> <span class='ocrx_word' id='word_1_257' title='bbox 1047 4000 1243 4046; x_wconf 82' lang='lat' dir='ltr'><strong>suam.</strong></span> <span class='ocrx_word' id='word_1_258' title='bbox 1268 3985 1445 4048; x_wconf 87' lang='lat' dir='ltr'><strong>adire</strong></span> <span class='ocrx_word' id='word_1_259' title='bbox 1486 4003 1615 4049; x_wconf 89' lang='lat' dir='ltr'><strong>non</strong></span> <span class='ocrx_word' id='word_1_260' title='bbox 1651 3986 1881 4066; x_wconf 85' lang='lat' dir='ltr'><strong>possit,</strong></span> <span class='ocrx_word' id='word_1_261' title='bbox 1911 3993 2022 4047; x_wconf 87' lang='lat' dir='ltr'><strong>aut</strong></span> <span class='ocrx_word' id='word_1_262' title='bbox 2072 3986 2179 4047; x_wconf 83' lang='lat' dir='ltr'><strong>vix</strong></span> <span class='ocrx_word' id='word_1_263' title='bbox 2248 3984 2471 4062; x_wconf 91' lang='lat' dir='ltr'><strong>possit.</strong></span> <span class='ocrx_word' id='word_1_264' title='bbox 2530 3981 2967 4061; x_wconf 86' lang='lat' dir='ltr'><strong>Conqueritur</strong></span> <span class='ocrx_word' id='word_1_265' title='bbox 3021 3999 3099 4044; x_wconf 86' lang='lat' dir='ltr'><strong>eo</strong></span> <span class='ocrx_word' id='word_1_266' title='bbox 3146 3984 3325 4062; x_wconf 90' lang='lat' dir='ltr'><strong>quod</strong></span> <span class='ocrx_word' id='word_1_267' title='bbox 3377 3996 3528 4043; x_wconf 88' lang='lat' dir='ltr'><strong>oves</strong></span> <span class='ocrx_word' id='word_1_268' title='bbox 3585 3987 3705 4036; x_wconf 71' lang='lat' dir='ltr'><strong>sum</strong></span> 
     </span>
    </p>
   </div>
   <div class='ocr_carea' id='block_1_38' title="bbox 477 4077 3702 4160">
    <p class='ocr_par' dir='ltr' id='par_1_38' title="bbox 477 4077 3702 4160">
     <span class='ocr_line' id='line_1_39' title="bbox 477 4077 3702 4160; baseline -0.002 -17"><span class='ocrx_word' id='word_1_269' title='bbox 477 4098 673 4160; x_wconf 82' lang='lat' dir='ltr'><strong>supra</strong></span> <span class='ocrx_word' id='word_1_270' title='bbox 708 4081 987 4142; x_wconf 78' lang='lat' dir='ltr'><strong>modum</strong></span> <span class='ocrx_word' id='word_1_271' title='bbox 1025 4087 1365 4157; x_wconf 82' lang='lat' dir='ltr'><strong>vexentur,</strong></span> <span class='ocrx_word' id='word_1_272' title='bbox 1401 4090 1460 4144; x_wconf 87' lang='lat' dir='ltr'><strong>et</strong></span> <span class='ocrx_word' id='word_1_273' title='bbox 1495 4100 1603 4144; x_wconf 89' lang='lat' dir='ltr'><strong>eas</strong></span> <span class='ocrx_word' id='word_1_274' title='bbox 1656 4083 1972 4154; x_wconf 87' lang='lat' dir='ltr'><strong>hortatur,</strong></span> <span class='ocrx_word' id='word_1_275' title='bbox 2013 4080 2265 4160; x_wconf 87' lang='lat' dir='ltr'><strong>prolato</strong></span> <span class='ocrx_word' id='word_1_276' title='bbox 2294 4079 2440 4141; x_wconf 88' lang='lat' dir='ltr'><strong>Jobi</strong></span> <span class='ocrx_word' id='word_1_277' title='bbox 2498 4079 2821 4157; x_wconf 80' lang='lat' dir='ltr'><strong>exemplo,</strong></span> <span class='ocrx_word' id='word_1_278' title='bbox 2861 4077 2937 4139; x_wconf 88' lang='lat' dir='ltr'><strong>ad</strong></span> <span class='ocrx_word' id='word_1_279' title='bbox 2971 4077 3339 4140; x_wconf 86' lang='lat' dir='ltr'><strong>tolerandas</strong></span> <span class='ocrx_word' id='word_1_280' title='bbox 3398 4090 3541 4139; x_wconf 87' lang='lat' dir='ltr'><strong>cum</strong></span> <span class='ocrx_word' id='word_1_281' title='bbox 3605 4082 3702 4146; x_wconf 73' lang='lat' dir='ltr'><strong>p8-</strong></span> 
     </span>
    </p>
   </div>
   <div class='ocr_carea' id='block_1_39' title="bbox 485 4164 3704 4256">
    <p class='ocr_par' dir='ltr' id='par_1_39' title="bbox 485 4164 3704 4256">
     <span class='ocr_line' id='line_1_40' title="bbox 485 4164 3704 4256; baseline -0.001 -20"><span class='ocrx_word' id='word_1_282' title='bbox 485 4178 711 4238; x_wconf 87' lang='lat' dir='ltr'><strong>tientia</strong></span> <span class='ocrx_word' id='word_1_283' title='bbox 742 4177 932 4238; x_wconf 87' lang='lat' dir='ltr'><strong>etiam</strong></span> <span class='ocrx_word' id='word_1_284' title='bbox 964 4178 1277 4239; x_wconf 78' lang='lat' dir='ltr'><strong>maximas</strong></span> <span class='ocrx_word' id='word_1_285' title='bbox 1310 4178 1790 4241; x_wconf 88' lang='lat' dir='ltr'><strong>tribulationes.</strong></span> <span class='ocrx_word' id='word_1_286' title='bbox 1844 4176 2101 4239; x_wconf 79' lang='lat' dir='ltr'><strong>Alioubi</strong></span> <span class='ocrx_word' id='word_1_287' title='bbox 2166 4175 2403 4237; x_wconf 87' lang='lat' dir='ltr'><strong>refellit</strong></span> <span class='ocrx_word' id='word_1_288' title='bbox 2454 4175 2751 4239; x_wconf 68' lang='lat' dir='ltr'><strong>haeresim</strong></span> <span class='ocrx_word' id='word_1_289' title='bbox 2789 4175 3238 4237; x_wconf 87' lang='lat' dir='ltr'><strong>Palamitarum</strong></span> <span class='ocrx_word' id='word_1_290' title='bbox 3262 4220 3280 4251; x_wconf 88' lang='lat'><strong>,</strong></span> <span class='ocrx_word' id='word_1_291' title='bbox 3308 4193 3453 4256; x_wconf 79' lang='lat' dir='ltr'><strong>quae</strong></span> <span class='ocrx_word' id='word_1_292' title='bbox 3488 4164 3704 4233; x_wconf 67' lang='lat' dir='ltr'><strong>saeculo</strong></span> 
     </span>
    </p>
   </div>
   <div class='ocr_carea' id='block_1_40' title="bbox 489 4270 3702 4349">
    <p class='ocr_par' dir='ltr' id='par_1_40' title="bbox 489 4270 3702 4349">
     <span class='ocr_line' id='line_1_41' title="bbox 489 4270 3702 4349; baseline -0.002 -14"><span class='ocrx_word' id='word_1_293' title='bbox 489 4273 925 4339; x_wconf 55' lang='lat' dir='ltr'><strong>XIV&#39;tandem</strong></span> <span class='ocrx_word' id='word_1_294' title='bbox 957 4280 1180 4336; x_wconf 78' lang='lat' dir='ltr'><strong>exorta</strong></span> <span class='ocrx_word' id='word_1_295' title='bbox 1210 4280 1328 4337; x_wconf 90' lang='lat' dir='ltr'><strong>est.</strong></span> <span class='ocrx_word' id='word_1_296' title='bbox 1356 4276 1505 4336; x_wconf 86' lang='lat' dir='ltr'><strong>Haec</strong></span> <span class='ocrx_word' id='word_1_297' title='bbox 1541 4281 1754 4335; x_wconf 89' lang='lat' dir='ltr'><strong>autem</strong></span> <span class='ocrx_word' id='word_1_298' title='bbox 1793 4272 2008 4333; x_wconf 90' lang='lat' dir='ltr'><strong>omnia</strong></span> <span class='ocrx_word' id='word_1_299' title='bbox 2035 4270 2427 4348; x_wconf 86' lang='lat' dir='ltr'><strong>respondent</strong></span> <span class='ocrx_word' id='word_1_300' title='bbox 2465 4272 2632 4332; x_wconf 64' lang='lat' dir='ltr'><strong>(atati</strong></span> <span class='ocrx_word' id='word_1_301' title='bbox 2659 4287 2852 4348; x_wconf 91' lang='lat' dir='ltr'><strong>quam</strong></span> <span class='ocrx_word' id='word_1_302' title='bbox 2882 4270 3259 4349; x_wconf 82' lang='lat' dir='ltr'><strong>TheOpbani</strong></span> <span class='ocrx_word' id='word_1_303' title='bbox 3288 4270 3702 4346; x_wconf 51' lang='lat' dir='ltr'><strong>assignamusl</strong></span> 
     </span>
    </p>
   </div>
   <div class='ocr_carea' id='block_1_41' title="bbox 477 4367 2706 4446">
    <p class='ocr_par' dir='ltr' id='par_1_41' title="bbox 477 4367 2706 4446">
     <span class='ocr_line' id='line_1_42' title="bbox 477 4367 2706 4446; baseline -0.001 -16"><span class='ocrx_word' id='word_1_304' title='bbox 477 4368 589 4430; x_wconf 87' lang='lat' dir='ltr'><strong>sed</strong></span> <span class='ocrx_word' id='word_1_305' title='bbox 622 4368 920 4446; x_wconf 87' lang='lat' dir='ltr'><strong>opinioni</strong></span> <span class='ocrx_word' id='word_1_306' title='bbox 956 4369 1259 4432; x_wconf 86' lang='lat' dir='ltr'><strong>Consalvi</strong></span> <span class='ocrx_word' id='word_1_307' title='bbox 1296 4373 1507 4432; x_wconf 90' lang='lat' dir='ltr'><strong>Ponce</strong></span> <span class='ocrx_word' id='word_1_308' title='bbox 1541 4369 1620 4431; x_wconf 90' lang='lat' dir='ltr'><strong>de</strong></span> <span class='ocrx_word' id='word_1_309' title='bbox 1649 4370 1822 4430; x_wconf 88' lang='lat' dir='ltr'><strong>Leon</strong></span> <span class='ocrx_word' id='word_1_310' title='bbox 1852 4385 1931 4429; x_wconf 81' lang='lat' dir='ltr'><strong>ex</strong></span> <span class='ocrx_word' id='word_1_311' title='bbox 1961 4367 2233 4429; x_wconf 90' lang='lat' dir='ltr'><strong>adverso</strong></span> <span class='ocrx_word' id='word_1_312' title='bbox 2263 4376 2706 4445; x_wconf 77' lang='lat' dir='ltr'><strong>apponuntur.</strong></span> 
     </span>
    </p>
   </div>
   <div class='ocr_carea' id='block_1_42' title="bbox 558 4461 3585 4546">
    <p class='ocr_par' dir='ltr' id='par_1_42' title="bbox 558 4461 3585 4546">
     <span class='ocr_line' id='line_1_43' title="bbox 558 4461 3585 4546; baseline -0.001 -21"><span class='ocrx_word' id='word_1_313' title='bbox 558 4465 973 4543; x_wconf 86' lang='lat' dir='ltr'><strong>TheOphanis</strong></span> <span class='ocrx_word' id='word_1_314' title='bbox 1007 4466 1335 4528; x_wconf 87' lang='lat' dir='ltr'><strong>scribendi</strong></span> <span class='ocrx_word' id='word_1_315' title='bbox 1377 4466 1540 4528; x_wconf 77' lang='lat' dir='ltr'><strong>ratio</strong></span> <span class='ocrx_word' id='word_1_316' title='bbox 1572 4472 1670 4528; x_wconf 89' lang='lat' dir='ltr'><strong>est</strong></span> <span class='ocrx_word' id='word_1_317' title='bbox 1700 4466 1978 4546; x_wconf 84' lang='lat' dir='ltr'><strong>simplex</strong></span> <span class='ocrx_word' id='word_1_318' title='bbox 2015 4474 2074 4525; x_wconf 91' lang='lat' dir='ltr'><strong>et</strong></span> <span class='ocrx_word' id='word_1_319' title='bbox 2106 4463 2399 4537; x_wconf 86' lang='lat' dir='ltr'><strong>humilis,</strong></span> <span class='ocrx_word' id='word_1_320' title='bbox 2440 4464 2560 4525; x_wconf 85' lang='lat' dir='ltr'><strong>etsi</strong></span> <span class='ocrx_word' id='word_1_321' title='bbox 2598 4463 2771 4526; x_wconf 85' lang='lat' dir='ltr'><strong>omni</strong></span> <span class='ocrx_word' id='word_1_322' title='bbox 2816 4462 3152 4525; x_wconf 88' lang='lat' dir='ltr'><strong>nobilitate</strong></span> <span class='ocrx_word' id='word_1_323' title='bbox 3184 4477 3314 4525; x_wconf 89' lang='lat' dir='ltr'><strong>non</strong></span> <span class='ocrx_word' id='word_1_324' title='bbox 3353 4461 3585 4535; x_wconf 13' lang='lat' dir='ltr'><strong>careat...</strong></span> 
     </span>
    </p>
   </div>
   <div class='ocr_carea' id='block_1_43' title="bbox 556 4543 3702 4642">
    <p class='ocr_par' dir='ltr' id='par_1_43' title="bbox 556 4543 3702 4642">
     <span class='ocr_line' id='line_1_44' title="bbox 556 4543 3702 4642; baseline -0.005 -19"><span class='ocrx_word' id='word_1_325' title='bbox 556 4563 629 4623; x_wconf 82' lang='lat' dir='ltr'><strong>In</strong></span> <span class='ocrx_word' id='word_1_326' title='bbox 668 4562 876 4640; x_wconf 89' lang='lat' dir='ltr'><strong>prima</strong></span> <span class='ocrx_word' id='word_1_327' title='bbox 909 4562 1185 4641; x_wconf 88' lang='lat' dir='ltr'><strong>epistola</strong></span> <span class='ocrx_word' id='word_1_328' title='bbox 1218 4563 1690 4642; x_wconf 89' lang='lat' dir='ltr'><strong>promotionem</strong></span> <span class='ocrx_word' id='word_1_329' title='bbox 1719 4543 1899 4625; x_wconf 81' lang='lat' dir='ltr'><strong>suam</strong></span> <span class='ocrx_word' id='word_1_330' title='bbox 1933 4560 2113 4641; x_wconf 79' lang='lat' dir='ltr'><strong>gregi</strong></span> <span class='ocrx_word' id='word_1_331' title='bbox 2146 4575 2268 4623; x_wconf 91' lang='lat' dir='ltr'><strong>suo</strong></span> <span class='ocrx_word' id='word_1_332' title='bbox 2298 4558 2667 4631; x_wconf 82' lang='lat' dir='ltr'><strong>annuntiat.</strong></span> <span class='ocrx_word' id='word_1_333' title='bbox 2696 4566 2754 4619; x_wconf 91' lang='lat' dir='ltr'><strong>et</strong></span> <span class='ocrx_word' id='word_1_334' title='bbox 2790 4558 2943 4638; x_wconf 80' lang='lat' dir='ltr'><strong>quia</strong></span> <span class='ocrx_word' id='word_1_335' title='bbox 2996 4575 3153 4636; x_wconf 81' lang='lat' dir='ltr'><strong>grex</strong></span> <span class='ocrx_word' id='word_1_336' title='bbox 3187 4557 3299 4617; x_wconf 89' lang='lat' dir='ltr'><strong>ille</strong></span> <span class='ocrx_word' id='word_1_337' title='bbox 3332 4561 3617 4618; x_wconf 83' lang='lat' dir='ltr'><strong>versatur</strong></span> <span class='ocrx_word' id='word_1_338' title='bbox 3646 4543 3702 4602; x_wconf 88' lang='lat' dir='ltr'><strong>in</strong></span> 
     </span>
    </p>
   </div>
   <div class='ocr_carea' id='block_1_44' title="bbox 485 4645 3702 4739">
    <p class='ocr_par' dir='ltr' id='par_1_44' title="bbox 485 4645 3702 4739">
     <span class='ocr_line' id='line_1_45' title="bbox 485 4645 3702 4739; baseline -0.003 -22"><span class='ocrx_word' id='word_1_339' title='bbox 485 4658 643 4719; x_wconf 86' lang='lat' dir='ltr'><strong>urbe</strong></span> <span class='ocrx_word' id='word_1_340' title='bbox 677 4659 924 4736; x_wconf 86' lang='lat' dir='ltr'><strong>captiva</strong></span> <span class='ocrx_word' id='word_1_341' title='bbox 956 4666 1017 4720; x_wconf 87' lang='lat' dir='ltr'><strong>et</strong></span> <span class='ocrx_word' id='word_1_342' title='bbox 1050 4674 1383 4736; x_wconf 81' lang='lat' dir='ltr'><strong>Oppressa,</strong></span> <span class='ocrx_word' id='word_1_343' title='bbox 1422 4660 1497 4721; x_wconf 91' lang='lat' dir='ltr'><strong>ad</strong></span> <span class='ocrx_word' id='word_1_344' title='bbox 1538 4676 1732 4738; x_wconf 89' lang='lat' dir='ltr'><strong>quam</strong></span> <span class='ocrx_word' id='word_1_345' title='bbox 1764 4660 2065 4720; x_wconf 90' lang='lat' dir='ltr'><strong>accedere</strong></span> <span class='ocrx_word' id='word_1_346' title='bbox 2096 4659 2348 4739; x_wconf 88' lang='lat' dir='ltr'><strong>nequit,</strong></span> <span class='ocrx_word' id='word_1_347' title='bbox 2398 4659 2768 4737; x_wconf 85' lang='lat' dir='ltr'><strong>patientiam</strong></span> <span class='ocrx_word' id='word_1_348' title='bbox 2803 4667 2864 4719; x_wconf 91' lang='lat' dir='ltr'><strong>et</strong></span> <span class='ocrx_word' id='word_1_349' title='bbox 2905 4656 3348 4718; x_wconf 89' lang='lat' dir='ltr'><strong>fortitudinem</strong></span> <span class='ocrx_word' id='word_1_350' title='bbox 3400 4649 3585 4717; x_wconf 88' lang='lat' dir='ltr'><strong>animi</strong></span> <span class='ocrx_word' id='word_1_351' title='bbox 3641 4645 3702 4703; x_wconf 89' lang='lat' dir='ltr'><strong>in</strong></span> 
     </span>
    </p>
   </div>
   <div class='ocr_carea' id='block_1_45' title="bbox 488 4743 3765 4835">
    <p class='ocr_par' dir='ltr' id='par_1_45' title="bbox 488 4743 3765 4835">
     <span class='ocr_line' id='line_1_46' title="bbox 488 4743 3765 4835; baseline -0.002 -21"><span class='ocrx_word' id='word_1_352' title='bbox 488 4755 955 4818; x_wconf 85' lang='lat' dir='ltr'><strong>tentationibus</strong></span> <span class='ocrx_word' id='word_1_353' title='bbox 993 4755 1313 4833; x_wconf 57' lang='lat' dir='ltr'><strong>praecipue</strong></span> <span class='ocrx_word' id='word_1_354' title='bbox 1349 4759 1778 4835; x_wconf 86' lang='lat' dir='ltr'><strong>commendat.</strong></span> <span class='ocrx_word' id='word_1_355' title='bbox 1816 4755 2064 4817; x_wconf 89' lang='lat' dir='ltr'><strong>Deinde</strong></span> <span class='ocrx_word' id='word_1_356' title='bbox 2103 4753 2385 4821; x_wconf 87' lang='lat' dir='ltr'><strong>ostendit</strong></span> <span class='ocrx_word' id='word_1_357' title='bbox 2418 4753 2752 4815; x_wconf 64' lang='lat' dir='ltr'><strong>haereticos</strong></span> <span class='ocrx_word' id='word_1_358' title='bbox 2786 4750 3017 4814; x_wconf 88' lang='lat' dir='ltr'><strong>sedulo</strong></span> <span class='ocrx_word' id='word_1_359' title='bbox 3046 4751 3395 4830; x_wconf 80' lang='lat' dir='ltr'><strong>fugiendos</strong></span> <span class='ocrx_word' id='word_1_360' title='bbox 3435 4761 3595 4812; x_wconf 68' lang='lat' dir='ltr'><strong>esse.</strong></span> <span class='ocrx_word' id='word_1_361' title='bbox 3646 4743 3700 4797; x_wconf 73' lang='grc' dir='ltr'><strong>ει</strong></span> <span class='ocrx_word' id='word_1_362' title='bbox 3762 4763 3765 4769; x_wconf 80' lang='lat'><strong><em>‘</em></strong></span> 
     </span>
    </p>
   </div>
   <div class='ocr_carea' id='block_1_46' title="bbox 487 4844 3698 4929">
    <p class='ocr_par' dir='ltr' id='par_1_46' title="bbox 487 4844 3698 4929">
     <span class='ocr_line' id='line_1_47' title="bbox 487 4844 3698 4929; baseline -0.005 -18"><span class='ocrx_word' id='word_1_363' title='bbox 487 4851 823 4913; x_wconf 86' lang='lat' dir='ltr'><strong>Palamitas</strong></span> <span class='ocrx_word' id='word_1_364' title='bbox 862 4850 1120 4914; x_wconf 82' lang='lat' dir='ltr'><strong>refellit.</strong></span> <span class='ocrx_word' id='word_1_365' title='bbox 1163 4851 1456 4912; x_wconf 88' lang='lat' dir='ltr'><strong>Secunda</strong></span> <span class='ocrx_word' id='word_1_366' title='bbox 1487 4851 1762 4926; x_wconf 83' lang='lat' dir='ltr'><strong>epistola</strong></span> <span class='ocrx_word' id='word_1_367' title='bbox 1792 4853 1925 4913; x_wconf 85' lang='lat' dir='ltr'><strong>fere</strong></span> <span class='ocrx_word' id='word_1_368' title='bbox 1964 4852 2032 4913; x_wconf 91' lang='lat' dir='ltr'><strong>in</strong></span> <span class='ocrx_word' id='word_1_369' title='bbox 2069 4851 2298 4915; x_wconf 91' lang='lat' dir='ltr'><strong>eodem</strong></span> <span class='ocrx_word' id='word_1_370' title='bbox 2356 4856 2735 4929; x_wconf 79' lang='lat' dir='ltr'><strong>argumento</strong></span> <span class='ocrx_word' id='word_1_371' title='bbox 2799 4847 3162 4911; x_wconf 83' lang='lat' dir='ltr'><strong>evolvendo</strong></span> <span class='ocrx_word' id='word_1_372' title='bbox 3228 4855 3351 4907; x_wconf 92' lang='lat' dir='ltr'><strong>tota</strong></span> <span class='ocrx_word' id='word_1_373' title='bbox 3408 4844 3698 4929; x_wconf 85' lang='lat' dir='ltr'><strong>versatur.</strong></span> 
     </span>
    </p>
   </div>
   <div class='ocr_carea' id='block_1_47' title="bbox 488 4928 3701 5025">
    <p class='ocr_par' dir='ltr' id='par_1_47' title="bbox 488 4928 3701 5025">
     <span class='ocr_line' id='line_1_48' title="bbox 488 4928 3701 5025; baseline -0.002 -21"><span class='ocrx_word' id='word_1_374' title='bbox 488 4946 711 5008; x_wconf 80' lang='lat' dir='ltr'><strong>Eidem</strong></span> <span class='ocrx_word' id='word_1_375' title='bbox 743 4946 988 5009; x_wconf 89' lang='lat' dir='ltr'><strong>accedit</strong></span> <span class='ocrx_word' id='word_1_376' title='bbox 1024 4946 1371 5025; x_wconf 83' lang='lat' dir='ltr'><strong>gratiarum</strong></span> <span class='ocrx_word' id='word_1_377' title='bbox 1403 4945 1595 5018; x_wconf 87' lang='lat' dir='ltr'><strong>actio,</strong></span> <span class='ocrx_word' id='word_1_378' title='bbox 1630 4960 1708 5006; x_wconf 91' lang='lat' dir='ltr'><strong>eo</strong></span> <span class='ocrx_word' id='word_1_379' title='bbox 1736 4946 1907 5022; x_wconf 85' lang='lat' dir='ltr'><strong>quod</strong></span> <span class='ocrx_word' id='word_1_380' title='bbox 1949 4945 2252 5009; x_wconf 87' lang='lat' dir='ltr'><strong>liberatus</strong></span> <span class='ocrx_word' id='word_1_381' title='bbox 2282 4928 2539 5008; x_wconf 84' lang='lat' dir='ltr'><strong>fuerita</strong></span> <span class='ocrx_word' id='word_1_382' title='bbox 2573 4952 2748 5022; x_wconf 84' lang='lat' dir='ltr'><strong>peste</strong></span> <span class='ocrx_word' id='word_1_383' title='bbox 2782 4950 2843 5004; x_wconf 88' lang='lat' dir='ltr'><strong>et</strong></span> <span class='ocrx_word' id='word_1_384' title='bbox 2871 4961 2907 5005; x_wconf 86' lang='lat' dir='ltr'><strong>a</strong></span> <span class='ocrx_word' id='word_1_385' title='bbox 2939 4951 3164 5006; x_wconf 84' lang='lat' dir='ltr'><strong>morte.</strong></span> <span class='ocrx_word' id='word_1_386' title='bbox 3202 4942 3416 5004; x_wconf 89' lang='lat' dir='ltr'><strong>Tertia</strong></span> <span class='ocrx_word' id='word_1_387' title='bbox 3440 4928 3701 5013; x_wconf 63' lang='lat' dir='ltr'><strong>epistola</strong></span> 
     </span>
    </p>
   </div>
   <div class='ocr_carea' id='block_1_48' title="bbox 483 5027 3695 5121">
    <p class='ocr_par' dir='ltr' id='par_1_48' title="bbox 483 5027 3695 5121">
     <span class='ocr_line' id='line_1_49' title="bbox 483 5027 3695 5121; baseline -0.005 -20"><span class='ocrx_word' id='word_1_388' title='bbox 483 5042 884 5121; x_wconf 64' lang='lat' dir='ltr'><strong>exponendas</strong></span> <span class='ocrx_word' id='word_1_389' title='bbox 915 5059 1111 5104; x_wconf 62' lang='lat' dir='ltr'><strong>sacrae</strong></span> <span class='ocrx_word' id='word_1_390' title='bbox 1140 5042 1449 5103; x_wconf 72' lang='lat' dir='ltr'><strong>doctrinae</strong></span> <span class='ocrx_word' id='word_1_391' title='bbox 1477 5049 1537 5101; x_wconf 91' lang='lat' dir='ltr'><strong>et</strong></span> <span class='ocrx_word' id='word_1_392' title='bbox 1566 5042 2083 5104; x_wconf 63' lang='lat' dir='ltr'><strong>commendandae</strong></span> <span class='ocrx_word' id='word_1_393' title='bbox 2119 5042 2484 5120; x_wconf 75' lang='lat' dir='ltr'><strong>disciplima</strong></span> <span class='ocrx_word' id='word_1_394' title='bbox 2513 5040 2962 5103; x_wconf 67' lang='lat' dir='ltr'><strong>ecclesiasticae</strong></span> <span class='ocrx_word' id='word_1_395' title='bbox 3010 5040 3143 5102; x_wconf 82' lang='lat' dir='ltr'><strong>fere</strong></span> <span class='ocrx_word' id='word_1_396' title='bbox 3176 5040 3421 5117; x_wconf 82' lang='lat' dir='ltr'><strong>integra</strong></span> <span class='ocrx_word' id='word_1_397' title='bbox 3450 5027 3695 5094; x_wconf 79' lang='lat' dir='ltr'><strong>adhibe-</strong></span> 
     </span>
    </p>
   </div>
   <div class='ocr_carea' id='block_1_49' title="bbox 484 5124 3697 5219">
    <p class='ocr_par' dir='ltr' id='par_1_49' title="bbox 484 5124 3697 5219">
     <span class='ocr_line' id='line_1_50' title="bbox 484 5124 3697 5219; baseline -0.004 -19"><span class='ocrx_word' id='word_1_398' title='bbox 484 5146 609 5200; x_wconf 87' lang='lat' dir='ltr'><strong>tur.</strong></span> <span class='ocrx_word' id='word_1_399' title='bbox 643 5141 880 5219; x_wconf 80' lang='lat' dir='ltr'><strong>Auctor</strong></span> <span class='ocrx_word' id='word_1_400' title='bbox 910 5137 1434 5201; x_wconf 83' lang='lat' dir='ltr'><strong>sacerdotessibi</strong></span> <span class='ocrx_word' id='word_1_401' title='bbox 1470 5136 1794 5216; x_wconf 87' lang='lat' dir='ltr'><strong>subjectos</strong></span> <span class='ocrx_word' id='word_1_402' title='bbox 1823 5137 2184 5218; x_wconf 85' lang='lat' dir='ltr'><strong>alloquens.</strong></span> <span class='ocrx_word' id='word_1_403' title='bbox 2222 5139 2301 5201; x_wconf 91' lang='lat' dir='ltr'><strong>de</strong></span> <span class='ocrx_word' id='word_1_404' title='bbox 2334 5137 2773 5207; x_wconf 84' lang='lat' dir='ltr'><strong>incarnatione</strong></span> <span class='ocrx_word' id='word_1_405' title='bbox 2808 5137 3088 5211; x_wconf 90' lang='lat' dir='ltr'><strong>Domini,</strong></span> <span class='ocrx_word' id='word_1_406' title='bbox 3121 5138 3201 5197; x_wconf 89' lang='lat' dir='ltr'><strong>de</strong></span> <span class='ocrx_word' id='word_1_407' title='bbox 3231 5124 3697 5213; x_wconf 73' lang='lat' dir='ltr'><strong>regeneratione</strong></span> 
     </span>
    </p>
   </div>
   <div class='ocr_carea' id='block_1_50' title="bbox 483 5228 3700 5313">
    <p class='ocr_par' dir='ltr' id='par_1_50' title="bbox 483 5228 3700 5313">
     <span class='ocr_line' id='line_1_51' title="bbox 483 5228 3700 5313; baseline -0.005 -20"><span class='ocrx_word' id='word_1_408' title='bbox 483 5233 771 5299; x_wconf 80' lang='lat' dir='ltr'><strong>ﬁdelium</strong></span> <span class='ocrx_word' id='word_1_409' title='bbox 804 5234 969 5295; x_wconf 85' lang='lat' dir='ltr'><strong>etde</strong></span> <span class='ocrx_word' id='word_1_410' title='bbox 1002 5230 1245 5293; x_wconf 85' lang='lat' dir='ltr'><strong>divinis</strong></span> <span class='ocrx_word' id='word_1_411' title='bbox 1276 5233 1693 5309; x_wconf 86' lang='lat' dir='ltr'><strong>sacramentis</strong></span> <span class='ocrx_word' id='word_1_412' title='bbox 1730 5234 1991 5312; x_wconf 89' lang='lat' dir='ltr'><strong>copiose</strong></span> <span class='ocrx_word' id='word_1_413' title='bbox 2023 5234 2311 5296; x_wconf 91' lang='lat' dir='ltr'><strong>disserit.</strong></span> <span class='ocrx_word' id='word_1_414' title='bbox 2369 5234 2618 5296; x_wconf 87' lang='lat' dir='ltr'><strong>Deinde</strong></span> <span class='ocrx_word' id='word_1_415' title='bbox 2648 5241 3029 5313; x_wconf 85' lang='lat' dir='ltr'><strong>potestatem</strong></span> <span class='ocrx_word' id='word_1_416' title='bbox 3063 5228 3465 5312; x_wconf 86' lang='lat' dir='ltr'><strong>spiritualem</strong></span> <span class='ocrx_word' id='word_1_417' title='bbox 3510 5232 3700 5282; x_wconf 88' lang='lat' dir='ltr'><strong>sacer-</strong></span> 
     </span>
    </p>
   </div>
   <div class='ocr_carea' id='block_1_51' title="bbox 485 5324 3696 5407">
    <p class='ocr_par' dir='ltr' id='par_1_51' title="bbox 485 5324 3696 5407">
     <span class='ocr_line' id='line_1_52' title="bbox 485 5324 3696 5407; baseline -0.006 -18"><span class='ocrx_word' id='word_1_418' title='bbox 485 5331 707 5392; x_wconf 89' lang='lat' dir='ltr'><strong>dotum</strong></span> <span class='ocrx_word' id='word_1_419' title='bbox 746 5328 1200 5407; x_wconf 87' lang='lat' dir='ltr'><strong>pulcherrimis</strong></span> <span class='ocrx_word' id='word_1_420' title='bbox 1228 5329 1441 5395; x_wconf 87' lang='lat' dir='ltr'><strong>verbis</strong></span> <span class='ocrx_word' id='word_1_421' title='bbox 1472 5332 1899 5403; x_wconf 90' lang='lat' dir='ltr'><strong>commendat,</strong></span> <span class='ocrx_word' id='word_1_422' title='bbox 1941 5331 2691 5392; x_wconf 87' lang='lat' dir='ltr'><strong>transubstantiationem</strong></span> <span class='ocrx_word' id='word_1_423' title='bbox 2741 5330 3055 5407; x_wconf 76' lang='lat' dir='ltr'><strong>agnoscit,</strong></span> <span class='ocrx_word' id='word_1_424' title='bbox 3090 5345 3163 5390; x_wconf 91' lang='lat' dir='ltr'><strong>ac</strong></span> <span class='ocrx_word' id='word_1_425' title='bbox 3216 5328 3295 5388; x_wconf 88' lang='lat' dir='ltr'><strong>de</strong></span> <span class='ocrx_word' id='word_1_426' title='bbox 3329 5324 3455 5385; x_wconf 86' lang='lat' dir='ltr'><strong>vita</strong></span> <span class='ocrx_word' id='word_1_427' title='bbox 3506 5324 3696 5376; x_wconf 85' lang='lat' dir='ltr'><strong>sacer-</strong></span> 
     </span>
    </p>
   </div>
   <div class='ocr_carea' id='block_1_52' title="bbox 487 5424 3322 5504">
    <p class='ocr_par' dir='ltr' id='par_1_52' title="bbox 487 5424 3322 5504">
     <span class='ocr_line' id='line_1_53' title="bbox 487 5424 3322 5504; baseline -0.001 -19"><span class='ocrx_word' id='word_1_428' title='bbox 487 5428 712 5496; x_wconf 86' lang='lat' dir='ltr'><strong>dotali,</strong></span> <span class='ocrx_word' id='word_1_429' title='bbox 745 5426 903 5504; x_wconf 91' lang='lat' dir='ltr'><strong>quid</strong></span> <span class='ocrx_word' id='word_1_430' title='bbox 937 5424 1187 5486; x_wconf 85' lang='lat' dir='ltr'><strong>scilicet</strong></span> <span class='ocrx_word' id='word_1_431' title='bbox 1218 5427 1535 5488; x_wconf 84' lang='lat' dir='ltr'><strong>sacerdoti</strong></span> <span class='ocrx_word' id='word_1_432' title='bbox 1576 5426 1972 5498; x_wconf 84' lang='lat' dir='ltr'><strong>faciendum,</strong></span> <span class='ocrx_word' id='word_1_433' title='bbox 2011 5427 2170 5504; x_wconf 88' lang='lat' dir='ltr'><strong>quid</strong></span> <span class='ocrx_word' id='word_1_434' title='bbox 2207 5425 2591 5504; x_wconf 82' lang='lat' dir='ltr'><strong>fugiendum</strong></span> <span class='ocrx_word' id='word_1_435' title='bbox 2616 5426 2722 5496; x_wconf 90' lang='lat' dir='ltr'><strong>sit,</strong></span> <span class='ocrx_word' id='word_1_436' title='bbox 2763 5426 3028 5502; x_wconf 80' lang='lat' dir='ltr'><strong>prolixe</strong></span> <span class='ocrx_word' id='word_1_437' title='bbox 3052 5428 3322 5485; x_wconf 88' lang='lat' dir='ltr'><strong>enarrat.</strong></span> 
     </span>
    </p>
   </div>
   <div class='ocr_carea' id='block_1_53' title="bbox 568 5505 3694 5601">
    <p class='ocr_par' dir='ltr' id='par_1_53' title="bbox 568 5505 3694 5601">
     <span class='ocr_line' id='line_1_54' title="bbox 568 5505 3694 5601; baseline -0.003 -19"><span class='ocrx_word' id='word_1_438' title='bbox 568 5522 781 5583; x_wconf 86' lang='lat' dir='ltr'><strong>Editio</strong></span> <span class='ocrx_word' id='word_1_439' title='bbox 819 5520 951 5583; x_wconf 71' lang='lat' dir='ltr'><strong>hmo</strong></span> <span class='ocrx_word' id='word_1_440' title='bbox 981 5520 1264 5585; x_wconf 78' lang='lat' dir='ltr'><strong>Romana</strong></span> <span class='ocrx_word' id='word_1_441' title='bbox 1298 5522 1459 5585; x_wconf 85' lang='lat' dir='ltr'><strong>adeo</strong></span> <span class='ocrx_word' id='word_1_442' title='bbox 1484 5540 1625 5587; x_wconf 85' lang='lat' dir='ltr'><strong>rara</strong></span> <span class='ocrx_word' id='word_1_443' title='bbox 1670 5532 1788 5596; x_wconf 76' lang='lat' dir='ltr'><strong>est.</strong></span> <span class='ocrx_word' id='word_1_444' title='bbox 1824 5530 1893 5585; x_wconf 90' lang='lat' dir='ltr'><strong>ut</strong></span> <span class='ocrx_word' id='word_1_445' title='bbox 1933 5522 2399 5601; x_wconf 80' lang='lat' dir='ltr'><strong>bibliographis</strong></span> <span class='ocrx_word' id='word_1_446' title='bbox 2435 5521 2569 5583; x_wconf 81' lang='lat' dir='ltr'><strong>fere</strong></span> <span class='ocrx_word' id='word_1_447' title='bbox 2601 5520 2909 5583; x_wconf 86' lang='lat' dir='ltr'><strong>omnibus</strong></span> <span class='ocrx_word' id='word_1_448' title='bbox 2962 5519 3293 5600; x_wconf 87' lang='lat' dir='ltr'><strong>incognita</strong></span> <span class='ocrx_word' id='word_1_449' title='bbox 3324 5515 3409 5577; x_wconf 91' lang='lat' dir='ltr'><strong>sit</strong></span> <span class='ocrx_word' id='word_1_450' title='bbox 3447 5505 3541 5572; x_wconf 84' lang='lat' dir='ltr'><strong>vel</strong></span> <span class='ocrx_word' id='word_1_451' title='bbox 3567 5509 3694 5563; x_wconf 68' lang='grc' dir='ltr'><strong>που</strong></span> 
     </span>
    </p>
   </div>
   <div class='ocr_carea' id='block_1_54' title="bbox 487 5620 1839 5701">
    <p class='ocr_par' dir='ltr' id='par_1_54' title="bbox 487 5620 1839 5701">
     <span class='ocr_line' id='line_1_55' title="bbox 487 5620 1839 5701; baseline 0.001 -20"><span class='ocrx_word' id='word_1_452' title='bbox 487 5621 649 5701; x_wconf 77' lang='lat' dir='ltr'><strong>visa.</strong></span> <span class='ocrx_word' id='word_1_453' title='bbox 1834 5620 1839 5629; x_wconf 55' lang='grc'><em>⁴</em></span> 
     </span>
    </p>
   </div>
   <div class='ocr_carea' id='block_1_55' title="bbox 500 5689 3688 5798">
    <p class='ocr_par' dir='ltr' id='par_1_55' title="bbox 500 5689 3688 5798">
     <span class='ocr_line' id='line_1_56' title="bbox 500 5689 3688 5798; baseline -0.006 -22"><span class='ocrx_word' id='word_1_454' title='bbox 500 5710 503 5715; x_wconf 83' lang='grc'><em>’</em></span> <span class='ocrx_word' id='word_1_455' title='bbox 554 5694 801 5779; x_wconf 67' lang='grc' dir='ltr'><strong>Ῥτωιει·</strong></span> <span class='ocrx_word' id='word_1_456' title='bbox 835 5721 959 5778; x_wconf 88' lang='lat' dir='ltr'><strong>tres</strong></span> <span class='ocrx_word' id='word_1_457' title='bbox 988 5715 1293 5795; x_wconf 84' lang='lat' dir='ltr'><strong>epistolas</strong></span> <span class='ocrx_word' id='word_1_458' title='bbox 1332 5722 1395 5782; x_wconf 88' lang='lat' dir='ltr'><strong>et</strong></span> <span class='ocrx_word' id='word_1_459' title='bbox 1425 5719 1782 5783; x_wconf 84' lang='lat' dir='ltr'><strong>orationem</strong></span> <span class='ocrx_word' id='word_1_460' title='bbox 1812 5717 1925 5789; x_wconf 51' lang='lat' dir='ltr'><strong>,hic</strong></span> <span class='ocrx_word' id='word_1_461' title='bbox 1958 5720 2331 5798; x_wconf 82' lang='lat' dir='ltr'><strong>impressas,</strong></span> <span class='ocrx_word' id='word_1_462' title='bbox 2376 5726 2626 5783; x_wconf 81' lang='lat' dir='ltr'><strong>exstant</strong></span> <span class='ocrx_word' id='word_1_463' title='bbox 2667 5718 2958 5798; x_wconf 80' lang='lat' dir='ltr'><strong>ejusdem</strong></span> <span class='ocrx_word' id='word_1_464' title='bbox 3001 5712 3406 5797; x_wconf 82' lang='lat' dir='ltr'><strong>TheOphanis</strong></span> <span class='ocrx_word' id='word_1_465' title='bbox 3438 5709 3499 5771; x_wconf 82' lang='lat' dir='ltr'><strong>in</strong></span> <span class='ocrx_word' id='word_1_466' title='bbox 3528 5689 3688 5763; x_wconf 66' lang='lat' dir='ltr'><strong>codd.</strong></span> 
     </span>
    </p>
   </div>
   <div class='ocr_carea' id='block_1_56' title="bbox 487 5828 682 5875">
    <p class='ocr_par' dir='ltr' id='par_1_56' title="bbox 487 5828 682 5875">
     <span class='ocr_line' id='line_1_57' title="bbox 487 5828 682 5875; baseline -0.041 0"><span class='ocrx_word' id='word_1_467' title='bbox 487 5828 682 5875; x_wconf 71' lang='lat'><strong>11155.:</strong></span> 
     </span>
    </p>
   </div>
   <div class='ocr_carea' id='block_1_57' title="bbox 2153 1347 3819 1421">
    <p class='ocr_par' dir='ltr' id='par_1_57' title="bbox 2153 1347 3819 1421">
     <span class='ocr_line' id='line_1_58' title="bbox 2153 1347 3819 1421; baseline 0.002 -24"><span class='ocrx_word' id='word_1_468' title='bbox 2153 1348 2291 1412; x_wconf 72' lang='grc' dir='ltr'>ἁ).λᾲ</span> <span class='ocrx_word' id='word_1_469' title='bbox 2313 1349 2580 1416; x_wconf 79' lang='grc' dir='ltr'>γενναίως</span> <span class='ocrx_word' id='word_1_470' title='bbox 2616 1349 2756 1418; x_wconf 82' lang='grc' dir='ltr'><strong>μετά</strong></span> <span class='ocrx_word' id='word_1_471' title='bbox 2799 1348 3053 1418; x_wconf 78' lang='grc' dir='ltr'><strong>ἀνδρικοῦ</strong></span> <span class='ocrx_word' id='word_1_472' title='bbox 3089 1349 3184 1404; x_wconf 79' lang='grc' dir='ltr'>τοῦ</span> <span class='ocrx_word' id='word_1_473' title='bbox 3244 1352 3600 1421; x_wconf 80' lang='grc' dir='ltr'>φρονήματος</span> <span class='ocrx_word' id='word_1_474' title='bbox 3633 1353 3719 1404; x_wconf 76' lang='grc' dir='ltr'><strong>ἀν-</strong></span> <span class='ocrx_word' id='word_1_475' title='bbox 3815 1347 3819 1351; x_wconf 74' lang='grc'><em>’</em></span> 
     </span>
    </p>
   </div>
  </div>
