4016 6478
340 437 443 500 est
1764 451 2193 514 PRIEFATIO.
3496 450 3533 511 2
3573 454 3605 514 2

422 554 662 615 Contra
687 555 1118 622 Judceoslibri
1162 561 1246 622 Vl
1314 560 1627 642 (Parisiis
1666 572 1728 626 et
1760 564 2076 645 Oxonii).
2136 567 2413 631 Allatius
2479 568 2552 631 de
2610 567 2846 646 synodo
2906 567 3248 641 Photiana,
3321 583 3377 644 p.
3458 569 3598 643 5M,

340 649 556 711 laudat
594 650 1007 728 Theophanis
1041 655 1277 717 librum
1313 667 1607 720 octavum
1649 671 1872 722 contra
1894 662 2173 725 Iudaeos.

430 747 512 806 De
538 745 770 806 lumine
802 749 966 828 quod
999 752 1431 829 apostolorum
1462 756 1674 816 oculos
1702 758 2092 836 perstrinxit
2122 759 2192 820 in
2222 771 2429 821 monte
2463 759 2482 838 (
2516 758 2815 839 Tiiabor)
2850 757 3001 822 libri
3031 757 3109 822 V.

436 843 664 905 Contra
708 845 991 917 Latinos,
1027 848 1173 908 libri
1200 851 1310 912 ΙΙΙ.

430 941 514 1000 De
555 942 890 1017 Trinitate,
928 943 1094 1005 liber
1114 946 1162 1007 Ι.

428 1038 517 1096 De
547 1038 621 1100 B.
677 1039 928 1116 Virgine
961 1048 1019 1102 et
1060 1044 1525 1119 incarnatione,
1566 1046 1730 1109 iiber
1757 1050 1809 1110 Ι.

426 1134 715 1208 Quatuor
749 1135 975 1198 ultima
1001 1148 1341 1215 servantur
1374 1142 1440 1204 in
1475 1144 1810 1207 codicibus
1844 1146 2242 1209 Bodleianis.

1280 1293 1348 1347 12
1378 1293 1530 1363 Sept.
1569 1296 1732 1351 1861.

2927 1411 3103 1473 J.-B.
3150 1413 3237 1474 M.

354 1634 3579 1669 mm

1246 1731 2659 2006 THEOPHANIS

817 2111 2308 2337 ARCHIE-PISCOPI
2429 2178 3153 2341 Nlo-iam
3242 2230 3259 2239 --

1110 2453 1438 2601 QU/E
1564 2467 2261 2581 EXSTANT‘
2367 2468 2851 2591 ΟΡΕΒΑ,

932 2642 1143 2750 ΡῆἶΝΟ
1182 2687 1500 2750 PRIMUM
1540 2689 1650 2749 EX
1682 2688 2664 2754 BIBLIOTHECAVVATICANA
2711 2692 3000 2755 GRECE

567 2809 669 2873 ET
704 2811 1003 2877 LATINE
1027 2812 1301 2888 EDITA,
1347 2812 1422 2874 D.
1464 2811 1886 2878 CONSALVO
1934 2815 2197 2879 PONCE
2240 2817 2353 2879 DE
2398 2817 2616 2893 LEON
2664 2817 3192 2896 INTERPRETE,
3237 2822 3376 2897 QUI

1308 2945 1925 3007 ANNOTATIONES
1986 2946 2244 3009 ETIAM
2288 2946 2625 3008 ADDIDIT

740 3068 845 3131 ET
873 3068 1181 3141 VARIAS;
1208 3068 1655 3132 LECTIONES
1698 3069 1825 3143 EX,
1857 3070 2265 3143 ALTEBJUS
2303 3070 2619 3141 CODICIS
2653 3070 3200 3139 COLLATIONE.

1394 3246 1474 3295 Ea:
1495 3242 1726 3308 facultate
1756 3248 1804 3298 et
1833 3243 2214 3311 appprobatione
2246 3245 2585 3311 Superiorum.

1166 3551 1352 3614 Roma,
1384 3553 1513 3616 apud
1593 3554 1911 3606 Franciscum
1988 3553 2491 3618 Zannettum.,i590,
2559 3553 2765 3605 ἰπὶ-12.

1385 3873 1861 3921 ILLUSTRISSIMO
1915 3876 1996 3922 ET
2035 3870 2592 3921 REVERENDISSIMO

1053 4000 1120 4045 D.
1163 3999 1411 4044 DOMINO
1454 3998 1648 4043 BERN.
1690 4001 1772 4043 DE
1815 3999 2007 4046 ROIAS
2032 4031 2050 4061 ,
2098 4001 2396 4046 EPISCOPO
2422 3976 2944 4044 'POMPELONBNSI

1447 4130 1510 4175 D.
1545 4131 1903 4177 CONSALVUS
1942 4131 2145 4177 PONCE
2172 4132 2253 4177 DE
2282 4128 2446 4175 LEON

1826 4251 1883 4296 S.
1926 4251 1988 4296 P.
2033 4254 2101 4298 ι).

419 4588 695 4653 Quantum
723 4602 814 4653 ego
838 4586 1054 4640 debeam
1084 4583 1426 4653 pientissima:
1461 4584 1730 4638 memoria:
1778 4577 2146 4647 ChristOphori
2185 4577 2249 4632 de
2278 4578 2439 4649 Rojas
2470 4581 2846 4650 archiepiscopi
2884 4579 3211 4643 Hispalensis
3234 4580 3478 4633 avunculi
3500 4581 3603 4647 tui,

346 4685 455 4728 tute
487 4676 723 4727 omnium
753 4675 947 4741 optime
981 4671 1138 4734 nosti,
1168 4669 1443 4723 Bernarde
1498 4669 1739 4738 pontifex
1764 4668 2155 4733 illustrissime;
2205 4680 2254 4724 et
2284 4686 2376 4738 ego
2404 4672 2611 4740 quidem
2645 4673 2746 4725 nisi
2788 4686 2868 4724 me
2891 4670 3050 4740 plane
3086 4669 3363 4736 indignum
3389 4670 3603 4738 fecerim

348 4763 447 4816 hac
477 4765 611 4825 luce.
635 4776 907 4826 nunquam
973 4758 1250 4828 diffitebor.
1287 4756 1421 4813 Cum
1466 4758 1602 4810 enim
1651 4756 1975 4820 adolescens,
2009 4755 2114 4809 imo
2141 4758 2228 4811 vix
2254 4760 2464 4827 quidem
2499 4760 2742 4828 pueritia:
2778 4758 2974 4812 limites
3023 4772 3286 4826 egressus,
3317 4759 3604 4812 canonicus

349 4850 526 4918 factus
552 4863 719 4902 essem
751 4845 993 4914 ejusdem
1031 4844 1290 4908 ecclesia,
1324 4860 1482 4898 senex
1526 4843 1758 4912 optimus
1798 4842 1867 4895 ad
1899 4841 2013 4908 ejus
2042 4844 2476 4911 gubernationem
2513 4857 2839 4915 assumptus,
2880 4846 2987 4897 dici
3010 4861 3113 4898 non
3140 4853 3332 4911 potest,
3372 4862 3478 4915 quo
3521 4847 3604 4899 in-

348 4935 642 5004 dulgentia.
672 4951 777 5002 qua
810 4934 1008 5004 gratia,
1035 4951 1137 5004 quo
1169 4935 1368 5002 favore,
1400 4941 1614 4987 cetatem
1670 4947 1841 4985 meam
1880 4930 2088 4999 foverit,
2124 4935 2413 4994 ornaverit.
2466 4936 2775 5003 protexerit.
2805 4932 2932 4986 lam
2962 4942 3055 4987 tua
3086 4933 3140 4986 in
3166 4936 3483 4997 memerita,
3517 4947 3606 5003 qui

352 5039 412 5074 eo
447 5024 563 5086 ipso
595 5028 828 5087 tempore
854 5020 1275 5075 ecclesiasticam
1307 5036 1412 5074 rem
1459 5036 1552 5087 pro
1604 5017 1865 5071 avunculo
1896 5021 2171 5073 tractabas
2211 5020 2475 5089 (doctrina
2504 5039 2685 5090 nrmpe
2712 5037 2949 5091 regeeae,
2999 5021 3235 5076 moribus
3265 5022 3602 5082 illustrabas.

349 5107 584 5174 exemplo
610 5108 1007 5177 componebas),
1046 5109 1253 5178 majora
1287 5109 1523 5177 profecto
1545 5114 1688 5170 sunt,
1724 5121 1882 5175 quam
1923 5112 1981 5159 ut
2007 5108 2146 5162 brevi
2179 5109 2428 5174 epistolio
2459 5108 2829 5163 circumscribi
2863 5117 2957 5162 aut
2992 5109 3250 5168 debeant;
3273 5123 3362 5161 aut
3382 5109 3604 5175 possint.

354 5194 515 5248 Nunc
538 5212 654 5249 rero
688 5212 807 5249 cum
853 5197 1066 5250 diutina
1097 5198 1195 5249 hac
1225 5197 1652 5266 peregrinatione
1696 5211 1839 5258 mea,
1890 5211 1992 5248 non
2022 5211 2053 5248 a
2088 5206 2193 5248 tua:
2232 5195 2389 5248 istius
2444 5195 2816 5249 benerolcntirv
2854 5198 3181 5264 possessione
3218 5195 3401 5263 dejici,
3446 5209 3606 5260 quam

351 5284 480 5335 mihi
525 5294 827 5349 perpetuam
861 5284 1146 5351 pollicetur
1188 5285 1495 5339 humanitas
1528 5296 1642 5347 tua,
1671 5283 1763 5337 sed
1794 5284 2025 5336 muneris
2054 5282 2155 5335 mei
2190 5289 2369 5349 partes
2393 5283 2694 5348 intermitti,
2725 5292 2773 5338 et
2798 5285 2955 5350 quasi
2986 5287 3320 5355 languescere
3343 5281 3604 5341 timerem,

355 5371 523 5425 visum
557 5374 763 5439 quidem
790 5382 890 5433 est,
922 5373 979 5426 id
1009 5372 1148 5439 quod
1178 5372 1397 5435 privatis
1441 5373 1509 5425 at!
1543 5380 1590 5425 te
1612 5371 1828 5427 ,littcris
1863 5369 2169 5439 plerumque
2194 5369 2357 5437 facio,
2395 5371 2608 5440 publica
2638 5381 2976 5427 monumento
3013 5373 3224 5426 testari.
3261 5371 3604 5423 Accesserant

354 5458 423 5509 ad
459 5463 569 5512 ha'c
594 5464 832 5529 quietiam
866 5460 999 5523 alia,
1035 5476 1151 5529 qua:
1184 5476 1282 5525 me,
1331 5458 1471 5530 quod
1519 5460 1612 5513 diu
1648 5460 1778 5512 mihi
1842 5458 2112 5527 pollicitus
2178 5457 2406 5526 fueram,
2469 5463 2566 5513 hoc
2633 5461 2863 5515 maxime
2897 5471 3129 5532 tempore
3171 5467 3229 5512 ut
3271 5465 3603 5526 prtestarem,

353 5542 700 5611 impulerunt.
733 5545 991 5608 Primum,
1038 5548 1166 5599 anni
1202 5563 1327 5601 nove
1357 5548 1605 5600 vertentis
1638 5547 1893 5604 enccenia.
1929 5545 2022 5597 sub
2048 5559 2165 5612 qua:
2189 5555 2334 5600 vetus
2365 5545 2517 5601 habet
2567 5549 2916 5611 consuetudo,
2953 5558 3011 5600 ut
3059 5546 3259 5615 aliquid
3304 5552 3605 5622 strenarum

361 5631 572 5684 nomine
601 5634 842 5698 patronis
884 5634 1224 5687 missitemus.
1264 5633 1464 5686 Deinde
1497 5649 1672 5686 rerum
1705 5634 1810 5685 ista
1833 5632 1889 5685 in
1916 5640 2009 5686 tua
2040 5632 2250 5686 dioecesi
2272 5634 2515 5704 difficilis
2548 5637 2801 5689 conditio.
2839 5638 2979 5690 Nam
3008 5635 3104 5689 etsi
3135 5632 3227 5691 Dei
3258 5631 3602 5701 benignitate,

353 5725 405 5770 ct
440 5719 575 5787 regis
610 5719 775 5772 nostri
803 5736 975 5790 regum
1007 5720 1239 5774 amnium
1264 5730 1318 5774 ut
1352 5721 1574 5775 maximi
1621 5729 1667 5774 et
1696 5720 2059 5787 potentissimi,
2108 5719 2183 5773 ita
2227 5722 2417 5791 optimi
2471 5732 2519 5776 et
2580 5722 2965 5791 religiosissimi
3026 5729 3275 5789 perpetrm
3325 5720 3603 5790 vigilantia

357 5807 602 5860 universa
637 5808 901 5876 Hispania
927 5808 991 5862 ab
1026 5811 1292 5864 hatreseon
1323 5811 1681 5864 carcinomate
1713 5809 2060 5877 undequaque
2101 5807 2168 5863 sit
2199 5807 2404 5876 libera;
2441 5819 2496 5862 tu
2530 5820 2704 5863 tamen
2740 5825 2854 5863 eam
2885 5809 3105 5861 sortitus
3135 5823 3188 5861 es
3216 5808 3598 5869 ltwrellitatem,

357 5893 509 5957 cuius
532 5894 663 5963 ﬁnes
692 5912 722 5949 o
750 5896 1040 5951 vicinorum
1066 5896 1295 5953 hostium
1323 5898 1718 5955 incursionibus
1743 5897 1853 5952 dies
1886 5906 1934 5952 et
1966 5907 2139 5953 noctes
2177 5901 2334 5968 tueri,
2365 5915 2633 5970 nunquam
2667 5913 2907 5954 securum
2936 5914 3069 5965 esse,
3097 5914 3364 5965 nunquam
3389 5899 3596 5951 uictore
