4016 6514
424 438 535 504 2'33
1351 439 1871 500 THEOPHANES
1911 437 2333 502 EPISCOPUS
2372 440 2758 507 NIC.ENUS.
3584 442 3687 508 284

426 566 702 605 necessum
733 550 890 618 plane
920 549 1016 605 tibi
1040 550 1224 620 fuerit.
1252 549 1523 606 Habemus
1555 551 1711 604 isthic
1755 551 1928 603 ardua
1961 549 2363 620 Pyrcnnearum
2385 550 2541 621 juga,
2574 553 2731 619 quasi
2777 552 3023 622 qua’dam
3056 551 3209 607 avilis
3242 553 3345 612 tui.
3380 552 3490 608 ima
3510 554 3701 623 Hispa-

427 639 534 693 nite
565 639 748 703 totius,
781 640 1025 693 adversus
1051 637 1414 693 htereticorum
1448 638 1859 692 Navarratarum
1934 639 2133 692 rabiem
2166 641 2516 694 munimenta.
2557 642 2627 693 At
2670 641 2925 710 majorem
2980 643 3127 697 nobis
3167 641 3435 708 fiduciam
3484 653 3698 710 praestat

429 738 526 782 tua
561 729 751 787 virtus.
775 738 867 781 tua
905 728 1143 782 solertia.
1179 726 1335 781 Hane
1361 729 1439 798 (ut
1463 727 1631 781 solent
1660 727 1916 781 industrii
1947 727 2126 795 duces)
2154 728 2390 780 omnium
2434 727 2884 796 periculosissimo
2908 730 2963 782 in
2991 729 3106 782 acie
3138 730 3251 782 loco
3288 729 3373 782 uti
3418 728 3698 797 probatio-

424 832 560 879 rem.
601 818 921 871 constituere
951 817 1177 871 decrevit
1210 817 1435 872 ctzlestis
1456 817 1546 871 ille
1574 828 1905 887 aeternusque
1939 832 2115 870 rerum
2139 816 2500 870 humanarum
2538 819 2855 886 imperator.
2890 817 3006 888 Ego
3029 819 3197 889 igitur
3224 820 3280 872 in
3326 821 3463 875 meis
3488 822 3700 877 thesau-

426 906 522 965 ris.
551 905 608 958 id
662 915 735 959 est
781 906 1006 974 pauperi
1030 904 1368 967 bibliotheca.
1407 906 1727 977 scriptarum
1766 922 1830 959 ac
1869 904 2296 959 lucubrationum
2331 902 2531 957 levibus
2557 903 2869 967 sarcinulis.
2908 904 3044 958 nihil
3086 904 3246 958 habui
3283 906 3389 959 hoc
3446 917 3697 975 tempore,

422 992 521 1046 hoc
547 994 761 1062 inquam
796 993 987 1046 misero
1018 1003 1068 1046 et
1096 1003 1327 1047 extremo
1365 1003 1619 1061 tempore,
1664 1008 1767 1060 quo
1795 991 2118 1044 commodius
2162 1006 2366 1059 possem
2407 991 2661 1045 adversus
2710 993 3192 1058 importunissimos
3241 995 3424 1049 hostes
3492 1013 3701 1051 armen-

427 1079 626 1131 tariurn
667 1088 819 1131 tuum
843 1080 1107 1134 instruere
1132 1096 1290 1150 quam
1319 1080 1661 1149 pientissimis
1696 1078 2028 1149 Theophanis
2061 1081 2209 1133 urbis
2236 1076 2436 1133 Nicatat
2463 1077 2706 1147 praesulis
2737 1080 2971 1148 scriptis.
3010 1079 3213 1134 Dacent
3237 1082 3456 1150 quidem
3494 1083 3590 1138 illa
3622 1083 3700 1155 (ut

427 1175 483 1219 tu
515 1164 739 1236 videbis)
774 1165 1049 1219 Nictenum
1082 1167 1357 1235 populum,
1389 1177 1593 1236 quanta
1622 1167 1688 1220 sit
1721 1167 2005 1220 sacerdotii
2033 1182 2067 1219 a
2098 1165 2204 1219 Deo
2231 1165 2466 1219 instituti
2495 1165 2759 1234 dignitas,
2794 1180 2913 1235 qua
2946 1168 3256 1221 excellentia
3276 1186 3299 1233 ;
3335 1169 3571 1237 probant
3613 1189 3700 1226 sa-

425 1255 504 1306 cri
536 1254 739 1307 ordinis
768 1252 1063 1322 functiones
1094 1270 1249 1321 penes
1281 1270 1368 1307 eos
1398 1271 1527 1314 esse,
1570 1255 1660 1323 qui
1690 1254 1887 1308 divinis
1932 1252 2331 1309 churactertbus
2364 1253 2606 1322 insigniti
2637 1263 2761 1307 surtt
2780 1269 2799 1317 ,°
2839 1254 3205 1309 demonstrant
3234 1272 3344 1327 qua
3374 1259 3697 1323 innocentia,

420 1343 672 1407 puritate,
708 1342 1068 1395 sanctimonia
1096 1358 1208 1396 esse
1234 1358 1321 1396 eos
1356 1350 1614 1405 oporteat.
1643 1341 1733 1409 qui
1754 1341 1824 1393 ad
1850 1358 2112 1408 suprema:
2142 1341 2303 1409 hujus
2330 1342 2608 1410 dignitatis
2652 1343 2852 1408 apicem
2889 1343 3194 1397 evehuntur.
3228 1342 3339 1397 Isti
3380 1354 3570 1400 contra
3610 1363 3700 1401 sa-

421 1439 694 1482 cramenta
726 1429 974 1493 irrident,
1004 1430 1229 1498 profano
1258 1429 1448 1497 populo
1503 1446 1682 1482 eorum
1715 1439 2026 1497 potestatem
2090 1431 2372 1492 tribuunt;
2408 1441 2753 1482 sacramenta
2809 1443 2855 1483 et
2905 1446 2937 1483 a
2987 1430 3095 1484 Dea
3133 1432 3401 1485 traditam
3437 1434 3697 1499 εὐταξίαν

421 1515 774 1581 confundunt.
808 1515 888 1569 Eo
918 1517 1037 1586 quis
1069 1518 1216 1586 apud
1250 1533 1338 1570 eos
1359 1518 1723 1586 pratstantiar,
1750 1533 1853 1585 qua
1886 1518 2166 1585 impurior.
2202 1516 2568 1586 TheOphanem
2594 1516 2794 1570 videbis
2831 1517 2902 1570 ad
2922 1516 3285 1593 Christianam
3323 1524 3695 1590 constantiam,

423 1601 987 1673 longanimitatemque
1039 1604 1096 1657 in
1128 1602 1406 1659 laboribus
1468 1619 1532 1657 ac
1584 1603 1969 1657 tentationibus
2009 1604 2324 1669 habendam,
2385 1603 2636 1672 populum
2667 1620 2825 1663 suum
2857 1603 3277 1669 adhortantem;
3304 1619 3524 1673 contra,
3572 1610 3698 1664 istos

425 1690 779 1758 blasphemas,
817 1691 1114 1756 instabiles,
1147 1692 1317 1759 fontes
1376 1694 1490 1747 sine
1540 1709 1701 1762 aqua,
1739 1690 1958 1746 nebulas
2013 1692 2313 1746 turbinibus
2348 1691 2671 1760 exagitatus.
2708 1690 3075 1757 Theophanem
3124 1692 3264 1763 leges
3294 1694 3370 1747 ad
3403 1697 3698 1764 gratiarum

423 1781 705 1843 actionem,
752 1780 816 1833 ab
838 1782 1000 1848 pestis
1030 1781 1399 1843 cessationem,
1439 1780 1549 1834 Deo
1583 1781 1837 1834 bonarum
1870 1782 2109 1834 omnium
2151 1784 2359 1836 auctori
2390 1781 2737 1845 reddendam,
2766 1782 2970 1850 plebem
2994 1798 3149 1837 suam
3176 1784 3495 1840 inritantem
3522 1803 3541 1849 ;
3576 1795 3697 1841 sunt

427 1875 474 1920 et
507 1867 643 1919 inter
675 1868 807 1921 istos
840 1872 1020 1935 (atque
1050 1884 1079 1920 o
1105 1870 1309 1921 utinam
1330 1884 1431 1921 non
1460 1884 1645 1921 eorum
1672 1884 1798 1935 pars
1827 1868 2018 1938 major,
2050 1881 2100 1922 et
2140 1870 2284 1923 labes
2314 1871 2446 1929 hac.
2484 1886 2514 1924 o
2544 1871 2796 1923 miserum
2821 1887 3012 1937 tevum,
3041 1870 3182 1939 apud
3235 1887 3326 1926 eos
3350 1873 3586 1944 tantum)
3612 1876 3697 1944 qui

423 1969 589 2006 unum
633 1951 834 2007 Fatum
877 1953 1283 2025 Fortunamque
1319 1957 1574 2020 adorant,
1614 1957 1680 2008 iis
1715 1958 1892 2022 litant,
1931 1958 1995 2008 ab
2042 1957 2113 2010 iis
2170 1957 2475 2027 felicitatem
2510 1965 2608 2011 aut
2657 1957 3036 2026 infortunium,
3077 1957 3271 2012 belluis
3328 1961 3551 2031 quidem
3576 1963 3699 2031 ipsis

423 2042 765 2108 stupidiores,
803 2043 1024 2108 pendere
1052 2044 1411 2098 arbitrantur.
1448 2041 1818 2110 Theophanem
1853 2044 2040 2098 audies
2074 2045 2429 2099 humanarum
2463 2062 2641 2098 rerum
2674 2045 2964 2107 levitatem,
3019 2045 3312 2112 miseriam,
3347 2048 3698 2103 caducitatem

423 2140 851 2199 exat/gerentem,
874 2131 1377 2200 persuadentemque
1409 2132 1541 2198 suis,
1574 2139 1632 2184 ut
1659 2132 1725 2184 ab
1754 2133 1821 2186 iis
1852 2133 1923 2184 ad
1977 2134 2111 2187 bona
2144 2131 2340 2197 solida,
2390 2133 2565 2195 beata.
2626 2143 2826 2186 arterna
2868 2133 3073 2186 animos
3101 2134 3458 2203 transferant.
3492 2134 3594 2190 Isti
3638 2151 3699 2189 es:

422 2216 685 2271 diametro
711 2229 923 2273 terrena
962 2220 1200 2285 sapiunt,
1234 2218 1433 2286 seipsas
1459 2230 1665 2284 amant,
1702 2228 1816 2284 post
1838 2236 2053 2273 carnem
2074 2220 2130 2273 in
2187 2221 2540 2275 immunditiaz
2567 2221 2993 2290 concupiscentia
3026 2221 3334 2285 ambulant,
3367 2223 3697 2293 voluptatum

425 2322 606 2375 nempe
635 2308 1107 2374 amatores,magis
1136 2323 1297 2378 quam
1326 2306 1445 2361 Dei.
1480 2307 1814 2375 Theophanes
1846 2323 1950 2361 non
1977 2308 2128 2361 modo
2164 2308 2534 2361 hereticorum
2576 2308 2830 2361 novitates
2861 2317 2912 2361 et
2964 2323 3130 2370 prava
3159 2310 3416 2379 dogmata
3446 2310 3697 2381 fugienda

424 2408 540 2446 esse
581 2394 754 2452 da‘cet.
788 2396 881 2447 sed
906 2404 957 2447 et
986 2397 1308 2448 consortium
1349 2406 1396 2448 et
1451 2403 1786 2462 conspectum
1812 2410 1833 2460 ;
1880 2406 1934 2448 at
1969 2397 2056 2449 isti
2084 2411 2217 2448 nova
2248 2396 2502 2463 figmenta
2560 2403 2611 2449 et
2646 2396 2964 2467 perditionis
2990 2405 3162 2449 sectas
3186 2398 3433 2465 quotidie
3464 2400 3697 2451 introdu-

424 2491 571 2542 cunt,
603 2481 773 2534 solum
807 2483 884 2552 (ut
912 2484 1081 2552 inquit
1115 2484 1296 2537 beatus
1326 2482 1523 2542 Judas)
1565 2483 1961 2536 Daminatarem
2014 2490 2066 2536 et
2111 2481 2396 2535 Dominum
2430 2493 2673 2536 nostrum
2721 2482 2910 2537 Jesum
2962 2484 3236 2538 Christum
3286 2495 3563 2554 negantes.
3601 2485 3694 2539 llis

422 2569 594 2636 igitur
622 2579 698 2629 tu.
736 2570 923 2637 hisque
959 2569 1232 2623 similibus
1284 2570 1657 2636 spiritualibus
1715 2569 1837 2624 telis
1871 2571 2020 2636 (utet
2065 2572 2201 2624 beati
2236 2571 2469 2638 majores
2512 2572 2590 2622 tui
2619 2572 2965 2625 ecclesiarum
3022 2576 3289 2643 pastores)
3317 2574 3508 2629 irritos
3539 2574 3693 2643 facies

422 2657 774 2709 adversarum
803 2658 1038 2724 partium
1077 2668 1126 2710 te
1157 2659 1359 2710 circum
1419 2657 1654 2724 avileque
1705 2666 1853 2711 tuum
1905 2658 2240 2728 frementium
2278 2667 2435 2726 atque
2468 2658 2797 2712 ululantium
2833 2657 3085 2714 insultus.
3129 2658 3218 2714 Sic
3244 2677 3375 2715 vero
3404 2678 3493 2715 eos
3519 2661 3691 2714 irritas

422 2742 597 2810 facere
625 2743 922 2807 conaberis,
962 2755 1020 2797 ut
1063 2745 1541 2811 prwsmtissimum
1597 2743 1854 2799 Ecclesia:
1885 2746 2177 2815 periculum
2205 2746 2406 2797 instare
2450 2761 2758 2813 cognoscas.
2803 2743 2944 2797 Nam
2982 2762 3101 2815 qua:
3130 2746 3195 2799 ab
3243 2747 3477 2816 infelicis
3511 2746 3692 2801 Gallice

421 2829 578 2885 malis
607 2832 845 2885 universa
878 2833 993 2884 orbi
1020 2832 1355 2900 impendeant
1406 2831 1569 2895 mala,
1606 2849 1755 2886 nemo
1797 2845 1873 2887 est
1905 2843 2053 2885 tanta
2085 2836 2274 2887 misere
2304 2842 2624 2893 occrecatus.
2654 2834 2746 2902 qui
2776 2850 2880 2887 non
2911 2834 3103 2899 videat,
3127 2838 3217 2901 qui
3250 2851 3359 2889 non
3381 2835 3581 2899 doleat,
3607 2834 3693 2902 qui

422 2933 526 2970 non
557 2917 815 2984 deploret.
851 2915 1049 2970 Eorum
1100 2935 1221 2971 vero
1285 2920 1598 2982 remedium,
1638 2936 1756 2972 cum
1818 2920 1872 2973 in
1930 2919 2131 2975 caelesti
2185 2937 2249 2973 ac
2284 2919 2462 2974 divino
2491 2922 2748 2988 prasidio
2795 2920 3059 2987 praecipue
3098 2923 3265 2974 situm
3295 2923 3390 2986 sit,
3421 2925 3475 2976 in
3525 2934 3689 2976 vestra

423 3016 621 3066 tamen,
654 3004 843 3074 quibus
877 3005 1061 3073 populi
1088 3005 1384 3060 Christiani
1416 3008 1567 3061 salus
1604 3008 1889 3061 commissa
1915 3019 2014 3071 est,
2045 3008 2183 3061 bona
2215 3021 2279 3059 ea:
2306 3014 2457 3067 parte
2498 3006 2728 3073 positum
2770 3022 2903 3071 esse,
2935 3022 3134 3077 qua'so,
3168 3006 3533 3063 arbitremini.
3567 3007 3689 3073 Quis

419 3092 561 3144 enim
590 3094 648 3145 in
685 3093 877 3146 divinis
913 3091 1154 3159 Litteris,
1183 3096 1530 3149 conciliorum
1561 3096 1812 3157 decretis,
1846 3094 2075 3149 Patrum
2125 3094 2365 3160 scriptis,
2392 3095 2626 3163 antiquis
2655 3094 2916 3156 historiis,
2959 3093 3289 3165 quatidianis
3331 3097 3690 3164 experimentis

424 3189 537 3232 tam
568 3181 903 3251 peregrinus,
934 3182 1026 3251 qui
1056 3185 1278 3248 nesciat,
1302 3184 1575 3237 ministros
1606 3183 1906 3238 Christiani
1941 3182 2212 3251 Evangelii
2255 3183 2302 3235 si
2334 3197 2516 3235 eorum
2554 3183 2664 3235 vita
2698 3182 2860 3252 digna
2897 3184 2987 3246 sit,
3019 3183 3266 3237 doctrina
3298 3198 3581 3252 praestans,
3612 3186 3692 3238 in-

425 3271 669 3323 nocentia
718 3271 966 3338 probata,
1014 3274 1273 3325 sanctitas
1339 3282 1600 3341 spectata.
1662 3271 1863 3327 Christi
1912 3268 2106 3341 populo
2162 3268 2451 3336 plurimum
2504 3267 2866 3336 profuturos?
2914 3266 3142 3331 Contra,
3187 3270 3234 3323 si
3267 3271 3360 3323 isti
3394 3270 3565 3339 ofﬁcia
3600 3284 3689 3322 suo

423 3357 616 3416 desint,
647 3348 880 3411 muneris
914 3360 1000 3411 sui
1031 3360 1444 3419 obliviscuntur,
1474 3361 1683 3413 nullum
1710 3362 1763 3412 in
1791 3359 1899 3412 illis
1927 3359 2183 3412 doctrina:
2209 3367 2255 3409 et
2286 3356 2567 3424 probitatis
2608 3355 2870 3421 specimen
2900 3368 3177 3422 appareat,
3207 3352 3560 3411 edacissimas
3586 3370 3691 3410 esse

423 3445 594 3497 tineas
646 3455 711 3507 et,
734 3446 1052 3515 ferrugines.
1094 3463 1211 3513 qua:
1239 3448 1445 3501 intimis
1470 3462 1648 3500 rerum
1674 3446 2010 3515 publicarum
2040 3444 2325 3498 visceribus
2359 3444 2709 3505 adhwrentes,
2746 3444 2879 3496 lente
2911 3444 3122 3511 quidem
3153 3460 3215 3497 ac
3266 3446 3385 3499 sine
3410 3459 3689 3510 murmure,

421 3533 514 3585 sed
549 3535 758 3587 laudent
816 3533 1181 3587 inhumaniter
1212 3550 1304 3588 eas
1346 3534 1634 3587 corradunt
1675 3551 1735 3587 ac
1765 3536 2090 3604 discerpunt.
2129 3532 2266 3586 Sunt
2308 3530 2518 3601 quidem
2554 3530 2635 3584 illi
2680 3529 2895 3590 mwuia.
2945 3547 3008 3583 ac
3071 3536 3485 3601 propugnacula
3539 3530 3688 3598 hujus

421 3632 775 3674 sacrosancta:
799 3621 1050 3687 civitatis,
1082 3623 1210 3690 quid
1238 3623 1286 3676 si
1323 3621 1644 3674 collabentia
1695 3623 1891 3690 fuerint
1922 3634 1972 3674 et
2005 3622 2247 3694 ruinosa,
2279 3629 2329 3671 et
2361 3620 2414 3670 in
2437 3620 2710 3686 proprium
2742 3618 3079 3670 commodum
3122 3630 3170 3672 et
3204 3620 3503 3673 utilitatem
3535 3615 3692 3670 declio

422 3706 508 3759 via
531 3708 557 3760 ?
584 3705 755 3761 Canes
798 3707 883 3761 illi
914 3704 1068 3762 ovilis
1100 3709 1284 3777 hujus,
1316 3709 1445 3779 quid
1480 3711 1529 3762 si
1552 3709 1895 3763 somniculosi
1916 3718 1965 3761 et
1995 3707 2152 3774 muti,
2178 3707 2287 3758 ima
2314 3707 2474 3775 (quod
2503 3705 2812 3768 dolendum)
2841 3704 3177 3771 rapacissimi
3199 3705 3334 3773 lupi,
3365 3704 3689 3772 propriarum

426 3795 606 3847 avium
633 3796 834 3850 exuviis
862 3797 1092 3864 efferati,
1130 3813 1312 3852 earum
1346 3798 1605 3867 sanguine
1639 3798 1802 3850 rictus
1839 3806 1888 3850 et
1918 3811 2114 3865 ungues
2141 3792 2342 3863 perfusi
2365 3792 2392 3845 7
2419 3790 2556 3847 Sunt
2590 3794 2853 3844 exercitus
2878 3790 3048 3844 nostri
3070 3792 3414 3860 antesignani
3444 3801 3491 3844 et
3518 3788 3690 3858 primi-

423 3881 522 3948 pili
547 3896 566 3934 :
593 3884 720 3952 quid
752 3884 799 3936 si
838 3883 1242 3954 transfugarum
1267 3893 1317 3937 et
1350 3884 1753 3950 exploratorum
1785 3883 1962 3953 ofﬁcia
1990 3881 2327 3950 fungantur?
2378 3876 2732 3933 I’t'trsentium
2770 3879 3035 3931 malorum
3066 3878 3361 3945 medicina,
3396 3878 3687 3948 futurorum

425 3968 769 4033 prteservatio
792 3986 909 4023 esse
934 3971 1148 4029 solent:
1183 3988 1255 4024 an
1306 3972 1472 4041 igitur
1506 3987 1758 4025 venenum
1795 3972 1909 4024 loco
1941 3969 2173 4022 autidoti
2202 3967 2353 4020 nobis
2400 3967 2778 4036 propinabunt,
2805 3976 3004 4033 pestem
3033 3981 3096 4017 ac
3131 3965 3269 4018 luem
3299 3966 3446 4019 intra
3495 3975 3688 4018 nostros

425 4055 653 4123 parietes
680 4057 1008 4113 tmmittent.’
1032 4056 1305 4111 Bonorum
1338 4061 1421 4111 illi
1460 4077 1522 4113 ac
1554 4058 1953 4113 Catholicorum
1984 4055 2298 4125 defensores,
2327 4054 2608 4120 impiarum
2643 4063 2690 4105 et
2729 4052 3054 4119 perfidorum
3101 4052 3279 4106 hostes
3318 4069 3427 4107 esse
3464 4053 3639 4105 debent
3667 4062 3688 4111 ,'

427 4159 565 4196 anne
592 4144 699 4196 vice
723 4160 877 4197 versa
915 4147 1062 4198 bonis
1091 4155 1140 4197 et
1173 4144 1461 4200 Catholicis
1496 4148 1728 4200 molestae
1768 4159 2002 4198 noverca:
2040 4153 2214 4205 erunt,
2246 4141 2417 4205 impiis
2472 4151 2519 4193 et
2553 4140 2769 4207 perﬁdis
2821 4138 3147 4204 indulgentes
3205 4150 3252 4192 et
3289 4139 3473 4193 malles
3527 4133 3690 4189 nutri-

429 4231 564 4283 cula'
586 4232 612 4286 2
644 4230 877 4301 Denique
901 4231 984 4285 illi
1021 4243 1222 4299 patres,
1264 4237 1504 4288 doctores
1549 4245 1596 4287 et
1630 4234 1812 4295 amici,
1845 4232 1973 4296 quid
2005 4232 2214 4283 tandem
2252 4229 2298 4281 si
2343 4229 2789 4281 immisericordes
2824 4228 3063 4285 vitricos.
3100 4229 3148 4280 si
3176 4226 3347 4294 falsos
3388 4225 3684 4294 prophetas.

430 4319 479 4370 si
506 4301 878 4385 juratissimos
919 4320 1093 4373 hostes
1126 4336 1214 4373 eos
1246 4322 1537 4389 experiaris
1557 4321 1582 4373 ?
1608 4320 1748 4384 Quid
1777 4320 2038 4388 (inquam)
2074 4318 2117 4370 si
2143 4331 2230 4369 eos
2282 4315 2596 4382 temporalia
2627 4329 2721 4379 pro
2752 4317 2989 4377 alternis,
3018 4330 3151 4366 rana
3187 4329 3284 4382 pro
3315 4312 3468 4373 veris,
3498 4311 3685 4362 caduca

429 4421 527 4475 pro
554 4407 765 4470 solidis,
798 4407 1021 4468 fallacia
1054 4424 1150 4477 pra
1188 4410 1366 4472 certis,
1399 4410 1613 4477 propria
1639 4425 1735 4477 pro
1769 4405 2018 4476 publicis,
2057 4403 2290 4455 humana
2319 4418 2414 4468 pra
2444 4401 2660 4462 divinis,
2694 4417 2813 4453 cum
2840 4399 3165 4467 deplorando
3207 4401 3353 4453 orbis
3404 4390 3686 4452 Christiani

428 4495 687 4547 seandalo
718 4506 1043 4550 commutare
1070 4496 1399 4557 viderimus?
1443 4495 1633 4549 Verum
1684 4496 1796 4549 [nec
1828 4494 2061 4564 quidem,
2106 4492 2547 4558 prtrstantissime
2576 4490 2802 4557 praisul,
2845 4489 2941 4541 alii
2970 4504 3074 4540 non
3105 4504 3220 4557 ego,
3257 4489 3384 4541 aliis
3424 4502 3526 4538 non
3577 4480 3683 4535 tibi.

435 4580 767 4646 Theophanis
823 4583 1080 4649 opuscula
1109 4583 1396 4639 habuimus
1422 4585 1748 4653 jamdudum
1796 4597 1862 4635 ea;
1904 4579 2163 4656 Vaticana
2216 4594 2539 4633 summorum
2572 4576 2881 4644 pontificum
2922 4576 3263 4630 bibliotheca.
3297 4575 3402 4631 Sed
3425 4589 3539 4627 cum
3572 4567 3683 4637 plu-

433 4669 583 4721 rimis
626 4669 756 4723 locis
803 4673 954 4724 valde
999 4681 1172 4726 essent
1227 4673 1540 4739 depravata,
1569 4672 1851 4725 editionem
1897 4684 2079 4723 eorum
2126 4668 2398 4736 hucusque
2448 4666 2780 4717 distulimus.
2811 4663 2972 4718 Nunc
3012 4680 3131 4717 vero
3158 4666 3374 4716 tandem
3427 4656 3684 4725 exemplar

437 4758 666 4811 alterum
700 4759 868 4812 multo
896 4760 1206 4822 correctius,
1230 4776 1296 4813 ea:
1332 4758 1688 4812 Messaniensis
1716 4757 2101 4810 archimandrii
2127 4757 2409 4824 archetypo
2439 4755 2761 4817 descriptum
2787 4754 2951 4817 nacti,
2994 4751 3182 4806 Latine
3215 4768 3247 4805 a
3280 4751 3430 4805 nobis
3466 4747 3681 4803 reddita,

432 4857 476 4896 et
506 4845 741 4898 brevibus
772 4848 909 4899 notis
943 4858 1105 4900 aucta
1139 4846 1210 4900 ad
1258 4858 1307 4901 te
1337 4847 1625 4902 mittimus.
1661 4846 1849 4900 (ἑταίρα
1875 4849 1991 4915 ipsa
2019 4862 2046 4898 e
2072 4846 2280 4914 regione
2311 4843 2633 4896 Latinorum
2662 4858 2954 4911 proponere
2980 4842 3140 4909 (quod
3173 4841 3318 4895 vides
3340 4841 3393 4893 in
3422 4839 3515 4891 hac
3558 4831 3683 4887 srri-

432 4933 675 5000 ptianum
699 4948 886 5001 genere
914 4943 971 4987 ut
998 4934 1292 5003 plurimum
1341 4933 1538 5003 omitti)
1577 4951 1637 4987 eo
1672 4934 1892 4988 consilio
1940 4932 2159 4987 adducti
2186 4947 2393 4995 sumus,
2433 4945 2496 4982 ne
2547 4929 2767 4982 lectores
2800 4943 2921 4981 vera
2977 4927 3072 4979 καὶ
3128 4928 3333 4997 γνησίᾳ
3366 4917 3680 5013 Theophani!

434 5031 605 5074 mente
631 5021 1042 5089 fraudarentur,
1098 5024 1143 5075 si
1170 5022 1307 5090 forte
1333 5038 1449 5073 eam
1473 5038 1564 5075 nos
1600 5019 1798 5076 alicubi
1832 5023 2007 5075 minus
2038 5016 2269 5076 assecuti
2297 5038 2499 5075 sumus.
2527 5018 2674 5072 Nam
2698 5019 2838 5089 quod
2872 5018 2988 5071 sine
3021 5018 3127 5070 ulla
3153 5018 3274 5084 fuco
3301 5027 3391 5071 aut
3422 5013 3680 5068 matulam)

436 5106 725 5176 afﬁrmem,
756 5110 1063 5179 properanti
1090 5110 1251 5162 nimis
1275 5107 1506 5176 calamo,
1547 5126 1609 5163 ac
1632 5110 1784 5179 fessis
1804 5110 2107 5180 plerumque
2131 5112 2353 5164 nimium
2385 5108 2552 5162 oculis
2589 5107 2701 5160 haec
2728 5106 3068 5159 dictavimus.
3093 5106 3216 5159 Jam
3237 5120 3356 5175 qua:
3384 5104 3449 5156 de
3475 5104 3678 5152 aut!!!"

440 5205 618 5248 nostra
659 5196 730 5249 ad
767 5196 1107 5280 te.deferam,
1140 5197 1253 5250 hate
1284 5196 1470 5250 habeo.

507 5327 778 5397 Theophili
795 5330 1126 5397 imperatoris
1150 5330 1479 5385 iconomachi
1501 5332 1833 5398 temporibus.
1854 5333 1942 5400 qui
1959 5331 2099 5398 patri
2128 5330 2392 5392 Michaeli,
2409 5346 2556 5399 quem
2580 5327 2755 5382 Grazci
2779 5324 3014 5379 historici
3030 5322 3261 5393 τραυλὸν
3283 5312 3678 5387 καὶὰμορραῖον

438 5426 648 5480 υοσαηιο
675 5415 948 5475 θυεεεεδίι.
987 5416 1159 5469 vixere
1182 5417 1374 5486 fratres
1402 5422 1505 5473 duo
1525 5420 1829 5474 Theodorus
1853 5433 1897 5472 et
1917 5419 2275 5488 Theophanes,
2292 5418 2371 5470 cla
2383 5419 2424 5469 ri
2443 5418 2504 5470 ob
2520 5430 2793 5470 sacrarum
2815 5412 3102 5479 imaginum
3129 5416 3374 5464 adversus
3396 5404 3605 5497 impium
3628 5402 3673 5447 el

438 5505 753 5571 sacrilegum
806 5503 1117 5570 principem,
1139 5510 1626 5575 propugnationem.
1662 5505 1801 5560 Nam
1832 5508 2031 5576 frontes
2057 5510 2210 5558 ambo
2235 5504 2397 5574 (quod
2428 5504 2635 5571 quidem
2662 5501 2974 5568 supplicium
3001 5502 3288 5567 imperator
3313 5493 3670 5576 Constantinus

443 5592 524 5642 uti
559 5591 798 5653 impium,
829 5590 1118 5660 divinaeque
1148 5594 1630 5664 pulchritudini,ad
1662 5597 1813 5663 cujus
1842 5595 2237 5648 similitudinem
2278 5592 2510 5644 humana
2529 5590 2691 5658 facies
2731 5588 2959 5658 ﬁgurata
2990 5597 3084 5648 est.
3113 5570 3672 5672 carituiiieliOsurtt,lt’gf

446 5673 808 5743 Ρνοίίίίθαεναίσ
834 5676 872 5729 Ι·
890 5692 1024 5742 XVII,
1044 5679 1187 5735 (4.08
1207 5681 1392 5754 poenis)
1416 5683 1692 5753 ejusjussu
1728 5684 1867 5734 notis
1896 5680 2215 5748 compuncti,
2244 5695 2305 5731 ac
2334 5687 2604 5745 propterea
2629 5675 2779 5742 vulgo
2806 5675 3039 5745 γραπτοὶ
3065 5665 3668 5758 appellatimur-5.58illa"?1

449 5735 458 5743 -
794 5735 802 5738 -
1009 5735 1021 5742 ι
1436 5735 1647 5753 ινινκ
2011 5735 2022 5748 υ
2202 5735 2214 5743 -
2430 5735 2440 5745 ι
2718 5735 2737 5742 -
2817 5735 2857 5745 --
3100 5735 3143 5741 --
3440 5752 3470 5761 ,,

449 5762 575 5815 aliis
597 5766 1094 5835 tormentisttfﬂicit,
1114 5779 1164 5823 et
1182 5735 1389 5825 tandem
1411 5773 1463 5825 in
1476 5772 1716 5825 exsilium
1736 5769 2032 5838 pulsi,nihil
2049 5784 2075 5820 e
2092 5769 2351 5821 constanti
2380 5764 2721 5834 confessionis
2742 5762 2932 5814 ardore
2949 5754 3411 5814 remiserunt.Fuit
3435 5765 3497 5838 tt!
3525 5735 3671 5813 (ιιιιοά

460 5860 507 5903 et
535 5849 604 5903 ad
626 5866 803 5907 eorum
822 5855 1043 5922 gloriam
1066 5872 1163 5912 non
1188 5859 1460 5913 minimum
1494 5836 1805 5918 vertinetiet
1828 5866 1982 5911 celate
2012 5855 2253 5917 manalis,
2291 5864 2337 5910 et
2368 5853 2487 5908 [ἱειεὶ
2509 5854 2703 5913 socius,
2731 5866 2949 5917 annus
2976 5850 3063 5904 ille
3102 5844 3399 5903 Methodius
3430 5836 3674 5893 Constat!-
