4016 6458
353 456 459 515 2δδ
1281 402 1296 416 ’
1367 435 1374 443 ’
1795 455 1939 515 ΡΜ

2025 458 2216 518 Α’[ἹΟ.
2486 500 2493 508 ι
3503 462 3611 522 c286

357 567 760 636 tin0p0litanus,
792 587 944 638 quem
972 572 1140 628 vivum
1162 575 1401 643 sepulcro
1432 575 1631 630 imlndi
1664 579 1799 645 (erat
1841 579 1885 631 is
1913 594 1972 631 eo
2007 593 2115 629 alvo
2142 593 2241 629 non
2277 576 2577 646 infrequens
2601 580 2892 646 cruciatus)
2911 579 3073 648 jussit
3094 579 3230 633 idem
3262 579 3605 648 impiissimus

365 673 629 731 tyrannus.
662 657 889 712 Exstant
921 661 1135 727 quidam
1166 663 1348 723 iambi,
1382 681 1508 732 quos
1543 663 1842 718 Theodorus
1877 682 1940 718 ac
1971 663 2327 733 Theophanes,
2357 668 2544 721 ineant
2579 666 2814 720 insulam
2839 667 3020 730 delati,
3054 683 3158 736 qua
3184 665 3484 720 Methodius
3510 668 3608 719 sub

372 757 553 802 terram
584 745 834 814 degebat,
878 749 946 800 ad
1004 765 1116 800 eum
1149 750 1495 816 scripserunt,
1531 751 1611 802 illi
1651 764 1830 810 etiam,
1872 768 1998 820 quos
2032 754 2118 806 hic
2168 756 2235 805 ad
2290 757 2497 808 eosdem
2528 756 2814 822 respondit.
2851 755 3016 819 Quos,
3059 756 3198 822 quod
3225 756 3612 824 elegantissimi

371 837 489 895 sint,
519 844 627 904 post
665 837 803 886 hanc
833 838 1110 903 epistolam
1151 839 1432 904 ascriptos,
1466 838 1572 889 nisi
1617 840 1872 908 gravaris,
1929 857 2104 907 quwso
2135 841 2298 905 leqas.
2338 842 2551 895 Mortuo
2587 841 2904 912 Thetiphilo,
2947 844 3040 895 sub
3081 841 3359 895 Theodora
3395 855 3446 895 et
3494 841 3604 894 Μὶν

365 926 534 975 c/taele
559 923 670 983 ﬁlio
696 923 868 988 (quem
907 924 1141 991 μεθυσὸν
1171 934 1354 978 vocant
1383 936 1644 991 auctores)
1675 927 1899 979 inducite
1930 930 2136 996 quidem
2160 928 2410 982 Ecclesia:
2438 945 2718 990 concessae,
2747 945 2848 982 non
2873 944 2996 997 patc,
3023 929 3272 992 malacia,
3309 945 3411 982 non
3451 940 3606 981 tran-

358 1011 612 1068 guilt’itos.
654 1011 989 1070 Theophanes
1035 1010 1194 1078 igitur
1220 1027 1278 1062 eo
1327 1025 1558 1078 tempore
1592 1031 1698 1064 una
1755 1030 1866 1066 cum
1901 1014 2172 1069 Theodoro
2211 1017 2400 1084 fratre,
2433 1027 2489 1069 ut
2538 1027 2588 1070 et
2643 1017 2964 1080 blethodius,
3002 1017 3200 1081 aliique
3237 1033 3396 1085 quam
3454 1017 3604 1067 multi

353 1096 792 1148 iconoclastarum
825 1098 1023 1159 hostes,
1061 1099 1125 1149 ab
1152 1099 1340 1149 exsilio
1374 1109 1673 1164 revocatus,
1705 1100 1770 1152 ab
1801 1103 2040 1170 Augusta
2064 1103 2352 1157 honoriﬁce
2378 1114 2665 1168 tractatur,
2702 1106 2806 1156 imo
2824 1113 2873 1157 et
2912 1103 3178 1157 luculento
3201 1104 3433 1157 convivio
3460 1107 3602 1156 exci-

352 1184 516 1244 pitur.
560 1185 728 1252 Atque
758 1184 1009 1236 hactenus
1046 1200 1104 1236 ea
1147 1184 1238 1236 tibi
1270 1184 1446 1246 retuli,
1479 1202 1596 1254 qua:
1636 1204 1665 1237 a
1692 1187 1891 1240 Crtecis
1933 1189 2197 1243 historicis
2243 1191 2306 1243 ab
2354 1207 2495 1245 anno
2526 1191 2720 1245 salutis
2750 1193 3181 1255 octingentesimo
3232 1192 3496 1252 vicesimo,
3530 1192 3601 1244 ad

353 1275 832 1341 octingentesimum
864 1274 1352 1340 quinquagesimum
1383 1275 1703 1328 scribun-‘ur.
1731 1277 1948 1329 Addunt
1991 1277 2233 1331 Romana
2258 1276 2668 1347 Martyrologia,
2693 1286 2742 1331 et
2775 1277 3077 1331 Crcecorum
3102 1276 3399 1347 Menologia
3435 1277 3602 1332 Theo-

351 1361 576 1426 p‘taaem
603 1359 664 1410 ab
690 1358 1163 1435 e.zsilio.reversum
1200 1357 1435 1414 Nicainte
1465 1363 1609 1414 urbis
1645 1365 1938 1429 episcopum
1963 1375 2196 1417 creatum
2228 1367 2412 1433 fuisse.
2447 1363 2559 1417 Nec
2584 1381 2677 1432 ego
2716 1373 2854 1416 certe
2872 1365 2936 1416 de
2970 1381 3147 1416 eorum
3184 1364 3287 1432 ﬁde
3322 1365 3594 1417 addubito.

350 1446 411 1498 Id
445 1448 581 1498 enim
611 1459 656 1498 et
690 1444 1015 1512 Theophanis
1054 1446 1186 1499 Vita:
1242 1451 1470 1513 scriptor
1518 1466 1548 1500 a
1583 1448 1872 1513 Lipoinano
1903 1452 2070 1503 editus
2097 1452 2350 1516 primum,
2390 1452 2598 1502 demum
2622 1470 2653 1502 a
2695 1447 2882 1514 Surio,
2915 1467 3008 1503 nos
3051 1449 3226 1511 docet,
3261 1461 3309 1503 et
3366 1450 3598 1504 .ilichael

351 1530 540 1601 Clgca,
576 1545 624 1585 et
653 1531 1033 1586 Constantinus
1065 1533 1334 1588 Manasscs
1361 1534 1534 1589 Graeci
1567 1545 1805 1588 auctores
1841 1538 2032 1590 litteris
2074 1546 2419 1590 mandarunt.
2454 1536 2692 1601 Quorum
2737 1537 3068 1600 testimonia,
3110 1539 3251 1605 quod
3292 1554 3528 1590 seorsum
3562 1557 3594 1590 a

351 1637 431 1672 me
461 1623 634 1682 posita
668 1623 833 1688 legere
865 1623 1058 1688 possis,
1093 1624 1176 1676 hic
1205 1627 1633 1688 prtvtermittam.
1678 1624 1782 1679 Sed
1815 1636 1864 1679 et
1887 1639 2098 1686 cwtera,
2134 1641 2251 1696 qua:
2291 1625 2360 1678 ad
2393 1625 2552 1692 hujus
2585 1626 2684 1678 viri
2723 1626 2880 1677 vitam
2921 1625 3250 1692 peculiarius
3279 1641 3596 1692 cognoscen-

349 1710 471 1758 dam
518 1717 772 1772 spectant,
821 1718 924 1759 tam
963 1725 994 1760 a
1032 1710 1322 1774 prtccitatis
1373 1711 1701 1775 auctoribus,
1758 1729 1914 1777 quam
1972 1713 2035 1766 ab
2070 1730 2152 1776 eo,
2205 1729 2356 1781 quem
2388 1714 2546 1767 etiam
2587 1713 2858 1764 nominavi
2898 1713 3269 1777 metaphraste,
3313 1728 3376 1764 ne
3425 1729 3516 1782 ego
3549 1723 3598 1764 te

349 1795 581 1859 pluribus
614 1810 804 1855 morer,
833 1794 994 1858 facile
1030 1795 1310 1865 intelliges.
1346 1796 1533 1865 Itaque
1557 1799 1746 1851 dubius
1777 1815 1879 1853 non
1905 1817 2044 1863 sum,
2078 1803 2204 1870 quin
2240 1799 2581 1866 Theophanes
2607 1811 2784 1852 noster
2837 1801 2883 1852 is
2930 1801 3040 1866 ipse
3073 1799 3163 1859 sit.
3199 1799 3262 1852 de
3308 1815 3411 1867 quo
3454 1800 3597 1852 dixi-

350 1902 483 1937 mus.
523 1883 711 1938 Verum
744 1889 992 1953 quoniam
1030 1889 1131 1940 loci
1159 1893 1264 1941 duo
1297 1891 1438 1956 apud
1461 1893 1703 1943 eumdem
1737 1893 1814 1943 ita
1848 1907 2034 1960 urgere
2066 1891 2330 1950 videntur,
2360 1897 2415 1941 ut
2446 1888 2611 1940 multo
2645 1887 2904 1941 recentior
2935 1887 3239 1940 existimari
3274 1903 3364 1940 nec
3392 1887 3595 1956 injuria

348 1975 529 2036 possit,
564 1973 684 2026 illos
728 1977 818 2027 tibi
859 1978 1127 2043 praeterire
1157 1994 1258 2028 non
1305 1978 1484 2031 debeo.
1520 1979 1751 2048 Uterque
1773 1980 1998 2032 habetur
2032 1979 2085 2030 ia
2127 1978 2348 2044 epistola
2377 1978 2445 2030 ad
2475 1975 2724 2031 Nictenos
2752 1979 2816 2029 de
2850 1993 3028 2030 rerum
3071 1981 3425 2029 humanarum
3469 1993 3596 2029 con-

348 2069 564 2126 templa.
601 2059 757 2112 Prior
784 2071 860 2114 est
884 2063 934 2115 in
960 2065 1070 2128 ipso
1103 2065 1274 2121 initio.
1304 2065 1392 2117 ubi
1418 2063 1660 2118 Nicteam
1698 2077 1929 2129 captam,
1964 2076 2119 2134 atque
2147 2071 2202 2118 in
2235 2067 2463 2118 hostium
2513 2074 2826 2131 potestatem
2860 2065 3131 2127 redactam
3155 2065 3316 2118 dolet.
3352 2064 3500 2117 Alter
3537 2067 3590 2118 in

346 2148 468 2215 ﬁne,
506 2165 606 2214 quo
646 2152 724 2215 (ut
761 2149 981 2202 habetur
1042 2151 1096 2203 in
1123 2153 1413 2219 exemplari
1449 2152 1724 2221 Vaticano)
1757 2153 1990 2207 meminit
2017 2153 2294 2206 Barlaami
2317 2162 2366 2206 et
2395 2153 2655 2221 Acgndini
2677 2151 3067 2204 hcereticorum.
3093 2151 3158 2202 At
3184 2150 3507 2203 Barlaamus
3541 2159 3592 2202 et

355 2237 657 2304 Acyudinus
690 2237 784 2288 sub
817 2235 1029 2290 Joanne
1056 2236 1197 2298 XXI,
1226 2241 1333 2291 sire
1367 2241 1534 2291 mavis
1563 2239 1731 2301 XXII,
1769 2239 2002 2292 Romano
2045 2240 2313 2305 pontiﬁce,
2351 2239 2609 2292 Michaelo
2636 2239 2938 2290 Andronico
2980 2235 3284 2304 Palu-alogo
3333 2235 3588 2296 Orientis,

344 2326 570 2376 Henrico
593 2322 1006 2392 Lucenburgico,
1034 2327 1136 2379 sive
1158 2325 1424 2380 Ludovico
1450 2326 1656 2379 Bavaro
1686 2326 1984 2381 Occidentis
2024 2327 2449 2394 imperatoribus,
2481 2343 2760 2388 emersere,
2785 2327 2929 2380 circa
2966 2323 3167 2378 Christi
3196 2341 3392 2376 annum
3424 2324 3593 2376 mille-

343 2415 532 2465 simum
556 2417 979 2469 trecentesimum
1006 2417 1333 2471 vicesimum.
1366 2418 1605 2484 Quarum
1647 2430 1771 2471 tunc
1809 2417 2056 2484 temporis
2088 2418 2328 2481 impietas
2375 2415 2578 2482 (nempe
2609 2431 2671 2467 ea
2700 2415 2839 2482 ipsa,
2870 2429 2988 2482 qua:
3009 2430 3039 2465 a
3073 2422 3253 2466 nostro
3280 2412 3590 2478 Theophane

342 2507 689 2568 oppugnatur)
717 2505 943 2557 coercita
971 2505 1091 2574 fuit.
1127 2502 1230 2560 Sed
1262 2515 1312 2560 et
1352 2507 1532 2559 eodeni
1559 2521 1686 2569 ceco,
1725 2519 1905 2574 nempe
1929 2505 1996 2556 ad
2036 2519 2231 2555 annum
2256 2500 2453 2554 Christi
2476 2500 2814 2554 millesimum
2849 2499 3296 2559 trecentesimum,
3333 2497 3590 2568 Scythica

341 2605 462 2654 gens
488 2591 753 2644 Orientem
796 2596 1006 2662 gravius
1054 2595 1281 2662 pervasit
1348 2595 1635 2648 Ottomano
1687 2595 1839 2657 duce,
1894 2590 2045 2659 cujus
2099 2590 2244 2658 ﬁlius
2297 2588 2604 2642 Orchannes
2666 2604 2769 2641 non
2825 2592 2990 2639 multo
3051 2595 3165 2652 post
3217 2583 3403 2638 Ntca'a
3469 2587 3589 2655 ipsa

343 2678 484 2744 longi
528 2681 775 2746 temporis
828 2680 1097 2733 obsidione
1155 2681 1387 2751 fatigata
1452 2683 1666 2734 tandem
1715 2681 1917 2750 potitus
1982 2686 2078 2730 est.
2131 2675 2317 2742 Itaque
2371 2677 2481 2728 hcec
2531 2677 2668 2728 inter
2691 2691 2803 2728 sese
2855 2676 2932 2728 ita
2975 2675 3250 2726 convenire
3319 2673 3584 2736 videntur,

340 2771 397 2814 ut
451 2775 682 2816 nostrum
732 2763 1094 2831 Theophanem
1145 2784 1206 2819 ea
1251 2779 1409 2822 aetate
1461 2770 1654 2822 vixisse
1711 2784 1829 2821 vero
1893 2766 2118 2820 similius
2167 2762 2635 2833 [ueriLCa'terum
2683 2779 2775 2831 ego
2831 2779 2933 2816 non
2979 2762 3153 2815 adhuc
3217 2760 3474 2822 adducor,
3532 2772 3586 2812 ut

338 2868 369 2900 a
426 2853 590 2916 priori
661 2854 914 2906 sententia
991 2854 1283 2908 discedam.
1361 2853 1505 2908 Nam
1571 2856 1834 2924 Acyndini
1903 2864 1948 2907 et
2013 2851 2295 2904 Barlaami
2371 2850 2568 2903 mentio
2651 2854 2790 2902 deest
2853 2851 2906 2902 in
2973 2849 3300 2902 Messanensi
3383 2849 3583 2907 codice,

336 2938 489 3001 cujus
535 2940 824 3004 exemplum
873 2941 941 2993 ad
985 2943 1120 2994 hanc
1168 2943 1446 2996 editionem
1505 2945 1780 2996 habuimus
1835 2958 1994 3011 opera
2049 2938 2248 2992 Metelli
2303 2937 2524 2990 Andenfi
2587 2937 2687 2990 viri
2745 2937 2890 2989 docti
2961 2946 3009 2990 et
3069 2938 3276 3005 integri.
3326 2935 3393 2987 Et
3450 2949 3585 2987 certe

331 3023 676 3078 Messanensis
699 3027 821 3078 libri
845 3026 979 3094 ﬁdes
1010 3029 1185 3096 potior
1232 3030 1362 3081 mihi
1405 3029 1531 3096 fuit,
1585 3047 1740 3098 quam
1800 3027 2089 3093 Vaticani;
2139 3045 2259 3079 nam
2300 3037 2346 3080 et
2402 3025 2569 3078 multo
2597 3026 2852 3089 majorem
2917 3025 3282 3092 antiquitatem
3335 3018 3586 3092 pra'ferre

333 3123 556 3173 constat,
595 3129 710 3165 cum
775 3112 1080 3168 Vaticanum
1131 3117 1224 3168 sub
1283 3116 1508 3169 Nicolao
1545 3115 1589 3170 V
1640 3117 1892 3184 scriptum
1945 3116 2111 3185 fuisse
2146 3115 2305 3180 facile
2342 3115 2412 3166 sit
2455 3113 2700 3179 colligere
2745 3127 2810 3165 ea:
2863 3111 3065 3165 Perotti
3115 3111 3426 3180 quibusdam
3491 3125 3586 3175 pa-

331 3201 515 3268 rergis.
550 3216 665 3268 quae
701 3217 794 3267 pro
825 3203 990 3254 libelli
1023 3203 1177 3256 initio
1205 3203 1486 3257 habentur.
1535 3204 1733 3256 Deinde
1783 3205 1994 3256 lta’resis
2035 3203 2307 3255 Barlaami
2353 3209 2400 3252 et
2441 3200 2709 3252 Acuudini
2743 3217 2844 3252 non
2880 3200 2976 3269 fuit
3018 3215 3191 3263 nova;
3221 3214 3345 3250 nam
3389 3202 3579 3249 multm

333 3287 440 3337 imo
485 3287 590 3350 fere
637 3289 809 3340 omnia
853 3307 885 3340 a
912 3289 1102 3354 priscis
1148 3289 1409 3343 hazreticis
1439 3293 1748 3359 desumpsit,
1787 3293 1926 3343 utin
1971 3289 2121 3343 illius
2167 3290 2268 3341 loci
2309 3289 2522 3340 scholiis
2574 3288 2969 3340 demonstrabo.
3031 3285 3172 3350 Quot
3213 3285 3581 3338 Ita’reticornm

332 3373 527 3425 deliria
561 3385 811 3427 notantur
839 3376 903 3428 ab
940 3375 1177 3445 lgnatio,
1208 3380 1296 3447 qui
1331 3388 1562 3446 tempore
1613 3379 1987 3446 Apostolorum
2021 3379 2170 3441 vixit,
2202 3393 2319 3446 qua:
2351 3376 2504 3437 Ario,
2555 3373 2888 3436 Macedonio,
2927 3371 3177 3426 Nestorio
3199 3413 3214 3436 ,
3271 3371 3578 3440 Eutgtheti,

332 3473 585 3529 tanquam
614 3478 790 3515 eorum
823 3465 1128 3518 architectis
1161 3465 1460 3518 tribuerunt
1489 3467 1686 3520 sazcula
1735 3467 2120 3521 succedentia?
2153 3465 2277 3520 1am
2319 3464 2522 3517 Nicone
2561 3465 2886 3533 oppugnatio
2922 3480 2952 3514 a
3000 3462 3195 3528 prioris
3246 3459 3579 3524 TheOphanis

334 3559 491 3600 cetate
542 3565 642 3601 non
673 3551 885 3603 omnino
937 3553 1223 3615 discrepat.
1267 3551 1414 3606 Nam
1465 3554 1632 3607 multo
1681 3565 1802 3605 ante
1841 3552 2180 3621 Theophilum
2230 3554 2602 3616 imperatorem
2655 3552 2901 3603 universa
2935 3553 3062 3603 Asia
3098 3549 3172 3601 ita
3219 3565 3249 3599 a
3295 3546 3577 3600 Saracenis

335 3636 698 3703 infestabatur,
727 3649 781 3690 ut
813 3638 931 3706 ﬁeri
959 3642 1195 3707 potuerit
1229 3641 1417 3710 (varia:
1453 3643 1592 3694 enim
1609 3641 1729 3709 jam
1760 3651 1884 3693 tunc
1919 3650 1966 3694 et
2011 3656 2140 3708 pene
2172 3651 2550 3692 momentaneaz
2585 3638 2638 3690 in
2667 3637 2933 3690 Orientali
2962 3635 3181 3701 imperio
3227 3650 3404 3686 rerutn
3434 3634 3576 3685 vicis-

338 3725 628 3789 situdines),
658 3723 896 3780 Nicaeam
926 3727 982 3779 in
1025 3743 1203 3780 eorum
1233 3739 1544 3796 potestatem
1575 3728 1645 3781 ad
1673 3727 1892 3796 aliquod
1923 3739 2125 3795 tempus
2167 3727 2458 3779 redactam.
2491 3724 2646 3779 Certe
2678 3723 2865 3777 Leonis
2891 3723 3124 3776 Isaurici
3150 3737 3291 3773 anno
3321 3719 3574 3783 secundo,

343 3810 426 3874 qui
459 3809 556 3876 fuit
596 3809 788 3865 Christi
816 3813 1298 3882 septingentesimus
1319 3815 1558 3882 quintus,
1587 3813 1840 3878 Thracia,
1872 3815 1974 3866 into
1999 3814 2113 3880 ipsa
2142 3811 2265 3865 urbs
2311 3812 2518 3877 imperii
2562 3813 2730 3872 sedes,
2759 3825 2853 3878 per
2875 3809 3241 3876 So.ymanum,
3273 3804 3314 3857 U
3325 3821 3528 3858 marum
3556 3847 3570 3870 ,

345 3892 540 3948 Isithen
565 3900 825 3950 biennium
854 3913 1176 3969 oppugnata.
1212 3903 1328 3968 Quo
1379 3904 1542 3956 etiam
1579 3913 1809 3969 tempore
1853 3901 2201 3954 Mardasanes
2249 3902 2313 3951 ab
2351 3896 2544 3951 CEthae
2573 3897 2710 3966 pylis
2742 3899 2809 3948 ad
2862 3894 3105 3948 Nicaeam
3136 3905 3179 3946 et
3207 3892 3572 3947 Nicomediam

339 4001 516 4052 usque,
555 3996 610 4038 ut
664 3989 978 4041 nominatim
1012 3991 1356 4057 prodiderunt
1403 4002 1668 4050 auctores.
1714 4005 2023 4050 excursans,
2077 3998 2238 4039 totam
2276 3985 2590 4055 Bithyniam
2620 3982 2924 4052 ipopulatus
2952 3992 3048 4036 est.
3097 3979 3201 4036 Sed
3243 3991 3292 4033 et
3338 3979 3572 4049 ejusdem

335 4071 561 4126 Cononis
593 4091 731 4126 anno
760 4076 959 4128 decimo
993 4077 1151 4130 Amer
1184 4081 1284 4141 (sic
1314 4079 1545 4147 Agareni
1583 4080 1836 4133 vocabant
1880 4093 2004 4130 suos
2051 4077 2417 4144 imperatores)
2457 4083 2508 4127 et
2534 4073 2736 4127 Mabias
2777 4072 3020 4140 quidam,
3051 4087 3167 4124 cum
3199 4078 3403 4123 centum
3449 4067 3571 4120 mil-

329 4160 467 4212 libus
497 4161 714 4213 militum
747 4161 984 4216 .Vicatam
1011 4167 1104 4217 diu
1133 4167 1354 4230 obsedit,
1381 4183 1496 4236 qua:
1527 4167 1734 4220 tandem
1768 4182 1820 4218 re
1860 4166 2158 4235 desperata,
2198 4162 2518 4218 Sanctmum
2549 4161 2864 4215 tutelarium
2897 4177 3012 4229 ope,
3049 4161 3140 4228 qui
3168 4174 3262 4226 per
3298 4173 3567 4210 murorum

329 4249 687 4301 demolitioues
715 4252 999 4317 conspecti,
1046 4252 1218 4305 hostes
1265 4264 1586 4319 terruerunt,
1636 4255 1913 4306 liberatur.
1966 4251 2247 4305 Michaelis
2281 4251 2433 4304 Balbi
2467 4252 2690 4318 imperio
2750 4253 2927 4317 major
2977 4248 3152 4300 adltuc
3220 4246 3568 4298 barbarorum

331 4335 576 4401 illuvies;
609 4354 726 4388 nam
759 4337 896 4390 illia
927 4339 1192 4392 littoribus
1223 4341 1407 4394 Bwtici
1443 4339 1640 4394 Oceani
1683 4340 1852 4393 nostri
1883 4341 2140 4395 solventes
2186 4340 2309 4408 (quo
2363 4348 2596 4402 tempore
2644 4340 2894 4404 regnabat
2943 4338 3082 4400 apud
3130 4352 3221 4387 nos
3269 4335 3567 4402 Alphonsus

327 4436 664 4493 cognomento
703 4426 950 4494 Magnus,
989 4427 1246 4480 Itanimiri
1295 4430 1458 4494 ﬁlius,
1498 4431 1720 4484 Ordoaii
1767 4447 1946 4499 nepos,
1983 4427 2190 4480 Gai-site
2237 4425 2405 4494 pater)
2453 4425 2613 4493 facile
2647 4424 2858 4477 Cretam
2907 4433 3312 4487 occupaverunt,
3345 4431 3392 4472 et
3429 4421 3567 4473 brevi

331 4511 593 4575 Siciliam,
624 4512 951 4578 Calabriam,
985 4514 1274 4583 bonamque
1305 4514 1484 4570 Italia:
1517 4528 1723 4583 partem
1762 4516 2133 4579 debellarunt;
2183 4517 2235 4566 in
2272 4517 2455 4566 Asiam
2504 4513 2716 4566 tandem
2755 4513 3105 4580 trajicientes,
3144 4522 3299 4576 atque
3334 4510 3452 4561 aliis
3485 4509 3568 4560 sui

327 4603 529 4669 generis
561 4601 826 4668 adjuncti,
861 4618 999 4670 sape
1029 4603 1083 4654 in
1115 4601 1322 4656 Graecia
1354 4605 1433 4656 vel
1459 4621 1576 4656 cum
1608 4609 1719 4668 ipso
1753 4603 2037 4668 Theophila
2073 4603 2445 4670 conﬂixerunt,
2497 4601 2844 4668 ultimumque
2895 4604 2964 4651 ad
3001 4601 3274 4651 Amorinm
3322 4596 3566 4665 Phrygiae

326 4689 596 4756 oppidum,
632 4705 732 4742 non
763 4690 875 4742 sine
907 4707 1168 4745 successu.
1203 4693 1414 4744 Accedit
1445 4693 1589 4745 locus
1615 4695 1754 4760 apud
1799 4691 2033 4744 eumdem
2073 4689 2437 4755 TheOphanem
2469 4690 2521 4739 iu
2561 4686 2785 4753 epistola
2819 4686 2948 4754 περὶ
2984 4685 3079 4754 τῆς
3124 4683 3444 4753 ἱερωσύνης,
3480 4682 3567 4732 ubi

325 4777 390 4828 de
419 4777 671 4843 baptismo
698 4777 946 4846 loquitur,
987 4779 1076 4847 qui
1106 4782 1182 4832 sic
1207 4780 1357 4833 habet
1388 4797 1401 4834 :
1442 4781 1458 4833 Ι
1485 4784 1566 4833 leo
1605 4782 1856 4834 Christus
1889 4781 2152 4842 tnetnlira,
2185 4793 2306 4845 (tua).
2346 4788 2608 4843 tanquam
2664 4775 2880 4842 propria
2938 4773 3039 4825 sibi
3073 4781 3155 4824 est
3186 4771 3564 4839 capulalurns,

325 4867 620 4920 conferatis
660 4867 808 4936 prius
837 4871 997 4936 cupiti
1041 4869 1168 4923 facit
1198 4886 1293 4940 per
1323 4872 1671 4938 baptismum.
1713 4869 1914 4923 Deinde.
1943 4883 2037 4936 per
2065 4862 2536 4932 participationem
2576 4876 2636 4915 uc
2666 4860 3210 4913 cmnntunicutinnetn
3241 4875 3352 4911 sua:
3385 4862 3567 4912 carnis

323 4967 378 5007 et
406 4955 683 5021 sanguinis
714 4955 815 5008 sibi
849 4967 902 5007 et
934 4957 1075 5010 inter
1105 4974 1222 5010 sese
1262 4959 1442 5010 divina
1481 4959 1594 5010 hanc.
1625 4958 1806 5009 omnia
1841 4963 2078 5008 ntcnmra
2107 4952 2428 5022 agglttlinat.
2463 4952 2630 5018 Atque
2658 4949 2851 5000 addit:
2895 4945 3019 4999 Ideo
3071 4947 3216 4998 enim
3268 4947 3567 5012 baptisma;

322 5054 570 5095 sanetam
601 5043 860 5111 praecedit
887 5045 1343 5099 communionem.
1386 5045 1484 5099 ι’ὺὶ
1521 5063 1619 5098 non
1649 5046 1862 5098 obscure
1894 5047 2086 5107 innuit,
2137 5044 2407 5110 antiquum
2445 5040 2695 5094 Ecclesia:
2725 5055 2919 5090 morem
2952 5036 3035 5107 (de
3073 5054 3175 5106 quo
3208 5039 3259 5091 in
3289 5039 3420 5091 notis
3445 5053 3568 5105 age-

323 5136 459 5196 mus)
490 5146 585 5183 suo
613 5141 842 5199 tempore
879 5133 1116 5194 durasse,
1151 5147 1326 5196 nempe
1357 5131 1592 5194 adultos,
1647 5144 1693 5184 et
1731 5133 1821 5201 qui
1866 5147 2032 5186 sacra!
2064 5131 2418 5185 Eucharistite
2459 5137 2845 5182 sacramentum
2885 5127 3235 5194 accipiebant,
3284 5131 3354 5178 ad
3389 5125 3566 5190 bapti-

320 5233 492 5271 smum
520 5218 815 5280 accessisse,
845 5219 987 5285 quod
1014 5229 1157 5272 certe
1190 5223 1355 5272 multo
1397 5221 1644 5272 vetustius
1677 5230 1776 5285 est,
1807 5237 1966 5287 quam
1999 5230 2052 5270 ut
2090 5220 2142 5269 in
2180 5216 2386 5270 Crtecia
2429 5226 2634 5269 artasem
2667 5213 2894 5268 senioris
2918 5213 3232 5277 Andronici,
3270 5214 3324 5266 id
3350 5223 3424 5263 est
3458 5220 3566 5263 tre—

321 5317 588 5358 centorum
620 5304 735 5368 plus
769 5306 999 5358 minusve
1030 5323 1288 5358 annorum
1325 5306 1460 5374 ferre
1531 5309 1716 5376 possit.
1769 5309 1850 5361 Ad
1893 5308 2022 5368 lucc,
2061 5305 2204 5358 haud
2254 5305 2382 5358 mihi
2432 5305 2782 5373 persuadebo,
2851 5303 2946 5356 illa
2991 5312 3148 5356 wtate
3197 5299 3560 5368 Theophanem

320 5393 530 5454 vixisse,
556 5408 672 5444 cum
704 5393 816 5460 ejus
848 5393 1042 5446 mentio
1073 5392 1136 5453 ab
1174 5393 1319 5446 illius
1358 5396 1452 5448 wvi
1485 5395 1721 5462 diligenti
1747 5397 2023 5461 scriptore,
2073 5393 2382 5455 imperatori
2416 5407 2561 5455 caro,
2597 5389 2899 5444 litterarum
2932 5403 2980 5443 et
3009 5391 3360 5443 litteratorum
3391 5387 3564 5438 Itami-

322 5498 444 5532 num
478 5489 714 5533 amatore
742 5493 789 5533 et
827 5481 1146 5534 encomiaste
1199 5480 1494 5546 Nicephoro
1543 5482 1774 5551 Cregora
1821 5485 2028 5551 penitus
2079 5486 2237 5554 (quod
2288 5481 2638 5544 meminerim)
2689 5482 3008 5549 negligatur.
3059 5479 3302 5548 Legimus
3352 5477 3561 5546 quidem

320 5568 519 5635 integro
545 5569 738 5620 saeculo
767 5579 888 5620 ante
919 5569 1274 5621 Andronicum
1325 5569 1611 5623 Nicolaum
1657 5573 1933 5637 quemdam
1982 5571 2286 5630 Nicamum,
2339 5571 2426 5636 qui
2463 5567 2764 5621 Andronico
2793 5565 3052 5620 Cornneao
3096 5575 3340 5631 tyranno,
3388 5562 3559 5613 Alexii

322 5655 574 5710 Contneni
603 5655 885 5715 avunculo,
919 5653 1182 5708 Manuelis
1214 5656 1466 5710 Comneui
1493 5658 1682 5726 fratre,
1721 5659 1958 5714 Nicaeam
1985 5661 2236 5727 protidrt.
2285 5654 2614 5725 Theophanis
2647 5670 2765 5707 vero
2807 5668 2900 5720 per
2947 5668 3006 5702 ea
3038 5649 3232 5703 stccttla
3261 5649 3412 5701 nulla
3448 5664 3560 5701 om-

323 5745 445 5796 nino
477 5744 534 5807 fit
572 5745 784 5794 mentio.
824 5740 950 5795 Ilaec
985 5752 1122 5795 certe
1157 5745 1230 5796 ita
1261 5745 1402 5796 dicta
1451 5749 1623 5809 velim,
1663 5759 1715 5798 at
1751 5747 1972 5801 liberum
2025 5746 2304 5811 unicuique
2356 5759 2448 5810 per
2482 5758 2559 5794 me
2598 5742 2717 5808 ﬁat,
2768 5741 2830 5792 de
2867 5736 3193 5806 Theophanis
3240 5737 3432 5790 stcculo
3462 5752 3559 5803 pro

322 5831 468 5883 l:bito
494 5830 706 5882 sentire.
745 5827 945 5882 Ilabait
980 5841 1116 5883 certe
1146 5832 1289 5883 omni
1339 5848 1468 5894 levo,
1520 5833 1854 5886 ornatissime
1896 5833 2113 5901 pnes-ul,
2158 5843 2420 5883 terrarum
2482 5828 2572 5881 ille
2620 5829 2801 5880 oculus
2833 5838 2877 5878 et
2908 5826 3028 5893 ﬂos.
3065 5825 3202 5877 ι’ίνοδ
3236 5825 3476 5877 άυοὝίηα
3506 5833 3555 5876 ετ

324 5920 527 5987 igeulo
561 5917 1048 5986 praztttutisiiutos,
1086 5936 1112 5974 ιε
1148 5926 1364 5990 quorum
1410 5921 1640 5988 [onti’tts
1675 5923 1725 5974 in
1764 5923 1907 5976 armti
1943 5923 2047 5977 fere
2077 5920 2479 5988 disciplinarum
2528 5932 2711 5986 genere
2745 5913 2936 5968 rivulos
2973 5923 3178 5969 nostros
3213 5915 3385 5968 adhuc
3413 5916 3553 5967 deri-
