4016 6464
468 413 571 476 287
1388 407 1899 473 THEUPHANES
1936 407 2350 470 EPISCOPUS
2384 406 2755 470 NIC/ENUS.
3595 400 3685 466 238

470 540 680 579 ramus.
727 520 796 578 Ut
826 538 930 577 non
966 524 1099 576 satis
1130 520 1315 577 mirari
1345 522 1556 590 quidem
1588 523 1849 590 possimus
1874 520 2208 576 incredibiles
2239 524 2594 577 humanorum
2629 532 2802 575 rerum
2840 517 3249 585 vicissitudines,
3300 519 3416 574 sive
3447 518 3523 588 (ut
3550 518 3690 576 Chri-

471 613 706 666 stianum
741 609 997 663 hominem
1035 609 1177 679 loqui
1210 609 1377 679 decet)
1404 610 1598 662 divina:
1627 610 1898 678 sapientia:
1941 610 2485 675 incomprehensibilia
2529 615 2761 662 decreta.
2794 605 2953 660 Jacet
2989 607 3127 660 enim
3160 622 3294 661 nunc
3332 605 3547 669 Gracia,
3598 609 3693 674 pri-

474 700 629 752 stina:
658 697 943 751 venustatis
986 696 1261 764 putritlum
1302 696 1549 758 cadaver,
1582 698 1945 751 miserandum
1993 698 2262 764 exuvium,
2305 698 2405 751 vile
2460 695 2707 760 temporis
2760 693 3077 757 ludibrium,
3129 693 3431 748 tenuissima
3475 694 3700 759 prtetcriti

475 786 707 851 corporis
743 784 951 846 umbra,
984 793 1033 837 et
1067 785 1169 837 nisi
1203 783 1325 838 libri
1361 796 1710 848 superessent,
1760 802 2017 853 nusquam
2070 786 2125 837 in
2170 802 2266 838 suo
2313 786 2428 839 solo
2480 784 2864 854 cognoscenda.
2901 779 3026 836 Non
3073 784 3310 836 omittam
3344 783 3422 853 (ut
3448 785 3603 837 onmis
3636 784 3691 837 de

480 872 791 936 Theophane
818 876 959 939 apud
993 883 1237 926 auctores
1271 875 1463 925 mentio
1497 872 1776 941 prodatur)
1811 873 2003 927 vixisse
2055 871 2273 938 imperio
2320 867 2510 922 Leonis
2546 870 2760 922 Armeui
2795 864 3169 934 Theophanem
3200 867 3388 925 alium.
3420 869 3694 921 monasticae

476 967 595 1018 vitae
632 973 967 1025 sectatorem,
992 965 1083 1032 qui
1112 965 1166 1016 in
1197 964 1622 1019 Samothraciam
1656 964 1914 1032 relegatus
1943 964 2006 1017 ob
2038 973 2315 1017 sacrarum
2360 957 2488 1009 item
2533 955 2824 1024 imaginum
2857 952 3082 1018 cultum,
3125 954 3416 1007 clarus-ibi
3450 955 3694 1007 miraculis

479 1052 628 1105 obiit.
669 1050 796 1103 Fuit
825 1061 873 1104 et
906 1050 1248 1117 Theophanes
1284 1051 1530 1118 Isauras,
1562 1051 1653 1121 qui
1686 1070 1717 1105 a
1753 1048 2050 1104 Maximino
2084 1048 2153 1103 ad
2188 1046 2545 1115 Nicephorum
2582 1042 2921 1113 Logothetem
2970 1044 3251 1098 historiam
3292 1046 3569 1098 contexuit.
3602 1045 3699 1098 Nos

476 1140 635 1208 hujus
666 1139 909 1208 quaedam
942 1139 1191 1193 habemus
1243 1139 1474 1192 nondum
1523 1140 1689 1204 edita,
1737 1154 1855 1208 qua:
1910 1139 2057 1193 nobis
2102 1134 2513 1191 communicavit
2574 1130 2899 1186 Franciscus
2949 1130 3247 1185 anrianus
3291 1135 3555 1186 societatis
3597 1131 3711 1185 Jesu

478 1230 768 1295 presbyter,
803 1229 880 1279 vir
913 1228 1055 1279 omni
1084 1226 1340 1279 memoria
1378 1228 1723 1291 venerandus,
1758 1242 1876 1278 cum
1908 1241 2008 1295 quo
2043 1241 2171 1292 pene
2203 1223 2522 1292 quotidiana
2552 1220 2700 1274 nobis
2731 1219 2836 1287 fuit
2863 1220 3212 1289 familiaritas
3248 1229 3357 1272 toto
3386 1219 3473 1272 illo
3501 1219 3710 1281 biennio,

479 1325 759 1384 antequam
797 1316 866 1366 ad
896 1315 1166 1368 meliorem
1194 1316 1359 1367 vitam
1392 1316 1689 1368 translatus
1719 1323 1873 1369 esset.
1905 1312 1973 1367 Et
2004 1314 2087 1367 hic
2118 1311 2329 1380 quidem
2368 1309 2552 1363 tertius
2586 1305 2950 1375 Theophanes,
2981 1316 3040 1360 ut
3071 1316 3119 1360 et
3150 1308 3352 1371 priores
3388 1309 3508 1365 duo.
3544 1308 3715 1376 ὁμολοο

478 1405 653 1468 γήτης
688 1400 753 1454 ab
784 1401 1090 1454 auctoribus
1124 1402 1320 1461 dictus.
1360 1401 1411 1454 id
1444 1411 1543 1467 est,
1594 1404 1655 1456 ob
1703 1418 1836 1457 verte
1868 1402 2141 1471 religionis
2177 1396 2559 1464 confessionem
2594 1395 2658 1448 ab
2698 1394 2966 1449 hwreticis
3019 1394 3265 1464 aﬂictus.
3303 1394 3422 1448 Non
3451 1394 3579 1447 enim
3603 1411 3715 1447 con-

480 1491 646 1557 fessor
676 1489 1044 1550 appellabatur
1089 1488 1255 1542 beatis
1285 1488 1393 1541 illis
1445 1488 1796 1555 temporibus,
1835 1490 1936 1542 nisi
1974 1488 2040 1550 is,
2079 1490 2172 1558 qui
2220 1488 2349 1556 ﬁdei
2388 1502 2552 1539 causa
2611 1494 2874 1537 tormenta
2920 1482 3175 1539 subierat.
3233 1483 3301 1537 Et
3338 1484 3458 1538 hinc
3507 1483 3580 1553 (ut
3607 1485 3720 1537 alibi

480 1575 869 1627 observavimus
912 1590 977 1626 ev
1027 1575 1285 1628 Antiocho
1320 1576 1600 1644 monacho)
1662 1591 1765 1629 non
1812 1591 1965 1628 rarus
2000 1575 2089 1628 ille
2136 1574 2277 1636 apud
2327 1582 2518 1627 veteres
2564 1569 2830 1625 scribendi
2867 1571 3078 1632 modus,
3130 1587 3251 1625 cum
3298 1573 3362 1625 de
3408 1572 3634 1640 tyrannis
3681 1569 3760 1639 et;

482 1659 1188 1728 Ecclesitepersecutoribus
1236 1660 1543 1730 loquuntur,
1573 1663 1842 1730 πεποίηκε
1871 1662 2068 1732 μάρτυς

2137 1702 2145 1718 .
2187 1661 2458 1731 πεποίηκε
2499 1661 2868 1732 ὁμολογήτην,
2898 1652 2964 1715 Μ’
2985 1670 3084 1727 est,
3117 1661 3246 1717 fecit
3280 1654 3587 1731 martyrem,
3613 1662 3723 1715 fecit

483 1747 886 1812 confessorem,
920 1764 1124 1814 nempe,
1148 1747 1304 1802 illum
1329 1758 1517 1810 morte,
1548 1749 1685 1802 hunc
1720 1749 2038 1803 cruciatibus
2074 1749 2272 1817 affecit.

556 1832 861 1888 Orationem
910 1843 1067 1904 atque
1098 1850 1180 1899 ea,
1232 1851 1350 1902 quae
1384 1837 1515 1905 περὶ
1566 1833 1664 1888 τοῦ
1715 1836 1876 1903 λόγου
1916 1836 1972 1890 in
2010 1834 2317 1903 Theophane
2371 1852 2600 1901 censere,
2637 1836 2843 1905 frustra
2887 1836 3072 1907 fuerit,
3121 1854 3241 1891 cum
3275 1837 3725 1891 ecclesiasticarum

488 1933 767 1976 auctorum
798 1921 920 1976 libri
946 1924 1327 1977 sententiarum
1359 1940 1422 1978 ac
1445 1941 1622 1978 rerum
1644 1940 1806 1978 causa
1832 1925 2037 1993 legendi
2075 1922 2244 1992 magis
2274 1923 2379 1976 sint
2406 1939 2566 1992 quam
2597 1925 2903 1982 verborum.
2941 1923 3271 1980 Charactere
3300 1933 3376 1977 est
3410 1939 3512 1976 non
3537 1922 3724 1983 humili,

488 2019 581 2062 aut
606 2008 870 2077 depresso,
913 2008 1004 2062 sed
1044 2011 1219 2079 gravi,
1249 2019 1299 2063 et
1335 2011 1425 2075 qui
1477 2010 1858 2069 sublimitatem
1887 2011 2291 2082 rhythmumque
2338 2014 2577 2084 aﬂ'ectat,
2615 2025 2671 2070 at
2704 2018 2761 2071 in
2792 2033 2895 2087 quo
2942 2018 3326 2087 syntomicum,
3362 2029 3581 2084 aereque
3612 2014 3727 2066 illud

493 2093 825 2149 Nazianzeni
852 2098 1061 2163 .merito
1112 2097 1399 2152 desideres.
1434 2095 1536 2152 Est
1566 2100 1719 2153 enim
1745 2099 1922 2163 laxus,
1958 2109 2007 2152 et
2050 2103 2363 2165 swpiuscule
2391 2107 2508 2171 plus
2560 2108 2723 2162 nimio
2755 2123 3073 2170 excurrens.
3124 2109 3304 2179 qualis
3353 2107 3543 2162 alicubi
3579 2106 3730 2173 Chry-

490 2193 773 2235 sostomus.
821 2180 937 2246 Quo
984 2181 1045 2248 fit
1074 2190 1199 2235 ut‘a
1234 2183 1575 2249 periodorum
1605 2186 1975 2248 distractione,
2032 2196 2084 2241 et
2118 2187 2174 2242 in
2206 2192 2375 2245 verbis
2425 2192 2570 2246 haud
2612 2204 2755 2249 recta
2807 2195 3136 2266 ἀκολουθειᾳ
3171 2197 3462 2265 implicitus
3492 2195 3579 2255 sit,
3611 2202 3730 2247 etut

493 2266 866 2339 Grtvcicritici
895 2270 950 2321 in
977 2269 1075 2321 hoc
1108 2284 1293 2339 genere
1323 2273 1631 2339 loquuntur,
1681 2274 1893 2325 omnino
1924 2274 2161 2347 ἀσαφής.
2225 2278 2395 2334 Verba
2442 2296 2546 2335 non
2591 2282 2837 2347 sordida,
2866 2283 2994 2343 ~imo
3029 2300 3121 2339 nec
3159 2286 3409 2345 obscura.
3460 2283 3732 2353 frequenter

493 2366 670 2410 tamen
698 2357 813 2409 i'leo
846 2358 1158 2428 impropria,
1193 2359 1333 2427 quod
1364 2362 1650 2416 translata.
1682 2361 1988 2428 Schemate,
2019 2377 2210 2431 prater
2235 2371 2371 2422 hanc
2400 2385 2564 2423 unam
2604 2373 2991 2441 metaphoram,
3022 2373 3133 2442 fere
3169 2373 3342 2428 nulla.
3397 2371 3573 2429 Sacra:
3602 2369 3732 2427 Scri-

490 2456 660 2514 ptura:
686 2448 954 2502 sententiis
993 2448 1218 2516 refertus
1251 2458 1351 2515 est,
1389 2450 1495 2503 imo
1520 2451 1631 2518 fere
1657 2458 1800 2504 totus
1846 2467 1910 2506 ex
1954 2453 2085 2516 illis,
2117 2458 2347 2511 maxime
2378 2458 2465 2518 iis.
2490 2473 2607 2527 qnte
2633 2459 2689 2512 in
2738 2457 2994 2528 Epistolis
3028 2457 3207 2528 Pauli,
3257 2469 3552 2524 contextus,
3583 2469 3638 2514 ut
3663 2458 3729 2510 vel

492 2534 547 2587 in
597 2532 692 2586 hoc
740 2532 1119 2605 Chrysostomi,
1159 2552 1314 2606 quem
1357 2539 1594 2593 studiose
1640 2540 1904 2603 imitatur,
1954 2541 2273 2611 discipulam
2326 2546 2497 2613 possis
2528 2561 2834 2615 agnoscere.
2893 2546 2997 2615 Tu,
3040 2550 3481 2617 pratstantissime
3527 2550 3734 2617 episcope

494 2622 661 2688 (apud
685 2637 835 2691 quem
880 2622 1205 2691 jamdudum
1239 2627 1345 2680 scio
1394 2625 1652 2681 bonorum
1677 2628 1997 2697 scriptorum
2034 2641 2372 2683 monumenta
2402 2647 2606 2687 summa
2646 2648 2757 2687 esse
2815 2633 2955 2698 loco,
2992 2646 3236 2702 nostras,
3285 2650 3617 2705 quacumque
3641 2632 3735 2685 illa

494 2705 717 2776 fuerint,
747 2710 1146 2766 lucubrationes
1176 2729 1280 2767 non
1311 2714 1543 2782 ultimo),
1586 2715 1892 2769 humaniter
1927 2719 2124 2782 accipe,
2171 2733 2290 2787 qua:
2319 2720 2503 2773 studia
2536 2736 2652 2775 mea
2701 2723 2843 2777 hisce
2870 2722 3057 2776 diebus
3087 2725 3456 2792 pronatalitiis
3485 2722 3576 2775 tibi
3602 2721 3737 2771 desu-

495 2798 720 2853 darunt.
759 2801 891 2864 Quae
923 2802 1137 2856 tandem
1167 2803 1213 2855 si
1242 2802 1339 2856 tibi
1389 2804 1607 2869 probari
1656 2821 1966 2874 cognovero,
2016 2804 2309 2858 maximum
2355 2822 2438 2860 me
2490 2808 2674 2873 opella:
2719 2808 2879 2879 hujus
2931 2812 3159 2880 pretium
3208 2810 3398 2879 fecisse
3444 2806 3734 2863 arbitrabor.

497 2884 934 2955 Fulgentissimus
967 2888 1162 2955 lucifer
1186 2907 1319 2961 puer
1345 2889 1475 2946 Iesu
1510 2893 1964 2962 (reverendissime
2009 2891 2207 2962 Pater)
2252 2893 2404 2962 cujus
2434 2894 2740 2963 felicissimo
2775 2908 2965 2952 exortu
2990 2897 3303 2968 caliginosa:
3331 2898 3577 2952 scelerum
3610 2902 3735 2947 tene-

500 2974 608 3027 b'rte
636 2973 870 3041 depulsa:
897 2983 1040 3041 sunt,
1072 2989 1292 3031 mentem
1318 2989 1465 3032 tuam
1491 2980 1683 3051 iugiter
1714 2980 1966 3035 illustret.
2004 2980 2103 3036 Ille
2140 2983 2234 3037 tibi
2264 2986 2319 3035 in
2354 2985 2486 3049 ista,
2529 3001 2635 3055 qua
2680 2986 2749 3040 ad
2780 2986 2991 3041 clavum
3023 2996 3162 3053 stas,
3206 2990 3442 3042 muneris
3477 2986 3551 3039 tui
3577 2980 3739 3053 puppi.

501 3070 647 3113 certa
689 3063 759 3113 sit
790 3061 995 3127 Helice,
1028 3078 1122 3124 per
1141 3080 1303 3134 quam
1327 3068 1541 3121 tandem
1568 3069 1820 3137 populum
1847 3083 1996 3136 quem
2026 3070 2218 3124 caelesti
2250 3080 2507 3138 potestate
2556 3075 2718 3144 regis,
2753 3075 2824 3127 ad
2850 3085 3065 3130 interna:
3112 3076 3309 3129 salutis
3345 3084 3552 3144 portum
3595 3069 3741 3136 possit

502 3148 806 3290 perdutjere.
862 3148 1044 3205 Roma:
1068 3151 1124 3206 in
1155 3155 1481 3210 monasterio
1512 3153 1931 3209 Prwdicatorum
1961 3166 2164 3213 sanctte
2191 3157 2383 3216 Maria:
2415 3178 2571 3228 super
2597 3162 2906 3227 Minervam,
2936 3163 3007 3218 20
3049 3162 3376 3218 Decembris.
3404 3162 3551 3216 Asino
3577 3159 3743 3212 huma-

504 3251 587 3290 na:
611 3253 672 3290 sa
700 3239 804 3290 utis
832 3239 994 3290 1589.

504 3251 587 3291 na:
611 3239 804 3292 salutis
832 3239 994 3297 1589.

515 3462 1359 3492 cI—u——-——___—_‘;

1372 3465 3726 3495 mw

1620 3624 2667 3764 ΘΕΟΦΑΝΟΥΣ

1131 3802 2396 3989 ΜΗΤΡΟΠΟΛΙΤΟΥ
2491 3874 3137 3994 ΝΙΚΑΙΑΣ

1833 4091 2468 4184 ΕΠΙΣΤΟΛΑΙ.

1528 4482 2586 4639 THEOPHAN
2594 4483 2773 4637 IS

1311 4774 2380 4889 METROPOLITZE
2415 4789 2423 4795 ’
2462 4773 3007 4890 ΝΙΟᾸΕΝΙ

1825 5015 2498 5107 EPISTOL/E.

1295 5370 1335 5425 Ι.
2131 5377 2179 5433 Α
2965 5365 3045 5420 Δ⁹.

534 5460 868 5531 Theophanis
912 5457 1292 5528 archiepiscopi
1320 5460 1527 5514 Niemni
1549 5460 1788 5530 Epistola
1830 5462 1900 5514 ad
1937 5459 2119 5515 Nicar-

2222 5459 2563 5529 ⁴ὶεοςρὰνους
2618 5462 3073 5528 μητροπολιτου
3144 5459 3398 5526 Νικαίας
3422 5500 3437 5525 ,
3493 5442 3776 5511 ἐπιστολῆ

597 5569 712 5617 nos,
744 5550 938 5603 docens
968 5546 1178 5617 qualem
1206 5566 1318 5604 esse
1348 5562 1587 5622 oporteat
1633 5568 1812 5606 verum
1857 5551 2119 5605 Christia-

2290 5551 2439 5618 πρὸς
2469 5550 2611 5617 τοὺς
2637 5552 2915 5618 Νικαίας.
2943 5551 3328 5607 διδάσκουσα
3354 5548 3484 5617 πῶς
3511 5546 3606 5603 δεῖ
3639 5538 3780 5596 εἶναι

603 5658 731 5695 num
789 5647 1200 5706 contemptorem
1243 5659 1418 5698 rerum
1469 5646 1704 5698 omnium
1754 5644 2119 5714 prrescnium,

2288 5645 2398 5698 τὸν
2447 5642 2648 5712 ἀληθῆ
2707 5644 3076 5713 Χριστιανὸν
3136 5646 3495 5713 ὑπερόπτην
3558 5637 3782 5693 πάντων

612 5734 720 5787 sive
756 5732 990 5785 tristium
1021 5732 1127 5788 sive
1139 5736 1501 5806 jucundarum
1522 5754 1542 5803 ;
1591 5754 1750 5807 prope
1809 5738 1967 5805 ﬁnem
1998 5752 2119 5789 vero

2290 5738 2410 5790 τῶν
2436 5737 2751 5805 παρόντων
2782 5737 2883 5790 καὶ
2920 5737 3119 5806 ἡδέων
3153 5740 3251 5793 καὶ
3295 5735 3606 5804 λυπηρῶν,
3644 5728 3780 5799 πρὸς

602 5826 914 5897 ριάιείρὶεηδ
948 5843 1099 5883 autne
1136 5846 1349 5887 vrorsus
1385 5833 1713 5886 consortium
1747 5830 2119 5883 httreticorum

2293 5830 2358 5881 τι)
2400 5828 2570 5893 ῖέ.ῖος
2615 5828 3019 5899 εἷσηγοιιμένη
3068 5829 3346 5893 καθάπαξ
3401 5820 3778 5892 ἐκτρέπεσθαι
