4016 6458
257 367 366 430 239

1657 355 1865 414 EPIS’I

1970 357 2020 413 ,Α
2070 355 2118 413 Ι.
3421 353 3523 414 £90

329 485 539 540 πᾶσαν
580 482 922 543 κοινωνίαν,
960 479 1077 532 τῶν
1125 477 1456 547 αἱρετικὼν.
1492 476 1841 544 Πεμφθεῑσα

2011 475 2315 544 fugiendum
2367 491 2498 528 esse.
2559 473 2729 527 Missa
2793 474 2933 542 fuit,
2983 473 3381 540 cuntirimum
3439 489 3527 526 ue-

335 581 472 643 παρ’
501 577 690 629 αὑτοῦ
727 573 816 627 ἔτι
862 574 1034 639 ὄντος
1075 573 1430 642 ὺποψηφίου
1463 571 1689 638 ταύτης
1733 568 1844 637 τῆς

339 670 592 732 πόλεως.

346 765 408 815 Oi.
432 762 519 832 τὴν
550 760 720 815 πάλαι
760 760 857 827 μὲν
890 759 1187 826 εὐδαίμονα
1217 759 1313 813 καὶ
1361 759 1845 830 περιφανεστάτην

283 855 390 908 τῶν
417 856 638 918 πόλεων,
674 855 795 907 νυνί
816 853 871 906 δὲ
900 853 1260 922 δορυάλωτον,
1278 852 1323 905 ὣ
1353 852 1490 906 Θεοῦ
1521 852 1841 923 κριμάτωνι

281 950 375 1000 καί
391 945 793 1014 δεδουλωμένην
811 943 1090 1006 οἰκοῦντες
1112 945 1145 1013 ἣ
1171 945 1565 1014 παροικοῦντες
1581 945 1844 1008 Νίκαιαν,

277 1040 478 1109 μᾶλλον
508 1039 566 1092 δὲ
596 1038 659 1092 τὸ
701 1036 924 1091 εἴδωλον
951 1039 1120 1107 αὐτῆς
1149 1036 1410 1107 ἀτεχνῶς,
1443 1039 1506 1091 ἐκ
1541 1038 1706 1108 μόνου
1749 1035 1845 1090 τοῦ

270 1135 538 1204 ὀνόματος
581 1132 676 1184 καὶ
713 1133 814 1196 τῆς
853 1130 1164 1198 ἐπιγραφῆς
1193 1131 1334 1183 κατὰ
1365 1129 1493 1193 τοὺς
1523 1131 1848 1200 ἀνδριάντας

269 1227 332 1280 τὸ
362 1223 643 1294 γνώριμον
667 1223 921 1293 ἔχουσαν,
952 1223 1075 1275 ὅσον
1103 1239 1163 1274 τε
1207 1226 1264 1276 ἐν
1304 1222 1577 1290 διαφόροις
1619 1223 1850 1293 βαθμοῖς

268 1317 367 1371 τοῦ
416 1314 696 1388 ἱερατικοῦ
749 1314 1088 1383 καταλόγου·
1137 1315 1235 1368 καί
1288 1315 1338 1368 οἰ
1389 1313 1567 1368 λοιποί
1609 1316 1851 1378 ἅπαντες

273 1411 394 1465 ὅσοι
442 1409 700 1463 καλεῖσθε
754 1408 862 1462 ἀπὸ
901 1407 1162 1478 Χριστοῦ,
1201 1409 1360 1478 χάρις
1400 1409 1530 1478 ὑμῖν
1563 1411 1669 1481 είη,
1703 1411 1851 1477 ἕλεος

276 1503 370 1554 καὶ
418 1500 609 1570 εἰρήνη
647 1499 758 1554 ἀπὸ
787 1499 926 1552 Θεοῦ
980 1500 1191 1572 Πατρδς
1242 1501 1338 1554 καὶ
1385 1501 1627 1572 Χριστοῦ
1673 1504 1850 1575 Ἰησοῦ

274 1591 371 1644 ¹¹δοῦ
409 1592 614 1663 Κυρίου
643 1591 821 1660 ἡμῶν.

2017 567 2254 618 claratus
2313 575 2388 618 est
2425 564 2583 634 hujus
2614 564 2761 618 urbis
2793 574 2998 633 pastor.

2021 748 2124 813 Qui
2159 747 2367 801 felicem
2415 746 2549 801 olim
2606 756 2658 800 et
2704 745 3069 800 clarissimam
3105 747 3344 807 urbium,
3386 761 3530 799 nunc

1947 854 2076 893 vero
2106 839 2450 907 captivam,o
2481 837 2572 893 Dei
2601 837 2804 904 judicia
2829 838 2842 890 ί
2876 847 2930 892 et
2963 838 3012 890 in
3040 836 3356 890 servitutem
3380 839 3535 890 reda-

1949 915 2088 981 ctam
2125 925 2380 978 habitatis
2409 923 2668 990 Nicaeam,
2704 927 2904 994 quique
2951 924 3117 993 ipsius
3152 925 3343 978 incola:
3362 925 3527 986 esus,

1953 1018 2061 1071 imo
2107 1028 2163 1070 ut
2213 1019 2402 1072 verius
2449 1019 2649 1080 dicam,
2703 1019 2794 1086 qui
2832 1018 3067 1071 civitatis
3115 1017 3260 1070 illius
3309 1017 3529 1071 simula-

1951 1125 2103 1164 crum
2161 1125 2351 1164 revera
2405 1110 2690 1173 habitalis,
2726 1109 2842 1164 solo
2875 1124 2939 1163 ex
2983 1109 3202 1163 nomine
3243 1120 3293 1163 et
3340 1109 3536 1163 inscri-

1953 1204 2161 1273 ptione,
2199 1211 2256 1258 ut
2290 1203 2342 1257 in
2374 1203 2574 1258 statuis
2607 1204 2723 1256 ﬁeri
2766 1203 2927 1267 solet,
2971 1204 3220 1257 notitiam
3257 1202 3341 1258 sui
3378 1201 3537 1257 exhi-

1953 1296 2166 1362 bentis;
2194 1304 2460 1366 quotquot
2487 1298 2624 1351 estis
2675 1295 2729 1350 in
2762 1296 2928 1349 variis
2973 1295 3230 1366 gradibus
3271 1297 3533 1350 sacerdo-

1953 1390 2078 1442 talis
2132 1388 2340 1444 ordinis
2409 1389 2728 1453 constituti,
2797 1391 3090 1456 caeterique
3151 1401 3377 1451 omnes,
3439 1389 3534 1456 qui

1955 1496 2148 1535 nomen
2183 1496 2212 1534 a
2241 1479 2465 1536 Christo
2493 1479 2826 1548 sumpsistis,
2847 1481 3020 1549 gratia
3056 1479 3212 1533 vobis
3241 1480 3335 1543 sit,
3366 1479 3535 1532 mise-

1954 1569 2188 1624 ricordia
2225 1581 2278 1625 et
2302 1586 2406 1641 pax
2432 1585 2465 1625 a
2487 1571 2593 1626 Deo
2620 1569 2807 1634 Patre.
2831 1569 3123 1626 etChristo
3151 1567 3279 1624 .lesu
3308 1567 3537 1624 Domino

1957 1669 2168 1716 IIOSU'O.

347 1775 418 1822 α’.
449 1767 750 1824 Γινώσκειν
805 1770 953 1838 ὑμᾶς
993 1770 1135 1836 δέον,
1171 1771 1448 1844 ἀγαπητοί
1495 1775 1735 1845 ἀδελφοὶ,
1769 1778 1852 1831 ὅτι

2029 1772 2082 1827 1.
2120 1771 2290 1827 Nosse
2307 1785 2405 1828 vos
2427 1780 2664 1842 oportet,
2694 1771 2877 1828 dilecti
2900 1773 3118 1838 fratres,
3137 1787 3225 1828 me
3253 1771 3538 1827 minimmu

281 1861 496 1933 εὐδοκία
527 1862 622 1915 καί.
654 1863 838 1932 χάριτι
867 1861 962 1916 τοῦ
996 1864 1408 1935 παντοδυνάμου
1443 1866 1604 1934 Θεοῦ,
1633 1869 1731 1922 τοῦ
1757 1888 1854 1924 κα-

280 1953 498 2016 λοῦντος
547 1955 616 2007 τὰ
649 1953 724 2023 μὴ
768 1953 897 2007 ὄντα
931 1953 1007 2017 ὡς
1050 1955 1181 2009 ὄντα
1210 1958 1332 2010 κατ’
1382 1958 1522 2012 ἰδίαν
1577 1961 1858 2031 πρόθεσιν,

284 2047 438 2114 κοινῇ
468 2043 663 2115 γνώμῃ
692 2044 787 2098 τοῦ
827 2047 1242 2113 παναγιωτάτου
1276 2049 1309 2118 ἡ
1320 2048 1440 2118 μῶν
1468 2051 1732 2106 δεσπότου
1762 2055 1858 2108 τοῦ

285 2137 667 2204 οἰκουμενικοῦ
705 2139 1048 2209 πατριάρχου
1082 2141 1181 2196 καὶ
1211 2143 1312 2211 τῆς
1345 2142 1476 2212 περί
1517 2145 1679 2197 αὑτὸν
1708 2146 1860 2211 θείας

285 2229 381 2280 καὶ
433 2229 583 2298 ἰερᾶς
614 2229 833 2284 συνόδου
888 2231 1175 2302 προήχθην
1223 2232 1334 2300 ἐγὼ
1363 2235 1392 2288 ὁ
1439 2235 1722 2306 ἐλάχιστος
1772 2241 1861 2294 διὰ

290 2322 611 2390 μηνύματος
632 2322 716 2383 εἰς
741 2322 1074 2392 ὑποψήφιον,
1097 2324 1195 2378 καὶ
1223 2321 1336 2379 οἷον
1364 2328 1540 2382 εἰπεῖν
1568 2330 1862 2400 μνηστῆρα

288 2412 388 2479 τῆς
417 2413 476 2464 ἐν
503 2411 633 2480 ὑμῖν
660 2413 824 2480 ἁγίας
845 2412 939 2466 τοῦ
961 2415 1097 2468 Θεοῦ
1139 2416 1489 2488 Ἐκκλησίας.
1521 2421 1614 2472 Διὸ
1643 2423 1863 2491 πρῶτον

290 2502 481 2573 δίδωμι
515 2503 643 2573 ὑμῖν
672 2505 773 2576 τὴν
807 2507 864 2558 ἐν
898 2507 1121 2578 Χριστῷ
1155 2510 1382 2579 εἰρήνην
1413 2528 1472 2564 τε
1497 2513 1590 2565 καί
1615 2514 1862 2585 ἀγάπην,

288 2597 359 2667 ἢν
389 2596 580 2667 ὥσπερ
605 2597 730 2652 τινὰ
754 2599 957 2668 κλῆρον
993 2600 1249 2669 πατρῷον
1283 2603 1417 2674 παρ’
1435 2606 1607 2658 αὐτοῦ
1635 2607 1868 2678 εἰλήφα-

295 2705 395 2757 μεν
437 2689 528 2742 τοῦ
573 2689 828 2759 Σωτῆρος
874 2692 1032 2760 ήμῶν
1063 2692 1200 2746 Θεοῦ
1228 2712 1240 2725 ’
1269 2689 1336 2766 ἦς
1385 2698 1480 2750 καὶ
1542 2699 1866 2770 μετάσχοιτέ

296 2798 387 2847 μοι
425 2781 667 2848 δαψιλῶς
698 2785 778 2844 εἰς
824 2783 1042 2850 ἐφόδιον
1071 2785 1352 2857 ὑπομονῆς
1400 2790 1498 2843 καὶ
1557 2791 1869 2863 μεγαλοψυ-

292 2872 440 2942 χίας,
471 2871 612 2926 ὥστε
657 2873 916 2928 δύνασθαι
946 2877 1041 2928 καί
1085 2876 1348 2945 ἀλλήλους
1375 2883 1735 2950 παρακαλεῖν,
1780 2885 1868 2938 διὰ

291 2963 422 3024 τοὺς
455 2965 832 3032 ἐπικειμένους
865 2967 994 3034 ὑμῖν
1024 2967 1112 3020 ἀεὶ
1145 2969 1516 3039 πειρασμούς.
1551 2972 1866 3042 Παρακαλῶ

289 3056 350 3109 δὲ
412 3057 577 3124 ὑμᾶς.
633 3057 878 3125 ἀδελφοὶ,
924 3059 1012 3113 διὰ
1041 3059 1136 3114 τοῦ
1198 3061 1465 3131 ὀνόματος
1514 3065 1609 3118 τοῦ
1657 3067 1866 3138 Κυρίου

1962 1864 2148 1918 divina
2181 1862 2464 1918 voluntate
2511 1873 2566 1917 et
2614 1863 2791 1932 gratia
2837 1863 3233 1932 omnipotentis
3285 1861 3400 1926 Dei,
3436 1863 3533 1931 qui

1958 1955 2116 2023 juxta
2149 1955 2562 2024 dispositionem
2596 1969 2773 2021 suam,
2809 1970 2928 2025 quae
2961 1970 3068 2009 non
3099 1961 3248 2019 sunt,
3280 1963 3540 2023 tauquam

1937 2062 2028 2103 aea
2055 2063 2179 2118 quae
2209 2059 2358 2114 sunt,
2391 2059 2572 2112 vocat,
2624 2062 2691 2103 ex
2738 2062 3007 2102 consensu
3062 2046 3394 2102 sanctissimi
3431 2048 3540 2102 “du-

1964 2139 2096 2194 mini
2132 2145 2302 2195 nostri
2335 2140 2663 2195 mcumenici
2696 2141 3040 2209 patriarchae,
3077 2140 3333 2209 sacrique
3374 2139 3544 2207 ipsius

1965 2245 2030 2284 ac
2057 2232 2226 2284 divmi
2275 2232 2496 2286 concilii
2532 2242 2838 2302 promotum
2903 2246 3047 2298 esse,
3093 2232 3545 2300 declaratumque

1963 2327 2020 2378 in
2067 2325 2320 2392 electum,
2359 2336 2541 2394 atque,
2586 2335 2648 2379 ut
2697 2325 2767 2380 ita
2809 2328 3009 2389 dicam,
3045 2340 3306 2394 sponsum
3341 2336 3544 2380 Sanctae

1966 2427 2158 2468 vestra:
2184 2412 2277 2468 Dei
2309 2415 2954 2486 Ecclesiae.~Quapropter
2983 2415 3050 2470 do
3081 2414 3236 2470 vobis
3271 2417 3322 2470 in
3348 2415 3543 2483 primis

1967 2521 2153 2573 parem
2189 2514 2245 2559 et
2287 2506 2610 2560 charitatem
2655 2506 2710 2559 in
2743 2504 2984 2568 Christo,
3030 2519 3194 2574 quam
3249 2503 3414 2558 veluti
3447 2520 3545 2572 pa-

1969 2607 2174 2650 ternam
2195 2599 2484 2664 quamdam
2509 2597 2890 2664 baereditatem_
2906 2597 3108 2666 abjpso
3135 2594 3243 2650 Deo
3264 2593 3546 2648 Salvatore

1967 2695 2153 2740 nostro
2204 2690 2546 2758 accepimus;
2580 2703 2742 2758 quam
2782 2697 2837 2742 et
2865 2703 2982 2752 vos,
3015 2701 3222 2756 quaeso,
3257 2686 3544 2755 amplecti-

1970 2776 2102 2831 mini
2129 2777 2364 2846 copiose,
2408 2779 2473 2833 ad
2507 2778 2785 2848 patientiae
2818 2776 3361 2847 longanimitatisque
3393 2790 3548 2828 com-

1972 2877 2208 2918 meatum
2253 2867 2670 2937 acquirendum,
2698 2877 2755 2921 ut
2791 2875 2846 2922 et
2878 2883 2974 2922 vos
3016 2867 3073 2920 in
3122 2865 3338 2920 assidue
3371 2865 3550 2918 immi-

1973 2957 2234 3013 nentibus
2272 2960 2664 3014 tentationibus
2716 2959 2950 3014 invicem
2987 2957 3255 3013 consolari
3301 2956 3548 3027 possitis.

1977 3048 2248 3118 Deprecor
2273 3060 2455 3104 autem
2489 3067 2608 3117 vos,
2643 3069 2677 3107 ο
2709 3051 2930 3116 fratres,
2956 3062 3178 3120 propter
3210 3065 3404 3104 nomen
3444 3048 3553 3102 Do-

290 3149 451 3217 ἡμῶν
501 3150 675 3219 Ἰησοῦ
719 3152 986 3222 Χριστοῦ,
1025 3154 1120 3208 τοῦ
1149 3154 1336 3220 δόντος
1363 3157 1560 3210 ἐαυτὸν
1589 3158 1732 3228 ὑπὲρ
1761 3160 1865 3214 τῶν

1975 3142 2105 3196 mini
2156 3145 2328 3197 nostri
2383 3144 2508 3199 Jesu
2566 3143 2794 3210 Christi,
2851 3144 2942 3213 qui
2994 3144 3352 3212 semetipsum
3406 3142 3552 3196 dedit

279 3243 577 3312 ιᾶμαρτιῶν
599 3244 776 3314 ἡμῶν,
807 3246 958 3309 ὅπως
1002 3246 1250 3317 ἐξέληται
1285 3251 1433 3319 ἡμᾶς
1465 3252 1529 3304 ἐκ
1553 3251 1649 3304 τοῦ
1691 3269 1866 3324 πονηο

295 3333 427 3403 ροῦ·
486 3336 920 3405 προοιμιάσομαι
971 3337 1082 3408 γὰρ
1115 3338 1223 3390 ἀπὸ
1276 3342 1374 3409 τῆς
1426 3341 1720 3407 θεσπεσίας
1767 3345 1864 3398 τοῦ

289 3425 511 3478 Παύλου
542 3429 756 3497 φωνῆς·
794 3428 918 3480 ἐπεὶ
955 3430 1211 3493 κάκεῖνος
1252 3433 1398 3501 ὑμᾶς
1427 3432 1494 3485 δι’
1523 3434 1659 3504 ἐμοῦ
1690 3436 1897 3495 ταῦτα.

183 3534 188 3538 ·
289 3517 473 3570 πάντα
503 3518 828 3587 παρακαλεῖ,
867 3520 954 3574 ἵνα
993 3520 1161 3586 ἀξίως
1185 3523 1279 3582 καὶ
1324 3525 1467 3578 κατὰ
1500 3527 1631 3590 τοὺς
1669 3529 1868 3599 νόμους

289 3609 390 3662 τοῦ
447 3610 780 3679 Εὑαγγελίου
833 3612 928 3666 τοῦ
979 3614 1218 3682 Χριστοῦ
1275 3617 1660 3687 πολιτεύησθε.
1705 3621 1866 3690 Ὑμῖν

293 3703 406 3770 γὰρ
447 3703 680 3772 μάλιστα
705 3705 784 3759 δεῖ
813 3706 1015 3777 πολλῆς
1039 3708 1254 3777 νήψεως
1282 3711 1378 3764 καὶ
1406 3713 1703 3784 προσοχῆς,
1730 3715 1868 3782 ἀγα-

303 3796 482 3861 πητοὶ,
514 3790 602 3848 οἷα
627 3797 690 3865 δὴ
725 3801 1334 3870 συναναστρεφομένοις
1365 3809 1626 3874 πονηροῖς
1658 3807 1870 3877 ἀνθρώ-

305 3899 443 3950 ποις,
471 3889 690 3942 ὰσεσέσι
716 3894 810 3944 καί
839 3892 1210 3962 ἁμαρτωλοῖς,
1244 3895 1332 3948 ἵνα
1365 3898 1438 3966 μή
1494 3914 1642 3960 τινες
1670 3903 1734 3953 ἐκ
1767 3901 1870 3970 τῆς

299 3977 438 4044 πρὸς
462 3981 702 4045 ἐκείνους
728 3983 1012 4053 διηνεκοῦς
1045 3987 1287 4056 όμιλίας,
1340 3990 1440 4042 καὶ
1471 3990 1677 4062 πολλῆς
1707 4008 1871 4065 συνη-

299 4066 450 4130 θείας
481 4074 957 4141 περιτρεπόμενοι.
989 4076 1021 4146 ἢ
1061 4078 1203 4129 κατὰ
1238 4077 1336 4149 τὴν
1367 4080 1552 4133 πίστιν
1577 4083 1871 4139 ὑποσκελί-

298 4159 497 4224 Cerno,
530 4163 562 4232 ἢ
604 4169 908 4218 κοινωνοῖεν
946 4171 1058 4230 τοῖς
1092 4169 1275 4239 ἔργοις
1302 4175 1527 4226 ἐκείνων
1563 4179 1674 4240 τοῖς
1705 4195 1871 4247 πονη-

301 4254 450 4319 ροῖς·
486 4256 709 4320 ὁμιλίαι
750 4258 879 4329 γὰρ,
936 4263 1090 4329 φησι,
1126 4265 1303 4317 κακαί
1351 4267 1704 4335 φθείρουσιν
1750 4271 1868 4340 ἤθη

298 4347 536 4410 χρηστά
555 4361 570 4375 ο
604 4348 696 4398 καὶ
721 4349 850 4418 ῥᾷον
882 4351 1210 4417 μεταλαϐεῖν
1231 4356 1454 4421 κακίας,
1484 4358 1515 4426 ἢ
1548 4359 1753 4429 ἀρετῆς
1779 4379 1870 4430 με·

305 4435 576 4498 ταόοῦναι,
615 4436 744 4491 θεῖοί
799 4457 933 4509 φασι
987 4443 1259 4513 Πατέρες.
1295 4448 1370 4500 Οὐ
1434 4450 1542 4521 μὴν
1596 4451 1733 4503 ἀλλὰ
1781 4453 1878 4505 καὶ

301 4526 468 4595 ἓτερά
502 4529 614 4580 ἐστι
646 4531 784 4599 πρὸς
814 4534 925 4594 τοῖς
955 4535 1292 4604 εἰρημένοις,
1331 4540 1398 4592 τὰ
1445 4544 1790 4611 παρακαλεῖν
1816 4562 1876 4597 τε

304 4622 400 4668 καὶ
446 4617 732 4689 διεγείρειν
765 4621 1039 4692 δυνάμενα
1093 4628 1232 4695 πρὸς
1261 4631 1360 4698 τὴν
1389 4634 1610 4702 ἀπάτην
1651 4635 1876 4691 ἐκείνων

303 4711 398 4763 καὶ
448 4710 766 4780 μοχθηρίαν,
827 4714 968 4767 ὥστε
1020 4717 1327 4773 κλονεῖσθαι
1382 4724 1507 4785 τοὺς
1561 4727 1635 4794 μὴ
1695 4726 1876 4790 καλῶς

305 4810 704 4874 προσέρχοντας
727 4808 1222 4881 .ἐαυτοῖς.ηΙΙρῶτον
1248 4815 1350 4882 μὲν
1379 4817 1439 4867 τὸ
1466 4817 1606 4870 λεῖον
1633 4823 1733 4889 τῆς
1757 4821 1879 4891 ἡδο-

303 4898 426 4965 νῆς,
457 4901 550 4952 καὶ
593 4901 882 4971 ἀνειμένον
918 4905 1097 4975 πάντη
1127 4911 1224 4958 καὶ
1255 4908 1558 4963 ἀκόλαστον
1589 4913 1685 4965 τοῦ
1733 4914 1872 4984 βίου,

301 4993 395 5042 καὶ
425 4991 483 5043 τὸ
525 4992 724 5057 ἐξεῖναι
757 4996 943 5049 πᾶσαν
973 4998 1274 5070 ἐπιθυμίαν
1307 5002 1486 5055 τελεῖν
1530 5008 1629 5075 τῆς
1678 5007 1878 5074 σαρκὸς

298 5085 634 5147 ἀκωλύτωςο
695 5087 836 5154 πρὸς
880 5087 1094 5154 τούτοις
1131 5093 1404 5147 ἐπίκειται
1465 5097 1562 5149 καὶ
1591 5098 1618 5150 ὁ
1665 5099 1877 5170 ἀφανὴς

300 5177 491 5246 ἐχθρὸς
526 5179 618 5230 καὶ
657 5179 930 5245 ἀντίδικος
961 5183 1118 5252 ημῶν
1148 5183 1395 5248 διάϐολος
1439 5189 1580 5256 μετὰ
1621 5189 1722 5257 τῆς
1754 5193 1878 5242 ἐπι-

300 5271 491 5321 εῖούλου
542 5272 766 5340 σαρκὸς,
797 5271 1070 5343 ὑπηκόους
1117 5279 1212 5328 καὶ
1259 5278 1543 5347 ὑπηρέτας
1583 5279 1722 5349 ἔχων
1751 5281 1878 5346 τοὺς

297 5363 606 5430 ἐρωμένους
639 5367 896 5435 εὐμενεῖς
926 5367 1154 5438 ἐχθροὺς
1182 5370 1341 5440 ἡμῶν
1375 5371 1441 5425 ἄν
1461 5390 1548 5436 τις
1574 5371 1718 5438 εἷπε,
1751 5375 1876 5438 τοὺς

298 5457 682 5537 συνοικοῦντας
749 5459 884 5529 ἡμῖν
919 5464 1010 5514 καὶ
1065 5462 1325 5535 καθάπερ
1376 5467 1532 5528 τινὰς
1582 5468 1873 5540 ἀκάρπους

299 5550 560 5617 μελίσσας
575 5554 1040 5623 συμμιγνυμένας
1063 5557 1140 5624 τῷ
1169 5556 1262 5610 τοῦ
1288 5559 1527 5628 Χριστοῦ
1552 5561 1871 5629 μελισσῶνι’

298 5643 388 5696 καὶ
420 5646 478 5698 τὸ
518 5645 644 5714 μέλι
692 5647 791 5716 τῆς
831 5647 1032 5720 ἀρετῆς
1079 5649 1307 5705 ἐκείνων
1340 5653 1614 5723 ὑποσυλᾷν
1666 5673 1872 5725 πειρωιο

371 5826 386 5854 ¹
419 5826 432 5878 Ι
470 5828 596 5882 Cnr.
628 5842 722 5888 xv,
760 5822 846 5877 55.

1953 3244 2197 3303 -pr0pter
2242 3245 2429 3288 nostra
2477 3245 2723 3303 peccata,
2779 3242 2836 3290 ut
2897 3249 2998 3290 nos
3050 3249 3080 3287 a
3136 3234 3284 3288 malo
3333 3242 3556 3288 erueret

1979 3327 2260 3397 (incipiam
2306 3329 2452 3382 enim
2489 3342 2519 3382 a
2557 3327 2816 3396 praeclara
2857 3328 3153 3398 divinaque
3196 3326 3348 3381 Pauli
3399 3340 3552 3389 voce,

1976 3435 2102 3474 nam
2134 3429 2188 3475 et.
2213 3420 2302 3475 ille
2322 3436 2417 3476 vos
2446 3425 2513 3474 ad
2535 3422 2649 3474 bare
2681 3421 2858 3474 omnia
2881 3435 2976 3488 per
3006 3435 3090 3474 me
3125 3420 3469 3484 adhortatur,
3494 3427 3558 3472 ut

1973 3516 2137 3585 digne
2177 3527 2225 3570 et
2247 3515 2398 3586 juxta
2423 3517 2592 3585 legem
2618 3513 3112 3583 EvangeliiCbristi
3133 3511 3552 3565 conversemini.

1977 3607 2146 3663 Vobis
2191 3609 2335 3661 enim
2393 3609 2448 3661 in
2507 3606 2721 3676 primis,
2759 3621 2792 3660 0
2825 3604 3034 3669 dilecti,
3079 3603 3246 3656 multa
3290 3616 3426 3670 opus
3471 3608 3558 3653 est

1978 3701 2277 3756 sobrietate
2311 3708 2475 3768 atque
2523 3700 2850 3763 attentione,
2883 3697 3092 3766 quippe
3127 3695 3224 3765 qui
3255 3709 3380 3748 cum
3429 3707 3556 3760 pra-

1979 3793 2060 3847 vis
2090 3792 2420 3858 hominibus,
2466 3792 2648 3859 impiis
2691 3801 2746 3846 et
2788 3789 3168 3858 peccatoribus
3213 3787 3444 3854 degatis,
3491 3799 3556 3836 ne

1979 3881 2069 3950 qui
2102 3897 2170 3934 ex
2217 3879 2437 3935 assiduo
2466 3895 2586 3932 cum
2622 3879 2731 3933 illis
2785 3877 3055 3947 colloquio
3097 3876 3372 3943 multaque
3423 3886 3555 3926 cou-

1965 3973 2266 4029 vsuetudine
2319 3971 2620 4042 depravati,
2663 3970 2746 4026 vel
2781 3973 2834 4026 in
2863 3971 2986 4025 '[ide
3039 3968 3405 4036 decipiantur,
3470 3969 3554 4020 vel

1982 4068 2137 4121 malis
2179 4081 2365 4121 eorum
2402 4065 2654 4135 operibus
2699 4064 3135 4119 communicent:
3176 4060 3349 4114 Pravo
3387 4063 3557 4123 enim,

1985 4161 2180 4228 inquit,
2237 4160 2499 4228 colloquia
2555 4158 2716 4213 bonos
2777 4173 2947 4210 mores
3001 4166 3342 4220 corrumpunt
3381 4154 3438 4217 ¹;
3503 4161 3557 4203 et

1985 4254 2196 4308 facilius
2230 4269 2349 4309 esse
2385 4253 2705 4322 pravitatem
2743 4249 3090 4312 contrahere,
3114 4263 3273 4314 quam
3300 4246 3556 4296 Virtutum

1986 4346 2276 4416 impertiri,
2313 4361 2452 4400 sacrt
2487 4343 2675 4399 Patres
2716 4343 3010 4398 afﬁrmant.
3046 4339 3157 4394 Sed
3193 4348 3246 4393 et
3294 4338 3394 4390 alia
3435 4349 3560 4388 Sunt

1985 4449 2179 4507 praeter
2215 4439 2325 4508 jam
2377 4440 2542 4505 dicta,
2594 4453 2714 4507 quae
2760 4438 2994 4491 invitare
3040 4441 3266 4504 possunt
3323 4443 3379 4485 et
3411 4432 3559 4484 exci-

1983 4541 2100 4587 tare
2131 4533 2197 4587 ad
2249 4533 2463 4586 illorum
2497 4531 2716 4586 fraudes
2759 4538 2813 4584 et
2863 4527 3150 4588 malitiam,
3182 4524 3256 4578 ita
3289 4533 3346 4575 ut
3378 4522 3414 4575 ii
3443 4523 3559 4590 qui

1977 4627 2117 4680 bene
2157 4627 2262 4682 sibi
2298 4645 2403 4682 non
2459 4628 2768 4693 attendunt,
2805 4623 2962 4680 facile
3013 4629 3226 4675 nutent.
3263 4621 3344 4673 'Et
3380 4617 3558 4688 primo
3588 4647 3601 4662 κ

1975 4721 2196 4788 quidem
2230 4720 2521 4788 voluptatis
2553 4719 2768 4785 lenitas,
2801 4715 3221 4782 omnimodaque
3271 4712 3557 4776 relaxatio,

1974 4813 2214 4883 vitmque
2249 4812 2430 4878 luxus,
2463 4823 2516 4867 et
2551 4812 2764 4866 licentia
2795 4809 2943 4864 nullo
2988 4809 3292 4862 reluctante
3336 4805 3400 4860 ad
3442 4820 3550 4858 0m-

1977 4921 2098 4960 nem
2131 4907 2482 4974 cupiditatem
2524 4905 2708 4960 carnis
2733 4901 3086 4971 explendam;
3114 4901 3181 4955 ad
3224 4899 3339 4954 haec
3379 4899 3558 4954 immi-

1981 5011 2074 5053 net
2117 4998 2414 5053 invisibilis
2467 5008 2651 5051 noster
2698 4997 2950 5051 inimicus
2996 5004 3162 5062 atque
3217 4994 3562 5048 adversarius

1981 5091 2252 5156 diabolus,
2303 5106 2424 5146 cum
2481 5092 2737 5146 insidiosa
2797 5104 2981 5152 carne,
3028 5088 3274 5144 visibiles
3313 5088 3562 5143 subditos

1981 5187 2190 5241 habens
2225 5197 2279 5242 et
2316 5167 2626 5248 ministros,
2661 5185 2844 5239 hostes
2880 5183 3096 5252 quidem
3142 5183 3300 5236 nobis
3331 5182 3560 5239 anticus,

1981 5291 2040 5334 ιιι
2073 5283 2153 5336 sic
2178 5295 2271 5336 cos
2298 5280 2656 5349 appellemus,
2693 5279 3072 5333 cohabitantcs
3103 5277 3408 5334 nobiscum,
3443 5271 3560 5338 qui,

1985 5384 2043 5430 ut
2076 5373 2430 5428 infructuosae
2462 5373 2707 5442 quaedam
2741 5387 2891 5440 apes,
2937 5371 3138 5426 Christi
3175 5367 3381 5437 apiario
3409 5382 3558 5417 com-

1929 5497 1935 5504 -
1987 5468 2304 5531 miscentur,
2380 5475 2436 5519 et
2492 5466 2596 5518 mel
2653 5466 2873 5520 virtutis
2919 5480 3105 5519 eorum
3158 5461 3440 5528 subripere
3495 5470 3559 5510 ac

1984 5560 2284 5627 deprazdari
2346 5571 2648 5625 conantur;
2703 5559 2954 5612 simulata
3007 5556 3269 5615 amicitia,
3329 5556 3562 5618 iit‘ltiqtlc

1985 5666 2170 5707 amore
2203 5652 2364 5707 noxia
2396 5667 2624 5722 qumque
2659 5665 2875 5720 semper
2921 5649 3026 5704 illis
3059 5647 3348 5702 suadentes
3399 5659 3561 5713 atque
