4016 6458
233 294 341 361 3ἳ1

1613 293 1989 355 EPISTOLA
2021 293 2137 352 Ill.

3391 287 3500 355 323

230 405 299 459 ἐν
340 405 437 458 καὶ
466 404 566 474 τῆς
602 405 710 467 {tua
724 405 917 475 ρχικῆς
946 404 1278 474 πὶηθυνθείη
1308 403 1554 474 Τριάδος,
1589 405 1669 467 είς
1702 420 1820 456 κατ-

1936 399 2219 456 l‘eetionem
2259 401 2476 472 quidem
2509 409 2771 469 vestram,
2801 412 2855 458 et
2885 402 3149 456 unitatem
3184 400 3346 466 lidei‘,
3377 418 3499 472 qua:

244 494 521 567 αρτισμδν
553 496 655 565 μὲν
684 496 894 549 ἑαυτῶν
928 497 1023 548 καὶ
1052 496 1150 563 τῆς
1177 499 1256 559 είς
1302 495 1436 549 Θεὸν
1455 497 1681 565 ἑνότητα
1731 494 1819 547 πί⁴

237 608 433 652 στεως,
465 591 560 643 καὶ
594 589 729 658 πρὸς
782 591 888 642 πᾶν
932 589 1113 641 ὁτιοῦν
1150 587 1357 655 ἀγαθὸν
1398 587 1676 655 ὁμόνοιαν,
1721 586 1820 640 καὶ

244 679 624 749 ἀλληλουχίαν,
679 678 910 748 αὔξησιν
956 678 1015 731 δὲ
1063 678 1160 731 καὶ
1211 676 1502 749 προκοπὴν
1552 678 1670 747 βίου
1723 678 1821 732 καὶ

252 772 480 834 πίστεως
495 770 602 823 τῶν
622 770 689 823 δι’
707 771 740 839 ἡ
748 770 865 839 μῶν
883 769 1000 840 Θεῷ
1025 771 1574 840 προσενηνεγμένων,
1584 770 1676 823 καὶ
1703 769 1819 824 διας

257 863 433 930 φόροις
475 860 863 931 φωτιζομένων
915 862 1010 915 καὶ
1057 860 1438 931 ἀγιαζομένων
1484 861 1815 931 ἀνθρώπων,

251 953 564 1025 προσθήκην
612 970 673 1006 τε
719 952 943 1023 διηνεκῆ
977 953 1077 1006 καὶ
1118 953 1363 1008 ἐπίδοσιν
1412 953 1516 1024 τῆς
1559 955 1655 1009 τοῦ
1680 955 1818 1009 Θεοῦ

263 1042 684 1111 Ἐκκλησίας-ἑκ
729 1042 841 1095 τῶν
877 1043 1337 1113 προσερχομένων
1384 1045 1453 1114 τῇ
1502 1043 1627 1097 καθ’
1669 1046 1820 1115 ἡμᾶς

239 1132 533 1203 ἀμωμήτῳ
569 1134 775 1195 πίστει,
809 1132 872 1197 ἐξ
912 1134 1137 1204 ἀνιέρου
1176 1133 1325 1204 ζωῆς
1361 1135 1459 1188 καὶ¹
1488 1136 1817 1205 φθοροποιοῦ

241 1222 480 1294 πλάνης,
512 1225 607 1278 καὶ
635 1225 980 1295 δυσσεϐείας,
1011 1228 1135 1290 ταῖς
1166 1226 1468 1297 ἡμετέραις
1493 1228 1817 1300 είσηγήσεσι

241 1318 340 1370 καὶ
378 1316 773 1380 διδασκαλίαις.

312 1413 386 1463 α’.
448 1408 718 1480 Ἀνάγκην
771 1410 1156 1483 ἐπικειμένην,
1212 1411 1512 1485 ἀγαπητοὶ,
1570 1413 1664 1483 μοί⁵
1721 1413 1819 1467 καὶ

240 1501 415 1555 πόθον
448 1504 648 1572 ἔχοντι,
678 1505 774 1559 καὶ
804 1508 1133 1577 σωματικῶς
1162 1507 1312 1578 ὑμῖν,
1345 1504 1422 1563 ὧν
1446 1508 1546 1579 τὴν
1579 1526 1820 1579 προσταο

239 1594 370 1646 σίαν
410 1593 685 1664 ἐδεξάμην
732 1598 886 1668 παρὰ
920 1596 1161 1669 Χριστοῦ
1211 1602 1453 1655 συνεῖναι
1477 1601 1566 1654 τὸν
1600 1602 1817 1656 ἅπαντα

237 1686 456 1755 χρόνον,
507 1688 555 1740 εί
587 1682 700 1741 οἷόν
734 1705 794 1742 τε
829 1691 924 1743 καὶ
962 1689 1032 1744 τὸ
1084 1693 1334 1760 λογικὸν
1376 1692 1604 1748 ἄδολον
1641 1694 1816 1764 γάλα,

239 1777 387 1831 κατὰ
425 1778 551 1832 τὸν-
570 1778 716 1833 θετον
767 1781 946 1835 είπεῖν
991 1783 1340 1849 ’Δπόστολον,
1372 1784 1616 1849 ποτίζειν
1663 1788 1817 1856 ἡμᾶς

243 1868 366 1922 καθ’
401 1870 641 1940 ἑκάστην
676 1871 765 1927 διὰ
797 1873 1072 1943 γλώσσης,
1104 1877 1360 1947 καθάπερ
1393 1879 1447 1930 εί
1470 1895 1616 1942 τινος
1646 1880 1817 1950 θηλῆς

242 1960 482 2032 δαψιλῶς
512 1963 878 2039 χορηγοῦντα,
915 1965 1121 2036 μᾶλλον
1157 1967 1216 2020 δὲ
1267 1972 1496 2039 στερεᾶς
1534 1972 1817 2038 μεταδιδό-

244 2066 331 2104 ναι
370 2054 596 2122 τροφῆς,
623 2054 683 2108 ὃν
708 2034 958 2123 ἀγγέλων
982 2057 1208 2128 οἴδαμεν
1238 2034 1403 2131 ἄρτον
1431 2034 1813 2134 γεγυμνασμέ-

244 2158 357 2206 νοις
385 2143 507 2213 rm,
540 2146 682 2199 κατά
717 2147 951 2215 Παῦλον,
978 2147 1065 2201 διὰ
1094 2149 1191 2220 τὴν
1214 2150 1328 2215 ἕξιν
1360 2151 1428 2204 τὰ
1460 2152 1815 2225 αίσθητήρια,

244 2231 322 2294 ῶς
350 2250 410 2286 τε
439 2235 513 2305 μὴ
545 2235 708 2306 μόνον
743 2237 892 2307 ὑμᾶς
937 2239 1190 2295 ἐντεῦθεν
1219 2241 1405 2306 αὔξειν
1439 2243 1583 2297 κατὰ
1619 2247 1817 2316 μικρὸν

243 2326 328 2387 είς
365 2327 562 2396 μέτρον
590 2329 688 2399 τῆς
719 2330 934 2400 ἡλικίας
975 2331 1068 2386 τοῦ
1117 2333 1488 2405 πληρώματος
1529 2335 1626 2390 τοῦ
1678 2339 1816 2408 Χρι-

247 2416 399 2481 στοῦ,
428 2418 562 2473 ἀλλὰ
592 2422 827 2483 καὶτοῖς
872 2424 1079 2485 λοιποῖς
1108 2430 1387 2480 κοινωνεῖν
1412 2428 1817 2499 ἀγαθοπρεπῶς

248 2506 509 2563 δύνασθαι
557 2512 667 2565 τῶν
719 2514 1004 2577 τοιούτων,
1048 2517 1170 2586 ἥτις
1209 2517 1276 2571 ἂν
1332 2518 1417 2589 είη
1453 2519 1548 2572 καὶ
1591 2519 1819 2589 βελτίων

250 2599 428 2671 πολλῷ
455 2601 534 2670 τῷ
576 2603 764 2674 μέτρῳ
812 2608 910 2675 τῆς
941 2606 1111 2676 ἄλλης
1151 2609 1403 2674 εὐποιίας
1456 2613 1550 2665 καὶ
1591 2613 1818 2681 μεταδό-

250 2705 410 2755 σεως,
434 2692 533 2746 οὐκ
558 2698 640 2758 είς
663 2695 825 2764 ἔργον
857 2698 932 2768 μὴ
956 2699 1385 2770 προεληλυθέναι
1403 2704 1470 2757 τὰ
1500 2703 1595 2759 τοῦ
1621 2707 1818 2778 χρέους

248 2783 439 2838 τούτου
483 2787 580 2839 καὶ
629 2789 730 2856 τῆς
779 2790 1020 2858 ἐφέσεως
1072 2792 1202 2862 ἄχρι
1234 2793 1330 2847 τοῦ
1370 2794 1466 2848 νῦν
1516 2795 1817 2865 ἐξεγένετο,

248 2875 575 2949 κωλυομένῳ
626 2880 907 2951 διαφόροις
959 2885 1053 2936 καὶ
1103 2886 1234 2939 ἄλλο
1266 2904 1325 2941 τε
1369 2888 1561 2951 ἄλλαις
1607 2891 1819 2957 αἰτίαις

247 2965 308 3019 οὐ
335 2967 565 3036 φαύλαις
583 2975 695 3025 τισὶ
724 2974 821 3025 καὶ
839 2977 1181 3046 παρορᾶσθαι
1206 2978 1406 3043 ἀξίαις,
1437 2981 1513 3043 ὡς
1541 2982 1637 3036 καὶ
1664 2984 1819 3054 ὑμῶν

1923 489 1975 545 in
2015 489 2180 545 Deum
2222 502 2329 558 est,
2362 501 2419 547 et
2449 493 2514 547 ad
2544 503 2791 571 mutuam
2834 493 2887 547 iu
2919 493 3066 546 omni
3100 491 3241 547 bono
3268 506 3499 548 concor-

1922 583 2069 636 diam
2099 591 2154 638 et
2179 584 2595 650 counexionem,
2633 586 2700 639 ad
2736 586 3129 640 incrementum
3188 598 3318 639 vero
3351 583 3498 647 vitae,

1920 682 1972 727 et
2008 674 2128 727 lidei
2164 676 2374 741 eorum,
2405 677 2495 746 qui
2526 677 2635 732 Deo
2663 692 2759 745 per
2788 691 2887 732 vos
2914 676 3238 740 oil'eruntur,
3269 674 3503 731 diversi~

1923 764 2191 832 modeque
2222 766 2622 834 illuminantur,
2640 783 2703 824 ac
2727 769 3159 833 sanctiﬁcantur,
3191 767 3502 823 assiduum-

1920 871 2026 926 que
2055 856 2314 914 Ecclesia:
2343 856 2437 915 De’i
2493 868 2844 932 augmentum
2872 899 2887 924 ,
2927 869 2982 915 et
3016 859 3456 929 propagatiouem
3480 898 3498 924 ,

1921 959 2141 1017 pr0pter
2169 964 2264 1007 eos
2293 953 2383 1021 qui
2420 952 2487 1007 ad
2521 963 2765 1009 nostram
2797 953 3281 1009 lncontaminatam
3334 951 3497 1037 ﬁdem

1928 1056 1993 1094 ex
2031 1042 2239 1110 impura
2268 1045 2400 1105 vita,
2434 1055 2488 1099 et
2516 1046 2728 1115 perdito
2748 1058 2983 1119 errrore,
3007 1053 3171 1113 atque
3201 1043 3503 1114 impietate,

1919 1133 2405 1205 exhortationibus,
2440 1148 2495 1193 et
2535 1138 2876 1195 documentis
2900 1137 3099 1194 vestris
3127 1138 3411 1192 accedunt.

1974 1402 2026 1455 l.
2053 1400 2390 1460 Desiderauti
2412 1405 2562 1468 mihi,
2584 1422 2616 1462 ο
2630 1405 2833 1470 dilecti,
2851 1421 2948 1476 pro
2966 1406 3291 1464 necessitate
3311 1419 3500 1461 mune-

1921 1494 1997 1548 ris
2022 1494 2149 1548 mihi
2172 1496 2431 1564 impositi,
2454 1496 2730 1553 vobiscum
2749 1499 3002 1569 (quorum
3028 1500 3267 1570 regimen
3291 1516 3319 1555 a
3341 1497 3504 1556 Citri-

1919 1593 2006 1640 sto
2032 1588 2272 1659 suscepi)
2300 1604 2533 1660 corpore
2566 1592 2729 1646 etiam
2763 1607 2980 1661 semper
3007 1608 3153 1657 esse,
3174 1594 3219 1648 si
3247 1595 3360 1649 ﬁeri
3385 1609 3505 1662 pos-

1921 1687 2026 1743 set,
2060 1689 2115 1732 et
2148 1680 2415 1735 rationale
2455 1683 2569 1737 sine
2590 1684 2712 1738 dolo
2756 1684 2841 1737 lac
2882 1685 2967 1755 (ιιι
2997 1699 3122 1740 cum
3149 1683 3211 1739 Β.
3242 1686 3504 1754 Apostoio

1923 1770 2116 1838 loquar
2137 1771 2206 1840 Μ⁵)
2236 1772 2388 1826 vobis
2438 1776 2683 1842 quatidie
2713 1777 2779 1830 ad
2816 1777 3112 1844 potandum
3145 1779 3386 1841 tradere,
3406 1792 3502 1846 per

1922 1860 2117 1930 linguae
2142 1879 2340 1921 munus
2370 1876 2624 1933 tanquam
2654 1883 2749 1938 per
2784 1867 2950 1924 ubera
2979 1872 3250 1939 quaedam,
3279 1870 3503 1939 capiose

1920 1951 2245 2023 largiendo;
2294 1957 2405 2010 imo
2435 1968 2566 2013 vero
2614 1960 2848 2015 solidum
2897 1962 3102 2026 cibum,
3145 1976 3304 2031 quem
3334 1978 3502 2032 auge-

1921 2044 2097 2099 iorum
2152 2062 2347 2115 panem
2380 2064 2504 2106 esse
2554 2052 2830 2119 novimus,
2875 2054 3030 2109 vobis
3073 2053 3362 2124 impertiri,
3408 2053 3502 2123 qui

1918 2138 2094 2206 (juxta
2125 2137 2357 2197 Paulum
2385 2144 2451 2213 ")
2487 2158 2587 2214 pro
2617 2146 3014 2201 consuetudine
3039 2148 3369 2203 exercitatos
3403 2147 3503 2203 ha-

1920 2229 2059 2283 betis
2099 2244 2314 2295 sensus,
2356 2242 2413 2285 ut
2446 2248 2554 2287 non
2588 2238 2755 2290 modo
2786 2250 2878 2291 vos
2911 2237 3034 2292 inde
3066 2237 3271 2292 sensim
3302 2252 3503 2307 augea-

1921 2322 2055 2374 mini
2087 2324 2154 2375 ad
2188 2339 2505 2380 mensuram
2551 2327 2729 2382 aetatis
2753 2327 3109 2398 plenitudinis
3141 2328 3373 2396 Christi,
3405 2332 3503 2387 sed

1920 2418 1976 2466 et
2013 2422 2238 2468 caeteros
2266 2415 2433 2485 (quod
2457 2416 2676 2486 quidem
2701 2418 2860 2487 longe
2885 2422 3241 2490 praestantius
3259 2430 3344 2479 est
3369 2438 3504 2492 qua-

1920 2502 2052 2557 libet
2080 2505 2185 2559 alia
2215 2508 2574 2565 benelicentia
2612 2525 2678 2565 ac
2718 2511 2968 2582 munere)
3001 2513 3234 2584 benigne
3280 2498 3504 2583 possitis

1920 2600 2234 2656 earumdem
2267 2603 2530 2657 bonorum
2552 2605 2845 2675 participes
2871 2589 3051 2661 facere
3068 2622 3085 2672 ;
3105 2607 3231 2674 hoc,
3256 2607 3498 2678 inquam,

1922 2690 2185 2759 debitum,
2248 2706 2303 2749 et
2359 2702 2535 2752 meum
2587 2697 2918 2753 desiderium
2978 2701 3045 2754 ad
3105 2713 3243 2769 opus
3300 2700 3506 2769 perdu-

1922 2799 2046 2840 cere
2078 2784 2217 2857 (26),
2250 2788 2381 2842 mihi
2429 2788 2611 2845 adhuc
2634 2805 2739 2846 non
2771 2790 2942 2858 licuit,
2963 2805 3088 2846 cum
3118 2790 3371 2861 diversis,
3401 2810 3503 2864 pro

1926 2877 2195 2932 varietate
2234 2888 2565 2947 temporum,
2590 2881 2769 2936 causis
2810 2881 3120 2950 impedirer,
3157 2882 3334 2953 iisque
3355 2883 3501 2940 haud

1924 2966 2185 3031 minimis,
2216 2977 2309 3023 aut
2337 2985 2458 3039 quae
2484 2972 2678 3042 negligi
2707 2972 2992 3041 deberent,
3029 2984 3086 3029 ut
3119 2987 3360 3032 vestrum
3390 2994 3501 3034 non

245 3059 493 3129 ἀκριϐῶς
548 3062 729 3116 ῐσασιν
777 3065 876 3118 ούκ
917 3066 1109 3134 ὀλίγοι,
1145 3069 1231 3122 ἵνα
1267 3070 1341 3140 μὴ
1400 3070 1547 3140 λέγω
1592 3076 1812 3140 πάντες.

1924 3058 2102 3125 pauci,
2132 3074 2201 3113 ne
2231 3059 2408 3114 dicam
2432 3074 2643 3125 omnes,
2660 3064 2863 3132 optime
2886 3074 3108 3123 norunt.
3135 3065 3257 3123 Ideo
3278 3067 3500 3124 decrevi

243 3150 347 3205 Διά
377 3168 459 3204 τοι
508 3152 668 3207 τοῦτο
704 3153 815 3208 δεῖν
865 3156 1041 3223 ἔγνων
1084 3159 1172 3213 διὰ
1230 3164 1577 3233 γραμμάτων
1620 3166 1819 3223 ὡσανεί

243 3260 414 3296 τινων
449 3245 763 3316 πορθμείων
795 3248 826 3317 ἢ
863 3250 1078 3320 κτηνῶν
1113 3251 1438 3323 ἀχθοφόρων
1470 3258 1564 3310 τὸν
1592 3259 1692 3329 τῆς
1734 3262 1819 3315 δι-

242 3335 543 3400 δασκαλίας
572 3339 826 3405 οὐράνιον
862 3340 1030 3411 ἄρτον
1072 3344 1205 3413 πρὸς
1244 3345 1390 3413 ὑμᾶς
1420 3351 1815 3421 παραπέμψαι,

244 3428 479 3498 καρδίαν
509 3429 726 3499 ἐκείνην
776 3431 956 3485 είδότα
991 3433 1130 3487 κατά
1172 3436 1263 3488 τὸν
1298 3437 1593 3509 Προφήτην
1627 3443 1819 3513 στηρί·

247 3519 390 3583 ζειν,
424 3520 545 3591 ἥτις
572 3521 665 3574 καὶ
690 3522 823 3576 Θεὸν
846 3524 1011 3577 αὐτὸν
1033 3526 1167 3595 όρᾷν
1196 3527 1407 3595 πέφυκε
1472 3534 1566 3584 καὶ
1594 3533 1815 3605 καθαρᾶ

247 3613 505 3680 γεγονυῖα
528 3629 542 3643 υ
581 3612 720 3682 ὅπερ
752 3614 819 3667 ἂν
848 3616 933 3685 είη
966 3619 1064 3687 τῆς
1107 3618 1232 3671 καθ’
1260 3618 1405 3688 ἡμᾶς
1438 3621 1661 3695 λογικῆς
1689 3628 1822 3679 ταύ-

252 3718 352 3770 της
378 3701 553 3771 ψυχῆς
587 3703 648 3756 τὸ
678 3707 927 3772 κρεῖττον
958 3708 1052 3760 καὶ
1082 3708 1435 3782 ὑψηλότερον,
1469 3714 1526 3765 ὲν
1566 3710 1609 3782 ᾧ
1636 3732 1819 3787 παρα-

264 3792 449 3858 μένειν
471 3794 528 3846 τὺ
556 3794 811 3865 ζώπυρον
841 3796 939 3865 τῆς
968 3798 1140 3851 ἀϊδίου
1165 3799 1314 3867 ζωῆς
1341 3803 1542 3867 πάντες
1570 3808 1820 3862 πιστεύο-

259 3897 388 3951 μεν,
421 3882 591 3955 ὥσπερ
639 3886 939 3958 ἀρραϐῶνά
979 3906 1103 3944 τινα
1129 3891 1228 3959 τῆς
1278 3892 1581 3967 μελλούσης
1616 3897 1815 3953 ἀθανα-

252 3974 382 4038 σίας
409 3975 625 4031 δοθέντα
680 3979 769 4033 διὰ
821 3980 1217 4052 βαπτίσματος.
1253 3985 1347 4038 Διὸ
1397 3988 1524 4047 τοὺς
1563 3988 1664 4059 τῆς
1699 3990 1819 4043 δια-

250 4070 402 4150 νοίας
432 4069 661 4133 κόλπους
697 4071 1011 4135 ἀνοίξαντες
1044 4072 1297 4140 ἕκαστος,
1351 4076 1538 4139 καθὼς
1572 4078 1638 4131 ἂν
1668 4081 1825 4150 αὐτῷ

250 4136 500 4227 χωρητὺν
558 4160 667 4229 είη,
698 4159 806 4214 τῶν
834 4159 1091 4214 τοιούτων
1121 4136 1342 4231 ἀγαθῶν
1388 4136 1628 4236 δαψιλῶς
1652 4136 1821 4238 ἐμφολ

250 4249 470 4318 ρέθητε.
500 4250 713 4304 Γένοιτο
738 4250 795 4304 δὲ
823 4251 996 4305 ταῦτα
1032 4255 1107 4322 μὴ
1136 4256 1300 4324 μόνον
1328 4259 1430 4328 τῆς
1459 4260 1601 4313 κατὰ
1630 4261 1820 4333 αἴσθηα

254 4358 343 4394 σιν
376 4341 571 4411 ἡδονῆς
606 4343 700 4395 καὶ
736 4344 849 4397 τῶν
884 4345 949 4398 ὲκ
978 4345 1183 4414 ταύτης
1214 4347 1452 4401 ἐπαίνων
1482 4351 1577 4404 καὶ
1609 4354 1818 4420 κρότων

249 4434 402 4487 αἴτια
436 4434 629 4505 μέχρις
657 4435 827 4506 ἀκοῆς
853 4435 953 4506 τὴν
985 4436 1176 4506 τέρψιν
1200 4439 1528 4510 παρέχοντα,
1563 4443 1699 4497 ἀλλὰ
1725 4447 1821 4498 καὶ
1847 4422 1901 4484 Ῑ)

252 4526 563 4594 πνεύματικ
583 4526 683 4595 τῆς
704 4526 1078 4595 ἀπολαύσεως,
1103 4529 1180 4600 τῷ
1208 4530 1306 4601 τῆς
1331 4533 1513 4605 ψυχῆς
1542 4535 1825 4609 βάθειτὴν

249 4617 519 4685 ὠφέλειαν
552 4619 752 4673 ἐνιέναι
808 4620 1108 4691 δυνάμενα,
1154 4623 1252 4677 καὶ
1293 4627 1371 4689 ὡς
1417 4629 1583 4698 πόρον
1616 4631 1821 4698 ἀγαθὸν

251 4712 569 4779 ἐνεργῆσαι,
631 4713 1055 4783 μυριοπλασίους
1105 4716 1477 4787 προόάλλοντα
1512 4722 1640 4785 τοὺς
1685 4740 1823 4794 καρ-

252 4803 414 4865 πούς.
460 4804 719 4875 Ἀρκτέον
750 4806 796 4859 δ’
819 4806 1090 4864 ἐντεῦθεν.

324 4890 392 4962 β’.
420 4893 634 4962 Ταύτης
688 4895 1092 4966 θεοπροδλήτου
1130 4902 1163 4970 ἡ
1205 4902 1302 4970 τῆς
1353 4902 1477 4955 καθ’
1530 4906 1679 4975 ἡμᾶς
1726 4910 1821 4963 καὶ

250 4985 505 5055 οὐρανίου
538 4985 838 5058 ίερωσύνης
869 4989 1178 5061 θεοπρεπὴς
1199 4992 1370 5057 ὅντως
1404 4993 1529 5059 ἀξία
1561 5000 1594 5068 ἡ
1622 5000 1821 5054 πανόλ-

251 5076 368 5138 ὄιος
392 5077 576 5146 χάρις,
608 5078 640 5145 ἡ
676 5076 931 5146 θεόσοφος
956 5080 1260 5150 ἐπιστήμη,
1284 5083 1426 5136 θεῖόν
1452 5102 1501 5137 τι
1523 5088 1618 5139 καὶ
1647 5090 1820 5161 ὑπερ-

254 5171 384 5237 φυὲς
415 5170 604 5238 χρῆμα
655 5168 992 5240 καθέστηκεν
1029 5171 1093 5223 ἐκ
1137 5174 1235 5240 τῆς
1292 5174 1441 5236 θείας
1472 5177 1686 5243 φύσεως
1719 5181 1817 5250 τῆς

249 5264 420 5318 ἀϊδίου
454 5263 639 5333 πηγῆς
670 5265 889 5318 πάντων
917 5266 1026 5318 τῶν
1056 5265 1272 5336 ἀληθῶς
1298 5269 1518 5336 ἀγαθῶν
1553 5276 1818 5344 προερχό-

1922 3161 2018 3216 per
2049 3148 2277 3212 litteras,
2315 3161 2573 3220 tanquam
2605 3168 2700 3221 per
2734 3153 3034 3210 naviculam
3068 3160 3380 3227 quamdam.
3409 3172 3504 3215 aut

1921 3242 2173 3295 oneraria
2203 3241 2471 3312 iumenta,
2494 3244 2768 3298 caelestem
2798 3245 3061 3301 doctrina:
3086 3263 3276 3317 panem
3313 3254 3379 3305 ad
3407 3268 3503 3308 vos

1924 3336 2314 3398 transmittere,
2352 3349 2570 3404 panem,
2612 3338 2860 3405 inquam,
2890 3341 2984 3407 qui
3012 3354 3109 3395 cor
3137 3341 3264 3396 illud
3308 3359 3504 3400 secun-

1922 3422 2051 3477 dum
2093 3425 2421 3493 PrOphetatu
2463 3427 2792 3482 conﬁrmare
2834 3431 2985 3484 novit
3026 3431 3093 3495 ⁸⁷,
3132 3438 3273 3505 quod
3307 3453 3502 3507 purum

1920 3517 2195 3583 cli‘ectum,
2253 3520 2417 3573 Deum
2467 3522 2643 3591 ipsum
2696 3525 2883 3580 videre
2932 3538 3117 3594 aptum
3172 3542 3276 3597 est,
3340 3534 3504 3605 idque

1920 3617 2122 3663 nostrae
2147 3610 2431 3665 rationalis
2456 3613 2654 3669 anima:
2681 3616 2943 3703 optimum
2966 3629 3047 3674 est
3066 3630 3119 3675 et
3140 3623 3499 3695 altissimum;

1923 3700 1975 3753 iu
2028 3718 2136 3769 quo
2194 3713 2409 3758 azternze
2460 3706 2580 3759 vita:
2624 3700 2945 3778 igniculum,
2995 3720 3251 3784 tanquam
3308 3721 3503 3789 pignus

1921 3794 2195 3862 quoddam
2259 3795 2455 3850 futura:
2513 3798 2962 3866 immortalitatis,
3023 3802 3125 3872 per
3174 3807 3500 3878 baptismum

1920 3884 2129 3946 datum,
2184 3900 2526 3953 permanere,
2570 3906 2760 3944 omnes
2804 3894 3099 3951 credimus.
3161 3899 3510 3974 Quapropter

1920 3977 2117 4046 singuli
2147 3981 2343 4033 mentis
2372 3980 2524 4035 sinus
2558 3980 2639 4053 (ιιι
2661 3984 2893 4054 quisque
2917 3988 3125 4059 potest)
3144 3992 3500 4062 explicantes,

1921 4086 1987 4125 ex
2047 4071 2350 4139 huiusmodi
2413 4072 2569 4129 b0uis
2620 4077 2834 4132 abunde
2878 4084 3226 4140 saturamini.
3278 4084 3499 4145 Utinam

1921 4177 2052 4218 vero
2084 4164 2234 4220 vobis
2275 4165 2414 4229 inec,
2470 4181 2577 4240 non
2630 4169 2802 4223 solum
2853 4173 3147 4242 voluptatis
3198 4179 3501 4245 sensibilis,

1922 4256 2249 4326 laudumque
2303 4268 2357 4313 et
2416 4260 2722 4329 plausuum,
2781 4279 2901 4333 quae
2942 4267 3011 4321 ab
3060 4283 3125 4324 ea
3176 4274 3500 4340 procedunt,

1924 4365 2089 4405 causa
2124 4352 2255 4414 sint,
2287 4352 2641 4423 auditumque
2673 4361 3048 4416 tantummodo
3076 4365 3374 4433 obiectent,
3407 4370 3500 4423 sed
3550 4350 3561 4359 ’

1926 4453 1979 4497 et
2006 4443 2292 4510 spirituale
2322 4444 2635 4500 alimentum
2670 4447 2986 4513 conferant;
3019 4454 3216 4522 quippe
3241 4471 3360 4525 qua:
3380 4473 3506 4526 pus-

1924 4546 2073 4599 sunt,
2117 4537 2172 4590 in
2214 4538 2510 4591 secretiora
2547 4541 2742 4595 anima:
2787 4543 3075 4598 utilitatem
3115 4546 3395 4612 invehere,
3437 4565 3503 4604 ac

1930 4628 2092 4684 veluti
2124 4628 2343 4685 uberem
2376 4629 2521 4686 ferre
2554 4643 2900 4699 proventum,
2939 4638 3032 4706 qui
3068 4638 3328 4695 inﬁnities
3359 4643 3503 4695 mni-

1927 4720 2196 4790 tipln-atos
2225 4721 2403 4775 reddit
2429 4721 2651 4776 fructus.
2683 4724 2868 4779 Nostri
2895 4735 3074 4781 autem
3102 4731 3374 4785 sermonis
3400 4734 3505 4786 ini-

1926 4814 2059 4866 tium
2094 4813 2198 4866 tale
2230 4815 2317 4870 sit.
3207 4881 3217 4891 ,

1995 4908 2052 4962 2.
2098 4907 2341 4977 Dignitas
2381 4924 2510 4964 vere
2551 4908 2732 4965 divina
2780 4912 3018 4969 caelestis
3045 4914 3204 4986 hujus
3240 4919 3415 4974 nostri
3449 4929 3507 4976 et

1923 5001 1994 5056 ab
2029 5002 2143 5070 ipso
2168 5001 2278 5056 Duo
2311 5002 2626 5072 proﬂttentis
2659 5008 2948 5062 sacerdotii
2974 5008 3286 5067 beatissima
3307 5016 3504 5082 gratia,

1923 5105 1974 5147 et
2004 5094 2093 5147 Dei
2119 5082 2676 5161 sapientia,'dtvinum
2700 5098 2992 5168 quoddam,
3022 5111 3077 5156 et
3114 5104 3504 5174 praestantissi-

1925 5199 2067 5237 mum
2110 5194 2195 5238 est
2224 5201 2441 5252 munus,
2482 5202 2509 5239 a
2540 5189 2719 5242 divina
2751 5197 2937 5243 natura
2968 5231 2983 5257 ,
3011 5203 3215 5250 aeterno
3259 5196 3501 5250 omnium

1925 5290 2050 5330 vere
2121 5278 2387 5332 honorum
2463 5280 2613 5335 fonte
2674 5284 3021 5351 proveniens,
3073 5295 3129 5342 et.
3172 5285 3505 5349 nobis,sola

339 5450 385 5481 “
408 5448 554 5504 Psal.
592 5462 692 5511 cu,
740 5446 825 5505 ιο.
899 5448 946 5482 ⁸⁸
977 5449 1169 5506 lPetr.
1213 5465 1273 5517 li,
1296 5452 1352 5506 2.
1425 5452 1472 5485 ⁴⁶
1496 5452 1660 5509 Hebr.
1691 5470 1743 5521 v,
1776 5457 1820 5510 1.

1924 5475 2009 5531 qq.
2090 5459 2135 5494 ⁸⁷
2162 5459 2310 5518 Psal.
2350 5477 2470 5530 cut,
2507 5464 2597 5519 l5.

311 5638 446 5723 (26).
484 5638 738 5735 Adnopuns
763 5638 1063 5735 perducere;
1106 5639 1329 5735 laesitur
1360 5641 1409 5696 in
1446 5641 1707 5700 Vaticano
1729 5645 1820 5698 οὐκ

1924 5666 1927 5674 ι
1960 5646 2125 5721 ἔργον
2158 5669 2272 5722 μοι,
2319 5655 2411 5710 scd
2439 5654 2598 5723 plane
2625 5656 2917 5729 dc-pravate
2950 5674 2964 5724 ;
2995 5657 3370 5717 substituimus
3395 5657 3511 5735 μὴ,
3545 5710 3551 5717 .

243 5707 485 5766 ἱιεοιιίιιι
528 5723 731 5766 sensus
761 5707 858 5763 loci
893 5712 1142 5777 postui..t.
