4016 6472
520 428 625 496 3η

1545 426 2042 488 THEOPHANIS
2084 425 2433 486 EPISCOPI
2480 425 2770 484 NICENI
3654 435 3739 497 {533

523 548 758 618 primqu
799 558 861 597 ac
886 543 1182 598 secundum
1211 547 1453 594 ventrem
1486 557 1500 604 ;
1539 550 1688 596 tanto
1720 544 1864 595 enim
1913 556 2105 596 serun-

2215 539 2353 606 μετᾶ
2389 541 2626 602 πίστεως
2659 541 2750 592 καὶ
2785 541 2932 604 υἱοὺς
2967 541 3066 610 μὲν
3099 542 3256 606 Θετῦ,
3285 543 3533 613 ἀδελφοὺς
3557 545 3605 598 δὲ
3632 548 3739 616 Χριν

523 646 649 706 dus,
685 653 876 706 nempe
915 636 1038 690 fons
1067 637 1118 688 in
1160 649 1268 700 quo
1301 648 1708 703 regeneramur,
1747 648 1870 688 cum
1907 633 2104 699 primo,

523 735 614 801 qui
653 731 861 784 scilicet
891 740 944 781 et
967 727 1132 780 Deum
1170 725 1386 794 excepit
1433 734 1487 778 et
1547 726 1804 794 peperit,
1842 724 2107 791 dignitate

525 821 974 892 incotnparabilis
1004 829 1108 881 est,
1138 829 1340 886 quanto
1389 815 1650 872 Dominus
1691 817 1784 886 qui
1828 831 1892 869 ex
1929 817 2106 885 primo

525 929 684 972 natus
734 923 838 979 est,
888 913 1058 982 major
1083 921 1165 965 est
1196 912 1262 966 iis
1294 911 1385 982 qui
1422 925 1488 964 ex
1516 910 1689 964 altero
1724 919 2104 973 renascuntur,

523 1012 631 1063 imo
675 1021 804 1061 vero
862 1014 914 1057 et
956 1003 1148 1071 magis.
1186 1001 1322 1055 Nam
1354 1001 1443 1068 qui
1497 1016 1560 1054 ex
1595 1003 1834 1054 secundo
1880 1015 2104 1065 regene-

524 1112 737 1164 rantnr,
771 1098 970 1151 fratres
999 1097 1166 1162 illitis,
1193 1095 1282 1164 qui
1308 1111 1370 1149 ex
1403 1094 1578 1164 primo
1607 1102 1761 1146 natus
1798 1102 1898 1152 cst,
1929 1104 1983 1144 et
2012 1091 2104 1144 Dei

522 1193 617 1247 ﬁlii
681 1191 982 1245 secundum
1047 1187 1278 1255 gratiam
1342 1183 1675 1246 efﬁciuntur,
1729 1190 1782 1233 at
1832 1182 2106 1235 set-nudus

520 1288 708 1340 alveus
739 1299 860 1339 cum
887 1283 1062 1348 primo
1087 1277 1292 1331 nullam
1322 1275 1485 1329 talem
1513 1275 1678 1329 habet
1698 1273 2101 1344 cognationem.

519 1379 659 1446 Quin
696 1379 804 1431 imo
831 1375 975 1428 inter
1001 1386 1120 1426 sese
1152 1372 1221 1423 ita
1254 1367 1528 1432 differunt,
1559 1377 1617 1419 ut
1651 1365 1861 1434 signum
1898 1363 2110 1418 extrin-

529 1487 714 1525 secum
752 1479 946 1522 natura
994 1462 1177 1517 differt
1205 1477 1233 1513 a
1263 1460 1513 1514 veritate.
1563 1457 1658 1512 Illa
1690 1457 1832 1510 enim
1861 1463 1944 1509 est
1980 1469 2105 1508 vera

525 1562 620 1616 Dei
651 1559 841 1622 Mater,
877 1554 1128 1624 quoniam
1167 1565 1291 1605 vere
1323 1566 1387 1603 ex
1415 1549 1555 1616 ipsa,
1585 1548 1674 1616 qui
1703 1562 1863 1612 supra
1891 1561 2104 1598 omnem

521 1653 881 1708 substantiam
929 1642 1313 1710 est,.susccpit
1353 1640 1736 1695 substantiam.
1775 1641 1929 1705 Aqua
1981 1651 2107 1690 vero

522 1751 666 1802 sacri
700 1741 1050 1812 baptismatis
1097 1737 1384 1805 accipitur,
1435 1744 1493 1788 ut
1550 1733 1810 1794 diximus,
1849 1742 2105 1798 tanquam

520 1843 733 1909 signum
786 1846 842 1889 et
894 1833 1065 1902 figura
1117 1828 1315 1882 vivifici
1371 1827 1514 1881 illius
1573 1839 1636 1878 ac
1711 1823 1801 1878 Dei
1879 1823 2106 1892 hospitis

521 1932 747 1985 ventris.
794 1928 894 1982 l’er
934 1924 1079 1978 illaut
1131 1935 1231 1976 nos
1279 1919 1399 1974 sine
1439 1917 1649 1971 carnali
1696 1915 2103 1986 conjunctione,

520 2042 586 2080 ac
628 2023 839 2076 raeteris
893 2027 1101 2071 naturae
1147 2012 1422 2080 Operibus,
1459 2011 1510 2064 in
1547 2008 1639 2064 Dei
1690 2007 1829 2062 lilios
1877 2008 2107 2062 mit-ilice

521 2110 870 2190 regenerati‘,
928 2110 1350 2176 conformesque
1402 2103 1626 2173 imagini
1685 2099 1948 2154 naturalis
1983 2097 2107 2152 Filii

521 2213 637 2273 Dei,
675 2211 763 2278 qui
795 2221 859 2260 ex
890 2207 1007 2274 ipso
1037 2199 1288 2270 virginali
1358 2197 1674 2264 intactoque
1700 2203 1858 2247 utero
1885 2191 2108 2261 prodiit,

520 2306 803 2363 ellit-imur,
851 2314 912 2352 ex
964 2309 1104 2366 aqua
1153 2306 1284 2348 vero
1329 2289 1463 2345 nihil
1495 2287 1795 2356 accipimus
1847 2289 1987 2355 quod
2042 2285 2110 2340 ad

521 2397 644 2450 nuvi
688 2393 922 2446 hominis
975 2398 1029 2444 et
1074 2387 1374 2442 secundum
1417 2383 1583 2436 Deum
1624 2379 1794 2434 creati
1853 2379 2110 2433 substan-

523 2490 800 2542 tiationcm
828 2485 1115 2554 pertineat.
1147 2480 1280 2534 Nam
1305 2479 1357 2533 id
1393 2486 1566 2532 totum
1597 2475 1740 2544 quod
1763 2473 1832 2528 ab
1863 2472 2103 2529 secunda

523 2585 624 2634 hac
677 2579 958 2633 creatione
1012 2585 1174 2644 atque
1223 2569 1637 2642 regeneratiune
1695 2574 2026 2637 praestatur,
2071 2577 2102 2616 a

517 2673 813 2744 praesentia
844 2669 1020 2725 sancti
1052 2667 1290 2738 Spiritus
1322 2663 1403 2718 fit.

2211 630 2337 684 στοῦ
2375 632 2515 685 κατὰ
2545 632 2705 702 χάριν
2733 632 2822 686 διὰ
2853 635 2915 686 τὸ
2939 635 3136 690 ταυτόν
3166 636 3391 700 πως,ὼς
3425 637 3744 709 εἷρηται,τῆς

2209 723 2518 791 γεννήσεως
2545 723 3030 794 ἀπεργαζομένην.
3083 724 3147 779 El
3188 727 3282 779 καὶ
3308 725 3366 778 τὸ
3401 726 3639 795 διάφορον
3662 727 3743 797 τῆς

2207 814 2432 884 πρώτης
2457 814 2649 884 νηδύος
2681 815 2813 888 πρὸς
2847 815 2946 888 τὴν
2973 817 3259 888 δευτέραν,
3278 817 3396 887 ήτοι
3416 819 3507 888 τῆς
3533 817 3744 889 θεοδόχου

2208 907 2304 960 καὶ
2331 907 2585 960 θεοτὸκου
2620 908 2860 979 γαστρὸς
2913 910 3049 978 πρὸς
3092 908 3190 978 τὴν
3220 909 3590 976 ἀναγεννῶσαν
3621 911 3746 977 ἡμᾶς

2206 999 2616 1069 κολυμϐήθραν,
2663 1002 3000 1070 ἀσύγκριτῦν
3031 1003 3145 1054 ἐστι
3181 1004 3246 1072 τῇ
3281 1000 3425 1072 ἀξία,
3452 1002 3632 1054 ὁπόσον
3653 1004 3676 1055 ὀ
3696 1003 3749 1053 ἐκ

2205 1092 2306 1161 τῆς
2341 1090 2563 1162 πρώτης
2611 1092 2898 1163 γεννηθεὶς
2934 1093 3160 1160 Κύριος.
3215 1095 3350 1162 πρὸς
3382 1097 3504 1156 τοὺς
3552 1094 3750 1160 ἀναγεν-

2207 1183 2484 1250 νωμένου;
2519 1185 2582 1236 ὲκ
2613 1184 2713 1252 τῆς
2744 1185 3024 1254 δευτέρας,
3058 1185 3259 1254 μᾶλλον
3299 1185 3356 1238 δὲ
3387 1188 3475 1238 καὶ
3516 1184 3678 1236 πλέον.
3698 1186 3750 1236 ΟΞ

2206 1274 2316 1342 γὰρ
2347 1273 2412 1326 ὲκ
2439 1274 2539 1342 τῆς
2571 1273 2832 1344 δευτέρας
2861 1274 3320 1345 ἁναγεννώμενοι,
3350 1276 3561 1346 ἀδελφοὶ
3583 1275 3665 1328 τοῦ
3699 1276 3751 1326 ὲκ

2207 1365 2308 1435 τῆς
2339 1365 2564 1437 πρώτης
2591 1367 2944 1436 γεννηθέντος
2981 1367 3113 1420 Υἱοῦ
3141 1367 3232 1421 τοῦ
3253 1367 3389 1420 Θεοῦ
3418 1367 3752 1440 χρηματίζου-

2210 1475 2292 1512 σιν
2323 1459 2463 1512 κατά
2495 1460 2685 1529 χάριν·
2726 1462 2758 1528 ή
2791 1460 2844 1512 δὲ
2895 1460 3124 1530 δευτέρα
3157 1461 3320 1530 νηδὺς
3351 1462 3480 1530 πρὸς
3507 1461 3598 1529 τὴν
3620 1459 3749 1528 πρὼο

2207 1565 2307 1618 την
2355 1548 2612 1617 οὐδεμίαν
2645 1548 2903 1618 τοιαύτην
2968 1553 3294 1617 συγγένειαν
3342 1551 3614 1619 κέκτηται,
3640 1547 3753 1602 ἀλλὰ

2207 1641 2464 1694 τοσοῦτόν
2495 1644 2644 1695 ἐστιν
2679 1643 2928 1712 ἀλλήλων
2973 1640 3178 1710 μεταξὺ
3233 1643 3296 1693 τὸ
3341 1642 3605 1709 διάφορον,
3649 1642 3752 1692 ὅσον

2211 1733 2500 1801 σύμϐολον⁴
2529 1734 2855 1805 ὲξωτερικὺν
2903 1734 3164 1804 διαφέρον
3198 1737 3262 1804 τῇ
3301 1733 3463 1800 φύσει
3510 1732 3636 1802 πρὸς
3671 1732 3751 1800 τὴν

2209 1825 2492 1893 ἀλήθειαν.
2526 1825 2590 1877 Ἦ
2616 1827 2717 1893 μὲν
2748 1827 2856 1896 γάρ
2884 1828 3031 1878 ὲστιν
3055 1825 3262 1896 ἀληθὴς
3288 1825 3380 1879 τοῦ
3407 1826 3536 1878 Θεοῦ
3560 1827 3748 1894 Μήτηρ,

2209 1917 2296 1970 διὰ
2330 1917 2388 1970 τὸ
2423 1917 2635 1979 ἀληθῶς
2671 1917 2728 1982 ἐξ
2753 1920 2924 1984 αὐτῆς
2952 1919 3292 1986 οὑσιωθῆναι
3318 1917 3408 1971 τὸν
3439 1913 3751 1984 ὑπερούσιον.

2209 2008 2280 2062 Τὸ
2310 2009 2365 2062 δὲ
2395 2009 2538 2078 ὕδωρ
2563 2009 2658 2062 τοῦ
2682 2010 2831 2062 θείου
2858 2009 3266 2080 βαπτίσματος,
3289 2011 3365 2073 ὼς
3396 2008 3652 2078 σύμϐολον
3676 2006 3754 2057 καί

2205 2103 2374 2167 τύπος
2409 2103 2910 2174 παραλαμϐάνεται
2964 2105 3064 2174 τῆς
3097 2103 3415 2174 ζωαρχικῆς
3469 2102 3560 2155 καὶ
3603 2098 3755 2152 θεοδό-

2205 2212 2302 2268 χου
2335 2196 2526 2266 νηδύος
2555 2197 2795 2265 ἐκείνης.
2828 2197 2904 2258 ὼς
2927 2197 3164 2267 εἴρηται.
3192 2197 3291 2249 Διά
3326 2195 3386 2249 τὸ
3418 2196 3511 2248 καὶ
3544 2193 3678 2262 ήμιὶς
3699 2191 3752 2242 ὲκ

2203 2287 2395 2341 τούτου
2447 2290 2617 2358 χωρὶς
2663 2289 2934 2358 σαρκικῆς
2985 2287 3284 2357 συναφείας
3331 2288 3425 2342 καὶ
3468 2288 3572 2341 τῶν
3606 2285 3754 2340 ἄλλων

2203 2379 2301 2449 τῆς
2329 2379 2543 2446 φύσεως
2569 2378 2747 2448 ἔργων
2772 2379 3175 2448 ἀναγεννᾶσθαι
3201 2381 3501 2454 ὑπερφυῶς
3529 2381 3604 2442 είς
3627 2377 3754 2436 υἱοὺς

2210 2470 2370 2533 Θεοῦ,
2397 2473 2492 2524 καὶ
2527 2471 2888 2540 συμμόρφους
2937 2471 3038 2542 τῆς
3090 2473 3302 2535 εἰκόνος
3335 2473 3428 2527 τοῦ
3464 2471 3614 2542 φύσει
3641 2464 3752 2522 Υίοῦ

2209 2565 2304 2617 τοῦ
2351 2564 2488 2617 Θεοῦ
2531 2564 2888 2635 γεννηθέντος
2929 2566 2994 2618 ὲκ
3030 2565 3130 2635 τῆς
3171 2567 3512 2637 παρθενικῆς
3565 2563 3751 2629 ἐκείνης

2199 2657 2298 2710 καί⁵
2339 2655 2642 2727 ἀμωμήτου
2674 2657 2915 2726 γαστρός
2935 2672 2950 2687 ο
2982 2657 3046 2710 ὲκ
3081 2656 3190 2728 γὰρ
3240 2658 3340 2712 τοῦ
3386 2658 3570 2718 ὕδατος
3595 2652 3756 2726 ἡμεῖς.

517 2770 670 2825 οὐδέν
708 2785 762 2821 τι
813 2763 1176 2836 λαμϐάνομεν
1226 2761 1308 2824 είς
1353 2757 1613 2813 οῦσίωσιν
1659 2753 1755 2810 τοῦ
1792 2753 1984 2810 καινοῦ
2013 2753 2109 2807 καὶ
2145 2751 2290 2806 κατὰ
2346 2750 2481 2803 Θεδν
2526 2749 2840 2814 κτισθέντος
2889 2751 3204 2822 ἀνθρώπου.
3234 2753 3312 2806 Τὸ
3380 2752 3488 2822 γὰρ
3533 2751 3631 2805 πᾶν
3675 2747 3757 2816 τῆς

516 2864 774 2934 τοιαύτης
825 2859 1096 2924 θεοειδοῦς
1147 2854 1566 2928 άναγεννήσεώς
1619 2871 1682 2908 τε
1736 2853 1830 2906 καὶ
1882 2849 2267 2913 ἀνακλάσεως,
2347 2847 2381 2917 ἠ
2447 2845 2728 2917 παρουσία
2807 2844 2906 2899 τοῦ
2945 2845 3109 2915 ἀγίου
3145 2846 3475 2919 Πνεύματος
3532 2841 3751 2913 ἀπεργά-

557 2977 694 3014 εται.

557 2977 694 3014 erat.

520 2963 552 3028 ζ
592 3055 646 3109 4.
680 3050 1024 3120 Quapropter
1053 3042 1143 3098 ille
1181 3055 1280 3114 per
1327 3052 1483 3094 suam
1519 3033 1953 3092 incarnationem
1990 3042 2113 3098 qua:

520 3150 758 3198 mentem
794 3118 861 3191 ac
892 3135 1158 3190 rationem
1209 3141 1429 3185 omnem
1485 3133 1730 3194 superat,
1789 3121 1960 3175 nostri
2000 3118 2113 3172 fer-

519 3232 691 3290 menti
736 3227 1048 3298 primitias,
1099 3222 1165 3278 ad
1219 3234 1493 3276 summum
1546 3213 1847 3272 divinitatis
1893 3201 2108 3277 extitlit,

518 3326 761 3382 efﬁciens
812 3333 1026 3386 nempe,
1064 3317 1115 3370 id
1155 3314 1302 3385 quod
1350 3327 1378 3364 a
1428 3325 1488 3365 se
1521 3308 1702 3362 fuerat
1741 3310 2103 3370 assumptum,

519 3432 632 3473 suae
694 3411 997 3468 divinitatis
1046 3419 1304 3470 consors,
1363 3399 1520 3456 nobis
1588 3397 1785 3454 deinde
1837 3395 2101 3449 unitatem

518 3517 726 3566 natura:
761 3505 1013 3574 largitus,
1055 3508 1111 3554 et
1157 3510 1348 3561 carne,
1401 3502 1456 3550 et
1509 3491 1772 3560 sanguine
1819 3487 2104 3542 nobiscum

519 3597 886 3672 participatis,
939 3585 1434 3649 consubstantialis
1493 3583 1651 3637 nobis
1712 3577 1940 3634 effectus
1995 3584 2102 3632 est.

519 3693 625 3748 Per
659 3688 952 3746 secundam
1001 3700 1134 3740 vero
1173 3689 1417 3735 nostram
1468 3676 1804 3731 creationem
1837 3685 1958 3740 qua:
2009 3681 2107 3739 per

519 3786 848 3856 baptismum
878 3781 956 3846 fit,
987 3775 1196 3843 recepit
1223 3787 1323 3828 nos
1352 3771 1404 3825 iit
1449 3769 1648 3823 fratres
1677 3781 1744 3822 ex
1775 3764 1941 3820 simili
1973 3776 2108 3839 quo-

518 3852 644 3932 dam
677 3870 1048 3946 generationis
1103 3864 1285 3929 modo,
1317 3859 1394 3916 uti
1430 3859 1704 3913 diximus:
1745 3854 1918 3910 solum
1959 3852 2104 3907 enim

519 3970 576 4024 in
627 3965 820 4034 spiritu
877 3969 1096 4016 renatos
1149 3956 1494 4010 fraternitate
1567 3951 1752 4016 donat,
1813 3946 1946 4001 deos
1991 3945 2106 4014 jam

519 4075 620 4130 per
650 4057 883 4128 gratiam
912 4054 1088 4108 factos
1131 4057 1186 4103 et
1228 4057 1486 4115 tanquam
1530 4047 1753 4100 indutos
1813 4039 2104 4108 imaginem

520 4127 761 4204 caelestis
811 4141 1027 4206 Adami,
1082 4148 1143 4196 ut
1189 4138 1463 4208 quondam
1514 4134 1740 4189 terreni.
1788 4129 1927 4186 Hinc
1958 4127 2106 4183 enim

521 4242 762 4298 divinam
811 4236 1044 4291 formam
1087 4231 1385 4302 accipiunt,
1426 4237 1482 4283 et
1522 4227 1590 4282 ad
1631 4225 1800 4295 ipsius
1847 4220 2106 4278 humani-

437 4337 439 4340 ‘
519 4334 653 4390 tatis
687 4329 1016 4398 exemplum,
1049 4341 1168 4396 quae
1201 4325 1268 4378 ad
1309 4322 1634 4378 altissimum
1659 4314 1962 4373 divinitatis
1989 4328 2108 4384 gra-

520 4427 648 4480 dum
679 4431 862 4477 erecta
890 4429 992 4482 cst,
1026 4415 1376 4471 deificantur.
1411 4411 1754 4480 Quapropter
1784 4420 1892 4462 nou
1917 4417 2108 4461 omnes

522 4514 773 4571 homines
811 4518 940 4566 sunt
989 4507 1189 4562 fratres
1235 4503 1469 4570 Domini,
1518 4503 1614 4557 sed
1664 4501 1700 4555 ii
1751 4506 1964 4554 tantum
2012 4495 2106 4568 qui

521 4608 696 4664 renati
725 4615 852 4660 sunt
881 4618 977 4673 per
996 4611 1246 4656 sanctum
1286 4598 1636 4668 baptismum,
1669 4602 1725 4649 et
1753 4597 2108 4650 servaverunt

523 4702 843 4756 deil'ormem
880 4693 1338 4767 pulchritudinem
1374 4693 1441 4746 ad
1478 4691 1638 4744 linem
1689 4703 1862 4758 usque
1908 4688 2108 4742 imma-

2283 3029 2347 3085 δ’.
2387 3029 2553 3086 Ὅθεν
2587 3032 2676 3088 sta
2706 3035 2808 3106 μὲν
2832 3033 2932 3105 τῆς
2961 3033 3104 3106 ὑπὲρ
3161 3032 3298 3088 νοῦν
3331 3035 3424 3089 καὶ
3449 3033 3599 3102 λόγον
3627 3032 3758 3085 ἐναν-

2213 3119 2554 3193 θρωπήσεως
2619 3125 2809 3194 αὑτοῦ,
2854 3127 2952 3196 τὴν
3008 3125 3111 3196 μὲν
3168 3127 3434 3200 ἀπαρχὴν
3489 3127 3566 3188 εἰς
3611 3121 3758 3191 ἄκρον

2209 3211 2414 3268 ἑθέωσε
2445 3213 2540 3268 τοῦ
2568 3216 2842 3288 ἡμετέρου
2874 3217 3197 3288 φυράματος
3215 3218 3339 3288 ἦτοι
3366 3217 3424 3271 τὸ
3448 3217 3574 3270 ἴδιον
3608 3210 3754 3281 πρόσ-

2205 3304 2425 3376 λημμα,
2455 3306 2685 3375 δμόθεον
2715 3308 3180 3378 ἀπεργασάμενον
3215 3309 3406 3362 τοῦτο’
3437 3309 3566 3378 ἡμῖν
3611 3303 3664 3356 δὲ
3705 3299 3754 3352 τὸ

2204 3394 2452 3464 ὀμοφυὲς
2513 3395 2854 3468 ἐδωρήσατο,
2919 3400 3264 3468 κοινωνήσας
3310 3401 3441 3468 ἡμῖν
3498 3390 3757 3466 παραπληι

2211 3485 2341 3548 σίως
2374 3487 2576 3550 σαρκὸς
2597 3489 2695 3540 καὶ
2717 3486 2971 3557 αἵματος.
2994 3488 3316 3543 Κάντεῦθεν
3339 3489 3616 3559 ὀμοούσιος
3644 3484 3756 3554 ἡμῖν

2208 3577 2450 3647 γεγονὼς
2477 3577 2567 3632 διὰ
2596 3579 2654 3632 δὲ
2678 3580 2778 3650 τῆς
2808 3580 3170 3645 άναπλάσεως
3202 3583 3367 3653 ήμῶν
3414 3582 3511 3652 τῆς
3539 3578 3663 3632 κατά
3706 3573 3756 3624 τὸ

2209 3671 2522 3742 βάπτισμα,
2566 3673 2647 3734 είς
2681 3671 3026 3744 ἀδελφότητα
3065 3676 3393 3745 προσήκατο
3431 3676 3522 3727 καὶ
3542 3671 3758 3738 ἀνήγαγε

2206 3763 2296 3817 διὰ
2317 3763 2376 3816 τὸ
2395 3763 2760 3836 ὁμοιότροπον
2789 3781 2930 3831 πως,
2949 3764 3026 3828 ὠς
3051 3765 3295 3834 εἴρηται,
3315 3767 3413 3836 τῆς
3442 3763 3726 3832 γεννήσεως
3743 3771 3755 3785 ⁸

2206 3855 2334 3918 τοὺς
2358 3857 2470 3926 γὰρ
2499 3858 2990 3927 ἀναγεννωμένους
3029 3859 3087 3910 ἐν
3135 3859 3418 3926 πνεύματι
3468 3859 3652 3927 μόνους
3679 3850 3762 3918 τῆς

2212 3947 2575 4018 ἀδελφότητπ
2611 3947 2757 4012 ἀξιοῖ
2807 3947 2968 4012 θεοὺς
3011 3946 3156 4001 κατά
3215 3951 3380 4020 χάριν
3422 3944 3663 4001 ἐντεῦθεν
3686 3953 3761 4007 γε·

2212 4042 2604 4111 γεννημένους,
2635 4041 2711 4106 ὡς
2742 4042 3086 4110 φορέσαντας
3143 4042 3245 4112 τὴν
3285 4042 3476 4096 εἰκόνα
3505 4039 3591 4092 τοῦ
3620 4041 3760 4088 ἐπου-

2216 4135 2403 4206 ρανίου
2457 4136 2634 4207 Ἀδὰμ
2681 4135 2876 4208 ὥσπερ
2932 4138 3126 4210 πρώην
3166 4139 3263 4192 τοῦ
3309 4137 3514 4208 χοϊκοῦ.
3565 4135 3632 4187 Τὸ
3673 4129 3764 4197 γὰρ

2213 4227 2356 4282 θεῖον
2383 4225 2525 4293 εἶδος
2565 4230 2819 4284 ἐντεῦθεν
2859 4231 3222 4300 λαμϐάνουσι,
3277 4232 3418 4286 καθὸ
3441 4231 3670 4300 γίνονται
3692 4236 3767 4274 τε·

2209 4323 2479 4396 θεωμένοι
2508 4324 2698 4398 ὥσπερ
2749 4329 2829 4391 είς
2881 4326 3054 4396 ἄκρον
3099 4325 3312 4400 ὲθεώθη
3345 4328 3441 4382 καὶ
3490 4325 3551 4378 τὸ
3582 4315 3765 4388 ἀνθρώ·

2209 4431 2364 4469 πινον
2408 4414 2626 4472 τούτου.
2655 4415 2757 4470 Διὰ
2805 4416 2915 4488 γὰρ
2943 4417 3103 4470 τοῦτο
3145 4417 3209 4471 οὐ
3263 4419 3470 4480 πάντες
3517 4403 3765 4482 ἄνθρωποί

2208 4505 2348 4560 είσιν
2378 4505 2604 4576 ἀδελφοὶ
2630 4505 2726 4561 τοῦ
2772 4507 3005 4577 Κυρίου,
3061 4507 3179 4562 ἀλλ’
3226 4511 3276 4564 οί
3326 4505 3764 4577 ἀναγεννηθέντες

2207 4597 2298 4650 διὰ
2345 4599 2444 4653 τοῦ
2509 4599 2660 4652 θείου
2711 4599 3118 4670 βαπτίσματος,
3179 4605 3277 4656 καὶ
3341 4603 3678 4673 τηρήσαντες
3715 4592 3766 4644 τὸ

2211 4685 2446 4754 θεοειδὲς
2487 4689 2688 4754 κάλλος
2737 4691 3077 4760 ἀκηλίδωτον
3128 4691 3294 4762 μέχρι
3334 4692 3540 4754 τέλους.
3575 4689 3763 4749 Ὠσπερ

524 4793 782 4846 culatam.
825 4787 894 4844 Ut
943 4788 1089 4841 enim
1125 4800 1222 4841 nos
1252 4797 1528 4851 nunquam
1577 4794 1770 4849 equos,
1806 4787 1902 4833 aut
1949 4791 2105 4834 canes

2219 4782 2330 4852 γὰρ
2360 4783 2546 4853 ἡμεῖς,
2568 4782 2631 4836 οῦ
2674 4783 2778 4836 κάν
2823 4801 2953 4836 ποτε
2988 4784 3336 4854 ’καλέσαιμεν
3377 4781 3634 4852 ἀδελφοὺς
3657 4776 3766 4834 τοὺς

522 4899 850 4940 vocaremus
882 4880 1106 4944 fratres,
1147 4893 1214 4932 eo
1248 4876 1393 4946 quod
1429 4882 1615 4930 nostra
1661 4887 1814 4939 caro,
1859 4873 2004 4928 sicut
2052 4875 2111 4926 et

525 4977 763 5039 illorum,
809 4987 878 5026 ex
909 4981 1051 5026 terra
1085 4975 1324 5033 constet,
1370 4962 1720 5032 mortalisque
1753 4963 1826 5017 sit
1851 4970 1905 5015 et
1935 4961 2113 5030 passi-

524 5069 673 5133 bilis,
721 5064 976 5119 sensibus
1027 5070 1081 5114 et
1131 5057 1445 5127 sanguineis
1476 5056 1627 5110 venis
1674 5063 1976 5122 compacta,
2029 5061 2113 5107 at-

523 5171 808 5228 tractoque
835 5169 932 5226 per
955 5152 1265 5222 pulmonem
1295 5161 1421 5204 aere
1443 5146 1602 5217 quasi
1632 5147 1683 5200 in
1711 5161 1768 5202 se
1800 5146 1914 5214 ipsa
1943 5145 2110 5200 vitam

525 5254 835 5313 includens,
869 5248 960 5302 scil
999 5244 1309 5311 adiectione
1350 5240 1579 5296 rationis
1628 5240 1696 5294 ab
1732 5240 1945 5293 illorum
1987 5237 2105 5291 alii-

524 5346 691 5397 nitate
722 5357 784 5394 ac
813 5336 1158 5391 fraternitate
1186 5333 1510 5400 digerimus,
1543 5330 1874 5400 accipientes
1896 5337 2104 5383 tantum

522 5436 577 5487 in
619 5435 813 5486 borum
844 5426 1284 5497 communionem
1331 5438 1442 5484 eos,
1496 5424 1586 5491 qui
1638 5423 1850 5475 ratione
1895 5416 2106 5488 praediti

522 5535 690 5588 sunt;
726 5523 804 5574 sic
825 5527 874 5573 el
901 5517 1152 5570 Salvator
1186 5526 1369 5569 noster
1396 5525 1635 5569 nostram
1668 5530 1734 5568 ex
1768 5513 1946 5575 nobis,
1980 5527 2104 5566 cum

524 5613 913 5677 assutnpsisset
943 5617 1216 5671 naturain,
1273 5624 1377 5662 non
1413 5609 1553 5662 hanc
1583 5606 1811 5669 nudam,
1845 5615 1936 5658 aut
1960 5604 2104 5657 divi-

525 5725 608 5764 na:
635 5709 820 5778 gloria:
861 5715 1134 5770 expertem
1184 5721 1304 5760 esse
1353 5706 1542 5771 voluit,
1580 5704 1674 5759 sed
1719 5719 1838 5757 eam
1890 5718 1954 5755 ex
1986 5701 2100 5771 ipsa

527 5800 769 5852 unitioue
809 5797 1000 5851 ditavit
1024 5797 1217 5850 divina!
1244 5808 1448 5850 natura:
1478 5795 1918 5867 preprietatibus.
1949 5795 2102 5846 ltleo-

527 5906 631 5962 que
686 5907 806 5946 cum
859 5894 997 5944 hanc
1057 5890 1163 5945 Deo
1227 5888 1442 5955 dignam
1500 5889 1730 5956 gratiam
1793 5886 2100 5940 hominibus

2209 4875 2413 4938 ἵππους
2463 4874 2560 4928 καὶ
2590 4873 2759 4937 κύνας
2833 4875 2922 4930 διὰ
2979 4876 3037 4928 τὸ
3072 4875 3171 4946 τὴν
3217 4879 3378 4948 ήμῶν
3422 4894 3480 4929 τε
3526 4870 3768 4928 κάκείνων

2213 4967 2395 5038 σάρκα
2427 4966 2832 5038 παραπλησίως
2861 4971 2924 5021 ἐκ
2955 4968 3058 5038 γῆς
3086 4971 3415 5038 ὑφεστάναι,
3449 4968 3546 5021 καὶ
3585 4959 3766 5032 θνητὴν

2209 5060 2457 5122 ὁσαῠτως
2479 5055 2620 5114 εἶναι
2664 5061 2758 5113 καί⁸
2787 5060 3061 5132 παθητὴν,
3099 5062 3354 5130 αἰσθήσει
3402 5055 3766 5123 συνδεδεμένην

2212 5149 2306 5202 καὶ
2333 5149 2539 5217 ὀχετοῖς
2567 5148 2820 5218 αἱμάτων
2850 5151 2945 5202 καὶ
2976 5153 3043 5221 τῇ
3076 5152 3162 5204 διὰ
3197 5151 3293 5204 τοῦ
3329 5151 3627 5221 πνεύμονος
3650 5140 3765 5207 ὁλκῇ

2210 5237 2309 5290 τοῦ
2342 5239 2529 5307 ἀέρος,
2561 5239 2659 5308 τὴν
2691 5238 2837 5308 ζωὴν
2884 5239 3072 5309 ὥσπερ
3105 5243 3163 5292 ὲν
3219 5245 3392 5312 ἑαυτῇ
3451 5234 3770 5309 περικλείου-

2210 5347 2332 5394 σαν,
2359 5331 2497 5384 ἀλλὰ
2529 5334 2594 5400 τῇ
2643 5331 2937 5404 προσθήκῃ
2997 5333 3088 5386 τοῦ
3148 5333 3372 5402 λογικοῦ
3429 5331 3766 5400 διεστήκαμεν

2206 5422 2306 5483 τῆς
2358 5421 2628 5488 ὁμοφυϊας
2680 5422 2906 5474 ἐκείνων
2953 5426 3046 5476 καὶ
3113 5425 3499 5496 ἀδελφότητος,
3553 5421 3672 5482 τοὺς
3714 5410 3766 5466 τδ

2206 5512 2426 5580 λογικὸν
2459 5515 2620 5581 μόνον
2645 5514 3102 5585 πεπλουτηκότας
3133 5519 3212 5578 είς
3263 5517 3548 5570 κοινωνίαν
3585 5509 3768 5564 τούτων

2207 5603 2510 5671 δεχόμενοι,
2560 5604 2703 5656 οὕτω
2754 5609 2850 5658 καὶ
2904 5611 2930 5658 ὁ
2979 5607 3170 5676 Σωτὴρ
3211 5609 3373 5675 ἡμῶν
3426 5607 3484 5670 ἐξ
3543 5601 3692 5672 ἡμῶν
3717 5594 3768 5646 τὸ

2213 5695 2492 5764 ήμέτερον
2523 5697 2990 5767 προσλαϐόμενος,
3031 5702 3088 5751 οὐ
3124 5702 3282 5768 ψιλέν
3318 5702 3502 5769 ἐτήρει
3549 5695 3637 5748 καὶ
3678 5686 3767 5756 τῆς

2211 5789 2361 5850 θείας
2391 5789 2551 5856 δόξης
2580 5791 2871 5860 ἀμέτοχον,
2900 5793 3010 5846 ἀλλ’
3043 5794 3101 5858 ἐξ
3151 5795 3326 5862 αὐτῆς
3380 5794 3618 5848 ἐνεῦσεως
3667 5780 3766 5840 τοῖς

2157 5920 2162 5926 ’
2212 5880 2467 5950 ἰδιώμασι
2502 5884 2598 5951 τῆς
2647 5884 2798 5947 θείας
2836 5889 3243 5960 κατεπλοίττησε
3275 5888 3515 5955 φύσεως.
3553 5881 3653 5934 Καὶ
3687 5874 3764 5927 διά
