4016 6452
311 411 416 476 337

1654 411 2035 474 EPISTULA
2079 394 2220 473 III.‘

3496 404 3604 467 338

321 530 480 600 ρίσας
506 527 693 592 αὑτοῖς
728 527 1000 600 ἐνεργεῖν,
1036 528 1132 584 καὶ
1163 527 1252 583 διά
1296 528 1456 585 τοῦτο
1507 529 1905 601 χειροτονήσας

2033 525 2249 582 lﬂicium
2275 525 2343 583 ab
2373 526 2477 583 illis
2501 525 2845 583 eiliciendum
2879 525 3010 596 ipsis
3041 523 3313 589 attribuit,
3350 539 3414 580 ac
3445 538 3606 595 prop-

323 623 520 687 αὑτοὺς
552 621 748 692 ὥσπερ
778 623 974 687 ἄλλους
1028 623 1187 687 θεοὺς
1242 624 1338 678 καὶ
1383 623 1779 695 δημιουργοὺς,
1836 624 1905 693 τῇ

328 714 573 787 ἐνεργείᾳ
636 712 737 768 τοῦ
800 717 1151 785 παντουργοῦ
1202 714 1528 786 Πνεὺματος
1569 715 1906 787 δυναμένους

338 808 512 861 ποιεῖν
563 806 632 861 τὰ
666 806 908 877 μεγίστα
929 808 1027 878 τῆς
1057 810 1208 872 θείας
1257 810 1544 880 δυνάμεως
1567 810 1730 883 ἔργα.
1796 810 1909 864 Kal.

340 900 398 967 ἐξ
424 893 506 957 ὧν
537 901 780 972 μάλιστα
809 903 873 956 τό
899 918 959 955 τε
992 903 1240 958 ποικίλον
1262 904 1365 975 τῆς
1395 904 1591 974 σοφίας
1620 904 1716 958 καὶ
1746 903 1914 959 δυνάο

337 1011 482 1065 μεως
501 992 598 1048 τοῦ
632 993 775 1048 Θεοῦ
814 987 1063 1064 ιγνωστὸν
1092 998 1327 1065 γίνεται,
1383 998 1476 1051 καὶ
1508 997 1537 1050 ό
1568 998 1671 1069 τῆς
1701 997 1911 1067 ἀγαθό·

326 1104 492 1157 τητος
516 1087 928 1159 ἀνεξιχνίαστος
961 1088 1133 1149 αὑτοῦ
1167 1088 1403 1155 πλοῦτος
1430 1089 1908 1156 ἀποκαλύπτεται,

323 1174 397 1229 δι’
425 1175 456 1230 δ
508 1177 604 1230 καὶ
642 1176 672 1230 ό
707 1178 851 1242 θεῖος
903 1180 1061 1250 ἔλεγε
1114 1180 1360 1247 Παῦλοςο
1418 1183 1710 1255 Συνεργοί
1760 1183 1911 1239 Θεοῦ

324 1268 545 1339 ἐσμεν.
583 1271 697 1325 Καὶ
732 1271 845 1343 γὰρ
875 1274 1098 1329 πάντων
1131 1274 1241 1330 τῶν
1278 1274 1461 1346 ἔργων
1513 1269 1592 1331 ὧν
1651 1278 1912 1350 ἐποίησεν

322 1362 354 1414 δ
395 1362 532 1425 Θεὸς
552 1365 650 1417 καὶ
684 1365 795 1418 τῶν
817 1366 1031 1437 νοητῶν
1089 1370 1187 1421 καὶ
1229 1366 1341 1421 τῶν
1367 1367 1648 1439 αἰσθητῶν
1673 1368 1735 1422 τὸ
1793 1370 1914 1440 μεῖ-

325 1454 424 1520 ζόν
449 1458 600 1511 ἐστιν
645 1460 1010 1529 ἀσυγκρίτοις
1058 1462 1382 1534 ὑπεροχαῖς,
1429 1464 1462 1535 ἠ
1519 1463 1642 1519 θεία
1673 1463 1823 1536 ψυχή
1850 1482 1913 1519 τε

324 1547 426 1601 καὶ
448 1547 587 1619 σὰρξ
613 1551 709 1605 τοῦ
741 1553 1050 1608 Δεσπότου.
1081 1554 1148 1609 Τί
1170 1556 1280 1627 γάρ
1311 1556 1499 1626 μεῖζον
1522 1557 1620 1611 τοῦ
1663 1557 1764 1628 τὴν
1784 1556 1911 1611 καθ’

324 1643 482 1711 ἡμᾶς
521 1639 708 1711 φύσιν,
778 1644 872 1700 τοῦ
908 1647 1047 1701 Θεοῦ
1071 1648 1248 1716 Λόγου
1284 1650 1451 1718 φύσιν
1491 1649 1755 1720 γενέσθαι
1786 1650 1912 1705 καθ’

325 1732 528 1790 ἕνωσιν
558 1737 938 1809 ὑποστατικήν
963 1756 979 1803 ;
1013 1739 1178 1792 Ὅσον
1200 1737 1310 1809 ἄρα
1335 1739 1588 1812 διαφέρει
1615 1743 1674 1796 τὸ
1703 1741 1916 1811 ἀνθρώ-

328 1843 491 1881 πινον
521 1828 614 1882 τοῦ
645 1829 902 1899 Σωτῆρος
949 1830 1061 1884 τῶν
1116 1832 1402 1904 Χερουϐὶμ
1459 1834 1554 1889 καὶ
1613 1835 1869 1907 Σεραφίμ
1897 1850 1912 1867 ’

330 1919 588 1992 διαφέρει
617 1922 675 1977 δὲ
706 1895 832 1979 ὅσον
869 1923 1060 1978 δούλου
1082 1895 1397 1996 δεσπότης·
1433 1895 1700 1984 τοσοῦτον·
1737 1895 1919 1983 καὶδτὸ
1950 1895 1993 1951 Β

336 2011 504 2083 ἔργον
526 2012 628 2084 τῆς
651 2015 804 2080 θείας
838 2016 1173 2088 σαρκώσεως
1204 2020 1484 2091 διενήνοχε
1521 2022 1624 2090 τῆς
1649 2022 1921 2093 δημιουρ-

332 2103 463 2172 γίας
495 2104 605 2160 τῶν
628 2108 1021 2180 ὑπερκοσμίων
1075 2109 1389 2181 δυνάμεων.
1429 2111 1605 2167 Τοῦτο
1646 2112 1833 2168 τοίνυν
1859 2114 1921 2169 τὸ

335 2198 756 2270 ἀνυπέρϐλητον
810 2203 977 2274 ἔργον
1047 2206 1143 2259 καὶ
1190 2208 1304 2268 τοῖς
1344 2206 1671 2272 ἀποστόλοις
1715 2209 1922 2275 ὁμοίιος

338 2293 584 2362 ἐνεργεῖν
610 2294 871 2363 δὲδωκε,,
901 2296 1000 2371 καὶ
1036 2297 1102 2351 δι’
1171 2296 1403 2352 ἐκείνων
1452 2299 1582 2363 τοὺς
1637 2299 1923 2371 διαδόχους

339 2385 571 2440 ἐκείνων
606 2387 701 2441 καὶ
730 2386 972 2457 καθεξῆς
998 2391 1123 2448 τοὺς
1147 2388 1372 2454 λοιποὺς
1406 2391 1572 2463 μέχρι
1604 2392 1704 2462 τῆς
1734 2392 1925 2447 τελευ-

339 2478 444 2546 τῆς
480 2478 577 2531 τοῦ
623 2479 893 2548 παρόντος
931 2480 1070 2552 βίου.
1106 2483 1313 2554 Ἀρτον
1346 2482 1457 2554 γὰρ
1493 2482 1592 2538 καὶ
1619 2479 1763 2539 οἶνον
1783 2484 1925 2554 λαμ-

342 2566 605 2632 ϐάνοντες
629 2572 695 2640 τῇ
730 2570 987 2643 ἐνεργείᾳ
1002 2570 1097 2625 τοῦ
1129 2571 1274 2625 θείου
1296 2572 1642 2643 Πνεὺματος,
1661 2575 1744 2639 εἰς
1763 2575 1925 2645 σῶμα

341 2663 439 2714 καὶ
472 2654 613 2731 αἷμα
646 2663 1000 2729 Δεσποτικὸν,
1059 2657 1105 2719 ὦ
1138 2667 1235 2720 τοῦ
1298 2664 1613 2737 θαύματοςί
1651 2667 1927 2738 μεταϐάλ-

342 2752 535 2806 λουσι·
586 2754 681 2808 καὶ
739 2754 892 2809 λύειν
935 2756 1033 2810 καὶ
1085 2757 1308 2829 δεσμεῖν
1348 2759 1627 2832 ἁμαρτίας
1673 2759 1928 2827 ἐξουσίαν

345 2844 655 2914 εἰλήφασιν,
697 2847 727 2900 ὃ
759 2848 923 2918 μόνου
977 2852 1128 2906 Θεοῦ.
1162 2852 1327 2926 ἔργον
1379 2853 1638 2926 ὑπάρχει.
1673 2854 1785 2908 Καὶ
1836 2856 1932 2911 άν-

347 2932 606 3005 θρώπους
651 2936 1047 3008 λαμϐάνοντες,
1078 2942 1168 2996 διὰ
1225 2943 1320 2997 τοῦ
1359 2942 1509 2998 θείου
1545 2943 1929 3016 βαπτίσματος

344 3026 689 3095 ἀναγεννῶσι
712 3033 810 3085 καὶ
839 3033 1280 3090 ἀναπλάττουσιν
1316 3038 1396 3099 είς
1435 3039 1586 3101 υίοὺς
1634 3039 1771 3095 Θεοῦ
1837 3044 1931 3096 καὶ

346 3119 506 3185 θεοὺς
542 3123 683 3177 κατά
708 3122 889 3193 χάριν,
917 3125 1112 3197 ῶσπερ
1179 3127 1246 3182 ἂν
1306 3127 1361 3182 εί
1399 3147 1484 3192 τις
1537 3132 1706 3187 ἵππον
1740 3133 1932 3190 λαϐὼν

2019 627 2166 675 terea
2197 619 2406 675 creavit
2442 634 2538 676 eos
2581 618 2753 674 veluti
2777 618 2911 675 deos
2937 626 2993 673 et
3022 626 3329 683 creatores,
3355 627 3604 688 potentes

2016 710 2222 767 virtute
2253 711 2649 780 omnipotentis
2679 710 2942 781 Spiritus,
2982 714 3221 766 maxima
3255 709 3451 765 divinae
3490 710 3606 761 vir~
3680 752 3681 755 η

2018 808 2153 864 tutis
2183 805 2398 863 edicere
2427 822 2612 877 opera.
2647 805 2715 863 Et
2746 821 2874 863 vero
2904 822 2971 863 ex
3014 805 3085 861 iis
3109 804 3478 873 ,lmultiformis
3511 802 3605 861 Dei

2017 902 2285 974 sapientia
2341 911 2395 956 et
2445 901 2621 957 virtus
2656 884 2931 973 praecipue
2978 909 3222 969 apparet,
3275 907 3330 953 et
3380 897 3606 952 investi-

2019 995 2226 1067 gabiles
2257 994 2523 1050 bonitatis
2557 993 2727 1063 ipsius
2760 992 3090 1062 detegantur
3118 990 3341 1046 divitiae.
3368 989 3607 1058 ldeoque

2019 1088 2212 1146 be'atus
2257 1087 2472 1145 dicebat
2506 1085 2740 1143 Paulus:
2781 1085 2880 1140 Dei
2914 1092 3279 1155 cooperatores
3323 1099 3503 1137 sumus
3537 1083 3605 1136 δ’.

2021 1179 2233 1235 Etenim
2267 1179 2514 1234 omnium
2553 1193 2779 1248 operum
2834 1187 2941 1232 tam
2999 1175 3389 1247 spiritualium,
3444 1188 3607 1243 quam

2020 1285 2428 1343 corporeorum.
2453 1285 2575 1340 quae
2610 1269 2753 1326 Deus
2778 1269 2927 1336 fecit,
2955 1268 3253 1324 maximum
3286 1277 3368 1323 est
3402 1266 3612 1321 incom-

2020 1365 2251 1437 parabili
2278 1363 2619 1428 excellentia,
2649 1378 2805 1429 sacra
2830 1362 3011 1417 anima
3069 1369 3126 1417 et
3145 1375 3274 1416 caro
3302 1359 3607 1414 Dominica.

2022 1456 2165 1526 Quid
2216 1457 2364 1515 enim
2423 1457 2598 1527 majus
2661 1467 2763 1523 est,
2829 1471 2992 1526 quam
3053 1460 3606 1510 nostramrnaturam

2021 1555 2321 1610 secundum
2340 1552 2597 1609 unionem
2618 1550 3015 1623 hypostaticam
3037 1547 3150 1602 fieri
3175 1555 3426 1602 naturam
3451 1542 3609 1600 Verbi

2023 1644 2164 1702 Dei?
2207 1645 2481 1714 Quantum
2505 1658 2635 1715 ergo
2659 1651 2882 1714 praestat
2913 1640 3024 1711 (41)
3060 1638 3373 1694 humanitas
3422 1635 3612 1690 Salva-

2024 1740 2158 1795 toris
2194 1739 2327 1809 ipsis
2359 1737 2655 1795 Cherubim
2695 1745 2749 1790 et
2800 1732 3088 1803 Seraphim
3136 1731 3380 1802 (praestat
3431 1736 3611 1783 autem

2025 1839 2290 1901 quantum
2350 1843 2510 1885 servo
2564 1826 2886 1896 Dominus),
2925 1834 3136 1879 tantum
3195 1822 3360 1877 etiam
3417 1820 3615 1875 divina

2022 1922 2204 1979 carnis
2263 1920 2546 1993 generatio
2604 1927 2831 1990 superat
2895 1914 3237 1973 creationem
3306 1911 3612 1968 caelestium

2021 2023 2377 2087 poteStatum.
2406 2009 2520 2068 Hoc
2546 2026 2676 2083 ergo
2710 2010 2971 2066 eximium
3013 2021 3152 2078 opus
3190 2004 3451 2077 apostolis
3482 2019 3617 2076 quo-

2022 2121 2129 2177 que
2173 2105 2540 2163 exercendum
2577 2104 2746 2169 dedit,
2784 2110 2839 2159 et
2882 2117 2980 2173 per
3025 2100 3146 2156 illos
3181 2113 3372 2155 eorum
3403 2109 3623 2154 succes-

2022 2199 2266 2265 soribus,
2303 2208 2361 2255 et
2393 2197 2656 2268 deinceps
2690 2196 2921 2265 reliquis
2960 2209 3133 2266 usque
3173 2193 3240 2248 ad
3270 2204 3623 2247 consumma-

2026 2296 2230 2351 tionem
2265 2293 2432 2363 hujus
2477 2293 2624 2347 vita}.
2677 2290 2880 2346 Panem
2927 2289 3076 2344 enim
3126 2296 3185 2344 et
3238 2285 3428 2340 vinum
3480 2282 3624 2338 acci-

2025 2390 2262 2460 pientes,
2297 2388 2498 2444 virtute
2546 2386 2788 2456 Spiritus
2846 2383 3021 2439 sancti
3075 2382 3130 2436 in
3181 2394 3379 2450 corpus
3408 2385 3465 2431 et
3496 2392 3625 2433 san-

2025 2483 2247 2555 guinem
2300 2476 2665 2546 Dominicum,
2697 2494 2731 2534 o
2786 2493 2899 2533 rem
2959 2471 3383 2531 admirabilem!
3444 2480 3625 2524 trans-

2029 2583 2263 2641 mutant,
2302 2572 2546 2629 solvendi
2599 2570 2765 2625 etiam
2815 2576 2872 2623 et
2923 2566 3126 2636 ligandi
3179 2572 3430 2635 peccata,
3478 2561 3625 2633 quod

2030 2667 2251 2740 quidem
2284 2666 2458 2740 solius
2503 2664 2598 2719 Dei
2635 2672 2720 2719 est
2752 2676 2911 2729 opus,
2950 2660 3052 2730 ipsi
3103 2663 3430 2729 potestatem
3465 2668 3620 2709 acce-

2030 2739 2253 2832 perunt.
2307 2739 2413 2813 πά
2461 2764 2517 2812 et
2562 2753 2813 2810 homines
2867 2766 2964 2822 per
3017 2764 3236 2806 sacrum
3291 2746 3622 2817 baptismum

2031 2858 2383 2922 regenerant,
2425 2859 2588 2919 atque
2622 2847 2675 2902 in
2718 2845 2809 2901 Dei
2847 2843 2987 2899 hlios
3030 2841 3275 2911 deosque
3323 2837 3624 2896 secundum

2032 2944 2262 3015 gratiam
2299 2943 2623 3007 rel'ormaut,
2651 2953 2756 2993 non
2806 2937 2969 2991 aliter
2997 2949 3160 3005 quam
3191 2933 3238 2989 si
3272 2931 3394 3003 quis
3424 2944 3625 3001 equum

2034 3037 2088 3093 in
2117 3045 2366 3093 naturam
2398 3034 2639 3090 hominis
2671 3037 3103 3094 transmutaret;
3157 3027 3272 3083 imo
3298 3040 3425 3082 vero
3458 3023 3629 3078 multo

2037 3131 2248 3201 majora
2298 3130 2412 3184 haec
2472 3135 2598 3183 sunt
2652 3125 2908 3182 omnibus
2938 3122 3008 3178 iis
3035 3135 3157 3193 qua:
3183 3120 3450 3176 hactenus
3483 3116 3627 3172 dicta
3740 3116 3745 3121 '

349 3213 691 3283 μετέπλασεν
730 3217 812 3281 είς
861 3216 1026 3287 φύσιν
1089 3219 1405 3290 ἀνθρώπου,
1446 3222 1653 3295 μᾶλλον
1730 3225 1789 3279 δὲ
1842 3227 1930 3280 καὶ

2043 3230 2212 3290 sunt;
2246 3221 2430 3291 majus
2462 3219 2611 3276 enim
2641 3225 2728 3273 est
2767 3230 2964 3286 panem
3011 3222 3066 3270 et
3102 3213 3286 3268 vinum
3312 3212 3387 3275 kin
3431 3224 3631 3279 corpus

347 3304 534 3378 πολλῷ
566 3307 739 3378 μείζω
765 3308 941 3365 ταῦτα
970 3309 1078 3364 τῶν
1106 3312 1320 3368 πολλῶν
1348 3316 1684 3388 εἰρημένων.
1716 3318 1926 3385 Μεῖζον

346 3399 461 3471 γάρ
490 3402 609 3455 ἐστι
639 3403 700 3456 τὸ
730 3403 820 3456 τὸν
866 3404 1035 3475 ἄρτον
1086 3406 1182 3460 καὶ
1231 3401 1378 3463 οἶνον
1420 3409 1500 3473 είς
1570 3409 1735 3481 σῶμα
1782 3411 1930 3467 θεῖον

352 3493 683 3564 μεταϐαλεῖν
705 3495 798 3550 καὶ
821 3496 1112 3569 ἄνθρωπον
1153 3499 1278 3554 Θεὸν
1319 3500 1465 3560 κατά
1490 3502 1653 3575 χάριν
1679 3505 1931 3577 ποιῆσαι,

350 3586 387 3657 ἢ
412 3587 642 3659 οὐρανὸν
678 3590 776 3644 καὶ
808 3590 1081 3660 ἀγγέλους
1102 3593 1358 3665 ποιῆσαι.

428 3681 496 3745 ζ’.
524 3683 741 3754 Ταύτην
764 3682 881 3751 οὖν,
908 3684 1208 3756 ἀγαπητοὶ,
1256 3688 1356 3759 τὴν
1380 3689 1794 3764 δημιουργικὴν
1837 3694 1934 3748 καὶ

367 3773 601 3831 Deo-ttoth
646 3778 809 3849 χάριν
859 3780 953 3833 καὶ
979 3778 1212 3852 δύναμιν
1275 3781 1370 3836 τοῦ
1427 3784 1639 3852 ἀγαθοῦ
1682 3786 1934 3858 Πνεῦμα-

366 3885 459 3931 τος
500 3869 609 3940 ἥτις
655 3872 905 3943 ἐνεργεῖν
962 3872 1032 3927 τά
1103 3874 1280 3951 μείζω
1335 3876 1560 3933 πάντων
1615 3880 1936 3950 κτισμάτων

358 3960 421 4012 ἐν
450 3958 638 4032 ἀκαρεῖ
663 3961 911 4031 δύναται,
943 3963 972 4018 ό
1013 3965 1215 4036 ἱερεὺς,
1238 3960 1298 4036 ιῶ
1325 3967 1425 4032 τῆς
1471 3970 1601 4040 περὶ
1640 3971 1792 4043 ημᾶς
1839 3973 1936 4028 τοῦ

356 4049 498 4105 Θεοῦ
530 4053 704 4121 Λόγου
736 4055 1148 4126 φιλανθρωπίας
1190 4059 1286 4114 καὶ
1335 4061 1587 4131 δωρεᾶςι
1628 4062 1940 4136 ἀναμφιϐό-

351 4144 464 4209 λως
511 4144 818 4216 κομίζεται.
844 4147 957 4202 Καὶ
981 4148 1090 4221 γὰρ
1146 4150 1244 4203 καὶ
1293 4144 1454 4216 οὗτος
1508 4152 1713 4223 ὁμοίως
1772 4155 1941 4227 ἄρτον

355 4240 455 4291 καὶ
497 4232 638 4309 οἶνον
671 4238 991 4310 λαμϐάνων,
1029 4243 1096 4313 τῇ
1149 4243 1441 4318 ἐνοικοὺσῃ
1493 4244 1673 4318 τούτῳ
1717 4246 1808 4302 διὰ
1845 4248 1941 4303 τοῦ

352 4327 656 4399 χρίσματος
680 4330 776 4398 τῆς
810 4329 1113 4402 ίερωσὺνης
1159 4332 1282 4406 θεία
1331 4334 1586 4406 δυνάμει,
1643 4339 1726 4403 είς
1781 4338 1944 4412 σῶμα

356 4420 454 4473 καὶ
501 4414 637 4491 αἷμα
664 4422 997 4493 μεταϐάλλει
1025 4425 1365 4480 Δεσποτικόν
1397 4444 1411 4458 ο
1451 4428 1645 4498 μεῖζον
1685 4430 1945 4486 ἐντεῦθεν

356 4512 725 4583 ἐργαζόμενος
792 4515 976 4586 ἔργον,
999 4516 1077 4582 ὡς
1139 4517 1440 4585 δέδεικται,
1490 4519 1523 4591 ἢ
1564 4521 1726 4594 εἴπερ
1770 4522 1945 4593 ἀγγέ-

2032 3324 2407 3373 transmutare
2436 3314 2718 3369 divinum.
2754 3310 3146 3379 hominemque
3198 3306 3364 3362 deum
3414 3304 3631 3361 elliecre

2032 3409 2328 3470 secundum
2354 3409 2611 3482 gratiam,
2640 3419 2803 3479 quam
2829 3404 3028 3460 coelum
3050 3409 3107 3459 et
3128 3399 3350 3470 angelos
3370 3413 3586 3455 creare.

2108 3679 2161 3736 7.
2186 3678 2335 3734 lianc
2376 3672 2561 3745 igitur,
2582 3686 2614 3727 ο
2635 3669 2969 3734 charissimi,
2990 3666 3240 3739 opificem
3286 3680 3349 3719 ac
3374 3665 3635 3720 deiﬁcari-

2037 3779 2145 3826 tem
2182 3768 2354 3825 sancti
2384 3765 2621 3838 Spiritus
2660 3761 2891 3834 gratiam
2917 3768 2970 3815 et
2991 3758 3273 3824 virtutem,
3299 3756 3495 3826 quaein
3520 3756 3661 3819 ictu,

2037 3865 2180 3923 oculi
2202 3878 2402 3934 creare
2423 3871 2600 3932 potest
2621 3899 2635 3923 ,
2664 3856 2899 3912 maxima
2922 3868 3151 3924 qumque
3174 3859 3551 3931 creaturarum
3580 3850 3636 3923 (o

2038 3939 2284 4017 amorem
2319 3966 2376 4013 et
2428 3951 2843 4012 beneﬁcentiam
2861 3965 2990 4022 erga
3023 3964 3121 4004 nos
3149 3946 3309 4003 Verbi
3333 3946 3423 4003 Dei
3447 3948 3486 4014 l)
3517 3948 3638 4003 sine

2026 4050 2206 4123 ‘dubio
2240 4048 2443 4116 accipit
2465 4044 2743 4100 sacerdos.
2777 4040 2912 4094 Nam
2948 4048 3002 4095 et
3031 4038 3123 4093 ille
3151 4036 3408 4093 similiter
3437 4050 3635 4106 panem

2040 4151 2096 4200 et
2123 4142 2304 4217 viuum
2337 4138 2612 4206 accipiens
2640 4151 2736 4205 per
2764 4133 3157 4189 inhabitantcm
3186 4130 3241 4184 in
3267 4129 3640 4196 se,mediaute

2042 4234 2332 4293 sacerdotii
2371 4229 2647 4293 unctione,
2678 4241 2888 4281 sacram
2932 4227 3188 4279 virtutem
3222 4222 3273 4276 in
3314 4234 3535 4276 carnem
3583 4228 3640 4277 et

2044 4322 2366 4395 sanguinem
2387 4328 2687 4377 commutat
2713 4316 3054 4373 Dominicum
3087 4331 3101 4381 ;
3135 4311 3312 4384 majus
3344 4320 3639 4383 propterea

2045 4432 2312 4476 exercens
2363 4431 2520 4486 opus,
2562 4428 2726 4484 quam
2776 4410 2824 4466 si
2877 4408 3100 4481 angelos
3145 4415 3200 4462 et
3230 4408 3413 4478 {crelos
3451 4419 3641 4460 creare

2050 4520 2256 4585 posset.
2308 4507 2517 4564 Deinde
2565 4503 2848 4575 mortalem
2903 4499 3183 4571 accipiens
3232 4497 3506 4554 hominem
3542 4509 3642 4565 per

356 4607 488 4669 λους
521 4606 616 4659 καὶ
639 4574 907 4677 οὑρανόὺυς
963 4574 1206 4674 δυνατῶς
1263 4604 1380 4681 εἶχε
1423 4574 1930 4683 ὲηριουργὶῖνζίἒᾶ

2051 4574 2305 4664 sanctum
2325 4600 2679 4668 baptismum,
2697 4574 2788 4650 Dei
2802 4592 3024 4659 Filium,
3046 4590 3321 4663 Deumque
3336 4591 3637 4648 secundum

362 4699 531 4752 πάλιν
558 4699 847 4772 ἄνθρωπον
907 4701 1208 4771 λαμϐάνων
1259 4702 1478 4773 θνητὸν,
1512 4704 1603 4759 διὰ
1656 4704 1753 4760 τοῦ
1802 4705 1950 4760 θείου

365 4790 749 4859 βαπτίσματος
769 4789 908 4860 ιυίὸν
934 4792 1070 4846 Θεοῦ
1109 4795 1206 4848 καὶ
1245 4793 1365 4848 θεὸν
1395 4794 1539 4849 κατά
1572 4795 1738 4868 χάριν
1781 4796 1951 4868 ἐργά-

340 4882 521 4947 ιζεται
545 4900 558 4913 ⁸
603 4883 788 4954 μεῖζον
822 4883 1194 4956 ἐργαζόμενος
1236 4884 1423 4957 ἔργον,
1475 4886 1508 4957 ἢ
1544 4887 1713 4957 ἐίπερ
1739 4888 1953 4958 ἀνεγεί-

364 4992 483 5047 ρειν
510 4975 736 5045 νεκροὺς
759 4975 1006 5043 ἐδὺνατο,
1049 4978 1146 5031 καὶ
1168 4978 1237 5032 τά
1282 4966 1649 5051 λελωϐημένα
1698 4982 1794 5035 καὶ
1856 4997 1954 5035 πε-

360 5067 670 5155 πηρωμένα
714 5066 810 5123 τοῦ
836 5068 1094 5139 σώματος
1126 5070 1266 5142 μέλη
1296 5071 1427 5140 ὑγιᾶ
1458 5064 1553 5125 καὶ
1596 5073 1763 5140 ἄρτια
1788 5073 1952 5128 καθι·

364 5162 499 5233 στᾷν
542 5161 710 5232 λόγῳ.
739 5163 804 5217 Εί
844 5161 941 5217 οῦν
973 5162 1084 5217 ἔδει
1117 5164 1359 5235 φανῆναί
1405 5182 1533 5219 τινα
1573 5165 1667 5219 ἐπὶ
1709 5165 1810 5235 τῆς
1844 5167 1950 5236 γῆς

359 5259 676 5331 ἄνθρωπον,
705 5259 974 5330 ἀγγέλους
991 5260 1089 5315 καὶ
1117 5260 1386 5332 οὐρανοὺς
1423 5260 1779 5333 δημιουργεῖν
1801 5261 1948 5332 λόγῳ

357 5353 687 5423 δυνάμενον,
709 5352 807 5407 καὶ
832 5354 1063 5424 νεκροὺς
1090 5353 1402 5424 ἀνεγείρειν
1447 5353 1541 5407 καὶ
1568 5354 1770 5409 ἀνίατα
1794 5352 1944 5426 πάθη

366 5444 581 5509 ἰᾶσθαι,
612 5445 802 5500 ὁποῖον
828 5446 1000 5516 ἐχρῆν
1036 5445 1129 5501 τὸν
1172 5446 1419 5500 τοιοῦτον
1474 5442 1619 5501 εῖναι
1644 5463 1661 5515 ;
1688 5445 1947 5518 Καθαρὸν

360 5538 464 5592 καὶ
521 5538 620 5610 τὴν
669 5539 874 5610 ἀρετὴν
927 5538 1334 5613 ἀπαράμιλλον,
1368 5539 1515 5595 ὥστε
1558 5541 1816 5613 τοιαύτην
1848 5537 1945 5594 τοῦ

424 5718 469 5752 ³⁸
494 5717 660 5774 ICor.
678 5718 748 5801 ξ’»,⁴
763 5720 820 5786 9,

2051 4699 2281 4769 gratiam
2310 4693 2497 4760 eﬂicit,
2530 4690 2704 4761 majus
2734 4686 2976 4744 eﬂicieus
3006 4700 3165 4755 Opus,
3200 4700 3364 4755 quam
3395 4683 3440 4738 si
3488 4698 3638 4738 mor-

2052 4799 2174 4845 tuos
2200 4785 2513 4849 suscitaret,
2551 4790 2606 4838 et
2647 4780 2829 4836 luxata
2865 4794 2929 4835 ac
2969 4776 3159 4833 mutila
3186 4777 3433 4848 corporis
3468 4790 3641 4831 mem-

2051 4882 2149 4937 bra
2209 4876 2432 4934 sanitati
2484 4883 2541 4931 et
2582 4872 2887 4945 integritati
2936 4871 3054 4929 solo
3088 4869 3253 4927 verbo
3305 4870 3639 4927 restitueret.

2052 4975 2110 5032 Si
2140 4975 2302 5047 igitur
2335 4974 2475 5028 inter
2498 4987 2600 5027 nos
2629 4972 2793 5026 homo
2843 4975 3011 5036 esset,
3046 4968 3137 5039 qui
3169 4967 3394 5037 angelos
3444 4966 3641 5021 caelos.

2048 5086 2157 5141 que
2175 5071 2339 5126 verbo
2357 5083 2546 5126 creare
2563 5073 2767 5141 posset,
2787 5063 3055 5120 suscitare
3068 5072 3334 5127 mortuos,
3351 5069 3407 5116 et
3427 5061 3646 5115 incura-

2049 5163 2253 5220 bilibus
2284 5160 2494 5217 morbis
2525 5158 2751 5226 mederi,
2785 5156 3001 5228 qualem
3036 5170 3161 5211 eum
3184 5170 3305 5212 esse
3319 5151 3645 5222 oporteret?

2046 5274 2210 5330 quam
2229 5270 2424 5329 purum
2439 5261 2492 5310 et
2511 5254 2634 5308 vitae
2650 5253 2922 5323 probitate
2937 5257 3065 5305 ante
3081 5263 3270 5304 omnes
3282 5244 3639 5303 excellentem

2043 5366 2239 5422 nempe
2266 5361 2326 5404 ut
2353 5349 2495 5405 hanc
2518 5348 2615 5404 Dei
2639 5347 2895 5402 virtutem
2946 5350 3114 5414 atque
3156 5338 3449 5411 potentiam
3472 5334 3647 5391 susci-

2053 5453 2207 5517 peret
2244 5442 2509 5511 ﬁeretque
2537 5447 2663 5511 post
2695 5438 2864 5495 Deum
2907 5436 3046 5493 alter
3086 5430 3339 5489 creatori
3371 5426 3430 5484 Si
3451 5426 3647 5482 millies

2056 5536 2306 5611 proiecto
2340 5536 2414 5592 illi
2446 5534 2691 5607 quotidie
2714 5549 2812 5606 pro
2829 5531 3050 5590 Christo
3076 5529 3212 5586 mori
3235 5520 3642 5592 liceret,adhuc

436 5884 554 5959 (ιι)
602 5880 850 5936 Prwstat.
906 5879 1205 5938 Vaticanus
1254 5881 1420 5939 habet
1454 5882 1741 5956 διάφορον.
1779 5881 1930 5940 Μοεεη

2039 5879 2153 5940 nsis
2187 5881 2438 5955 διαφέρει
