4016 6468
515 421 624 487 339

1557 427 2058 494 TlIEOPI-I.\\’lS
2087 431 2432 494 EPISCOPI
2482 426 2768 491 NlCiiNI
3665 424 3750 493 320

518 553 698 598 tamen
762 542 983 597 minime
1040 542 1260 612 dignum
1321 559 1458 614 opus
1518 544 1770 614 faceret,
1805 564 1915 618 quo
1972 555 2095 605 tant‘

2215 551 2352 604 Θεοῦ
2393 548 2630 618 δύναμιν
2677 543 2940 612 δέξασθαι
2978 543 3072 596 καὶ
3115 533 3296 611 ἀξίαν,
3333 541 3424 598 καὶ
3463 542 3753 617 δημιουργὸν

515 637 760 692 muneris
800 637 1029 705 gratiam
1062 648 1466 707 compensaret.
1502 640 1571 696 At
1602 643 1910 699 sacerdotis
1939 659 2099 712 opera

515 733 724 804 majora
758 733 826 789 iis
873 734 1067 802 multo:
1101 747 1166 789 ac
1214 734 1336 790 sine
1373 735 1478 791 ulla
1512 738 1923 807 comparatione
1967 753 2104 808 pra:-

514 827 784 882 stantiora
827 839 969 891 esse,
1003 835 1283 882 ostensum
1336 838 1443 884 est.
1496 827 1719 896 Qualem
1772 829 1938 900 igitur
1982 844 2105 884 esse

515 920 701 974 deceat
731 933 858 974 eum
890 919 981 990 qui
1037 921 1333 978 sacerdotii
1371 923 1600 993 gratiam
1651 925 1882 992 accepit,
1937 938 2100 992 quam

516 1011 758 1066 divinum
803 1027 868 1069 ac
899 1027 1037 1082 pene
1067 1015 1375 1080 caelestem,
1409 1016 1536 1072 hinc
1565 1017 1904 1088 perpendere
1949 1018 2100 1074 licet.

513 1102 716 1158 Christi
775 1115 927 1161 certe
973 1121 1094 1163 esse
1131 1108 1292 1162 debet
1342 1109 1780 1178 perfectissimus
1839 1111 2102 1177 imitator,

515 1196 770 1267 illiusque
805 1197 860 1252 in
911 1214 1077 1252 carne
1130 1200 1294 1270 primi
1359 1201 1634 1269 pontificis
1693 1211 1857 1272 atque
1909 1202 2103 1257 horum

515 1303 798 1346 sacrorum
852 1293 1155 1348 sacerdotis
1212 1302 1266 1349 et
1311 1296 1606 1351 initiatoris
1651 1297 1805 1366 sequi
1853 1295 2102 1364 vestigia.

519 1380 790 1448 Quocirca
836 1385 980 1439 haud
1019 1397 1228 1440 erraret
1253 1387 1473 1456 aliquis,
1503 1403 1537 1442 o
1583 1389 1788 1452 dilecti,
1822 1389 1867 1443 si
1900 1389 2106 1445 diceret

515 1473 880 1531 sacerdotium
947 1489 1086 1532 csse-
1131 1477 1226 1533 Dei
1281 1479 1614 1536 eﬂ‘ectriCem
1679 1481 1960 1545 virtutem,
2020 1479 2105 1535 vel

515 1567 760 1623 divinam
791 1569 1076 1625 scientiam
1113 1585 1210 1640 pro
1243 1571 1348 1626 (lue
1377 1572 1691 1636 habentem,
1737 1583 1793 1628 ut
1824 1574 2103 1627 hominem

514 1657 715 1714 alliciat
768 1660 929 1715 deum
975 1663 1274 1716 secundum
1319 1663 1569 1732 gratiam,
1604 1665 1944 1720 conformem
1978 1679 2105 1719 vero

519 1751 740 1822 imagini
795 1748 916 1806 Filii
975 1754 1064 1808 Dei
1101 1757 1398 1810 secundum
1459 1768 1738 1823 naturam,
1794 1759 1954 1826 idque
2009 1771 2105 1826 per

517 1842 671 1913 signa
732 1846 979 1912 quaedam
1018 1853 1272 1938 tanqu'am
1327 1862 1424 1917 per
1454 1849 1846 1914 instrumenta,
1907 1862 2102 1918 panem

515 1948 647 1990 vero
670 1944 726 1992 et
751 1936 934 1991 vinum
965 1952 1104 2005 aqua
1160 1936 1508 1994 commistnm
1552 1939 1603 1994 in
1642 1955 1861 2009 corpus.
1892 1949 1946 1995 et
1973 1956 2101 1993 san-

471 2073 474 2076 .
515 2026 734 2097 guinem
782 2027 1126 2084 Dominicutn
1163 2039 1508 2098 transmutet,
1561 2042 1892 2100 renatosque
1923 2031 2103 2086 homi-

515 2133 611 2174 nes
644 2133 743 2189 per
770 2119 1097 2189 baptismum
1136 2123 1301 2191 capiti
1337 2123 1560 2180 Christo
1593 2133 1652 2178 ut
1682 2126 1922 2179 membra
1969 2140 2097 2179 con-

512 2211 768 2279 glutinet.
801 2210 984 2278 Quare
1013 2230 1133 2267 cum
1167 2230 1327 2270 nemo
1363 2217 1546 2272 carnis
1576 2218 1814 2274 vinculis
1849 2217 2102 2275 detentus

515 2316 644 2358 vere
691 2303 887 2374 dignus
915 2304 1331 2378 administrator
1361 2307 1554 2362 horum
1604 2311 2098 2378 supernaturalium

515 2396 899 2467 mysteriorum
956 2374 1189 2452 inireniri
1247 2400 1420 2468 possit
1479 2400 1724 2470 (etenim
1781 2411 1836 2457 et
1892 2403 2102 2470 angelis

514 2487 647 2559 ipsis
693 2498 749 2544 et
804 2489 1181 2545 desiderabilia
1257 2490 1373 2547 haec
1431 2502 1556 2546 sunt
1604 2503 1658 2549 et
1712 2493 2097 2565 formidanda),

513 2580 807 2652 puritatem
835 2582 1050 2649 saltem,
1073 2597 1236 2651 quam
1263 2585 1549 2653 acquirere
1577 2587 1888 2644 hominibus
1913 2588 2096 2655 datur,

511 2682 893 2738 contemnere,
942 2684 1034 2729 aut
1085 2675 1336 2745 rejicere,
1384 2693 1485 2733 nec
1527 2693 1624 2749 pro
1652 2681 1859 2754 viribus
1913 2683 2099 2736 conari

513 2765 818 2820 Salvatoris
875 2766 927 2820 in
984 2767 1150 2822 terris
1216 2769 1340 2822 vita:
1397 2769 1708 2825 institutum
1773 2771 2096 2827 imitandum

512 2857 616 2912 sibi
651 2872 977 2928 proponere,
1019 2860 1072 2913 id
1107 2869 1255 2915 certe
1303 2861 1500 2932 ingrati
1537 2864 1642 2917 erit
1681 2863 1848 2918 animi
1885 2863 2097 2918 divina-

510 2963 747 3019 rumque
806 2964 990 3005 rerum
1033 2954 1453 3022 contemptoris,
1502 2955 1731 3025 ideoque
1761 2955 2099 3012 intolerabili

513 3043 784 3112 supplicio
817 3043 1064 3112 dignum.
1098 3045 1197 3100 Cui
1243 3062 1476 3118 namque
1505 3051 1690 3104 datum
1728 3059 1812 3104 est
1843 3049 2095 3116 multum,

510 3133 740 3186 multum
791 3134 955 3188 etiam
999 3136 1245 3206 exigetur
1291 3138 1358 3193 ab
1389 3155 1474 3195 eo.
1519 3141 1597 3195 Ac
1628 3151 1782 3196 vetus
1837 3141 2095 3196 nimirum

2207 646 2400 714 ἕτερον
2439 642 2580 696 εἶναι
2637 643 2776 709 μετὰ
2803 639 2958 704 Θεὸν,
3009 638 3229 702 πάντως
3267 640 3315 691 εί
3375 641 3618 710 μυριάκις
3650 642 3754 712 ἐνῆν

2211 739 2364 806 αὐτῷ
2420 734 2548 791 καθ’
2597 734 2841 803 ἑκάστην
2905 729 3050 796 ὑπὲρ
3107 729 3349 801 Χριστοῦ
3404 732 3753 801 ἀποθνήσκειν,

2209 836 2310 889 οὐκ
2351 833 2416 887 ἂν
2459 829 2683 900 ἐπάξιον
2768 826 2934 896 ἔργον
2997 825 3079 887 εἱς
3140 821 3490 878 ἀνταπόδοσιν
3549 827 3636 892 τῆς
3671 828 3758 880 δω-

2213 927 2345 998 ρεᾶς
2393 924 2599 991 ταύτης
2661 921 2980 991 εἰργάσατο.
3049 917 3210 970 Ἀλλά
3250 919 3318 974 τὰ
3367 916 3508 988 παρά
3567 916 3649 970 τοῦ
3691 919 3755 970 is-

2213 1017 2350 1088 ρέως
2384 1014 2690 1084 τελούμενα
2759 1007 2932 1082 μείζω
2958 1009 3066 1064 τῶν
3096 1010 3354 1064 τοιούτων
3375 1007 3548 1077 ἔργων
3602 1006 3754 1075 πολλῷ

2207 1111 2305 1164 καὶ
2361 1107 2686 1177 ἀσυγκρὶτῳ
2725 1104 2800 1174 τῷ
2838 1105 3025 1174 μέτρῳ
3073 1102 3346 1156 δεδείκται
3375 1097 3530 1154 εῖναι.
3569 1097 3754 1152 Ὀποῖον

2208 1197 2301 1258 οὖν
2349 1201 2430 1255 δεῖ
2485 1201 2580 1254 τὸν
2630 1200 2730 1268 τὴν
2768 1200 2933 1268 χάριν
2977 1195 3080 1267 τῆς
3142 1194 3441 1266 ἱερωσύνης
3502 1191 3757 1260 δεξάμενον

2213 1293 2357 1347 θεῖόν
2387 1309 2514 1347 τινα
2547 1292 2644 1346 καὶ
2692 1290 2955 1361 ὑπερφυῆ
2999 1283 3165 1351 εἶναι,
3231 1287 3496 1356 πάρεστιν
3541 1283 3755 1336 ἐντεῦθεν

2208 1384 2550 1454 λογίζεσθαι,
2601 1385 2820 1446 πάντως
2856 1381 2953 1435 τοῦ
2978 1379 3221 1451 Χριστοῦ
3281 1377 3526 1449 μιμητὴν
3565 1377 3752 1444 ἀκριεέ-

2211 1493 2429 1543 στατον,
2459 1477 2556 1530 καὶ
2597 1477 2701 1546 τῆς
2749 1477 2806 1528 ὲν
2864 1475 3030 1547 σαρκὶ
3089 1473 3370 1536 πολιτείας
3413 1472 3613 1526 ἐκείνου
3656 1469 3756 1524 κατ’

2211 1571 2360 1642 ἴχνος
2405 1570 2704 1641 ἑπόμενον,
2739 1567 2836 1622 τοῦ
2862 1565 3083 1639 πρώτου
3105 1565 3415 1638 ἀρχιερέως
3451 1565 3542 1619 καὶ
3571 1566 3752 1632 ἱερουρ-

2207 1663 2327 1732 γοῦ,
2360 1661 2469 1716 τῶν
2523 1661 2784 1715 τοιούτων
2819 1662 2914 1714 καὶ
2958 1659 3317 1729 τελεσάρχου.
3358 1657 3516 1712 Ὅθεν
3571 1656 3663 1708 οὐκ
3703 1654 3754 1707 ἄν

2208 1770 2292 1818 τις
2352 1753 2594 1822 ἁμάρτοι
2651 1751 2752 1821 τὴν
2797 1748 3128 1820 ἱερωσύνην,
3181 1745 3481 1817 ἀγαπητοὶ,
3535 1743 3758 1814 δημιουρ-

2209 1845 2374 1916 γικὴν
2404 1844 2576 1898 εἰπὼν
2605 1843 2839 1915 δύναμιν
2864 1841 2958 1896 τοῦ
3009 1838 3170 1904 Θεοῦ,
3206 1840 3238 1911 ἢ
3282 1840 3588 1909 ἐπιστήμην
3609 1835 3755 1897 θείαν,

2207 1937 2363 2001 τέλος
2381 1936 2615 2007 ἔχουσαν
2649 1934 2712 1989 τὸ
2746 1933 2832 1988 διά
2854 1951 3018 1986 τινων
3056 1931 3353 2000 συμϐόλων
3388 1930 3571 2000 ὥσπερ
3618 1928 3757 2001 ὀργά-

2216 2049 2348 2094 νων,
2381 2029 2508 2084 θεὸν
2543 2030 2645 2100 μὲν
2679 2028 2825 2082 κατά
2857 2027 3022 2098 χάριν
3047 2025 3140 2079 τὸν
3192 2025 3482 2096 ἄνθρωπον
3541 2021 3757 2092 ἀπεργά-

2209 2121 2401 2185 ζεσθαι
2452 2119 2550 2173 καὶ
2580 2119 2911 2190 σύμμορφον
2963 2117 3064 2186 τῆς
3098 2115 3311 2179 εἰκόνος
3350 2115 3444 2168 τοῦ
3497 2112 3630 2168 κατά
3674 2110 3757 2180 φύ-

2209 2232 2295 2268 σιν
2329 2211 2458 2267 Υἱοῦ
2512 2211 2609 2266 τοῦ
2643 2211 2803 2274 Θεοῦ,
2843 2210 2936 2262 τὸν
2971 2208 3018 2263 δ’
3071 2209 3237 2278 ἄρτον
3300 2207 3395 2261 καὶ
3443 2201 3579 2260 οἶνον
3631 2203 3758 2258 ὕδατι

2206 2305 2654 2375 κεκερασμένον,
2687 2303 2768 2365 εἱς
2793 2302 2955 2372 σῶμα
2989 2301 3084 2354 καὶ
3127 2293 3273 2369 αἷμα
3321 2297 3664 2370 μεταϐάλλειν
3679 2295 3756 2347 Δε-

2207 2398 2491 2462 σποτικὸν,
2517 2398 2613 2450 καὶ
2656 2398 2784 2459 τοὺς
2832 2393 3310 2462 ἀναγεννηοέντας
3358 2392 3665 2463 ἀνθρώπους
3689 2385 3757 2440 διὰ

2209 2490 2594 2562 βαπτίσματος
2628 2487 3022 2559 προσαρμόσαι
3065 2486 3140 2548 ὡς
3175 2485 3316 2556 μέλη
3377 2486 3443 2556 τῇ
3479 2482 3675 2552 κεφαλῇ
3698 2475 3757 2548 τῷ

2203 2584 2451 2656 Χριστῷ.
2493 2582 2658 2636 Ὀθεν
2687 2581 2924 2648 ἐπείπερ
2950 2579 3128 2642 οὐδεὶς
3157 2577 3272 2632 τῶν
3303 2579 3405 2648 τῆς
3439 2575 3634 2644 σαρκὸς
3689 2570 3758 2626 δε-

2203 2677 2382 2746 σμίων
2430 2675 2504 2739 ὡς
2553 2673 2772 2744 ἀληθῶς
2821 2672 2973 2736 ἄξιος
3029 2671 3319 2741 οἰκονόμος
3376 2670 3483 2724 τῶν
3534 2666 3760 2722 τοιούτων

2202 2769 2504 2839 ὑπερφυῶν
2564 2764 2884 2838 μυστηρίων
2934 2765 3001 2818 ἂν
3053 2763 3352 2835 εὑρεθείη⁸
3405 2764 3496 2816 καὶ
3545 2764 3644 2830 γὰρ
3681 2761 3758 2811 καί

2200 2865 2316 2926 τοῖς
2370 2859 2627 2929 ἀγγέλοις
2679 2856 2866 2922 αὐτοῖς
2923 2857 3238 2927 ἐπιθυμητὰ
3302 2857 3373 2910 τά
3421 2854 3634 2910 τοιαῦτα
3680 2851 3756 2904 καὶ

2203 2953 2410 3024 φρικτά
2446 2953 2804 3021 καθεστήκει,
2836 2950 2936 3020 τῆς
2969 2949 3101 3018 γοῦν
3149 2949 3516 3022 ἐνδεχομένης
3551 2942 3755 3011 καθαρό-

2197 3063 2362 3116 τητος
2396 3046 2510 3106 τοῖς
2541 3042 2862 3110 ἀνθρώποις
2898 3042 3277 3109 καταφρονεῖν
3315 3058 3376 3093 τε
3417 3039 3514 3096 καὶ
3542 3032 3754 3091 ἀναὸάλ·

2200 3136 2417 3199 λεσθαι,
2445 3135 2541 3186 καὶ
2587 3133 2661 3205 μὴ
2695 3132 2950 3186 σπεύδειν
2979 3134 3078 3202 ὅση
3126 3131 3367 3202 δύναμις
3409 3131 3508 3200 τὴν
3545 3128 3628 3182 ἐπὶ
3669 3123 3757 3193 γῆς

509 3223 643 3278 illud
678 3223 1028 3282 Hebraeorum
1059 3229 1424 3286 sacerdotium
1482 3230 1653 3300 figura
1686 3239 1805 3287 erat
1835 3242 1889 3287 et
1918 3231 2095 3301 imago

2203 3227 2298 3283 τοῦ
2326 3227 2581 3298 Σωτῆρος
2621 3225 2905 3288 πολιτείας
2934 3223 3254 3295 μιμεῖσθαι,
3299 3225 3498 3290 πολλῆς
3529 3223 3756 3318 ἀγνωμοῗ

508 3319 684 3373 nostri
719 3318 887 3388 hujus
933 3319 1182 3377 sublimis
1214 3332 1380 3394 atque
1409 3324 1690 3390 ccclestis;
1739 3325 2097 3396 sanguinibus

508 3411 653 3465 enim
711 3424 767 3466 et
821 3414 1135 3468 animalium
1191 3425 1399 3470 tantum
1477 3416 1846 3473 occisionibus
1900 3417 2098 3474 licebat

508 3503 609 3570 illi,
643 3519 748 3559 non
794 3506 1012 3570 animae,
1061 3508 1155 3562 sed
1189 3511 1438 3579 corporis
1482 3513 1726 3567 maculas
1757 3523 1812 3567 et
1844 3513 2098 3583 inquina-

508 3605 685 3650 menta
715 3610 966 3666 purgare.
1006 3596 1078 3654 Ut
1121 3601 1264 3656 enim
1299 3616 1408 3656 uno
1451 3604 1615 3658 verbo
1665 3604 1866 3672 dicam,
1912 3605 2093 3659 omnia

506 3703 628 3756 quae
658 3701 754 3756 per
783 3687 918 3744 illud
966 3689 1190 3759 ﬁebant,
1225 3691 1417 3747 umbra
1454 3704 1632 3761 erant,
1667 3705 1726 3751 ut
1773 3697 1992 3752 divinus
2019 3698 2096 3751 ait

504 3780 804 3848 Apostolus
841 3782 910 3849 ⁸³,
964 3781 1270 3838 futurorum
1320 3784 1610 3850 bonorum,
1673 3787 1875 3843 nostris
1931 3789 2094 3843 rebus

508 3881 662 3926 tanto
695 3873 945 3938 inferior,
977 3884 1239 3944 quantum
1292 3876 1449 3932 abest
1501 3893 1530 3931 a
1579 3878 1722 3934 coelo
1765 3887 1930 3934 terra.
1965 3878 2094 3934 Ideo

505 3978 604 4031 pro
660 3964 836 4019 nostri
897 3979 1196 4037 eorumque
1256 3969 1549 4046 sacerdotii
1586 3973 1926 4037 diversitate,
1965 3985 2091 4025 eum

504 4056 824 4110 sacerdotes
856 4055 986 4110 item
1017 4057 1188 4111 nostri
1223 4067 1278 4112 et
1329 4059 1547 4115 illorum
1581 4076 1676 4129 pro
1698 4073 1813 4116 rata
1845 4064 2094 4130 portione

503 4147 762 4202 differant
787 4149 1069 4219 (quantum
1095 4160 1240 4208 certe
1264 4152 1330 4208 ab
1351 4154 1557 4226 angelis
1577 4156 1827 4211 homines
1845 4155 2089 4221 absunt),

505 4251 688 4296 tamen
722 4240 910 4297 Nadab
944 4243 1163 4312 quidam
1191 4252 1246 4300 et
1273 4247 1446 4301 Abiud
1479 4247 1597 4314 ﬁlii,
1625 4247 1881 4314 Aaronis,
1909 4263 2094 4303 sacer-

507 4332 795 4402 dotesque,
829 4347 948 4388 cum
974 4335 1244 4390 nefarium
1282 4338 1557 4407 quoddam
1591 4355 1729 4409 opus
1781 4348 2092 4410 perpetras-

506 4434 650 4489 sent,
684 4425 806 4493 igne
864 4425 1041 4481 alieno
1073 4429 1292 4485 adolere
1329 4433 1456 4485 thus
1523 4429 1630 4485 Deo
1687 4431 1950 4502 aggressi,
1977 4430 2093 4488 vio-

2201 3320 2369 3389 σύνης
2397 3318 2463 3373 ἂν
2492 3319 2578 3389 εἴη
2597 3317 2696 3371 καὶ
2720 3317 2830 3370 τῶν
2857 3317 3021 3370 θείων
3045 3317 3540 3388 καταφρονήσεως,
3569 3312 3656 3366 καὶ
3683 3307 3755 3363 διὰ

2195 3413 2358 3467 τοῦτο
2383 3412 2666 3475 κολάσεως
2694 3409 2848 3476 ἀξιον
2871 3411 3176 3480 ἀφορήτου.
3214 3401 3288 3482 ’ῼ
3317 3411 3424 3480 γὰρ
3448 3407 3598 3475 ἐδόθη
3619 3401 3754 3463 πολὺ,

2197 3505 2338 3559 πολὺ
2405 3505 2505 3558 καὶ
2548 3503 3020 3575 ἀπαιτηθήσεται.
3071 3503 3272 3558 Καίτοι
3305 3502 3473 3575 ἡτῶν
3517 3494 3754 3566 Ἐϐραίων

2199 3597 2368 3652 πάλαι
2428 3595 2703 3668 ἱερωσύνη
2761 3595 2932 3659 τύπος
3011 3594 3230 3667 ὑπῆρχε
3285 3597 3380 3651 καὶ
3417 3594 3640 3662 ῐνδαλμα
3675 3587 3755 3654 τῆς

2196 3692 2320 3748 καθ’
2347 3695 2498 3764 ἡμᾶς
2530 3691 2739 3760 ταύτης
2762 3691 2975 3762 ὑψηλῆς
2999 3709 3058 3744 τε
3090 3692 3186 3745 κοιλ⁵
3218 3693 3478 3764 οὐρανίου
3498 3706 3513 3720 ⁸
3542 3687 3632 3744 καὶ
3665 3685 3754 3752 γὰρ

2196 3787 2394 3857 αἵμασι
2451 3786 2546 3839 καὶ
2611 3786 2854 3853 σφαγαῖς
2918 3784 3084 3856 μόνον
3160 3785 3320 3850 ζώων
3399 3784 3606 3853 ἀλόγων
3649 3776 3755 3844 ἐξῆν

2193 3880 2368 3953 ταύτῃ
2399 3879 2688 3946 καθαίρειν
2734 3880 2794 3932 οὐ
2841 3878 2943 3948 τῆς
2972 3879 3176 3949 ψυχῆς,
3215 3880 3357 3933 ἀλλὰ
3390 3879 3483 3933 τοῦ
3529 3875 3756 3944 σώματος

2197 3973 2512 4044 μολυσμοῦς
2538 3973 2632 4027 καὶ
2673 3971 2921 4041 κηλῖδας.
2963 3973 3073 4025 Καὶ
3107 3971 3182 4034 ὡς
3213 3971 3349 4028 ἔπος
3384 3972 3575 4033 εἰπεῖν,
3601 3966 3756 4019 πάντα

2195 4064 2264 4118 τά
2286 4063 2588 4133 τελούμενα
2631 4063 2700 4116 δι’
2727 4063 2903 4130 αὐτῆς
2936 4065 3100 4117 σκιὰν
3149 4057 3291 4134 εἶχε,
3316 4063 3461 4118 κατά
3504 4061 3590 4114 τὸν
3633 4057 3754 4109 θεῖον

2209 4157 2556 4220 Ἀπόστολον,
2592 4158 2702 4210 τῶν
2750 4155 3055 4227 μελλόντων
3098 4156 3328 4224 ἀγαθῶν
3375 4153 3627 4209 τοσοῦτον
3663 4145 3756 4200 τῶν

2197 4247 2486 4318 ἡμετέρων
2519 4247 2833 4314 ἐνδέουσαν,
2871 4245 3071 4300 ὁπόσον
3102 4247 3170 4318 γῆ
3207 4248 3352 4318 πρὸς
3406 4248 3497 4300 τὸν
3527 4239 3752 4312 οὐρανόν.

2193 4341 2305 4396 Καὶ
2325 4340 2413 4394 διὰ
2435 4340 2595 4394 τοῦτο
2617 4339 2754 4412 πρὸς
2775 4341 2835 4394 τὸ
2850 4340 3110 4409 διάφορον
3127 4341 3226 4409 τῆς
3250 4341 3412 4411 ημῶν
3433 4358 3489 4394 τε
3511 4335 3756 4392 κάκείνων

2196 4433 2502 4504 ἱερωσύνης
2540 4433 2648 4488 τῶν
2677 4434 2871 4504 ἱερέων
2899 4432 3057 4503 ἡμῶν
3087 4449 3148 4485 τε
3187 4436 3470 4486 κάκείνων
3499 4427 3754 4493 ἀναλόγως

503 4516 630 4574 lata:
657 4517 792 4595 legis
822 4534 1012 4588 pcenas
1041 4522 1250 4593 absque
1276 4537 1427 4577 mora
1463 4521 1771 4589 luerunt",
1805 4525 1872 4578 ab
1900 4525 2089 4580 eodem

2201 4526 2566 4596 διαφερόντων
2608 4525 2780 4596 ἤγουν
2809 4525 2935 4578 ὅσον
2988 4523 3242 4592 ἀγγέλων
3288 4524 3586 4595 ἄνθρωποι,
3626 4519 3756 4586 ὅμως

505 4610 628 4678 igne
682 4610 831 4665 illico
869 4614 1174 4679 combusti;
1209 4614 1408 4684 quibus
1445 4629 1548 4668 nec
1589 4623 1743 4685 pater
1774 4617 1955 4670 Aaron
1988 4633 2086 4687 po-

2201 4617 2385 4674 Ναδάϐ
2414 4634 2498 4680 τις
2527 4619 2621 4672 καὶ
2657 4617 2873 4672 Ἀϐιοὺδ
2902 4618 3013 4670 υἱοὶ
3057 4616 3272 4690 Ἀαρὼν
3295 4617 3450 4679 ὄντες
3475 4614 3566 4669 καὶ
3589 4610 3754 4681 ἱερεῖς.

505 4702 608 4757 tnit
649 4703 926 4770 opitulari.
986 4703 1127 4771 Quid
1189 4721 1320 4761 vero
1376 4721 1514 4776 opus
1568 4717 1654 4762 est
1714 4707 1963 4777 pluribus
2006 4711 2088 4774 ",

2201 4711 2433 4780 Ξιθεσμόν
2456 4695 2526 4765 τί
2547 4727 2678 4764 ποτε
2714 4711 3160 4781 διαπεπραχότες
3195 4709 3494 4782 (ἀλλοτρίῳ
3521 4707 3622 4775 γὰρ
3639 4698 3758 4768 πυρὶ

503 4797 722 4866 quando
761 4807 815 4852 et
866 4799 980 4868 ipse
1035 4801 1216 4856 Aaron
1255 4816 1285 4854 a
1344 4800 1454 4856 Deo
1510 4800 1735 4866 electus,
1771 4811 1827 4857 et
1880 4800 2088 4871 primus

2201 4803 2391 4873 ῢυμιᾷν
2416 4803 2741 4872 ἐπεχείρουν
2757 4803 3099 4871 παρανόμως
3121 4800 3263 4872 Θεῷ)
3283 4818 3436 4870 παρα
3447 4798 3602 4858 πόδας
3620 4794 3757 4851 δίκας

505 4890 647 4958 apud
681 4890 802 4945 illos
839 4891 1106 4959 pontifex,
1134 4893 1276 4962 apud
1311 4888 1480 4947 Deum
1509 4907 1640 4948 vero
1667 4894 1943 4950 secundus
1968 4904 2089 4964 post

2201 4899 2292 4968 τῆς
2343 4895 2696 4968 παρανομίας
2756 4895 3206 4966 είσπράττονται,
3246 4895 3630 4968 παρανάλωμα
3673 4883 3754 4939 τοῦ

504 4981 765 5052 Moysem,
801 4998 921 5039 cum
957 4985 1147 5039 leviter
1184 4984 1349 5039 Deum
1384 4983 1730 5050 offendisset,
1759 4987 2085 5041 miserabili-

503 5085 586 5129 ter
647 5077 754 5130 vita
810 5077 1056 5145 privatus
1115 5087 1221 5140 est,
1276 5091 1377 5130 nec
1429 5076 1597 5131 fratre
1629 5077 1847 5144 quidem
1899 5077 2082 5150 Moyse

501 5166 650 5220 itlum
703 5181 734 5221 e
786 5167 1052 5238 supplicio
1115 5167 1350 5223 liberare
1381 5169 1708 5224 valente"?
1759 5170 1897 5237 Quid
1951 5187 2083 5226 vero

501 5257 698 5314 deinde
732 5256 846 5312 Heli
899 5258 1198 5315 sacerdos?
1231 5259 1383 5313 Licet
1425 5261 1514 5316 ille
1557 5262 1732 5318 bonus
1762 5263 1813 5318 in
1845 5279 1902 5321 se
1936 5273 2085 5320 esset

497 5357 552 5401 et
581 5349 1103 5418 irreprehensibilis,
1139 5360 1361 5421 propter
1391 5354 1562 5408 solam
1601 5370 1820 5410 suorum
1846 5357 2083 5412 ﬁliorum

499 5440 843 5512 iniquitatem
921 5442 1043 5496 diro
1133 5445 1324 5501 mortis
1390 5461 1588 5517 genere
1642 5449 1807 5503 vitam
1874 5449 2081 5514 finivit;

499 5542 662 5604 atque
698 5541 850 5589 certe
888 5534 1006 5589 illos
1035 5535 1216 5591 verbis
1268 5554 1411 5609 saepe
1463 5529 1824 5613 corripuerat,
1861 5545 2081 5600 tametsi

499 5640 605 5681 non
661 5639 851 5680 severe
901 5637 955 5681 et
984 5629 1245 5699 graviter,
1285 5641 1342 5685 ut
1391 5644 1728 5703 oportuerat,
1761 5637 2078 5706 castigarat.

500 5716 556 5771 Si
618 5717 782 5787 igitur
834 5717 1214 5791 delinquentes
1261 5724 1335 5779 illi
1394 5729 1487 5795 qui
1549 5727 1650 5782 sub
1701 5727 1836 5798 legis
1887 5729 2077 5784 umbra

511 5979 518 5983 ἢ
572 5900 616 5933 ⁸³
687 5897 902 5959 Coloss.
940 5921 998 5969 tt,
1044 5905 1124 5960 l7.
1230 5909 1272 5942 “
1306 5907 1479 5967 Levit.
1514 5929 1564 5978 χ,
1600 5913 1615 5964 ι
1648 5928 1800 5984 seqq.

1882 5912 1924 5944 "
1949 5909 2112 5968 Num.
2137 5929 2228 5981 xx,

2189 4991 2362 5058 πυρὸς
2394 4989 2606 5043 ἐκείνου
2655 4988 2946 5056 γεγονότες
2997 4987 3218 5060 ἀθρόον,
3251 4992 3349 5044 καὶ
3393 4989 3508 5043 οὐδ’
3566 4980 3795 5052 Ἀαρὼντ

2187 5083 2395 5154 ἤρκεσε
2427 5082 2565 5150 πρὸς
2623 5082 2906 5152 σωτηρίαν
2960 5082 3149 5146 αὐτοῖς
3202 5083 3229 5133 ὁ
3279 5082 3489 5156 πατήρ.
3534 5075 3686 5133 Ἀλλὰ
3713 5067 3756 5122 τί

2183 5175 2290 5246 χρὴ
2319 5177 2447 5247 περὶ
2473 5175 2681 5230 τούτων
2708 5175 2911 5242 λέγειν,
2939 5171 3074 5229 ὅπου
3103 5193 3166 5242 γε
3199 5177 3297 5228 καὶ
3331 5174 3546 5244 Ἀαρὼν
3591 5166 3756 5227 αὐτὸς.

2185 5267 2214 5320 δ
2251 5267 2534 5337 θεόκριτος
2577 5267 2674 5321 καὶ
2723 5267 2941 5336 πρῶτος
2964 5265 3096 5337 παρ’
3114 5266 3344 5329 ἐκείνοις
3376 5261 3689 5336 ἀρχιερεύς’
3731 5253 3755 5305 ὃ

2183 5360 2295 5429 γὰρ
2331 5359 2610 5422 Μωῦσέως
2649 5360 2799 5430 παρὰ
2844 5357 2964 5429 Θεῷ
2987 5359 3278 5426 δεύτεροςο
3317 5357 3519 5429 μικρόν
3554 5373 3604 5408 τι
3640 5366 3755 5418 προ·

2195 5451 2547 5525 σκεκρουκὼς
2573 5453 2651 5523 τῷ
2687 5453 2805 5523 Θεῷ
2836 5453 2934 5522 τῆς
2958 5453 3103 5521 ζωῆς
3139 5452 3395 5515 ἐλεεινῶς
3427 5448 3754 5522 ἀπορρήγνυ-

2191 5561 2305 5609 ται,
2359 5545 2499 5615 μηδὲ
2559 5545 2808 5609 Μωσέως
2872 5544 2971 5598 τοῦ
3026 5543 3263 5613 ἁδελφοῦ
3314 5544 3632 5613 δυνηθέντος
3684 5533 3754 5597 έξ⁴

2192 5637 2416 5690 ελέσθαι
2473 5638 2666 5692 τοῦτον
2733 5640 2832 5707 τῆς
2867 5638 3142 5708 τιμωρίας
3181 5655 3197 5700 ;
3235 5637 3302 5690 Τί
3338 5637 3395 5690 δὲ
3437 5634 3580 5690 Ἠλεὶ
3632 5624 3753 5694 μετᾶ

2187 5729 2364 5784 ταῦτα
2382 5731 2411 5784 ὁ
2446 5730 2628 5801 ἱερεύς
2651 5747 2665 5796 ;
2697 5730 2878 5786 καίτοι
2918 5729 3042 5784 καθ’
3068 5730 3260 5784 ἑαυτὸν
3285 5731 3492 5799 ἀγαθὸς
3511 5726 3752 5797 ὑπάρχων

2305 5915 2372 5972 2-4
2396 5931 2549 5988 seqq.
2631 5917 2673 5950 "
2711 5916 2730 5971 l
2768 5913 2899 5986 Reg.
2936 5933 3122 5983 mur,
3161 5916 3180 5970 l
3215 5927 3370 5983 seqq.
