4016 6478
324 382 428 450 3H

1691 380 2066 445 EPISTOLA
2097 383 2127 445 Ι
2133 381 2219 445 II:

3517 378 3630 443 342

326 502 424 556 καὶ
444 500 764 573 ἄμεμπτος,
806 496 896 554 διὰ
937 497 1035 571 τὴν
1079 498 1190 554 τῶν
1223 497 1436 554 παίδων
1481 498 1645 570 μόνον
1685 517 1931 571 παρανο-

2038 508 2209 566 erant,
2238 510 2291 556 et
2319 498 2601 555 hominum
2628 496 2811 553 adhuc
2840 497 3073 569 spiritali
3133 506 3294 554 aetate
3332 496 3625 553 infantium

334 591 465 664 μίαν
494 590 659 662 δεινῷ
690 591 913 664 θανάτῳ
944 590 1319 664 καταστρέφει
1350 592 1443 665 τὸν
1475 590 1591 663 βίον
1615 608 1631 623 ·
1678 593 1921 663 καίτοιγε

337 681 598 745 πολλάκις
625 680 817 750 λόγοις
843 681 1131 752 ἐπιτιμίας
1154 680 1267 735 τῶν
1294 680 1504 736 παίδων
1540 679 1852 752 ἁπτόμενος
1876 682 1926 735 εί

344 774 443 827 καὶ⁸
480 771 551 844 μὴ
577 771 831 843 σφοδρῶς
862 771 956 826 καὶ
994 773 1071 835 ὡς
1108 772 1278 843 ἐχρῆν
1310 772 1685 844 ἐπιπλήττων.
1722 772 1786 826 Εί
1831 766 1926 827 οὖν

352 866 577 929 ἐκείνοις
598 868 670 938 τῇ
725 867 859 939 σκιᾷ
902 865 1405 940 παρακαθημένοις
1458 866 1554 922 τοῦ
1596 867 1791 939 νόμου,
1832 866 1928 921 καὶ

345 957 550 1027 νηπίων
574 956 676 1027 τὴν
700 957 1090 1029 πνευματικὴν
1119 959 1344 1029 ἠλικίαν
1375 957 1724 1023 διδασκάλοις
1752 957 1930 1029 ὑπάρ-

338 1064 497 1120 χουσι
525 1050 623 1104 καὶ
646 1054 1057 1122 μυσταγωγοῖς,
1085 1051 1316 1107 τοιαῦτα
1348 1051 1564 1121 φοϐερὰ
1594 1052 1692 1106 καὶ
1720 1051 1931 1106 ἀναπό-

334 1142 546 1213 δραστα
579 1143 966 1216 παρανομοῦσι
1014 1144 1085 1200 τὰ
1130 1145 1415 1215 ἐπιτίμια.
1470 1146 1633 1200 ὁποῖα
1672 1142 1739 1199 ἂν
1793 1139 1927 1207 εἷεν,

334 1233 639 1302 ἀγαπητοὶ,
661 1238 775 1299 τοῖς
810 1235 1222 1307 τελεσιουργοῖς
1254 1235 1364 1289 τῶν
1392 1236 1695 1307 ὑπερφυῶν
1723 1253 1934 1305 μυστη-

338 1325 500 1396 ρίων,
536 1328 632 1380 καὶ
666 1329 780 1394 τοῖς
825 1328 1079 1398 ἀγγέλων
1139 1330 1614 1402 συλλειτουργοῖς,
1651 1331 1750 1384 καὶ
1790 1330 1929 1383 Θεοῦ

335 1420 650 1488 συνεργοῖς,
681 1422 775 1474 καὶ
802 1421 883 1492 τῷ
919 1421 1021 1493 τῆς
1051 1420 1335 1487 υἱοθεσίας
1379 1421 1658 1493 πνεύματι
1690 1421 1934 1486 τελείους

327 1509 440 1583 τὴν
496 1513 640 1565 κατά
671 1514 914 1586 Χριστὸν
973 1515 1195 1586 ἡλικίαν
1257 1516 1615 1572 ἀναδείκνυσι
1661 1516 1791 1580 τοὺς
1840 1514 1933 1571 ὑπ’

332 1600 523 1654 αὐτῶν
556 1602 946 1675 τελουμένους,
979 1606 1055 1678 μὴ
1086 1607 1150 1662 τὸ
1183 1607 1449 1680 θεουργὸν
1478 1608 1583 1678 τῆς
1625 1608 1933 1680 ἱερωσύνης

328 1692 548 1762 χρίσμα
586 1698 818 1768 τηροῦσι
863 1699 1107 1771 καθαρὸν
1151 1703 1247 1757 καὶ
1293 1700 1592 1771 ἀκίϐδηλον
1619 1702 1697 1767 ὡς
1752 1701 1886 1772 ἐνῆν
1915 1744 1931 1769 ,

330 1782 507 1840 Ὅσον
563 1788 671 1862 γὰρ
725 1792 787 1845 τὸ
844 1792 1110 1865 διάφορον
1163 1796 1287 1849 κατ’
1337 1795 1500 1864 ἀξίαν
1544 1795 1649 1866 τῆς
1697 1796 1934 1866 νομικῆς

2030 593 2281 666 magistri
2314 603 2369 649 et
2404 604 2797 663 praeceptores,
2829 600 2940 646 tam
2972 590 3262 647 horrendis
3294 591 3626 646 inevitabili-

2028 688 2242 758 busque
2274 686 2450 757 poenis
2492 684 2700 739 multati
2737 693 2883 751 sunt,
2916 700 3039 754 quae
3073 683 3314 749 tandem,
3339 700 3372 738 ο
3406 683 3620 749 dilecti,

2032 783 2258 831 manent
2298 773 2565 844 supplicia
2598 773 3101 841 supernatet-alium
3148 783 3628 828 sacramentorum

2033 866 2344 934 ministros,
2369 866 2690 939 angelorum
2721 880 3043 932 conservos,
3076 863 3174 922 Dei
3210 876 3628 937 cooperatores,

2032 959 2237 1030 quique
2264 973 2357 1014 eos
2384 973 2526 1029 quos
2571 958 2849 1033 mysteriis
2900 956 3145 1019 initiant,
3188 971 3284 1025 per
3315 956 3628 1026 adoptionis

2032 1050 2285 1121 spiritum
2331 1048 2608 1119 perfectos
2645 1048 2948 1104 secundum
3002 1047 3207 1104 Christi
3252 1056 3467 1104 aatatem
3516 1047 3629 1105 efﬁ—

2034 1143 2210 1206 ciunt,
2261 1142 2369 1197 nisi
2427 1142 2678 1197 deitieam
2732 1142 2879 1197 illam
2931 1141 3229 1199 sacerdotii
3282 1142 3628 1207 unctionem,

2036 1246 2301 1308 quantum
2337 1235 2452 1292 ﬁeri
2484 1243 2666 1306 potest
2698 1251 2891 1306 puram
2933 1245 2989 1290 et.
3022 1235 3399 1306 incorruptam
3446 1249 3628 1290 serva-

2042 1329 2262 1386 verint?
2293 1328 2508 1397 Quanta
2536 1338 2624 1386 est
2652 1317 2797 1384 enim
2831 1328 3018 1399 legalis
3040 1337 3094 1383 et
3123 1329 3421 1385 Christiani
3450 1343 3627 1386 sacer-

2036 1423 2169 1478 dotii
2204 1421 2539 1487 diﬂ‘erentia,
2585 1430 2736 1478 tanta
2785 1422 2841 1477 in
2880 1431 3113 1490 utroque
3149 1420 3275 1477 vita:
3324 1419 3533 1491 punitas
3577 1428 3629 1475 et

2037 1513 2370 1570 excellentia
2406 1515 2762 1584 proportione
2797 1514 3140 1583 respondens
3182 1513 3451 1585 exigetur.
3500 1511 3630 1567 Ideo

2038 1615 2093 1663 et
2124 1606 2375 1663 Salvator
2406 1614 2592 1661 uoster
2623 1606 2841 1663 dicebat
2872 1624 2886 1661 :
2928 1607 3047 1661 Nisi
3084 1605 3433 1661 abundaverit
3462 1604 3630 1675 justi-

2040 1702 2115 1757 tia
2168 1710 2340 1757 vestra
2382 1682 2671 1771 plusquam~
2720 1699 3033 1756 Scribarum
3087 1711 3136 1755 et
3208 1697 3631 1767 Pharisirorum,

2041 1813 2146 1851 non
2169 1795 2441 1850 intrabitis
2470 1796 2527 1851 in
2572 1812 2791 1866 regnum
2814 1796 3063 1850 caelorum
3096 1794 3165 1849 ⁸⁷.

330 1880 640 1954 ἱερωσύνης
665 1886 802 1957 πρὸς
826 1888 922 1960 τὴν
947 1890 1371 1961 κατὰΧριστδν,
1402 1892 1663 1949 τοσοῦτον
1685 1893 1719 1965 ἡ
1745 1892 2063 1965 καθαρότης
2092 1909 2153 1946 τε
2201 1892 2298 1946 καί
2333 1891 2597 1963 ἀκρίϐεια
2665 1890 2759 1946 τοῦ
2830 1891 2948 1961 βίου
3022 1894 3086 1946 ὲν
3131 1892 3418 1961 ἑκατέροις
3491 1890 3632 1946 ἀνα·

330 1975 512 2044 λόγως
529 1976 992 2050 ἀπαιτηθήσεται.
1018 1984 1111 2039 Διδ
1133 1985 1231 2039 καὶ
1256 1988 1286 2035 ό
1310 1985 1506 2059 Σωτὴρ
1525 1987 1689 2059 ἡμῶν
1706 1987 1896 2055 ἔλεγεν
1913 2001 1926 2015 ⁸
1977 1984 2124 2042 Ἐὰν
2164 1984 2253 2055 μὴ
2330 1983 2721 2055 περισσεύσῃ
2794 1982 3160 2053 δικαιοσύνη
3215 1981 3386 2054 ὑμῶν
3439 1982 3633 2039 πλέον

330 2069 455 2125 τῶν
480 2074 893 2144 Γραμματέων
913 2080 1011 2135 καί
1027 2083 1396 2151 Φαρισαίων,
1440 2084 1515 2139 οὐ
1531 2084 1619 2155 μὴ
1637 2083 1956 2155 εἰσέλθητε
1993 2084 2084 2150 είς
2105 2081 2224 2151 τὴν
2247 2082 2583 2147 ,βασιλείαν
2620 2079 2742 2135 τῶν
2770 2077 3071 2148 οὐρανῶν.

406 2160 478 2229 η’.
504 2164 605 2218 Διά
638 2165 800 2221 τοῦτο
835 2173 1192 2242 προσεκτέον,
1220 2174 1516 2245 ἀγαπητοὶ,
1543 2176 1640 2231 ³ιαὶ¹
1668 2175 1932 2248 τηρητέον

2121 2176 2175 2232 8.
2194 2174 2541 2247 Quapropter
2568 2182 2622 2227 ct
2655 2174 3058 2238 incumbamus,
3088 2188 3125 2226 ο
3150 2172 3358 2239 dilecti,
3389 2184 3445 2230 et
3472 2191 3632 2231 suum

329 2255 567 2313 ἕκαστον
597 2259 656 2314 τὸ
680 2262 876 2317 ἑαυτοῦ
903 2266 1121 2337 σκεῦος,
1147 2267 1223 2332 ὡς
1249 2269 1276 2321 ὀ
1305 2267 1448 2333 θεῖος
1481 2268 1694 2334 Παῦλός
1730 2286 1928 2340 φησιν,

332 2350 396 2404 ὲν
429 2350 706 2425 ἁγιασμῷ,
741 2357 944 2427 μᾶλλον
977 2359 1034 2414 δὲ
1060 2359 1122 2414 τὸ
1145 2361 1241 2416 τοῦ
1271 2360 1412 2415 Θεοῦ
1441 2363 1659 2427 σκεῦος.
1696 2363 1790 2435 Μὴ
1818 2362 1930 2436 γὰρ

331 2444 442 2497 οὐκ
479 2444 630 2500 ἐστιν
662 2449 695 2519 ὴ
735 2450 829 2503 τοῦ
866 2452 1060 2522 ἱερέως
1100 2453 1227 2526 χεὶρ
1279 2454 1404 2510 θεία
1433 2454 1594 2521 λασὶς
1642 2457 1928 2528 ἁπτομένη

330 2535 432 2590 τοῦ
463 2539 806 2594 Δεσποτικοῦ
833 2541 1123 2614 σώματος;
1153 2545 1224 2598 Ἣ
1263 2545 1340 2618 μὴ
1373 2547 1435 2601 τὸ
1471 2548 1648 2620 στόμα
1679 2549 1772 2602 καὶ
1807 2547 1931 2603 ὅλον

333 2629 399 2688 τδ
432 2631 590 2702 σῶμα
622 2633 883 2707 ποτῆριον
933 2636 1080 2710 ἱερὸν
1128 2640 1424 2712 δεχόμενον
1466 2643 1528 2696 τὸ
1557 2641 1654 2697 τοῦ
1688 2643 1930 2714 Χριστοῦ

338 2725 503 2796 σῶμα
529 2728 622 2780 καὶ
647 2723 811 2799 αἷμα,
840 2731 1023 2802 πολλῷ
1047 2734 1378 2808 τιμιώτερον
1408 2735 1517 2792 τῶν
1545 2734 1771 2808 ἀψύχων
1804 2736 1931 2790 τού-

335 2832 451 2869 των
499 2815 734 2873 λαόίδων
777 2823 873 2876 καὶ
907 2826 1222 2898 ποτηρίων;
1250 2826 1360 2900 ὅσῳ
1382 2828 1443 2883 τὸ
1464 2829 1599 2884 αὐτὸ
1614 2830 1707 2883 καὶ
1739 2829 1935 2893 σκεῦος

338 2909 435 2963 καὶ
468 2909 629 2979 μέλος
670 2914 734 2968 ὲκ
790 2915 993 2987 μέρους
1024 2918 1119 2972 τοῦ
1151 2919 1562 2992 ὑποδεχομένου
1596 2923 1690 2976 καὶ
1726 2925 1935 2977 Δεσπο-

336 3001 498 3056 τικοῦ
554 3004 807 3075 σώματος
840 3007 1089 3080 γίνεται;
1129 3011 1268 3067 Εἰπέ
1316 3031 1411 3085 μοι
1450 3010 1546 3070 οὖν
1578 3015 1719 3089 πρὸς
1758 3016 1929 3070 03εοῦ⁹

335 3094 408 3149 Et
434 3114 516 3161 τις
540 3098 608 3152 τά
638 3098 759 3171 Ξερά
780 3099 952 3158 ταῦτα
981 3103 1077 3158 καὶ
1106 3104 1240 3173 ἆγια
1264 3106 1461 3177 σκεύη,
1485 3106 1585 3178 τὴν
1610 3107 1764 3162 θείαν
1786 3108 1934 3179 λέγω

335 3184 532 3242 λαΰὶδα
566 3191 662 3245 καὶ
687 3190 750 3246 τὸ
771 3194 1035 3266 ποτήριον
1062 3194 1316 3271 τολμηρᾷ
1346 3199 1545 3274 γνώμῃ
1579 3201 1812 3269 μολύναι
1836 3202 1935 3256 καὶ

336 3279 547 3335 όπσοῦν
576 3283 983 3355 ἐπιχειρήσειεν
1011 3287 1329 3361 ἀκάθαρτόν
1343 3309 1394 3344 τι
1414 3291 1509 3344 καὶ
1535 3291 1734 3363 μιαρὸν
1746 3291 1935 3358 αὐτοῖς

334 3372 620 3444 ἱμὸαλὼν,
649 3377 751 3431 οὐκ
778 3377 848 3434 ἂν
885 3379 1143 3446 ἀσεϐείας
1171 3383 1269 3436 καὶ
1300 3383 1401 3454 τῆς
1425 3382 1666 3456 ἐσχάτης
1696 3400 1935 3455 παρανο-

342 3465 476 3538 μίας
498 3467 660 3523 αύτδν
692 3470 1082 3545 ἐγραψάμεθα,
1118 3474 1216 3528 καὶ
1245 3475 1459 3544 μυρίων
1489 3476 1741 3532 θανάτων
1775 3478 1933 3549 ἐκρί-

320 3576 516 3630 ιναμεν
584 3560 756 3628 ἄξιον,
791 3564 1079 3636 τολμηρῶς
1140 3566 1237 3621 καὶ
1296 3566 1479 3631 ἀθέως
1535 3567 1605 3623 τὰ
1662 3567 1937 3638 ἱερώτατα

344 3651 793 3725 καθυϐρίσαντας
838 3657 898 3712 '0
932 3658 992 3712 τὸ
1022 3658 1307 3723 θειότατον
1345 3660 1457 3727 ἀρα
1493 3660 1597 3734 τὴς
1628 3660 1938 3733 ἱερωσύνης

357 3744 563 3811 σκεῦος,
616 3749 679 3802 τὸ
730 3749 811 3822 τῷ
862 3749 991 3824 θείῳ
1052 3754 1480 3826 κεχρυσωμένον
1540 3755 1937 3826 Πνεύματι,τὸ

357 3836 533 3904 πολλῷ
556 3840 659 3895 τῶν
686 3843 912 3914 ἀψύχων
932 3845 1097 3914 ἱερῶν
1137 3846 1214 3911 ὡς
1243 3846 1465 3920 εἴρηται
1494 3846 1821 3920 τιμιώτερον
1858 3846 1936 3912 ὡς

350 3929 447 3983 καὶ
481 3931 714 4003 Χριστοῦ
774 3937 959 4006 μέλος,
993 3940 1376 4010 καταμιαίνων
1409 3940 1709 4012 μολυσμοίς
1741 3940 1934 3995 ἄλλοτε

343 4022 547 4094 ἄλλοις,
583 4027 756 4100 πόσης
788 4029 857 4083 ἂν
887 4031 973 4100 εἴη
1003 4032 1286 4098 κολάσεως
1317 4033 1501 4099 ἀξιος;
1546 4033 1659 4088 Καί
1692 4050 1776 4087 τοι
1808 4050 1874 4103 γε
1905 4035 1935 4087 ό

344 4114 491 4180 θεῖος
518 4118 819 4187 ἀπόστολος
848 4122 1064 4189 Παῦλος
1087 4124 1150 4178 ού
1188 4125 1352 4196 μόνον
1394 4125 1527 4199 περὶ
1558 4125 1668 4180 τῶν
1713 4124 1930 4198 ἱερέων,

342 4209 483 4264 ἁλλά
507 4215 634 4282 περὶ
659 4215 881 4270 πάντων
911 4217 1102 4283 ἁπλῶς
1136 4219 1356 4273 πιστῶν
1400 4219 1641 4274 τοιαῦτα
1676 4219 1933 4290 φοϐερῶς

342 4303 596 4358 ἀπειλείκ
642 4309 766 4363 Οὐκ
819 4308 1024 4364 οῖδατε
1058 4311 1190 4380 γὰρ,
1238 4310 1432 4383 φησὶν,
1490 4311 1583 4365 ὅτι
1632 4310 1781 4377 ναὸς
1824 4310 1934 4366 τοῦ

344 4394 498 4450 Θεοῦ
534 4397 710 4467 ἐστε,
768 4401 870 4455 καὶ
911 4401 979 4456 τὸ
1016 4404 1260 4473 Πνεῦμα
1306 4402 1414 4457 τοῦ
1463 4402 1615 4459 Θεοῦ
1661 4400 1823 4456 οίκεῖ
1864 4402 1935 4456 ἐν

342 4487 532 4557 ὑμῖν;
570 4491 640 4546 ΕΖ
668 4508 759 4560 τις
781 4492 891 4548 τὸν
915 4493 1069 4552 ναόν
1103 4496 1213 4565 τοῦ
1249 4496 1400 4577 Θεοῦ
1431 4496 1684 4566 φθείρει,
1729 4496 1943 4566 φθερεῖ

342 4584 567 4640 τοῦτον
595 4589 628 4641 ὀ
653 4589 819 4655 Θεός.
1606 4616 1611 4625 ‘

418 4676 446 4728 θ
459 4715 474 4730 .
489 4678 590 4732 Διά
601 4678 757 4733 τοῦτο
768 4681 870 4745 τὰς
886 4680 986 4752 μὲν
1003 4682 1289 4756 ἱερατικὰς
1308 4685 1518 4756 χεῖρας,
1540 4685 1693 4749 θείας
1710 4685 1934 4751 λαϐίδας

345 4769 407 4824 οὗ
418 4787 536 4837 σας,
553 4772 628 4835 ὡς
648 4772 885 4843 εἴρηται,
911 4775 1015 4845 χρὴ
1036 4775 1364 4847 καθαρεύειν
1385 4777 1568 4849 πάσης
1588 4778 1687 4847 μὲν
1699 4777 1931 4847 κλοπῆς,

2032 2270 2265 2343 quisque
2290 2284 2410 2335 vas,
2442 2276 2499 2324 ιιι
2527 2267 2602 2323 ait
2634 2267 2832 2323 beatus
2863 2265 3087 2333 Paulus,
3113 2267 3166 2322 in
3199 2267 3634 2325 sanctiﬁcatione

2032 2365 2251 2423 Studeat
2287 2377 2637 2428 conservare,
2669 2363 2780 2418 imo
2813 2362 2994 2432 potius
3031 2359 3125 2416 Dei
3162 2377 3259 2419 vas
3288 2362 3358 2416 ⁸⁸.
3392 2361 3477 2418 An
3502 2377 3635 2419 vero

2033 2457 2339 2518 sacerdotis
2364 2473 2561 2513 manus
2587 2473 2694 2511 non
2722 2467 2981 2512 estsacer
3011 2455 3234 2528 quidam
3276 2455 3493 2527 forceps
3522 2456 3634 2513 Do-

2032 2554 2296 2610 minicum
2315 2566 2517 2622 corpus
2536 2550 2890 2622 pertingens?
2914 2549 3105 2605 Nonne
3133 2565 3196 2607 os
3233 2559 3291 2607 et
3315 2558 3490 2607 totum
3514 2562 3634 2608 cor-

2032 2663 2141 2718 pus
2166 2655 2250 2704 est
2270 2646 2493 2716 quidam
2518 2659 2673 2701 sacer
2693 2643 2859 2709 calix,
2887 2643 3179 2700 continens
3205 2642 3407 2701 Christi
3432 2658 3634 2715 corpus

2033 2748 2087 2793 et
2112 2737 2456 2810 sanguinem,
2486 2737 2660 2792 multo
2684 2733 3061 2793 honorabilius
3083 2733 3217 2805 ipsis
3240 2733 3497 2792 inanimis
3510 2734 3635 2791 Ior-

2035 2832 2251 2901 cipibus
2284 2840 2341 2887 et
2372 2828 2610 2901 poculis,
2641 2844 2761 2884 cum
2805 2827 2946 2883 idem
2985 2834 3042 2882 et
3069 2842 3189 2896 vas,
3227 2836 3285 2885 et
3323 2827 3631 2883 membrum

2037 2925 2217 2995 aliqua
2246 2939 2315 2981 ex
2342 2934 2499 2995 parte
2526 2921 2763 2992 suscepti
2805 2921 3073 2977 Dominici
3101 2921 3350 2992 corporis
3376 2920 3509 2977 ﬁat?
3537 2918 3636 2979 Dic

2036 3033 2169 3090 ergo
2199 3016 2332 3073 mihi
2367 3031 2463 3087 per
2484 3014 2655 3071 Deum
2674 3055 2690 3081 ,
2720 3014 2766 3070 si
2796 3013 2920 3085 quis
2949 3022 3305 3070 sacrosancta
3337 3013 3455 3070 haec
3476 3028 3632 3080 vasa,

2037 3110 2304 3177 divinum,
2336 3109 2587 3182 inquam,
2622 3106 2888 3177 forcipem
2924 3106 3041 3179 (Ω)
3107 3116 3163 3164 et
3189 3106 3418 3163 calicem
3440 3107 3635 3163 audaci

2037 3205 2224 3260 animo
2278 3203 2713 3274 coinquinasset,
2757 3209 2815 3258 et
2864 3200 3139 3269 impuram
3174 3215 3290 3255 rem
3313 3199 3634 3271 quampiam

2039 3306 2207 3367 atque
2262 3296 2597 3350 immundam
2633 3306 2802 3348 ausus
2834 3291 3035 3348 fuisset
3078 3291 3133 3346 in
3175 3290 3265 3346 illa
3317 3290 3630 3357 infundere,

2038 3402 2219 3443 nonne
2251 3386 2398 3441 hunc
2426 3384 2723 3455 impietatis
2761 3384 3106 3454 extremique
3146 3382 3372 3440 sceleris
3405 3395 3636 3437 accusa-

2043 3495 2261 3547 rcmus,
2312 3480 2651 3551 dignumque
2679 3477 3077 3549 iudicaremus,
3108 3477 3200 3547 qui
3240 3475 3389 3531 mille
3436 3474 3634 3531 morti-

2040 3575 2146 3631 bus
2177 3573 2351 3629 lueret
2399 3586 2592 3643 poenas
2615 3570 2762 3642 quod
2791 3568 3096 3627 insolenter
3127 3579 3183 3627 et
3222 3569 3392 3640 impie
3430 3584 3519 3625 res
3543 3583 3634 3625 sa-

2041 3665 2381 3721 cratissimas
2413 3662 2710 3721 violasset?
2761 3663 2864 3731 Qui
2899 3678 3032 3733 ergo
3084 3662 3502 3718 sanctissimum
3545 3676 3632 3719 sa-

2041 3756 2269 3813 cerdotii
2310 3770 2426 3823 vas,
2467 3752 2614 3825 quod
2644 3763 2730 3811 est
2788 3764 2983 3809 sancto
3017 3753 3227 3823 Spiritu
3281 3754 3632 3817 deauratum,

2039 3848 2298 3919 quodque
2343 3847 2515 3902 multo
2544 3854 2630 3902 est
2662 3844 3063 3910 honorabilius,
3097 3845 3179 3900 uti
3225 3845 3488 3909 diximus,
3515 3846 3635 3900 lna-

2039 3940 2208 3997 nimis
2246 3939 2443 4002 sacris,
2474 3938 2677 4008 quippe
2715 3938 2863 4008 quod
2913 3948 3001 3993 est
3058 3936 3263 3994 Christi
3302 3937 3632 4000 membrum.

2038 4033 2207 4091 variis
2244 4033 2470 4088 maculis
2510 4032 2878 4101 diversimode
2911 4032 3186 4102 inquinat,
3216 4045 3327 4102 quo
3363 4030 3639 4101 supplicio

2038 4124 2237 4195 dignus
2279 4122 2421 4180 erit?
2463 4123 2634 4194 Atqui
2679 4132 2833 4181 certe
2882 4124 3074 4178 beatus
3106 4122 3386 4193 apostolus
3432 4120 3635 4177 Paulus

2036 4232 2148 4274 non
2174 4216 2353 4274 solum
2384 4216 2788 4284 sacerdmibus,
2825 4217 2917 4271 sed
2950 4214 3005 4270 in
3037 4215 3349 4270 universum
3377 4214 3636 4270 erunibus

2037 4310 2317 4377 ﬁdelibus,
2348 4310 2467 4365 haec
2512 4310 2702 4364 eadem
2735 4308 3163 4365 formidabiliter
3196 4309 3632 4364 intermittatur:

2038 4402 2275 4458 Nescitis
2306 4403 2472 4466 enim,
2503 4401 2605 4468 ait,
2633 4401 2774 4473 quod
2818 4401 2918 4456 Dei
2959 4394 3216 4471 templum
3259 4403 3413 4469 estis,
3438 4411 3485 4457 et
3516 4400 3638 4470 Spi-

2038 4496 2174 4550 ritus
2212 4493 2310 4550 Dei
2338 4494 2543 4550 habitat
2572 4494 2629 4549 in
2661 4493 2840 4549 vobis?
2866 4492 2930 4551 Si
2954 4495 3075 4565 quis
3105 4494 3362 4564 templum
3379 4492 3483 4548 Dei
3508 4509 3635 4549 cor-

2037 4589 2254 4656 rumpit,
2279 4594 2577 4659 corrumpet
2599 4588 2739 4641 hunc
2759 4586 2902 4642 Deus
2927 4587 2994 4640 ⁸⁸.

2112 4681 2168 4737 9.
2213 4677 2340 4735 Ideo
2388 4679 2761 4736 sacerdotales
2805 4694 3021 4746 manus,
3052 4693 3173 4745 quae
3216 4679 3360 4733 sacri
3399 4677 3637 4746 forcipes

2039 4782 2193 4838 sunt,
2229 4782 2287 4827 ut
2319 4773 2525 4827 dictum
2559 4782 2662 4838 est,
2697 4781 2918 4842 oportet
2970 4785 3136 4839 puras
3190 4784 3313 4826 esse
3365 4772 3434 4826 ab
3483 4771 3633 4826 omni

346 4865 530 4936 πάσης
560 4865 602 4919 δ’
634 4867 892 4939 ἁρπαγῆς
935 4868 1033 4922 καὶ
1078 4869 1400 4937 πλεονεξίας
1426 4883 1442 4898 ⁸
1484 4871 1621 4942 μηδὲ
1672 4870 1751 4941 τῷ
1778 4869 1932 4942 θυμῷ

2041 4864 2210 4931 furto,
2241 4865 2309 4921 ab
2349 4865 2496 4920 omni
2548 4863 2740 4934 rapina
2808 4864 3165 4933 improbaque
3211 4863 3507 4932 cupiditate
3539 4862 3636 4919 bo-

297 4958 379 5028 κ⁹ῆ
411 4959 480 5031 τῇ
512 4958 786 5032 ἐπιθυμίᾳ
835 4959 1382 5033 ἐξυπηρετουμένας,
1433 4962 1626 5026 κακῶς
1663 4962 1932 5017 ἅπτεσθαι

2047 4974 2239 5014 norttm
2269 4958 2597 5025 alienorum,
2634 4973 2810 5028 neque
2854 4957 3218 5013 iuservientes
3250 4957 3372 5026 irin,
3406 4963 3501 5013 aut
3540 4957 3637 5013 de-

302 5092 357 5191 };
450 5167 472 5200 ⁷
498 5167 692 5225 Matth.
723 5186 778 5235 ν,
821 5168 915 5225 20.
991 5168 1084 5224 ⁸⁸1
1118 5167 1320 5227 Thess.
1350 5186 1424 5238 tv,
1449 5171 1504 5227 4.
1590 5167 1637 5201 ⁸³
1663 5166 1837 5225 lCor.
1862 5182 1943 5233 ιιι,
1976 5165 2065 5222 16.

443 5379 535 5464 42)
567 5378 893 5464 Foreipent._
915 5379 1152 5464 Utuntur
1188 5380 1366 5464 Graeci
1412 5381 1775 5464 instrumento
1801 5392 1939 5464 (ψο-
2034 5387 2246 5464 stemus
2276 5379 3044 5464 ito‘yzhvltaneeolamjoeare
3087 5382 3351 5464 videtur,
3375 5378 3632 5464 Simmde

345 5453 471 5509 dam
500 5448 609 5508 tum
631 5454 698 5524 ad
719 5448 1088 5524 extrahendae
1109 5454 1326 5508 ecalice
1356 5451 1603 5524 corporis
1619 5449 1937 5524 particulas,
2038 5451 2108 5505 de
2144 5448 2556 5524 hoc_intelligit,
2583 5461 2637 5506 et
2665 5467 2771 5508 non
2799 5452 2867 5509 de
2892 5454 3004 5517 illa,
3024 5468 3132 5524 qua
3157 5461 3283 5506 ante
3302 5448 3632 5505 sacriﬁcium

349 5536 466 5576 tum
496 5524 562 5578 ad
594 5523 1111 5597 subministrandam
1131 5519 1536 5597 Eucharistia‘m
1571 5520 1793 5592 populo,
1829 5522 1935 5597 sub
2042 5522 2202 5597 panis
2230 5519 2599 5597 fermentatus
2634 5524 2684 5577 in
2716 5524 3018 5597 particulas
3042 5519 3249 5597 "postea
3301 5534 3634 5597 consecran-

347 5603 578 5662 utraque
594 5592 778 5662 specie
802 5589 1261 5661 'communicanti;
1296 5593 1444 5650 illius
1464 5589 1746 5648 fortine—est
1777 5592 1843 5644 ad
1866 5592 1935 5645 li-
2031 5589 2130 5649 das
2164 5593 2454 5660 Scinditur,
2500 5607 2623 5662 quae
2663 5589 2807 5649 nunc
2850 5589 3082 5650 formam
3112 5593 3274 5649 habet
3299 5589 3502 5662 gcultri,
3542 5591 3633 5646 lit-

348 5660 934 5735 gulae’similitudinem,
963 5663 1039 5720 ita
1062 5674 1123 5721 ut
1142 5660 1429 5721 intinctum
1448 5661 1934 5735 sanguinecorpus
2036 5678 2167 5735 que
2198 5665 2301 5718 hoc
2332 5664 2384 5717 in
2410 5660 2632 5735 paruula
2663 5663 2896 5735 quadam
2930 5680 3141 5729 mensa,
3177 5678 3344 5734 quam
3379 5660 3480 5735 ipsi
3509 5675 3633 5735 pro-

349 5730 540 5804 éapere
558 5741 617 5789 et
647 5734 882 5805 retinere
907 5735 1095 5803 possit,
1114 5746 1419 5804 vocantque
1446 5733 1520 5789 illi
1548 5730 1691 5788 nunc
1715 5730 1957 5805 le6i§a,_
2030 5730 2212 5805 thesin
2264 5730 2521 5805 vocantur
2555 5730 2728 5790 Verba
2791 5730 3210 5805 Chrysostomif
3237 5735 3291 5788 in
3365 5730 3634 5805 principio

348 5800 477 5878 utet
494 5812 704 5878 noster;
732 5803 861 5878 Quae
883 5800 1099 5873 quidem
1123 5800 1378 5878 voxnotia
1397 5806 1628 5878 videtur,
1652 5818 1761 5878 non
1784 5803 1928 5858 enim
1945 5800 1957 5811 ’
2029 5803 2288 5876 Liturgize
2309 5814 2458 5871 sunt,
2480 5803 2551 5859 Et
2576 5806 2816 5878 incidens
2846 5800 3089 5860 (aureola
3111 5800 3447 5878 signaculum
3469 5800 3629 5873 pauit

351 5876 405 5931 in
421 5877 657 5947 antiquis
671 5872 922 5932 Patribus
941 5890 1059 5933 eam
1071 5876 1299 5947 reperiri
1316 5875 1662 5934 crediderim.
1688 5874 1925 5944 Chryso-
2046 5878 2099 5934 in
2116 5872 2349 5943 quatuor
2365 5885 2542 5943 partes
2569 5877 2622 5933 in
2641 5876 2867 5959 ﬁguram
2891 5877 3085 5933 crucis.
