4016 6454
243 391 348 453 357
1694 387 2029 446 NUTITIA.
3398 389 3502 453 3:.8

242 501 626 556 Cantacuzcno
653 499 850 553 CPolin
884 513 1080 554 recens
1114 507 1475 567 expugnatam
1505 497 1775 567 ingresw‘,
1811 499 1874 548 ad
1906 498 2120 547 Annam
2153 494 2556 564 imperatriccm
2593 494 2650 549 in
2680 495 2944 567 palatium
2985 497 3196 567 legatus
3232 511 3334 561 est.
3371 514 3426 554 ut
3457 503 3505 553 ci

249 591 394 658 pacis
441 587 784 642 conditiOnes
828 602 855 640 a
907 589 1112 642 victore
1149 589 1227 641 illi
1287 588 1424 640 latas
1477 593 1828 654 proponeret.
1861 584 2018 637 Couf.
2053 583 2230 651 ipsqu
2263 583 2638 640 Cantacuzen.
2684 585 2828 643 Hist.
2877 585 3195 654 Byzantina:
3244 589 3338 644 lib.
3392 605 3515 652 xiv,

254 693 367 743 cap.
399 677 486 739 59,
515 685 652 738 etc.,
687 689 749 728 ac
782 674 1036 729 Lambcc.
1063 675 1371 729 Comment.
1415 674 1480 737 γ,
1510 687 1564 741 p.
1601 672 1705 726 589
1735 689 1859 741 sqq.
1893 670 1989 725 Vir
2018 671 2119 726 fuit
2154 675 2378 726 omnino
2407 673 2602 728 doctus
2645 684 2698 729 et
2723 676 2926 730 multos
2975 675 3148 730 edidit
3176 678 3380 747 ingenii
3421 679 3509 732 sui

263 763 427 826 fetus;
457 777 688 830 quorum
725 773 902 814 tamen
940 762 1128 830 paucis
1165 761 1340 814 lucem
1379 760 1625 826 aspicere
1660 759 1810 812 licuit
1838 773 1934 826 per
1963 757 2224 812 invidiam
2258 766 2313 812 et
2363 761 2510 828 quod
2545 760 2869 816 Latinorum
2922 778 3028 817 non
3065 774 3185 818 erat
3221 776 3506 832 patronus,

267 860 440 901 contra
473 863 659 901 eorum
699 852 998 902 acerrimus
1027 864 1198 903 osor:
1237 862 1554 915 quanquam
1601 847 1702 900 hac
1751 847 1802 898 in
1837 860 1914 909 re,
1945 855 1999 900 et
2034 859 2162 900 num
2192 857 2384 900 contra
2438 849 2497 902 S.
2531 846 2795 902 Thomam
2845 851 3168 920 Aquinatem
3203 853 3507 920 scripserit,

266 953 364 989 non
397 951 582 988 omnes
605 937 956 990 consentiunt
983 935 1096 990 \lV.
1131 934 1239 987 DD.
1276 934 1339 989 ν.
1372 933 1652 996 Allatiutu,
1685 933 1952 1002 imprimis
1983 931 2179 987 Ottdin.
2210 933 2570 989 Commentar.
2602 937 2665 989 de
2713 937 2962 1004 scriptor.
3016 939 3144 990 eccl.
3183 937 3277 998 111,
3311 954 3362 1006 p.
3400 937 3509 992 985

261 1040 373 1090 sqq.
399 1024 486 1075 ubi
523 1025 688 1076 vitam
711 1025 1026 1092 scriptaque
1056 1023 1262 1077 Nicolni
1295 1022 1564 1076 Cabasilte
1611 1023 1717 1074 late
1752 1023 2118 1090 persequitur.
2150 1022 2306 1077 Adde
2339 1022 2408 1077 de
2442 1022 2563 1092 ejus
2603 1025 2876 1094 praecipue
2911 1025 3132 1095 scriptis
3157 1025 3322 1078 llenr.
3345 1025 3509 1080 War-

257 1120 343 1162 ton
375 1124 428 1163 ct
459 1110 681 1164 Rnbert.
717 1108 942 1164 Gcrium
985 1111 1052 1164 ad
1079 1108 1399 1164 Guil.‘Cave
1423 1108 1621 1176 Script.
1665 1108 1818 1174 eccl.,
1852 1110 1959 1164 vol.
1994 1110 2062 1177 ll,
2101 1125 2152 1179 ρ.
2194 1111 2286 1176 5|,
2312 1111 2471 1178 55,et
2507 1113 2585 1166 Du
2635 1113 2753 1168 Pin.
2797 1112 2944 1168 Bist.
2990 1121 3200 1180 ποια..
3237 1117 3345 1169 vol.
3387 1113 3505 1176 Xll,

250 1212 308 1265 p.
343 1197 434 1260 89,
469 1207 575 1252 etc.

325 1283 541 1354 Svripta
582 1295 689 1338 tam
736 1285 882 1339 edita
927 1299 1088 1352 quam
1125 1285 1332 1337 inedita
1361 1299 1422 1338 ea
1455 1299 1576 1352 quae
1600 1293 1925 1351 sequuntur,
1954 1288 2023 1340 ab
2050 1285 2254 1342 Allatio
2299 1299 2353 1341 et
2390 1287 2642 1342 Fabricio
2689 1289 2756 1340 ad
2805 1287 2985 1353 illum,
3032 1289 3100 1342 ab
3132 1285 3348 1344 Oudiuo
3379 1290 3508 1344 reli-

249 1373 482 1441 quisque
513 1382 1036 1426 commemorantur.
1067 1369 1332 1440 Extrerpta
1371 1382 1500 1425 sunt
1530 1373 1583 1424 in
1608 1370 1834 1441 Niceph.
1865 1371 2120 1442 Gregora:
2147 1374 2290 1428 Hist.
2325 1373 2657 1444 Byzantina.

330 1461 630 1530 Ἐρμηνεία
660 1459 1060 1530 κεφαλαιώδης,
1095 1471 1199 1514 etc.
1233 1460 1622 1529 Compendiosa
1644 1460 1916 1528 interpreti

1924 1463 2007 1516 ilio
2047 1463 2104 1516 in
2143 1464 2382 1516 diuinum
2416 1463 2656 1532 ofﬁcium
2691 1480 2734 1517 s.
2766 1462 3092 1534 Litttrgiam.
3127 1465 3373 1520 Primum
3405 1463 3510 1518 Ln-

252 1549 385 1614 tine,
441 1550 732 1616 interprete
783 1546 1050 1602 Geutiano
1101 1547 1450 1612 Ilervetiano,
1488 1548 1634 1602 edita
1682 1545 1874 1602 Venet.
1912 1549 2071 1615 1543,
2121 1549 2189 1614 8;
2224 1551 2418 1605 deinde
2465 1553 2520 1604 in
2569 1549 2816 1619 Liturgia
2849 1551 2949 1606 SS.
2984 1551 3232 1615 Patrum,
3271 1562 3510 1606 curante

250 1637 342 1690 J0.
380 1637 440 1691 S.
487 1636 725 1699 Andrea,
757 1636 1022 1689 canonico
1049 1635 1308 1689 Ecclesiae
1343 1635 1543 1698 Paris.,
1576 1635 1738 1690 tlteol.
1768 1633 1946 1690 Paris.
1980 1636 2137 1701 4560,
2161 1636 2257 1690 fol.
2293 1651 2406 1690 rec.
2441 1637 2491 1690 in
2513 1640 2646 1691 edit.
2679 1639 2744 1691 ad
2782 1637 3145 1692 Parisiensem
3195 1639 3337 1692 facta
3395 1639 3510 1691 An-

253 1725 493 1792 twcrpia:
525 1723 686 1786 {562,
718 1721 772 1788 8,
802 1731 854 1776 et
885 1723 939 1776 iit
969 1721 1104 1778 Bibl.
1136 1725 1364 1776 Patrum
1397 1722 1761 1791 Lugtluneusi,
1795 1735 1924 1780 tom.
1953 1724 2143 1790 XXVI,
2174 1741 2226 1795 p.
2260 1725 2382 1780 175.
2414 1727 2554 1780 Add.
2581 1727 2634 1780 in
2673 1727 2792 1780 Cat.
2822 1726 2963 1783 Bibl.
2995 1726 3300 1789 Leidensis,
3336 1744 3386 1794 p.
3414 1727 3508 1791 55,

253 1813 399 1866 citat.
420 1811 542 1865 edd.
566 1809 790 1865 Graecus
820 1819 1002 1864 textus
1031 1810 1269 1880 primum
1297 1824 1362 1864 ex
1387 1810 1546 1864 codd.
1578 1810 1755 1864 Paris.
1780 1826 1910 1866 cura
1942 1810 2233 1866 Frontonis
2271 1813 2448 1866 Ducaai
2483 1813 2686 1880 prodiit
2713 1814 2764 1867 in
2825 1813 3082 1866 Auctario
3109 1811 3226 1866 PP.
3249 1814 3507 1870 Biblioth.

253 1910 503 1962 veterum,
540 1899 699 1960 16ὶ4,
738 1909 870 1952 tom.
909 1896 971 1963 11,
1005 1915 1058 1968 p.
1091 1897 1230 1963 200,
1259 1899 1379 1952 dein
1410 1898 1464 1952 in
1499 1908 1629 1953 lout.
1660 1899 1751 1952 XII
1791 1899 1936 1953 Bibl.
1978 1899 2334 1954 Manilianas.
2375 1899 2596 1956 Fabric.
2651 1901 2708 1954 in
2741 1912 2866 1956 uota
2900 1903 2965 1955 ad
3005 1902 3263 1956 Allatiutn
3314 1917 3369 1972 p.
3417 1902 3506 1964 7'2,

254 1987 367 2042 Hoc
395 2002 546 2055 opus,
571 1987 767 2056 inquit,
792 1987 1008 2040 videtur
1028 1987 1190 2040 etiam
1227 1985 1504 2055 respicere
1536 1986 1786 2052 Allatius,
1815 1988 2033 2056 quando
2073 2001 2194 2057 pag.
2239 1987 2365 2054 125,
2399 1999 2588 2042 contra
2627 1985 3009 2058 Hottingerum
3042 2029 3055 2051 ,
3090 1989 3232 2042 inter
3263 1989 3506 2052 Graecos,

254 2077 343 2146 qui
394 2078 462 2131 de
505 2077 711 2146 azymis
759 2083 949 2130 contra
1002 2073 1224 2129 Latinos
1246 2077 1539 2142 scripsere,
1587 2074 1872 2130 Nicolaum
1920 2075 2230 2129 Cabasilam
2285 2075 2490 2130 laudat.
2531 2075 2608 2129 Ex
2633 2075 2898 2131 Cabasila:
2927 2077 3274 2144 expositione
3327 2077 3510 2132 Missa:

255 2163 454 2233 passim
484 2164 594 2216 loca
632 2165 881 2231 producit
905 2162 961 2216 in
989 2162 1180 2216 eodem
1214 2163 1370 2227 libro,
1402 2179 1453 2230 p.
1489 2162 1576 2228 76,
1607 2164 1677 2219 89
1705 2181 1819 2233 sq.,

1925 2164 1958 2219 9
1986 2180 2094 2233 sq.,
2131 2165 2253 2227 154,
2290 2164 2410 2227 145,
2441 2165 2564 2231 153,
2594 2165 2725 2227 204,
2767 2177 2874 2219 etc.
2916 2165 3148 2231 Quando
3184 2167 3416 2221 Allzttius
3444 2167 3511 2222 de

254 2251 390 2305 Nilis
423 2260 603 2320 negat,
634 2250 940 2304 Cabasilam
974 2250 1041 2303 de
1076 2251 1426 2319 processione
1454 2249 1695 2320 Spiritus
1746 2253 1918 2306 sancti
1953 2261 2145 2306 contra
2194 2251 2253 2306 S.
2286 2252 2550 2307 Thomam
2589 2263 2643 2307 et
2687 2251 2994 2306 Romanam
3033 2251 3340 2307 Ecclesiam
3373 2255 3515 2307 scri-

256 2339 465 2408 psisse,
509 2336 725 2392 Fabric.
781 2338 835 2390 in
887 2347 1015 2390 nota
1059 2352 1109 2394 ο.
1157 2352 1215 2406 p.
1266 2337 1356 2399 75,
1405 2339 1813 2403 animadvertit,
1883 2340 1936 2394 id
1984 2349 2168 2394 tamen
2198 2339 2457 2394 Allatium
2504 2340 2665 2393 fateri
2714 2339 2768 2393 in
2820 2339 2963 2393 libro
3013 2355 3051 2394 ιι
3110 2339 3190 2394 De
3233 2356 3511 2401 consensu,

256 2441 308 2492 p.
345 2425 449 2478 858
481 2439 564 2491 sq.
593 2426 791 2491 Atque,
819 2431 958 2477 teste
988 2422 1286 2478 Moutfauc.
1326 2425 1377 2478 in
1408 2423 1545 2477 Bibl.
1574 2426 1811 2478 biblioth.
1859 2441 1990 2480 mss.
2019 2425 2060 2490 1,
2091 2441 2146 2494 p.
2173 2427 2279 2481 470
2303 2427 2366 2490 1),
2397 2437 2577 2482 exstat
2605 2429 2657 2480 itt
2692 2427 2827 2481 Bibl.
2854 2425 3057 2482 Veneta
3076 2427 3268 2492 Marci,
3290 2429 3516 2499 Cydonii

255 2527 439 2567 contra
465 2511 769 2566 Cabasilam
799 2527 894 2576 pro
925 2510 983 2566 S.
1018 2510 1215 2566 Thoma
1243 2521 1292 2566 et
1316 2513 1650 2580 processiorte
1707 2513 1938 2580 Spiritus
1994 2512 2188 2567 sancti.
2221 2511 2380 2576 lbid.,
2418 2525 2471 2579 p.
2505 2511 2611 2568 469
2640 2511 2708 2578 Α,
2741 2525 3077 2567 memoratur
3111 2515 3236 2570 cod.
3271 2516 3512 2581 ejusdem

258 2607 390 2660 bibl.
426 2605 680 2658 Barlaam
710 2613 758 2656 et
790 2601 1039 2657 Cabasila
1083 2604 1146 2655 de
1196 2603 1532 2671 processione
1565 2601 1798 2659 Spiritus
1841 2603 2014 2656 sancti
2043 2604 2095 2655 in
2130 2601 2364 2670 favorem
2393 2598 2720 2656 Grecorum.
2755 2600 2899 2654 Add.
2936 2603 3060 2656 Cat.
3111 2603 3274 2657 codd.
3317 2601 3510 2657 Venet.

258 2693 424 2747 Marc.
457 2708 576 2762 pag.
611 2690 679 2746 84
709 2692 776 2744 de
804 2693 924 2744 eod.
957 2689 1061 2744 152
1091 2701 1144 2744 et
1173 2706 1296 2759 pag.
1327 2689 1434 2743 284
1460 2694 1528 2746 de
1553 2695 1675 2746 cod.
1711 2691 1838 2757 526,
1865 2690 1990 2745 coll.
2022 2689 2127 2744 cel.
2161 2688 2403 2743 Morellio
2429 2688 2483 2741 in
2512 2687 2650 2742 Bibl.
2679 2702 2779 2742 ms.
2810 2687 2905 2743 Gr.
2931 2694 2988 2741 et
3017 2687 3141 2742 Lat.
3176 2687 3216 2754 Ι,
3252 2705 3375 2759 pag.
3418 2687 3510 2744 92.

258 2811 328 2822 —
364 2780 586 2847 insuper
630 2778 1009 2846 Interpretatio
1058 2779 1114 2830 in
1158 2777 1459 2848 Liturgiam
1505 2788 1682 2834 exstat
1731 2781 1784 2832 in
1818 2777 2061 2846 pluribus
2088 2778 2246 2832 codd.
2293 2791 2424 2829 mss.
2455 2775 2878 2831 —-.Secundum
2924 2773 3225 2830 nontfauc.
3263 2777 3314 2830 in
3363 2776 3508 2830 Bibl.

258 2869 496 2923 biblioth.
522 2884 648 2921 mss.
666 2869 704 2933 1,
726 2883 777 2934 p.
802 2867 903 2920 186
923 2867 988 2932 Β,
1012 2877 1064 2921 et
1082 2883 1206 2937 pag.
1229 2867 1327 2922 191
1361 2867 1421 2934 Β,
1444 2866 1630 2921 Romae
1656 2867 1708 2920 in
1735 2869 1855 2921 cod.
1886 2865 2142 2921 Ottobon.
2162 2863 2258 2920 Gr.
2283 2904 2298 2930 ,
2320 2879 2372 2933 p.
2397 2863 2534 2930 502;
2560 2865 2613 2918 in
2637 2865 2847 2919 duobus
2895 2867 3052 2918 codd.
3087 2865 3221 2922 bibl.
3253 2863 3512 2920 Ambros.

262 2957 550 3011 Mediolan.
607 2970 659 3024 p.
698 2953 796 3007 707
838 2953 906 3017 ι),
942 2956 994 3006 in
1023 2955 1155 3009 bibl.
1191 2953 1488 3010 Sforliana.
1517 2984 1589 2995 —
1631 2953 1852 3010 Venetiis
1890 2956 1942 3008 in
1973 2956 2094 3009 cod.
2135 2951 2271 3006 Bibl.
2313 2951 2485 3006 Marc.
2537 2951 2662 3016 506,
2709 2951 2830 3006 Nic.
2875 2949 3146 3006 Cabasila:
3186 2951 3510 3006 Encomium

266 3045 323 3100 S.
358 3043 664 3108 Theodora’,
698 3043 876 3110 ejusd.
907 3041 1191 3109 lnterpret.
1227 3043 1282 3095 in
1325 3040 1645 3111 Liturgiam,
1693 3052 1740 3096 et
1775 3044 1830 3095 in
1883 3042 1942 3120 S_.
1982 3042 2326 3097 Demetrium.
2363 3039 2428 3096 γ.
2486 3039 2608 3095 Cal.
2662 3041 2824 3094 codd.
2871 3037 2967 3096 Gr.
3024 3041 3192 3096 Marc.
3259 3042 3387 3096 27f.
3445 3074 3514 3087 --

261 3131 396 3185 Ibid.
443 3132 497 3182 in
545 3131 665 3184 cod.
700 3128 944 3182 Nauiauo
978 3128 1102 3194 116,
1140 3145 1195 3182 n.
1233 3129 1266 3183 4
1299 3137 1354 3184 et
1381 3130 1435 3195 5,
1469 3142 1522 3184 et
1558 3129 1682 3194 117,
1706 3131 1832 3184 ιι.5.

1927 3173 1932 3184 ,
1959 3131 2081 3187 Cat.
2114 3132 2270 3187 codd.
2302 3128 2398 3185 Gr.
2425 3128 2562 3183 Nan.
2597 3144 2648 3198 p.
2681 3129 2787 3184 256
2822 3141 2874 3182 et
2896 3127 3155 3184 257ο-1υ
3185 3129 3306 3185 Cat.
3351 3133 3513 3185 codd.

259 3225 354 3280 Gr.
389 3223 736 3289 Taurinens.,
765 3238 817 3291 p.
858 3221 984 3285 108,
1007 3220 1353 3286 observatur,
1392 3222 1443 3275 in
1506 3222 1630 3276 cod.
1666 3223 1754 3286 50,
1808 3219 1903 3274 fol.
1952 3219 2079 3284 219,
2126 3233 2251 3272 esse
2311 3218 2470 3270 totius
2513 3215 2773 3287 Liturgite
2815 3218 3016 3272 Grecae
3054 3217 3517 3284 explanationem,

258 3317 353 3371 sed
383 3315 498 3369 sine
529 3313 685 3368 ullius
717 3313 954 3367 auctoris
981 3313 1222 3366 nomine.
1264 3311 1554 3367 Enimvero
1589 3314 1788 3367 Christ.
1820 3307 2014 3364 Matth.
2051 3306 2207 3372 Pfaﬁ',
2241 3307 2296 3362 in
2331 3306 2567 3374 Epistula
2601 3307 2672 3362 de
2705 3309 2950 3378 catalogo
2984 3325 3116 3364 mss.
3177 3311 3338 3363 codd.
3369 3311 3514 3366 Bibl°

258 3403 483 3457 Taurio.
521 3401 573 3454 in
621 3402 776 3455 novis
808 3402 942 3453 actis
977 3401 1242 3455 eruditor.
1275 3399 1426 3469 Lips.
1463 3400 1623 3465 1752,
1663 3418 1713 3470 p.
1741 3401 1869 3467 447,
1898 3400 2045 3452 illum
2079 3397 2318 3452 libellum
2371 3409 2556 3451 monet
2605 3413 2731 3453 esse
2771 3399 2980 3453 Nicolai
3011 3400 3299 3461 Cabasilte,
3337 3398 3512 3454 Thes-

258 3493 430 3545 salon.
465 3518 533 3530 --
571 3489 742 3542 Paris.
802 3488 856 3542 in
892 3499 1016 3542 octo
1045 3491 1202 3542 codd.
1248 3488 1382 3542 bibl.
1419 3488 1570 3557 pubi.
1598 3515 1671 3530 -
1702 3489 1758 3543 In
1803 3492 1927 3544 cod.
1959 3486 2182 3541 Coislin.
2231 3485 2360 3552 515,
2416 3501 2544 3541 cum
2595 3488 2716 3541 aliis
2764 3488 2949 3542 multis
2997 3489 3216 3557 scriptis
3271 3488 3509 3544 Cabasil.

267 3578 327 3631 ν.
354 3577 642 3633 Moutfauc.
679 3576 822 3630 Bibl.
850 3575 1077 3631 Coislin.
1114 3592 1169 3645 p.
1204 3576 1332 3631 427.

332 3668 591 3722 ΜυιωεΙιὶί
621 3669 672 3721 in
705 3667 868 3722 codd.
893 3666 1086 3721 Bavar.
1117 3667 1206 3734 59,
1241 3668 1366 3733 107,
1399 3667 1517 3733 HQ,
1552 3668 1655 3722 115
1677 3679 1731 3721 et
1764 3663 1918 3719 l28.‘

1921 3663 1975 3718 ν.
1996 3663 2112 3719 Cat.
2147 3664 2309 3720 codd.
2331 3661 2429 3718 Gr.
2462 3661 2658 3716 Bivar.
2683 3679 2736 3730 p.
2771 3662 2860 3726 17,
2895 3662 2984 3726 41,
3011 3663 3099 3722 45,
3131 3662 3200 3715 44
3233 3673 3286 3718 et
3314 3663 3507 3734 55(1)).

280 3785 346 3796 -
379 3759 695 3810 Vitulobnnte
727 3757 778 3809 iu
814 3758 935 3809 cod.
970 3755 1174 3810 Caesar.
1201 3757 1330 3819 261,
1358 3760 1410 3809 in
1445 3771 1558 3823 quo
1589 3756 1754 3808 multa
1786 3762 2004 3809 exstant
2030 3751 2151 3806 Nic.
2185 3754 2382 3807 Cabas.
2433 3752 2653 3818 scripta,
2701 3769 2754 3804 n.
2793 3752 2879 3804 18.
2932 3780 3003 3790 --
3041 3752 3166 3814 268,
3202 3752 3289 3815 53,
3323 3771 3376 3806 n.
3414 3756 3506 3816 5b,

276 3845 560 3913 Explicatio
592 3843 790 3912 duplex
819 3859 1098 3898 sacrarum
1131 3845 1356 3897 vestium
1403 3845 1456 3896 in
1491 3845 1672 3896 divina
1723 3841 1968 3911 Liturgia
2019 3843 2340 3894 usitatarum
2375 3849 2424 3892 et
2471 3855 2674 3901 eorum,
2707 3854 2824 3908 quat
2870 3842 2924 3892 iu
2972 3838 3213 3909 Liturgin
3254 3850 3506 3908 aguntur.

277 3933 335 3987 V.
361 3931 604 3986 Limbee.
635 3943 929 3986 comment.
961 3930 1024 3996 V,
1064 3948 1116 4000 p.
1148 3932 1276 3996 455,
1310 3931 1506 3998 445,θι
1537 3933 1639 3984 vol.
1680 3928 1815 3994 Vlll,
1853 3946 1904 3998 p.
1940 3929 2097 3983 1021.
2134 3955 2202 3972 —-—
2235 3925 2411 3982 Oxon.
2439 3928 2491 3978 in
2519 3926 2654 3979 Bthl.
2696 3926 2882 3981 Bodlei
2913 3928 2964 3980 itt
2998 3930 3123 3981 cod:
3149 3927 3376 3984 Barocc.
3421 3930 3506 3992 75,

263 4022 536 4089 Erpositio
565 4023 760 4085 misstc,
794 4035 914 4090 cap.
948 4018 1040 4085 45,
1072 4031 1125 4074 et
1153 4020 1207 4073 in
1243 4023 1367 4078 cod.
1416 4019 1537 4087 107,
1569 4019 1762 4088 incipit
1800 4035 1813 4073 :
1841 4045 1849 4068 Α

1924 4018 2024 4070 tsi
2058 4016 2133 4087 μὴ
2161 4016 2219 4082 ἐξ
2251 4015 2445 4084 ἀρχῆς.
2485 4042 2555 4051 -
2585 4014 2644 4066 lu
2683 4019 2802 4068 cod.
2861 4015 2951 4079 91,
2990 4016 3151 4086 cujus
3192 4018 3310 4071 iuit.
3353 4019 3510 4071 Μετὰ

258 4111 316 4162 δὲ
350 4109 446 4179 τὴν
501 4109 828 4177 δοξολογίαν.

332 4196 408 4250 De
437 4211 540 4251 vita
565 4200 618 4250 in
645 4196 854 4253 Christo
893 4194 1018 4248 libri
1043 4210 1156 4269 sex,
1195 4210 1291 4249 seu
1327 4196 1510 4265 potius
1541 4206 1775 4267 septem,
1809 4196 1862 4249 in
1889 4191 2084 4264 quibus
2106 4189 2381 4259 praecipue
2407 4188 2590 4257 agitur
2631 4190 2698 4243 tle
2732 4189 3026 4258 baptismo,
3057 4204 3210 4245 sacra
3255 4192 3512 4248 unctione

258 4296 314 4341 et
353 4286 717 4340 Eucharistia.
755 4283 862 4337 Sex
905 4283 1028 4336 libri
1067 4282 1259 4338 Latine
1293 4285 1635 4353 prodierunt,
1667 4285 1962 4352 interprete
1993 4275 2112 4330 Jac.
2155 4275 2401 4329 Pontano
2433 4275 2505 4346 (c)
2533 4290 2656 4329 cum
2691 4275 2928 4353 Philippi
2968 4277 3210 4332 Solitarii
3251 4277 3511 4348 Dioptra,

258 4389 306 4424 ε.
346 4369 550 4438 Regula
590 4372 663 4423 rei
694 4368 1020 4424 Christianae
1050 4370 1117 4420 ad
1147 4349 1408 4422 Callicutn
1446 4349 1826 4433 monachuan
1852 4365 2074 4421 Joannis
2105 4365 2388 4436 Carpathii
2434 4349 2782 4420 Documeutis
2815 4368 3237 4435 spiritualibus,
3281 4379 3335 4422 et
3386 4387 3509 4423 cum

256 4459 517 4513 Cabasila:
553 4459 809 4514 Oratione
843 4473 1030 4513 contra
1048 4455 1406 4513 fmueratores
1424 4459 1516 4527 (de
1537 4473 1642 4528 qua
1663 4467 1848 4527 postea
1873 4468 2053 4510 sermo
2068 4452 2713 4522 erit),lngolstsd.1604,
2741 4453 2810 4521 4,
2841 4454 2987 4516 dein,
3027 4455 3079 4508 in
3113 4453 3252 4509 Bibl.
3287 4453 3512 4508 Patrum

259 4546 626 4615 Lugdunensi,
664 4557 797 4602 tom.
833 4546 1025 4615 XXVI,
1066 4564 1118 4616 p.
1150 4548 1286 4612 156;
1319 4546 1372 4600 in
1395 4545 1539 4600 Bibl.
1567 4544 1791 4599 Patrum
1851 4545 2044 4600 Colon.-
2072 4552 2126 4596 et
2152 4540 2482 4596 Mureniana:
2507 4539 2824 4612 Appendice
2847 4544 2946 4611 (l).
2973 4540 3052 4596 Ex
3091 4553 3324 4610 quatuor
3366 4546 3514 4611 prio-

258 4635 410 4688 ribus
437 4633 589 4690 libris
618 4635 916 4703 fragmeuta
951 4638 1198 4706 quaedam
1245 4633 1454 4704 profert
1501 4633 1559 4687 L.
1590 4634 1846 4696 Allatius,
1883 4632 2143 4685 adversus
2175 4629 2488 4696 Creigltton,
2539 4644 2592 4697 p.
2640 4629 2746 4682 422
2796 4646 2917 4699 sqq.
2959 4629 3097 4693 55t;
3147 4632 3273 4681 item
3319 4639 3510 4683 contra

257 4719 657 4791 Hottingerum,
693 4738 746 4791 p.
783 4722 852 4776 49
880 4737 962 4792 sq.
996 4722 1089 4788 97,
1133 4721 1266 4788 l08;
1317 4730 1372 4775 et
1399 4719 1548 4775 Petr.
1581 4721 1869 4782 Arcudius,
1905 4719 1981 4772 De
2012 4716 2324 4780 concordia,
2354 4718 2449 4771 lib.
2497 4730 2562 4780 tt,
2596 4732 2647 4770 ο.
2680 4717 2743 4769 21
2780 4725 2833 4769 et
2882 4719 3104 4785 passim.
3151 4716 3404 4782 Codices,
3456 4719 3510 4770 in

258 4816 454 4882 quibth'
489 4817 667 4869 insunt
692 4817 815 4870 libri
845 4831 1009 4869 metu.
1046 4814 1303 4884 praecipui
1335 4813 1654 4877 laudantur,
1696 4813 1920 4867 Vindob.
1959 4824 2012 4860 In
2059 4808 2198 4861 Bibl.
2232 4807 2372 4862 (Ζεῦ.
2421 4807 2547 4859 cod.
2579 4805 2706 4872 ‘266,
2751 4821 2806 4859 n.
2845 4805 2900 4869 2,
2937 4806 3058 4858 libri
3104 4807 3368 4874 quinque.
3416 4809 3512 4860 sed

256 4904 514 4957 Latnbec.
538 4919 740 4959 comm.
767 4905 835 4970 V,
869 4921 922 4976 p.
954 4906 1082 4968 414,
1115 4908 1342 4958 adnotat
1373 4903 1568 4956 librum
1600 4904 1773 4964 illum,
1801 4904 1891 4970 qui
1931 4903 1983 4956 iu
2012 4903 2113 4954 hoc
2167 4895 2292 4951 cod.
2321 4903 2402 4948 est
2431 4897 2673 4962 quintus,
2707 4895 2760 4947 in
2790 4893 3016 4947 Pontani
3049 4895 3184 4950 edit.
3214 4893 3332 4948 Lat.
3366 4908 3514 4949 recte

256 4991 514 5060 appellari
543 5003 596 5046 et
630 5008 814 5047 revera
845 5007 966 5047 esse
992 4993 1194 5046 librum
1228 4998 1443 5044 sextum
1470 5007 1486 5058 ;
1522 4991 1578 5044 in
1611 4993 1735 5045 eod.
1768 4991 1893 5046 cod.
1936 5007 1990 5044 ιι.
2042 4989 2108 5054 Χ,
2144 4986 2283 5041 liber
2309 4983 2554 5053 quintus,
2601 4981 2676 5036 De
2705 4983 2810 5036 vita
2835 4983 2892 5035 iu
2927 4982 3163 5048 Christo,
3193 4998 3304 5053 quo
3334 4985 3515 5054 agitur

332 5178 409 5249 (a)
452 5175 508 5230 lu
538 5176 659 5256 cod.
691 5176 798 5256 1‘56
826 5183 880 5229 et
903 5175 1025 5256 ⁸157
1074 5171 1234 5256 catal.
1274 5172 1436 5256 codd.
1479 5170 1574 5256 Gr.
1632 5169 1822 5256 _Ve_net.

1927 5179 2054 5256 Eunt
2096 5188 2178 5256 Ill].
2229 5167 2336 5249 Jul.
2372 5199 2440 5249 '—
2474 5165 2786 5256 Dec._lauu.
2820 5163 3106 5256 .1805‘,met
3152 5159 3252 5256 lo",
3302 5163 3511 5256 priores

257 5231 426 5304 Ma‘re.
460 5264 510 5316 p.
548 5249 639 5310 89,
676 5249 764 5302 ubi
793 5245 1060 5300 confector
1101 5245 1220 5299 Cat.
1259 5249 1430 5306 addit,
1464 5253 1593 5296 inst.
1635 5243 1824 5296 haberi

257 5325 307 5360 in
334 5322 447 5360 r-ml,
492 5321 711 5360 “arnor.
759 5316 827 5360 90
857 5328 909 5360 et
947 5317 998 5360 in
1031 5317 1156 5360 liilil-
1189 5317 1458 5360 (Ls-sarem.

1926 5243 2060 5295 fasc.
2092 5245 2192 5311 (tot
2212 5244 2356 5292 enim
2384 5240 2438 5292 in
2470 5236 2719 5290 inanibus
2745 5237 2940 5307 habeo)
2972 5232 3130 5298 1804,
3156 5232 3208 5284 8.
3231 5231 3288 5285 In
3311 5235 3444 5286 fasc.
3465 5234 3505 5298 l,

1927 5312 2086 5360 1804.
2113 5328 2164 5360 n.
2185 5311 2276 5360 ‘25-
2308 5319 2389 5360 est
2418 5309 2541 5360 cod.
2569 5306 2659 5360 54.
2688 5307 2778 5360 ttui
2808 5309 2935 5360 olim
2965 5305 3356 5359 numerabatur
3384 5304 3505 5360 107.

256 5325 307 5374 in
334 5309 714 5374 com-Barcae.
759 5316 827 5373 90
857 5328 909 5370 et
945 5317 998 5370 in
1030 5317 1157 5370 bibl.
1189 5317 1458 5371 Caesarea.

327 5391 400 5461 (ὁ)
443 5390 754 5444 Secundum
790 5402 986 5461 novam
1017 5392 1614 5461 classem,novumque
1657 5380 1820 5460 codd.

1927 5309 2164 5380 1804.1).
2185 5311 2276 5372 ‘25,
2308 5319 2389 5363 est
2418 5309 2541 5362 cod.
2569 5309 2659 5370 54,
2688 5309 2778 5373 qui
2808 5309 2935 5360 olim
2965 5309 3356 5359 nutuerabatur
3384 5309 3508 5368 107,

1925 5381 2254 5461 (Ιξίῐεσιῌηὶο
2331 5387 2455 5434 cod.
2507 5383 2573 5432 ab
2642 5377 2778 5432 edit.
2848 5394 2900 5444 p.
2964 5376 3056 5443 54,
3112 5378 3164 5428 in
3229 5377 3352 5429 cod.
3414 5374 3509 5440 58,

251 5454 496 5515 ordinent
538 5464 588 5513 itt
621 5461 753 5513 bibl.
783 5458 978 5511 Bavat‘.
1021 5460 1190 5510 multo
1217 5457 1525 5524 diligentius
1553 5454 1821 5524 Curatius}
1929 5458 2055 5506 oltut
2104 5454 2222 5506 112.

250 5512 360 5600 que
380 5512 563 5586 “codd.
613 5512 1130 5600 delScribctectepit
1171 5529 1272 5580 cel.
1305 5512 1416 5595 fg...
1465 5524 1635 5600 ηερ-αι
1658 5525 1755 5600 in.
1782 5519 1819 5576 l.
2001 5527 2072 5600 (cl
2100 5527 2175 5576 lix
2206 5523 2324 5577 cod.
2349 5521 2540 5574 Bavar.
2575 5519 2665 5574 59.
2687 5517 2746 5574 V.
2775 5517 2951 5574 Catal.
2977 5517 3137 5572 codd.
3167 5515 3261 5571 Gr.
3282 5512 3506 5580 Bavar.,

249 5593 379 5656 Chr.
424 5603 484 5656 L.
528 5603 656 5654 ΒΑΓ.
691 5602 764 5651 De
805 5599 1005 5652 Aretin.
1040 5593 1350 5666 Beytrtigen'
1375 5611 1470 5647 sur
1515 5593 1822 5649 Geschichte
1930 5609 1980 5661 p.
2018 5595 2106 5647 11.

252 5675 357 5728 und
397 5674 726 5734 Litteratur;
757 5685 984 5738 quorum
1033 5686 1122 5723 se:
1172 5683 1383 5735 priores
1411 5666 1544 5719 fasc.
1594 5666 1812 5734 prodie-

305 5835 322 5891 ι
333 5832 374 5898 1)
405 5835 577 5885 Crtcce
607 5828 769 5881 edidit
792 5827 851 5876 D'
902 5827 979 5878 κγ.
1001 5830 1139 5893 Gass,
1163 5825 1455 5879 Gteifswaid
1481 5822 1616 5883 1819,
1639 5819 1710 5880 8°,
1733 5833 1792 5867 ex
1828 5815 2018 5866 duobus
2049 5815 2187 5866 codd.
2215 5812 2490 5866 Viudobon.
2512 5819 2562 5863 et
2586 5813 2736 5863 tertio
2759 5807 3056 5860 .‘llouacensi.
