4016 6454
484 362 592 427 3;.9
1732 359 2111 418 NJCOLAUS
2148 359 2532 423 CABASILA.
3375 317 3398 334 ’
3626 373 3707 434 εθο

485 472 554 525 de
582 466 996 524 consecratione
1021 467 1230 524 altaris.
1254 465 1531 538 (Lambec.
1554 465 1622 530 V,
1656 481 1708 536 p.
1730 466 1883 536 417.)
1915 496 1981 507 —
2013 465 2071 520 lu
2114 470 2234 524 cod.
2277 470 2402 533 267,
2453 488 2505 523 ιι.
2538 471 2633 536 20,
2668 473 2720 523 in
2752 485 2860 539 quo
2913 478 3119 540 septem
3148 480 3273 525 sunt
3303 470 3419 527 libri
3447 473 3512 528 De
3548 478 3708 534 vitain

483 557 700 612 Christo
720 572 739 620 ;
759 557 1017 625 septimus
1033 564 1214 609 autem
1245 554 1482 608 nondum
1508 564 1593 609 est
1621 570 1722 608 nec
1749 552 1845 609 Gr.
1877 570 1978 609 nec
2013 553 2126 611 Lat.
2161 559 2361 621 editus,
2385 561 2852 612 animadvertente
2880 557 3132 612 Lambec.
3166 558 3230 620 V,
3267 575 3318 626 p.
3347 559 3561 632 435;sq.
3585 595 3631 603 —
3662 567 3708 619 ln

484 645 612 702 cod.
641 644 746 700 556
777 647 900 699 libri
932 647 1193 714 quinque.
1235 643 1422 697 Lamb.
1460 643 1524 709 Ἴ,
1558 658 1611 713 p.
1647 643 1754 699 626
1779 658 1935 710 sq.-—
1971 644 2092 697 libri
2119 659 2194 708 vi,
2220 643 2274 697 in
2305 645 2430 699 cod.
2468 644 2766 700 Slortiano.
2792 645 2856 698 V.
2889 644 3184 700 Montl'auc.
3218 647 3270 700 in
3301 646 3434 702 Bibl.
3463 649 3520 704 Β.
3542 666 3653 705 mss.
3676 652 3707 720 1,

488 753 541 805 p.
577 737 682 791 705
710 735 770 790 C.
803 765 869 773 —
903 734 1053 790 Libri
1083 744 1289 804 septem
1322 735 1376 789 iit
1412 736 1546 790 cod.
1583 734 1812 790 Coislin.
1845 734 1975 796 515,
2007 732 2099 801 qui
2128 732 2370 788 continet
2405 733 2525 788 Nic.
2573 732 2770 789 Cabas.
2791 731 3090 804 Opuscula,
3121 736 3256 803 iquae
3301 746 3532 791 recenset
3567 736 3714 793 Mont-

487 820 632 876 fauc.
667 818 725 875 ιη’
757 820 896 874 Bibl.
927 820 1094 876 Coisl.
1123 837 1176 890 p.
1204 821 1308 876 426
1334 837 1456 892 sqq.
1486 820 1647 876 Conf.
1692 821 2107 876 Casauboniaua
2133 835 2161 872 a
2204 819 2292 876 Jo.
2320 822 2602 891 Christph.
2634 821 2832 876 Wolﬁo
2857 822 3129 892 evulgata.
3167 820 3461 892 Hamburg.
3497 824 3640 890 1710,
3668 827 3714 890 8,

485 909 632 976 p.59
667 923 790 977 sq.;
819 917 875 962 et
901 909 1210 964 Casauboui
1244 909 1580 963 Exercitatio
1614 905 1734 960 XVI
1763 909 1832 961 ad
1895 906 2098 962 Baron.
2131 922 2186 962 η.
2215 909 2308 972 50,
2341 911 2430 963 ubi
2469 909 2748 964 Lemmata
2787 919 2994 979 septem
3032 911 3224 966 libror.
3246 908 3319 964 De
3343 911 3510 965 vitain
3531 911 3714 966 Christo

482 998 674 1053 Graece
702 998 953 1065 producit
989 997 1079 1049 ille
1113 1012 1144 1050 e
1173 998 1298 1052 cod.
1333 998 1503 1066 regio,
1527 1004 1581 1050 et
1605 1009 1799 1064 magna
1829 1009 1955 1048 cum
1995 997 2272 1066 voluptate
2302 1012 2328 1048 a
2359 1013 2419 1052 se
2455 997 2625 1051 lectos
2657 1007 2918 1052 testatur.

557 1084 673 1139 Nic.
707 1083 909 1138 Cabas.
945 1084 1217 1152 Expositio
1250 1085 1303 1137 in
1340 1085 1595 1138 visionem
1628 1082 1942 1148 Ezechielis,
1970 1086 2265 1152 prepbetar,
2321 1084 2372 1137 in
2409 1100 2513 1153 qua
2539 1099 2702 1154 super
2727 1094 2962 1154 quatuor
2993 1084 3249 1139 animalia
3286 1085 3569 1141 similitudo
3595 1089 3717 1141 thro-

486 1176 538 1229 ni
571 1182 626 1227 εει
679 1189 842 1243 super
889 1175 1298 1228 similitudinem
1358 1174 1564 1238 throni,
1622 1171 1924 1227 similitudo
1983 1171 2147 1225 veluti
2207 1171 2373 1240 ipsius
2401 1173 2658 1234 hominis,
2706 1182 2815 1225 etc.
2851 1170 3085 1239 incipit:
3125 1172 3286 1224 Πᾶσα
3313 1173 3602 1242 προφητεία
3632 1174 3713 1225 καὶ
3777 1179 3780 1186 ’

487 1260 714 1330 θεωρία,
740 1272 923 1315 etc.—-
956 1261 1090 1315 Tum
1123 1261 1224 1314 alia
1257 1260 1603 1327 Expositioin
1640 1260 1908 1314 visionem
1935 1259 2128 1326 preplt.
2159 1256 2487 1322 Ezechielis,
2524 1259 2578 1312 iu
2612 1272 2718 1327 qua
2743 1272 2862 1312 ossa
2893 1258 3170 1311 hominum
3207 1257 3354 1312 arida
3391 1259 3609 1327 priorem
3644 1273 3718 1315 re-

488 1349 696 1416 cipiunt
724 1349 991 1416 speciem;
1016 1348 1124 1401 inc.
1158 1365 1174 1403 :
1205 1348 1317 1418 Τὴν
1343 1347 1438 1401 τοῦ
1472 1347 1617 1400 Θείου
1640 1347 1776 1417 πρὸς
1795 1347 1919 1406 τοὺς
1951 1346 2074 1418 eve)

2133 1364 2270 1408 ηπους
2290 1349 2446 1416 ὲπιδη
2458 1349 2607 1415 μίαν,
2630 1355 2761 1408 etc.,
2793 1355 2848 1400 et
2873 1348 3027 1400 tertia
3055 1346 3333 1417 Expositio
3359 1346 3566 1416 (Allatio
3593 1352 3719 1401 inco-

487 1436 656 1505 gnita)
690 1435 741 1489 in
776 1437 1050 1504 prophetae
1108 1435 1376 1495 Ezechiel.
1403 1436 1668 1491 visionem
1696 1449 1710 1486 :
1751 1439 1871 1491 init.
1895 1455 1910 1492 ς
1935 1438 2073 1490 Πᾶσα

2132 1435 2434 1502 προφητεία
2459 1435 2554 1486 καὶ
2585 1435 2776 1504 ὅρασις
2801 1434 3010 1496 εἰκόνες
3042 1430 3208 1505 ἦσαν,
3237 1444 3342 1489 etc.
3375 1433 3504 1489 Tres
3538 1435 3611 1488 hae
3631 1433 3718 1488 Ex-

492 1525 793 1593 positiones
818 1533 1036 1578 exstant
1075 1523 1406 1578 Vindobome
1441 1525 1493 1578 in
1518 1526 1639 1580 cod.
1669 1525 1873 1580 Caesar.
1897 1525 2025 1591 267,
2062 1539 2149 1578 nr.
2178 1521 2233 1584 9,
2267 1523 2354 1588 10,
2381 1522 2470 1576 11.
2506 1521 2784 1591 (Lambec.
2818 1522 2926 1576 vol.
2982 1521 3042 1584 V,
3078 1538 3131 1591 p.
3160 1522 3259 1576 451
3325 1521 3429 1591 sq.)
3462 1533 3512 1576 et
3541 1522 3587 1576 in
3615 1523 3719 1575 cod.

487 1609 656 1664 Coisl.
693 1610 820 1676 515,
858 1609 949 1664 fol.
989 1611 1092 1664 155
1121 1625 1242 1680 sqq.
1281 1611 1624 1681 (Montlauc.,
1685 1612 1828 1670 Bibl.
1858 1613 2050 1679 δοῦσι,

2159 1610 2286 1678 427)
2321 1639 2389 1650 -
2425 1624 2528 1664 nec
2565 1625 2670 1664 nou
2731 1609 2784 1664 in
2825 1610 2949 1664 cod.
3003 1607 3178 1663 Paris.
3213 1608 3346 1664 bibl.
3383 1608 3530 1678 publ.
3585 1607 3719 1671 1215,

489 1714 576 1752 nr.
615 1697 787 1761 9,10,
821 1698 908 1751 11.
945 1727 1015 1740 —-
1060 1697 1175 1752 Una
1207 1699 1477 1768 expositio
1510 1701 1642 1756 ibid.
1678 1701 1753 1756 in.
1778 1704 1902 1757 cod.
1939 1700 2101 1764 1612,
2133 1716 2190 1754 ιι.
2221 1698 2310 1754 10.
2343 1727 2412 1738 —
2447 1697 2574 1751 Dote
2604 1696 2816 1766 priores
2851 1697 2904 1749 in
2937 1697 3057 1750 cod.
3087 1697 3291 1752 Caesar.
3319 1697 3446 1761 266,
3475 1712 3526 1749 n.
3560 1694 3590 1749 5
3613 1703 3660 1748 et
3676 1693 3720 1747 6.

491 1784 776 1856 (Lambec.
813 1783 877 1851 V,
923 1799 978 1854 p.
1009 1785 1116 1840 415
1148 1796 1257 1855 sq.)
1295 1818 1363 1828 -—
1391 1787 1646 1843 Secunda
1677 1787 1868 1844 Venet.
1901 1790 1952 1843 in
1979 1789 2104 1843 cod.
2137 1787 2303 1842 Marc.
2332 1784 2438 1842 506
2487 1787 2586 1840 sub
2612 1785 2706 1839 lin.
2735 1782 2825 1852 (V.
2858 1784 2980 1840 Cat.
3012 1785 3172 1839 codd.
3198 1783 3296 1840 Gr.
3324 1783 3484 1837 Marc.
3511 1799 3559 1852 p.
3593 1781 3721 1850 271.)

564 1873 844 1929 Orationes
874 1874 924 1943 1)
956 1875 1008 1928 in
1047 1876 1345 1943 passionem
1374 1874 1432 1931 J.
1452 1875 1578 1931 Chr.
1619 1877 1748 1932 inc.:
1779 1876 2241 1947 ”Ακουε,οὐρανέ,
2273 1883 2404 1942 etc.;
2437 1875 2617 1928 locum
2648 1872 2774 1928 inde
2810 1872 3060 1942 producit
3084 1872 3316 1927 Allatius
3339 1881 3522 1927 contra
3552 1870 3722 1938 Creyg-

491 1962 740 2024 thonum,
775 1977 830 2031 p.
864 1961 1077 2030 425.,2,
1118 1961 1187 2016 In
1228 1963 1599 2018 Arcensionem
1632 1962 1695 2019 J.
1745 1963 1903 2029 Chr.,
1927 1965 2036 2020 inc.

2136 1964 2197 2017 Ai
2219 1963 2456 2032 Χάριτες
2487 1960 2589 2030 μὲν
2621 1961 2714 2014 ἐπὶ
2749 1959 2862 2013 τῶν
2894 1962 3180 2030 προτέρων
3215 1959 3445 2029 χρόνων,
3473 1970 3570 2012 etc.
3594 1957 3641 2026 5)
3670 1954 3722 2009 In

494 2047 851 2102 Nativitatem
880 2048 942 2104 S.
979 2048 1217 2117 Maria,"
1245 2053 1422 2120 princ.
1457 2052 1568 2105 Καὶ
1621 2051 1820 2122 πρῶτα
1857 2052 1957 2122 μὲν
1990 2052 2080 2106 τὸν

2139 2051 2241 2103 ιεὸν
2282 2048 2517 2102 ἐνταῦθα
2550 2047 2835 2118 καλῶμεν.
2864 2048 2918 2118 4)
2954 2047 3022 2100 In
3049 2048 3520 2102 Amtuntiationem
3550 2043 3606 2100 S.
3630 2047 3725 2098 Ma-

491 2138 633 2199 rian,
669 2137 815 2192 init.:
851 2137 919 2190 Εἴ
951 2154 1079 2190 ποτε
1111 2139 1192 2191 δεῖ
1221 2139 1430 2209 χαίρειν
1465 2139 1777 2207 ἄνθρωπον.
1812 2139 1866 2210 5)
1903 2137 1966 2192 lu
1999 2156 2077 2192 ma

2138 2154 2249 2190 tum
2293 2143 2585 2206 martyrem
2619 2134 2970 2199 Demetrium,
3018 2136 3400 2189 miraculorum
3445 2133 3724 2202 effectorem,

488 2224 600 2278 inc.
639 2241 654 2277 :
681 2223 900 2277 Πόλλων
931 2224 1104 2279 ὄντων
1136 2228 1233 2279 καὶ
1267 2226 1546 2296 μεγάλων.
1585 2227 1761 2281 locum
1790 2240 1857 2280 ex
1879 2227 1984 2281 hac
2035 2242 2074 2280 ο]

2141 2238 2178 2280 ι.
2211 2224 2616 2280 aﬂ‘ertAllatius
2651 2233 2843 2296 contra
2879 2221 3209 2293 llottinger.,
3247 2240 3300 2293 p.
3333 2223 3457 2278 205.
3487 2221 3562 2292 6.)
3593 2222 3642 2274 In
3673 2217 3724 2274 S.

493 2309 847 2377 Theodoram,
876 2313 1249 2366 miraculorum
1278 2314 1626 2382 eiet-tricem;
1655 2314 1761 2368 inc.
1797 2331 1809 2368 :
1856 2315 2011 2385 Ἐμοὶ
2040 2331 2074 2382 γ

2139 2330 2150 2365 ι
2182 2312 2392 2380 πολλῷν
2419 2311 2488 2366 τὰ
2523 2312 2591 2366 σὰ
2619 2295 3038 2380 Θαυξιαζόντων,
3077 2312 3249 2366 edidit
3280 2326 3398 2366 eam
3437 2309 3527 2365 Gr.
3556 2319 3604 2364 et
3626 2307 3725 2361 Lat.

491 2398 747 2455 Godl‘rid.
785 2400 1161 2456 Henscbenius
1221 2402 1274 2456 in
1309 2400 1459 2455 Actis
1489 2401 1590 2455 SS.
1623 2403 1708 2455 die
1755 2401 1788 2455 5
1823 2402 1992 2471 April.
2040 2411 2173 2456 tom.
2210 2401 2253 2453 l.
2284 2398 2485 2453 Locum
2531 2399 2655 2452 inde
2693 2399 3030 2467 produxerat
3061 2396 3294 2452 Allatius
3336 2406 3520 2451 contra
3550 2393 3730 2448 Hottin-

486 2502 630 2555 gen,
665 2505 716 2558 p.
750 2489 878 2542 204.
910 2517 980 2528 —-
1012 2489 1063 2558 7)
1094 2487 1281 2544 Oratio
1309 2491 1362 2544 in
1394 2500 1495 2544 tres
1531 2490 1840 2559 Theologos,
1865 2489 2152 2552 Basilium,
2189 2487 2502 2558 Gregorium
2551 2496 2598 2539 et
2631 2485 2720 2539 Jo.
2775 2484 3244 2555 Chrysostomum;
3283 2502 3442 2555 quam
3474 2491 3604 2539 orat.
3637 2494 3728 2536 non

485 2590 610 2632 esse
644 2577 808 2645 hujus
840 2577 1109 2633 Cabasilae
1147 2577 1319 2634 fetum
1349 2617 1363 2644 ,
1403 2581 1496 2634 sed
1528 2577 1800 2633 Philotbei
1849 2581 2151 2633 orationem
2182 2575 2237 2630 in
2271 2583 2381 2629 tres
2430 2575 2555 2629 illos
2599 2574 2794 2628 Patres
2847 2574 2949 2642 legi
2978 2575 3029 2628 in
3081 2575 3202 2628 cod.
3261 2573 3523 2628 Vat-cano
3545 2570 3657 2636 809,
3683 2584 3728 2637 p.

494 2664 620 2730 100,
662 2665 941 2719 contendit
975 2664 1228 2720 Labbeus
1255 2665 1310 2719 in
1344 2664 1486 2720 Diss.
1523 2666 1715 2718 histor.
1747 2666 1814 2719 de
1846 2665 2208 2734 scriptoribus
2236 2664 2437 2718 eccles.
2472 2671 2604 2717 tom.
2637 2662 2703 2726 ll,
2743 2677 2800 2731 p.
2836 2661 2956 2715 1l4.
2995 2661 3290 2717 Enimvero
3337 2661 3545 2716 Fabric.
3596 2674 3642 2726 p.
3674 2655 3728 2707 76

486 2752 552 2805 ad
586 2753 748 2805 Allat.
787 2763 900 2806 not.
938 2769 992 2821 ῃ,
1037 2754 1190 2808 decet
1229 2752 1498 2807 Philothei
1545 2752 1698 2806 Orat.
1729 2751 1826 2807 Gr.
1867 2767 1932 2806 ac
1962 2753 2079 2808 Lat.
2113 2766 2218 2805 una
2255 2766 2377 2807 cum
2408 2751 2634 2821 Dioptra
2675 2749 2911 2819 Philippi
2942 2750 3179 2805 Solitarii
3217 2761 3326 2804 etc.
3363 2750 3556 2804 editam
3583 2744 3726 2800 aJac.

486 2838 753 2902 Pontauo,
789 2837 1104 2908 lngolstadii
1137 2839 1296 2902 1601,
1333 2841 1402 2908 4,
1443 2850 1496 2894 et
1526 2841 1650 2895 hinc
1684 2842 1734 2894 in
1772 2841 2030 2895 Auctario
2060 2841 2348 2901 Ducaeano,
2381 2836 2555 2892 Paris.
2616 2838 2777 2901 1624,
2815 2848 2948 2892 tom.
2982 2835 3047 2902 ll,
3082 2853 3205 2908 pag.
3234 2838 3364 2904 515,
3394 2848 3446 2892 et
3476 2836 3588 2889 Lat.
3617 2845 3725 2886 tum.

489 2925 658 2979 XXVI
707 2926 846 2980 Bibl.
889 2925 1137 2992 Patrum,
1179 2928 1350 2999 Lugd.
1385 2945 1436 2998 p.
1473 2928 1600 2994 217,
1633 2930 1900 2983 diversam
1936 2943 2056 2982 esse
2085 2928 2155 2982 ab
2182 2927 2442 2982 Oratione
2489 2925 2756 2981 Cahasile
2814 2927 2867 2981 in
2900 2927 3121 2981 eosdem
3176 2943 3371 2982 sacros
3418 2921 3726 2979 triumviros,

484 3030 607 3084 quae
635 3030 738 3070 ms.
772 3028 856 3070 est
887 3018 940 3071 in
976 3017 1110 3071 bibl.
1140 3017 1410 3088 Caesarea;
1443 3017 1590 3089 (cod.
1617 3019 1743 3072 267.
1781 3034 1865 3070 ιιι.
1896 3018 1982 3081 14,
2015 3028 2069 3071 et
2096 3016 2371 3086 .Lambec.
2401 3015 2506 3068 vol.
2547 3013 2613 3078 V,
2649 3031 2704 3085 p.
2738 3013 2888 3087 455).
2921 3014 3196 3070 Labbeum
3224 3016 3340 3086 jam
3374 3013 3633 3074 reintavit,
3661 3009 3729 3060 vel

485 3119 550 3156 ex
580 3103 750 3159 initiis
777 3104 932 3162 Orat.
965 3105 1235 3161 Philothei
1272 3117 1436 3178 atque
1464 3109 1565 3163 Or.
1605 3108 1775 3163 Nicol.
1805 3107 2003 3163 Cabas.
2051 3105 2474 3161 demonstrando
2519 3105 2803 3174 utriusque
2833 3103 2984 3159 Orat.
3025 3105 3399 3159 diversitatem
3460 3100 3730 3155 Fabricius.

487 3190 760 3246 Przeterea
790 3205 844 3247 et
880 3194 949 3248 ab
983 3194 1129 3260 aliis,
1162 3196 1361 3264 inquit,
1386 3196 1660 3250 laudatam
1695 3210 1818 3250 esse
1863 3195 2008 3248 illam
2045 3195 2326 3248 beatorum
2377 3195 2664 3249 doctorum
2700 3197 2898 3264 trigam
2927 3211 2955 3248 a
2977 3193 3188 3250 Joanne
3222 3195 3609 3249 Eueltaitarum
3636 3201 3730 3242 me-

491 3282 765 3350 tropolita,
797 3283 886 3350 (V.
926 3284 1098 3339 Atlat.
1129 3299 1252 3354 pag.
1281 3283 1407 3347 112,
1439 3285 1504 3339 de
1544 3282 1860 3339 Simeonum
1887 3282 2128 3352 scriptis)
2161 3279 2771 3337 TlteodoroMetocbita
2809 3293 2864 3336 et
2887 3282 3142 3338 Matthaao
3169 3282 3481 3337 Camariota
3510 3279 3730 3345 aliisque.

487 3369 976 3441 obscrvaruutﬁiri
1029 3374 1352 3427 doctissimi.
1379 3372 1582 3427 Confer
1639 3374 1772 3426 Acta
1801 3370 1911 3426 SS.
1945 3380 2075 3425 tom.
2100 3369 2164 3438 ll,
2191 3371 2344 3439 Juu.,
2377 3389 2497 3442 pag.
2523 3373 2630 3427 955
2659 3388 2776 3441 seq.
2809 3371 2902 3426 ubi
2938 3373 3004 3425 de
3039 3371 3200 3436 festo,
3235 3370 3382 3441 quod
3416 3369 3466 3424 in
3502 3371 3730 3423 honorent

487 3473 831 3511 communem
873 3459 1078 3525 Basilii,
1107 3459 1437 3514 Nazianzeni
1469 3469 1524 3513 et
1555 3458 1930 3528 Cbrysostomi
1960 3477 1986 3512 a
2028 3458 2254 3524 Graecis,
2289 3462 2376 3515 die
2401 3461 2470 3514 50
2504 3458 2731 3517 Januar.
2769 3459 3104 3526 celebratur,
3138 3470 3367 3514 auctore
3420 3455 3620 3512 Joanne
3645 3465 3734 3504 me-

487 3546 737 3613 tropolita
774 3545 1156 3600 Eucbaitarum
1193 3549 1533 3618 temporibus
1561 3547 1737 3603 Alexii
1765 3545 2051 3613 Conmeni,
2090 3547 2235 3601 litem
2269 3548 2636 3612 ambitiosam,
2689 3563 2812 3617 qua:
2867 3547 3009 3602 inter
3052 3546 3333 3615 Basilitas,
3371 3544 3669 3616 Gregoritas
3693 3543 3736 3589 ct

483 3634 773 3689 Joannitas
807 3647 922 3688 orta
963 3637 1160 3700 luerat,
1194 3637 1266 3689 ita
1319 3647 1698 3706 componente,
1736 3643 1797 3690 ut
1831 3636 2058 3701 diceret,
2107 3645 2216 3690 tres
2253 3637 2375 3692 illos
2416 3636 2580 3691 simul
2633 3637 2738 3690 sibi
2774 3636 2922 3690 visos
2965 3637 3180 3700 adesse,
3220 3644 3476 3699 testatos,
3507 3647 3564 3686 se
3593 3643 3734 3682 litium

487 3739 612 3778 eSse
644 3726 782 3790 apud
813 3723 1005 3788 Deum,
1039 3724 1223 3793 itaque
1254 3739 1352 3778 nec
1381 3739 1667 3796 sua.causa
1695 3726 2126 3780 contendendqu
2153 3726 2220 3779 de
2248 3725 2629 3794 praerogativa,
2665 3725 2758 3779 sed
2782 3723 2984 3778 cultum
3011 3722 3251 3791 ipsorum
3283 3734 3618 3777 communem
3643 3730 3733 3769 uno

487 3813 572 3864 dte
605 3812 1070 3880 coniungendum.
1105 3812 1308 3866 Confer
1357 3813 1520 3868 etiam
1556 3813 1761 3869 Nicolai
1820 3813 1999 3884 llaytei
2034 3823 2324 3866 tractatum
2358 3811 2788 3882 praeliminarem
2825 3810 2974 3866 Actis
3003 3811 3107 3864 SS.
3139 3819 3271 3866 tom.
3307 3809 3375 3875 ll,
3405 3808 3570 3872 Junii,
3615 3823 3734 3876 pra:-

496 3899 750 3953 missum.
792 3897 1069 3955 Hactenus
1107 3901 1323 3956 Fabric.
1362 3932 1433 3942 —
1459 3904 1730 3958 Pliilotbei
1762 3914 1815 3958 et
1845 3901 1929 3956 Jo.
1976 3901 2362 3954 tzucbaitarum
2421 3901 2706 3969 tnetropol.
2743 3900 2922 3958 Oratt.
2955 3899 3010 3952 in
3045 3909 3152 3954 tres
3178 3899 3302 3966 illos
3327 3901 3533 3962 Patres,
3563 3907 3710 3963 atquc

490 3987 670 4042 Nicol.
728 3987 998 4042 Cabasila:
1052 3993 1302 4058 quaedam
1359 4002 1548 4046 contra
1598 3993 1844 4057 Latinos,
1881 4001 2008 4045 sunt
2049 3990 2239 4044 Romae
2270 3989 2411 4044 inter
2437 3989 2597 4044 codd.
2630 3988 2879 4044 Vatican.
2925 3988 3389 4057 teste',.\lontl‘aut~.
3424 3990 3476 4042 in
3519 3983 3645 4038 Bibl.
3674 3979 3737 4032 bi-

497 4077 738 4128 biblith.
780 4075 938 4130 MSS.
976 4089 1031 4146 p.
1075 4077 1180 4144 1‘2;
1243 4077 1308 4131 Ι).
1349 4079 1412 4134 Β.
1450 4080 1630 4134 Μαι.
1685 4081 1890 4134 Cabas.
1953 4079 2240 4132 Orationes
2283 4078 2531 4144 quadarn
2577 4093 2710 4131 mss.
2770 4078 2958 4132 Bonna:
3012 4077 3084 4146 ἰιιζ
3112 4077 3246 4131 bibl.
3314 4076 3629 4137 Barbeiina;
3661 4067 3734 4122 sed

490 4183 738 4234 qumnam
767 4169 898 4230 sint,
931 4182 1039 4220 non
1075 4169 1294 4224 additur
1328 4169 1382 4223 in
1413 4169 1718 4226 Montl‘auc.
1752 4160 1884 4224 bibl.
1906 4172 2001 4223 cit.
2026 4183 2081 4237 p.
2109 4166 2212 4220 175
2244 4165 2315 4222 E.
2336 4165 2446 4220 Nec
2472 4164 2767 4221 Montl'auc.
2798 4165 2892 4220 lib.
2913 4165 3007 4222 cit.
3036 4163 3290 4224 inlndicc
3325 4168 3482 4222 codd.
3521 4162 3734 4217 Vatican-

492 4254 742 4318 adduxit,
781 4270 880 4308 nec
919 4255 1152 4310 Allatius
1177 4258 1460 4329 eos‘codd.
1495 4259 1892 4329 pervestigans,
1949 4256 2192 4324 reperire
2229 4256 2411 4324 potuit
2453 4256 2730 4310 orationes
2781 4255 2873 4320 88,
2911 4271 3048 4325 quas
3076 4257 3169 4310 alii
3203 4258 3259 4311 in
3295 4260 3484 4312 codice
3527 4255 3735 4322 quodam

491 4339 666 4394 Vatic.
699 4329 921 4398 exstare
949 4319 1316 4413 scripseruni,
1344 4356 1419 4413 et,
1447 4319 1514 4400 ιιί
1537 4346 1702 4401 Allat.
1725 4346 1897 4411 addit,
1932 4344 2142 4409 Nilone,
2172 4359 2240 4396 an
2266 4342 2487 4399 Nicolao
2515 4345 2864 4413 assignandae
2907 4345 3039 4407 sint,
3065 4345 3166 4414 ipsi
3204 4345 3459 4399 viderint.
3496 4342 3668 4396 [lenite
3696 4339 3738 4386 in

488 4428 624 4482 bibl.
654 4431 876 4500 Cbiggia
912 4431 1027 4486 Nic.
1058 4432 1191 4486 Cab.
1221 4435 1506 4488 Orationes
1533 4435 1807 4502 quadam.
1837 4433 1928 4488 Sic
1956 4435 2135 4487 minus
2157 4447 2346 4490 curate
2378 4437 2510 4490 citat
2545 4438 2668 4490 cod.
2701 4434 3048 4491 Montfaucou
3082 4438 3137 4490 in
3169 4437 3363 4491 Dial-io
3388 4435 3516 4490 Ital.
3547 4448 3594 4502 p.
3626 4428 3738 4484 258.

488 4543 561 4554 -—-
585 4517 724 4570 Add.
762 4519 865 4571 vol.
904 4519 998 4585 lx,
1035 4535 1088 4588 p.
1131 4520 1220 4586 72,
1255 4521 1346 4587 90,
1372 4521 1465 4586 95,
1499 4521 1624 4585 112,
1651 4520 1906 4586 114,147
1938 4523 2208 4589 vet.edit.,
2239 4525 2332 4577 sed
2366 4526 2486 4578 aliae
2519 4525 2704 4594 plures
2731 4524 2940 4580 Nicolai
2965 4524 3430 4580 Cabasilaiﬂratt.
3463 4525 3529 4577 ab
3561 4515 3740 4574 Allatio

492 4608 895 4674 pi'aeterttiissm,
932 4609 1103 4661 latent
1131 4609 1182 4661 in
1219 4610 1380 4664 Codd.
1416 4609 1548 4663 bibl.
1587 4607 1766 4663 Paris.
1798 4618 1962 4678 atque
1987 4609 2282 4666 Ctesareas.
2330 4610 2555 4666 Fabric.
2593 4613 2646 4666 in
2679 4623 2798 4667 not.
2839 4623 2882 4676 t,
2920 4630 2972 4683 p.
3010 4614 3098 4678 74,
3138 4615 3204 4668 ad
3221 4615 3388 4668 Allat.
3419 4613 3616 4668 Gra-cis
3636 4619 3743 4659 ver-

497 4695 602 4759 bis,
637 4709 740 4747 una
773 4711 898 4747 cum
932 4695 1102 4749 initiis
1138 4696 1477 4766 singularum
1513 4698 1712 4750 multas
1741 4697 1927 4751 refert.
1958 4697 2102 4752 Add.
2135 4698 2349 4754 Caveus
2383 4709 2548 4768 atque
2572 4700 2824 4756 Oudinus
2854 4701 2988 4756 locis
3040 4703 3248 4758 citatis.
3281 4702 3362 4756 Ex
3396 4699 3569 4756 Catal.
3599 4695 3742 4766 igitur

495 4783 780 4850 supplebo,
821 4797 1024 4851 easque
1053 4799 1189 4852 qu:ts
1224 4799 1290 4838 ex
1341 4785 1542 4838 Allatio
1590 4786 1896 4850 numeravi,
1940 4785 2099 4841 simul
2134 4788 2422 4855 attingam.
2455 4787 2634 4846 Paris.
2665 4789 2718 4843 in
2740 4787 2902 4857 ;Bibl.
2937 4788 3085 4858 publ.
3112 4791 3235 4844 cod.
3271 4789 3434 4854 1215,
3468 4783 3742 4842 setuttdum

487 4868 608 4922 Cat.
652 4872 810 4923 codd.
846 4869 941 4925 Gr.
975 4869 1150 4924 Paris.
1191 4882 1324 4927 tom.
1362 4869 1429 4935 ll,
1459 4888 1512 4941 p.
1537 4871 1667 4939 254,
1703 4887 1802 4927 suo
1835 4889 2059 4942 quaeque
2088 4875 2282 4928 ordine
2307 4886 2436 4928 sunt
2464 4892 2632 4945 supra
2671 4885 2987 4930 memoratae
3017 4885 3159 4930 orat.
3195 4893 3249 4930 ιι.
3289 4879 3345 4940 5,
3376 4877 3430 4941 4,
3469 4877 3520 4939 1,
3543 4874 3594 4938 2,
3625 4873 3670 4929 5.
3693 4881 3740 4935 6!

493 4955 538 5004 7.
581 4956 848 5012 l’ratcrea
892 4959 1241 5027 reperiuntur
1273 4961 1323 5012 in
1357 4959 1548 5013 eodem
1585 4961 1774 5014 codice
1806 4961 1921 5014 Nic.
1955 4963 2155 5018 Cabas.
2191 4963 2438 5016 llomilia:
2469 4965 2522 5034 1)
2583 4963 2653 5017 In
2685 4965 2898 5017 laudem
2948 4964 3011 5018 S.
3042 4962 3262 5018 Nicolai
3295 4981 3309 5029 ;
3347 4963 3536 5031 (etiam
3563 4965 3610 5013 iu
3632 4960 3738 5010 cod-

495 5043 654 5114 1258)
683 5046 758 5112 t2)
795 5045 858 5096 In
884 5044 1270 5098 Dormitiouem
1327 5045 1606 5115 Deiparw,‘
1632 5049 1686 5117 5)
1711 5047 1776 5101 In
1804 5051 1919 5102 And
1929 5068 2008 5100 ret:
2021 5067 2089 5102 ιιι.
2118 5051 2410 5118 juniorem,
2434 5054 2527 5121 qui
2555 5052 2945 5122 Hierosolymis
2968 5060 3175 5122 martyr
3198 5053 3369 5119 obiit;
3393 5051 3450 5122 4)
3482 5051 3561 5103 Ad
3577 5045 3741 5099 Ιεδιιηι

491 5130 780 5186 Christum.
823 5133 876 5202 5)
911 5132 1062 5185 Orat.
1097 5135 1164 5184 ad
1197 5133 1492 5202 Augustam
1535 5135 1612 5189 De
1666 5140 1881 5204 usuris;
1911 5143 1962 5205 ti)
1996 5141 2077 5190 Ad
2108 5139 2468 5205 Athenienses,
2504 5140 2580 5195 De
2638 5157 2739 5195 ara
2793 5138 3212 5208 misericordiw;
3248 5141 3303 5210 7)
3352 5141 3608 5194 Aduersus
3632 5130 3743 5186 Gre-

596 5291 667 5359 td)
717 5290 948 5365 Notante
981 5290 1232 5365 Fabricio
1278 5306 1396 5360 pag.
1434 5291 1501 5345 75
1529 5307 1643 5362 seq.
1673 5293 1856 5347 Oratio
1889 5295 1939 5346 in
1973 5297 2064 5365 {oz—
2175 5297 2256 5351 vit
2311 5298 2525 5354 Simon.
2567 5297 2905 5363 Simonides,
2945 5299 3212 5355 Samoscii
3246 5297 3412 5365 1604,
3466 5296 3518 5349 4.
3563 5288 3741 5365 Sed”

492 5341 904 5434 uertitores__Gr.
962 5365 1145 5434 lucem
1177 5341 1619 5432 vidtrtfquatuvi;
1655 5368 1798 5418 haud
1829 5370 1921 5417 int.
1943 5341 2060 5434 εἰηι,

2172 5366 2429 5432 Janozki,
2476 5369 2798 5424 Nachricht.
2836 5341 2936 5425 vo’n
2969 5375 3133 5425 deum
3171 5374 3226 5425 in
3261 5373 3358 5423 der
3385 5341 3741 5434 zeluskisclteu

489 5437 745 5501 Augusta:
777 5430 1171 5510 ‘lelticiiﬂé95,
1203 5429 1399 5510 edente
1421 5435 1616 5489 Davide
1646 5429 1970 5510 “test-help,
1994 5453 2059 5510 ex
2170 5429 2435 5506 Bac/terni,
2471 5453 2608 5507 part.
2643 5457 2696 5507 γ,
2736 5441 2840 5493 217
2875 5458 3027 5510 seqq.
3069 5447 3389 5496 recensetur
3429 5439 3638 5509 quidem
3665 5429 3740 5482 illa

489 5519 609 5578 fuit.
633 5503 992 5578 _tns‘._lll_aimni
1033 5502 1324 5578 illarguuii.
1354 5507 1619 5578 [ntegrum
1654 5524 1776 5578 cum
1804 5507 1954 5559 Orat.
1997 5509 2053 5561 ὃ.
2169 5502 2692 5578 ΕμὶμΙιειιιίἰόιίιιὶυ,
2715 5523 2770 5564 at
2804 5502 3035 5566 nulla-lit
3063 5514 3268 5567 mentio
3292 5502 3612 5568 Nic.Cabas.
3635 5513 3742 5555 ora-

487 5570 774 5640 Eptpbauii
812 5574 863 5623 in
895 5575 1219 5640 sepulturam
1255 5570 1610 5640 Οιιιιειιξϐιν.
1637 5596 1699 5631 ac
1722 5577 1841 5630 Lat.
1877 5582 2062 5645 vnlga-
2177 5570 2339 5633 ttotits
2376 5583 2449 5634 illi
2487 5570 2775 5650 adjunctus.

559 5709 652 5781 (2)4
681 5708 968 5790 Secundum
994 5712 1202 5790 Nesselii
1248 5716 1564 5790 Catalogum,
1598 5727 1737 5781 parte
1766 5720 1803 5790 Ι,
1857 5733 1980 5786 πως,
2000 5720 2106 5777 563,
2137 5736 2145 5767 ι

2150 5723 2244 5790 :od.
2269 5722 2384 5790 262,
2411 5738 2457 5790 tt.
2489 5725 2561 5773 IL
2589 5725 2769 5786 incipit
2797 5742 2808 5775 :
2843 5728 2995 5789 Οἶμαί
3019 5746 3070 5790 γε
3095 5731 3190 5776 τῶν
3218 5725 3560 5790 ἑννομωτάτων
3583 5719 3655 5766 καὶ
3685 5715 3736 5764 δι·

488 5776 754 5820 καιοτατων
781 5776 915 5822 εἰναι.
935 5776 1127 5828 ιιίδιιια.
1156 5779 1310 5829 lianc.
1337 5789 1368 5830 t.
1396 5776 1522 5831 Vill.
1542 5776 1892 5833 ἰηίἐιέηδὶωἱι·
1923 5776 1949 5830 i'
1968 5784 2074 5832 ttat't

1241 5794 1310 5829 ιιι..
1337 5789 1368 5830 t.
1396 5776 1522 5831 ΠΗ.
1542 5776 1892 5833 ἰηί·ε‹ἐιιδὶυιὶι·
1923 5776 1949 5830 ἰ·
1968 5784 2143 5832 iturum
2163 5787 2218 5832 S.
2249 5776 2456 5836 Joannis
2483 5776 2827 5848 Cltt'qaosiomt'.
