4016 6452
648 324 687 351 ο

258 410 349 476 361
1703 398 1844 466 ΝΟΤ

1923 406 2030 466 'lA.
3403 413 3509 479 36?.

262 537 390 591 goria
409 519 690 573 delirantis
713 519 948 582 somnia;
971 512 1023 582 8)
1051 514 1201 571 Orat.
1228 528 1330 583 qua
1363 515 1645 584 Pyrrhonis
1677 518 1739 568 de
1777 517 2013 570 veritatis
2044 520 2254 573 criterio
2281 518 2537 573 srntentia
2569 521 2942 589 impugnatur;
2976 518 3029 588 9)
3057 520 3109 572 in
3134 518 3343 573 laudent
3372 504 3515 575 Μαιῖ

268 615 380 669 thati
402 612 773 668 Cantacuzeni
809 610 943 676 ﬁlii;
978 610 1066 673 10)
1098 609 1163 663 In
1193 610 1407 663 laudem
1438 608 1607 662 Anna:
1677 607 2073 677 Palwologinm,
2103 613 2487 680 imperatricis.
2538 644 2602 653 —
2635 616 2692 666 lu
2720 614 2840 669 cod.
2879 612 3128 667 Czcsareo
3153 614 3260 669 266
3297 625 3514 670 suntex

275 702 454 757 Allatio
475 698 593 769 jam
626 699 920 767 designatas
946 697 1121 751 Oratt.
1154 713 1208 750 η.
1246 697 1299 760 5,
1332 696 1384 759 4,
1421 695 1477 750 6.
1517 694 1572 748 In
1602 695 1693 749 illo
1729 698 1854 749 cod.
1890 706 1946 750 et
1981 698 2104 753 cod.
2136 700 2262 762 267,
2298 717 2350 752 n.
2377 700 2469 764 25,
2499 711 2673 754 exstat
2701 715 2919 770 quoque
2950 699 3065 755 Nic.
3091 700 3356 756 Cabasila:
3387 700 3516 756 (ira-

281 791 350 844 tio
394 789 485 859 (uti
537 787 767 853 dicitur,
798 788 1004 855 pariter
1034 787 1087 839 in
1110 796 1219 840 cat.
1253 786 1415 841 codd.
1449 786 1546 840 Gr.
1587 783 1762 839 Paris.
1800 785 1853 837 in
1888 786 2009 840 rod.
2039 785 2145 842 970
2189 788 2464 848 llomilia;
2497 788 2551 841 in
2612 794 2735 843 cod.
2771 799 2951 841 autem
2979 789 3115 842 1213
3177 805 3341 843 mem.
3373 792 3517 857 Opu—

279 878 483 945 scutum)
523 874 596 930 De
627 890 793 930 usura
816 886 1001 929 contra
1034 876 1364 942 feneratores
1394 873 1673 944 (Lambcc.
1717 872 1780 938 V,
1814 888 1865 941 p.
1903 872 2006 926 Mli
2043 874 2224 943 seqq)
2268 874 2459 927 Latine
2497 890 2714 926 versam
2749 875 2921 927 edidit
2970 875 3114 927 illam
3148 875 3267 929 Jac.
3307 875 3512 929 Ponta-

277 980 366 1019 nus
390 980 505 1019 cum
536 962 801 1017 Cabasilac
830 962 984 1016 libris
1016 960 1098 1017 Vl.
1137 962 1208 1016 De
1240 964 1343 1017 vita
1378 967 1431 1014 in
1456 962 1686 1022 Christo,
1712 960 1827 1013 Lat.
1860 961 2047 1014 etiam.
2079 960 2304 1027 lngnlst.
2341 961 2497 1025 1604,
2526 961 2582 1013 4ο
2612 962 2761 1030 (ιη-ε
2785 961 2986 1015 Contra
3023 963 3076 1013 in
3111 964 3232 1015 cod.
3265 963 3515 1018 Caesareo

269 1051 364 1105 267
388 1042 601 1106 exstant
629 1048 806 1103 Oratt.
841 1064 905 1101 ex
938 1048 1139 1101 Allatio
1169 1064 1197 1101 a
1237 1064 1320 1103 me
1350 1049 1550 1109 citatm,
1601 1049 1701 1101 huc
1747 1049 1855 1100 ordl

1928 1063 1960 1106 ξ,
1993 1065 2046 1099 n.
2083 1047 2137 1107 2,
2172 1049 2229 1112 5,
2268 1047 2321 1109 4,
2358 1049 2408 1109 1.
2440 1048 2490 1108 5,
2517 1048 2568 1107 6,
2595 1051 2645 1102 7.
2678 1046 2900 1115 Insuper
2924 1047 3176 1113 leguntur
3242 1050 3295 1103 in
3325 1052 3514 1106 eodem

266 1139 382 1192 cod.
409 1137 583 1191 Oratt.
623 1150 687 1189 ex
719 1136 839 1189 cod.
865 1133 1097 1188 Parisin.
1139 1134 1370 1189 laudata:
1400 1151 1455 1187 n.
1489 1135 1539 1197 l,
1561 1133 1616 1194 2,
1652 1135 1706 1189 5.
1738 1135 1792 1195 4,
1831 1133 1884 1196 5,
1909 1132 1960 1193 6,
1986 1131 2037 1189 7.
2064 1134 2116 1187 8.
2146 1132 2283 1187 Tum
2323 1134 2374 1186 in
2407 1136 2528 1187 eod.
2569 1135 2690 1187 cod.
2722 1134 2995 1194 Czcsareo.
3024 1150 3074 1188 n.
3117 1134 3202 1197 15,
3234 1136 3518 1191 Att/acuti»

265 1225 330 1278 ad
384 1222 442 1278 S.
470 1233 750 1291 martyrem
796 1220 1138 1274 Demetrium.
1206 1220 1269 1275 V.
1296 1220 1552 1275 Lambec.
1595 1219 1655 1279 V,
1687 1236 1739 1287 p.
1771 1220 1877 1275 428
1931 1236 2085 1289 seqq.
2129 1222 2217 1289 qui
2245 1222 2427 1290 getiam
2482 1221 2685 1289 reliqua
2736 1221 2852 1275 Nic.
2891 1221 3160 1275 Cabasilae
3195 1239 3312 1291 qua:
3343 1227 3394 1278 in
3424 1228 3513 1278 illo

264 1313 445 1365 codice
473 1318 759 1377 supersunt
788 1348 801 1370 ,
834 1309 1102 1377 Opuscula
1132 1310 1265 1363 ibid.
1304 1316 1583 1370 recenset;
1615 1323 1716 1376 ego
1742 1324 1865 1362 vero
1898 1307 2003 1374 iam
2039 1324 2198 1375 supra
2254 1319 2549 1361 memorata
2586 1310 2870 1362 omittam:

332 1397 486 1450 Liber
510 1398 574 1449 de
609 1398 1020 1465 magistratuum
1057 1396 1301 1450 civilium
1332 1396 1529 1463 iniquis
1557 1397 1702 1449 ausis
1724 1396 1864 1448 circa
1896 1412 1973 1447 res
2014 1412 2219 1449 sacras.
2255 1396 2349 1449 Est
2380 1411 2595 1463 quoque
2628 1397 2678 1447 iu
2703 1396 2863 1451 codd.
2899 1398 3077 1452 Paris.
3131 1400 3236 1454 970
3267 1409 3319 1452 et
3352 1401 3511 1455 Hi5.

334 1504 634 1560 Solutiones
672 1504 1190 1574 argumentationum
1213 1506 1437 1572 quinque
1462 1513 1649 1556 contra
1694 1502 2007 1556 rhetoricam
2038 1520 2085 1556 s.
2136 1512 2301 1556 artem
2332 1503 2558 1556 dicendi.
2597 1503 2813 1571 Legitur
2859 1520 3070 1575 quoque
3109 1507 3158 1559 iu
3186 1510 3305 1561 col.
3338 1509 3514 1564 Paris.

274 1593 434 1648 1215.

346 1682 615 1736 Tredecim
651 1685 1032 1751 epigrannnala
1059 1684 1289 1736 versibus
1321 1682 1540 1736 heroicis
1567 1723 1580 1747 ,
1604 1697 1723 1750 qute
1743 1679 1951 1749 singula
1988 1685 2271 1731 recensent
2315 1672 2566 1731 Lambec.
2602 1669 2666 1741 ν,
2696 1692 2744 1745 p.
2767 1677 2891 1743 459,
2919 1688 2974 1733 ct
3008 1679 3222 1734 Fabric.
3255 1683 3320 1734 ad
3351 1684 3517 1739 Allat.

264 1785 315 1839 p.
348 1769 437 1833 77,
472 1780 585 1823 not.
612 1771 661 1822 b.
698 1768 809 1823 Huc
832 1768 971 1823 refer
999 1770 1117 1823 cod.
1148 1769 1318 1822 Paris.
1355 1769 1633 1823 laudatum
1691 1769 1851 1828 1215,
1899 1767 2011 1828 ubi.
2039 1783 2092 1819 n.
2121 1765 2210 1827 25,
2264 1775 2346 1818 est
2405 1764 2524 1819 Nic.
2556 1765 2849 1820 Cztlmssilze
2881 1767 3240 1836 Epitaphium,
3267 1770 3517 1825 versibus

266 1858 522 1922 heroicis,
554 1855 654 1909 Nili
677 1856 995 1911 Thessalon.
1032 1871 1153 1909 cum
1188 1857 1396 1925 aliquot
1426 1855 1666 1925 ejusdem
1698 1852 1906 1908 Nicolai
1951 1853 2448 1921 epigrammatibus.
2484 1851 2542 1905 In
2569 1854 2691 1907 cod.
2723 1853 2948 1907 Coislin.
2986 1854 3199 1924 515(in'
3231 1872 3341 1925 quo
3393 1870 3521 1914 sunt

268 1954 556 1998 memorata
590 1943 800 2011 aliaque
828 1943 1000 1997 Nicol.
1029 1941 1293 1998 Cabasila:
1309 1941 1584 2010 Opuscula
1615 1952 1668 1996 ct
1692 1942 1966 2011 Epistolas)
1999 1939 2225 1993 Heroica
2273 1938 2527 1992 Carmina
2575 1939 2627 1991 in
2661 1942 2996 2008 sepulturam
3031 1944 3317 2011 avunculi;
3350 1946 3399 1998 in
3431 1963 3519 2001 se-

268 2031 511 2100 pulcrum
560 2031 877 2100 patriarchae
906 2029 1103 2084 lsodori
1135 2040 1189 2084 et
1214 2030 1317 2083 alia
1350 2030 1592 2084 carmina
1625 2029 1675 2082 in
1707 2028 2112 2082 translationem
2143 2027 2491 2095 reliquiarum
2515 2026 2573 2081 S.
2596 2026 2914 2092 Theodorus,
2949 2030 3001 2083 in
3032 2045 3296 2087 canonem
3333 2031 3391 2088 S.
3417 2034 3521 2090 Dc-

268 2118 468 2182 metrii,
515 2127 567 2172 et
592 2119 719 2179 alia.
758 2128 893 2174 teste
925 2119 1218 2173 Monttauc.
1253 2119 1305 2171 in
1337 2118 1461 2172 bibl.
1495 2117 1664 2172 Coisl.
1701 2132 1754 2186 p.
1787 2117 1913 2170 428.

338 2204 524 2258 Oratio
554 2207 920 2260 encomiastica
939 2206 991 2260 in
1038 2209 1407 2275 imperatorem
1467 2205 1785 2275 (Antlronic.
1811 2203 2212 2273 Palaeologum).

342 2292 586 2358 Ερίειοιιε
609 2295 904 2356 sexdecim;
934 2295 984 2347 in
1017 2296 1131 2348 cod.
1159 2307 1338 2349 autem
1376 2294 1578 2350 Caesar.
1601 2292 1706 2346 266
1739 2331 1753 2355 ,
1785 2306 1840 2345 n.
1867 2289 1900 2344 9
1925 2329 1928 2339 .

1934 2327 1942 2350 ,
1974 2297 2097 2340 sunt
2124 2297 2232 2341 tres
2268 2287 2526 2356 epistolae.
2562 2288 2657 2357 (V.
2685 2287 2873 2343 Lamb.
2913 2290 2950 2341 V
2981 2305 3034 2359 p.
3089 2291 3238 2364 616.)
3288 2294 3348 2348 In
3398 2298 3520 2353 cod.

264 2381 430 2437 Cois].
461 2383 674 2435 laudato
705 2393 831 2436 sunt
878 2383 1308 2450 quattuordecim,
1368 2390 1423 2437 et
1475 2380 1745 2451 Cydonas,
1816 2374 2053 2445 Epistula
2093 2375 2159 2426 ad
2187 2374 2517 2430 Cabasilam.
2551 2405 2613 2416 —-
2642 2375 2951 2443 Florentiae,
3001 2379 3053 2433 in
3087 2382 3209 2437 cod.
3262 2380 3519 2439 Laurent.

269 2471 359 2531 t5,
397 2487 452 2524 η.
486 2469 556 2522 24
585 2484 706 2538 sqq.
738 2468 873 2536 plut.
907 2469 995 2526 75.
1018 2479 1145 2523 sunt
1169 2467 1420 2537 Epistulae
1458 2475 1695 2535 quatuor
1731 2474 1786 2520 et
1826 2463 1927 2518 Nili
1958 2462 2224 2519 Cabasilte
2274 2461 2594 2518 Thessalon.
2629 2463 2866 2531 Epistula
2895 2465 2961 2519 ad
2989 2466 3162 2522 Nicol.
3193 2468 3521 2528 Cabasilam.

275 2556 339 2611 γ.
371 2556 601 2610 Bandin.
632 2554 750 2609 Cat.
776 2555 936 2609 codd.
965 2554 1061 2610 Gr.
1096 2554 1257 2608 Laur.
1294 2555 1348 2618 5,
1379 2569 1426 2621 p.
1473 2552 1598 2607 107.
1632 2581 1700 2592 -
1722 2551 1776 2602 lu
1813 2550 1933 2604 cod.
1982 2548 2156 2603 Paris.
2189 2546 2445 2613 1215γη.
2474 2549 2528 2614 8,
2596 2550 2835 2617 Epistola
2868 2551 2933 2603 ad
2988 2550 3167 2606 Nilum
3198 2553 3518 2612 Thessalon.

264 2654 317 2698 et
347 2661 404 2695 ιι.
426 2643 516 2702 27.
562 2643 723 2697 variat
754 2641 1028 2710 Epistolar.
1076 2643 1238 2712 (Quot
1269 2656 1398 2696 vero
1426 2641 1534 2695 sint
1579 2649 1633 2693 et
1668 2641 1732 2694 ad
1767 2652 2028 2707 quosnam
2074 2637 2310 2705 scriptas,
2341 2651 2450 2691 non
2486 2638 2757 2692 indicatur
2802 2639 2852 2692 in
2888 2638 3008 2693 Cat.
3045 2639 3205 2694 codd.
3249 2640 3422 2698 Paris.
3452 2644 3520 2707 ll,

268 2732 484 2801 p.955).

337 2818 528 2873 Libell.
557 2819 621 2871 de
650 2819 986 2888 syllogismo.
1016 2821 1075 2870 lu
1109 2821 1234 2871 cod.
1265 2816 1657 2877 Ca'sar.266,n.
1689 2814 1782 2875 21,
1807 2814 1923 2880 ἰιιοίι

1937 2815 2033 2866 tit:
2072 2813 2309 2881 Ἀτομόν
2348 2815 2488 2877 ἐστι,
2542 2814 2601 2865 τὸ
2632 2813 2690 2866 ἓν
2732 2813 2975 2884 ἀριθμῷ,
3039 2810 3152 2869 οἷον
3199 2816 3287 2870 ὅδε
3341 2821 3370 2872 ὁ
3427 2820 3523 2874 ἇν-

267 2906 510 2976 ορωποςσ
538 2906 589 2958 in
617 2907 732 2959 cod.
776 2914 958 2958 autem
991 2904 1244 2957 Ambros.
1276 2903 1494 2957 Mediol.
1530 2912 1751 2956 notante
1774 2901 1853 2955 All

1944 2916 1997 2965 0,
2038 2916 2160 2970 pag.
2203 2902 2291 2965 79,
2349 2903 2562 2971 initium
2616 2911 2732 2956 est:
2763 2902 2972 2965 Σκοπός
3013 2904 3133 2957 ἐστι
3163 2904 3242 2975 τῷ
3293 2908 3525 2976 συντάγ-

274 3010 409 3062 ματι
436 2993 641 3057 διδάξαι
671 2993 729 3044 si)
758 2988 896 3053 εἶδος
928 2992 1035 3044 τῶν
1066 2990 1467 3060 συλλογισμῶν,
1502 3005 1660 3059 quem
1699 3005 1826 3043 vero

1939 2988 1962 3042 li
2001 2989 2243 3043 tribuunt
2275 2987 2394 3042 Nilo
2439 2987 2762 3044 Tltessalon.
2796 2987 2862 3043 V.
2900 3005 3060 3059 supra
3101 2990 3204 3061 §I4
3249 2994 3317 3048 de
3374 2996 3525 3050 codi-

266 3080 425 3133 cibus
455 3081 508 3133 in
538 3080 697 3132 catal.
728 3078 882 3133 codd.
903 3079 1127 3147 Anglia,
1161 3086 1267 3133 etc.
1292 3078 1420 3145 ll,p.
1441 3077 1509 3132 60
1529 3093 1582 3130 n.
1603 3076 1764 3141 2258,
1793 3078 1933 3131 unde
1954 3077 2193 3131 citantur
2263 3078 2405 3132 inter
2434 3077 2587 3133 codd.
2619 3079 2866 3133 Vossian.
2900 3077 3210 3149 Syllogismi
3237 3080 3525 3140 Cabasilcr.

339 3167 427 3220 Ab
450 3166 645 3218 Allatio
675 3166 849 3218 adhuc
881 3177 1290 3220 memorantur:

343 3250 471 3307 Nic.
498 3250 765 3307 Cabasilte
807 3250 998 3303 Κανὼν
1030 3251 1282 3320 ἰαμϐικὸς
1321 3253 1460 3321 μετὰ
1488 3252 1717 3321 σκολίων
1740 3256 1807 3323 τῇ
1840 3254 1929 3325 ἑορ

956 3268 998 3303 Ν
1030 3251 1282 3320 ἰαμϐικὸς
1321 3253 1460 3321 μετὰ
1488 3252 1717 3321 σκολίων
1740 3256 1807 3323 τῇ
1840 3254 2000 3328 ἑορτῇ
2041 3260 2153 3309 τῶν
2185 3256 2542 3325 Θεοφανείων.

340 3341 538 3409 Eiusd.
569 3341 705 3395 alius
732 3357 898 3395 canon
927 3341 1182 3394 iambicus
1217 3356 1339 3394 cum
1378 3340 1592 3394 scholiis
1626 3342 1683 3394 in
1707 3340 1868 3410 festos
1900 3345 2038 3398 dies.

348 3431 539 3501 Ejusd.
564 3431 820 3501 ἐξήγησις
863 3433 915 3483 in
950 3429 1144 3483 librum
1189 3431 1403 3483 tertium
1442 3446 1646 3499 magna:
1673 3442 1934 3485 construct

1946 3432 2083 3485 iouis
2114 3431 2406 3486 Ptolemati.
2448 3431 2560 3485 luc.
2608 3433 2680 3484 Ev
2735 3431 2793 3485 δὲ
2835 3434 3011 3502 τούτῳ
3053 3434 3130 3503 τῷ
3189 3436 3528 3507 συντάγματι

269 3520 471 3579 σκοπός
499 3520 667 3571 ἐστιν’
718 3519 859 3572 Edit.
895 3533 997 3572 una
1035 3533 1157 3570 cum
1203 3533 1395 3587 magna
1429 3519 1653 3588 Syntaxi
1698 3520 1973 3575 Ptolemazi
1999 3536 2061 3572 ac
2086 3520 2325 3573 Theonis
2375 3519 2530 3572 Alex.
2567 3518 2771 3573 Grmcis
2796 3519 2846 3571 in
2874 3518 3222 3575 l’tolemazum
3254 3538 3530 3579 commen-

270 3617 380 3659 tar.
431 3605 591 3660 Basil.
623 3605 761 3659 1558
792 3605 887 3658 l'ol.
919 3621 973 3674 p.
1009 3604 1107 3659 151
1145 3619 1230 3673 sq.
1266 3604 1331 3661 V.
1364 3620 1524 3674 supra
1551 3606 1619 3660 ad
1664 3607 1770 3661 vol.
1807 3607 1869 3667 V,
1896 3604 2086 3673 p.284,
2137 3603 2360 3673 voL-IV.
2397 3619 2450 3671 p.
2485 3604 2625 3665 2l5;
2659 3613 2711 3656 et
2747 3603 2852 3657 vol.
2888 3602 2979 3665 IX,
3019 3619 3070 3671 p.
3118 3605 3219 3659 176
3240 3621 3323 3674 sq.
3362 3610 3530 3660 adno-

278 3701 413 3744 tata.
445 3691 618 3746 Oxon.
645 3692 699 3747 in
729 3692 866 3746 Bibl.
901 3691 1078 3746 Bodlci
1122 3693 1264 3746 inter
1291 3692 1450 3747 codd.
1497 3691 1664 3747 Henr.
1698 3693 1908 3756 Savilii,
1961 3710 2015 3746 η.
2047 3690 2190 3745 6572
2211 3706 2331 3761 sqq.
2382 3699 2558 3744 exstat
2592 3689 2634 3742 11
2692 3689 2878 3743 Savilii
2917 3694 3083 3745 versio
3137 3690 3336 3747 Latina
3359 3695 3529 3763 partis

285 3777 588 3847 Almagesti,
626 3788 678 3832 et
708 3779 1236 3833 Commentariorum
1268 3777 1508 3833 Theonis
1537 3788 1594 3834 et
1637 3779 1920 3843 Cabasilm,
1953 3778 2052 3833 tot.
2081 3776 2171 3832 Ill.

354 3863 413 3917 In
443 3869 554 3924 cod.
584 3867 757 3921 Paris.
785 3866 917 3919 Bibl.
954 3867 1100 3933 pubi.
1136 3867 1296 3930 i575,
1330 3881 1388 3919 η.
1419 3865 1474 3926 6,
1507 3866 1695 3921 incdit.
1740 3865 1940 3933 Opusc.

2015 3867 2088 3920 De
2139 3868 2336 3921 anima.
2373 3865 2541 3934 lucip.
2585 3865 2779 3929 Δισσὺς
2806 3865 3025 3935 λέγεται
3054 3870 3088 3938 ἡ
3110 3869 3257 3940 ψυχή
3282 3910 3297 3931 ,
3330 3880 3385 3925 et
3422 3871 3532 3924 fra—

270 3964 550 4023 gmcrnlum
584 3955 729 4008 illius
772 3956 824 4005 in
850 3955 969 4007 coal.
1018 3952 1172 4016 1589,
1205 3970 1259 4009 u.
1294 3953 1347 4006 5.
1375 3982 1443 3992 —
1473 3951 1532 4006 In
1563 3955 1685 4007 cod.
1713 3953 1870 4016 1591,
1896 3969 1952 4006 ιι.
1992 3955 2083 4016 l5,
2146 3954 2219 4007 De
2245 3970 2401 4007 sacra
2429 3953 2591 4016 stola,
2633 3953 2700 4007 de
2733 3968 2837 4022 qua
2894 3954 3008 4023 jam
3043 3970 3204 4026 supra
3242 3958 3308 4010 ad
3341 3973 3479 4027 opus
3514 3977 3532 4014 :

267 4041 557 4111 Interpret.
598 4041 875 4110 Liturgice,
917 4041 1005 4095 lin.
1036 4043 1278 4111 quaedam
1312 4041 1595 4094 adnotavi:
1628 4050 1681 4094 et
1706 4041 1882 4095 Caveo
1907 4040 2115 4094 videtur
2143 4055 2262 4094 esse
2287 4041 2566 4110 Appendix
2618 4042 2863 4108 quaedam
2901 4042 2968 4094 ad
3013 4057 3150 4111 opus
3198 4044 3531 4111 liturgit‘um.

260 4133 343 4184 Ab
368 4132 563 4184 eodem
593 4128 768 4183 Cavea
794 4129 1036 4184 citantur
1064 4143 1097 4181 θ
1128 4128 1283 4181 codd.
1325 4125 1619 4195 Responsio
1643 4130 1706 4180 ad
1766 4131 2268 4200 interrogationem,
2304 4129 2435 4195 Quis
2463 4130 2531 4182 sit
2561 4128 2684 4195 ﬁnis
2748 4130 3139 4184 incarnationis
3192 4130 3534 4188 Dominicaz?

257 4246 329 4257 --
356 4215 640 4286 Expositio
667 4218 953 4270 verborum
995 4214 1242 4281 Gregorii
1282 4214 1645 4269 Nazianzeni:
1682 4216 1747 4269 Ὢ
1776 4217 1843 4286 τῆ

1947 4218 2109 4286 ιαινῆς
2172 4217 2396 4286 μίξεως,
2426 4215 2472 4268 ὢ
2531 4216 2630 4285 τῆς
2688 4216 2998 4286 παραδόξου
3059 4219 3355 4289 κράσεως,
3389 4220 3533 4290 (quae

256 4304 539 4357 habentur
588 4302 639 4356 in
672 4302 919 4356 oratione
948 4302 1040 4364 58,
1073 4309 1204 4354 tom.
1252 4299 1295 4363 l,
1333 4316 1458 4369 opp.
1492 4302 1586 4356 Cr.
1613 4301 1737 4357 Lat.
1787 4306 1917 4360 edit.
1953 4307 2125 4359 Paris.
2161 4322 2212 4374 p.
2246 4303 2397 4374 620.)
2445 4303 2921 4373 Interpretationes
2979 4305 3036 4361 in
3084 4320 3203 4376 acta
3247 4307 3531 4363 concilior.

249 4403 306 4447 et
330 4390 438 4446 SS.
466 4390 686 4443 Patrum
718 4404 976 4452 canones,
1007 4401 1115 4442 etc.
1155 4386 1259 4442 Sed
1290 4387 1403 4444 haec
1436 4390 1739 4474 subiciant!
1781 4422 1851 4432 —
1875 4392 2102 4447 Allatius
2132 4393 2186 4446 in
2222 4392 2328 4447 line
2358 4390 2558 4461 adjecit
2608 4392 2825 4448 tertium
2858 4391 3189 4450 Demetrium
3220 4393 3532 4452 Cabasilam

247 4478 449 4534 itidem
487 4476 1063 4532 Thessalonicensem.

624 5915 891 5970 rerum“
936 5918 1048 5972 (in.
1099 5914 1224 5975 CL.
3104 5915 3181 5979 12
