4016 6468
576 402 683 465 363
1767 406 2035 466 NICOLA
2048 405 2141 464 US

2182 406 2542 468 causam
2555 411 2608 469 s.
3230 378 3234 382 δ
3681 425 3763 488 {itii

603 558 903 570 Μ*

1260 740 2038 897 NICOLAI
2135 743 3108 899 CABASlLfE

1000 1026 1180 1138 DE
1267 1029 1774 1145 DIVINO
1838 1031 2442 1145 ALTARIS
2523 1030 3370 1151 SACRIFICIO.

1634 1258 1899 1318 (Gentiauo
1928 1257 2148 1321 Herveto
2178 1256 2385 1308 Aurelio
2416 1258 2735 1323 interprete.)

1355 1568 1503 1655 AD
1578 1568 2217 1660 LECTOBEM
2293 1571 3028 1665 ADMONITIO.

639 1929 717 1983 Ex
758 1930 1007 1997 plurimis
1053 1930 1117 1984 de
1159 1930 1421 1998 religione
1469 1940 1653 1985 nostra
1705 1931 2113 1995 controversiis,
2152 1944 2271 1997 quae
2318 1943 2344 1981 a
2394 1930 2773 1984 cacodaatnoue
2847 1933 3063 2001 capitali
3116 1934 3337 1989 humani
3395 1932 3597 2002 generis
3636 1932 3760 1984 haste

570 2021 776 2070 uestris
826 2019 1163 2084 temporibus
1191 2019 1442 2072 excitatae
1474 2024 1623 2079 sunt,
1661 2016 1803 2070 nulla
1852 2015 2044 2085 major,
2093 2018 2235 2071 nulla
2260 2016 2592 2073 Christiana!
2627 2020 2931 2086 reipublica:
2960 2022 3322 2090 perniciosior
3350 2036 3470 2077 esse
3498 2020 3688 2073 videtur
3710 2032 3757 2069 ea

568 2121 687 2171 qute
720 2106 771 2158 in
807 2106 872 2160 iis
901 2120 1021 2175 qua:
1053 2105 1118 2159 ad
1152 2105 1488 2159 sanctissimi
1525 2104 1732 2158 Domini
1764 2104 1936 2158 nostri
1969 2105 2213 2171 corporis
2239 2114 2290 2157 et
2318 2105 2592 2173 sanguinis
2636 2105 2951 2175 mysterium
3001 2109 3294 2175 pertinent,
3348 2123 3378 2162 ει
3434 2104 3756 2174 receptissima

567 2192 809 2245 ninnium
847 2192 1080 2246 fideliqu
1115 2192 1467 2259 persuasione
1490 2190 1667 2245 aliena
1705 2190 1931 2245 invehit.
1956 2190 2087 2243 Cum
2120 2191 2261 2245 enim
2288 2192 2558 2261 praecipua
2584 2200 2745 2261 atque
2771 2193 2906 2249 adeo
2937 2202 3047 2248 tota
3078 2196 3272 2250 salutis
3302 2207 3493 2249 nostrae
3513 2206 3645 2258 spes,
3666 2206 3758 2257 qua:

566 2290 626 2333 ut
655 2289 737 2333 est
767 2278 1097 2341 certissima,
1132 2277 1205 2332 ita
1243 2278 1512 2332 neminem
1544 2278 1848 2339 confundit,
1874 2292 1939 2331 ex
1968 2277 2071 2331 hoc
2106 2278 2356 2346 pendeat,
2389 2278 2434 2330 si
2463 2287 2514 2332 et
2546 2278 2749 2334 Christi
2783 2280 3025 2347 corpori,
3058 2291 3316 2350 tanquam
3349 2280 3578 2335 membra
3604 2275 3755 2345 capiti.

565 2367 821 2419 uniamur
850 2375 901 2418 et
958 2366 1291 2420 uberrimum
1350 2366 1438 2433 qui
1473 2380 1536 2419 ex
1574 2365 1689 2433 ejus
1731 2366 1984 2434 passione
2026 2365 2339 2435 percipitur,
2374 2365 2607 2420 fructum
2646 2365 3025 2435 decerpamus;
3055 2368 3147 2437 qui
3188 2368 3433 2423 alterutri
3461 2364 3648 2434 aliquid
3685 2363 3758 2414 de-

565 2455 749 2519 trahit,
784 2462 876 2507 aut
900 2453 965 2508 de
990 2468 1053 2508 eo
1086 2454 1226 2508 male
1259 2454 1442 2515 sentit,
1478 2465 1529 2505 nt
1566 2468 1777 2508 summo
1827 2453 2039 2506 crimini
2081 2461 2165 2506 est
2222 2452 2394 2506 aliinis
2418 2490 2433 2515 ,
2484 2451 2556 2505 ita
2606 2452 2772 2506 etiam
2808 2452 2974 2507 exitio
3013 2454 3082 2508 sit
3116 2457 3424 2522 proximus,
3455 2453 3549 2506 nisi
3591 2448 3755 2516 resipi-

559 2551 697 2607 scat,
747 2554 972 2595 necesse
998 2550 1104 2595 est.
1140 2542 1315 2610 Atque
1353 2556 1541 2594 eorum
1573 2541 1792 2608 quidem
1829 2541 1920 2611 qui
1956 2541 2231 2594 hodier-iis
2282 2539 2614 2607 temporibus
2659 2555 2689 2594 a
2742 2550 3003 2608 perpetuo
3046 2552 3101 2596 et
3154 2544 3319 2597 unico
3368 2540 3610 2595 Ecclesia
3648 2549 3753 2589 con-

558 2644 718 2683 sensu
767 2642 825 2682 se
868 2629 1246 2696 sejunxerunt,
1297 2629 1362 2681 de
1399 2627 1501 2682 hac
1541 2643 1599 2681 re
1627 2629 1911 2682 sententiae
1941 2629 1991 2681 iu
2043 2628 2177 2682 duas
2219 2643 2277 2683 se
2330 2637 2509 2697 partes
2587 2630 2909 2684 diviserunt.
2960 2630 3440 2702 (Ecolampadiani
3477 2629 3633 2690 enim,
3681 2638 3754 2676 seu

556 2715 890 2787 Z'uingliani,
918 2724 1034 2781 aut,
1059 2724 1119 2770 ut
1143 2717 1301 2785 vulgo
1325 2730 1420 2785 per
1466 2715 1801 2783 antiphrasin
1826 2717 2100 2780 dicuntur,
2127 2715 2573 2781 Sacramentarii,
2597 2719 2738 2785 quod
2772 2730 3234 2774 sacramentorum
3261 2718 3505 2789 dignitati
3534 2721 3753 2784 quantum

562 2816 786 2869 possunt
819 2803 1131 2868 detrahunt,
1168 2804 1332 2872 idque
1377 2805 1478 2857 sibi
1514 2804 1658 2857 laudi
1711 2819 1832 2858 esse
1866 2804 2089 2870 ducunt,
2132 2804 2192 2867 ii,
2238 2808 2480 2875 inquam,
2510 2806 2983 2876 (Ecolampadiani
3020 2814 3263 2862 veterem
3301 2803 3596 2873 Berengarii
3634 2811 3755 2852 ρι’το⁴

560 2908 674 2946 rem
710 2903 1053 2957 revocantes,
1081 2893 1132 2946 in
1158 2892 1517 2947 Eucharistiae
1551 2904 1897 2947 sacramento
1925 2907 2043 2947 esse
2074 2900 2282 2945 tantum
2317 2898 2563 2963 corporis
2597 2904 2650 2947 et
2677 2894 2958 2962 sanguinis
2991 2897 3225 2961 signum,
3266 2911 3369 2950 non
3402 2904 3570 2948 autem
3601 2898 3754 2938 verum

557 2995 758 3050 corpus
787 2990 843 3034 et
872 2981 1188 3050 sanguinem
1222 2989 1471 3035 asserunt
1510 2994 1525 3031 :
1571 2980 1718 3049 quod
1756 2989 1934 3035 autem
1968 2980 2060 3032 fiat
2089 2979 2255 3034 ullum
2288 2982 2339 3033 in
2380 2981 2537 3034 altari
2583 2982 2929 3047 sacriﬁcium,
2971 2981 3120 3035 nullo
3159 2988 3322 3037 modo
3353 2980 3640 3035 admittunt.
3671 2969 3754 3023 [ιη-
3790 2986 3794 2993 ·

562 3069 775 3123 therani
809 3080 1015 3134 autem,
1052 3087 1177 3125 eum
1211 3071 1263 3122 in
1300 3070 1405 3123 hoc
1436 3082 1560 3121 cum
1597 3067 1915 3122 orthodoxis
1944 3067 2203 3132 sentiant,
2239 3069 2379 3137 quod
2414 3069 2464 3122 in
2498 3069 2602 3123 hoc
2633 3079 2975 3124 sacramento
3017 3070 3088 3124 sit
3136 3084 3327 3124 verum
3375 3080 3565 3134 corpus
3589 3070 3635 3115 et
3657 3072 3753 3112 sw-

557 3161 675 3229 gnis
714 3159 938 3223 Christi,
980 3168 1038 3213 et
1081 3160 1225 3227 quod
1272 3157 1324 3211 in
1373 3156 1531 3210 altari
1584 3165 1874 3224 peragatur
1904 3155 2255 3218 sacrificium,
2284 3156 2336 3210 it:
2369 3171 2434 3210 eo
2464 3170 2653 3211 rursus
2684 3165 2815 3221 toto,
2856 3165 2914 3210 ιιι
2940 3158 3111 3223 aiunt,
3150 3158 3293 3212 cmlo
3323 3158 3588 3215 aberrant.
3621 3144 3738 3216 quod

559 3264 754 3316 panem
792 3258 847 3302 et
881 3249 1059 3302 vinum
1092 3249 1253 3303 simul
1294 3263 1414 3302 cum
1449 3246 1649 3301 Christi
1685 3258 1914 3311 corpore
1954 3257 2145 3297 reman

2163 3257 2236 3296 tre
2269 3242 2615 3309 existimant;
2655 3256 2774 3296 cum
2810 3253 3062 3308 constet,
3101 3256 3233 3312 post
3289 3246 3749 3297 censi-cratimwm,

556 3350 675 3402 quae
709 3350 897 3403 panem
931 3345 984 3388 et
1016 3335 1201 3389 vinum
1236 3335 1287 3387 iu
1317 3350 1517 3400 corpus
1553 3342 1608 3385 et
1660 3332 1975 3400 sanguinem
2016 3329 2301 3392 convertit,
2349 3327 2712 3398 symbolorum
2743 3344 2837 3382 seu
2870 3329 3148 3399 signorum
3176 3331 3326 3385 solas
3360 3337 3629 3382 remanere
3654 3332 3751 3388 spc-

557 3424 690 3486 cies,
727 3437 988 3476 coriversa
1021 3423 1135 3490 jam
1168 3433 1219 3474 et
1253 3433 1455 3476 nudata
1490 3436 1678 3475 eorum
1708 3419 2033 3474 substantia.
2068 3416 2268 3471 Deinde
2303 3417 2447 3484 quod
2484 3416 2657 3470 solum
2692 3415 2867 3469 laudis
2895 3427 2948 3470 et
2977 3417 3274 3483 gratiarum
3310 3414 3533 3470 actionis
3576 3407 3751 3465 sacriﬁ-

555 3510 700 3562 cium
739 3523 858 3563 csse
893 3518 1109 3575 putant,
1145 3526 1266 3560 cum
1301 3519 1494 3573 praeter
1524 3507 1738 3561 laudem
1772 3515 1825 3559 et
1863 3504 2160 3573 gratiarum
2197 3505 2489 3567 actionem,
2523 3504 2595 3557 sit
2628 3507 2789 3557 etiam
2828 3520 3009 3557 verum
3039 3516 3095 3558 et
3129 3505 3494 3572 expiatorium
3527 3514 3617 3568 pio
3645 3509 3750 3564 pct-

556 3600 696 3654 catis
730 3597 1081 3652 sacrificium.
1110 3599 1333 3651 Accedit
1360 3597 1449 3661 iis,
1481 3596 1621 3664 quod
1658 3609 1758 3649 nec
1784 3599 2103 3648 sanctorum
2137 3591 2193 3644 in
2222 3604 2286 3643 eo
2322 3592 2637 3643 memoriam
2661 3591 2795 3655 fieri,
2826 3607 2925 3644 nec
2961 3607 3058 3656 pro
3074 3592 3342 3646 defunctis
3370 3592 3531 3651 orari,
3562 3600 3651 3638 nec
3677 3593 3750 3649 pro

556 3685 668 3739 ullo
702 3684 923 3738 homine
971 3684 1225 3753 privatim
1258 3696 1448 3751 preces
1479 3683 1529 3735 in
1561 3695 1628 3735 eo
1661 3680 1809 3734 fundi
1842 3679 2004 3733 velint
2038 3696 2051 3732 ε
2082 3686 2135 3731 et
2181 3677 2302 3731 ideo
2346 3679 2747 3732 sanctissimum
2820 3678 2995 3733 Missa:
3060 3695 3348 3744 canonem,
3388 3687 3629 3743 tanquam
3661 3680 3749 3719 rent

556 3770 771 3838 impiam
805 3779 857 3825 et
895 3771 1289 3824 exsecrandum
1323 3769 1694 3830 detestantur,
1726 3767 1867 3834 quod
1897 3763 2159 3820 efferendi
2208 3766 2469 3820 vocabulo
2497 3775 2701 3832 utatur,
2733 3777 3046 3821 sanctorum
3095 3769 3146 3819 in
3184 3783 3250 3821 eo
3284 3766 3537 3820 memoria
3571 3767 3748 3828 agatur,

556 3874 652 3926 pro
685 3859 956 3913 defunctis
998 3869 1053 3912 et
1087 3855 1379 3925 separatim
1416 3869 1514 3922 pro
1545 3853 1684 3908 vivis
1719 3854 2009 3920 aliquibus,
2042 3860 2097 3905 et
2130 3852 2197 3905 iis
2233 3852 2469 3905 maxime
2507 3867 2603 3920 pro
2632 3854 2830 3920 quibus
2858 3855 3003 3907 orari
3034 3853 3195 3921 jubet.
3218 3853 3437 3915 Paulus,
3470 3863 3659 3902 0tetttr.
3686 3841 3749 3891 Διι

554 3960 740 4000 eorum
776 3956 954 3999 autem
984 3942 1343 3998 confutaudos
1380 3955 1595 3996 errores
1656 3941 1747 3994 alii
1778 3940 1881 3994 alia
1913 3979 1928 4002 ,
1965 3947 2020 3991 ut
2052 3939 2344 4008 unicuique
2390 3955 2576 3994 eorum
2610 3942 2781 4010 magis
2810 3940 3067 4009 expedire
3094 3944 3268 3994 visum
3302 3952 3402 4000 est,
3431 3939 3510 3990 via
3557 3926 3747 4000 ingreSSi

554 4042 681 4087 sunt
711 4046 725 4083 :
762 4031 851 4083 alii
888 4031 1032 4084 enim
1068 4028 1348 4095 productis
1379 4043 1546 4082 sacrae
1582 4026 1879 4095 Scriptura;
1922 4026 2267 4090 testimoniis,
2298 4027 2384 4079 alii
2416 4026 2722 4082 eﬂicacibns
2764 4029 3099 4096 argumentis
3132 4029 3429 4095 solidisque
3467 4019 3746 4076 rationibus,

554 4121 646 4173 alii
680 4117 1190 4186 antiquissimorum
1227 4131 1442 4185 quoque
1475 4126 1531 4170 et
1565 4114 2075 4183 probatissimorum
2109 4115 2388 4168 doctorum
2418 4117 2834 4169 auctoritatibus
2866 4117 3122 4169 adversus
3154 4131 3252 4170 eos
3273 4116 3630 4168 «lacertarum.
3660 4102 3747 4153 Ma-

555 4210 701 4261 xima
746 4216 893 4258 certe
924 4203 1083 4258 laude
1106 4219 1298 4260 omnes
1327 4204 1471 4272 digni
1515 4213 1660 4268 sunt,
1693 4203 1781 4269 qui
1817 4203 2019 4256 nostris
2046 4202 2374 4256 adversariis
2404 4202 2613 4271 (quidni
2658 4204 2800 4255 enim
2849 4201 3187 4256 adversarios
3220 4217 3434 4265 vocem,
3469 4197 3553 4265 qui
3592 4190 3750 4256 enim“

558 4294 929 4358 modicunqne
980 4291 1088 4345 sint
1114 4305 1301 4346 eorum
1334 4292 1777 4361 protestationes,
1814 4304 1911 4342 sua
1941 4299 2090 4342 certe
2121 4287 2307 4342 relicta
2340 4291 2572 4343 statione
2611 4292 2889 4344 nobiscum
2923 4290 3155 4358 amplius
3186 4307 3294 4344 non
3332 4288 3533 4352 stant?)
3563 4283 3644 4350 qui
3671 4293 3751 4328 ηυ-

554 4383 704 4445 stris,
733 4383 971 4449 inquam,
1001 4381 1325 4435 adversariis
1356 4380 1734 4442 ostenderunt,
1768 4391 1826 4431 se
1854 4391 1960 4430 non
1991 4375 2148 4431 modo
2176 4377 2257 4431 eis
2296 4377 2401 4431 ulla
2432 4393 2495 4432 ex
2528 4388 2680 4449 parte
2706 4380 2921 4443 cedere,
2959 4382 3051 4432 sed
3085 4381 3311 4433 veritate
3339 4388 3390 4430 et
3429 4376 3626 4429 ratione
3651 4374 3751 4419 esse

553 4470 633 4523 eis
666 4469 830 4522 etiam
865 4469 1023 4537 longe
1054 4466 1387 4533 superiores.
1417 4464 1547 4518 Mihi
1577 4465 1642 4517 ad
1671 4476 1858 4517 eorum
1894 4462 2286 4531 reprimendam
2329 4475 2380 4517 ct
2423 4464 2767 4534 frangendum
2799 4465 3108 4530 audaciam,
3137 4476 3511 4530 summamque
3541 4453 3750 4525 pervica-

554 4559 692 4610 ciam
724 4557 942 4624 penitus
974 4554 1379 4615 iuiirmandam,
1415 4563 1472 4608 et
1503 4556 1568 4606 ad
1600 4551 1856 4621 populum
1889 4552 1941 4604 in
1979 4550 2082 4605 ﬁde
2111 4561 2165 4605 et
2192 4550 2372 4605 officio
2404 4553 2816 4615 continendum,
2866 4551 2998 4605 nihil
3049 4552 3244 4604 melius
3292 4561 3349 4604 et
3394 4547 3612 4601 validius
3649 4551 3748 4592 esss

557 4646 797 4709 videtur,
831 4658 989 4711 quam
1031 4644 1073 4696 si
1105 4643 1319 4696 unicum
1361 4649 1413 4694 et
1446 4649 1767 4710 perpetuum
1805 4638 2044 4692 omnium
2079 4638 2342 4708 gentium,
2376 4655 2494 4708 qua:
2532 4640 2751 4693 Christo
2782 4653 2977 4693 nomen
3011 4639 3309 4703 dederunt,
3343 4638 3440 4689 hac
3469 4634 3519 4685 in
3555 4645 3607 4681 re
3640 4639 3746 4675 rmi-

554 4746 776 4785 sensum
814 4731 1093 4785 uobiscum
1132 4728 1315 4783 facere
1349 4728 1691 4782 ostendatur.
1719 4724 1978 4789 Quamvis
2008 4726 2150 4779 enim
2177 4726 2241 4778 ad
2273 4726 2605 4794 probandum
2638 4726 2764 4795 quid
2799 4726 2851 4779 in
2896 4725 2962 4779 iis
3012 4739 3131 4793 qme
3170 4727 3237 4811 ge
3272 4723 3374 4777 fide
3421 4730 3474 4774 et
3518 4714 3746 4782 religione

550 4819 871 4871 exoriuntur
909 4816 1324 4876 controversiis,
1364 4811 1697 4879 sequendum
1740 4813 1831 4873 sit,
1856 4811 1977 4877 jure
2007 4814 2199 4869 debeat
2237 4816 2479 4869 snﬂicere
2508 4825 2710 4870 sancta:
2747 4815 3003 4869 Romanae
3035 4810 3289 4867 Ecclesia:
3316 4810 3618 4866 auctoritas,
3646 4810 3748 4867 φιτε

554 4906 697 4973 quod
726 4921 753 4958 a
782 4905 907 4958 divo
953 4902 1113 4955 Petro
1149 4902 1520 4968 apostolorum
1557 4899 1803 4968 principe
1836 4898 2147 4969 Christique
2177 4903 2384 4957 vicario
2419 4913 2502 4959 est
2554 4903 2832 4963 traditum,
2870 4912 3122 4969 perpetua
3174 4910 3250 4954 tot
3292 4896 3592 4969 pontificum
3631 4882 3749 4940 serie

552 5008 660 5047 uno
696 5003 744 5045 et
782 4994 969 5046 eodem
1004 5001 1188 5042 tenore
1221 5000 1437 5051 semper
1472 4986 1728 5051 servavit,
1752 4995 1808 5039 et
1835 5001 1863 5039 a
1896 5000 2023 5054 qua,
2057 4996 2309 5058 tanquam
2354 5007 2381 5042 τι
2414 4991 2758 5043 sanctissimo
2786 4993 2953 5043 totius
2983 4990 3131 5043 orbis
3159 4988 3402 5049 oraculo,
3433 4987 3498 5037 de
3529 4979 3672 5033 rebus
3694 4969 3745 5020 ad

552 5083 709 5134 iidem
755 5076 1153 5147 pertinentibus
1182 5075 1223 5127 si
1254 5074 1360 5126 ulla
1397 5084 1585 5125 exorta
1629 5082 1773 5127 esset
1807 5072 2091 5139 dubitatio,
2122 5093 2377 5146 responsa
2426 5078 2477 5129 in
2530 5077 2847 5129 hodiernum
2882 5090 3049 5142 usque
3076 5076 3214 5128 diem
3246 5076 3366 5128 data
3410 5078 3561 5127 sunt;
3590 5072 3744 5117 tamen

543 5174 801 5241 quoniam
841 5171 1030 5225 harutu
1064 5178 1338 5219 sectarum
1373 5175 1646 5228 auctores,
1685 5180 1777 5218 sua
1819 5176 1926 5219 tum
1960 5168 2171 5220 demum
2205 5169 2420 5219 decreta
2465 5163 2619 5216 firma
2664 5173 2718 5215 et
2763 5162 2973 5215 stabilia
3016 5162 3130 5214 fore
3160 5161 3552 5215 existimantes,
3591 5150 3630 5203 si
3672 5157 3745 5213 ρε-

546 5276 683 5317 tram
714 5276 813 5314 suo
846 5260 962 5313 loco
996 5258 1313 5316 movissent,
1345 5270 1461 5307 cam
1498 5253 1699 5307 frustra
1730 5257 1967 5325 quidem,
2004 5262 2097 5307 sed
2132 5267 2326 5320 magno
2360 5261 2539 5304 tamen
2571 5256 2766 5303 conatu
2805 5249 3134 5302 labefactare
3163 5248 3340 5300 conati
3367 5252 3511 5303 sunt,
3552 5241 3742 5325 externa

543 5351 704 5403 etiam
741 5361 968 5402 evocare
1001 5343 1198 5395 auxilia
1244 5357 1351 5395 non
1391 5340 1554 5395 fuerit
1599 5342 1856 5407 alienum,
1907 5358 2008 5395 non
2044 5344 2184 5410 quod
2232 5357 2333 5393 non
2380 5340 2513 5394 satis
2560 5353 2656 5407 per
2705 5352 2761 5389 se
2809 5337 2980 5403 possit
3010 5345 3155 5405 petra
3200 5349 3362 5401 super
3407 5338 3622 5400 petram,
3660 5317 3745 5410 Ιξοθ

542 5448 647 5501 est,
696 5447 860 5499 supra
901 5430 1174 5484 Christum
1214 5427 1460 5487 fundata,
1489 5428 1728 5480 omnium
1762 5406 2140 5482 lueretirorum
2183 5406 2616 5496 quantiscunqne
2646 5424 2836 5489 copiis,
2870 5423 3003 5475 duce
3028 5421 3269 5483 Christo,
3304 5420 3392 5487 qui
3427 5430 3543 5470 eam
3572 5406 3739 5464 funda-

543 5500 642 5587 vrt,
674 5520 964 5581 resistere;
1001 5515 1093 5567 sed
1138 5524 1193 5567 nt
1225 5529 1343 5567 cum
1382 5518 1633 5566 universo
1680 5518 1883 5569 mundo
1921 5518 2140 5584 planum
2175 5515 2377 5569 factum
2424 5514 2607 5576 fuerit,
2643 5526 2831 5563 omnes
2877 5511 2967 5577 qui
3011 5507 3209 5563 Christi
3243 5507 3402 5560 fidem
3446 5500 3744 5587 ubique-l0?"

544 5621 731 5662 rarum
764 5612 1141 5670 susceperunt,
1175 5611 1320 5656 recte
1350 5602 1625 5656 nobiseum
1658 5606 1895 5664 sentire;
1924 5614 1976 5656 et
2008 5603 2242 5656 haeretici
2275 5617 2388 5655 sua:
2413 5599 2677 5653 vecordiae
2713 5597 2957 5648 morbum
2992 5605 3366 5662 agnostreutes,
3400 5592 3565 5643 donec
3589 5580 3742 5635 adhuc

538 5707 626 5749 est
657 5690 935 5744 medicina:
967 5692 1136 5753 locus,
1186 5690 1250 5742 ad
1301 5691 1559 5755 optimum
1598 5690 1896 5751 medicum,
1948 5707 2045 5739 non
2077 5705 2138 5757 pe
2163 5688 2464 5750 Christum,
2504 5692 2866 5746 revertantur;
2897 5693 2950 5733 et
2978 5683 3064 5748 qui
3098 5682 3271 5749 primo
3299 5678 3508 5747 quidem
3551 5675 3741 5756 aspccifl

537 5777 929 5850 probabibbus,
968 5778 1058 5832 sed
1096 5794 1197 5832 nou
1232 5777 1407 5830 minus
1458 5774 1739 5827 venenatis
1775 5792 1933 5841 quam
1968 5755 2232 5830 futilibus.
2265 5776 2307 5829 si
2342 5783 2487 5828 recte
2517 5773 2912 5842 ponderentur,
2947 5782 3134 5822 eorum
3181 5763 3508 5835 argumentis
3532 5755 3745 5811 adduc".
