4016 6454
307 410 417 474 3πό
1346 406 1721 467 GENTIANI
1770 400 2105 465 HEllVETl
2152 405 2565 465 PREFA'i'lO.
3472 408 3576 469 366

310 530 549 595 aliquant
585 526 665 580 eis
705 525 863 581 [idem
913 525 1243 584 habuerunt.
1290 539 1383 579 eos
1410 524 1668 591 deinceps
1701 533 1757 574 ut
1791 521 2099 590 deploratos
2130 534 2183 576 et
2213 524 2597 578 immedicabilr
2670 532 2819 591 peste
2849 522 3074 578 allectos
3111 524 3313 594 fugiant
3349 536 3404 578 et
3431 540 3582 579 aver-

266 680 277 687 _
317 624 510 670 sentur
535 628 552 676 ;
582 612 782 682 reliqui
823 627 976 676 vero,
1018 613 1117 666 hoc
1149 620 1374 678 accepto
1405 610 1572 665 veluti
1606 608 1869 673 antidoto,
1899 608 1943 662 si
1990 624 2087 664 eos
2116 611 2339 666 omnino
2378 614 2551 665 vitare
2603 628 2707 666 non
2744 610 2975 680 possint,
3010 612 3149 677 quod
3184 623 3328 664 esset
3362 612 3581 664 consul-

332 703 632 766 tissimum,
663 702 733 755 de
764 716 859 758 sua
897 708 1048 755 certe
1077 700 1252 753 salute
1280 709 1335 754 et
1366 699 1639 752 cautiores
1672 707 1721 751 et
1750 697 2059 751 securiores
2100 702 2351 753 evadant.
2385 698 2497 753 [loc
2543 699 2724 768 itaque
2776 698 3008 769 primum
3054 699 3402 753 statuendum
3451 709 3537 754 est
3563 738 3579 762 ,

332 791 470 860 quod
516 790 564 843 id
609 790 758 862 quod
812 789 880 844 ab
932 789 1188 845 omnibus
1220 787 1473 857 gentibus
1504 795 1557 842 et
1593 784 1905 837 nationibus
1936 800 2057 853 qua:
2082 783 2363 841 Christum
2400 786 2622 850 colunt,
2662 786 2862 858 ubique
2896 785 3032 840 citra
3087 785 3255 839 ullum
3290 785 3583 841 discrimen

330 892 591 944 servatur,
626 880 681 935 id
718 896 822 936 non
859 880 1032 951 possit
1065 895 1170 933 non
1205 893 1324 932 esse
1358 892 1388 930 a
1420 875 1641 931 Christo
1672 885 1726 929 et
1759 874 2020 942 apostolis
2055 874 2351 939 traditum;
2387 878 2528 942 quod
2561 883 2739 928 autem
2771 890 2799 928 a
2830 873 3054 929 Chrisso
3086 882 3140 927 et
3184 873 3443 942 apostolis
3477 885 3587 929 tra-

331 968 500 1023 dirum
536 975 641 1033 est,
678 968 729 1021 id
760 983 864 1022 non
895 983 1016 1023 esse
1050 982 1171 1023 cum
1208 967 1354 1020 omni
1391 965 1744 1020 veneratione
1778 961 2238 1031 amplectendam,
2275 961 2682 1029 suscipiendum
2707 972 2760 1015 ιιι
2792 961 3258 1023 retinendum,est
3289 962 3445 1030 plane
3479 960 3586 1015 im-

320 1060 465 1123 pium
500 1067 553 1111 et
586 1056 858 1111 nefarium
890 1056 1097 1110 dicere.
1134 1056 1271 1109 Cum
1304 1056 1485 1122 itaque
1516 1053 1656 1122 apud
1704 1065 1895 1105 omnes
1927 1049 2270 1104 Christianas
2316 1050 2583 1112 nationes,
2623 1049 2941 1104 sacerdotes
2980 1049 3224 1102 divinum
3259 1064 3474 1102 sacrum
3502 1049 3585 1103 fa-

318 1145 547 1207 cientes,
581 1153 700 1213 post
732 1144 1229 1204 consecrationem,
1269 1156 1366 1206 per
1396 1154 1559 1209 quam
1597 1154 1784 1191 \‘Cl‘tl‘tl
1836 1136 1974 1191 cllici
2009 1136 2213 1191 Christi
2248 1153 2444 1204 corpus
2478 1148 2531 1193 et
2568 1137 2927 1207 sanguinem,
2962 1139 3330 1192 exterioribus
3362 1149 3573 1191 tantum

316 1233 489 1299 signis
523 1234 948 1295 remanentibus,
982 1242 1038 1283 ut
1073 1230 1216 1299 apud
1253 1244 1447 1283 omnes
1480 1229 1533 1281 in
1570 1226 1829 1280 confesso
1862 1234 1965 1285 est,
1996 1225 2180 1277 statim
2216 1226 2398 1279 dicant
2433 1244 2445 1279 :
2481 1224 2580 1277 Tui
2615 1224 2857 1280 mandati
2905 1239 3176 1281 memores
3220 1228 3436 1295 (nempe
3473 1224 3590 1293 ejus

318 1321 461 1388 quod
493 1319 626 1373 dixit
661 1319 931 1382 Christus,
967 1318 1077 1372 (Ioc
1112 1318 1277 1387 facite
1310 1319 1363 1371 in
1402 1310 1978 1380 meirecordatioziem)
2018 1312 2111 1365 tibi
2147 1312 2449 1376 oil‘erimus,
2482 1315 2646 1368 omttir
2670 1330 2703 1369 ο
2736 1328 2956 1369 necesse
2982 1323 3067 1367 est
3093 1313 3195 1367 hoc
3225 1328 3344 1367 esse
3373 1316 3586 1368 sacriﬁ-

318 1409 463 1461 cium
503 1423 532 1460 a
562 1407 782 1463 Christo
817 1405 1151 1471 institutum,
1185 1414 1239 1459 et
1272 1419 1368 1474 per
1402 1418 1599 1457 manus
1632 1401 1702 1456 ab
1735 1400 2002 1467 apostolis
2055 1403 2122 1453 ad
2170 1413 2356 1457 misrra
2393 1418 2566 1471 usque
2612 1412 2858 1471 tempora
2889 1400 3166 1455 traditum.
3206 1401 3375 1457 Porro
3404 1413 3583 1456 autem

317 1510 441 1549 cum
466 1504 517 1549 et
543 1494 667 1548 idin
699 1494 1078 1548 remissionem
1110 1503 1458 1563 peccatorum
1491 1493 1694 1558 uhiqne
1724 1489 2080 1549 oll'eratur,et
2111 1488 2159 1540 in
2181 1505 2245 1543 eo
2277 1490 2343 1543 de
2375 1490 2583 1546 sanctis
2611 1490 2866 1548 memoria
2903 1500 3118 1558 agatur,
3148 1501 3201 1544 et
3227 1505 3325 1558 pro
3355 1491 3491 1545 vivis
3525 1506 3591 1544 ac

318 1581 593 1634 defunctis
631 1590 739 1635 tam
767 1582 1092 1650 generaliter
1123 1597 1288 1649 quam
1329 1595 1424 1650 pro
1453 1580 1724 1647 aliquibus
1758 1576 2077 1630 nominatim
2106 1588 2313 1639 oretur,
2346 1595 2449 1632 uorr
2479 1589 2557 1632 est
2584 1580 2806 1632 dubium
2844 1578 3032 1632 altaris
3059 1577 3414 1642 sacriﬁcium,
3445 1585 3587 1648 quod

320 1669 555 1723 Heber
590 1649 848 1726 vocabulo
884 1671 950 1723 ab
978 1671 1242 1739 apostolis
1275 1649 1465 1726 relicto
1510 1669 1730 1725 Missam
1771 1664 2023 1727 dicimus,
2057 1675 2109 1717 et
2141 1677 2362 1733 pere-ta
2405 1665 2646 1733 expiare,
2683 1674 2736 1719 et
2792 1676 2897 1718 tam
2933 1649 3073 1719 viris
3105 1679 3265 1733 quam
3294 1666 3589 1730 defunctis,

316 1765 372 1809 et
405 1768 512 1811 tam
544 1757 867 1827 generaliter
894 1774 1056 1825 quam
1093 1758 1347 1827 privatim
1385 1758 1666 1831 aliquibus
1695 1751 1961 1823 applicari
1996 1767 2057 1806 ac
2085 1753 2370 1820 prodesse,
2406 1753 2593 1823 idque,
2633 1754 2799 1809 velint
2835 1752 3008 1805 nolint
3031 1751 3352 1814 Lutheraui.
3386 1769 3414 1806 ιι
3450 1766 3589 1808 rem.

317 1860 452 1912 pore
483 1845 853 1914 apostolorum
887 1844 953 1898 ad
990 1860 1090 1900 nos
1130 1862 1308 1915 usque
1358 1847 1697 1915 pervertisse.
1732 1845 1853 1912 Quo
1906 1841 1962 1893 ﬁt
1991 1851 2051 1895 ut
2081 1857 2256 1896 canon
2295 1843 2474 1897 Missa:
2500 1882 2516 1906 ,
2569 1858 2733 1908 quem
2783 1842 2816 1895 ii
2872 1849 3154 1909 tantopere
3183 1853 3546 1897 exsecrantur
3573 1881 3588 1902 ,

317 1932 465 1998 apud
492 1932 627 1987 alios
660 1946 856 1988 omnes
894 1932 1079 1989 tidcles
1108 1933 1232 2000 jure
1264 1928 1676 1996 sacrosanctus,
1709 1946 1767 1989 ut
1794 1943 1900 2000 est,
1932 1932 2148 1985 dicatur
2178 1939 2233 1985 et
2265 1930 2554 1984 habeatur.
2583 1928 2864 1998 Rogeutur
2894 1943 3090 1984 omnes
3121 1930 3369 1982 omnium
3408 1930 3589 1984 natio-

318 2036 452 2075 num
482 2022 818 2080 saccrdotes.
855 2032 908 2075 et
937 2035 1130 2076 omnes
1167 2037 1276 2076 uno
1313 2037 1407 2074 ore
1440 2023 1851 2087 respondebunt
1875 2063 1889 2085 ,
1926 2022 2041 2078 hate
2080 2035 2202 2087 qua:
2236 2017 2347 2071 dixi
2381 2018 2567 2072 omnia
2609 2018 2683 2071 ita
2718 2017 2941 2070 habere.
2979 2015 3257 2085 [legentur
3282 2015 3590 2088 Aﬁthiopes,

316 2106 415 2176 qui
448 2107 699 2161 Chaldza
732 2107 919 2177 lingua
957 2117 1217 2172 utuntur,
1246 2120 1300 2163 et
1338 2108 1373 2161 ii
1418 2109 1534 2163 lnrc
1565 2110 1639 2163 ita
1681 2125 1804 2163 esse
1844 2126 1952 2164 non
1985 2106 2396 2162 inticiabuntur.
2430 2104 2713 2169 Rogeutur
2743 2102 2988 2158 Armenii
3017 2142 3032 2165 .
3067 2104 3160 2174 qui
3194 2104 3319 2159 licet
3357 2106 3593 2161 fortasse

318 2195 376 2248 in
407 2195 685 2249 nonnullis
719 2195 841 2249 aliis
871 2196 1167 2265 aliquando
1205 2212 1233 2253 a
1286 2197 1445 2252 trahis
1476 2198 1883 2266 dissenserint,
1928 2198 1980 2251 in
2021 2198 2105 2250 his
2140 2196 2362 2264 quidem
2396 2203 2543 2248 certe
2584 2192 2870 2247 nobiscum
2905 2206 3122 2262 semper
3152 2193 3357 2262 optime
3390 2208 3592 2248 conve-

319 2299 472 2338 nere.
505 2284 780 2353 Rogeotur
812 2283 1006 2347 Grieci,
1041 2296 1093 2341 et
1131 2286 1162 2339 ii
1194 2301 1254 2341 ea
1294 2287 1364 2339 ita
1405 2301 1529 2340 csse
1561 2287 1910 2340 atlirmtbuut
1944 2296 2002 2339 ut
2052 2285 2270 2336 interim
2318 2282 2587 2334 mirentur
2643 2280 2782 2335 ullos
2816 2294 2937 2335 esse
2987 2280 3214 2335 omnino
3245 2280 3593 2336 Chrisﬁanos

316 2373 416 2439 qui
444 2372 675 2427 audeant
712 2373 872 2428 aliter
902 2376 1128 2431 sentire.
1165 2374 1491 2444 Quanquam
1523 2375 1656 2443 quid
1690 2391 1785 2430 cos
1824 2389 2021 2444 rogare
2052 2386 2187 2440 opus
2218 2379 2302 2424 est
2330 2409 2346 2434 9
2378 2383 2504 2422 Cum
2546 2367 2789 2422 νθυθίίίε
2832 2367 2975 2422 hau"
3022 2366 3097 2422 ita
3132 2367 3341 2438 Pl'idem
3376 2368 3449 2422 είι
3479 2368 3598 2422 ad“

318 2470 437 2513 tum
469 2462 1003 2532 eorurrr‘aoxoldyiov
1028 2478 1124 2519 seu
1160 2462 1502 2518 sacerdotale
1535 2463 1811 2526 Graecum,
1843 2479 1910 2516 ex
1943 2477 2053 2531 quo
2090 2458 2282 2526 poterit
2307 2471 2503 2511 eoruut
2531 2456 2879 2510 sacriﬁcandi
2916 2459 3081 2511 ritum
3112 2456 3346 2525 quilibet
3378 2456 3597 2511 studio-

317 2564 416 2605 sus
469 2565 824 2619 cognoscere.
873 2550 980 2607 Sed
1025 2554 1289 2623 quoniam
1347 2552 1778 2622 pulcherrimam
1831 2567 2024 2607 eorum
2068 2547 2308 2615 linguam
2346 2559 2451 2597 non
2491 2545 2671 2598 cuivis
2705 2544 2849 2598 seire
2886 2546 3072 2599 datum
3106 2552 3236 2608 est,
3273 2544 3417 2599 hanc
3453 2544 3593 2614 reip.

314 2635 643 2692 Christiana:
684 2639 875 2693 navari
915 2655 1162 2702 overaru,
1194 2648 1251 2692 ut
1282 2640 1389 2693 divi
1416 2640 1797 2709 Chrysostorni
1866 2648 1923 2693 et
1951 2638 2060 2692 disi
2093 2634 2277 2689 Basilii
2306 2632 2680 2701 λειτουργίαν.
2718 2632 2822 2687 hoc
2864 2641 2968 2694 est,
3001 2631 3259 2687 sacriﬁcii
3288 2647 3381 2686 seu
3416 2631 3597 2687 Missae

319 2727 526 2780 rituum
561 2727 985 2789 ordinationem,
1007 2744 1071 2783 ex
1101 2743 1292 2784 eorum
1328 2729 1681 2795 sacerdotali,
1710 2730 1761 2781 in
1801 2728 2043 2797 linguam
2074 2723 2319 2779 Latinam
2346 2730 2637 2776 verterem.
2665 2720 2797 2787 Qum
2822 2729 2881 2773 ut
2915 2720 3134 2776 facilius
3170 2720 3594 2799 intelligeretur,

315 2813 528 2868 Nicolai
565 2830 781 2884 quoque
804 2814 1089 2877 Cabasiltc,
1121 2817 1221 2869 viri
1248 2817 1299 2869 in
1340 2816 1531 2885 primis
1566 2817 1635 2886 pii
1702 2828 1755 2870 et
1779 2818 1947 2882 docti,
1972 2812 2418 2882 compcndiosam
2443 2814 2496 2863 in
2531 2826 2648 2863 eam
2690 2810 3196 2881 interpretationem
3226 2811 3300 2866 illi
3325 2811 3548 2880 adiunxi
3580 2835 3594 2868 :

314 2913 394 2966 ct,
438 2912 496 2955 ut
529 2905 618 2972 qui
651 2904 967 2959 sublimium
1009 2920 1191 2959 rerum
1229 2905 1691 2972 contemplatione
1735 2908 2101 2965 delectantur,
2149 2915 2245 2966 per
2275 2899 2379 2953 hoc
2410 2907 2662 2952 sanetum
2708 2906 2761 2951 et
2800 2900 3089 2968 mysticum
3122 2899 3457 2954 sacrificium
3482 2941 3497 2964 ,
3529 2900 3600 2956 al

314 3007 379 3044 ea
413 3006 534 3058 quze
569 2999 693 3044 sunt
724 2993 792 3047 ab
818 2992 967 3045 omni
997 2993 1224 3047 materia
1254 3003 1486 3057 remeta,
1514 3002 1694 3049 mente
1714 2992 1997 3048 versanda:
2025 2996 2391 3058 deducantur,
2416 3000 2470 3046 et
2496 2992 2628 3055 Deo,
2657 2993 2837 3061 quoad
2868 2994 2987 3060 ejus
3011 2994 3124 3048 fieri
3156 2995 3378 3064 poterit,
3406 2994 3603 3049 uniun-

317 3087 432 3143 tnr,
464 3077 680 3133 Maximi
715 3080 993 3145 monachi,
1024 3079 1217 3149 optimi
1249 3080 1497 3151 Dionysii
1538 3082 1882 3148 interpretis.
1922 3080 1996 3135 De
2027 3078 2358 3150 mystagogia
2387 3077 2776 3141 erclesiastica,
2810 3077 2915 3133 hoc
2943 3088 3047 3143 est,
3083 3079 3151 3134 de
3186 3078 3597 3133 introductione

314 3166 383 3219 ad
420 3181 575 3220 sacra
612 3166 871 3221 Ecclesiae
904 3168 1191 3239 mysteria,
1229 3166 1559 3236 opusculum
1592 3167 1791 3236 adieci.

392 3251 476 3305 Ex
510 3253 705 3322 quibus
737 3254 995 3307 omnibus
1028 3268 1135 3308 non
1168 3252 1383 3318 dubito,
1423 3255 1673 3309 studiose
1704 3256 1897 3320 lector,
1930 3258 2061 3326 quin
2095 3257 2139 3310 si
2174 3272 2236 3315 ea
2264 3255 2560 3328 diligenter
2589 3271 2671 3325 per
2687 3256 2921 3324 legeris,
2968 3270 3073 3306 non
3108 3255 3279 3308 levem
3307 3252 3386 3307 sis
3424 3268 3485 3306 ex
3517 3255 3600 3307 eis

316 3339 617 3394 utilitatem
653 3351 978 3408 accepturus
1017 3358 1031 3394 :
1068 3356 1289 3405 nempe,
1327 3349 1385 3394 ut
1416 3358 1523 3397 non
1554 3342 1706 3397 omni
1753 3354 1918 3397 vento
1942 3345 2205 3399 doctrina:
2236 3344 2630 3407 circumactus.
2655 3359 2683 3397 a
2715 3344 2997 3415 Cynosura
3030 3384 3049 3410 ,
3080 3343 3181 3396 hoc
3212 3350 3296 3398 est
3337 3357 3364 3394 a
3394 3340 3601 3395 Christi

317 3426 596 3492 Ecclesia,
636 3430 840 3494 Optima
872 3426 1117 3482 ﬁdelium
1153 3427 1318 3488 duce,
1354 3427 1540 3482 Oculos
1586 3428 1810 3482 minimc
1846 3431 2147 3486 diruemus.
2184 3428 2299 3485 Hoc
2333 3441 2515 3488 autem
2551 3446 2693 3484 unus
2739 3446 2805 3486 eo
2856 3430 3117 3483 libentius
3161 3428 3405 3494 suscepi,
3450 3429 3600 3495 quod

318 3528 444 3569 cum
474 3514 805 3579 Lutherani,
831 3526 886 3567 ut
916 3529 1322 3570 suamscausam
1353 3516 1514 3586 vulgo
1550 3516 1977 3585 probabiliorem
2004 3528 2055 3575 et
2091 3518 2523 3587 plausibiliurem
2552 3516 2814 3581 clliciant,
2847 3527 2902 3573 et
2947 3516 3173 3571 Grzecos
3202 3530 3297 3583 pro
3328 3529 3386 3568 se
3423 3516 3601 3568 facere

314 3602 571 3668 jactitent
599 3602 754 3672 satis,
788 3612 843 3657 et
869 3616 935 3657 eo
964 3603 1186 3658 nomine
1241 3591 1664 3673 pulcherrimam
1705 3605 1941 3674 liuguarn
2008 3606 2149 3675 apud
2208 3605 2381 3659 bonos
2440 3605 2687 3674 quidem,
2725 3607 2819 3660 sed
2877 3606 2996 3675 plus
3029 3603 3333 3672 simplices,
3368 3603 3419 3655 in
3463 3603 3603 3658 invi-

327 3692 463 3743 diam
485 3700 677 3746 roceut
710 3708 726 3746 :
765 3691 799 3747 ii
837 3690 923 3749 his
953 3691 1168 3760 quidem
1189 3702 1336 3748 certe
1367 3692 1623 3759 perlectis
1642 3691 1800 3748 facile
1825 3693 2146 3762 intelligent,
2179 3708 2342 3760 quam
2378 3692 2772 3765 longelateque
2801 3691 2977 3748 Graeci
3037 3691 3107 3747 ab
3132 3691 3214 3745 eis
3242 3689 3593 3755 dissentiant,

337 3786 389 3828 et
424 3793 510 3842 pro
534 3789 685 3845 parte
718 3777 1145 3833 orthodoxorurn
1181 3794 1285 3832 una
1321 3795 1442 3833 cum
1476 3779 1691 3834 caneris
1730 3781 2061 3835 Christianis
2100 3780 2412 3835 nationibus
2442 3781 2665 3835 faciant.

405 3862 474 3916 Es
506 3874 683 3920 tamen
717 3868 1113 3931 admonendus,
1153 3867 1405 3923 studiose
1465 3867 1657 3934 lector,
1687 3879 1747 3922 ut
1776 3868 1847 3922 29
1878 3880 1931 3922 et
1957 3869 2027 3924 50
2059 3880 2221 3939 caprrt
2253 3869 2375 3925 libri
2414 3867 2684 3924 Cabasilaa
2716 3882 2879 3926 caute
2909 3870 3077 3939 legas.
3135 3885 3199 3924 ex
3250 3885 3360 3938 quo
3391 3870 3603 3940 impru~

331 3951 464 4006 deus
494 3952 726 4009 fortasse
752 3954 1022 4023 quispiam
1055 3965 1236 4024 posset
1276 3954 1437 4009 facile
1468 3956 1728 4025 colligere
1763 3956 1908 4010 aliud
1947 3957 2154 4011 sentire
2186 3955 2408 4011 Graecos
2451 3957 2519 4011 de
2551 3957 2735 4012 verbis
2771 3957 3225 4020 consecrationis,
3258 3972 3423 4026 quam
3485 3957 3594 4010 La-

331 4041 446 4094 tina
485 4041 721 4097 Ecclesia
756 4044 978 4106 sentiat,
1006 4059 1127 4096 cum
1170 4059 1257 4099 res
1294 4055 1478 4099 tamen
1509 4044 1669 4098 aliter
1706 4047 1925 4101 haheat.
1962 4045 2034 4102 Ut
2066 4055 2250 4101 autem
2282 4046 2348 4100 ad
2372 4060 2435 4100 ea
2471 4045 2694 4115 legenda
2724 4045 2895 4100 tutius
2927 4046 3180 4109 accedas,
3229 4059 3412 4114 operae
3468 4060 3598 4113 pre-

328 4129 461 4182 tium
495 4128 725 4185 fortasse
751 4130 913 4183 fuerit
945 4142 997 4184 te
1021 4132 1207 4198 paucis
1233 4133 1586 4200 prrernuuire.
1608 4133 1852 4188 Primum
1878 4134 2071 4204 itaque
2097 4145 2315 4200 oportet
2350 4134 2642 4204 intelligas,
2669 4132 2895 4189 Graecos
2922 4133 3238 4188 Latinorum
3266 4132 3594 4188 sententiain

326 4231 699 4285 sarpenumcro
727 4234 832 4270 non
867 4219 1001 4270 satis
1055 4218 1414 4278 intellexisse.
1449 4219 1540 4273 ubi
1591 4229 1774 4274 autem
1827 4218 2024 4275 fuisset
2069 4222 2341 4290 exposita,
2386 4222 2551 4277 facile
2594 4222 2973 4279 consensisse.
3021 4223 3176 4288 Quod
3199 4238 3299 4277 usu
3342 4221 3488 4276 venit
3542 4219 3596 4273 iu

326 4304 558 4359 coocitiu
591 4302 925 4370 Florentino,
960 4320 1084 4359 cum
1127 4308 1191 4361 de
1223 4307 1463 4372 Spiritus
1493 4309 1667 4363 sancti
1713 4310 2074 4380 processioue
2107 4321 2394 4379 ageretur.

397 4413 532 4466 Cum
558 4413 697 4465 enim
735 4416 1118 4468 existim-irent
1157 4416 1377 4469 Latinos
1426 4417 1533 4470 duo
1588 4420 1859 4488 principia
1891 4429 2153 4487 statuere,
2192 4432 2245 4477 et
2287 4422 2410 4476 ideo
2478 4420 2547 4474 ab
2598 4419 2681 4475 eis
2731 4419 3107 4483 dissentirent,
3146 4419 3235 4472 ubi
3270 4435 3383 4474 rem
3436 4419 3596 4474 aliter

326 4502 527 4553 trahere
566 4502 971 4566 intellexerunt,
1003 4501 1162 4558 facile
1200 4506 1550 4570 acquievere.
1602 4505 1872 4560 Similiter
1906 4507 1993 4561 hic
2032 4520 2220 4564 noster
2251 4508 2509 4563 Cubaeila
2556 4508 2777 4560 videtur
2824 4506 3173 4561 existimasse
3209 4505 3431 4562 Latinos
3462 4524 3596 4562 cre-

327 4590 454 4640 dere
483 4603 543 4640 se
578 4604 669 4657 per
704 4589 875 4642 solum
911 4588 1199 4646 rcrhorurn
1255 4592 1462 4646 Christi
1522 4596 1893 4649 narratiOnem
1950 4593 2157 4649 Christi
2199 4611 2400 4665 corpus
2445 4604 2502 4649 et
2549 4595 2869 4662 sanguinem
2903 4594 3194 4657 corrlicere,
3237 4608 3360 4647 cum
3402 4606 3586 4647 tamen

327 4693 486 4730 nemo
518 4676 833 4733 Latinorum
864 4681 1078 4735 dubitet
1107 4697 1217 4735 non
1270 4683 1521 4736 sumcere
1554 4672 1783 4738 formam
1816 4685 2274 4747 consecrationis,
2325 4683 2430 4738 nisi
2474 4682 2618 4737 adsit
2666 4682 3041 4735 consecrantis
3081 4682 3385 4735 sacerdotis
3435 4682 3592 4735 insti—

326 4776 499 4818 tutum
534 4783 595 4819 ac
626 4769 1005 4837 prepositum.
1044 4771 1165 4837 Quo
1199 4777 1514 4835 accedente,
1550 4772 1724 4827 forma
1758 4775 2050 4828 verborum
2100 4773 2153 4825 in
2190 4787 2424 4839 persona
2457 4771 2663 4825 Christi
2724 4770 2934 4839 prolata
2975 4770 3174 4822 dicitur
3221 4786 3343 4823 esse
3403 4769 3591 4826 eﬂicax

322 4865 373 4904 ιιι
407 4856 604 4907 habere
645 4856 999 4910 couvcrtendi
1037 4869 1388 4925 potestatem,
1422 4860 1625 4913 virtute
1659 4861 1829 4931 ipsius
1859 4860 2063 4914 Christi
2098 4859 2299 4913 summi
2329 4861 2673 4917 :sacerdotis.
2710 4855 2839 4911 Item
2877 4857 3039 4910 etiam
3100 4854 3238 4909 falso
3289 4858 3593 4913 arbitratur

324 4941 546 4995 Litinos
571 4954 926 4999 contemnere
955 4948 1236 5002 orationes
1266 4966 1385 5011 quze
1417 4947 1548 5001 fiunt
1577 4965 1605 5002 a
1639 4951 1926 5003 sacerdote
1971 4967 2139 5022 super
2170 4955 2335 5017 dona,
2369 4962 2485 5019 post
2539 4954 2701 5004 verba
2739 4950 2941 5004 Christi
3003 4950 3255 5015 recitata,
3293 4962 3347 5005 ct
3380 4970 3442 5004 ex
3481 4955 3589 5005 ritu

330 5036 686 5087 toiisccrandi
720 5037 1094 5101 pronuntiata.
1131 5036 1184 5089 ld
1216 5041 1363 5091 enim
1403 5038 1599 5092 l'alsunr
1631 5053 1749 5093 esse
1783 5039 1951 5108 liquet
1980 5056 2044 5093 ex
2082 5055 2293 5094 canone
2322 5039 2583 5093 ECclcsia:
2635 5039 2864 5098 Latiare,
2900 5037 2953 5089 in
3004 5055 3115 5107 quo
3167 5049 3447 5108 ponuntur
3482 5050 3592 5094 tres

318 5122 387 5173 ad
423 5122 601 5176 minus
636 5125 909 5177 orationes
940 5136 1060 5192 post
1115 5126 1583 5179 consecrationem
1633 5144 1799 5196 super
1851 5130 2036 5181 divina
2075 5145 2322 5182 munera.
2382 5128 2559 5181 Priora
2604 5120 2725 5181 est:
2768 5129 2939 5191 Super
2991 5144 3107 5197 qua:
3163 5131 3415 5194 propitio,
3478 5139 3587 5181 etc.

319 5213 611 5265 Secunda:
646 5210 799 5265 Unde
837 5223 882 5267 et
919 5232 1196 5268 metueres.
1235 5216 1418 5269 Tertia
1450 5235 1464 5269 :
1508 5215 1635 5273 11(ιέ
1673 5219 1849 5271 omnia
1883 5234 2088 5287 semper
2123 5216 2257 5270 bona
2288 5233 2458 5281 creas,
2490 5217 2794 5281 suuctr’fr‘ras
2849 5226 2898 5267 et
2933 5215 3215 5270 berredicis.
3257 5219 3581 5283 Quanquam

316 5299 619 5353 secuudam
660 5317 879 5389 quoqlue
910 5305 1221 5357 orationem
1265 5306 1424 5358 aliter
1461 5306 1919 5375 interpretantur,
1950 5321 2111 5375 quam
2153 5304 2328 5357 Latini
2361 5304 2696 5370 intelligant,
2733 5312 2784 5355 ut
2824 5306 3007 5357 statim
3065 5305 3296 5358 dicetur.

389 5407 544 5473 Quod
576 5421 759 5465 autem
814 5420 1022 5467 videtur
1061 5431 1183 5472 esse
1218 5434 1271 5471 tn
1328 5432 1428 5473 nac
1460 5435 1737 5490 opinione,
1789 5428 1846 5472 trt
1879 5418 2156 5471 existimet
2206 5425 2326 5484 post
2368 5416 2531 5469 verba
2581 5417 3017 5469 Consecrationis
3069 5416 3247 5467 adlnrc
3299 5423 3583 5465 remanere

314 5498 478 5563 panis
513 5509 567 5552 et
602 5499 709 5551 vini
744 5500 1133 5567 substantiam,
1167 5520 1266 5558 nec
1296 5507 1397 5561 nisi
1432 5517 1551 5576 post
1586 5509 1888 5577 sacerdotis
1916 5505 2195 5560 orationes
2224 5515 2278 5556 et
2311 5503 2724 5557 benedictioues
2763 5504 2879 5556 ﬁeri
2909 5504 3348 5561 eorrversioneru,
3382 5501 3430 5551 id
3461 5515 3586 5554 esse

316 5584 513 5638 [risum
552 5586 635 5639 vel
678 5603 741 5640 ex
772 5589 942 5656 ipsius
971 5589 1157 5647 Basilii
1195 5607 1248 5645 et
1276 5596 1657 5665 Chrysostomi
1698 5596 2043 5649 sacriﬁcandi
2084 5595 2193 5647 ritu
2228 5593 2388 5647 facile
2419 5602 2597 5661 potest
2625 5595 2884 5661 perspici.

390 5673 524 5728 Nam
569 5684 692 5743 past
740 5681 900 5753 verba
935 5683 1369 5737 consecrationis
1403 5700 1567 5751 super
1617 5700 1811 5750 partem
1849 5693 1904 5735 et
1935 5686 2121 5736 vinum
2158 5683 2364 5751 prolata
2419 5685 2675 5737 sacerdos
2707 5694 2759 5735 et
2791 5684 3062 5739 diaconus.
3078 5695 3140 5733 ea
3174 5683 3364 5747 utique
3390 5690 3579 5733 osten-

317 5761 453 5815 dunt
486 5772 546 5816 ut
577 5766 894 5820 adorentur.
924 5766 1065 5832 Quin
1098 5768 1209 5822 izno
1259 5772 1357 5839 ipsi
1395 5774 1560 5826 etiam
1608 5775 1671 5825 ad
1704 5789 1947 5825 mensam
1992 5782 2074 5825 ter
2124 5775 2393 5827 adorant:
2430 5773 2574 5842 quod
2626 5788 2729 5824 non
2805 5772 2974 5832 tier-et,
3035 5770 3134 5820 nisi
3208 5768 3383 5837 reip-.a
3439 5770 3578 5822 [εεισι

322 5862 463 5902 the!
504 5855 815 5905 «(inter-.20.
859 5853 911 5902 De
937 5858 983 5905 i.:
1010 5857 1057 5908 ξιξ
1092 5874 1133 5907 Si
1168 5876 1259 5923 tW"
1300 5859 1706 5913 ῑιιοιξαιίίριῖιιιιιῖς
1760 5872 1807 5911 nt
1856 5878 1908 5916 cr

2002 5875 2153 5923 imus,
2194 5878 2310 5927 rtu't'
2368 5872 2779 5927 Pf‘irnqu‘l‘iiillii'
2825 5868 2877 5910 tit
2924 5860 3174 5910 tiiUltii‘Ji’
3224 5876 3247 5909 ει
3288 5857 3586 5919 ;;‹ιῖιξ.ιῖί›.-.’,
