4016 6462
549 351 652 413 367
1768 348 1993 408 NICOI.
2018 346 2089 404 Ai
2135 312 2397 405 CABASI
2416 346 2525 404 LE
3646 349 3729 414 353
3774 334 3787 347 '

554 470 703 516 tieret
740 461 1042 523 conversio,
1078 476 1177 513 non
1226 460 1375 513 ﬁeret
1406 460 1691 513 conversio
1723 462 1880 528 panis
1912 469 2035 512 ante
2069 462 2486 515 conversionem
2524 462 2653 514 vini.
2689 460 2821 514 Nam
2872 469 2992 529 post
3031 460 3309 527 utriusque
3356 462 3732 518 ltencdictiutwm

549 561 597 601 et
632 551 957 607 orationem.
989 547 1202 599 tandem
1241 547 1371 599 dicit
1422 548 1673 599 sacerdos
1703 564 1715 598 :
1752 546 1967 599 Mutans
2006 547 2209 613 Spiritu
2243 557 2333 600 tuo
2372 559 2598 613 sancto;
2643 559 2697 601 et
2732 558 2908 600 tamen
2964 549 3006 602 si
3052 563 3175 600 vera
3208 558 3330 601 sunt
3358 565 3469 614 quze
3501 552 3632 613 dicit,
3664 571 3735 615 ινι-

548 636 855 687 orationem
894 633 1192 686 sacerdotis
1226 631 1376 685 fieret
1407 632 1636 686 mutatio
1669 642 1775 685 tam
1812 635 1967 699 panis
1998 649 2157 701 quam
2189 634 2297 687 vini
2329 636 2377 688 in
2412 651 2511 687 suo
2541 635 2750 688 ordine.
2790 634 2918 704 Ejus
2952 636 3134 703 itaque
3168 636 3430 702 expositio
3462 651 3552 689 nec
3582 653 3733 690 Serum

551 724 684 777 satis
717 730 1012 782 constaret,
1044 733 1220 788 neque
1248 719 1454 773 Christi
1487 721 1612 773 ritni
1643 730 1698 774 et
1743 721 1918 772 ordini
1957 722 2301 775 consecratio
2351 722 2687 784 Graecorum,
2724 723 2767 775 si
2816 738 2876 776 ea
2913 734 3060 776 esset
3094 722 3379 789 eiusmodi,
3411 726 3736 792 responderet,

550 812 639 877 qui
676 812 828 877 prius
860 824 1012 860 suum
1038 821 1236 875 corpus
1268 821 1392 859 vcre
1417 806 1673 867 confecit,
1698 807 1892 860 deinde
1916 810 2257 873 sanguinem,
2284 825 2390 863 non
2415 819 2643 879 utraque
2673 810 2856 863 simul.
2886 809 3175 864 Dicendum
3202 821 3279 862 est
3310 824 3433 878 ergo
3461 808 3734 864 Latinorum

547 909 601 950 et
650 895 960 949 Grmcorum
1008 909 1128 948 esse
1174 903 1431 951 mentem.
1493 904 1551 945 ut
1599 894 1787 946 eodem
1830 896 2113 948 veritatem
2167 898 2598 949 ci-ttsecrationis
2643 896 2902 962 referant,
2944 897 3147 964 alioqui
3198 912 3375 949 sermo
3420 896 3607 951 Christi
3647 916 3671 948 ιι
3694 918 3732 950 tu

543 994 682 1037 esset
720 983 923 1050 opifex,
959 990 1014 1033 nt
1046 986 1120 1032 ait
1146 981 1593 1049 Chrysostomus,
1623 996 1782 1049 quem
1811 983 2027 1049 quidem
2065 982 2277 1036 adducit
2313 982 2563 1036 Cabasila
2611 994 2865 1052 tanquam
2899 999 3011 1038 sua:
3037 984 3275 1052 opinioni
3303 985 3635 1043 contrarium.
3664 1001 3743 1038 πίε

545 1076 662 1140 ejus
716 1084 896 1124 latltt‘n
955 1073 1262 1123 auctoritati
1302 1073 1354 1123 in
1394 1070 1647 1123 diluendo
1692 1071 1823 1123 satis
1857 1069 2005 1123 facit.
2046 1069 2176 1123 Nam
2219 1071 2359 1137 quod
2396 1071 2591 1123 attinet
2628 1072 2693 1123 ad
2743 1072 2847 1123 vim
2884 1072 3175 1124 verborum
3206 1088 3219 1123 :
3256 1069 3475 1122 Crescite
3500 1078 3544 1121 et
3576 1072 3742 1121 multi—

543 1159 841 1224 plicamini,
871 1161 1067 1227 quibus
1105 1168 1160 1211 ut
1188 1157 1290 1210 alia
1324 1158 1593 1210 addantur
1654 1156 1969 1223 requiritur,
2022 1172 2214 1221 nempe
2262 1156 2687 1219 matrimonium,
2722 1156 3039 1210 alimentum
3094 1165 3147 1208 et
3174 1164 3409 1221 caetera;
3445 1155 3492 1207 id
3525 1158 3574 1210 in
3609 1169 3741 1205 causa

545 1258 646 1308 est,
682 1248 825 1315 quod
856 1260 917 1298 ea
945 1245 1010 1299 ad
1047 1245 1285 1299 futurum
1325 1242 1657 1304 referantur,
1687 1255 1740 1297 et
1766 1259 1884 1312 qua:
1918 1244 2360 1314 rcquirebantur,
2392 1243 2744 1297 includerent.
2782 1242 2877 1295 Hic
2906 1254 3112 1306 autem,
3142 1242 3386 1296 Christus
3412 1257 3581 1295 veram
3608 1253 3655 1292 ct
3681 1259 3744 1291 rc-

546 1336 656 1400 ipsa
692 1334 1077 1386 subsistentem
1126 1331 1208 1384 sui
1238 1329 1503 1399 {corporis
1554 1331 1899 1398 praesentiam
1950 1330 2298 1399 significavit,
2331 1334 2489 1395 ct.ita
2547 1345 2604 1386 ut
2641 1334 2753 1402 ipse
2783 1333 2930 1396 fecit,
2964 1334 3077 1387 fieri
3118 1333 3303 1401 jussit,
3357 1342 3413 1384 ut
3459 1345 3622 1384 sermo
3650 1330 3745 1397 ejus

544 1420 894 1474 esseteflicax
928 1428 983 1473 et
1002 1434 1236 1487 Operans
1252 1432 1318 1472 eo
1341 1420 1457 1486 ipso
1476 1429 1747 1472 momento
1780 1434 1888 1486 quo
1906 1418 2124 1480 dicitur,
2153 1433 2259 1472 non
2292 1422 2507 1488 quando
2535 1419 2647 1488 jam
2688 1422 2929 1484 transiit,
2964 1431 3021 1473 ut
3054 1421 3265 1475 videtur
3291 1419 3489 1474 sentire
3512 1417 3743 1470 Cabasda.

546 1506 653 1559 Nec
682 1508 863 1561 obsrat
893 1505 1037 1575 quod
1066 1507 1117 1559 in
1151 1508 1312 1558 missa
1344 1506 1723 1575 Chrysostomi
1771 1516 1824 1557 et
1867 1505 2071 1570 Basilii,
2117 1516 2237 1574 post
2272 1508 2628 1575 prolationem
2676 1511 2963 1563 verborum
3038 1508 3267 1572 Christi,
3314 1508 3440 1561 dicit
3487 1505 3744 1560 sacerdos:

548 1593 671 1647 Fiat
704 1610 920 1662 corpus,
953 1594 1048 1661 ﬁat
1113 1594 1350 1662 sanguis,
1412 1602 1515 1645 ctc.
1555 1590 1671 1646 Non
1708 1602 1790 1648 cst
1836 1594 1978 1646 enim
2017 1593 2421 1662 intelligendum
2459 1606 2585 1650 tunc
2621 1597 2853 1664 primum
2904 1596 3019 1649 fieri
3053 1596 3489 1655 conversionem,
3522 1592 3740 1660 qumjam

544 1682 702 1746 paulo
732 1690 859 1735 ante
894 1682 1038 1733 tacta
1067 1693 1167 1746 ρει,
1199 1680 1295 1733 sed
1330 1688 1386 1733 ut
1421 1682 1744 1735 ostendatur
1783 1683 1926 1749 quod
1963 1684 2086 1735 licet
2121 1696 2302 1736 sermo
2328 1683 2526 1739 Christi
2579 1686 2631 1739 in
2666 1701 2796 1739 voce
2843 1678 3141 1748 transierit,
3199 1696 3377 1737 tamen
3415 1690 3641 1736 remanet
3683 1680 3748 1732 cl-

543 1768 719 1823 fectus
746 1768 1001 1837 potentia:
1030 1768 1147 1835 ejus
1191 1768 1292 1822 sub
1323 1764 1583 1837 symbolis
1617 1783 1714 1821 seu
1754 1770 2039 1834 speciebus
2076 1769 2230 1837 panis
2260 1778 2313 1822 et
2348 1772 2480 1823 vini.
2535 1769 2743 1825 Similis
2788 1773 2982 1826 modus
3029 1772 3283 1840 loquendi
3317 1771 3585 1825 invenitur
3612 1767 3747 1820 Matri

540 1856 751 1923 quinto,
783 1856 847 1908 de
881 1854 1107 1908 muliere
1162 1855 1424 1921 profluvio
1456 1854 1736 1921 sanguinis
1772 1854 2067 1917 laborante,
2106 1871 2223 1924 qua:
2253 1867 2602 1928 posteaquam
2654 1874 2681 1911 a
2707 1858 2926 1913 Christo
2953 1870 3141 1913 sanata
3171 1868 3253 1913 est
3283 1860 3405 1921 fide,
3448 1865 3500 1910 et
3527 1857 3633 1924 ejus
3657 1856 3750 1907 tiu:—

534 1943 676 1996 brize
727 1942 1032 1995 vestimenti
1083 1950 1358 2005 contactu,
1397 1956 1426 1994 a
1478 1940 1695 1995 Christo
1758 1941 2105 1994 nihilominus
2158 1945 2327 1996 audiit
2386 1963 2400 1997 :
2459 1945 2586 1998 Esto
2635 1962 2766 1999 sana
2810 1964 2842 2000 a
2887 1946 3045 2016 plaga
3097 1956 3233 2010 tua;
3289 1960 3409 2014 qua
3453 1954 3619 1997 tamen
3663 1944 3749 2007 jam

542 2038 734 2082 sanata
764 2027 960 2082 fuerat.
999 2030 1103 2083 Sed
1144 2030 1245 2082 hoc
1272 2028 1454 2081 dicere
1490 2026 1664 2079 voluit
1702 2025 1975 2090 Christus,
2030 2037 2092 2081 ut
2133 2027 2257 2084 licet
2312 2040 2486 2086 tactus
2536 2032 2760 2086 fitnbrim
2791 2035 3113 2095 transiisset,
3166 2033 3393 2086 effectus
3446 2042 3611 2084 tamen
3650 2030 3749 2082 in'c

534 2128 867 2174 consecutus
898 2125 1293 2184 perseveraret.
1346 2114 1484 2168 Cum
1524 2110 1705 2180 itaque
1755 2113 2005 2168 Cabasila
2044 2115 2432 2182 interpretatur
2470 2121 2643 2173 locum
2695 2121 2842 2173 illum
2886 2122 3112 2175 canonis
3173 2120 3433 2173 Ecclesia:
3463 2117 3668 2177 Latinzr,
3697 2120 3749 2166 ita

543 2216 603 2259 ut
632 2223 731 2260 suo
767 2208 951 2261 sensui
988 2215 1274 2276 congruat,
1305 2206 1357 2259 id
1390 2205 1617 2259 dissidet
1650 2206 1716 2257 alt
1747 2203 2104 2272 intelligentia
2135 2204 2447 2259 Latinorum
2487 2209 2574 2273 qui
2609 2209 2661 2260 id
2694 2209 2857 2263 aliter
2900 2209 3199 2278 accipiunt.
3238 2207 3371 2261 Nam
3404 2204 3635 2275 perferri.
3661 2203 3750 2251 sive

540 2310 754 2348 sursum
803 2294 952 2362 ferri,
989 2294 1403 2361 interpretatur,
1438 2294 1659 2344 mutari.
1697 2292 1875 2346 Latini
1929 2302 2107 2345 autem
2157 2294 2463 2363 intelligunt
2512 2294 2696 2349 offerri
2745 2311 2841 2364 per
2893 2310 3086 2350 manus
3130 2294 3305 2349 sancti
3350 2287 3749 2361 Angeli,-Christi

539 2383 773 2444 scilicet,
807 2381 897 2450 qui
930 2391 1012 2453 est
1045 2380 1225 2449 magni
1264 2380 1476 2433 consilii
1510 2379 1749 2445 Angelus
1777 2395 1791 2444 ;
1835 2379 1916 2432 vel
1947 2380 2110 2432 etiam
2146 2382 2344 2447 angeli,
2385 2395 2477 2434 seu
2532 2381 2872 2451 angelorum,
2904 2383 2999 2452 qui
3055 2384 3343 2437 orationes
3368 2389 3421 2435 et
3447 2389 3565 2432 vota
3595 2387 3747 2429 nostra

544 2470 651 2522 Deo
687 2452 1034 2532 oﬂ’crunt,ut
1069 2470 1264 2539 legitur
1308 2471 1359 2521 in
1390 2468 1525 2521 libro
1561 2468 1763 2529 'l'abice,
1812 2477 1863 2521 et
1905 2468 2026 2521 Aet.
2067 2483 2120 2521 κ.
2163 2466 2461 2531 Postremo,
2495 2450 2637 2536 quod
2680 2469 2813 2523 dicit
2856 2450 2980 2538 post
3024 2484 3333 2525 sermonem
3381 2450 3596 2528 Christi,
3642 2463 3752 2516 dona

541 2557 751 2623 altaris,
784 2572 977 2625 panem
1006 2565 1061 2611 et
1095 2556 1281 2610 vinum
1320 2556 1498 2609 adhuc
1535 2558 1748 2615 vocari,
1781 2556 1833 2606 id
1865 2557 2082 2623 quidem
2118 2568 2304 2609 verum
2347 2564 2451 2619 est,
2485 2556 2551 2610 de
2600 2556 2729 2609 vino
2777 2566 2957 2610 autem
2996 2571 3101 2610 non
3135 2555 3324 2610 itidem
3363 2553 3606 2608 invenio:
3639 2548 3751 2603 calix

539 2645 681 2697 cnim
717 2656 945 2698 vocatur
979 2644 1031 2696 in
1064 2644 1228 2696 missa
1258 2642 1634 2711 Chrysostomi
1694 2652 1747 2696 et
1774 2642 1979 2694 Basilii.
2006 2643 2263 2707 Quamvis
2287 2652 2466 2696 autem
2500 2644 2550 2696 id
2581 2658 2767 2698 verum
2799 2651 2963 2709 esset,
2995 2643 3125 2697 nihil
3161 2653 3344 2697 tamen
3376 2643 3624 2703 obstaret,
3650 2650 3750 2689 cui“

540 2748 627 2785 res
659 2734 709 2784 in
740 2747 876 2800 quas
908 2732 1027 2784 alia:
1057 2742 1477 2795 convertuntur,
1529 2733 1745 2785 soleant
1786 2730 2023 2783 retinere
2056 2731 2273 2783 nomina
2323 2745 2511 2783 earnm
2571 2745 2688 2798 quin
2721 2746 2997 2786 conversas
3030 2740 3156 2785 sunt
3184 2748 3199 2797 ;
3255 2742 3312 2785 ut
3343 2738 3489 2798 patet
3535 2728 3585 2781 in
3626 2725 3749 2790 virgt

539 2819 725 2881 Musis,
758 2831 812 2875 et
843 2835 982 2889 aqua
1016 2821 1067 2872 ia
1107 2820 1289 2872 vinum
1324 2834 1621 2883 conversa,
1661 2818 1817 2872 Joan.
1872 2832 1931 2871 ιι.
1966 2816 2082 2871 lmo
2116 2833 2242 2871 vero
2274 2820 2435 2873 etiam
2468 2818 2645 2873 Latini
2685 2820 2953 2874 interdum
2996 2830 3195 2873 vocant
3243 2821 3431 2871 vinum
3472 2812 3753 2883 sanguinctu

537 2909 767 2962 Christi.
801 2911 891 2962 Ait
918 2910 1062 2963 enim
1097 2918 1320 2962 sanctus
1358 2907 1685 2977 Cyprianus,
1722 2906 1816 2959 lib.
1863 2921 1923 2967 ιι,
1977 2904 2176 2968 Ephcs.
2214 2921 2313 2959 nt:
2355 2924 2373 2956 ι
2406 2906 2691 2971 Quomodo
2720 2915 2900 2960 autem
2952 2915 3219 2959 creatura:
3269 2907 3337 2959 de
3373 2913 3631 2963 creatura,
3657 2897 3757 2946 vilis

543 3016 741 3054 novum
770 3004 952 3054 vinum
987 3016 1109 3053 cum
1149 2999 1372 3053 Christo
1422 3000 1472 3052 in
1508 3014 1673 3067 regno
1707 2996 1883 3049 Patris
1925 2998 2190 3057 bibemus,
2221 2995 2263 3047 si
2295 2994 2346 3047 in
2376 2993 2645 3047 sacrificio
2677 2993 2769 3048 Dei
2820 2992 2998 3047 Patris
3043 2993 3227 3044 vinum
3269 3006 3375 3045 non
3405 2983 3707 3043 offerimus?
3738 3002 3768 3055 ο,

542 3090 605 3141 Et
638 3089 1020 3158 Hieronymus,
1058 3104 1114 3156 q.
1148 3088 1204 3151 ‘2,
1237 3088 1301 3139 ad
1338 3086 1620 3140 lledihiam
1650 3103 1662 3137 :
1702 3104 1721 3136 ι
1758 3085 1917 3167 Panis
1949 3084 2047 3151 qui
2077 3084 2142 3137 de
2173 3087 2311 3141 ccelo
2346 3086 2633 3140 descendit
2684 3099 2882 3154 corpus
2917 3095 3003 3138 cst
3059 3083 3298 3147 Domini,
3345 3090 3397 3137 et
3430 3081 3607 3133 vinum
3635 3072 3753 3143 quml

538 3182 826 3249 discipulis
852 3181 1021 3245 dedit,
1054 3181 1279 3248 sanguis
1308 3178 1452 3231 illius
1494 3187 1577 3230 est
1606 3179 1729 3230 novi
1758 3176 2115 3230 Testamenti.
2155 3193 2172 3225 ι
2215 3175 2338 3229 llaec
2369 3182 2551 3227 autem
2583 3188 2703 3242 quas
2738 3172 2957 3241 amabis
2985 3173 3124 3225 dicta
3157 3180 3311 3234 sunt,
3347 3171 3622 3224 confirmat
3644 3178 3752 3214 cen-

537 3273 725 3327 cilium
767 3271 1163 3331 Florentinum,
1196 3271 1339 3336 quod
1374 3266 1652 3321 Armeniis
1682 3265 1829 3319 dedit
1860 3264 2091 3319 formam
2126 3272 2182 3317 et
2208 3263 2369 3315 ritum
2403 3260 2762 3316 consecrandi
2795 3259 3053 3313 Ecclesia;
3086 3255 3298 3310 Latium
3329 3274 3343 3310 :
3380 3268 3538 3324 quem
3572 3249 3755 3319 quidem

541 3366 885 3428 receperunt,
918 3358 1052 3426 ipsis
1085 3355 1291 3410 Graecis
1325 3368 1663 3423 nequaquam
1697 3349 2142 3407 reclamantibus.
2180 3348 2304 3403 llaec
2332 3350 2503 3402 visum
2533 3358 2615 3403 est
2650 3347 2963 3409 admouere,
3012 3360 3080 3397 ne
3109 3344 3231 3412 quis
3264 3343 3602 3398 existimaret
3624 3336 3749 3389 Gut!-

540 3466 728 3504 corum
759 3466 999 3516 sensum,
1033 3449 1175 3519 quod
1211 3449 1277 3500 ad
1309 3447 1555 3515 corporis
1587 3455 1640 3499 et
1672 3443 1960 3513 sanguinis
1996 3438 2209 3495 Domini
2260 3436 2657 3490 coniectionem
2695 3434 2911 3495 attinet,
2943 3448 2972 3485 a
3003 3431 3325 3485 Latinorum
3360 3426 3640 3485 sententia,
3670 3422 3751 3474 huc

540 3549 624 3593 est
656 3540 724 3594 ab
748 3511 1004 3593 Ecclesia:
1035 3511 1284 3597 veritate,
1335 3511 1643 3589 dissidere:
1676 3511 1820 3603 quod
1882 3539 2065 3597 posset
2108 3528 2345 3582 fortasse
2398 3523 2671 3591 quispiam
2719 3536 2783 3575 ex
2837 3520 2918 3573 Itis
2966 3519 3177 3573 duobus
3209 3518 3485 3587 capitibus
3517 3511 3760 3603 colligere:

544 3629 749 3682 Cat-tera
781 3638 962 3682 autem
997 3642 1119 3697 quae
1145 3636 1267 3679 sunt
1301 3626 1355 3678 in
1387 3627 1487 3677 hoc
1513 3622 1720 3684 libello,
1757 3627 1886 3674 sunt
1914 3617 2203 3686 ejusmodi,
2250 3620 2310 3667 ut
2347 3612 2479 3665 nihil
2515 3611 2687 3677 magis
2735 3608 2881 3677 pium
2928 3622 3026 3661 nec
3062 3607 3234 3675 magis
3273 3603 3626 3662 christianum
3675 3593 3762 3647 dici

542 3726 631 3767 aut
663 3716 787 3784 tingi
823 3687 1116 3783 possit.-Ea
1149 3716 1355 3781 itaque,
1384 3711 1629 3765 studiose
1655 3708 1849 3772 lector,
1878 3706 1962 3759 fac
1993 3705 2162 3772 legas,
2189 3713 2243 3757 et
2266 3701 2403 3768 atqui
2430 3696 2666 3765 bonique
2718 3694 2970 3748 consulas
2997 3711 3011 3755 ;
3043 3702 3095 3748 et
3126 3693 3169 3748 si
3201 3695 3335 3763 quid
3364 3687 3617 3762 spiritalis
3642 3698 3764 3737 cout-

542 3804 682 3858 ntodi
715 3782 777 3855 cit
815 3782 893 3856 eis
926 3803 1213 3869 percipias,
1253 3800 1358 3853 Deo
1387 3797 1563 3851 omnis
1596 3797 1718 3850 boni
1753 3792 1960 3849 auctori
1993 3802 2048 3847 et
2082 3789 2257 3844 datori
2292 3802 2391 3857 age
2418 3787 2642 3855 gratias.
2672 3782 2800 3835 Vale
2831 3794 2886 3838 et
2926 3783 3125 3836 fruere.

573 3961 2438 4248 Emenso—fudi
2470 4054 3635 4229 KABAZIAA

1870 4302 2443 4391 EPMHNEIA

1089 4464 1428 4591 ΤΗΣ
1508 4454 2013 4593 ΘΕΙΑΣ
2075 4445 3236 4658 ΛΕᾋΤΟΥΡΓΙΑΣ.

1254 4788 2022 4946 NICOLAI
2111 4677 3086 4940 CABASlLfE

1500 5044 1996 5154 SACBXE
2106 5034 2842 5154 LITURGIAS

1669 5233 2706 5330 INTERPRETATIO.

2091 3943 3082 3951 _____________i,,,,
3100 3943 3110 3944 ,

1766 3961 1995 3974 _.—-—.

1220 5485 1367 5539 CAP.
1404 5488 1440 5541 Ι.

2835 5479 3088 5532 ΚΕΦΑΛ.
3122 5474 3198 5529 Α’.

601 5579 741 5648 Quid
761 5579 863 5633 sibi
899 5578 1007 5631 vult
1050 5578 1106 5631 in
1134 5594 1340 5631 summa
1378 5580 1677 5632 universum
1712 5578 2055 5646 sacriﬁcium.

1987 5594 2055 5629 m.
2465 5579 2507 5628 Τ
2504 5578 2523 5628 ί
2548 5575 2841 5639 βούλεται
2875 5570 3142 5625 καθόλου
3170 5570 3572 5623 ὁλόκαυστον.

615 5674 829 5726 Sanctaa
904 5686 1181 5725 sacrorum
1262 5672 1641 5742 mysteriorum
1725 5667 2111 5723 celebrationis

2295 5663 2407 5732 Τῆς
2433 5665 2590 5729 ἁγίας
2622 5664 2845 5731 τελετῆς
2892 5661 3002 5713 τῶν
3058 5660 3217 5729 ιερῶν
3259 5656 3576 5727 μυστηρίων
3640 5649 3780 5710 ιργσθ

543 5779 680 5834 opus
724 5776 775 5818 et
804 5764 1030 5820 effectus
1072 5764 1288 5834 quidem
1325 5772 1406 5819 cst
1458 5764 1719 5817 donorum
1757 5761 1811 5814 in
1862 5761 2102 5813 divinum

2221 5754 2318 5825 μὲν
2358 5758 2387 5826 ἡ
2415 5756 2519 5808 τῶν
2552 5756 2741 5825 δώρων
2777 5755 2944 5817 sisto
2966 5741 3117 5805 Ὁεῖαν
3140 5751 3298 5819 ςῶμα
3332 5751 3426 5803 καὶ.
3470 5742 3601 5813 αἷμα
3635 5752 3782 5810 μετα-
