4016 6478
358 488 468 552 3Ἱ3

1521 486 1913 546 LITUBGL’E
1957 488 2054 546 EX
2068 488 2381 551 POSI'l‘lO.

3511 483 3575 504 τη

3510 480 3615 543 ἓ¹ἵ4

369 619 542 672 σματι
580 601 710 664 τοὺς
732 599 1088 670 βαπτίζεσθαι
1142 600 1456 670 μέλλοντας,
1492 596 1819 653 ὑπολύεσθαι
1841 596 1944 664 ὃεί,

2083 618 2201 671 quae
2256 604 2307 657 in
2358 610 2543 656 sancta
2599 603 2886 657 immissio.
2944 603 3110 656 Porro
3167 608 3346 655 autem
3408 601 3459 654 in
3498 600 3619 653 aliis

370 700 463 751 καὶ
476 693 809 750 ἀποδύεσθαι
831 696 925 747 καὶ
941 695 1019 755 εἰς
1034 695 1131 754 τὰς
1150 692 1361 763 δυσμὰς
1381 690 1698 760 βλέποντας,
1717 694 1817 754 τὰς
1837 690 1943 758 χεῖ-

386 807 480 863 ρας
500 786 827 845 ἀποτείνειν,
858 787 955 837 καὶ
988 786 1251 853 ὲκφυσᾷν.
1289 783 1449 836 Ἀλλά
1472 782 1645 835 ταῦτα
1684 783 1797 852 μὲν.
1831 785 1947 835 ἐκεῖ

384 883 443 934 τὸ
455 875 544 932 τοῦ
562 877 800 946 πονηροῦ
820 877 1128 929 διδάσκουσι
1148 877 1301 944 μῖσος
1321 876 1446 928 ὅσον
1461 875 1518 927 ἐν
1540 875 1670 943 ἡμῖν
1689 871 1828 927 εἶναι
1844 874 1942 937 δεῖ,

385 971 477 1024 καὶ
512 970 661 1030 ὅπως
697 967 912 1036 ἀνάγκη
933 967 1095 1019 αὐτὸν
1141 966 1525 1035 ἐκτρέπεσθαι,
1550 966 1641 1019 τὸν
1684 965 1945 1031 μέλλοντα

384 1057 708 1131 Χριστιανὸν
731 1055 982 1127 ἀληθινὸν
1008 1052 1166 1109 εἶναι·
1195 1057 1289 1109 καὶ
1321 1054 1375 1109 εἴ
1393 1073 1444 1107 τι
1476 1056 1605 1110 ἄλλο
1628 1055 1869 1107 τοιοῦτον
1892 1057 1948 1107 ὲν

380 1154 495 1212 τοῖς
524 1147 864 1218 μυστηρίοις,
896 1147 1061 1216 ἀλλην
1088 1146 1155 1200 ἂν
1185 1147 1297 1216 ἔχει
1322 1148 1424 1216 τὴν
1447 1146 1746 1224 σημασζαν.
1779 1146 1860 1198 Τὰ
1892 1145 1949 1198 δὲ

382 1244 443 1294 ὲν
471 1243 536 1311 τῇ
570 1240 760 1308 τελετῇ
790 1238 900 1291 τῶν
927 1238 1113 1308 δώρων
1144 1239 1407 1307 γινόμενα
1460 1241 1543 1301 είς
1579 1240 1678 1306 τὴν
1711 1238 1805 1292 τοῦ
1839 1241 1952 1291 Σω-

380 1331 549 1397 τῆρος
599 1327 917 1396 οἰκονομίαν
960 1328 1288 1397 ἀναφέρεται
1341 1330 1554 1382 πάντα·
1618 1329 1705 1382 ἵνα
1745 1330 1877 1397 ἡμῖν
1915 1331 1949 1396 ἡ

384 1422 560 1488 αὐτῆς
596 1419 801 1490 Θεωρία
852 1418 957 1489 πρὸ
982 1417 1092 1472 τῶν
1121 1419 1420 1489 ὀφθαλμῶν
1448 1416 1602 1482 οὖσα,
1648 1418 1745 1481 τὰς
1775 1404 1953 1488 ψυχὰξ

389 1514 615 1583 ἀγιάζῃ,
665 1513 758 1565 καὶ
804 1511 976 1577 οὕτως
1032 1512 1325 1582 ἐπιτήδειοι
1357 1511 1637 1582 γινώμεθα
1683 1511 1820 1581 πρὸς
1855 1511 1954 1582 τὴν

388 1605 657 1673 ὑποδοχὴν
682 1604 791 1656 τῶν
818 1601 981 1673 ἱερῶν
1019 1601 1230 1671 δώρων.
1268 1603 1536 1673 Καθάπερ
1569 1602 1679 1672 γὰρ
1713 1603 1833 1656 τότε
1857 1603 1955 1673 τὴν

389 1696 713 1763 οἰκεομένην
757 1697 1077 1765 ἀνέστησεν,
1109 1694 1280 1757 οὕτως
1317 1696 1404 1748 ἀεὶ
1448 1695 1797 1766 θεωρουμένη
1824 1694 1959 1748 καλ-

389 1789 493 1841 λίω
518 1792 628 1851 τοῖς
657 1786 950 1857 θεωροῦσιν
981 1787 1175 1855 αὐτὴν,
1207 1790 1301 1839 καὶ
1330 1786 1627 1856 θειωτέραν
1664 1786 1960 1857 ἐργάζεται

389 1880 491 1950 τὴν
517 1879 691 1948 ψυχήν
713 1895 725 1907 ·
756 1879 957 1946 μᾶλλον
991 1878 1046 1931 δὲ
1073 1877 1195 1931 οὐδὲ
1231 1880 1353 1930 τότε
1385 1875 1451 1931 ἂν
1483 1878 1762 1947 ὠφέλησεν
1783 1877 1957 1941 οὐδὲν,

395 1974 471 2042 μὴ
512 1970 870 2040 θεωρηθεϊσα,
906 1970 980 2040 μὴ
1031 1970 1384 2024 πιστευθεῖσα
1411 1987 1428 2002 ⁸
1456 1972 1548 2024 καὶ
1580 1971 1775 2025 τούτου
1798 1972 1961 2042 χάριν

392 2062 696 2131 ἐκηρύχθη,
740 2061 837 2115 καὶ
871 2063 1007 2131 πρὸς
1064 2063 1125 2113 τὸ
1167 2062 1527 2131 πιστευθῆναι
1573 2063 1742 2133 μυρία
1775 2063 1804 2115 ὀ
1832 2063 1963 2124 Θεὸς

392 2157 782 2225 ἐμηχανήσατο
812 2171 828 2187 ⁸
862 2156 938 2218 ὡς
981 2157 1040 2208 οὐ
1073 2155 1379 2224 δυναμένην
1422 2154 1490 2207 τὰ
1531 2155 1734 2224 ἑαυτῆς
1768 2156 1961 2219 ποιεῖν,

396 2248 495 2300 καὶ
531 2246 722 2309 σώζειν
763 2243 1104 2315 ἀνθρώπους
1140 2248 1187 2298 εί
1233 2247 1502 2315 γενομένη
1537 2247 1660 2309 τοὺς
1696 2247 1964 2310 σώζεσθαι

402 2338 693 2406 μέλλοντας
720 2337 810 2390 ὑπ’
840 2338 1011 2408 αὐτῆς
1041 2338 1353 2393 ἐλάνθανεν.
1399 2337 1561 2390 Ἀλλά
1597 2339 1717 2390 τότε
1749 2340 1850 2407 μὲν
1875 2355 1968 2405 κη-

401 2429 727 2501 ρυττομένη,
757 2428 857 2498 τὴν
887 2430 1021 2498 περὶ
1057 2430 1292 2500 Χριστὸν
1324 2429 1483 2492 αἰδῶ,
1512 2430 1605 2482 καὶ
1637 2429 1734 2498 τὴν
1761 2428 1964 2494 πίστιν,

400 2522 497 2575 καὶ
530 2521 631 2592 τὴν
663 2522 907 2590 ἀγάπην,
939 2523 997 2574 ὲν
1020 2525 1139 2584 ταῖς
1175 2521 1283 2574 τῶν
1324 2520 1713 2590 ἀγνωσσόντων
1745 2519 1965 2589 ψυχαῖς,

406 2613 480 2681 μὴ
511 2611 677 2674 οῦσας
724 2612 1077 2682 ἐδημιούργει
1103 2628 1114 2641 '
1146 2611 1242 2664 νῦν
1272 2612 1328 2665 δὲ
1381 2613 1487 2665 ὑπὸ
1522 2613 1629 2665 τῶν
1660 2612 1758 2683 ἤδη
1809 2628 1971 2664 πεπι-

404 2703 729 2765 στευκότων,
785 2703 1090 2771 φιλοπόνως
1148 2704 1537 2773 θεωρουμένη,
1593 2703 1662 2757 τὰ
1722 2703 1969 2773 μακάρια

404 2797 576 2846 ταῦτα
611 2795 757 2865 πάθη
792 2796 891 2849 οὐκ
922 2794 1163 2865 ἐντίθησι
1193 2796 1293 2863 μὲν
1327 2798 1512 2857 αὑτεῖς
1533 2812 1547 2824 ’
1587 2796 1881 2865 ἐγκείμενοι
1911 2796 1970 2848 δὲ

407 2889 682 2956 συντηρεῆ
707 2887 799 2940 καὶ
831 2886 1190 2953 ἀνακαινίζει,
1226 2890 1319 2940 καὶ
1345 2886 1497 2952 αὔξει
1522 2904 1535 2918 ·
1572 2895 1663 2942 καὶ
1695 2888 1972 2958 βεϐαιοτέ-

408 2994 537 3046 ρους
568 2977 664 3046 μὲν
688 2977 817 3047 περὶ
854 2978 956 3047 τὴν
982 2979 1186 3041 πίστιν,
1234 2979 1599 3050 θερμοτέρους
1624 2978 1681 3031 δὲ
1714 2979 1841 3046 περὶ
1873 2979 1972 3047 τὴν

404 3068 691 3121 εὐλάϐειαν
714 3069 804 3122 καὶ
828 3069 928 3138 τὴν
957 3072 1177 3140 ἀγάπην
1201 3071 1399 3133 αὐτοὺς
1424 3071 1739 3140 ἐργάζεται.
1773 3072 1840 3123 “A
1864 3072 1972 3142 γὰρ

412 3160 487 3229 μὴ
517 3160 642 3212 ὄντα
667 3160 920 3227 γενέσθαι
946 3162 1191 3231 ἐποίησε,
1227 3162 1410 3230 πολλῷ
1441 3164 1568 3232 ῥᾷον
1593 3163 1843 3230 φυλάξαι,
1878 3165 1971 3217 καὶ

2047 694 2212 745 etiam
2252 693 2609 746 sacramentis
2645 693 2809 746 multa
2846 693 2970 747 talia
3019 692 3317 754 inveneris,
3350 691 3617 758 quemad-

2052 786 2267 838 modum
2321 785 2374 838 in
2425 784 2691 850 baptismo
2754 800 2849 840 eos
2897 786 2984 854 qni
3032 794 3163 839 sunt
3200 782 3535 848 baptizandi.
3566 781 3620 834 σι

2051 875 2264 929 «εΙοεοε
2292 882 2343 927 ει
2374 884 2549 928 vestes
2579 883 2794 943 oportet
2816 888 3034 937 exuere,
3065 882 3120 928 et
3161 873 3226 927 ad
3271 871 3618 926 Occidentem

2056 964 2426 1032 respicientes,
2471 979 2664 1020 manus
2718 967 3009 1020 extendere
3059 974 3114 1021 et
3163 963 3462 1019 insulilare.
3513 961 3617 1015 Sed

2056 1058 2168 1109 haec
2192 1054 2407 1129 quidem
2443 1054 2554 1118 illic
2580 1055 2793 1119 docent,
2818 1064 3081 1124 quantum
3111 1054 3327 1123 maligni
3353 1051 3534 1105 odium
3566 1051 3618 1101 in

2056 1143 2212 1197 nobis
2244 1158 2366 1198 esse
2397 1152 2635 1212 oportet,
2690 1153 2745 1198 et
2778 1144 3049 1213 quomodo
3094 1156 3319 1196 necesse
3367 1152 3451 1196 est
3497 1155 3621 1192 eum

2055 1250 2115 1288 se
2144 1248 2353 1303 gerere,
2384 1234 2475 1303 qui
2510 1243 2589 1288 est
2632 1248 2797 1289 verus
2830 1235 3174 1289 Chrisdanus
3229 1235 3443 1285 iuturus
3493 1247 3506 1283 :
3571 1240 3626 1283 et

2057 1327 2103 1381 si
2135 1326 2261 1396 quid
2303 1326 2446 1379 aliud
2480 1327 2786 1396 lmjusmodi
2836 1327 2891 1380 in
2918 1326 3298 1388 sacramentis,
3335 1324 3494 1378 aliam
3528 1324 3626 1375 hac

2059 1420 2180 1472 heat
2228 1418 2708 1487 signiﬁcationem.
2744 1420 2872 1483 Quae
2909 1429 3090 1473 autem
3127 1418 3261 1472 ﬁunt
3297 1418 3347 1470 in
3385 1416 3624 1486 mysterii

2057 1510 2321 1565 donorum
2398 1510 2791 1573 celebratione,
2853 1510 2920 1564 ad
2994 1509 3302 1564 Servatoris
3362 1517 3627 1574 ειιειεριιιιε

2059 1602 2241 1655 carnis
2282 1602 2641 1663 oeconomiam
2686 1603 2866 1656 omnia
2903 1601 3232 1666 referuntur,
3266 1611 3322 1654 ut
3351 1599 3471 1668 ejus
3503 1614 3631 1651 eon—

2061 1690 2338 1759 templatio
2368 1692 2569 1747 nostris
2621 1692 2793 1745 oculis
2829 1692 3096 1761 subjecta,
3142 1692 3354 1745 animas
3385 1689 3628 1744 sanctiﬁ—

2062 1792 2171 1847 cet,
2199 1790 2253 1837 et
2302 1783 2383 1838 sic
2432 1784 2541 1852 apti
2574 1782 2870 1838 eiliciamur
2919 1783 2987 1837 ad
3037 1797 3319 1840 sacrorum
3366 1785 3629 1836 donorum

2062 1874 2484 1943 susceptionem.
2542 1872 2695 1931 Sicut
2730 1878 2876 1930 enim
2934 1886 3061 1930 tunc
3110 1890 3235 1929 cum
3289 1874 3414 1937 fuit,
3446 1874 3630 1927 orbem

2068 1970 2226 2017 terrae
2256 1965 2448 2029 erexit,
2476 1966 2550 2018 ita
2603 1978 2814 2034 semper
2840 1965 3203 2029 considerata,
3256 1965 3626 2034 pulchriorem

2066 2054 2134 2108 iis
2158 2054 2248 2123 qui
2283 2055 2453 2124 ipsam
2484 2056 2918 2126 contemplantur
2966 2066 3021 2115 et
3041 2057 3364 2112 divinioretn
3394 2057 3630 2110 animam

2067 2147 2267 2203 etlicit:
2298 2151 2406 2204 imo
2429 2150 2571 2219 quod
2615 2150 2785 2219 magis
2813 2161 2918 2214 εει,
2957 2165 3024 2203 ne
3057 2158 3188 2204 tunc
3223 2151 3443 2214 quidem
3474 2148 3636 2215 quid-

2067 2254 2232 2308 quam
2272 2240 2527 2306 iuvisset,
2565 2243 2670 2295 nisi
2701 2242 3047 2296 considerata
3078 2252 3133 2296 et
3179 2241 3387 2296 credita
3422 2241 3631 2294 fuisset.

2067 2341 2122 2383 et
2165 2344 2226 2384 ea
2264 2332 2331 2385 de
2374 2346 2538 2386 causa
2590 2333 2901 2401 praedicata,
2934 2341 3077 2388 etut
3106 2337 3444 2394 crederetur,
3499 2335 3638 2388 Deus

2071 2413 2495 2478 innumerabilia
2542 2427 2881 2479 machinatus
2912 2436 2998 2480 est
3044 2444 3057 2479 :
3097 2442 3289 2492 nempe
3342 2429 3483 2494 quod
3532 2443 3637 2479 non

2069 2524 2251 2587 posset
2280 2519 2425 2584 quod
2476 2533 2635 2571 suum
2663 2529 2747 2572 est
2778 2517 2982 2582 facere,
3014 2529 3069 2572 et
3115 2519 3363 2573 homines
3395 2534 3636 2582 servare,

2069 2609 2114 2662 si
2146 2622 2239 2663 eos
2266 2610 2357 2678 qui
2396 2609 2463 2663 ab
2496 2611 2606 2676 ipsa
2658 2610 2910 2665 servandi
2948 2619 3096 2673 sunt,
3128 2626 3248 2664 eam
3294 2610 3466 2665 fuisse
3503 2610 3641 2664 late-

2072 2712 2174 2756 ret.
2235 2700 2339 2756 Sed
2393 2717 2535 2771 nunc
2564 2702 2780 2771 quidem
2828 2701 3141 2768 praedicata,
3194 2701 3553 2757 reverentiam
3587 2702 3639 2755 in

2070 2791 2370 2855 Christum,
2422 2793 2691 2861 iidemque
2746 2801 2802 2845 et
2846 2792 3186 2845 dilectionem
3234 2793 3429 2861 ingrati
3472 2794 3638 2846 animi

2074 2883 2401 2947 hominibus,
2429 2898 2550 2937 eum
2612 2892 2768 2938 antea
2819 2898 2922 2937 non
2971 2894 3176 2947 essent,
3212 2884 3585 2938 fabricabatur
3620 2902 3634 2948 ;

2074 2988 2220 3027 nunc
2251 2984 2429 3028 autem
2483 2977 2549 3029 ah
2580 2977 2644 3030 iis
2674 2976 2764 3045 qui
2810 2976 2922 3044 jam
2970 2976 3316 3030 crediderunt
3356 2975 3646 3045 diligenter

2074 3066 2441 3131 considerata,
2491 3067 2678 3120 beatas
2711 3066 2807 3121 has
2835 3063 3149 3120 eii'ectiones
3178 3066 3257 3120 eis
3290 3068 3504 3135 quidem
3542 3082 3645 3120 non

2077 3156 2288 3220 inserit,
2320 3157 2412 3212 sed
2443 3157 2634 3211 insitas
2668 3166 2976 3222 conservat,
3018 3167 3071 3212 et
3103 3164 3348 3223 renovat,
3379 3168 3432 3212 et
3465 3170 3645 3227 auget,

407 3250 764 3320 συντηρῆσαι,
796 3252 891 3302 καὶ
922 3252 1230 3304 ἀνανεῶσαι
1262 3251 1467 3305 δύναιτ’
1498 3253 1563 3307 ἄν
1585 3268 1598 3285 ο
1638 3252 1776 3306 ἀλλὰ
1802 3253 1971 3308 ταῦτά

2075 3260 2131 3305 ει
2176 3252 2229 3304 in
2285 3238 2388 3305 ﬁde
2444 3249 2664 3319 quidem
2716 3250 3004 3316 ﬁrmiores,
3041 3251 3325 3321 inpietate
3372 3261 3553 3307 autem
3595 3262 3652 3305 et

407 3343 548 3401 ἐστι,
583 3338 702 3408 μεθ’
741 3335 817 3393 ὧν
855 3340 1070 3411 ἀνάγκη
1123 3342 1419 3411 προσιέναι
1476 3344 1589 3404 τοῖς
1649 3342 1837 3410 ἱεροῖς,
1889 3341 1983 3393 καὶ

404 3426 482 3485 ὧν
540 3433 706 3501 χωρὶς
745 3431 935 3484 καὶτὸ
983 3431 1205 3498 βλέπειν
1236 3433 1357 3484 ἐκεῖ
1416 3432 1698 3497 παντελῶς
1742 3432 1978 3498 ἀνόσιον,

406 3523 684 3585 εὐλάϐεια,
721 3524 927 3590 πίστις,
987 3523 1178 3593 ἀγάπη
1239 3525 1376 3595 πρὸς
1421 3526 1515 3578 τὸν
1549 3525 1684 3579 Θεὸν
1730 3526 1866 3578 πολὺ
1919 3526 1982 3577 τὸ

408 3615 609 3686 θερμὸν
633 3615 847 3685 ἔχουσα.
874 3616 974 3669 Διά
1001 3615 1160 3669 τοῦτο
1195 3619 1360 3687 ἐχρῆν
1389 3619 1489 3688 τὴν
1536 3619 1709 3672 ταῦτα
1737 3621 1869 3689 ἡμῖν
1890 3622 1980 3672 ὲν-

413 3708 583 3763 θεῖναι
633 3709 937 3778 δυναμένην
966 3708 1199 3779 θεωρίαν
1239 3713 1296 3763 ἐν
1341 3713 1429 3780 τῇη
1465 3713 1717 3775 συντάξει
1763 3714 1861 3781 τῆς
1903 3715 2002 3766 ίε-.

421 3802 663 3873 ρουργίας
711 3802 1098 3872 σημαίνεσθαι,
1144 3802 1230 3855 ἵνα
1272 3802 1350 3874 μὴ
1377 3803 1455 3874 τῷ
1505 3804 1582 3873 νῷ
1634 3805 1981 3874 λογιζώμεθα

417 3895 593 3962 μόνον,
649 3892 785 3946 ἀλλὰ
821 3892 1107 3962 βλέπωμεν
1149 3894 1353 3964 τρόπον
1390 3894 1453 3964 δὴ
1483 3913 1603 3949 τινα
1647 3898 1745 3969 τὴν
1782 3897 1983 3968 πολλὴν

408 3985 503 4038 τοῦ
538 3985 793 4037 πλουσίου
821 3985 1031 4050 πενίαν,
1071 3985 1169 4053 τὴν
1202 3986 1500 4055 ἐπιδημίαν
1538 3986 1632 4040 τοῦ
1681 3990 1858 4043 πάντα
1895 3991 1984 4043 τό-

410 4095 511 4131 πον
539 4079 879 4148 κατέχοντος,
906 4078 972 4130 τὰ
999 4077 1173 4147 ὀνείδη
1201 4079 1296 4130 τοῦ
1322 4080 1717 4150 εὐλογημένου,
1737 4082 1804 4135 τά
1833 4084 1977 4154 πάθη

407 4171 502 4225 τοῦ
534 4173 797 4236 ἀπαθοῦς,
822 4173 946 4227 ὅσον
977 4174 1253 4244 μισηθεὶς,
1286 4175 1409 4228 ὅσον
1435 4176 1722 4246 ἠγάπησεν
1748 4193 1763 4208 ⁶
1796 4178 1981 4247 ἡλίκος

407 4262 507 4326 ὣν,
538 4263 660 4315 ὅσον
714 4264 1082 4318 ἐταπείνωσεν
1126 4266 1361 4319 ἑαυτόν·
1400 4268 1492 4319 καὶ
1538 4268 1594 4319 τί
1644 4268 1834 4322 παθὼν
1888 4271 1982 4323 καὶ

406 4355 461 4406 τί
509 4354 731 4423 δράσας,
776 4354 983 4423 ταύτην
1031 4356 1328 4425 ἡτοίμασεν
1391 4358 1628 4413 ἐνώπιον
1668 4361 1825 4430 ἡμῶν
1882 4361 1979 4430 τὴν

404 4444 724 4513 τράπεζαν*
776 4445 872 4500 καὶ
908 4444 1052 4498 οὕτω
1097 4445 1485 4516 θαυμάσαντες
1534 4448 1633 4517 τὴν
1684 4452 1978 4520 καινότητα

2076 3344 2343 3398 eharitate
2386 3344 2528 3413 ipsos
2565 3345 2916 3402 ferventior-es
2947 3344 3126 3401 efﬁcit.
3163 3338 3302 3413 Qua:
3334 3347 3476 3401 enim
3524 3361 3648 3400 cum

2075 3452 2183 3490 non
2251 3447 2456 3501 essent,
2510 3449 2569 3489 ut
2632 3439 2826 3493 tit-rent
2885 3439 3089 3502 effecit,
3114 3455 3175 3492 ea
3234 3440 3405 3493 multo
3439 3438 3650 3494 facilius

2077 3542 2320 3592 servare,
2357 3537 2410 3581 et
2468 3528 2765 3591 custodire,
2826 3540 2880 3585 et
2938 3546 3200 3586 renovare
3252 3532 3469 3600 poterit.
3527 3531 3650 3587 llznc

2080 3627 2260 3674 autem
2293 3629 2442 3685 sunt,
2477 3634 2598 3673 cum
2636 3622 2833 3690 quibus
2865 3624 2930 3676 ad
2962 3637 3114 3677 sacra
3140 3626 3397 3679 accedere
3432 3639 3653 3680 necesse

2078 3722 2184 3778 est,
2218 3722 2275 3769 et
2331 3714 2452 3769 sine
2502 3717 2700 3784 quibus
2749 3714 2829 3771 vel
2881 3732 2946 3773 eo
2997 3718 3244 3788 aspicere
3298 3727 3382 3773 est
3429 3719 3652 3773 omnino

2080 3800 2375 3868 nefarium,
2430 3806 2641 3875 religio,
2698 3798 2855 3871 ﬁdes,
2908 3807 3128 3863 dilectio
3168 3810 3220 3863 in
3279 3808 3446 3863 Deum
3500 3809 3653 3864 valde

2079 3894 2396 3950 vehemens.-
2442 3894 2733 3965 Proptcrea
2770 3899 3057 3966 oportebat
3116 3899 3651 3968 contemplationem,

2081 4004 2202 4058 quae
2261 3990 2314 4044 in
2368 3990 2525 4046 nobis
2574 3991 2690 4044 hare
2748 4000 2932 4060 posset
2986 3993 3250 4059 inserere,
3289 3994 3341 4048 in
3399 3994 3654 4049 sacriﬁcii

2082 4083 2470 4139 conmittttione
2503 4083 2820 4154 signiﬁcari,
2855 4094 2913 4140 ut
2958 4101 3064 4140 non
3117 4096 3297 4142 mente
3328 4086 3526 4151 solum,
3561 4092 3656 4145 sed

2082 4171 2246 4226 etiam
2298 4173 2701 4241 quodammodo
2749 4175 2919 4230 oculis
2954 4177 3263 4232 videremus
3312 4179 3541 4232 multam
3574 4179 3658 4233 di-

2084 4266 2210 4320 vitis
2232 4275 2627 4335 paupertatem,
2654 4267 2770 4337 ejus
2800 4268 3292 4339 peregrinationem
3323 4272 3416 4341 qui
3442 4287 3656 4326 omnem

2081 4362 2260 4415 locum
2292 4360 2526 4425 obtinet,
2560 4364 2756 4428 proltra
2793 4365 2911 4431 ejus
2941 4365 3028 4432 qui
3065 4377 3149 4421 est
3169 4366 3504 4432 benedictus,
3536 4384 3660 4436 pas-

2082 4455 2262 4507 siones
2293 4453 2409 4523 ejus
2439 4455 2533 4523 qui
2569 4463 2652 4508 est
2704 4455 3045 4525 impatihilis,
3101 4469 3367 4528 quantmn
3406 4461 3532 4514 odio
3566 4463 3660 4517 ha-

406 4533 510 4602 τῆς
551 4534 845 4605 σωτηρίας,
887 4535 1259 4605 ἐκπλαγέντες
1291 4538 1352 4590 τὸ
1394 4537 1598 4608 πλῆθος
1632 4540 1739 4593 τῶν
1768 4542 1971 4612 οίκτιρ·

2087 4547 2252 4610 bitus,
2309 4556 2577 4615 quantum
2609 4547 2818 4610 dilexit,
2856 4559 3093 4617 quantus
3139 4565 3261 4604 cum
3292 4562 3454 4613 esset,
3485 4570 3659 4621 quan-

415 4628 554 4697 μῶν,
608 4626 944 4696 αἱδεσθῶμεν
1011 4630 1101 4681 τὸν
1145 4628 1319 4693 οὕτως
1349 4630 1669 4698 ἐλεήσαντα,
1701 4633 1792 4684 τόν
1839 4633 1983 4687 οὓτω

419 4719 669 4773 σώσαντα
695 4735 709 4750 ⁸
743 4722 836 4773 καὶ
881 4721 1268 4793 πιστεύσωμεν
1323 4723 1475 4794 αὐτῷ
1507 4725 1607 4788 τὰς
1646 4725 1846 4797 ψυχὰς,
1890 4730 1984 4780 καὶ

416 4812 793 4882 παραθώμεθα
816 4814 916 4884 τὴν
963 4813 1129 4884 ζωὴν,
1162 4815 1258 4867 καὶ
1296 4813 1583 4886 φλέξωμεν
1627 4818 1727 4881 τὰς
1758 4820 1984 4889 καρδίας

408 4904 487 4975 τῷ
534 4906 668 4974 τιυρὶ
704 4906 803 4974 τῆς
848 4906 1069 4977 ἀγάπης
1099 4906 1304 4960 αὐτοῦ’
1339 4911 1433 4961 καὶ
1473 4910 1705 4965 τοιοῦτοι
1753 4914 1984 4981 γενόμεο

410 5012 515 5058 νοι,
539 4996 615 5063 τῷ
650 4997 783 5066 πυρὶ
812 4998 921 5050 τῶν
955 4991 1270 5068 μυστηρίων
1301 5000 1660 5068 ὀμιλήσωμεν
1722 5003 1985 5071 ἀσφαλῶς

418 5088 514 5138 καὶ
538 5088 777 5151 οἰκείως.
816 5088 890 5141 Οὐ
922 5089 1031 5158 γὰρ
1060 5092 1223 5161 ἀρκεῖ
1253 5091 1389 5161 πρὸς
1423 5094 1483 5146 τὸ
1523 5095 1798 5159 τοιούτους
1828 5098 1987 5163 γενέ-

423 5179 549 5232 σθαι
588 5182 729 5242 τότε,
757 5181 817 5234 τὺ
850 5181 1042 5250 μαθεῖν
1090 5193 1223 5236 ποτε
1254 5184 1322 5236 τὰ
1346 5185 1607 5255 Χριστοῦ,
1646 5188 1740 5240 καὶ
1780 5188 1986 5251 εἰδότας

417 5266 587 5325 εἴναιο
644 5272 758 5326 ἀλλ’
787 5274 1005 5341 ἀνάγκη
1051 5275 1148 5327 καὶ
1208 5277 1531 5345 τηνικαῦτα,
1564 5281 1656 5333 τὸν
1706 5280 1986 5350 ὀφθαλμὸν

420 5361 517 5428 τῆς
550 5361 786 5427 διανοίας
811 5363 955 5431 ἔχειν
986 5365 1123 5429 ἐκεῖ,
1161 5368 1257 5419 καὶ
1289 5367 1520 5437 θεωρεῖν
1544 5370 1705 5437 αὐτὰ,
1732 5370 1987 5442 ἐνεργείᾳ

413 5452 592 5504 πάντα
625 5453 882 5522 λογισμὸν
919 5455 1106 5524 ἕτερον
1136 5457 1469 5522 ἐκϐαλόντας
1494 5474 1508 5488 ⁹
1541 5463 1672 5530 εἴγε
1699 5463 1987 5532 μέλλοιμεν

414 5547 551 5615 πρὸς
581 5547 671 5598 τὸν
731 5548 1003 5616 ἀγιασμδν
1040 5551 1250 5604 ἐκεῖνον
1290 5554 1603 5625 ἐπιτηδείαν
1633 5557 1811 5626 ἥνπερ
1847 5557 1987 5626 ἔφην

414 5638 754 5706 ἐργάσασθαι
785 5639 881 5710 τὴν
921 5640 1122 5714 ψυχήν.
1158 5645 1221 5699 Et
1253 5645 1363 5717 γὰρ
1396 5647 1490 5700 τὸν
1528 5649 1626 5718 μὲν
1670 5651 1826 5717 λόγον
1864 5649 1987 5718 ἔχο-

414 5746 516 5797 μεν
553 5731 650 5798 τῆς
674 5731 981 5796 εὐσεϐείας,
1015 5732 1145 5787 ὥστ’
1177 5736 1552 5806 ἐρωτηθέντες
1594 5740 1757 5793 αὐτὸν
1787 5740 1987 5808 ὐγειῶς

414 5820 482 5870 ἂν
512 5820 903 5889 ἀποκριθῆναι,
953 5823 1173 5877 ἐπειδὰν
1202 5825 1260 5878 δὲ
1312 5829 1565 5896 μυεῖσθαι
1598 5830 1716 5900 δέῃ,
1748 5830 1823 5901 μὴ
1854 5830 1987 5885 θεω-

374 5944 377 5947 λ
422 5912 607 5982 ρῶμεν
638 5912 853 5966 ᾶπαντα
894 5914 1096 5982 καλῶς,
1124 5917 1260 5972 ἀλλὰ
1283 5918 1375 5972 τὸν
1424 5919 1549 5975 νοῦν
1576 5921 1753 5986 ἄλλοις
1809 5940 1980 5990 προσ-

2088 4647 2199 4691 tnm
2228 4638 2468 4705 seipsum
2500 4638 2834 4704 humiliavit,
2862 4648 2914 4692 et
2938 4640 3064 4708 quid
3092 4655 3306 4709 passus,
3344 4652 3397 4695 et
3423 4657 3659 4710 quanam

2089 4746 2145 4783 re
2177 4744 2206 4781 a
2239 4744 2296 4784 se
2324 4729 2490 4792 facta,
2539 4730 2679 4782 hanc
2712 4742 2894 4782 coram
2928 4731 3082 4785 nobis
3128 4746 3372 4785 mensam
3403 4736 3610 4801 paravit
3645 4753 3659 4788 :

2087 4833 2141 4876 et
2198 4823 2270 4876 ita
2328 4824 2521 4879 salutis
2579 4823 2875 4877 novitatem
2926 4822 3283 4887 admirantes,
3334 4835 3394 4899 et
3444 4836 3664 4893 propter

2089 4917 2588 4972 tniscrieordiarum
2648 4916 3043 4971 multitudinem
3111 4927 3335 4986 stupore
3401 4920 3662 4986 perculsi,

2091 5021 2439 5062 revereamur
2473 5024 2594 5063 eum
2625 5010 2714 5078 qui
2742 5009 2820 5062 sic
2856 5008 3113 5063 misertus
3156 5019 3268 5075 est,
3302 5025 3426 5065 eum
3454 5013 3547 5082 qui
3584 5014 3665 5065 sic

2088 5102 2362 5165 servavit;
2411 5101 2568 5169 eique
2598 5101 2884 5155 credamus
2913 5105 3146 5166 animas,
3194 5111 3244 5157 et
3299 5103 3463 5157 vitam
3514 5117 3664 5157 com-

2091 5195 2435 5256 mendemus,
2470 5201 2523 5247 et
2573 5194 2734 5247 corda
2778 5194 3141 5248 accendamus
3196 5195 3315 5266 igne
3368 5210 3480 5249 suae
3527 5194 3660 5247 dile—

2089 5284 2287 5336 Ctionis
2322 5300 2334 5335 :
2369 5294 2421 5336 et
2468 5298 2587 5336 rum
2624 5285 2757 5336 tales
2806 5284 3089 5347 fut-timus,
3129 5284 3434 5353 poterimus
3493 5296 3543 5337 et
3577 5302 3656 5337 se-

2090 5391 2220 5429 enre
2265 5387 2320 5429 et
2370 5376 2714 5431 familiariter
2752 5379 2805 5431 in
2841 5378 3224 5449 mysteriorum
3275 5377 3401 5444 igne
3430 5376 3659 5428 versari.

2089 5467 2208 5521 Non
2237 5468 2381 5522 enim
2417 5469 2612 5522 suiﬁcit
2659 5470 2725 5521 ad
2778 5470 2881 5525 hoc
2934 5478 2993 5522 ut
3042 5482 3173 5521 tunc
3218 5466 3352 5520 tales
3383 5468 3574 5530 simus,
3600 5481 3664 5520 ea

2092 5572 2212 5626 quo:
2241 5558 2448 5613 Christi
2484 5571 2612 5613 sunt
2647 5560 2939 5629 aliquando
2970 5558 3249 5621 didicisse,
3278 5564 3331 5610 et
3361 5570 3425 5609 ea
3467 5558 3610 5611 scire
3647 5572 3663 5609 :

2091 5651 2183 5704 sed
2240 5665 2462 5705 nece8se
2511 5661 2594 5706 εει
2645 5653 2808 5704 etiam
2867 5662 2993 5704 tunc
3040 5648 3236 5702 mentis
3289 5648 3503 5701 oculum
3557 5648 3666 5700 illic

2093 5742 2277 5809 ﬁgere,
2329 5749 2386 5794 et
2419 5754 2481 5793 ea
2535 5752 2663 5793 actu
2711 5737 3089 5807 contemplari,
3137 5735 3286 5789 omni
3339 5736 3445 5791 alia
3494 5735 3665 5803 ejecta

2092 5831 2445 5900 cogitatione,
2501 5833 2769 5898 siquidem
2830 5831 2897 5883 ad
2949 5828 3440 5882 sanetilicationem
3496 5827 3662 5889 illam,

2090 5932 2269 5990 aptam
2314 5931 2369 5977 et
2406 5923 2889 5987 accommodatam,
2928 5931 2983 5973 ut
3038 5918 3173 5987 dixi,
3207 5936 3397 5975 sumus
3425 5920 3659 5974 animam
