4016 6458
249 399 363 461 3'3

1450 394 1855 459 LITURGLB
1896 390 2328 455 EXPOSITIO.

3354 389 3360 395 ”
3403 388 3504 447 3ῐίί

250 505 523 576 ευξόμεθα
554 504 680 559 καθ’
711 503 740 557 δ
759 504 858 569 δεῖ,
884 502 983 557 οὐκ
1009 502 1254 574 οἴδαμεν·
1289 523 1307 558 ι
1349 505 1444 558 καὶ
1476 507 1567 559 ἴνα
1596 505 1671 574 μὴ
1701 504 1833 575 βιτ-

1963 523 1988 559 n
2027 519 2159 573 pace
2193 517 2356 559 orare
2394 509 2630 571 oportet.
2674 499 2813 567 Quid
2843 513 2973 569 ergo
3005 506 3127 567 post
3167 497 3524 568 gIOt'ilicatiu-

253 598 595 669 τολογῶμεν,
623 596 867 651 διδάσκει
887 596 1041 668 ἡμᾶς
1061 595 1099 651 ἃ
1120 597 1202 650 δεῖ
1230 599 1363 667 περὶ
1385 596 1484 664 τῆς
1540 596 1725 668 εὐχῆςο
1750 596 1846 649 καὶ

253 691 475 761 πρῶτον
500 689 593 743 τὸν
623 690 824 760 τρόπον
852 690 934 743 ὅτι
967 690 1026 741 ὲν
1079 688 1275 759 εἰρήνῃ
1325 686 1608 758 εὔχεσθαι.
1660 688 1727 740 Τί
1752 681 1846 739 οῦν

269 782 405 852 μετὰ
432 780 532 850 τὴν
554 780 870 849 δοξολογίαν
892 779 1056 843 εὐθὺς
1080 779 1352 833 αἰτεῖσθαι
1374 778 1683 842 ἐκέλευσεν,
1712 778 1843 832 οὔτε

270 871 833 941 ἐξομολογησαμένους
876 871 1161 943 πρότερον,
1196 871 1320 926 οὔτε
1350 858 1873 943 εὐχαριστήσαντας’

268 966 343 1036 τῷ
368 967 485 1037 Θεῷ
512 984 528 1032 ;
564 965 689 1018 Ὅτι
717 967 775 1018 ἐν
834 964 914 1037 τῷ
941 966 1116 1018 εἰπεῖν
1145 966 1243 1033 τὴν
1306 964 1552 1036 εἰρήνην,
1619 963 1850 1029 κάκεῖνα

266 1058 610 1129 περιέλαϐεν,
673 1057 727 1109 εῖ
762 1073 847 1119 τις
899 1056 1116 1126 ἀληθῶς
1157 1054 1337 1110 ἐθέλει
1392 1056 1642 1109 σκοπεῖν.
1711 1052 1851 1108 Οῦτε

210 1175 220 1187 -
262 1152 372 1219 γὰρ
422 1151 451 1204 ὁ
484 1149 932 1219 ἀπαρεσκόμενος
968 1151 1083 1213 τοῖς
1118 1147 1509 1219 συμϐαίνουσιν
1540 1144 1685 1221 αῦτῷ
1712 1145 1851 1200 κατὰ

264 1239 355 1292 τὸν
389 1239 525 1310 βίον,
574 1234 809 1294 δύναται
852 1240 1084 1312 εἰρήνην
1111 1242 1168 1293 ὲν
1216 1238 1396 1310 ἑαυτῷ
1441 1238 1609 1309 ἔχειν.
1657 1236 1771 1292 ἀλλ’
1823 1237 1852 1289 ό

261 1332 565 1401 εὐγνώμων
604 1333 700 1386 καὶ
730 1334 790 1387 ὲν
816 1334 982 1386 παντί
1041 1332 1386 1405 εὐχαριστῶν
1417 1331 1561 1386 κατά
1610 1329 1706 1384 τὸν
1752 1326 1852 1383 τοῦ

262 1426 538 1492 μακαρίου
600 1422 809 1478 Παύλου
858 1425 1043 1494 νόμονο
1078 1423 1203 1477 οὔτε
1235 1424 1263 1477 ὁ
1302 1424 1377 1494 μὴ
1421 1421 1663 1485 συνειδὸς
1715 1420 1855 1492 ἔχων

260 1514 529 1582 καθαρόν⁸
560 1515 800 1578 συνειδὸς
826 1514 885 1568 δὲ
908 1514 1148 1586 καθαρὸν
1192 1514 1364 1587 χωρὶς
1413 1514 1855 1586 ἑξομολογήσεως

257 1605 549 1675 ἀμήχανον
591 1600 754 1662 εῖναι.
796 1605 963 1661 Ὥστε
998 1606 1141 1678 μετά
1181 1608 1405 1679 εἰρήνης
1426 1607 1743 1679 εὐχόμενος,
1767 1608 1857 1660 εὑ·

1946 612 2072 652 m'm
2103 597 2289 652 statim
2331 595 2496 664 jussit
2533 603 2717 663 petere
2742 607 2838 648 eos
2880 591 2974 663 qui
3005 606 3181 660 neque
3209 592 3357 660 prius
3387 605 3524 645 con-
3575 572 3589 587 ⁸

1947 687 2076 745 fessi
2117 693 2262 752 sunt,
2304 699 2484 754 neque
2514 684 2624 739 Deo
2651 684 2854 754 gratias
2906 692 3130 752 egerunt
3155 681 3179 735 ’ἰ
3208 681 3347 749 Quia
3397 684 3524 736 dum

1954 794 2140 849 pacem
2172 778 2335 843 dixit,
2364 777 2453 832 illa
2483 775 2649 831 etiam
2689 774 3118 845 comprehendit,
3153 774 3198 827 si
3246 772 3369 843 quis
3403 773 3532 826 vel't

1951 881 2142 928 exacte
2171 870 2518 924 considerare
2579 867 2763 935 Neque
2794 866 2940 922 enim
2983 865 3076 935 qui
3122 878 3228 919 non
3271 848 3353 918 est
3393 877 3526 918 con-

1952 972 2131 1016 teatus
2163 961 2229 1014 iis
2277 974 2397 1028 qua:
2426 959 2528 1014 sibi
2572 958 2625 1012 in
2675 956 2782 1010 vita
2837 953 3114 1015 eveniunt.
3151 955 3332 1022 potest
3369 940 3423 1003 in
3467 962 3530 1003 se

1952 1067 2138 1124 pacem
2185 1051 2409 1113 habere.
2455 1050 2547 1106 sed
2592 1049 2683 1119 qui
2717 1057 2800 1104 est
2843 1057 3030 1116 gratus
3061 1054 3116 1099 et
3174 1044 3228 1097 in
3273 1040 3527 1095 omnibus

1951 1148 2063 1219 agit
2095 1147 2425 1215 gratias,.ut
2466 1142 2768 1214 praescrihit
2804 1141 2887 1198 lex
2920 1140 3063 1197 beati
3101 1137 3273 1203 Pauli,
3308 1150 3406 1209 nec
3432 1133 3525 1204 qui

1955 1254 2064 1295 non
2097 1237 2260 1294 habet
2304 1250 2494 1306 puram
2544 1232 2981 1297 conscientiam;
3030 1229 3143 1285 tieri
3200 1239 3379 1280 autem
3421 1238 3528 1277 non

1955 1341 2138 1401 potest
2171 1339 2227 1384 ut
2253 1331 2324 1386 sit
2352 1343 2489 1399 pura
2518 1324 2850 1383 conscientia
2885 1324 3003 1378 sine
3031 1318 3392 1377 centessione.
3422 1313 3528 1381 Qui

1954 1436 2085 1491 ergo
2111 1430 2231 1476 orat
2256 1434 2382 1475 eum
2409 1433 2560 1489 pace,
2599 1417 2800 1487 gratias
2835 1425 3082 1486 agentem
3111 1419 3165 1466 et
3183 1408 3528 1466 confitentem

1958 1513 2106 1583 prius
2140 1512 2327 1567 habuit
2362 1510 2626 1564 animum.
2656 1509 2736 1562 Ad
2770 1509 2886 1563 haec
2922 1517 3108 1561 autem
3140 1504 3304 1558 etiam
3341 1498 3530 1568 petitio

1957 1620 2121 1677 quam
2160 1604 2391 1667 faciunt,
2437 1616 2533 1658 eos
2563 1611 2618 1658 et
2645 1600 2851 1672 gratias
2870 1607 3095 1669 agentes
3116 1604 3172 1652 et
3204 1592 3532 1649 conﬁtentes

265 1697 639 1766 χαριστοῦσαν
669 1699 763 1753 καί
793 1699 1305 1770 ὲξομολογουμὲνην
1336 1700 1603 1771 πρότερον
1618 1698 1743 1770 ἔσχε
1757 1699 1858 1773 τὴν

1963 1698 2220 1755 ostendit.
2259 1694 2400 1762 Quid
2444 1694 2589 1752 enim
2647 1690 2881 1761 petunt?
2911 1685 3371 1745 misericordiam.
3408 1680 3532 1735 llzec

262 1789 473 1859 ψυχήν.
507 1789 717 1843 "suos
763 1791 860 1843 καὶ
882 1790 1099 1860 αῖτησις
1151 1790 1221 1861 ἢν
1256 1791 1558 1858 αἰτοῦνται,
1603 1791 1857 1863 εὐχαρισ-

1963 1800 2140 1846 autem
2163 1799 2246 1845 est
2276 1788 2468 1861 petitio
2488 1800 2674 1841 eorum
2692 1784 2782 1855 qui
2815 1782 2891 1837 rei
2923 1788 3174 1851 aguntur,
3194 1776 3286 1847 qui
3317 1772 3534 1845 quando

262 1856 499 1946 τοῦντας
529 1883 623 1936 καὶ
649 1856 1188 1953 ἐξομολογουμένους
1209 1883 1409 1948 αὐτοὺς
1434 1856 1758 1955 παρίστησι.
1785 1883 1852 1937 Τί

1963 1883 2103 1941 otnni
2131 1881 2218 1936 sui
2257 1856 2577 1935 defendendi
2628 1876 2839 1932 ratione
2883 1872 3086 1936 ablata,
3136 1868 3271 1923 nihil
3308 1871 3535 1935 possunt

257 1975 379 2042 γὰρ
449 1973 765 2042 αἰτοῦνταις
823 1973 1133 2046 ἐλεηθῆναι.
1202 1975 1375 2030 Τοῦτο
1414 1975 1481 2029 δὲ
1541 1975 1851 2031 καταδίκων

1963 1977 2167 2033 discere
2203 1988 2312 2043 quo
2352 1986 2414 2028 se
2454 1968 2776 2039 justiilcent,
2810 1975 2866 2021 et
2898 1976 3119 2019 causam
3153 1973 3312 2016 suam
3345 1966 3536 2013 tuean-

264 2065 418 2118 ἐστὶν
440 2064 672 2135 αἴτημα,
708 2067 757 2120 οἳ
789 2066 920 2122 ὅταν
954 2068 1143 2122 πᾶσαν
1167 2066 1466 2137 ἀπολογίαν
1499 2069 1848 2142 περιῃρημέ-

1963 2076 2066 2134 tur,
2110 2066 2252 2122 hanc
2274 2078 2459 2118 vocem
2484 2071 2762 2131 postremo
2779 2060 2846 2112 ad
2866 2055 3103 2127 judicent
3128 2052 3404 2109 emittunt,
3425 2060 3531 2100 non

267 2173 372 2222 νοι,
417 2157 692 2229 μηδεμίαν
728 2158 933 2230 ἔχωσιν
967 2158 1143 2212 εἰπεῖν
1191 2158 1586 2227 δικαιολογίαν,
1637 2140 1851 2230 ταύτην

1963 2160 2103 2228 iure,
2140 2156 2239 2213 sed
2283 2170 2347 2212 ex
2391 2153 2511 2222 ejus
2570 2150 2859 2208 clementia
2904 2164 2969 2204 ea
3023 2144 3222 2216 quibus
3290 2140 3537 2209 indigent

265 2249 499 2320 ἔσχατον
526 2252 727 2321 ἀφιᾶσι
763 2252 864 2322 τήν
901 2249 1085 2322 φωνὴν
1109 2250 1247 2321 πρὸς
1292 2252 1384 2304 τὸν
1428 2250 1717 2322 δικαστὴν,
1750 2252 1851 2306 οὐκ

263 2345 381 2397 ἀπὸ
408 2344 516 2398 τῶν
563 2345 811 2409 δικαίων,
837 2346 954 2400 ἀλλ’
986 2347 1096 2401 ἀπὸ
1144 2347 1244 2416 τῆς
1273 2347 1483 2401 ἐκείνου
1544 2346 1853 2417 φιλανθρω-

268 2436 426 2502 πίας,
470 2429 549 2490 ὧν
575 2436 787 2491 δέονται
831 2440 1019 2508 τυχεῖν
1070 2437 1506 2508 προσδοκῶντες.
1562 2436 1734 2491 Τοῦτο
1794 2435 1852 2490 δέ

266 2531 388 2582 ἐστι
448 2528 889 2600 μαρτυρούντων,
948 2531 1027 2600 τῷ
1068 2530 1171 2600 μὲν
1218 2529 1450 2599 δικαστῇ
1505 2529 1852 2600 χρηστότητα

272 2620 503 2693 πολλήν·
536 2623 752 2686 ἑαυτοῖς
765 2621 846 2690 δὲ,
865 2615 1270 2694 πονηρίανοίἷψ,
1295 2623 1357 2675 τὸ
1386 2621 1485 2692 μὲν
1516 2619 1851 2692 ἐξομολογή-

279 2728 445 2775 σεως,
474 2712 537 2766 τὸ
560 2713 619 2765 δὲ
667 2713 1019 2785 εὐχαριστίας
1072 2713 1210 2767 ἐστί.
1251 2710 1632 2782 Προτρέπεται
1684 2709 1742 2764 δὲ
1793 2709 1853 2777 ἐξ

269 2805 448 2877 ἀρχῆς
475 2807 506 2858 ό
546 2806 723 2876 ἱερεὺς
767 2806 859 2860 τὸν
880 2805 1014 2859 λαδν
1046 2807 1127 2868 εἰς
1175 2804 1275 2876 τὴν
1296 2803 1464 2875 εὐχὴν
1490 2806 1850 2873 τεταγμένος,

266 2899 367 2949 καὶ
399 2896 488 2950 διὰ
516 2897 674 2951 τοῦτο
699 2896 795 2952 τοῦ
828 2897 960 2952 λαοῦ
989 2897 1433 2969 προϐεϐλημένος
1460 2897 1645 2961 αὐτός’
1682 2895 1803 2952 ἀλλ’
1823 2897 1853 2948 ὁ

278 2988 405 3058 μὲν,
434 2987 510 3052 ὡς
542 2989 884 3061 πρεσϐευτὴς
922 2989 1105 3043 αὐτῶν
1135 2988 1233 3044 καὶ
1259 2987 1509 3060 μεσίτης,
1567 2987 1654 3041 ἵνα
1686 2985 1852 3041 αὑτοῦ

258 3081 458 3151 δέησις
491 3082 859 3153 ἐνεργουμένη
891 3081 1027 3136 πολὺ
1065 3081 1249 3154 ἰσχύῃ,
1280 3081 1585 3151 καθάπερό
1613 3080 1853 3137 ἀπόστο-

262 3174 366 3271 λος
408 3174 668 3271 Ἰάκωϐος
706 3170 882 3229 εἶπεν·
936 3176 1247 3246 ἐνεργεῖται
1294 3174 1407 3271 γὰρ
1459 3175 1493 3246 ή
1526 3173 1716 3245 δέησις
1758 3171 1854 3228 τοῦ
1877 3206 1926 3271 C

260 3267 505 3333 δικαίου,
528 3267 655 3321 ὅταν
691 3268 938 3322 κάκεῖνοι
965 3266 1171 3331 πάντες
1202 3267 1344 3339 ὑπὲρ
1367 3260 1506 3339 ὧνσή
1543 3265 1753 3336 δέησις,
1784 3266 1856 3321 τὰ

266 3358 636 3427 παρ’,ἕαυτῶν
668 3359 1003 3430 εἰσφέρωσιν
1050 3358 1291 3414 ἅπανταο
1323 3358 1673 3431 χρηστότητα
1727 3356 1858 3427 τρό-

269 3466 415 3516 πων,
462 3449 649 3521 εὐχὰς,
682 3451 1008 3519 ἐπιείκειαν,
1063 3451 1161 3506 καὶ
1196 3451 1307 3522 ὅτῳ
1363 3450 1512 3522 ἄλλῳ
1548 3450 1701 3504 ῖσασι
1737 3449 1859 3520 χαί-

274 3559 443 3613 ροντα
472 3543 561 3597 τὸν
594 3545 751 3598 Θεόν.
789 3543 854 3598 Τί
875 3544 936 3599 δὲ
969 3544 1033 3599 τὺ
1061 3545 1272 3616 αῖτημα
1314 3544 1378 3598 τὸ
1410 3543 1630 3617 πρῶτον
1656 3544 1808 3606 εὐθύ,
1837 3562 1855 3611 ;

278 3633 462 3706 ’Υπὲρ
508 3634 608 3706 τῆς
637 3634 846 3691 ἄνωθεν
878 3637 1126 3708 εἰρήνης,
1159 3638 1256 3692 καὶ
1289 3640 1391 3708 τῆς
1424 3637 1703 3710 σωτηρίας
1748 3637 1860 3692 τῶν

277 3725 463 3795 ψυχῶν
486 3727 660 3798 ήμῶν*
690 3725 908 3793 διδάξας
952 3727 1220 3799 πρότερον
1266 3728 1415 3792 ὅπως
1439 3728 1661 3799 ἔχοντας
1707 3724 1863 3798 εὔχε-

287 3818 410 3871 σθαι
440 3820 537 3886 δεῖ,
570 3821 663 3875 νῦν
686 3821 952 3890 διδάσκει,
988 3823 1082 3878 καὶ
1121 3823 1175 3876 τί
1206 3821 1291 3876 δεῖ
1319 3822 1536 3893 πρῶτον
1566 3822 1856 3893 αἰτεῖσθαι*

280 3912 493 3983 πρῶτον
513 3915 613 3982 τὴν
667 3913 947 3984 βασιλείαν
992 3914 1088 3969 τοῦ
1115 3915 1279 3982 Θεοῦ,
1316 3915 1412 3969 καὶ
1451 3915 1552 3988 τὴν
1580 3914 1862 3969 δικαιοσύ-

272 4013 378 4066 νην
415 3998 602 4051 αὐτοῦ’
634 4002 735 4070 τὴν
769 3999 869 4069 μὲν
898 3998 1010 4069 γὰρ
1038 3999 1317 4070 βασιλείαν
1345 4001 1379 4069 ἡ
1403 3998 1515 4052 τῶν
1545 3997 1737 4069 ψυχῶν
1760 4015 1864 4053 σω-

271 4091 468 4160 τηρία,
502 4091 537 4161 ή
560 4089 617 4143 δὲ
644 4089 854 4145 ἄνωθεν
883 4090 1078 4163 εἰρήνη
1107 4090 1207 4163 τήν
1225 4090 1320 4145 τοῦ
1343 4089 1487 4145 Θεοῦ
1510 4091 1862 4161 δικαιοσύνην

273 4182 559 4252 σημαίνει·
591 4182 719 4253 περὶ
744 4176 810 4254 ἦς
840 4179 962 4259 εἰπε
991 4181 1226 4249 Παῦλος,
1265 4201 1285 4236 ι
1333 4183 1544 4254 Εἰρήνη
1572 4182 1667 4236 τοῦ
1692 4181 1855 4250 Θεοῦ,

269 4276 306 4342 ή
345 4274 692 4343 ὑπερέχουσα
745 4276 927 4329 πάντα
973 4273 1120 4341 νοῦν,
1154 4294 1175 4328 ι
1229 4276 1295 4346 ἢν
1321 4276 1350 4328 ό
1401 4274 1607 4346 Κύριος
1649 4275 1865 4345 ἀφῆκεν

273 4366 389 4427 τοῖς
414 4364 754 4431 ἀποστόλοις,
799 4365 1108 4419 ἀναϐαίνων
1157 4366 1294 4437 πρὸς
1326 4365 1417 4418 τὸν
1452 4366 1689 4436 Πατέρα.
1719 4385 1738 4418 ι
1775 4365 1864 4420 El.-

274 4459 473 4528 ρήνην,
507 4456 696 4533 εἰπὼν,
716 4457 920 4530 ἀφίημι
952 4458 1102 4528 ὑμῖν,
1135 4459 1360 4529 εἰρήνην
1384 4458 1862 4529 τὴνὲμὴνδίδωμι

1952 2250 2169 2321 assequi
2208 2256 2609 2320 exspectantes.
2659 2244 2776 2299 Hoc
2826 2252 3006 2296 autem
3055 2244 3142 2294 est
3191 2248 3381 2292 eorum
3437 2231 3531 2299 qui

1952 2342 2178 2397 multam
2222 2339 2443 2413 quidem
2485 2337 2685 2409 indicis
2711 2350 2833 2392 esse
2864 2332 3257 2403 benignitatem
3314 2336 3371 2382 et
3422 2323 3535 2379 cle-

1953 2436 2214 2491 mentiam
2241 2473 2257 2497 ,
2313 2447 2565 2503 magnam
2617 2440 2804 2486 autem
2876 2440 3001 2483 esse
3070 2437 3223 2479 suam
3275 2417 3536 2490 improbi-

1955 2535 2123 2581 tatem
2199 2524 2504 2593 vitiumque
2556 2528 2845 2577 testantur.
2897 2516 3141 2584 Quorum
3219 2513 3323 2566 hee
3395 2505 3536 2578 qui-

1952 2617 2075 2673 dem
2096 2624 2183 2672 est
2216 2613 2600 2676 confessionis,
2622 2610 2751 2666 illud
2783 2623 2913 2665 vero
2938 2606 3239 2678 gratiarum
3274 2599 3533 2656 actionis.

1954 2707 2219 2766 Hortatur
2244 2715 2428 2763 autem
2458 2703 2716 2762 sacerdos
2754 2702 2824 2758 ah
2847 2701 3001 2756 initio
3030 2695 3282 2768 populum
3314 2692 3382 2748 ad
3412 2704 3537 2745 ora-

1956 2802 2180 2865 tionem,
2198 2799 2366 2868 utqui
2394 2796 2518 2852 talis
2544 2796 2617 2851 sit
2638 2795 2732 2866 qui
2750 2795 2816 2849 ad
2837 2790 3098 2849 orandum
3125 2799 3209 2844 est
3228 2786 3534 2843 ordinatus.

1952 2901 2010 2950 et
2046 2893 2168 2949 ideo
2206 2892 2278 2949 sit
2311 2889 2499 2962 populi
2547 2886 2858 2960 propositus
2896 2885 3231 2940 intercessor
3255 2889 3310 2933 et
3331 2875 3535 2931 media-

1956 2992 2062 3051 tor,
2104 2992 2163 3037 ut
2218 2983 2338 3053 ejus
2377 2994 2613 3052 operam
2663 2974 2840 3034 oratio
2895 2972 3124 3028 multum
3151 2969 3355 3032 valeat,
3392 2965 3538 3021 sicut

1954 3077 2094 3134 dixit
2116 3074 2357 3131 Iacobus
2379 3071 2678 3143 apostolus:
2709 3067 2985 3139 Operatur
3008 3063 3152 3119 enim
3173 3059 3350 3116 oratio
3386 3055 3536 3124 justi.

1957 3166 2176 3239 quando
2203 3164 2283 3220 illi
2334 3164 2498 3219 etiam
2551 3159 2780 3217 omnino
2800 3171 2901 3226 pro
2923 3153 3125 3225 quibus
3163 3161 3349 3220 preces
3379 3146 3536 3205 ﬁunt,

1957 3275 2025 3317 ex
2096 3272 2156 3315 se
2183 3255 2369 3313 omnia
2418 3252 2773 3319 contulerint,
2817 3262 3028 3304 morum
3059 3243 3385 3303 bonitatem.
3417 3250 3541 3306 pre-

1960 3366 2055 3407 ces
2088 3392 2104 3417 ,
2133 3348 2410 3406 leuitatem
2467 3355 2524 3401 et
2560 3343 2870 3415 aequitatem
2908 3378 2925 3402 ,
2959 3346 3019 3393 et
3054 3344 3381 3407 quocunque
3431 3327 3541 3382 alio

1959 3444 2157 3501 sciunt
2198 3440 2366 3496 Deum
2439 3435 2722 3493 delectari.
2792 3431 2925 3500 Quae
2984 3436 3068 3485 est
3107 3434 3285 3481 autem
3346 3436 3537 3479 eorum

1962 3537 2136 3607 prima
2175 3535 2425 3604 protinus
2473 3527 2702 3601 petitio?
2735 3524 2842 3580 Pro
2867 3536 3103 3593 superna
3129 3531 3281 3590 pace,
3339 3522 3396 3570 et
3455 3527 3544 3568 sa-

1961 3605 2075 3683 lute
2134 3627 2442 3681 animarum
2492 3628 2825 3676 nostrarum.
2873 3614 3011 3669 Cum
3068 3611 3220 3682 prius
3269 3605 3543 3663 docuisset

1962 3716 2235 3790 quomodo
2297 3727 2359 3769 se
2379 3711 2646 3768 habentes
2699 3720 2860 3762 orare
2927 3710 3163 3774 oportet,
3206 3710 3353 3753 nunc
3376 3693 3541 3750 etiam

1963 3785 2118 3864 docet
2170 3805 2301 3877 quid
2329 3804 2401 3861 sit
2452 3803 2691 3873 primum
2709 3795 3031 3869 petendum,
3065 3804 3299 3861 superna
3332 3785 3546 3842 scilicet

1964 3917 2091 3971 pax,
2140 3907 2196 3953 et
2247 3899 2555 3952 animarum
2618 3892 2788 3947 salus.
2825 3891 2899 3945 ita
2929 3887 3074 3942 enim
3103 3882 3270 3953 jussit
3287 3878 3543 3936 Christus

1963 3969 2151 4062 petere
2197 3988 2433 4057 primum
2482 3997 2706 4054 regnum
2761 3978 2855 4035 Dei
2903 3984 2959 4032 et
2986 3973 3273 4047 justitiam.
3298 3969 3542 4038 Regnum

1962 4058 2110 4138 enim
2153 4081 2300 4136 salus
2345 4078 2695 4141 animarum;
2754 4084 2992 4141 superna
3052 4075 3232 4122 autem
3288 4074 3392 4132 pax
3447 4058 3545 4113 Dei

1960 4175 2227 4248 justitiam
2302 4171 2594 4239 signiﬁcat.
2629 4167 2706 4223 De
2753 4179 2862 4237 qua
2907 4164 3044 4220 dixit
3093 4157 3295 4214 Paulus
3328 4173 3342 4210 :
3381 4173 3400 4207 ι
3433 4150 3547 4248 Pax

1969 4246 2087 4335 Dei,
2119 4280 2242 4337 qua:
2269 4263 2641 4335 supereminet
2661 4273 2879 4316 omnem
2918 4261 3178 4316 mentem,
3206 4268 3225 4303 ι
3259 4262 3422 4318 quam
3444 4246 3551 4302 Do—

1966 4359 2148 4414 minus
2216 4356 2440 4425 reliquit
2491 4352 2801 4423 discipulis,
2851 4348 3155 4405 ascendens
3200 4344 3267 4398 ad
3297 4340 3547 4402 Patrem,

1973 4473 1993 4506 ι
2025 4452 2241 4515 Pacem,
2298 4450 2509 4512 dicens,
2539 4446 2787 4515 relinquo
2834 4442 3236 4510 vohts;paeem
3262 4448 3441 4489 meam
3480 4446 3551 4485 uo

278 4524 466 4617 ego}.
502 4530 711 4618 Ὠσπερ
899 4549 960 4603 τὸ
991 4524 1164 4620 δνομα
1191 4524 1203 4528 ⁷
1221 4524 1327 4621 τῆς
1363 4524 1714 4618 δικαιοσύνης
1742 4524 1860 4605 ἐκεῖ

1974 4546 2174 4599 vobis»
2205 4541 2359 4597 Sicut
2408 4543 2556 4595 enim
2585 4539 2697 4592 illic
2738 4548 2935 4592 nomen
2963 4531 3214 4604 iustitiae,
3247 4541 3356 4581 non
3383 4524 3552 4594 signi-

278 4642 340 4693 οὐ
372 4643 469 4712 τὴν
501 4641 592 4694 τοῦ
616 4642 730 4695 [σου
759 4641 1022 4712 διανομὴν
1048 4640 1303 4713 σημαίνει
1329 4641 1512 4711 μόνον,
1544 4641 1659 4694 ἀλλ’
1677 4640 1865 4705 ἁπλῶς

280 4735 479 4793 παντὸς
511 4732 706 4804 ἀρετῆς
742 4733 914 4795 εἰδους
951 4729 1250 4804 δηλωτικόν
1278 4735 1425 4786 ἐστιν
1456 4750 1470 4764 ·
1501 4732 1644 4786 οὕτω
1675 4731 1771 4785 καὶ
1806 4733 1867 4784 τὸ

280 4829 381 4894 τῆς
436 4827 654 4896 εἰρήνης
707 4824 965 4890 ἐνταῦθα,
1030 4824 1263 4879 καθόλου
1323 4825 1379 4878 τί
1430 4829 1567 4879 ἔστι·
1606 4825 1703 4878 καὶ
1755 4824 1865 4895 γάρ

284 4922 432 4971 ἐστιν
465 4917 690 4971 ἀπασῶν
737 4917 959 4985 ἀγαθῶν
993 4918 1128 4988 ὁμοῦ
1188 4916 1283 4972 καὶ
1313 4918 1493 4986 πάσης
1543 4915 1868 4987 φιλοσοφίας

284 5012 517 5079 καρπός·
552 5011 613 5062 οὐ
674 5011 784 5081 γὰρ
815 5010 964 5063 ἔστιν
995 5012 1221 5080 εἰρήνην
1286 5009 1502 5063 τελείαν
1559 5007 1867 5079 κτήσασθαι

282 5106 373 5157 τὸν
410 5104 601 5167 ἐνδεῶς
649 5104 841 5175 ἔχοντα
895 5105 1022 5173 μιᾶς
1068 5118 1215 5165 τινος
1241 5102 1465 5172 ἀρετῆς
1507 5100 1624 5155 ἀλλ’
1653 5099 1870 5170 ἀνάγκη

291 5198 381 5251 τὸν
412 5197 753 5268 εἰρηνεύσειν
784 5196 1054 5267 μέλλοντα
1087 5195 1180 5249 διὰ
1212 5196 1406 5248 πασῶν
1434 5193 1751 5263 ἀφικέσθαι.
1780 5197 1873 5250 Δεῖ

282 5294 462 5346 τοίνυν
484 5293 669 5346 ἀσκεῖν
695 5291 925 5353 ἑαυτοὺς
954 5290 1091 5353 ποὺς
1113 5290 1214 5361 τὴν
1248 5290 1470 5359 εἰρήνην
1512 5286 1730 5358 πρῶτον
1758 5289 1874 5350 τοῖς

288 5384 592 5451 ἀνθρώποις
623 5384 875 5454 δυνατήν·
937 5380 1058 5437 εἶτα
1091 5383 1366 5435 αἰτεῖσθαι
1413 5379 1565 5451 παρὰ
1606 5378 1743 5433 Θεοῦ
1774 5378 1873 5450 τὴν

287 5474 452 5528 αὑτοῦ
502 5477 747 5547 εἰρήνην,
787 5475 1038 5547 καθάπερ
1091 5475 1189 5528 καὶ
1245 5473 1329 5542 ἐφ’
1363 5471 1610 5541 ἑκάστης
1671 5472 1873 5542 ἀρετῆς

290 5563 427 5632 ἔχει.
458 5565 615 5619 Ἔστι
652 5566 762 5638 γὰρ
788 5566 1113 5636 σωφροσύνη
1141 5565 1231 5618 διὰ
1258 5564 1546 5635 ἀσκήσεως
1585 5560 1871 5631 γινομένη,

290 5654 382 5704 καὶ
413 5652 529 5705 ἔστι
560 5654 884 5727 σωφροσύνη
914 5656 1068 5726 παρά
1095 5654 1232 5708 Θεοῦ
1275 5655 1344 5724 τῇ
1395 5652 1542 5723 ψυχῇ
1584 5650 1870 5720 διδομένη.

291 5746 382 5798 καὶ
401 5745 617 5814 ἀγάπη,
648 5749 744 5800 καὶ
765 5750 924 5818 εὐχὴ,
953 5750 1049 5803 καὶ
1062 5748 1256 5818 σοφία,
1291 5748 1388 5803 καί
1415 5748 1508 5799 ἐπὶ
1553 5746 1664 5800 τῶν
1693 5745 1872 5800 ἄλλων

289 5836 379 5891 τὶν
409 5836 571 5890 αὑτὲν
594 5838 812 5908 τρόπον.
847 5840 946 5893 Διὰ
967 5838 1126 5893 τοῦτο
1153 5842 1249 5895 καὶ
1288 5840 1317 5893 δ
1365 5838 1546 5911 ἱερεὺς
1594 5836 1720 5908 περί
1769 5835 1872 5907 τῆς

540 5933 814 5996 Panos.
851 5932 969 5993 Gn.
1001 5932 1095 5994 CL
1116 5972 1133 5989 .

1974 4639 2101 4691 licat
2132 4634 2306 4690 solum
2365 4632 2487 4701 ejus
2526 4628 2670 4700 quod
2713 4641 2928 4697 equum
2952 4632 3053 4686 est,
3078 4619 3544 4679 distributionem,

1973 4732 2068 4787 sed
2118 4730 2362 4784 absolute
2429 4738 2594 4780 omne
2649 4735 2822 4792 genus
2851 4717 3073 4773 virtutis
3107 4751 3123 4779 ,
3154 4713 3232 4766 ita
3255 4710 3344 4764 hic
3383 4709 3546 4762 etiam

1977 4838 2173 4879 nomen
2216 4820 2368 4893 pacis
2421 4828 2502 4874 est
2552 4814 2684 4886 quid
2732 4808 3086 4872 universale;
3141 4813 3228 4861 est
3258 4802 3404 4856 enim
3433 4814 3552 4855 om-

1977 4918 2125 4972 nium
2188 4892 2351 4970 simul
2414 4911 2676 4966 virtutum
2751 4913 2806 4959 et
2859 4902 3126 4956 universa:
3190 4892 3553 4967 philosophiae

1979 5004 2211 5059 fructus.
2261 4999 2448 5070 Neque
2490 4996 2633 5052 enim
2660 4993 2774 5048 licri
2805 4997 2980 5061 potest
3005 4998 3065 5041 ut
3088 4998 3276 5053 pacem
3312 4979 3551 5053 perfecte

1979 5097 2178 5151 haheat
2214 5133 2232 5160 ,
2260 5091 2345 5146 cui
2375 5090 2459 5145 vel
2515 5096 2619 5143 una
2677 5084 2854 5152 aliqua
2882 5079 3056 5133 virtus
3082 5075 3286 5139 deﬁcit,
3316 5073 3410 5129 sed
3453 5085 3552 5124 ne-

1981 5197 2134 5239 cesse
2198 5190 2282 5237 est
2324 5219 2339 5240 ,
2373 5186 2431 5233 ut
2457 5175 2548 5245 qui
2590 5179 2814 5243 pacatus
2861 5175 2949 5222 est
2975 5165 3210 5224 iuturus,
3242 5174 3338 5230 per
3365 5169 3556 5211 omnes

1980 5274 2159 5330 veniat
2189 5289 2205 5340 ;
2236 5276 2454 5340 oportet
2479 5243 2631 5333 tergo
2680 5261 2892 5331 seipsos
2926 5256 3159 5330 primum
3193 5260 3450 5305 exercere
3486 5243 3553 5298 ad

1982 5376 2166 5433 pacem
2191 5333 2327 5429 tqu-a:
2359 5362 2539 5427 potest
2585 5350 2772 5407 haberi
2831 5347 2900 5402 ab
2929 5342 3259 5433 hominibus,
3289 5333 3554 5433 deindda

1985 5420 2092 5507 beo
2118 5420 2302 5519 petere
2361 5420 2514 5498 suam
2587 5451 2775 5507 pacem
2811 5474 2826 5500 ,
2860 5434 3004 5489 sicut
3031 5444 3093 5486 se
3122 5424 3284 5482 habet
3304 5420 3466 5475 etiam
3501 5420 3556 5471 in

1981 5512 2311 5608 unaquaque
2363 5532 2584 5587 virtute.
2640 5524 2736 5581 Est
2791 5523 2935 5578 enim
2991 5512 3369 5585 temperantia,
3435 5522 3555 5578 qua:

1982 5600 2205 5697 paratur
2223 5600 2317 5693 per
2338 5615 2811 5676 exercitationem,
2835 5620 2887 5665 et
2909 5617 2993 5663 ost
3010 5600 3364 5672 temperantia
3380 5612 3502 5665 qua:
3524 5611 3555 5647 a

1982 5688 2092 5774 beo
2109 5688 2269 5772 datur
2291 5712 2510 5775 animae,
2539 5717 2595 5764 et
2615 5706 2875 5769 charitas,
2901 5713 2957 5755 et
2976 5696 3172 5759 oratio,
3190 5700 3245 5748 et
3265 5688 3555 5759 sapientia.

1982 5819 2037 5865 et
2076 5807 2127 5862 in
2155 5804 2278 5860 aliis
2319 5800 2510 5857 eodem
2560 5795 2740 5852 modo.
2790 5790 3083 5859 Propterea
3104 5785 3268 5839 etiam
3299 5777 3557 5838 sacerdos

3004 5899 3079 5961 l3
