4030 6468
558 386 673 451 395

1839 383 2157 447 NICOLAI
2186 383 2576 444 CABASHJE
3673 387 3761 451 396

554 502 621 555 de
668 512 803 568 pace
859 497 947 553 illa
997 497 1171 567 primo
1217 495 1453 567 loquitur
1483 511 1602 568 qua:
1618 508 1703 552 est
1734 499 1785 552 in
1816 509 2004 554 nostra
2038 514 2116 566 por

2235 497 2463 567 εἰρήνης
2498 495 2715 565 ἐκείνης
2757 494 2979 568 πρώτης
3008 496 3140 566 ἡμῖν
3173 493 3473 564 διαλέγεται
3504 494 3591 566 τῆς
3618 497 3688 565 ἐφ’
3712 500 3763 568 ή-

528 601 772 657 ἰεειιιιε,
801 600 856 645 et
891 606 920 645 a
941 590 1097 645 nobis
1127 599 1275 645 recte
1299 590 1413 658 geri
1445 597 1499 644 et
1529 589 1906 646 administrari
1928 602 2129 660 potest:

526 696 604 738 et
644 699 765 739 cum
803 698 865 738 ea
915 684 1069 752 jubet
1099 684 1164 736 ad
1198 682 1362 736 Deum
1393 681 1572 737 facere
1601 684 1904 748 orationes,
1934 682 2130 737 deinde

551 775 618 828 de
642 789 705 826 ea
732 789 852 844 quae
895 788 925 826 a
957 774 1067 826 Deo
1122 772 1308 840 datur,
1351 781 1405 828 et
1433 787 1534 844 pro
1564 788 1626 828 ea
1661 774 1928 839 hortatur,
1964 774 2129 827 Deum
2172 846 2173 849 η

550 881 708 918 orare
735 905 749 928 ,
788 883 807 915 ι
836 864 1087 929 Oremus,
1134 864 1323 919 dicens
1351 901 1367 928 ,
1397 879 1495 933 pro
1529 880 1764 935 superna
1802 881 1955 936 pace.
1989 883 2008 918 ι
2030 864 2132 919 Pa-

550 972 666 1009 cem
704 965 885 1009 autem
932 954 1087 1017 dicit,
1129 969 1231 1008 non
1259 968 1378 1009 eam
1417 955 1587 1010 solam
1606 970 1726 1025 qua:
1749 964 1837 1011 est
1868 956 2011 1009 inter
2041 955 2128 1008 in-

546 1046 742 1103 vicem.
795 1043 1012 1113 quando
1040 1043 1183 1097 ‘nulli
1245 1041 1385 1097 male
1419 1041 1686 1109 volumus,
1722 1057 1821 1099 nec
1845 1043 2014 1098 ullius
2037 1058 2129 1098 su-

547 1152 668 1190 mus
707 1135 918 1206 injuriae
956 1148 1246 1197 memores,
1270 1134 1364 1189 sed
1392 1148 1514 1189 eam
1542 1133 1705 1188 etiam
1745 1149 1867 1203 qute
1896 1144 1980 1190 est
2000 1150 2126 1206 erga

543 1244 643 1281 nos
663 1228 829 1295 ipsos,
861 1227 1079 1296 quando
1109 1226 1215 1295 cor;
1236 1236 1484 1281 nostrum
1521 1241 1631 1281 non
1656 1228 1984 1283 condemnat
2007 1245 2137 1286 ιιοε..

543 1318 734 1387 Magna
795 1327 879 1371 est
943 1326 1126 1371 autem
1194 1316 1345 1385 pacis
1370 1317 1602 1385 utilitas,
1629 1317 1714 1374 vel
1746 1319 1923 1386 potius
1957 1334 2019 1375 ea
2041 1330 2127 1375 est

541 1409 760 1461 munitm
782 1408 1105 1462 necessaria.
1140 1406 1206 1462 Ut
1241 1406 1555 1477 perturbata
1595 1409 1740 1464 enim
1774 1426 1929 1467 meus
1997 1427 2122 1468 cum

544 1502 652 1552 Deo
707 1500 995 1552 conveniat
1024 1537 1039 1563 ,
1083 1498 1305 1552 minime
1363 1497 1478 1552 fieri
1512 1508 1711 1568 potest:
1740 1500 1972 1568 primum
2003 1507 2124 1572 qui-

530 1594 685 1653 dem,
704 1601 926 1658 propter
951 1590 1118 1656 ipsam
1132 1590 1564 1659 perturbationis
1594 1599 1866 1648 naturam.
1922 1594 2124 1661 Quem-

543 1682 832 1735 admodum
885 1682 1033 1735 enim
1055 1696 1157 1749 pax
1194 1682 1395 1736 multos
1423 1698 1588 1737 unum
1630 1682 1832 1749 reddit,
1863 1685 1936 1739 ita
1953 1686 2120 1744 etiam

543 1771 884 1836 perturbatio
945 1786 1112 1824 unum
1168 1770 1336 1826 multa
1403 1772 1585 1825 efﬁcit.
1646 1771 1936 1839 Quomodo
1991 1758 2125 1847 ergo.

550 1862 795 1932 adaptari
825 1871 879 1917 et
916 1862 1208 1917 convenire
1245 1864 1448 1934 poterit
1512 1864 1605 1918 uni
1638 1875 1693 1920 ct
1722 1866 1954 1936 simplici
1978 1868 2125 1923 Deo?

540 1953 832 2023 Propterea
888 1955 1035 2023 quod
1094 1969 1274 2024 neque
1319 1963 1472 2010 recte
1502 1969 1683 2022 orare,
1721 1972 1896 2026 neque
1920 1957 2121 2029 aliquid

538 2048 666 2101 boui
689 2061 753 2102 ex
776 2046 1024 2101 oratione
1051 2046 1308 2115 consequi
1330 2057 1527 2114 potest,
1561 2051 1652 2117 qui
1679 2059 1802 2103 orat
1823 2048 1941 2104 sine
1968 2063 2119 2118 pace.

543 2136 673 2192 Sive
731 2137 877 2191 enim
940 2136 1021 2190 ira
1054 2136 1325 2192 hominem
1355 2140 1659 2205 perturbat,
1682 2150 1736 2193 et
1772 2148 2008 2210 acceptae
2039 2141 2119 2196 in—

522 2228 697 2297 jurite
744 2226 1005 2282 memoria
1057 2241 1245 2297 pacem
1277 2242 1341 2282 ex
1364 2228 1544 2281 anima
1573 2229 1759 2305 ejecit,
1803 2245 1903 2285 nec
1929 2245 2121 2300 pecca-

539 2327 717 2371 torum
784 2317 1002 2384 quidem
1070 2317 1279 2371 veniam
1308 2316 1548 2372 inveniet
1589 2332 1655 2373 ex
1689 2320 1958 2385 oratione,
2004 2330 2121 2375 tan-

520 2421 654 2463 ‘tum
722 2409 871 2463 abest
907 2417 967 2462 ut
1009 2408 1168 2463 ullam
1225 2409 1389 2464 aliam
1427 2411 1658 2478 gratiam
1686 2421 2024 2484 assequatur.
2060 2418 2117 2470 Si

539 2501 664 2567 quis
694 2510 1038 2569 peccatorum
1071 2514 1297 2555 suorum
1350 2515 1512 2556 causa
1537 2518 1565 2556 a
1607 2505 1936 2560 conscientia
1979 2522 2119 2576 pun—
2160 2574 2161 2577 η

532 2592 701 2660 gitur,
741 2604 796 2647 et
844 2593 1007 2648 habet
1067 2607 1163 2648 eor
1196 2593 1344 2664 quod
1383 2610 1505 2650 eum
1560 2606 1808 2664 accusat,
1835 2608 1891 2653 et
1909 2612 1972 2652 ea
1997 2615 2119 2669 per-

532 2683 847 2738 turbatione
870 2684 1130 2753 agitatur,
1172 2684 1329 2740 omni
1363 2686 1503 2755 apud
1535 2686 1699 2741 Deum
1734 2686 1986 2744 libertate
2002 2690 2117 2757 pri-

525 2784 694 2830 vatus
758 2786 843 2831 est
880 2816 895 2841 ,
923 2787 979 2830 ιιι
1027 2778 1105 2829 ait
1139 2776 1380 2831 divinum
1405 2777 1676 2849 elaquium
1709 2794 1726 2833 :
1757 2798 1775 2831 ι
1797 2781 1863 2834 Ει
1896 2783 2115 2851 quando

526 2872 678 2928 Orat,
734 2867 853 2921 sine
910 2866 1162 2922 libertate
1213 2867 1489 2937 loquitur,
1528 2870 1680 2925 Litoc
1700 2879 1804 2937 est,
1837 2873 1953 2926 sine
1989 2871 2112 2928 (ide.

522 2956 638 3021 Qui
674 2966 854 3011 autem
908 2958 1027 3011 sine
1094 2956 1198 3010 fide
1241 2966 1382 3022 orat,
1419 2958 1618 3014 frustra
1647 2969 1789 3027 orat,
1823 2974 1922 3016 nec
1952 2961 2113 3016 ullam

528 3069 599 3107 ex
665 3068 728 3108 eo
758 3054 926 3107 sentit
954 3052 1272 3107 utilitatem.
1298 3051 1595 3124 Propterea
1645 3055 1901 3125 iubemur
1947 3059 2112 3112 etiam

2241 592 2353 659 μῖν,
2381 589 2482 657 τῆς
2503 588 2772 658 ὑφ’ήμῶν
2804 588 3270 658 κατορθουμένης,
3317 588 3413 641 καὶ
3444 588 3573 658 μετὰ
3593 589 3763 659 ταύτης

2236 679 2447 733 κελεύει
2477 680 2577 742 τὰς
2624 680 2763 750 πρὸς
2788 681 2882 733 τὸν
2939 680 3073 734 Θεὸν
3105 679 3374 733 ποιεῖσθαι
3395 680 3615 750 δεήσεις·
3669 676 3764 734 εἶτα

2234 770 2365 841 περὶ
2395 771 2495 839 τῆς
2532 774 2597 825 ὲκ
2625 771 2763 824 Θεοῦ
2788 771 3100 841 διδομένης,
3128 772 3224 825 καὶ
3262 773 3463 842 ταύτης
3489 770 3639 824 ἕνεκα
3663 771 3762 841 δεη-

2233 860 2394 930 θῆναι
2422 860 2514 913 τὸν
2538 860 2670 914 Θεὸν
2700 862 2980 930 παραινεῖ,
3019 880 3038 913 ι
3071 861 3388 931 Δεηθῶμεν,
3413 860 3596 930 λέγων,
3642 862 3758 931 ὑπὲρ

2229 951 2337 1021 τῆς
2355 951 2562 1005 ἄνωθεν
2612 953 2832 1022 ἀρετῆς.
2868 970 2887 1004 ι
2929 953 3173 1023 Εέρήνην
3207 952 3377 1021 λέγει,
3434 954 3491 1007 οὺ
3537 953 3626 1023 τήν
3652 953 3766 1022 πρὸς

2228 1045 2491 1113 ἀλλήλους
2528 1046 2709 1115 μόνον,
2739 1047 2867 1099 ὅταν
2893 1046 3029 1117 πρὸς
3060 1046 3322 1117 ἀλλήλους
3353 1045 3427 1117 μὴ
3459 1046 3767 1116 μνησικακῶ-

2232 1151 2351 1205 μεν·
2383 1135 2518 1189 ἀλλὰ
2542 1138 2635 1190 καὶ
2683 1138 2782 1208 τήν
2814 1138 2953 1207 πρὸς
3004 1140 3157 1208 ἡμᾶς
3190 1138 3404 1201 αὐτούς·
3431 1139 3550 1191 ὅταν
3582 1139 3613 1208 ή
3651 1153 3766 1207 itep-

2226 1225 2315 1279 δία
2358 1227 2516 1298 ἡμῶν
2542 1228 2619 1298 μὴ
2652 1228 3041 1301 καταγινώσκῃ
3073 1230 3250 1300 ήμῶν.
3281 1229 3420 1282 Πολὺ
3448 1228 3503 1281 δὲ
3529 1227 3583 1281 τὺ
3605 1227 3765 1295 ὄφελος

2225 1316 2433 1387 ταύτης
2459 1318 2558 1389 τῆς
2582 1320 2834 1391 εἰρήνης·
2878 1321 3080 1389 μᾶλλον
3103 1321 3159 1374 δὲ
3188 1321 3402 1392 ἀνάγκη
3459 1319 3645 1390 ταύτης
3684 1318 3765 1388 τῆς

2225 1411 2433 1481 ἀρετῆς
2459 1412 2596 1482 ἡμῖν
2628 1414 2933 1483 πανταχοῦ·
2970 1414 3063 1466 τὸν
3091 1414 3201 1485 γὰρ
3240 1413 3624 1486 θορυόούμενον
3643 1411 3764 1465 vatim

2227 1501 2349 1571 Θεῷ
2407 1503 2683 1558 συνελθεῖν
2745 1506 3029 1569 παντελῶς
3061 1507 3342 1572 ἀδύνατον,
3394 1504 3460 1560 δι’
3491 1506 3649 1575 αὐτὴν
3686 1502 3765 1571 τὴν

2226 1593 2390 1663 φύσιν
2423 1594 2518 1649 τοῦ
2559 1595 2815 1665 θορύϐου.
2850 1598 3123 1669 Καθάπερ
3153 1597 3261 1666 γὰρ
3304 1598 3548 1669 ήείρήνη
3593 1611 3764 1648 ποντα·

2223 1686 2319 1757 χοῦ
2345 1687 2473 1750 τοὺς
2501 1686 2731 1751 πολλοὺς
2762 1687 2860 1742 ἕνα
2883 1688 3151 1754 δείκνυσι,
3188 1687 3361 1752 οὕτως
3417 1689 3445 1740 ὁ
3473 1686 3678 1754 θόρυϐος
3693 1685 3765 1737 τὸν

2222 1777 2319 1830 ἕνα
2337 1777 2568 1842 πολλοὺς
2598 1779 2762 1833 ποιεῖ.
2796 1778 2920 1843 Πῶς
2936 1775 3032 1832 οὗν
3068 1780 3380 1851 ἐφαρμόσαι
3416 1778 3682 1848 δυνήσεται
3705 1775 3766 1844 τῷ

2155 1843 2194 1898 Β
2225 1868 2308 1921 tu
2336 1869 2431 1922 και
2461 1868 2619 1940 ἁπλῷ
2643 1869 2801 1940 Θεῷ;
2839 1870 3015 1925 ἔπειθ’
3042 1843 3125 1926 δτὶ
3178 1843 3309 1926 aut
3345 1843 3595 1937 εὔξασθαι
3631 1843 3763 1921 sava;

2223 1976 2316 2013 ται
2353 1958 2560 2024 καλῶς,
2602 1962 2722 2015 οὐδὲ
2755 1962 3063 2016 ἀπολαῦσαί
3108 1979 3162 2015 τι
3197 1964 3295 2033 τῆς
3350 1963 3513 2033 εὐχῆς
3555 1959 3765 2023 mam

2224 2052 2392 2120 χωρὶς
2421 2053 2645 2123 εἰρήνης
2699 2053 3018 2124 εὐχόμενος.
3054 2056 3180 2108 Εἴτε
3226 2055 3337 2127 γὰρ
3362 2055 3500 2127 ὀργὴ
3536 2056 3759 2127 ταράττει

2222 2140 2314 2193 τὸν
2378 2141 2713 2212 ἄνθρωπονη
2741 2144 2838 2198 καλ⁸
2907 2147 3249 2216 μνησικακία
3302 2147 3399 2218 τὴν
3433 2147 3640 2217 εἰρήνην
3686 2144 3763 2213 τῆς

2220 2232 2399 2303 ψυχῆς
2430 2234 2703 2301 ὲξέσαλεν,
2736 2235 2858 2289 οὐδὲ
2892 2237 3186 2309 συγνώμην
3217 2240 3442 2310 εὑρήσει
3484 2239 3591 2292 τῶν
3614 2238 3763 2307 πλημ-

2224 2325 2358 2396 μελη
2368 2325 2551 2396 μάτων
2577 2327 2684 2381 ὑπὸ
2715 2329 2811 2399 τῆς
2836 2329 3021 2400 εὐχῆς,
3055 2332 3236 2403 πολλῷ
3269 2332 3469 2411 μᾶλλον
3491 2331 3603 2386 οὐδὲ
3628 2330 3764 2400 ἄλλην

2218 2418 2340 2471 τινὰ
2372 2418 2601 2490 λήψεται
2621 2420 2806 2492 χάριν.
2845 2423 2972 2476 Εἴτε
2999 2424 3422 2495 ἁμαρτημάτων
3450 2426 3639 2495 ἑτέρων
3676 2423 3763 2476 ἓνε-

2220 2526 2314 2573 κα,
2355 2511 2462 2564 ὑπὸ
2506 2511 2602 2565 τοῦ
2634 2513 2939 2577 συνειδότος
2972 2519 3271 2583 κεντεῖται,
3307 2521 3400 2571 καὶ
3429 2517 3523 2587 τὴν
3575 2515 3762 2585 καρδίαν

2218 2600 2332 2670 ἔχει
2395 2602 2909 2673 κατηγορουμένην,
2961 2604 3056 2657 καὶ
3119 2606 3313 2660 τοῦτον
3351 2607 3646 2679 θορυϐεῖται
3691 2604 3761 2657 τὸν

2219 2690 2468 2761 θόρυϐον,
2496 2692 2595 2761 τῆς
2629 2694 2765 2763 πρδς
2786 2693 2876 2747 τὸν
2894 2693 3028 2749 Θεὸν
3056 2698 3237 2768 πάσης
3260 2700 3624 2772 ἀπεστέρηται
3646 2701 3761 2767 παῤ·

2219 2781 2436 2850 ῤηὶας,
2469 2783 2613 2836 κατὰ
2648 2785 2709 2837 τὸ
2737 2784 2939 2853 λόγιον,
2998 2804 3018 2839 ι
3051 2787 3162 2842 Καὶ
3194 2789 3326 2843 ὃταν
3355 2790 3593 2862 εὔχηται,
3624 2789 3759 2860 χωρὶς

2217 2875 2531 2944 παρρησίας
2571 2875 2818 2947 εὔχεται,
2858 2896 2876 2929 ι
2898 2878 3045 2932 τοῦτ’
3068 2878 3210 2946 ἔστι,
3242 2884 3417 2954 χωρὶς
3448 2884 3681 2946 πίστεως.
3714 2880 3759 2933 ’0

2213 2964 2271 3017 δὲ
2302 2967 2472 3037 χωρὶς
2526 2970 2766 3034 πίστεως
2820 2972 3132 3043 εὐχόμενος,
3169 2976 3353 3048 μάτην
3403 2977 3629 3049 εύχεται,
3684 2975 3761 3028 καὶ

2215 3062 2296 3124 εἰς
2317 3062 2467 3115 οὐδὲν
2500 3063 2709 3133 ὕφελος.
2745 3068 2845 3122 Διὰ
2864 3068 3039 3122 ταῦτα
3091 3070 3456 3143 κελευόμεθα,
3518 3073 3606 3127 καὶ
3649 3070 3759 3142 μετά

533 3156 658 3197 cum
715 3156 847 3210 pace
891 3141 1057 3196 Deum
1097 3156 1277 3209 orare,
1309 3150 1364 3198 et
1401 3151 1526 3197 ante
1593 3145 1774 3199 omnia
1822 3159 2107 3214 supernam

2215 3153 2313 3224 τῆς
2349 3154 2574 3226 εἰρήνης
2599 3157 2691 3211 τοῦ
2721 3158 2857 3212 Θεοῦ
2884 3159 3115 3226 δεῖσθαι,
3178 3166 3276 3218 καὶ
3294 3141 3418 3238 πρὸ
3445 3141 3658 3221 πάντων
3675 3162 3756 3232 τήν

532 3235 723 3301 pacem
769 3245 994 3303 petere:
1032 3247 1219 3305 postea
1275 3242 1456 3290 autem
1506 3236 1673 3292 etiam
1708 3252 1805 3307 pro
1830 3241 1950 3294 aliis
1977 3240 2112 3296 libe-

533 3327 721 3381 raliter
754 3342 940 3396 preces
1002 3327 1245 3394 fundere,
1273 3343 1379 3383 non
1407 3329 1580 3384 solum
1632 3329 1907 3396 Ecclesiae,
1932 3341 1985 3387 et
2012 3333 2112 3386 im-

530 3421 708 3491 perio,
769 3429 824 3474 et
883 3421 1164 3489 utriusque
1210 3420 1506 3491 prrefectis,
1545 3420 1629 3475 vel
1667 3421 1731 3476 iis
1767 3423 1857 3490 qui
1896 3434 2020 3479 sunt
2056 3426 2109 3480 in

530 3511 815 3578 periculis,
867 3519 921 3565 et
944 3515 1107 3566 rebus
1169 3512 1418 3565 adversis
1453 3514 1858 3581 opprimuntur,
1890 3516 1982 3570 sed
2014 3532 2111 3586 pro

516 3604 785 3659 omnibus
827 3605 1053 3658 omnino
1100 3604 1414 3661 hominibus
1468 3605 1732 3659 universae
1763 3615 1938 3660 teme.
1977 3607 2109 3665 tl’t'o

516 3705 662 3761 pace
693 3692 835 3746 enim
865 3733 880 3757 ,
913 3692 1109 3759 iuquil,
1148 3691 1382 3746 universi
1416 3691 1637 3756 mundi;
1671 3710 1687 3742 ι
1721 3692 1956 3748 maxime
1989 3696 2109 3764 qui-

524 3782 674 3848 dem,
713 3783 835 3853 quia
877 3783 1057 3838 sciunt
1081 3798 1238 3836 suum
1267 3782 1554 3838 Dominum
1595 3800 1717 3842 esse
1759 3802 2104 3843 communem

519 3875 767 3927 omnium
833 3873 1143 3940 Dominum,
1205 3875 1433 3944 etquod
1505 3877 1687 3930 oumia
1730 3876 1781 3931 ei
1807 3892 1952 3933 cura:
1980 3888 2108 3934 sunt

508 3971 783 4031 rtauquam
825 3976 990 4028 opera
1032 3975 1151 4015 sua:
1190 3971 1241 4015 et
1272 3963 1314 4014 si
1337 3962 1459 4031 quis
1487 3978 1675 4016 eorum
1717 3979 1903 4017 curam
1928 3972 2104 4032 gerat,

505 4047 701 4117 imagis
741 4061 866 4100 eum
924 4047 1057 4100 colit
1097 4085 1112 4108 ,
1139 4062 1298 4116 quam
1350 4049 1468 4103 sici
1513 4049 1800 4105 sacrificet.
1835 4050 2103 4105 Praeterea

507 4149 729 4202 mutem,
775 4146 835 4190 ut
889 4137 1053 4192 sentit
1099 4138 1291 4193 beatus
1319 4138 1541 4200 Paulus.
1573 4152 1626 4194 ut
1658 4156 1754 4196 uos
1785 4142 1886 4195 sub
1914 4155 2102 4196 eorum

500 4225 921 4295 ~trauquill2tate
1003 4228 1240 4296 quietam
1302 4229 1465 4282 vitam
1530 4246 1776 4300 agamus,
1847 4232 1899 4285 in
1954 4233 2101 4287 omni

522 4318 747 4386 pietate,
776 4325 830 4371 et
868 4318 1169 4374 honestate.
1216 4319 1283 4373 Et
1314 4335 1421 4375 non
1457 4321 1630 4377 solum
1659 4338 1756 4391 pro
1779 4322 1846 4377 iis
1879 4338 1997 4391 qua:
2033 4325 2101 4377 ad

522 4409 765 4462 animam
804 4408 1090 4463 conferunt
1114 4449 1130 4473 ,
1163 4411 1256 4465 sed
1282 4411 1449 4466 etiam
1483 4428 1582 4482 pro
1624 4413 1781 4467 bouis
1806 4414 2097 4483 corporali-

521 4502 623 4554 bus
681 4500 1005 4553 necessariis
1068 4514 1290 4555 oramus
1326 4538 1340 4563 ,
1372 4500 1511 4556 bona
1556 4501 1703 4554 aeris
1745 4502 2008 4571 temperie
2048 4514 2104 4559 et
2135 4514 2178 4566 [ι

521 4587 796 4643 fructuum
843 4600 1001 4644 teme
1038 4589 1334 4646 fertilitate.
1375 4591 1441 4646 Ut
1463 4591 1701 4647 sciamus
1722 4606 1846 4649 esse
1862 4594 2099 4650 omnium

522 4669 796 4733 auctorem
842 4689 896 4732 ct
924 4681 1386 4750 suppeditatorem
1442 4681 1635 4745 Deum,
1658 4690 1713 4735 et
1744 4682 1809 4737 ad
1833 4682 1981 4736 illum
2009 4698 2101 4739 so-

524 4770 629 4821 lum
650 4770 1033 4838 respiciamus,
1059 4773 1315 4839 quoniam
1343 4771 1506 4825 etiam
1548 4786 1742 4837 panem
1775 4773 1844 4826 ab
1880 4774 2103 4845 ipsiipc-

523 4864 1030 4931 ten-quotidianum
1071 4879 1193 4919 cum
1227 4864 1349 4919 aliis
1377 4864 1542 4931 jussit
1579 4864 1694 4933 ipse
1726 4864 1995 4923 Christus.

1230 5064 1384 5120 CAP.
1413 5066 1552 5122 Xlll.

678 5157 816 5220 Quid
855 5156 952 5209 sibi
982 5156 1089 5209 vult
1109 5156 1481 5215 misericordia
1509 5160 1697 5230 ubique
1720 5164 1923 5230 petitio.

588 5247 722 5301 lllud
742 5261 954 5315 quoque
975 5246 1324 5313 quaerendum
1362 5257 1466 5313 est,
1491 5266 1649 5318 quam
1675 5255 1742 5305 ob
1772 5270 1987 5309 causam
2018 5272 2105 5311 sa-

510 5337 710 5387 cerdos
750 5335 965 5401 quidem
1016 5332 1171 5401 jubet
1203 5348 1365 5389 orare
1416 5352 1514 5406 pro
1548 5340 1733 5398 multis
1762 5352 1816 5398 et
1848 5345 2098 5403 diversis,

510 5426 937 5477 circumstantes
995 5432 1176 5477 autem
1236 5426 1418 5483 fideles
1453 5439 1643 5500 rogant
1685 5435 1856 5489 solum
1893 5439 2103 5493 miscri-

519 5516 759 5567 cordiam
799 5552 814 5579 ,
855 5523 909 5565 et
962 5527 1079 5566 eam
1147 5515 1316 5569 solam
1364 5522 1584 5576 omnino
1617 5539 1798 5580 vocem
1823 5531 1888 5582 ad
1932 5529 2099 5584 Deum

510 5601 791 5652 emittunt.
847 5599 1090 5654 Primum
1153 5609 1375 5674 quidem
1438 5626 1538 5667 vox
1587 5613 1893 5683 ejusmodi,
1929 5632 1984 5674 ut
2020 5623 2101 5674 di-

512 5702 665 5743 ctum
693 5700 795 5752 est,
829 5694 1124 5758 gratiarum
1158 5701 1320 5754 actio:
1346 5718 1427 5755 em
1454 5715 1508 5757 ct
1540 5710 1943 5764 confessionem
1966 5728 2098 5767 cou-

502 5778 673 5829 linet.
698 5778 899 5835 Deinde
963 5796 990 5834 a
1033 5780 1138 5839 Deo
1175 5800 1357 5858 pctcrc
1393 5796 1844 5866 miscricordiam,
1868 5812 1949 5856 est
1978 5807 2093 5876 ejus

2215 3245 2423 3301 ἄνωθεν
2458 3248 2680 3322 εἰρήνην
2698 3251 2990 3307 αἰτεῖσθαι·
3019 3254 3159 3324 μετὰ
3180 3255 3248 3311 δὲ
3272 3258 3501 3324 τούτων,
3533 3257 3620 3313 καὶ
3644 3256 3758 3325 ὑπὲρ

2213 3337 2321 3390 τῶν
2350 3338 2525 3392 ἄλλων
2556 3340 2876 3410 φιλαγάθως
2898 3344 3114 3415 δεήσεις
3138 3347 3434 3415 ποιεῖσθαι,
3454 3351 3515 3404 οὐ
3543 3352 3634 3420 τῆς
3662 3347 3758 3401 Ἐκ-

2216 3428 2446 3498 κλησίας
2479 3436 2662 3501 μόνον,
2701 3435 2794 3487 καὶ
2830 3436 2929 3506 τῆς
2960 3435 3264 3506 βασιλείας,
3297 3436 3395 3496 κάι
3425 3434 3758 3513 τῶνπροστα·

2212 3522 2319 3575 τῶν
2340 3524 2633 3595 ἑκατέρων,
2665 3529 2759 3579 καὶ
2782 3526 2893 3581 τῶν
2918 3530 2975 3582 ἐν
2997 3531 3266 3596 κινδύνοις
3299 3533 3395 3587 καὶ
3417 3534 3755 3605 περιστάσεσι,

2211 3617 2301 3669 καὶ
2343 3620 2653 3686 συμφοραῖς
2678 3619 2886 3685 ςδντων,
2942 3620 3060 3675 ἀλλ’
3083 3623 3274 3687 ἁπλῶς
3304 3626 3555 3680 ἁπάντων
3582 3622 3757 3694 ἀνθρώ-

2210 3724 2328 3760 πων
2358 3708 2455 3778 τῆς
2485 3710 2813 3781 οἰκουμένης
2867 3713 3108 3781 ἁπάσης.
3139 3733 3158 3769 ι
3182 3716 3361 3790 ’Υπὲρ
3417 3719 3513 3788 τῆς
3567 3718 3756 3787 εἰρήνης

2207 3800 2339 3871 γὰρ,
2358 3802 2510 3871 φησὶ,
2538 3802 2632 3855 τοῦ
2661 3803 2976 3872 σύμπαντος
3002 3807 3234 3878 κόσμου·
3252 3827 3272 3862 ι
3304 3811 3537 3881 μάλιστα
3558 3811 3664 3880 μὲν,
3691 3809 3756 3862 ὅτι

2205 3891 2298 3944 τὸν
2318 3892 2522 3945 ἑαυτῶν
2557 3895 2834 3965 Δεσπότην
2865 3899 3012 3950 ῐσασι
3066 3903 3245 3953 κοινὸν
3276 3903 3527 3956 ἁπάντων
3545 3902 3659 3955 ὅντα
3676 3900 3753 3951 Δε·

2207 3982 2431 4053 σπότην,
2455 3984 2551 4038 καὶ
2580 3986 2662 4039 ὅτι
2699 3987 2856 4055 μέλει
2886 3990 3104 4044 πάντων
3128 3992 3282 4064 αύτῷ
3329 3995 3407 4058 ὡς
3470 3985 3754 4065 δημιουργῷ

2204 4073 2314 4126 τῶν
2333 4075 2854 4147 δημιουργημὰτων·
2887 4082 2990 4135 κᾶν
3016 4100 3097 4147 τις
3128 4084 3313 4140 αὐτῶν
3345 4089 3590 4159 κήδηται,
3625 4086 3755 4154 θερα-

2204 4163 2364 4218 πεύει
2385 4165 2546 4219 αὐτὸν
2570 4169 2794 4237 μᾶλλον,
2829 4171 2862 4240 ἢ
2889 4170 3053 4226 θύων·
3093 4174 3286 4232 ἔπειτα
3317 4181 3460 4236 κατά
3484 4182 3571 4235 τὸν
3603 4176 3753 4250 μακά-

2206 4270 2323 4325 ριον
2352 4257 2586 4323 Παῦλον,
2629 4260 2717 4313 ἵνα
2750 4265 2845 4315 καὶ
2875 4265 3039 4333 ἡμεῖς
3068 4266 3125 4319 ὲν
3160 4270 3225 4339 τῇ
3266 4272 3477 4345 γαλήνη
3510 4273 3674 4326 αὐτῶν
3706 4269 3754 4338 ή-

2209 4619 2349 4688 μεθα
2402 4621 2513 4677 τῶν
2556 4625 2896 4694 ἀναγκαίων,
2946 4631 3248 4699 εὐκρασίας
3287 4639 3487 4709 ἀέρων,
3522 4638 3753 4708 εὐφορὶας

2204 4710 2336 4763 τῶν
2361 4715 2596 4783 καρπῶν
2654 4717 2756 4787 τῆς
2804 4719 2930 4788 γῆς·
2987 4721 3056 4775 ἶν’
3085 4725 3320 4796 είδῶμεν
3361 4731 3575 4785 πάντων
3602 4730 3750 4784 αἴτιον

2205 4800 2332 4890 liv-cat
2363 4808 2460 4857 καὶ
2498 4808 2734 4878 χορηγὸν
2767 4811 2857 4863 τὸν
2886 4812 3042 4879 Θεὸν,
3085 4817 3178 4869 καὶ
3204 4820 3341 4888 πρδς
3380 4824 3581 4876 ἐκεῖνον
3611 4822 3751 4890 μόνον

2204 4889 2445 4960 ὁρῶμεν·
2482 4894 2605 4947 ἐπεὶ
2631 4897 2727 4950 καὶ
2756 4897 2923 4969 ἄρτον
2957 4901 3229 4961 αἰτεῖσθαι
3255 4909 3390 4978 παρ’
3407 4903 3568 4964 αὐτοῦ
3605 4889 3751 4977 καθη-

2208 4985 2429 5051 μερινὸν
2461 4989 2597 5054 μετὰ
2624 4990 2732 5042 τῶν
2766 4990 2941 5046 ἄλλων
2970 4995 3133 5060 αὐτὸς
3166 4999 3453 5055 ἐκέλευσεν
3474 5006 3501 5057 ὁ
3522 5002 3748 5074 Χριστόςο

2771 5081 3021 5138 ΚΕΦΑΛ.
3067 5086 3167 5141 Ιῐν.

2283 5167 2344 5219 T1
2368 5167 2665 5232 ,βούλεται
2692 5174 2730 5241 ἠ
2768 5174 3013 5243 αἴτησις
3040 5179 3147 5233 τοῦ
3172 5181 3353 5238 ἐλέου
3370 5184 3686 5254 πανταχοῦ.

2276 5258 2549 5326 Ζητητέον
2587 5263 2643 5314 δὲ
2675 5264 2923 5333 κάκεῖνο,
2976 5266 3120 5333 τίνος
3172 5273 3334 5342 χάριν
3398 5278 3425 5328 ὁ
3455 5276 3553 5345 μὲν
3591 5271 3747 5345 ἱερεὺς

2206 5348 2336 5416 περὶ
2362 5349 2571 5405 πολλῶν
2599 5352 2857 5423 εὔχεσθαι
2877 5358 3088 5412 κελεύει
3112 5362 3388 5433 διαφόρων
3409 5383 3425 5396 ·
3480 5368 3529 5420 οἱ
3579 5365 3630 5417 δὲ
3666 5375 3747 5412 πε·

2208 5437 2501 5501 ριεστῶτες
2533 5444 2715 5495 πιστοὶ
2769 5444 3085 5517 ἐλεηθῆναι.
3129 5454 3291 5521 μόνον
3342 5455 3606 5526 εὔχονται,
3667 5448 3746 5503 κτα

2202 5529 2409 5598 ταύτην
2437 5532 2608 5602 μόνην
2631 5536 2724 5589 ἐπὶ
2775 5540 2933 5604 πᾶσι,
2990 5541 3082 5594 καὶ
3134 5544 3268 5612 μίαν
3303 5548 3442 5618 πρὸς
3495 5549 3580 5600 τὸν
3631 5542 3744 5595 Θεὸν

2204 5622 2403 5688 ἀφιᾶσι
2432 5625 2636 5695 φωνήν.
2685 5628 2907 5698 Πρῶτον
2941 5631 3160 5700 μὲντὸτι
3190 5640 3416 5705 τοιαύτη
3466 5636 3612 5705 φωνή
3658 5647 3744 5686 κα·

2201 5714 2381 5780 θάπερ
2417 5718 2634 5787 εἴρηται
2676 5722 3029 5792 εὐχαριστίαν
3052 5729 3144 5781 καὶ
3177 5729 3566 5800 ἐξομολόγησιν
3608 5742 3743 5795 περὶ·

2203 5809 2335 5877 ἔχει.
2376 5810 2608 5865 Ἔπειτα
2641 5812 2699 5865 τὸ
2745 5814 2894 5878 ἔλεος
2922 5819 3073 5887 παρὰ
3102 5818 3197 5872 τοῦ
3254 5819 3392 5874 Θεοῦ
3428 5823 3609 5887 αἰτεῖν,
3656 5824 3742 5887 τὴν
