4030 6452
309 416 423 479 357

1507 418 1906 479 LlTURGI/E
1944 419 2389 481 EXPOSITIO.

3466 422 3573 483 393

316 529 492 581 αὐτοῦ
530 522 810 594 βασιλείαν
844 524 992 578 ἐστὶν
1025 523 1224 588 αἰτεῖν,
1284 523 1350 593 ἣν
1405 524 1515 586 τοῖς
1558 523 1899 592 αἰτουμένοις

2004 541 2224 596 regnum
2268 534 2456 596 petere
2486 565 2502 591 ,
2528 525 2669 596 quod
2712 539 2770 581 se
2800 526 3114 594 petentibus
3138 527 3391 586 daturum
3419 532 3576 588 Chri-

311 623 346 672 ὁ
382 619 620 690 Χριστὸς
652 618 822 684 αὑτήν
870 634 929 670 τε
983 616 1356 685 ἐπηγγεέλατο
1409 615 1626 682 δώσειν,
1695 617 1893 670 καὶτὰ

324 709 459 763 ἅλλα
485 703 559 763 ὧν
593 709 782 780 χρείαν
832 708 1030 778 ἔχομεν
1061 709 1254 772 πάντα,
1285 707 1634 778 προσθήσειν,
1654 705 1764 773 ,καὶ
1805 707 1894 760 διὰ

329 800 484 852 τοῦτο
503 799 676 870 ταύτῃ
710 798 1007 868 ἀρκοῦνται
1050 800 1115 869 τῇ
1151 798 1360 868 δεήσει,
1411 797 1486 858 ὡς
1544 797 1724 851 πάντα
1757 797 1892 866 ὁμοῦ

332 891 626 964 δυναμένῃ.
665 891 774 943 Καὶ
799 890 961 942 πόθεν
989 890 1106 942 ἐστι
1133 888 1294 943 τοῦτο
1332 889 1525 960 μαθεῖν
1556 930 1570 954 ,
1604 891 1788 960 φησὶν,
1818 889 1895 954 ὡς

329 984 522 1046 δέδιεος
547 984 640 1036 τοῦ
698 982 835 1036 Θεοῦ
904 982 1002 1050 τὴν
1050 982 1216 1034 αὑτοῦ
1272 980 1555 1052 βασιλείαν
1602 983 1891 1052 σημαίνει;

321 1076 418 1140 Ἐξ
449 1071 525 1130 ὧν
557 1079 585 1127 6
617 1075 851 1146 Χριστὲς
878 1074 936 1127 τὸ
978 1069 1138 1127 ἆθλον
1167 1074 1277 1127 τῶν
1327 1073 1640 1144 ἐλεημόνων
1679 1074 1896 1145 διηγούο

328 1184 516 1238 μενος,
539 1167 632 1220 καὶ
664 1169 727 1236 ἦν
753 1167 1018 1235 λήψονται
1051 1164 1182 1235 παρ’
1211 1165 1375 1217 αὑτοῦ
1401 1167 1498 1235 τῆς
1526 1167 1895 1236 χρηστότητος

327 1262 588 1331 ἀμοιϐὴν,
615 1261 710 1313 νῦν
740 1259 840 1330 μέν
886 1259 1284 1330 ἐλεηθήσεσθαι
1320 1259 1520 1322 αὐτοὺς
1563 1259 1734 1326 λέγει,
1799 1258 1895 1313 νῦν

319 1357 378 1409 δέ
412 1354 694 1425 βασιλείας
746 1353 1063 1416 τεύξεσθαι·
1092 1351 1166 1414 ὡς
1202 1351 1402 1404 ταυτὸν
1426 1350 1513 1417 δν,
1557 1352 1618 1404 τό
1675 1369 1734 1404 τε
1797 1351 1894 1405 τοῦ

325 1446 460 1516 παρ’
497 1446 663 1499 αὐτοῦ
695 1445 847 1497 ἐλέου
881 1447 1088 1514 τυχεῖν,
1137 1444 1230 1498 καὶ
1283 1443 1565 1514 βασιλείας
1629 1443 1892 1514 κληρονο-

318 1538 460 1607 μίαν
491 1535 698 1590 λαϐεῖν.
747 1554 764 1586 ι
808 1534 1087 1605 Μακάριοι
1115 1534 1246 1604 γὰρ,
1285 1537 1477 1604 φησιν,
1505 1536 1553 1588 oi
1577 1534 1893 1606 ἐλεήμονες,

319 1633 403 1685 ὅτι
441 1632 593 1684 αὐτοὶ
635 1630 1041 1701 ἐλεηθήσονται.
1075 1649 1092 1682 ο
1157 1625 1295 1686 Εἶτα
1327 1628 1584 1699 ἀλλαχοῦ,
1641 1631 1894 1702 καθάπερ

322 1722 692 1792 ἐξηγούμενος
721 1723 944 1786 ἐαυτὸν,
975 1721 1070 1775 καὶ
1097 1722 1148 1774 τί
1194 1724 1310 1776 ἐστι
1355 1721 1416 1774 τὸ
1453 1721 1766 1793 ἐλεηθῆναι,
1796 1741 1896 1792 σηα

322 1813 558 1882 μαίνων·
589 1832 606 1863 ι
653 1812 818 1881 Ἐρεῖ,
849 1812 1034 1881 φησὶν,
1072 1814 1098 1863 6
1121 1811 1379 1880 βασιλεὺς
1424 1811 1537 1875 τοῖς
1585 1813 1648 1864 ἐκ
1707 1810 1896 1876 δεξιῶν

321 1901 515 1952 αὑτοῦ·
537 1901 661 1961 τοὺς
685 1899 983 1970 ἐλεήμονας
1007 1900 1183 1967 λέγων
1202 1917 1215 1932 ο
1239 1898 1425 1965 Δεῦτε,
1456 1901 1506 1953 οἱ
1537 1899 1892 1971 εὐλογημένοι

324 1989 421 2041 τοῦ
459 1991 670 2059 Πατρός
703 2007 829 2059 μου,
863 1988 1316 2059 κληρονομήσατε
1343 1989 1441 2058 τὴν
1475 1989 1892 2061 ἡτοιμασμένην

323 2081 458 2150 ὑμῖν
487 2079 769 2151 βασιλείαν
803 2081 914 2135 ἀπὸ
969 2081 1280 2150 καταϐολῆς
1315 2082 1544 2151 κόσμου.
1588 2101 1608 2134 ι
1647 2084 1758 2136 Καὶ
1796 2083 1893 2136 ἄλ·

319 2173 431 2235 λως
464 2157 520 2224 δέ
542 2174 594 2225 εί
620 2190 704 2237 τις
743 2172 802 2238 ἐξ
851 2165 924 2226 ὧν
967 2174 1262 2242 ἐλεήμονες
1330 2173 1608 2245 ἄνθρωποι
1655 2175 1893 2241 ποιοῦσι,

324 2268 386 2318 τὸ
416 2267 577 2336 ἔργον
621 2267 714 2319 τοῦ
754 2265 900 2320 θείου
927 2266 1082 2319 ἐλέου
1105 2267 1350 2321 κατιδεῖν
1409 2268 1683 2338 ἐθελήσει,
1742 2269 1896 2324 οἰδὲν

320 2359 511 2426 ἓτερον
535 2359 756 2428 εὑρήσει
812 2359 1191 2429 δυνάμενον,ἢ
1249 2359 1348 2431 τὴν
1387 2359 1667 2430 βασιλείαν
1697 2361 1895 2433 αὐτήν.

319 2449 506 2502 Τίοῦν
535 2453 583 2503 oi
618 2451 948 2520 ἐλεήμονεςς
987 2470 1005 2503 ι
1063 2449 1380 2516 Ἐπείνασα,
1420 2452 1578 2520 φησὶ,
1607 2453 1701 2506 καὶ
1756 2452 1891 2506 ἐδώ-

325 2559 460 2596 κατε
483 2544 602 2614 ἐμοὶ
658 2545 852 2613 φαγεῖν
878 2559 894 2577 ο
940 2543 1190 2614 ἐδίψησα,
1237 2558 1336 2598 και
1368 2545 1652 2598 ἐποτίσατέ
1705 2561 1832 2616 μου.
1871 2563 1890 2597 ι

324 2635 541 2689 Οὐκοῦν
569 2637 666 2690 καὶ
714 2637 741 2688 6
763 2636 998 2708 Χριστζς
1029 2634 1123 2700 οὒς
1153 2636 1312 2702 ἐλεεῖ,
1343 2635 1570 2700 τούτους
1621 2636 1721 2707 τῆς
1769 2639 1902 2691 ἐαυ-

321 2728 422 2781 τοῦ
488 2727 788 2797 μεταδώσει
847 2729 1150 2799 τραπέζης.
1201 2727 1299 2792 Τίς
1349 2729 1405 2782 δέ
1461 2731 1610 2785 ἐστιν
1666 2730 1896 2800 ἐκείνης

1993 623 2110 670 stus
2156 623 2241 671 est
2295 615 2588 684 pollicitus,
2619 624 2671 670 et
2697 615 2798 670 alia
2828 617 2989 670 etiam
3017 617 3216 684 quibus
3249 633 3383 687 Opus
3405 621 3574 675 habe-
3615 604 3628 616 ’

1995 720 2118 760 mus
2141 721 2200 760 se
2242 706 2602 776 adjecturum:
2655 715 2708 759 et
2756 717 3039 774 propterea
3095 707 3176 761 eis
3217 709 3331 764 haec
3379 709 3577 766 summ

1996 796 2236 866 precatio
2263 834 2282 861 ,
2310 805 2496 864 utpote
2531 811 2650 865 qua:
2683 798 2863 851 omnia
2895 797 3054 850 simul
3079 799 3272 867 possit.
3306 799 3372 853 Et
3406 806 3578 854 unde-

1995 904 2118 942 nam
2148 889 2272 944 sciri
2323 898 2525 959 potest,
2575 889 2717 958 quod
2787 890 3154 943 misericordia
3211 889 3301 944 Dei
3327 893 3443 959 ejus
3493 909 3577 946 re-

1991 994 2161 1051 gnum
2186 980 2481 1049 signiﬁcat?
2504 978 2581 1034 Ex
2621 994 2687 1034 eo
2711 980 2852 1049 quod
2881 979 3134 1034 Christus
3161 983 3442 1050 praemium
3475 986 3578 1036 mi-

1997 1073 2352 1127 sericordium
2386 1087 2616 1126 narrans
2639 1110 2653 1136 ,
2676 1081 2730 1126 et
2749 1085 2913 1140 quam
2941 1073 3007 1124 ab
3032 1086 3096 1127 eo
3124 1075 3392 1142 accipient
3424 1074 3562 1129 beni-v

1993 1161 2219 1229 gnitatis
2272 1160 2769 1216 remunerationem
2795 1199 2811 1222 .
2843 1176 2984 1216 nunc
3017 1163 3237 1231 quidem
3267 1165 3388 1218 illos
3419 1165 3572 1220 mise-

1989 1251 2285 1305 ricordiam
2307 1260 2673 1318 assecuturos,
2705 1267 2848 1307 nunc
2876 1268 3001 1318 vero
3023 1269 3247 1323 regnum
3271 1255 3420 1320 dicit;
3457 1269 3580 1324 per-

2000 1342 2127 1398 inde
2176 1357 2240 1398 ac
2281 1343 2421 1398 idem
2487 1346 2578 1408 sit,
2605 1351 2660 1399 et
2682 1345 2750 1397 ab
2780 1344 2897 1413 ipso
2965 1345 3398 1400 misericordiam
3427 1361 3580 1400 asse-

1998 1435 2113 1504 qui,
2164 1443 2222 1487 et
2261 1450 2484 1506 regnum
2531 1437 2808 1505 accipere.
2847 1436 3214 1503 «Beatieuim,
3249 1437 3446 1506 inquit,
3473 1438 3584 1492 mi-

1998 1527 2325 1592 sericordes,
2352 1529 2606 1598 quoniam
2637 1531 2738 1598 ipsi
2765 1531 3202 1585 misericordiam
3243 1545 3580 1609 consequen-

1999 1631 2141 1675 tur.»
2193 1621 2396 1676 Deinde
2435 1621 2561 1677 alibi
2599 1622 2760 1676 veluti
2824 1622 3060 1690 seipsum
3099 1621 3490 1690 interpretans,
3522 1631 3581 1676 et

2000 1713 2129 1781 quid
2155 1715 2226 1768 sit
2244 1713 2670 1768 misericordiam
2692 1713 2948 1782 consequi
2974 1713 3313 1782 signiﬁcans,
3348 1731 3366 1766 ι
3400 1715 3576 1776 Dicet,

2001 1805 2196 1873 inquit,
2219 1804 2338 1860 Rex
2371 1808 2435 1860 iis
2463 1807 2550 1876 qui
2583 1814 2708 1860 sunt
2748 1821 2776 1858 a
2807 1805 3015 1860 dextris
3035 1843 3057 1870 ,
3096 1806 3282 1860 dicens
3309 1807 3379 1860 ad
3413 1807 3578 1860 misc-

1999 1899 2241 1953 ricordes
2274 1899 2503 1954 :Venite
2535 1938 2551 1963 ,
2583 1898 2850 1952 benedicti
2915 1896 3094 1952 Patris
3155 1899 3257 1952 mei
3285 1939 3300 1961 ,
3337 1899 3581 1952 haeredes

1995 2002 2113 2047 este
2167 1993 2343 2060 parati
2396 1990 2549 2046 vobis
2603 1992 2772 2060 regni.
2805 1990 2902 2044 »Ει
2951 1989 3155 2060 alioqui
3196 1991 3386 2059 siquis
3411 2005 3479 2046 ex
3513 1993 3581 2044 ils

1995 2098 2116 2153 qua:
2151 2083 2363 2139 laciunt
2419 2083 2665 2137 homines
2689 2082 3094 2147 misericordes,
3115 2082 3349 2136 voluerit
3384 2082 3580 2136 divinas

1959 2208 1973 2228 .
1996 2177 2389 2232 misericordiae
2437 2192 2576 2248 opus
2624 2176 2933 2249 perspicere
2960 2215 2974 2240 ,
2996 2190 3058 2230 ea
3087 2174 3220 2231 nihil
3252 2175 3393 2229 aliud
3418 2177 3572 2232 inve.-

1999 2268 2110 2323 niet
2164 2269 2344 2322 valere
2375 2307 2390 2332 ,
2428 2282 2588 2336 quam
2620 2269 2791 2336 ipsum
2820 2282 3065 2337 regnum.
3095 2265 3231 2333 Quid
3251 2281 3379 2334 ergo
3415 2269 3579 2323 mise-

1999 2362 2244 2418 ricordes
2271 2363 2294 2416 τ
2324 2361 2530 2416 ιΕειιτίἰ
2571 2401 2588 2427 ,
2624 2361 2840 2432 inquit,
2871 2370 2926 2416 et
2982 2360 3101 2415 dedi
3132 2361 3205 2416 tis
3237 2361 3366 2414 mihi
3400 2376 3583 2416 come-

2002 2455 2172 2521 dere;
2205 2455 2372 2521 sitivi,
2411 2464 2468 2510 et
2490 2463 2671 2523 potum
2702 2455 2931 2509 dedistis
2965 2455 3151 2510 mihi»
3182 2455 3321 2524 Ergo
3351 2454 3583 2511 etChri-

2000 2554 2116 2603 stus
2151 2562 2383 2616 quorum
2419 2546 2832 2610 miseretur,eis
2859 2561 3011 2599 suam
3046 2562 3286 2602 mensam
3315 2547 3580 2615 impertit.

2003 2637 2260 2704 Qnamam
2304 2647 2395 2693 est
2442 2645 2622 2692 autem
2656 2635 2788 2692 illa?
2825 2635 2925 2691 «Ut
2955 2636 3276 2700 eomedalis,
3300 2637 3496 2707 inquit,
3529 2648 3586 2690 et

2002 2731 2201 2786 bibatis
2233 2731 2288 2785 in
2320 2746 2503 2786 mensa
2539 2745 2692 2796 mea,
2733 2731 2784 2784 in
2819 2746 2986 2802 regno
3035 2745 3208 2785 nieon
3243 2730 3308 2784 Et
3350 2742 3405 2784 ut
3435 2731 3583 2786 scias

333 2839 354 2872 ι
390 2823 509 2874 Ἰνα
551 2821 790 2891 ἐσθίητε,
823 2824 976 2892 φησι,
1005 2821 1101 2873 καὶ
1135 2820 1333 2888 πίνητε
1369 2821 1463 2872 ἐπὶ
1481 2821 1582 2891 τῆς
1618 2821 1899 2892 τραπέζης

2002 2822 2151 2876 illius
2175 2837 2380 2876 mensae
2428 2822 2768 2891 splendorem
2801 2822 2893 2890 ,ζει
2931 2823 3073 2891 quod
3127 2837 3235 2875 non
3283 2829 3367 2876 est
3391 2836 3584 2876 servo-

329 2930 459 2982 μου,
497 2914 553 2964 ἐν
574 2916 636 2984 τῇ
675 2911 926 2985 βασιλείᾳ
967 2929 1092 2981 μου.
1130 2931 1152 2963 ο
1190 2913 1300 2966 Καὶ
1325 2912 1410 2964 ’ίνα
1438 2912 1581 2982 γνῷς
1609 2911 1709 2984 τὴν
1763 2913 1899 2983 λαμ-

2003 2930 2142 2979 rum,
2173 2915 2267 2969 sed
2285 2930 2476 2984 regum
2520 2915 2664 2968 scias
2702 2915 3034 2978 ministrum,
3091 2929 3213 2968 esse
3252 2914 3435 2985 ipsum
3461 2930 3586 2969 om-

326 3005 575 3074 πρότητα
601 3005 696 3075 τῆς
729 3005 1006 3075 τραπέζης
1058 3003 1300 3075 ἐκείνης,
1355 3003 1452 3056 καὶ⁵
1499 3004 1579 3066 ὡς
1613 3003 1715 3057 οὒκ
1782 3003 1899 3058 ἐστι

2002 3006 2150 3060 nium
2180 3005 2488 3060 Dominum.
2518 3025 2541 3058 δ
2576 3007 2904 3076 Acciugetur
2965 3006 3110 3060 enim
3141 3045 3158 3071 ,
3185 3006 3383 3076 inquit,
3413 3018 3470 3062 et
3491 3021 3586 3062 eos

322 3099 552 3163 δούλων,
607 3097 744 3150 ἀλλά
783 3097 1071 3168 βασιλέων,
1127 3097 1437 3166 μανθάνετε
1484 3095 1577 3148 τὸν
1622 3097 1896 3164 διάκονον,

2004 3098 2166 3154 faciet
2205 3099 2530 3155 accumbere
2562 3137 2576 3160 ,
2615 3108 2668 3152 et
2717 3097 2986 3152 accedens
3033 3095 3366 3153 ministrabit
3395 3098 3580 3166 ipsis.»

320 3191 412 3242 ὅτι
435 3189 598 3252 αὐτός
620 3190 772 3242 ἐστιν
801 3190 830 3242 6
869 3187 1091 3242 πάντων
1138 3189 1439 3260 Δεσπότης.
1476 3207 1492 3240 ι
1528 3188 1899 3260 Περισώζεται

2007 3187 2146 3255 Quin
2179 3188 2342 3244 etiam
2389 3189 2584 3243 vestiet
2616 3202 2737 3242 eum
2771 3188 2926 3256 cujus
2965 3190 3221 3244 misertus
3253 3188 3436 3255 fuerit,
3463 3207 3583 3244 cum

323 3283 648 3352 γὰρμρησὶ,
697 3282 794 3335 καὶ
855 3280 1142 3334 ἀνακλινεῖ
1191 3281 1412 3346 αὐτοὺς,
1470 3281 1566 3334 καὶ
1615 3280 1899 3353 παρελθὼν

2002 3281 2074 3336 sit
2095 3282 2293 3335 nudus.
2331 3279 2488 3334 Dabit
2507 3295 2636 3350 ergo
2657 3289 2858 3334 vestem
2890 3281 3148 3350 regalem;
3193 3296 3231 3336 e
3257 3283 3416 3335 domo
3439 3281 3582 3335 enim

323 3371 639 3442 διακονήσει
675 3371 880 3435 αὐτοῖς.
915 3390 934 3425 ι
983 3371 1150 3426 Ἀλλὰ
1212 3371 1306 3424 καὶ
1345 3369 1634 3441 περιϐαλεῖ
1695 3371 1899 3440 γυμνὸν

2002 3382 2154 3428 etex
2204 3371 2318 3426 suis
2369 3385 2494 3426 eum
2545 3371 2759 3425 ind-net.
2791 3370 2934 3426 Nihil
2965 3381 3045 3426 est
3071 3381 3252 3426 autem
3288 3373 3428 3440 apud
3459 3386 3582 3428 eum

323 3463 462 3516 ὄντα
492 3463 582 3516 τὸν
605 3463 931 3534 ἠλεημένον.
963 3463 1179 3516 ῡὺκοῦν
1217 3460 1414 3532 στολὴν
1466 3461 1629 3515 δώσει
1694 3461 1904 3532 βασιλι-

328 3560 437 3626 κήν
463 3574 480 3623 ;
509 3558 733 3610 Οῐκοθεν
763 3557 872 3626 γὰρ
927 3555 1090 3609 αὑτὸν
1125 3554 1333 3608 ἐνδόσει
1398 3553 1495 3608 καὶ
1547 3554 1657 3608 τῶν
1711 3553 1900 3609 αὑτοῦ.

330 3649 586 3703 Δουλικὸν
605 3649 660 3702 δὲ
688 3648 840 3702 οὐδὲν
870 3647 1000 3718 παρ’
1027 3646 1176 3718 αὑτῷ
1205 3646 1420 3717 βασιλεί
1452 3662 1516 3714 γε
1539 3645 1680 3708 δντι,
1713 3645 1904 3717 ὥσπερ

342 3741 488 3792 οὐδὲν
520 3741 646 3812 παρ’
681 3741 816 3811 ἡμῖν
851 3739 1064 3794 οἴκοθεν
1081 3739 1388 3809 βασιλικὸν,
1428 3733 1548 3791 οὖσί
1578 3755 1640 3806 γε
1669 3737 1902 3802 δούλοις.

342 3832 509 3885 Τοῦτο
533 3834 590 3885 δέ
627 3834 742 3885 ἐστι
777 3831 835 3884 τὸ
866 3831 1069 3902 ἔνδυμα
1103 3830 1196 3884 τοῦ
1229 3830 1431 3900 γάμου,
1467 3830 1605 3900 ὅπερ
1634 3830 1761 3894 τοὺς
1807 3848 1904 3884 πε-

338 3927 679 3995 ρικειμένους
710 3925 855 3978 ἕνδον
885 3924 1102 3994 ἀνάγκη
1129 3925 1230 3992 τῆς
1261 3922 1542 3994 βασιλείας
1579 3919 1720 3978 εἶναι
1751 3939 1764 3953 ·
1821 3924 1903 3977 ὃτι

327 4019 484 4071 οὐδὲν
517 4018 628 4084 ἕξει
666 4019 693 4070 6
747 4017 1021 4086 βασιλεὺς,
1076 4018 1104 4070 6
1139 4017 1499 4088 μεμψάμενος
1545 4015 1764 4079 αὐτοὺς,
1801 4017 1905 4068 ἐκ-

325 4111 489 4163 ϐαλεί
545 4110 637 4163 τοῦ
691 4110 1001 4179 νυμφῶνος.
1044 4109 1110 4162 Τί
1156 4110 1270 4173 Est;
1311 4110 1443 4179 ⁸Τὴν
1499 4106 1681 4161 οίκίαν
1721 4107 1904 4170 αὐτοῖς

325 4202 538 4268 ἀνοίξει
597 4202 696 4274 τήν
747 4201 943 4256 ἐαυτοῦ
974 4218 987 4233 ·
1059 4203 1154 4256 καὶ
1209 4201 1520 4270 εἰσαγαγὼν
1571 4199 1901 4256 ἀναπαύσει.

334 4315 348 4349 ε
399 4293 558 4358 Ξένος
584 4297 690 4366 γὰρ
722 4296 893 4366 ήμην,
939 4297 1034 4348 καὶ
1068 4293 1414 4362 συνηγάγετέ
1461 4309 1550 4360 με.
1599 4310 1620 4345 ι
1669 4292 1808 4344 Ἀλλ’
1852 4291 1904 4343 οἱ

323 4389 538 4457 ταύτης
568 4389 664 4456 τῆς
696 4388 920 4458 χάριτος
945 4385 1279 4456 ἀξιούμενοι,
1313 4385 1413 4438 οὐκ
1442 4383 1747 4448 ἔτιδοῦλοι,
1766 4383 1903 4438 ἀλλὰ

330 4481 462 4536 olol.
496 4498 516 4532 ι
555 4481 617 4533 '0
648 4482 755 4551 γὰρ
778 4481 995 4547 δοῦλος,
1031 4481 1220 4550 φησὶν,
1256 4481 1318 4534 οὐ
1367 4479 1519 4549 μένει
1545 4481 1604 4531 ἐν
1658 4481 1724 4548 τῇ
1757 4477 1904 4547 οἰκία

2002 3464 2221 3533 servile,
2259 3477 2382 3518 cum
2421 3463 2492 3517 sit
2515 3478 2632 3525 rex,
2651 3465 2793 3518 sicut
2819 3463 2950 3517 nihil
2974 3471 3057 3516 est
3077 3465 3216 3532 apud
3239 3480 3340 3519 nos
3373 3479 3404 3519 e
3424 3466 3586 3520 domo

2005 3555 2209 3622 regale,
2262 3569 2392 3609 cum
2421 3554 2562 3609 servi
2597 3555 2784 3608 simus.
2808 3552 2930 3608 Hoc
2958 3564 3040 3610 est
3080 3564 3261 3609 autem
3294 3555 3583 3609 indumen-

2003 3654 2118 3700 tum
2163 3644 2403 3715 nuptiale
2457 3659 2562 3713 quo
2592 3644 2684 3714 qui
2739 3639 2911 3698 induti
2938 3653 3084 3710 sunt,
3119 3660 3342 3701 necesse
3377 3655 3462 3700 est
3491 3663 3585 3701 eos

2003 3739 2158 3809 regni
2216 3754 2364 3796 esse.
2403 3739 2548 3794 Nihil
2581 3741 2724 3794 enim
2756 3739 2918 3794 habet
2941 3755 3076 3806 rex,
3096 3741 3240 3811 quod
3260 3757 3387 3796 cum
3414 3743 3471 3796 in
3498 3743 3581 3797 cit

2006 3830 2432 3901 reprehenderit,
2495 3847 2558 3885 ex
2586 3831 2916 3901 nuptialibus
2957 3833 3161 3888 ardibus
3182 3832 3387 3900 eiiciat.
3439 3835 3583 3900 Quid

2004 3923 2303 3993 prarterea?
2338 3925 2556 3976 domum
2586 3924 2665 3977 eis
2697 3938 2852 3976 suam
2908 3925 3136 3992 aperiet,
3165 3936 3222 3978 et
3245 3925 3585 3981 introductos

2005 4013 2169 4069 faciet
2199 4014 2502 4082 quiescere.
2533 4012 2780 4084 illospes
2811 4015 2953 4069 enim
2984 4029 3140 4070 eram
3171 4054 3190 4082 ,
3220 4026 3274 4072 et
3304 4033 3390 4072 me
3415 4019 3582 4075 colle-

2000 4107 2182 4177 gistis.
2217 4125 2234 4160 ι
2273 4106 2379 4162 Sed
2410 4109 2498 4175 qui
2534 4109 2635 4162 hac
2657 4108 2838 4176 gratia
2895 4108 3104 4176 dignati
3145 4119 3292 4176 sunt,
3322 4127 3427 4164 nou
3468 4128 3584 4165 amo

2007 4201 2147 4271 plius
2196 4201 2448 4255 scrviDei
2479 4239 2494 4264 ,
2523 4201 2618 4256 sed
2663 4201 2779 4256 ﬁlii.
2809 4200 3040 4256 «Servus
3059 4203 3227 4266 enim,
3261 4204 3454 4272 inquit,
3474 4220 3579 4258 non

2007 4293 2259 4349 manetin
2293 4295 2454 4349 domo
2507 4294 2560 4348 iu
2583 4303 2903 4349 retentum.»
2929 4294 3046 4348 Filii
3073 4304 3254 4351 autem
3277 4297 3446 4352 etiam
3473 4301 3583 4352 hae-

2008 4388 2188 4452 redes,
2230 4401 2334 4440 non
2375 4387 2524 4454 regni
2565 4385 2761 4452 solum,
2791 4386 2883 4441 sed
2906 4387 3072 4440 etiam
3101 4387 3216 4457 ejus
3243 4390 3337 4457 qui
3361 4404 3583 4458 regnum

2009 4478 2413 4548 complectitur,
2449 4475 2734 4533 «Heredes
2755 4478 2924 4542 enim,
2956 4478 3150 4547 inquit,
3192 4479 3308 4543 Dei,
3347 4481 3585 4534 cohaere-

327 4577 415 4636 είς
450 4575 541 4626 τὸν
572 4547 775 4629 αἰῶνα.
824 4594 845 4627 ι
884 4574 948 4626 Ol
999 4547 1058 4626 δέ
1102 4547 1248 4638 υἱοὶ,
1285 4547 1380 4625 κα).
1432 4547 1782 4640 κληρονόμοι,
1841 4571 1899 4622 οὺ

2014 4573 2108 4627 des
2163 4581 2343 4625 autem
2396 4569 2656 4625 Christi.»
2717 4569 2792 4622 lta
2838 4585 2868 4624 a
2899 4571 3006 4624 Dco
3045 4579 3230 4637 petere
3279 4569 3586 4625 tttisericor-

329 4668 430 4735 τῆς
472 4667 750 4736 βασιλείας
782 4666 968 4729 ἁπλῶς
1001 4665 1182 4736 μόνον,
1244 4663 1383 4718 ἀλλὰ
1435 4662 1532 4716 καὶ
1586 4660 1756 4716 αὑτοῦ
1805 4660 1901 4714 τοῦ

2009 4662 2152 4715 diam
2207 4673 2289 4716 eat
2333 4671 2516 4730 petere
2569 4669 2627 4712 ut
2669 4675 2890 4729 regnum
2948 4661 3049 4712 sibi
3110 4659 3268 4713 liceat
3339 4662 3580 4729 assequi.

333 4757 720 4827 περικειμένου
745 4757 843 4827 τὴν
897 4756 1190 4827 βασιλείαν.
1267 4773 1286 4808 ι
1351 4754 1696 4824 κληρονόμοι
1749 4753 1879 4824 γὰρ,
1923 4755 2078 4820 φησὶ,
2101 4751 2263 4816 Θεοῦ,
2292 4750 2727 4821 συγκληρονόμοι
2785 4750 2844 4804 δὲ
2882 4748 3142 4820 Χριστοῦ.
3178 4767 3198 4800 θ
3270 4749 3428 4803 Οὕτω
3493 4753 3584 4804 τὸν

333 4850 484 4903 ἔλεον
509 4849 661 4920 παρὰ
688 4850 782 4903 τοῦ
809 4849 1045 4920 Χριστοῦ
1099 4851 1294 4911 αἰτεῖν,
1317 4848 1379 4901 τὸ
1417 4849 1605 4917 τυχεῖν
1636 4849 1768 4918 παρ’
1796 4846 1964 4901 αὑτοῦ
1995 4844 2296 4918 βασιλείας,
2331 4842 2476 4896 ἐστιν
2509 4844 2703 4896 αἰτεῖν.

896 4943 1148 4995 ΚΕΦΛΛ.
1174 4943 1270 4994 IA'.

728 5035 870 5103 Περὶ
904 5033 1015 5103 τῆς
1043 5033 1448 5102 παραθέσεως.

409 5131 562 5185 Μετὰ
590 5130 646 5183 δὲ
672 5129 733 5181 τὸ
768 5127 1032 5192 εὔξασθαι
1067 5127 1198 5198 περὶ
1220 5125 1460 5191 πάντων,
1525 5123 1758 5188 ἐαυτοῦς
1815 5141 1908 5178 κε-

334 5223 589 5293 λεύειτῷ
650 5220 769 5289 Θεῴ
807 5219 1230 5288 παρατίθεσθαι,
1279 5217 1491 5286 λέγων’
1542 5235 1561 5268 ι
1603 5215 1902 5281 Παναγίας,

337 5315 639 5382 ἀχρᾰιντου,
676 5310 1136 5380 ὑπερευλογίμου,
1171 5309 1382 5374 ἐνδόξου
1419 5307 1719 5376 Δεσποίνης
1752 5306 1908 5374 ήμῶν

338 5405 602 5457 Θεοτόκου
643 5405 736 5457 καὶ
767 5404 852 5456 ἀεὶ
882 5402 1152 5473 παρθένου
1208 5399 1446 5470 Μαρίας,
1502 5396 1640 5468 μετὰ
1692 5395 1911 5449 πάντων

340 5495 448 5547 τῶν
481 5496 656 5564 ἁγίων
689 5491 1188 5564 μνημονεύσαντες,
1214 5491 1445 5552 ἑαυτοὺς
1495 5490 1589 5542 καὶ
1647 5485 1907 5549 ἀλλήλους

344 5590 435 5640 καὶ
470 5590 653 5640 πᾶσαν
684 5587 783 5656 τὴν
809 5586 953 5654 ζωὴν
990 5584 1143 5656 ήμῶν
1173 5585 1250 5654 τῷ
1281 5583 1398 5652 Θεῴ
1449 5580 1845 5650 παραοὼμεθα.
1885 5597 1904 5630 ι

344 5681 415 5731 Οὐ
444 5679 666 5732 πάντων
692 5679 808 5730 ἐστὶ
837 5677 896 5730 τὸ
926 5676 1327 5747 παρατίθεσθαι
1377 5674 1608 5736 ἐαυτοὺς
1659 5671 1739 5742 τῷ
1770 5671 1908 5740 Θεῷ.

343 5773 415 5824 Οὐ
441 5773 552 5840 γὰρ
583 5769 750 5838 ἀρκεῖ
798 5767 1074 5830 τδεξπείν,
1099 5768 1234 5820 ἀλλὰ
1270 5766 1349 5819 δεῖ
1377 5768 1470 5819 καὶ
1500 5765 1590 5817 τὸν
1630 5764 1762 5816 θεὸν
1789 5779 1912 5815 συν-

339 5864 628 5935 τιθέμενον
661 5859 826 5929 ἕχειν.
858 5859 1026 5913 Τοῦτο
1047 5860 1104 5913 δέ
1126 5859 1438 5932 παρρησίας
1472 5860 1644 5912 δεῖται
1671 5856 1909 5922 πάντως,

2627 4934 2782 4989 CAP.
2825 4931 2965 4988 XIV.

2317 5025 2390 5080 De
2419 5024 2872 5080 commendatione
2903 5042 2995 5081 seu
3027 5027 3284 5097 deposito.

2087 5119 2376 5188 Postquam
2420 5127 2598 5172 autem
2660 5119 2834 5173 oravit
2864 5134 2962 5187 pro
3006 5124 3280 5185 omnibus,
3311 5122 3463 5192 jubet
3493 5135 3587 5176 eos

2016 5211 2123 5263 Deo
2155 5209 2360 5280 seipsos
2396 5209 2804 5275 commendare,
2840 5208 3027 5266 dicens
3057 5229 3070 5265 :
3113 5232 3132 5264 ι
3185 5213 3586 5273 Sanctissimae,

2017 5303 2372 5364 intemeratae,
2435 5301 2924 5368 superbcnedictae,
3019 5303 3271 5371 gloriosa:
3351 5303 3588 5357 Dominae

2017 5406 2212 5452 nostra:
2254 5395 2495 5465 Deiparae
2523 5434 2538 5459 ,
2568 5405 2621 5449 et
2659 5409 2874 5465 semper
2936 5393 3168 5466 Virginis
3229 5395 3408 5449 Maria:
3461 5410 3589 5450 cum

2015 5489 2268 5543 omnibus
2295 5487 2500 5542 sanctis
2541 5488 2863 5543 meritoriam
2899 5485 3186 5550 facientes,
3217 5501 3314 5541 nos
3339 5487 3511 5554 ipsos,
3535 5497 3590 5541 et

2017 5593 2115 5632 nos
2175 5577 2431 5644 invicem,
2478 5587 2531 5631 et
2582 5592 2797 5631 omnem
2853 5577 3015 5629 vitam
3082 5585 3321 5630 nostram
3373 5576 3590 5630 Christo

2019 5669 2484 5729 commendemus.
2516 5680 2572 5722 et
2605 5666 2988 5722 custodiendos
3017 5666 3366 5734 deponamus.
3413 5684 3430 5716 ι
3473 5666 3587 5719 Non

2019 5772 2101 5816 est
2132 5761 2372 5814 omnimu
2437 5761 2544 5814 Deo
2599 5760 2807 5828 seipsos
2861 5757 3265 5823 connuendare,
3311 5767 3365 5811 et
3409 5769 3594 5813 custo-

2020 5852 2249 5908 diendus
2303 5854 2537 5908 trudere.
2601 5849 2716 5907 Non
2790 5849 2986 5904 sullicit
3044 5850 3186 5906 enim
3239 5851 3442 5916 dicere,
3493 5850 3588 5905 sed
