2015 3226
170 203 221 236 401

772 212 972 243 LlTURGl/E
989 214 1205 246 EXPOSlTIO.

1751 220 1811 251 40'!

170 262 229 288 ἀλλ’
244 263 287 290 ὅτι
307 272 350 290 σοι
373 265 474 299 πρέπει
490 265 567 292 πᾶσα
583 266 655 300 δίξα,
673 268 751 304 τιμὴ,
770 270 816 296 καὶ
839 272 957 307 προσκύ-

1012 273 1086 299 venit
1102 273 1191 300 omnis
1215 273 1314 308 'gloria,
1347 275 1433 301 honor
1448 279 1475 302 et
1501 275 1633 303 adoratio.
1660 286 1669 303 ι
1690 278 1804 311 Propter

170 317 260 342 νησις.
278 319 287 335 ι
306 310 356 336 Διὰ
381 310 431 346 τὴν
457 311 508 346 σὴν
526 312 607 344 δόξαν
640 314 729 342 ταῦτα
743 315 840 350 δέομαί
872 325 930 350 σου,
948 327 958 344 ι

174 355 251 391 φησί.
266 356 304 382 Τὸ
329 357 384 393 γὰρ
400 357 472 384 οὕτω
490 358 785 394 φιλανθρωπεύσασθαι
807 363 876 397 πρὸς
896 365 962 396 τοὺς

177 400 300 435 ἀναξίους
324 401 409 437 ἡμᾶς,
424 403 494 439 ὑπὲρ
509 405 559 440 τῆς
573 405 624 440 σῆς
647 406 753 440 γίνεται
771 408 860 442 δόξης.
876 409 962 437 Τοῦτο

177 447 204 473 δὲ
219 446 249 473 τὺ
265 446 426 479 δοξάζεσθαι
441 450 542 484 πρέπει
559 459 599 477 σοι
614 452 676 479 κατ’
691 453 780 481 ἐκεῖνο
794 454 824 481 τὸ
846 455 894 482 τοῦ
911 465 963 490 μα-

176 491 269 526 καρίου
284 492 377 525 Δαόὶδ,
398 502 407 519 ι
422 494 467 528 Μὴ
482 494 558 529 ἡμῖν,
582 495 679 531 Κύριε,
695 496 734 532 μὴ
745 498 824 531 ἡμῖν,
838 498 906 526 ἀλλὰ
921 499 960 535 τῷ

174 537 288 572 ὀνόματί
308 545 354 564 σου
370 538 414 570 δὺς
431 539 519 571 δόξαν.
541 550 550 566 ι
572 541 623 568 Διὰ
639 541 718 569 τοῦτο
742 543 791 579 τὴν
816 546 899 581 εὐχὴν
919 555 960 572 τε-

172 582 266 614 λέσας.
282 583 332 619 τὴν
347 585 516 619 αἰτιολογίαν
532 587 646 622 ταύτην,
668 589 708 615 ὅτι
735 591 782 616 καὶ
798 591 960 625 ἅκροτελεύ-

172 636 231 659 τιος
243 626 311 656 οὖσα
327 630 374 656 καὶ
393 630 532 665 δοξολογία
549 633 634 665 ἐστὶν,
653 636 691 667 εἷς
715 636 788 669 ὲπήκ
806 646 835 662 ον
852 639 961 665 πάντων

173 675 374 710 ἀναγινώσκει,
404 677 447 704 ἵνα
473 678 520 704 τοῦ
550 679 634 714 ὕμνου
662 685 808 714 κοινωνοὺς
836 683 961 715 ἅπαντας

171 720 256 758 λάϐῃ.
275 722 322 749 καὶ
333 723 385 749 ὑπὸ
406 724 496 758 πάσης
513 725 561 760 τῆς
585 727 747 763 Ἑκκλησίας
763 730 775 754 ὁ
794 729 859 761 Θεὸς
876 730 962 765 ὑμνη-

173 767 221 803 θῇ.
246 770 300 796 Καὶ
326 770 416 797 τοίνυν
440 771 586 804 ἀκούοντες
611 775 787 801 κοινωνοῦσιν
812 776 886 810 αὑτῷ
914 777 959 803 τοῦ

173 812 272 849 ὕμνου.
287 815 418 847 Εἰπόντος
435 817 489 852 γὰρ
509 818 556 844 τοῦ
574 819 671 854 ἱερέως
700 820 747 847 καὶ
768 821 962 857 δοξολογήσαν-

174 869 233 894 τος,
246 860 271 887 οἰ
289 863 381 888 πιστοὶ
395 863 496 894 πάντες
509 864 539 890 τὸ
557 874 566 890 ι
591 865 678 901 ’Λμὴν
693 876 702 892 ι
720 867 888 902 ἐπιλέγουσι,
914 870 961 896 καὶ

174 905 254 933 τοῦτο
276 906 307 933 τὸ
324 907 399 942 ρἧα
428 909 578 944 βοήσαντες
606 912 773 939 οἰκειοῦνται
797 914 887 946 πάσας
911 916 958 946 τὰς

172 952 278 980 ἐκιίνου
292 954 395 988 φωνάς.
416 953 481 982 Εἶτα
502 956 557 982 τῶν
583 958 665 993 ἱερῶν
681 958 849 993 ψαλμῳδιῶν
872 961 961 995 ἀπάρ-

170 1005 249 1033 χιται
264 997 314 1033 μιν
333 1001 347 1026 ὸ
363 1000 452 1035 lapsi);
466 1002 600 1037 πληροῦσι
622 1004 650 1029 δὲ
661 1004 692 1030 τὸ
706 1006 759 1031 πᾶν
774 1007 798 1031 οξ
811 1008 961 1040 περιεστῶς

171 1051 229 1077 τες,
242 1045 277 1071 τὰ
301 1045 467 1074 θεόπνευστα
492 1049 546 1074 τῶν
574 1050 654 1084 lapth
680 1051 827 1087 προφητῶν
854 1053 960 1088 ᾅδοντες

173 1091 303 1126 ῥήματα*
321 1100 331 1118 ι
358 1092 472 1127 Ἀγαθὸν
501 1094 531 1120 τὸ
558 1094 779 1130 ἐξομολογεῖσθαι
801 1098 838 1133 τῷ
865 1099 960 1133 Κυρίῳ

172 1137 222 1164 καὶ
233 1137 345 1172 ψάλλειν
361 1138 399 1174 τῷ
417 1139 530 1174 ὀνόματί
545 1150 601 1173 σου,
619 1142 737 1176 Ὕψιστε
750 1151 756 1158 ·
779 1153 788 1170 ι
806 1144 878 1179 ἀρχῇ
896 1145 961 1179 πρὲι

172 1191 225 1209 πον
236 1183 317 1216 εὐθὺς
338 1184 368 1210 τὸ
384 1186 470 1220 ῥῆμα,
485 1186 527 1212 ὅτι
541 1188 605 1222 περὶ
619 1189 702 1215 αὑτοῦ
719 1189 792 1223 λέγει
804 1190 850 1216 τοῦ
864 1190 959 1225 ὕμνου,

170 1229 213 1255 ὅτι
227 1229 340 1263 ἀγαθὸν,
357 1231 371 1256 ὂ
385 1231 424 1257 δεῖ
439 1232 546 1264 πάντως
561 1234 660 1261 εἰδέναι
676 1235 730 1270 πρὸ
742 1236 842 1268 παντὸς
863 1236 959 1272 ὕμνου·

173 1270 397 1308 ἐξομολογεῖσθαι
418 1276 505 1310 λέγων
532 1279 561 1305 τὸ
586 1280 770 1315 εὐχαριστεῖν,
800 1283 830 1308 τὸ
855 1282 960 1317 ὑμνεῖν.

171 1319 281 1347 Τούτων
294 1321 323 1348 δὲ
340 1322 386 1349 καὶ
404 1323 459 1350 τῶν
474 1324 536 1357 ἑξῆς
550 1325 738 1360 ὑμνηθέντων,
755 1329 768 1354 ὁ
782 1328 907 1360 διάκονος
921 1332 960 1361 εἰς

169 1365 255 1401 εὐχὴν
274 1368 459 1404 προτρέπεται
475 1371 537 1402 τοὺς
553 1373 676 1405 πιστοὺς,
694 1371 738 1399 οἶα
746 1374 803 1402 ικαὶ
828 1376 961 1410 πρότερον

169 1413 307 1440 αἰτεῖσθαι
338 1414 468 1442 κελεύων.
489 1417 533 1442 Ἐν
559 1417 615 1452 ὅσῳ
636 1418 664 1444 δὲ
687 1420 703 1453 ὴ
733 1419 879 1454 ψαλμῳὸία
903 1423 962 1447 ἑτε-

168 1458 253 1491 λεῐτο,
271 1460 317 1486 καὶ
340 1462 363 1487 οἰ
378 1462 469 1488 πιστοί
490 1463 616 1498 ηὖχοντο,
634 1466 647 1491 ὁ
672 1465 761 1500 ἱερεὺς
778 1467 852 1494 ἔνδον
878 1468 961 1502 εὐχὴν

168 1507 355 1542 ποιησάμενος
366 1509 407 1539 εἰς
420 1509 465 1534 τὸν
477 1509 555 1542 Θεὸν,
571 1511 688 1537 καθόλου
706 1520 734 1538 τε
751 1513 816 1548 περὶ
830 1513 878 1540 τοῦ
893 1514 960 1549 πλη-

169 1551 299 1587 ρώματος
324 1554 372 1589 τῆς
397 1555 572 1590 Ἐκκλησῑας,
595 1558 643 1584 καὶ
667 1558 739 1590 ἰδίως
755 1559 825 1594 ὑπὲρ
845 1560 899 1586 τῶν
917 1569 961 1587 κο-

168 1600 313 1634 σμούντων
324 1601 369 1629 τὸν
386 1602 464 1636 ἅγιον
481 1604 565 1630 αὑτοῦ
579 1603 664 1637 οἶκον⁷
683 1608 731 1632 καὶ
747 1607 874 1643 λαμπρὸν
891 1617 956 1635 παν

167 1645 285 1680 ταχόθεν
301 1646 494 1675 ἀποδεικνύναι
521 1650 740 1685 ἐπιθυμούντων,
755 1652 798 1678 ἵνα
814 1653 861 1679 καὶ
882 1654 959 1680 αὐτοὶ

168 1693 240 1727 παρ’
252 1693 332 1720 αὑτοῦ
345 1694 525 1728 δοξασθῶσιν,
542 1696 634 1723 αἰτίαν
654 1698 834 1733 προστίθησιν
851 1701 960 1727 ἐπικαι-

169 1734 298 1773 ροτάτήν,
318 1748 327 1765 ι
348 1740 410 1767 ’Ότι
429 1741 474 1767 σὺν
496 1742 526 1768 τὺ
550 1743 661 1778 κράτος,
691 1745 738 1771 καὶ
765 1744 812 1771 σοῦ
842 1745 916 1772 ἔστιν
942 1747 958 1780 ἡ

170 1784 334 1818 βασιλεία.»
352 1786 432 1822 Παρὰ
459 1788 515 1819 τοῖς
542 1788 692 1823 βασιλεῦσι,
720 1791 813 1825 φησὶν,
840 1792 856 1826 ἠ
884 1791 958 1825 δόξα,

169 1830 221 1856 καὶ
232 1829 263 1857 τὸ
286 1830 414 1858 δύνασθαι
430 1832 573 1868 λαμπροὺς
600 1837 697 1868 ποιεῖν,
713 1836 760 1867 οὓς
780 1837 813 1863 ἂν
841 1837 960 1871 βούλων-

174 1881 230 1903 ται.
241 1875 275 1903 Σὺ
287 1876 325 1908 δὲ,
342 1877 471 1912 βασιλεὺς
488 1879 606 1912 αἰώνιος,
621 1882 666 1907 καὶ
683 1882 728 1907 σον
744 1882 774 1908 τὸ
786 1883 894 1917 κράτος,
912 1884 959 1910 καὶ

176 1919 225 1946 σοῦ
239 1920 311 1948 ἐστιν
327 1923 342 1956 ἡ
359 1922 494 1956 βασιλεία,
515 1925 571 1951 Καὶ
588 1925 689 1959 ταύτην
704 1926 752 1960 τὴν
778 1927 956 1961 αἰτιολογίαν,

172 1966 211 1998 ὡς
222 1967 375 2002 ὁοξολογίαν
399 1967 481 1996 οὖσαν
510 1970 611 2005 βοήσας
628 1973 727 2003 ἐντοῖς
753 1972 882 1999 ἁπάντων
906 1974 957 2000 ὠσὶ

169 2012 224 2040 τῶν
239 2015 355 2045 πιστῶν.
369 2015 416 2041 καὶ
430 2017 574 2043 κοινωνίαν
583 2017 676 2044 λαϐὼν
692 2019 740 2044 τοῦ
755 2019 823 2053 πρὸς
836 2019 880 2046 τὸν
892 2020 957 2047 Θεὸν

169 2058 267 2093 ὕμνου,
281 2060 406 2096 καθάπερ
430 2063 477 2088 καὶ
500 2063 645 2098 πρότερον,
663 2062 741 2096 αὖθις
767 2065 822 2091 τῶν
845 2065 958 2101 ψαλμῳ-

167 2106 233 2133 διῶν
247 2107 371 2142 ἄρχεται,
385 2108 433 2134 καὶ
445 2108 471 2134 οἰ
487 2110 579 2136 πιστοὶ
602 2110 820 2145 συμπληροῦσιν.
838 2109 897 2138 εἶτα
913 2113 955 2138 αἰ-

166 2152 279 2180 τοῦνται
295 2155 370 2190 παρὰ
384 2155 453 2182 Θεοῦ
470 2156 518 2186 τὰς
529 2157 666 2191 αἰτήσεις,
683 2154 720 2184 ὧν
730 2159 743 2184 ὁ
755 2158 879 2190 διάκονος
892 2159 956 2194 ἐξη-

166 2200 269 2232 γεῖται,
285 2200 356 2227 κατὰ
379 2200 413 2227 τὰ
439 2201 573 2236 πρότερον
597 2203 740 2238 εἰρημένα.
761 2204 789 2230 '0
815 2204 843 2230 δὲ
866 2205 956 2241 ἱερεὺς

168 2245 252 2272 πάλιν
273 2245 356 2281 εὐχὴν
378 2247 563 2282 ποιησάμενος
585 2248 654 2283 ὑπὲρ
669 2248 724 2275 τῶν
747 2251 956 2285 συνευχομένων

978 951 998 980 Β

974 1629 994 1657 C

1015 325 1087 347 tuam
1104 320 1228 353 gloriam,
1263 321 1359 355 inquit,
1381 321 1439 348 hrec
1469 325 1495 349 te
1511 330 1585 356 rogo.
1605 332 1614 349 ι
1652 322 1801 356 Βι-ιιὶιιιιιιιιι

1012 367 1086 394 enim
1100 371 1127 393 et
1148 367 1304 393 munilicum
1319 375 1380 395 esse
1396 368 1422 394 itt
1437 375 1488 395 nos
1502 369 1547 403 qui
1564 377 1658 397 sumus
1688 371 1802 403 indigni.

1012 413 1045 439 ad
1063 417 1137 439 luam
1153 413 1267 447 gloriam
1286 414 1419 448 pertinet;
1437 414 1487 441 hoc
1501 419 1603 447 autem,
1622 416 1724 443 scilicet
1743 418 1801 450 glo-

1011 457 1186 490 riﬁcari,tibi
1213 460 1351 491 convenit,
1368 463 1398 486 ut
1427 463 1469 487 est
1498 459 1565 487 illud
1592 461 1662 488 beati
1692 461 1800 489 David:

1014 513 1024 529 ι
1041 503 1099 531 Non
1116 504 1204 536 nobis,
1223 504 1350 537 Domine,
1367 512 1419 533 non
1438 505 1528 536 nobis.
1545 505 1592 533 sed
1619 507 1723 533 nomini
1756 512 1805 533 tuo

1012 551 1044 576 da
1060 550 1184 583 glorianti.
1208 561 1217 576 ι
1239 550 1388 585 Propterea
1405 559 1465 578 cum
1490 551 1604 586 perfecit
1635 554 1800 584 oralionem,

1013 595 1081 621 hanc
1110 604 1199 622 causa:
1225 597 1392 630 allattonem,
1421 605 1479 631 qum
1507 603 1534 624 et
1560 603 1602 625 est
1625 599 1650 625 in
1680 604 1802 627 extrema

1012 646 1101 675 parte,
1116 646 1142 667 et
1155 642 1375 676 estglorilieatio,
1396 643 1460 676 legit
1477 644 1603 670 omnibus
1618 644 1801 675 audientibus,

1013 692 1040 712 ιιι
1054 694 1150 714 omnes
1161 688 1252 722 hymni
1262 689 1408 722 participes
1419 689 1549 722 accipiat,
1572 694 1597 716 ct
1606 690 1675 715 Deus
1686 689 1718 715 ab
1728 690 1802 715 omni

1013 733 1130 759 Ecclesia
1151 733 1282 760 laudetur.
1301 734 1448 761 Audientes
1461 743 1524 768 ergo
1548 739 1611 761 sunt
1631 735 1721 769 ltyntni
1741 743 1801 760 tum

1012 780 1056 805 illa
1071 779 1228 814 participes.
1244 779 1389 814 Postquam
1418 781 1490 807 enim
1508 781 1552 806 ille
1569 780 1637 806 dixit
1661 785 1688 806 ct
1711 780 1802 813 gloria

1013 826 1111 857 licavit,
1133 826 1224 853 ﬁdeles
1244 835 1339 853 omnes
1358 836 1366 852 t
1385 827 1469 853 Amen
1489 835 1497 851 ι
1516 827 1618 859 dicunt,
1634 832 1661 853 et
1678 834 1738 853 cum
1752 827 1803 853 hoc

1013 872 1123 899 verbum
1140 873 1336 904 acclamarunt,
1347 880 1442 900 omnes
1457 872 1527 899 illius
1544 880 1623 899 voces
1637 876 1666 898 ut
1680 872 1802 906 proprias

1015 918 1064 944 sibi
1091 923 1245 945 assumunt.
1271 918 1372 945 Deinde
1398 927 1492 946 sacras
1515 918 1679 952 psalmodias
1709 919 1805 952 incipit

1013 964 1121 998 qnitlcnt
1138 965 1276 997 sacerdosI
1298 965 1410 999 itnplent
1423 969 1519 992 autem‘
1533 965 1693 992 universum
1712 964 1729 991 ii
1758 965 1803 998 qui

1014 1011 1203 1043 circumstant,
1228 1011 1356 1038 divinitus
1369 1012 1499 1044 inspirata
1525 1019 1666 1039 sacrorum
1683 1011 1803 1044 prophe-

1015 1062 1101 1084 tarum
1123 1058 1204 1085 verba
1231 1063 1374 1085 canentes:
1396 1067 1405 1083 ι
1426 1057 1529 1084 Βυιιιιιιι
1555 1057 1731 1084 cstconﬁteri
1755 1057 1806 1083 llo-

1014 1104 1098 1133 mino.
1117 1103 1271 1137 ctpsallere
1296 1103 1399 1130 nomini
1414 1108 1469 1135 tuo,
1488 1103 1637 1130 Altissitne.
1665 1112 1673 1129 ι
1694 1103 1804 1129 Princi-

1014 1151 1058 1184 pio
1076 1150 1241 1176 conveniens
1255 1150 1346 1177 statim
1362 1150 1485 1180 verbum.
1506 1149 1569 1183 quia
1589 1150 1621 1176 de
1653 1149 1712 1183 ipso
1739 1149 1805 1175 dicit

1014 1196 1123 1229 hymno,
1137 1195 1209 1230 qitod
1220 1200 1261 1223 est
1275 1196 1388 1229 bonum,
1405 1197 1475 1229 quod
1486 1201 1593 1230 oportet
1607 1196 1718 1222 omnino
1732 1195 1803 1222 scire

1014 1247 1077 1268 ante
1090 1243 1349 1277 omncmbymnum,
1366 1242 1504 1276 appellans
1535 1241 1672 1273 confiteri,
1702 1241 1804 1276 gratias

1014 1296 1103 1324 agerc,
1122 1288 1237 1324 hymnos
1252 1295 1361 1315 canere.
1380 1288 1428 1315 llis
1449 1293 1538 1315 autem
1560 1292 1586 1314 et
1618 1288 1650 1315 iis
1671 1294 1731 1321 quae
1760 1294 1806 1313 se-

1013 1340 1133 1368 quttntur
1155 1335 1287 1366 cantatis.
1313 1334 1444 1361 diaconus
1461 1333 1554 1361 ﬁdeles
1587 1333 1620 1360 ad
1651 1333 1802 1360 orationem

1013 1382 1184 1409 adhortatur.
1203 1381 1309 1409 Interea
1325 1386 1414 1408 autem
1435 1381 1497 1407 dum
1516 1379 1717 1415 peragebantur
1732 1379 1802 1413 psal-

1013 1429 1119 1461 modite,
1133 1433 1161 1456 ct
1179 1429 1269 1455 ﬁdeles
1283 1428 1408 1459 orabant,
1425 1427 1555 1454 sacerdos
1568 1431 1710 1461 postquam
1728 1427 1803 1452 intus

1012 1475 1045 1501 ad
1064 1475 1144 1502 Deum
1162 1474 1225 1502 fecit
1247 1474 1410 1507 orationem,
1430 1478 1456 1500 et
1473 1473 1637 1508 generaliter
1665 1480 1712 1507 pro
1746 1477 1802 1499 toto

1013 1528 1127 1556 corpore
1142 1521 1281 1552 Ecclesiaz.
1301 1526 1328 1548 et
1343 1528 1465 1547 seorsum
1482 1527 1531 1554 pro
1556 1519 1588 1546 iis
1606 1519 1651 1553 qui
1679 1523 1802 1545 sanctam

1014 1568 1121 1594 domum
1133 1567 1191 1601 ejus
1200 1571 1309 1599 ornant,
1324 1570 1348 1593 et
1366 1573 1425 1592 eam
1441 1565 1619 1600 undequaque
1631 1564 1800 1598 splendidam

1014 1614 1125 1640 reddere
1142 1614 1310 1647 desiderant,
1342 1616 1372 1638 ut
1388 1616 1415 1638 et
1431 1611 1482 1646 ipsi
1498 1612 1531 1638 ab
1551 1611 1611 1645 ipso
1643 1610 1800 1645 gloriﬁcent-

1013 1665 1067 1692 tur,
1091 1666 1200 1686 causam
1217 1658 1308 1692 adjicit
1327 1658 1352 1685 iu
1368 1650 1464 1692 primis
1492 1662 1675 1692 opportunam
1693 1661 1719 1683 et
1735 1663 1801 1682 con—

1011 1705 1184 1731 venientem:
1204 1713 1214 1730 ι
1231 1704 1299 1737 Quia
1318 1708 1362 1730 tua
1377 1708 1419 1730 est
1432 1703 1566 1736 potentia.
1595 1707 1669 1729 tuum
1699 1705 1740 1728 cst
1759 1708 1802 1727 rc—

1011 1758 1103 1784 gnum.
1120 1759 1128 1775 ι
1144 1750 1220 1784 Apud
1249 1757 1337 1784 reges,
1369 1749 1467 1783 inquit,
1486 1753 1528 1775 est
1545 1747 1643 1783 gloria,
1665 1752 1692 1774 et
1722 1755 1803 1781 posse

1010 1796 1166 1830 splendidos
1178 1796 1284 1823 ellicere
1312 1802 1380 1830 quos
1398 1795 1544 1823 voluerint.
1562 1793 1603 1821 Tu
1621 1799 1722 1826 autem,
1752 1802 1799 1821 rex

1010 1848 1138 1874 attentus,
1154 1847 1180 1868 ct
1198 1846 1241 1868 tua
1255 1846 1297 1868 est
1309 1841 1442 1875 potentia,
1459 1845 1486 1868 et
1516 1846 1590 1867 tuum
1613 1844 1654 1867 est
1673 1848 1799 1874 regnum.

1011 1887 1114 1913 Etcum
1134 1887 1205 1914 hanc
1226 1894 1315 1913 causa:
1332 1887 1523 1918 redditionem,
1553 1890 1646 1921 utpote
1673 1893 1733 1920 quae
1765 1888 1800 1912 sit

1010 1932 1180 1966 gloriﬁcatio,
1196 1932 1317 1959 omnium
1347 1931 1467 1959 fidelium
1492 1931 1604 1958 auribus
1627 1931 1798 1963 inclamavit,

1010 1983 1097 2006 ctnos
1112 1979 1203 2014 hymni
1219 1979 1251 2005 ad
1271 1977 1354 2005 Deum
1371 1978 1517 2012 participes
1544 1977 1645 2008 clIecil.
1672 1978 1743 2004 sicut
1774 1983 1801 2004 rt

1009 2026 1083 2059 prius
1117 2033 1211 2052 rursus
1241 2025 1334 2059 incipit
1376 2024 1538 2059 psalmodias
1560 2046 1567 2057 ,
1586 2029 1612 2050 ct
1638 2024 1729 2051 lidclcs
1754 2031 1801 2050 eas

1009 2069 1155 2103 complent.
1184 2069 1285 2097 Deinde
1302 2074 1396 2103 petunt
1424 2076 1438 2095 a
1464 2069 1519 2096 Deo
1548 2069 1703 2103 petitiones,
1732 2076 1801 2102 quas

1009 2114 1086 2149 prmit
1104 2114 1241 2146 diaconus,
1262 2119 1290 2141 ut
1306 2119 1368 2141 ante
1382 2114 1485 2140 dictum
1512 2118 1564 2141 est.
1594 2113 1727 2141 Sacerdos
1753 2121 1800 2140 au-

1010 2163 1062 2186 tem
1081 2166 1175 2186 rursus
1190 2158 1262 2186 facta
1277 2159 1400 2186 oratione
1412 2167 1462 2194 pro
1475 2158 1509 2186 iis
1524 2159 1571 2193 qui
1601 2167 1653 2186 ttna
1684 2167 1744 2186 cum
1769 2167 1800 2186 eo

1010 2208 1154 2238 precantur
1170 2204 1304 2237 lidelibus,
1324 2209 1425 2238 ntqua:
1454 2204 1644 2239 unusquisque
1673 2204 1799 2239 privatim

1009 2251 1085 2284 petit,
1108 2258 1122 2276 a
1138 2250 1192 2277 Deo
1209 2256 1403 2285 consequatur.
1420 2255 1503 2285 prout
1518 2252 1542 2278 ei
1559 2251 1624 2278 utile
1651 2251 1743 2283 fut-rit,
1773 2255 1801 2277 et

167 2290 243 2325 αὐτῷ
259 2291 371 2324 πιστῶν,
388 2292 432 2318 ἵνα
455 2289 492 2319 ὧν
507 2293 621 2324 ἕκαστος
651 2294 704 2329 ἰδίᾳ
727 2295 855 2328 αἰτεῖται,
880 2297 956 2331 τύχοι

1010 2301 1138 2329 prazterca
1156 2297 1237 2322 vitam
1254 2301 1382 2323 :eleruam
1399 2296 1428 2322 in
1448 2296 1551 2329 futuro,
1568 2296 1661 2330 adjicit
1686 2303 1796 2322 causam

167 2336 240 2363 κατὰ
255 2336 285 2364 τὸ
307 2337 383 2372 αὐτῷ
412 2339 552 2374 συμφέρον
576 2340 651 2374 παρὰ
666 2341 712 2366 τοῦ
738 2341 817 2373 Θεοῦ,
844 2342 892 2368 καὶ
915 2342 955 2368 ἔτι

169 2381 242 2418 ζωὴν
257 2383 366 2411 αἰώνιον
384 2385 414 2411 ὲν
428 2385 467 2419 τῷ
492 2386 618 2419 μέλλοντι
629 2394 636 2402 '
652 2387 832 2422 προστίθησιν
849 2389 953 2420 αἰτίαν,

168 2428 218 2462 τὴν
243 2429 326 2455 αὑτοῦ
351 2430 507 2465 ἀγαθότητα
534 2432 581 2458 καὶ
608 2433 832 2468 φιλανθριιιπίαν·
858 2435 891 2470 ἣν
909 2436 956 2461 καὶ

169 2475 374 2508 ἁκροτελεύτιον
390 2475 473 2503 οὖσαν
491 2479 530 2509 εἰς
552 2479 671 2513 ἐπήκοον
694 2481 750 2506 τῶν
766 2480 894 2507 ἁπάντων
915 2482 955 2507 εἰ-

168 2519 237 2552 πὼν,
256 2521 305 2555 τῆς
320 2522 471 2557 ἀπάρχεται
492 2523 652 2559 ψαλμῳδίας
668 2525 776 2559 τρίτης,
800 2523 833 2560 ἧς
855 2527 954 2561 ᾀδομέ-

167 2574 215 2601 νης
228 2566 260 2593 τὸ
279 2567 446 2602 Εὑαγγέλιον
474 2570 615 2604 εἰσάγεται
636 2571 883 2606 δορυφορούμενον,
902 2573 954 2599 ὑπὸ

166 2610 291 2646 λαμπάσι
308 2614 355 2639 καὶ
379 2614 546 2649 θυμιάμασι,
562 2617 673 2642 πάντων
696 2618 872 2651 πεμπόντων,
896 2619 953 2645 ὅσοι

166 2659 213 2687 τοῦ
229 2660 360 2696 βήματος,
375 2661 423 2688 τοῦ
436 2662 561 2690 διακόνου
577 2664 642 2690 αὐτὸ
657 2658 827 2699 δὶομίζοντος,
844 2666 860 2701 ἢ
875 2668 898 2692 εἰ
916 2667 953 2701 μὴ

166 2705 260 2741 παρὼν
277 2706 364 2742 τύχοι,
379 2707 427 2734 τοῦ
444 2709 552 2742 ἱερέως.
571 2709 600 2735 '0
621 2710 648 2736 δὲ
665 2710 757 2745 ἱερεὺς
775 2711 803 2736 ἐν
826 2708 848 2745 ᾧ
871 2712 910 2742 εἰς
924 2712 953 2738 τὸ

166 2750 358 2787 θυσιαστήριον
373 2753 486 2780 εἰσιέναι
508 2754 611 2788 μέλλει,
630 2755 696 2786 στὰς
719 2756 771 2790 προ
792 2757 846 2782 τῶν
862 2757 952 2792 θυρῶν

166 2797 198 2823 ὲκ
215 2798 315 2833 μικροῦ
329 2798 528 2833 διαστήματος,
545 2800 626 2835 ἓωςή
642 2801 789 2835 ψαλμῳδία
806 2803 950 2838 πληρωθῇ,

165 2842 270 2878 εὔχεται
285 2843 325 2878 τῷ
343 2844 402 2879 Θεῷ
424 2846 518 2878 ἁγίους
543 2847 679 2880 ἀγγέλους
698 2849 892 2878 συνεισελθεῖν,
912 2851 952 2880 εἰς

163 2889 191 2914 τὸ
219 2890 416 2925 θυσιαστήριον
442 2892 565 2924 εἰσιόντι,
594 2895 640 2921 καὶ
669 2895 876 2929 συνεφάψασθαι
901 2897 950 2930 τῆς

162 2935 331 2971 tapeti-9,141.1,
355 2937 402 2962 καὶ
429 2939 590 2971 κοινωνῆσαι
611 2940 659 2974 τῆς
675 2940 741 2974 πρὸς
764 2941 829 2968 (item
847 2941 936 2974 ῐοξοὶο

1009 2343 1094 2376 ipsius
1107 2342 1254 2369 bonitatem
1271 2347 1298 2369 et
1315 2340 1498 2369 clementiam.
1512 2342 1598 2374 Quam
1611 2346 1704 2375 utpote
1731 2341 1797 2368 ulti-

1009 2396 1092 2421 mam,
1110 2393 1253 2423 postquam
1279 2388 1405 2415 outnibus
1424 2388 1596 2414 audientibus
1624 2387 1701 2418 dixit.
1734 2387 1800 2413 inci-

1007 2435 1046 2468 pit
1059 2436 1165 2461 tertiam
1180 2434 1366 2468 psalmodiam.
1386 2433 1451 2466 Qua:
1466 2435 1528 2460 dum
1543 2434 1661 2464 canitur,
1673 2434 1797 2468 Evange-

1007 2480 1073 2506 liunl
1101 2480 1282 2506 introducitur
1307 2482 1434 2514 stipatum
1459 2479 1641 2514 lampadibus,
1673 2480 1798 2506 omnibus

1008 2525 1042 2552 iis
1055 2526 1252 2552 dcducentibus
1267 2526 1313 2560 qui
1331 2530 1395 2553 sunt
1412 2525 1530 2552 ministri
1547 2525 1653 2557 altaris,
1684 2526 1798 2551 diacono

1007 2571 1095 2606 ipsum
1114 2571 1255 2603 aﬂ’crente,
1276 2571 1329 2603 vel,
1359 2572 1380 2598 si
1397 2579 1449 2597 non
1463 2571 1544 2602 adsit,
1564 2571 1716 2598 sacerdote.
1747 2569 1797 2596 Sa-

1007 2618 1102 2645 cerdos
1118 2624 1219 2649 autem,
1244 2619 1352 2652 quando
1365 2623 1406 2644 cst
1434 2617 1467 2644 ad
1499 2618 1585 2645 altare
1610 2618 1794 2651 ingressurus,

1006 2669 1083 2689 stans
1097 2671 1179 2698 parvo
1194 2664 1336 2698 intcrjecto
1348 2663 1435 2697 spatio
1449 2669 1512 2690 ante
1526 2663 1607 2696 fores,
1624 2663 1708 2690 donec
1722 2668 1796 2688 cutu-

1006 2710 1076 2744 pleta
1094 2709 1175 2736 fuerit
1192 2710 1353 2743 psalmodia,
1367 2715 1428 2736 orat
1441 2709 1537 2741 Deum,
1555 2714 1584 2735 ut
1598 2708 1683 2736 sancti
1707 2707 1794 2742 angeli

1006 2763 1059 2782 uua
1075 2762 1136 2782 cum
1150 2754 1206 2782 Deo
1223 2755 1422 2790 ingrediantur,
1450 2757 1567 2782 intrante
1596 2754 1628 2780 ad
1654 2754 1751 2784 altare,
1768 2755 1794 2778 rt

1005 2802 1169 2830 sacriﬁcium
1185 2807 1368 2834 contrectcnt,
1385 2805 1412 2828 et
1425 2801 1479 2828 sint
1505 2808 1565 2827 cum
1584 2800 1643 2833 ipso
1659 2799 1795 2833 gloriﬁca-

1005 2847 1088 2874 tionis
1101 2848 1256 2882 participes.
1276 2851 1302 2875 ct
1321 2847 1416 2882 adjicit
1427 2854 1549 2878 causam,
1565 2845 1628 2880 quia
1645 2850 1672 2870 et
1687 2844 1720 2870 ab
1743 2844 1792 2870 Ιιο-

1006 2893 1125 2920 minibus
1141 2893 1214 2920 etab
1232 2893 1336 2928 angelis
1351 2892 1477 2920 convenit
1490 2893 1578 2925 ipstnn
1602 2891 1750 2925 gloriﬁcari
1766 2895 1793 2916 ct

1005 2938 1122 2974 adorari,
1139 2938 1195 2966 Hoc
1218 2939 1288 2966 enim
1305 2938 1354 2966 sibi
1375 2938 1429 2964 vult
1447 2938 1528 2964 illud:
1581 2936 1674 2963 (tinnis
1695 2936 1792 2970 gloria,
