4030 6454
259 440 369 515 tos

1442 452 1844 517 LlTURGUE
1887 453 2324 518 EXPOSlTlO.

3419 452 3527 516 4C6

265 559 595 633 πληροῦντα,
630 563 907 633 σημασίας
929 564 985 619 δὲ
1014 565 1178 620 ἕνεκα
1211 564 1372 633 μόνον
1401 564 1726 633 τελούμενα,
1756 564 1830 624 ὡς
1870 598 1871 605 η

1971 562 2244 633 silentque
2282 574 2338 619 et
2390 563 2967 631 imperfectissimam,
3021 564 3111 617 illa
3162 575 3342 618 autem
3396 581 3522 633 per-

266 654 302 726 η
334 654 529 725 λόγχη,
571 657 664 709 καὶ
696 656 730 727 ἡ
762 656 855 710 τοῦ
886 657 1051 728 ἀρτου
1098 656 1373 727 κέντησις,
1403 656 1495 708 καὶ
1526 656 1559 725 ὴ
1608 657 1669 709 έν
1696 656 1844 726 αὐτῷ

273 746 452 818 γραφὴ
480 746 577 801 τοῦ
606 747 868 819 σταυροῦ,
898 750 996 803 καὶ
1022 748 1083 802 τὸ
1106 748 1418 802 τελευταῖον
1443 749 1477 819 ἠ
1503 748 1583 811 είς
1607 749 1676 801 τὰ
1709 746 1775 815 ἀγ
1789 765 1843 801 ια

285 839 488 910 ἐκϐολή.
518 841 632 895 Καὶ
655 842 713 895 ὲν
738 843 854 903 τοῖς
881 841 1060 904 ἀλλοις
1083 841 1140 896 δὲ
1168 841 1490 911 μυστηρίοις
1522 840 1695 893 πολλὰ
1728 857 1843 894 τοι·

284 928 410 983 αῦτα
427 929 492 984 ἂν
512 929 717 1001 εὕροις,
744 931 931 1003 ὥσπερ
962 933 1020 985 ὲν
1044 930 1120 1002 τῷ
1149 931 1489 1001 βαπτίσματι
1509 932 1569 985 τὸ
1592 930 1844 985 λούεσθαι

284 1019 587 1088 μέλλοντας,
624 1022 951 1077 ὑποδύεσθαι
985 1023 1066 1077 δεῖ
1113 1024 1206 1076 καὶ
1239 1022 1594 1086 ἀποδύεσθαι,
1627 1024 1722 1076 καὶ
1765 1023 1846 1085 είς

278 1110 369 1173 τάς
394 1111 598 1182 δεσμάς
631 1112 924 1183 βλέποντας
948 1113 1048 1176 τὰς
1077 1113 1269 1185 χεῖράς
1295 1131 1351 1167 τε
1385 1114 1717 1179 ἀποτείνειν,
1749 1115 1843 1168 καὶ

275 1204 535 1274 ἐκφυσᾷν.
569 1192 757 1258 Ταῦτα
789 1205 900 1275 γάρ
943 1205 1036 1258 καὶ
1061 1206 1227 1271 ἔτερα
1252 1205 1482 1259 τοιαῦτα
1523 1206 1712 1275 χρείαν
1744 1204 1847 1276 μὲν

276 1294 528 1364 οὐδεμίαν
573 1296 654 1359 είς
700 1296 762 1348 τὸ
814 1298 1115 1366 μυστήριον
1163 1296 1485 1365 είσάγουσι·
1534 1296 1847 1356 διδάσκουσι

277 1382 333 1436 δὲ
361 1385 453 1436 τὶν
471 1384 814 1455 τελούμενον,
845 1386 907 1439 τὸ
930 1388 1084 1456 μῖσος
1117 1387 1212 1440 καὶ
1234 1386 1332 1457 τὴν
1357 1385 1580 1457 ἔχθραν,
1612 1387 1680 1456 ἢν
1708 1387 1847 1457 πρὸς

279 1477 369 1531 τὸν
400 1479 634 1548 πονηρὸν
682 1478 827 1550 ἔχειν
865 1480 1106 1551 ἀνάγκη,
1143 1480 1239 1534 καὶ⁸
1279 1481 1428 1543 ὅπως
1466 1480 1628 1533 αὑτὸν
1659 1480 1850 1549 ἐκτρέ-

283 1572 480 1625 πεσθαι
508 1573 639 1643 χρὴ,
670 1573 764 1626 τὸν
807 1574 1072 1641 μέλλοντα
1102 1573 1433 1646 Χριστιανὸν
1473 1573 1649 1643 ἀληθῆ
1683 1569 1843 1629 εἶναι.

284 1662 501 1716 Τούτων
554 1663 727 1728 οὕτως
772 1665 1003 1735 ἐχόντων
1059 1664 1356 1736 θεωρῶμεν
1410 1665 1509 1735 τὴν
1538 1666 1849 1736 ἱερουργίαν

285 1754 499 1807 ἃπασαν
522 1756 667 1808 κατά
701 1756 888 1827 μέρος,
921 1756 1044 1811 καθ’
1066 1757 1192 1811 ὅσον
1237 1759 1339 1826 τῆς
1371 1756 1462 1809 τοῦ
1493 1758 1745 1829 Σωτῆρος
1774 1761 1850 1812 οἰ-

1942 652 2297 710 l’ectissimam
2328 663 2382 708 et
2414 654 2683 709 ultimam.
2735 654 2873 708 Sunt
2906 663 3082 708 autem
3137 655 3301 709 etiam
3331 668 3519 709 eorum

1943 759 2064 815 quae
2120 746 2172 799 in
2220 747 2446 817 mystica
2500 746 2876 800 celebratione
2935 746 3090 810 ﬁunt,
3140 761 3263 816 quae
3313 747 3520 801 nullum

1946 852 2100 892 usum
2154 838 2400 907 implent,
2457 837 2799 907 signiﬁcandi
2845 847 3025 892 autem
3069 838 3241 907 gratia
3307 845 3517 891 tantum

1949 931 2110 991 ﬁunt,
2145 938 2206 985 ut
2239 930 2427 986 lancea
2457 941 2512 985 et
2537 931 2692 1000 panis
2732 931 2977 999 punctio,
3009 939 3065 984 et
3115 929 3294 983 crucis
3325 929 3524 983 inseri-

1945 1021 2080 1091 ptio,
2111 1032 2169 1078 et
2200 1031 2475 1092 postremo
2496 1034 2647 1089 aqua:
2678 1020 2870 1075 calidae
2920 1020 2974 1075 in
3025 1027 3233 1075 sancta.
3279 1021 3519 1091 injectio.

1945 1112 2088 1179 Quin
2125 1114 2291 1169 etiam
2324 1112 2380 1167 in
2420 1112 2549 1166 aliis
2618 1112 2976 1167 sacramentis
3033 1111 3198 1165 multa
3254 1111 3524 1181 ejusmodi

1947 1206 2261 1262 inveneris:
2317 1203 2778 1275 quemadmodum
2845 1204 2899 1259 in
2956 1204 3223 1274 baptismo
3281 1219 3376 1258 eos
3431 1205 3521 1271 qui

1947 1298 2055 1353 sint
2110 1297 2392 1367 tingendi,
2446 1312 2505 1352 se
2549 1305 2605 1353 et
2674 1297 2874 1353 calceis
2928 1306 2982 1350 et
3027 1297 3265 1352 vestibus
3323 1312 3533 1351 exuere

1947 1399 2183 1459 oportet,
2209 1400 2265 1445 et
2292 1392 2359 1445 ad
2387 1390 2734 1446 Occidentem
2772 1389 3119 1457 aspicientes,
3179 1404 3371 1443 manus
3403 1398 3526 1443 ten-

1947 1485 2104 1545 dere,
2135 1492 2192 1540 et
2241 1482 2539 1538 insulilare.
2592 1482 2717 1537 llaec
2771 1481 2918 1536 cnim
2985 1490 3038 1535 et
3090 1482 3191 1535 aiia
3252 1482 3523 1551 ejusmodi

1949 1576 2158 1631 mdium
2206 1575 2427 1646 quidem
2475 1591 2631 1631 usum
2660 1577 2726 1629 ad
2785 1583 3184 1632 sacramentum
3244 1574 3525 1637 inducunt,

1951 1671 2043 1725 sed
2079 1670 2279 1725 docent
2308 1685 2433 1726 eum
2483 1670 2573 1739 qui
2624 1669 2895 1733 initiatur,
2961 1668 3144 1722 odium
3197 1677 3250 1720 et
3294 1666 3530 1719 inimici-

1954 1762 2079 1823 tias,
2109 1775 2245 1830 quas
2273 1761 2533 1815 adversus
2567 1760 2865 1831 malignum
2898 1774 3089 1830 gerere
3138 1773 3367 1813 necesse
3419 1766 3525 1819 est,

287 1849 544 1919 κονομίας
573 1850 755 1904 εἰκόνα
781 1852 937 1921 φέρει
969 1867 984 1883 ο
1010 1852 1108 1904 καὶ
1139 1850 1357 1920 πρῶτον
1379 1852 1475 1915 τὰς
1505 1851 1848 1922 ψαλμῳδίας.

1971 1852 2013 1907 Ξι
2048 1852 2322 1921 quomodo
2355 1859 2571 1920 oportet
2601 1853 2891 1921 malignum
2962 1850 3198 1903 aversari
3258 1864 3379 1903 eum
3434 1847 3527 1917 qui

289 1953 440 1996 verus
467 1940 809 1999 Christianus
835 1943 1049 1999 iuturus
1071 1953 1177 2000 est.
1236 1942 1333 1999 His
1367 1944 1440 1998 ita
1493 1960 1553 2000 se
1603 1946 1944 2011 habentibus,
2011 1945 2438 2017 contemplemur
2483 1945 2758 2013 sigillatim
2811 1943 3119 1999 universum
3178 1940 3529 2007 sacriﬁcium,

288 2046 552 2107 quatenus
635 2035 943 2092 Servatoris
1004 2036 1394 2092 incarnationis
1442 2037 1546 2094 fert
1627 2037 1941 2108 imaginem.
1975 2038 2041 2094 Et
2073 2038 2302 2108 primum
2340 2036 2687 2107 psalmodias.

866 2130 1120 2185 ΚΕΦΛΛ.
1158 2128 1258 2185 ΙΖ’.

473 2222 797 2291 Ἑξήγησις
848 2222 967 2277 τῶν
999 2222 1249 2291 πρώτων
1299 2224 1675 2294 ἀντιφώνων.

367 2317 430 2369 'll
457 2317 554 2387 μὲν
578 2315 671 2371 οῦν
701 2315 891 2387 πρώτη
926 2317 1211 2388 προτροπή
1239 2318 1387 2371 ἐστιν
1417 2320 1498 2381 είς
1540 2316 1851 2394 δοξολογίαν

294 2409 613 2480 ἀρχομένοις
654 2410 975 2479 πρέπουσα’
1013 2428 1032 2462 ι
1087 2408 1341 2478 ’Δγαθδν,
1382 2411 1538 2478 φησὶ,
1570 2410 1633 2463 τὸ
1664 2409 1857 2479 ἐξομο-

296 2501 565 2570 λογεῖσθαι
599 2500 679 2571 τῷ
711 2500 904 2574 Κυρίῳ
925 2517 939 2532 ⁸
974 2520 993 2553 ι
1033 2504 1061 2555 6
1091 2500 1265 2571 ὕμνος
1297 2502 1433 2572 πρὸς
1481 2502 1572 2555 τὸν
1602 2501 1737 2554 Θεὸν
1763 2501 1858 2554 καὶ

301 2590 537 2663 Πατέρα,
575 2591 671 2644 καὶ
715 2592 846 2662 περὶ
875 2589 971 2644 τοῦ
1021 2589 1362 2656 Μονογενοῦς
1396 2606 1412 2624 ·
1449 2609 1467 2642 ι
1520 2589 1753 2659 ’Δγαθδν
1798 2589 1859 2642 τὸ

298 2682 736 2753 ἐξομολογεῖσθαι
764 2682 842 2753 τῷ
871 2684 1085 2755 Κυρίῳ,
1125 2684 1220 2738 καὶ
1262 2681 1488 2752 ψάλλειν
1517 2681 1599 2752 τῷ
1637 2682 1860 2752 ὀνόματί

302 2793 416 2841 σου,
437 2775 672 2844 ’Υψιστε
697 2789 710 2803 ·
741 2794 761 2827 ι
795 2774 1060 2844 Ὕψιστον
1077 2775 1295 2844 Πατέρα
1316 2773 1509 2843 λέγων,
1534 2771 1740 2842 Κύριον
1769 2772 1862 2825 τὸν

300 2868 578 2937 Μονογενῆ
603 2883 617 2898 ⁸
645 2867 850 2935 ἀγαθὸν
873 2868 964 2921 τδν
998 2866 1128 2920 Υἱδν
1162 2867 1376 2938 ὑμνεῖν,
1410 2865 1504 2921 καί
1539 2883 1600 2919 σε
1627 2865 1718 2920 τὸν
1748 2866 1859 2920 [Ια-

300 2959 453 3029 τέρα.
487 2958 596 3012 Καὶ
642 2958 695 3012 τί
734 2958 983 3029 βούλεται
1036 2957 1254 3024 ταῦτας
1296 2958 1442 3028 Πρὸς
1486 2958 1554 3012 τὰ
1601 2957 1728 3027 ἑξῆς
1766 2956 1861 3010 τοῦ

303 3046 460 3112 λόγου
521 3045 962 3116 προοιμιάζεται.
1019 3045 1221 3101 Μέλλει
1274 3046 1383 3117 γὰρ
1440 3048 1621 3100 κοινὸν
1682 3047 1864 3111 αὐτοῖς

308 3136 574 3190 ποιεῖσθαι
630 3138 722 3192 τὸν
770 3137 959 3209 ὕμνον.
1004 3139 1142 3197 Τίνα
1192 3141 1426 3211 τρόπονς
1466 3142 1548 3196 Τὰ
1587 3140 1685 3196 τοῦ
1736 3141 1863 3197 Υίοῦ

2553 2131 2707 2187 CAP.
2733 2127 2897 2184 XVII.

2273 2226 2648 2297 [interpretatio
2673 2233 2859 2294 prima:
2877 2222 3213 2297 gmiphonw.

2025 2321 2200 2375 Prima
2235 2333 2366 2387 ergo
2423 2288 2515 2373 est
2584 2288 2914 2371 adﬁrmatio.
2948 2288 3016 2368 ad
3058 2312 3534 2383 glnriﬁcationcm,

1957 2411 2343 2479 int-ipientibus
2380 2408 2748 2465 conveniens:
2788 2427 2807 2459 ι
2837 2406 3067 2472 Bonum,
3121 2406 3315 2476 inquit,
3371 2408 3541 2461 conﬁ-

1958 2506 2058 2559 teri
2092 2502 2341 2561 Dotuino.
2379 2520 2398 2553 ι
2428 2502 2673 2572 Hymnus
2705 2501 2771 2554 ad
2796 2497 2965 2554 Deum
2996 2507 3051 2553 et
3080 2497 3319 2565 Patrem,
3366 2509 3421 2553 et
3476 2499 3540 2576 de

1961 2595 2282 2666 Unigenito:
2317 2593 2553 2649 «Bonum
2571 2603 2653 2649 est
2687 2593 2935 2648 conﬁteri
2970 2593 3220 2659 Domino,
3255 2603 3309 2648 et
3336 2608 3545 2647 canere

1961 2688 2170 2744 nomini
2197 2682 2309 2755 tuo,
2337 2686 2647 2742 Altissime:
2674 2686 3047 2741 tAltissimum
3080 2685 3292 2740 Patrem
3330 2685 3536 2749 dicens,

1962 2775 2250 2831 Dominum
2282 2774 2671 2845 Unigenitum;
2713 2776 2915 2829 bonum
2951 2773 3171 2829 laudare
3249 2771 3441 2827 Fitium
3486 2782 3542 2825 et

1962 2872 2200 2928 Patrem.
2245 2871 2311 2925 Et
2336 2871 2467 2941 quid
2491 2873 2604 2925 ltmc
2621 2869 2722 2924 sibi
2761 2869 2989 2923 volunt?
3018 2869 3096 2921 Ad
3132 2883 3192 2921 ea
3241 2881 3359 2936 quze
3413 2874 3542 2921 suit

1963 2964 2222 3033 deinceps
2242 2964 2467 3019 dicenda
2496 2960 2780 3017 exordium
2837 2958 3011 3012 ducit.
3070 2957 3162 3011 Est
3207 2956 3349 3009 enim
3378 2954 3543 3008 utris-

1965 3072 2072 3127 que
2151 3032 2494 3110 communem
2552 3053 2808 3123 hymnum
2865 3049 3138 3105 dicturus.
3214 3032 3601 3113 Quomodo’r‘

1966 3147 2309 3204 Clamabitea
2335 3160 2457 3215 qua:
2494 3152 2623 3201 sunt
2643 3142 2789 3209 Filii,
2828 3157 2925 3212 per
2958 3155 3080 3212 qua:
3132 3139 3295 3193 Pater
3327 3152 3545 3208 quoque

304 3227 509 3299 βοήσει,
535 3229 603 3282 δι’
625 3222 699 3285 ὧν
720 3235 814 3288 καὶ
834 3232 861 3284 6
882 3224 1069 3304 Πατὴρ
1088 3232 1374 3302 ἐδοξάσθη.
1391 3231 1490 3298 Τίς
1513 3233 1620 3304 γὰρ
1642 3232 1867 3306 ἀφορμὴ

1971 3239 2299 3313 gioriﬁcatus
2327 3247 2432 3293 est.
2467 3235 2723 3303 Quantam
2743 3242 2823 3289 est
2854 3233 2996 3287 enim
3036 3230 3364 3285 laudationis
3386 3245 3543 3285 oeca-

303 3319 403 3388 τῆς
434 3319 752 3391 ὑμνήσεωςς
799 3321 861 3376 Ἢ
896 3321 991 3375 τοῦ
1032 3321 1165 3375 Υίοῦ
1206 3322 1437 3385 κένωσις
1467 3322 1564 3377 καὶ
1594 3322 1863 3392 πτωχεία,

1971 3334 2096 3390 sin?
2125 3331 2246 3388 Filii
2298 3327 2596 3386 exinanitio
2638 3336 2694 3382 et
2743 3333 3055 3396 paupertas,
3096 3323 3150 3376 i-n
3187 3336 3350 3374 carne
3380 3336 3565 3389 opt-rn-

303 3412 375 3466 τὰ
400 3411 486 3466 διὰ
508 3415 605 3483 τῆς
638 3416 839 3485 σαρκὸς
869 3415 1005 3485 ἔργα
1036 3417 1136 3469 καὶ
1159 3415 1311 3486 πάθη
1331 3429 1346 3444 ⁹
1378 3413 1553 3469 ταῦτα
1586 3415 1695 3486 γάρ
1719 3414 1867 3479 ἕλεος

1971 3436 2027 3481 et
2055 3426 2369 3495 passiones;
2401 3435 2466 3477 ea
2490 3419 2635 3475 enim
2666 3427 2820 3474 vocat
2868 3414 3295 3470 misericordiam
3352 3420 3407 3466 et
3453 3425 3546 3463 ve-

307 3504 405 3560 καὶ
459 3505 703 3577 ἀλήθεια.
742 3506 932 3570 Ἔλεος
983 3506 1106 3576 μὲν,
1154 3507 1238 3561 ὅτι
1291 3506 1511 3563 πάντων
1560 3505 1871 3561 ἀθλιώτατα

1973 3516 2212 3572 ritatem.
2244 3510 2675 3569 Misericordiam
2705 3507 2947 3578 quidem,
2982 3507 3123 3572 quod
3169 3505 3407 3558 omnium
3440 3503 3546 3555 mi-

308 3594 703 3664 διακειμένους,
755 3598 881 3667 καὶ,
908 3597 1137 3669 ἐχθροὺς
1186 3599 1371 3668 ὄντας,
1425 3602 1521 3656 καὶ
1576 3599 1871 3669 πολεμίους

1973 3609 2200 3665 serrime
2231 3606 2475 3668 aﬂ‘ectos,
2510 3617 2633 3658 eum
2664 3601 2785 3671 ejus
2832 3613 3079 3653 essemus
3110 3596 3315 3650 inimici
3353 3603 3405 3650 et
3443 3597 3544 3647 bo-

314 3688 479 3758 αὐτῷ,
508 3689 598 3741 διὰ
646 3689 848 3760 πολλὴν
878 3694 1248 3764 χρηστότητα,
1289 3694 1384 3746 καὶ
1440 3690 1871 3761 φιλανθρωπίαν,

1973 3708 2109 3760 stes.
2141 3707 2365 3768 propter
2396 3695 2616 3748 multam
2648 3706 2798 3747 suam
2821 3691 3201 3760 benignitatem
3232 3698 3283 3742 ct
3314 3689 3550 3742 clemen-

322 3780 379 3831 οὐ
405 3782 656 3850 περιεῖδε,
693 3783 788 3835 καὶ
808 3781 871 3837 ού
908 3786 1217 3856 σννήλγησε
1253 3785 1417 3856 μόνον
1448 3784 1552 3853 τῆς
1583 3784 1871 3853 συμφορᾶς

1979 3793 2109 3847 tiam
2152 3805 2256 3845 non
2293 3786 2571 3857 despexit:
2598 3794 2652 3841 et
2677 3799 2786 3839 non
2829 3783 3001 3837 solum
3034 3792 3232 3836 nostra:
3271 3781 3548 3835 calamita-

320 3880 465 3948 ἡμῖν,
500 3880 639 3933 ἀλλά
664 3880 758 3936 καὶ
792 3880 973 3935 αὐτῶν
1003 3882 1335 3950 ἐκοινώνησε
1360 3879 1469 3934 τῶν
1495 3880 1709 3945 κακῶν,
1742 3881 1871 3948 φθο-

1979 3884 2048 3939 tis
2077 3883 2328 3937 misertus
2366 3887 2469 3944 est,
2495 3876 2589 3933 sed
2655 3877 2891 3945 ipsorum
2919 3873 3080 3928 etiam
3136 3872 3397 3925 mulorum
3447 3870 3548 3924 fuit

316 3978 414 4046 ρᾶς
458 3975 552 4031 καὶ
590 3976 844 4044 θανᾶτου,
876 3977 969 4030 καὶ
1003 3976 1128 4030 οὐδὲ
1173 3975 1439 4045 ἀνέστησε
1470 3960 1631 4045 μόνον
1667 3974 1876 4029 ἐκείνου

310 4068 405 4122 τοῦ
450 4069 685 4139 χαλεποῦ
735 4067 1055 4137 πτώματος,
1094 4067 1233 4122 ἀλλά
1282 4067 1380 4122 καὶ
1436 4067 1736 4138 βασιλείας,
1784 4067 1879 4119 καὶ

310 4158 422 4211 τῶν
458 4159 729 4228 μεγίστων
756 4157 988 4226 ἠξίωσεν
1014 4157 1257 4225 ἀγαθῶν.
1276 4157 1377 4211 Διά
1407 4157 1570 4212 τοῦτο
1596 4158 1690 4211 καὶ
1735 4157 1882 4210 Παῦ-

308 4250 403 4312 λος
425 4267 437 4279 ·
478 4268 496 4300 ι
543 4250 694 4314 Ὅτε,
731 4251 895 4319 φησὶν
921 4251 956 4320 ἡ
978 4250 1284 4320 χρηστότης
1316 4250 1413 4303 καὶ
1437 4251 1471 4320 ή
1502 4247 1882 4319 φιλανθρωπία

309 4340 564 4412 ἐπεφάνη
598 4340 691 4394 τοῦ
722 4341 977 4412 Σωτῆρος
1006 4341 1167 4411 ἡμῶν
1200 4341 1360 4407 Θεοῦ,
1401 4361 1420 4394 ι
1457 4341 1534 4405 ὡς
1574 4340 1883 4415 τηνικαῦτα
1922 4332 1934 4341 ’

310 4431 536 4499 πρῶτον
568 4430 976 4501 φανερωθείσης
1004 4432 1104 4501 ὅση
1151 4431 1235 4495 τίς
1264 4435 1402 4487 ἐστι.
1434 4433 1547 4487 Καὶ
1577 4433 1606 4485 6
1636 4433 1838 4501 Κύριος
1865 4447 1880 4463 ο

316 4543 338 4574 ι
362 4524 549 4585 Οὕτως
581 4523 869 4593 ἠγάπησεν
895 4524 924 4576 6
951 4522 1080 4584 Θεὸς
1101 4524 1193 4575 τὸν
1213 4522 1418 4593 κόσμον
1436 4539 1483 4575 ’1
1516 4522 1616 4593 τὴν
1652 4522 1888 4592 ὑπερϐο-

312 4616 415 4686 λὴν
447 4615 545 4685 τῆς
574 4616 789 4685 ἀγάπης
816 4616 1092 4685 ικφαίνων
1121 4615 1200 4685 τῷ
1231 4616 1440 4685 ῥήματι
1466 4615 1661 4685 τούτῳ.
1696 4616 1885 4680 Ἔλεος

314 4708 423 4775 μὲν
452 4705 656 4757 τούτων
685 4705 871 4771 ἕνεκα,
905 4705 1004 4775 τὴν
1047 4705 1362 4773 οἰκονομίαν
1396 4703 1589 4756 καλεῖ·
1622 4703 1884 4775 ἀλήθειαν

312 4798 373 4852 δὲ
407 4799 492 4852 ὅτι
531 4799 778 4867 καθάπερ
809 4798 960 4850 σκιαὶ
995 4796 1091 4850 καὶ
1115 4796 1281 4871 τύποι
1320 4796 1458 4866 πρὸς
1488 4796 1662 4867 αὐτὴν
1684 4796 1752 4850 τά
1774 4814 1885 4851 πα-

313 4890 449 4943 λαιά
477 4891 651 4944 πάντα
682 4889 888 4959 ἐώρων.
920 4889 1020 4942 Διά
1052 4888 1215 4943 τοῦτο
1242 4890 1371 4960 περὶ
1415 4889 1587 4959 αὐτῆς
1611 4891 1640 4943 6
1669 4890 1885 4961 προφή-

310 4999 420 5049 της
444 4980 639 5048 λέγων,
670 5002 688 5032 ι
731 4981 939 5051 Ὠμοσε
970 4980 1197 5052 Κύριος,
1252 4981 1409 5049 φησὶ,
1446 4980 1526 5051 τῷ
1555 4980 1720 5033 Δασὶδ
1756 4981 1886 5052 ἁλή-

310 5071 490 5131 Οξιεν.
522 5090 545 5126 ι
574 5071 707 5127 Τίνα
725 5070 782 5124 δὲ
813 5073 883 5125 τά
904 5070 1327 5142 ώμωμοσμένα;
1367 5071 1429 5124 Ὶι
1448 5071 1541 5125 τοῦ
1568 5072 1774 5141 Κυρίου
1799 5072 1888 5125 διὰ

310 5166 526 5235 σαρκὸς
554 5164 840 5236 ἐπιδημία,
866 5164 958 5218 καὶ
981 5162 1247 5218 πολιτεία.
1282 5181 1303 5215 ι
1332 5161 1438 5216 ,Ἐκ
1456 5162 1695 5235 καρποῦ,
1728 5165 1887 5232 φησὶ,

308 5255 425 5323 τῆς
454 5253 669 5316 κοιλίας
712 5269 805 5307 σου
839 5252 1079 5323 θήσομαι
1107 5254 1197 5307 ἐπὶ
1234 5251 1331 5306 τοῦ
1358 5252 1551 5321 θρόνου
1580 5269 1699 5316 σου,
1741 5270 1760 5303 ι
1798 5253 1897 5307 αὖ·

306 5348 413 5399 τὸν
440 5344 618 5411 δηλῶν
649 5344 743 5397 τὸν
784 5344 1036 5414 Σωτῆρα.
1087 5343 1196 5399 Καὶ
1235 5342 1399 5397 πόθεν
1444 5343 1642 5412 δῆλονς
1690 5343 1747 5396 '0
1782 5344 1890 5395 Γα-

310 5439 488 5509 ϐριὴλ
517 5436 758 5503 ἐδίδαξεν
782 5438 843 5490 ὲν
871 5429 953 5499 οἷς
985 5437 1078 5489 τὸν
1111 5435 1428 5507 ἀπόρρητον
1462 5436 1624 5488 τόκον
1648 5438 1715 5506 τῇ
1745 5436 1896 5505 Παρ-

308 5531 461 5600 θένῳ
502 5526 749 5598 μηνύων,
797 5527 891 5579 καὶ
937 5528 1029 5579 τὸν
1074 5525 1477 5596 τεχθησόμενον
1507 5526 1695 5596 ἡλίκος
1741 5524 1898 5579 ἔσται

306 5621 615 5681 διδάσκων,
665 5637 684 5670 ι
722 5617 896 5670 Δώσει
932 5616 1103 5687 αὐτῷ,
1133 5618 1291 5685 φησὶ,
1336 5618 1539 5687 Κύριος
1575 5618 1603 5670 6
1642 5614 1775 5681 Θεὸς
1808 5617 1897 5669 τὸν

311 5713 514 5782 θρόνον
543 5709 712 5763 Δαϐὶδ
734 5709 830 5761 τοῦ
872 5708 1080 5780 πατρὸς
1117 5707 1309 5771 αὐτοῦ,
1340 5709 1434 5762 καὶ
1467 5707 1780 5777 βασιλεύσει
1805 5706 1899 5759 ἐπὶ

308 5808 415 5856 τον
453 5799 610 5856 οἷκον
645 5798 838 5853 ’ἰακὼὸ
865 5801 945 5862 είς
967 5801 1095 5862 τοὺς
1121 5799 1352 5864 αίῶνας,
1377 5800 1469 5852 καὶ
1494 5799 1595 5868 τῆς
1618 5797 1900 5869 βασιλείας

317 5894 497 5947 αὐτοῦ
527 5893 630 5945 οὐκ
663 5890 819 5944 ἔσται
847 5891 1021 5953 τέλος,
1069 5910 1087 5942 ι
1136 5890 1276 5944 Ἀλλ’
1312 5891 1450 5963 αὐτὴ
1492 5892 1523 5962 ἡ
1552 5889 1778 5961 ἀλήθεια
1810 5888 1903 5943 καὶ

1978 3977 2158 4032 socius
2187 3981 2242 4027 et
2267 3971 2561 4041 particeps,
2601 3967 2852 4021 interitus
2882 3975 2937 4019 et
2994 3964 3217 4027 nmrtis;
3250 3972 3301 4015 et
3330 3978 3432 4016 non
3457 3977 3550 4015 sn-

1982 4068 2089 4122 lnm
2112 4079 2211 4119 nos
2242 4064 2420 4116 erexit
2471 4076 2499 4112 a
2530 4058 2679 4130 gravi
2706 4057 2799 4110 illo
2838 4070 2992 4120 casu,
3027 4055 3119 4107 sed
3178 4066 3342 4121 regno
3387 4051 3553 4105 etiam

1979 4169 2035 4214 et
2066 4154 2317 4210 maximis
2363 4152 2522 4207 bonis
2569 4150 2820 4219 dignatus
2872 4154 2976 4201 est.
3038 4144 3299 4211 Quocirca
3359 4142 3556 4197 Paulus

1981 4263 2216 4322 quoque,
2250 4245 2544 4314 «Quando,
2579 4242 2775 4313 inquit,
2842 4239 3147 4309 benignitas
3190 4245 3246 4293 et
3302 4239 3557 4292 humani-

1985 4355 2068 4399 tas
2101 4340 2351 4412 apparuit
2406 4335 2711 4393 Servatoris
2757 4333 2923 4386 nostri
2956 4331 3074 4397 Dei,
3110 4349 3129 4382 ι
3165 4338 3224 4384 ut
3279 4345 3400 4400 qua:
3432 4341 3559 4383 tunc

1986 4436 2219 4505 primum
2251 4440 2468 4487 ostensa
2519 4437 2576 4482 et
2606 4426 3069 4506 manifestataest
3117 4432 3319 4490 quanta
3344 4424 3434 4476 sit.
3497 4422 3561 4476 Et

1988 4525 2248 4579 Dominus
2271 4541 2283 4578 :
2306 4539 2331 4570 ι-
2356 4520 2449 4575 Sic
2469 4519 2610 4573 Deus
2624 4517 2813 4572 dilexit
2837 4515 3121 4575 mundum,
3148 4531 3169 4564 ι
3191 4513 3456 4581 insignem
3483 4513 3559 4565 di-

1988 4617 2275 4673 lectionem
2312 4615 2414 4667 hoc
2435 4610 2603 4666 verbo
2634 4607 2947 4663 ostendens.
2982 4603 3403 4659 Misericordiam
3427 4616 3561 4671 ergo

1916 4710 2075 4795 Ditis
2107 4708 2173 4763 de
2196 4705 2379 4761 causis
2400 4710 2557 4757 vocat
2621 4707 2886 4763 susceptae
2939 4694 3120 4749 carnis
3175 4691 3557 4746 (econominm.

1991 4799 2287 4854 Veritatem
2313 4802 2518 4856 autem,
2545 4791 2669 4860 quia
2701 4787 2848 4841 velut
2877 4785 3084 4840 umbra:
3115 4791 3171 4838 et
3237 4783 3421 4853 ﬁgura:
3473 4797 3566 4836 ve-

1996 4900 2112 4946 tera
2132 4887 2312 4943 omnia
2336 4884 2403 4938 ad
2433 4897 2553 4938 eam
2614 4877 2996 4948 respiciebant.
3033 4874 3323 4944 Propterea
3378 4874 3445 4928 de
3497 4887 3567 4928 ea-

1995 4981 2222 5048 loqueus
2251 4974 2513 5045 prepbeta
2539 4993 2552 5024 :
2589 4990 2609 5022 ι
2643 4967 2873 5031 Juravit,
2892 4965 3087 5036 inquit,
3116 4964 3375 5020 Dominus
3396 4962 3562 5017 David

1992 5070 2331 5126 veritatem.»
2360 5065 2490 5131 Quae
2508 5070 2638 5119 sunt
2658 5060 2800 5116 enim
2824 5074 2944 5129 qua:
2961 5060 3145 5129 jurata
3165 5058 3326 5113 sunt?
3356 5054 3565 5109 Domini

1996 5177 2093 5232 per
2121 5172 2341 5214 carnem
2395 5152 2774 5225 peregrinatio,
2834 5161 2890 5206 et
2910 5160 3056 5206 recta
3110 5151 3231 5205 vite
3275 5149 3565 5207 Institutio.

2008 5252 2117 5306 «De
2149 5250 2349 5312 fructu,
2379 5245 2572 5315 inquit,
2605 5242 2811 5299 ventris
2867 5244 2943 5298 tui
2973 5258 3166 5312 ponam
3195 5258 3358 5309 super
3382 5244 3564 5296 sedem

1995 5351 2200 5405 tuam,»
2236 5340 2410 5411 ipsum
2441 5335 2786 5392 Servatorem
2843 5334 3132 5403 signiﬁcat.
3187 5331 3252 5384 Et
3298 5332 3565 5385 undcnam
3634 5366 3643 5395 τ

1996 5437 2100 5491 hoc
2130 5434 2258 5491 sciri
2282 5430 2502 5503 potest?
2527 5427 2748 5485 Gabriel
2774 5427 2954 5483 docuit
3007 5426 3059 5480 in
3079 5425 3146 5478 iis
3173 5424 3225 5477 in
3254 5421 3451 5489 quibus
3475 5436 3569 5476 ar-

1998 5541 2193 5584 canum
2216 5534 2436 5595 partum
2455 5520 2790 5593 signiﬁcans,
2835 5527 2890 5573 et
2911 5524 3144 5586 quantus
3176 5514 3248 5568 sit
3270 5515 3359 5581 qui
3394 5514 3573 5566 nasci-

2007 5629 2160 5672 turus
2188 5626 2273 5671 est
2301 5615 2525 5679 docens,
2558 5612 2747 5665 «Dabit
2797 5608 2869 5670 ei.
2892 5606 3085 5676 inquit,
3142 5604 3400 5656 Dominus
3432 5604 3575 5657 Deus

2007 5711 2187 5764 sedem
2219 5706 2384 5760 David
2414 5704 2581 5770 patris
2621 5700 2728 5765 sui,
2767 5708 2821 5753 et
2864 5695 3108 5766 regnabit
3165 5707 3325 5762 super
3352 5692 3572 5745 domum

2008 5797 2175 5853 Jacob
2198 5797 2253 5850 in
2291 5793 2509 5856 saecula,
2538 5801 2592 5846 ct
2624 5789 2772 5858 regni
2808 5787 2923 5856 ejus
2952 5799 3057 5839 non
3111 5782 3217 5836 erit
3251 5782 3394 5837 ﬁnis.
3436 5780 3579 5836 »τω

1993 5898 2107 5957 ipsa
2138 5867 2341 5941 veritas
2362 5891 2445 5940 cst
2501 5890 2555 5936 et
2618 5876 2876 5946 iudicium
2933 5885 2987 5931 et
3026 5872 3256 5943 justitia.
3322 5872 3573 5939 Quonam
