4030 6456
215 451 317 513 409

1408 451 1816 513 LITURGUE
1848 450 2291 513 EXPOSITIO.

3385 452 3489 514 410

217 566 400 633 λέγων.
436 564 675 636 Ἔστησε
711 567 777 636 τῇ
810 565 987 638 πλάνῃ
1019 565 1443 635 κλονουμὲνους,
1472 567 1650 635 ἑαυτῷ
1671 583 1798 619 συν-

1927 576 2239 620 namentum
2278 564 2436 619 [idem
2468 563 2676 619 dicens.
2707 562 2865 619 Stare
2893 562 3023 619 fecit
3047 577 3145 619 eos
3175 564 3265 633 qui
3299 579 3495 619 errore

221 658 367 727 ἔδησε
385 673 400 687 ⁸
433 657 679 720 τοιοῦτος
717 661 826 727 γὰρ
862 660 890 711 6
914 656 1290 729 πλανώμενος·
1319 657 1559 727 οὐδαμοῦ
1580 656 1807 710 δύναται

228 752 429 822 στῆναι.
478 751 541 802 '0
575 751 635 803 δὲ
663 751 891 820 Κύριος,
932 771 951 804 ι
1006 752 1393 821 πορευθέντες,
1433 752 1589 821 φησὶ,
1627 751 1806 819 μαθη-

233 846 448 899 τεύσατε
478 844 658 899 πάντα
692 847 763 898 τὰ
808 846 959 914 ἔθνη,
992 845 1353 915 βαπτίζοντες
1385 844 1588 906 αὐτοὺς
1634 845 1713 906 εἰς
1748 844 1806 896 τδ

232 939 386 1007 ὄνομα
440 938 534 991 τοῦ
588 940 803 1008 Πατρδς
853 942 949 994 xui
1003 939 1098 992 τοῦ
1140 939 1297 1000 Υἱοῦ,
1352 939 1445 991 καὶ
1504 937 1599 990 τοῦ
1642 936 1803 1005 ἁγίου

234 1032 580 1099 Πνεόματος·
620 1051 637 1081 ι
674 1034 812 1103 ὅπερ
866 1033 1016 1085 ἐστὶν
1070 1034 1102 1103 ἡ
1159 1031 1485 1085 διδασκαλία
1541 1032 1639 1098 τῆς
1707 1032 1805 1082 πὶ-

230 1140 413 1185 στεως.
473 1123 615 1177 Ἀλλ’
646 1124 747 1177 οὐκ
794 1125 961 1195 ἀρκεῖ
994 1124 1155 1177 τοῦτο
1182 1123 1318 1193 πρὸς
1362 1123 1462 1192 τὴν
1500 1122 1803 1191 βασιλείαν,

224 1218 254 1285 ἡ
289 1214 471 1277 πίστις
498 1231 511 1246 ·
565 1215 683 1268 οὐδὲ
716 1216 1042 1283 ὑποτάγειεν
1075 1214 1141 1268 ἂν
1182 1215 1405 1275 τελείως
1431 1216 1499 1266 τὰ
1547 1212 1675 1280 ἔθνη
1711 1212 1804 1265 τὸν

227 1304 423 1373 τρόπον
452 1302 641 1358 τοῦτον
677 1342 693 1360 .
729 1304 829 1357 Διὰ
854 1304 1014 1358 τοῦτο
1048 1306 1144 1357 καὶ
1174 1304 1272 1375 τὴν
1306 1304 1557 1374 φυλακὴν
1586 1303 1697 1355 τῶν
1720 1306 1806 1354 ὲν-

228 1396 393 1449 τολῶν
455 1396 772 1464 προσθεῖναι
820 1396 1059 1464 δεῆσαν,
1092 1400 1120 1449 6
1172 1398 1272 1464 μὲν
1311 1397 1620 1467 προφήτης,
1665 1414 1683 1447 t
1722 1397 1804 1449 Τὰ

232 1486 507 1556 μαρτύριὰ
541 1505 656 1551 σου,
692 1490 883 1559 φησιν,
912 1488 1301 1558 ἐπιστώθησαν
1334 1489 1540 1557 σφόδρα
1572 1506 1585 1520 ι
1631 1507 1648 1539 ι
1687 1490 1715 1541 6
1743 1489 1802 1542 δὲ

230 1577 429 1645 Κύριος
454 1578 528 1645 τῷ
558 1579 684 1647 περὶ
709 1579 804 1630 τοῦ
843 1577 1216 1647 βαπτίσματος
1239 1577 1400 1646 λόγῳ,
1432 1576 1543 1629 τῶν
1573 1576 1804 1629 ἐντολῶν

228 1669 316 1721 τὸν
350 1669 510 1737 λόγον
539 1669 887 1740 προστίθησι,
919 1670 1116 1737 λέγων,
1157 1688 1175 1720 t
1214 1669 1570 1734 Διδάσκοντες
1602 1670 1803 1735 αὐτοὺς

231 1762 415 1831 τηρεῖν
440 1764 616 1815 πάντα
646 1762 749 1815 ὅσα
786 1762 1144 1833 ἐνετειλάμην
1170 1763 1322 1832 ὑμῖν.
1362 1781 1382 1814 ι
1420 1764 1603 1834 Ἀπερ
1634 1765 1743 1833 γὰρ
1774 1767 1803 1817 6

230 1851 419 1921 Σωτὴρ
475 1851 713 1919 ἐντολὰς,
757 1855 785 1907 6
832 1855 1127 1925 Προφήτης
1159 1854 1439 1925 μαρτύριά
1497 1874 1654 1927 φησι.
1692 1858 1802 1910 Καὶ

1911 657 2425 719 commovebantur,
2457 666 2509 709 et
2541 656 2645 711 sibi
2676 655 2979 726 colligavit.
3030 655 3179 710 Talis
3225 666 3310 712 est
3348 659 3497 711 enim

1910 751 2004 817 qui
2056 758 2208 804 errat
2238 765 2253 802 :
2282 749 2509 803 minime
2540 758 2691 803 atare
2737 756 2938 817 potest.
2982 747 3247 802 Dominus
3282 758 3491 813 autem,

1916 861 1939 895 ι
1972 842 2203 906 Euntes,
2238 841 2435 909 inquit,
2470 841 2666 895 docete
2702 855 2895 895 omnes
2916 850 3128 909 gentes,
3152 841 3497 907 baptizantes

1908 934 2059 1003 ipsos
2092 934 2145 988 iu
2187 934 2407 988 nomine
2430 932 2611 987 Patris
2632 945 2686 987 et
2720 931 2841 986 Filii
2872 942 2926 986 et
2944 933 3185 1002 Spiritus
3218 933 3390 987 sancti
3420 946 3437 998 ς
3472 952 3495 985 ι

1908 1027 2053 1096 quod
2117 1034 2201 1082 est
2250 1026 2496 1080 doctrina
2536 1026 2682 1080 ﬁdei.
2719 1025 2823 1080 Sed
2878 1040 2984 1079 non
3038 1023 3241 1080 suﬁicit
3279 1027 3381 1080 hoc
3420 1027 3489 1080 ad

1908 1134 2160 1189 regnum,
2220 1117 2394 1185 ﬁdes;
2453 1132 2634 1186 neque
2697 1114 2940 1187 perfecte
2990 1117 3499 1195 subjeette'fuerint

1907 1223 2100 1284 gentes
2133 1213 2237 1267 hoc
2272 1212 2456 1266 modo.
2510 1210 2812 1280 Propterea
2855 1224 2978 1264 cum
3009 1225 3075 1265 eo
3127 1213 3292 1265 etiam
3349 1226 3501 1263 man-

1907 1308 2162 1362 datorum
2212 1304 2654 1360 observationem
2710 1312 2990 1372 oporteret
3045 1303 3305 1372 adjicere.
3361 1302 3503 1356 Pro-
3586 1325 3589 1329 >

1908 1402 2068 1470 pheta
2125 1400 2368 1468 quidem,
2416 1397 2806 1458 «Testimonia,
2843 1395 3041 1464 inquit,
3081 1404 3168 1450 tua
3216 1395 3502 1450 credibilia

1906 1492 2049 1549 facta
2080 1504 2205 1547 sunt
2230 1493 2386 1545 valde
2418 1508 2433 1558 ;
2470 1510 2488 1542 ι
2519 1490 2781 1544 Dominus
2811 1496 2992 1543 autem
3023 1491 3071 1542 ei
3100 1487 3242 1557 quod
3278 1487 3341 1540 de
3368 1486 3503 1556 bap-

1910 1586 2070 1639 tismo
2104 1583 2262 1643 dixit,
2294 1582 2360 1636 de
2389 1581 2659 1635 mandatis
2689 1594 2907 1649 quoque
2932 1592 3238 1633 sermonem
3280 1578 3507 1647 adjecit,

1906 1680 2094 1732 dicens
2128 1695 2141 1731 :
2180 1676 2483 1731 «Docentes
2515 1689 2611 1729 eos
2641 1688 2867 1728 servare
2887 1688 3229 1741 quaecunque
3252 1672 3503 1725 mandavi

1909 1770 2088 1825 vobis.
2107 1788 2124 1821 ι
2154 1768 2285 1835 Quae
2304 1768 2446 1820 enim
2477 1765 2735 1819 Servalor
2759 1765 3030 1828 mandata,
3054 1760 3322 1831 Pr0pheta
3350 1771 3507 1816 voc:lt

1912 1864 2253 1918 testimonia.
2287 1858 2353 1913 Et
2386 1859 2499 1914 hzce
2531 1858 2734 1926 ubique
2779 1858 2832 1910 in
2902 1856 3189 1923 Scriptura
3241 1855 3502 1919 invenies,

229 1944 387 2008 τοῦτο
437 1946 716 2016 πανταχοῦ
767 1948 868 2017 τῆς
919 1949 1145 2017 Γραφῆς
1194 1949 1476 2033 εὑρήσεις,
1526 1950 1809 2021 μαρτύρια

1927 1952 2233 2008 lestimonia
2278 1949 2368 2003 Dei
2389 1949 2535 2017 leges
2558 1947 2881 2017 appellante.
2904 1946 3034 2000 Pest
3061 1946 3199 2011 haec,
3226 1963 3245 1997 ι
3279 1944 3505 1999 Domum

232 2038 355 2101 τοὺς
387 2037 480 2090 τοῦ
516 2037 650 2091 Θεοῦ
686 2038 881 2107 νόμους
906 2041 1200 2109 καλούσης.
1237 2042 1393 2094 Μετὰ
1419 2041 1624 2094 ταῦτα’
1662 2060 1680 2094 ι
1720 2042 1810 2112 Τῷ

234 2128 364 2198 οἴκῳ
390 2146 484 2181 σου
514 2129 715 2199 πρέπει
748 2130 1014 2199 ἁγίασμα,
1048 2131 1220 2200 Κύριε
1247 2148 1262 2164 ·
1301 2150 1320 2183 ι
1358 2132 1607 2201 ἁγίασμα
1636 2132 1812 2201 λέγων

236 2220 334 2283 τὰς
373 2220 599 2282 θυσίας·
624 2221 695 2273 τὰ
741 2221 913 2291 δῶρα,
952 2224 1137 2275 πᾶσαν
1166 2222 1421 2293 λατρείαν
1467 2222 1567 2293 τὴν
1602 2224 1815 2293 ὀφειλο-

241 2315 408 2384 μένην
434 2312 591 2382 Θεῷο
632 2313 668 2367 ἃ
707 2313 942 2383 πρέπειν
992 2314 1070 2384 τῷ
1096 2315 1233 2384 οἴκῳ
1261 2315 1355 2367 τοῦ
1396 2316 1532 2368 Θεοῦ
1563 2316 1810 2383 φάσκων,

238 2406 477 2458 δείκυσιν
511 2405 571 2457 οὐ
619 2405 775 2459 κενὸν
807 2405 936 2457 ὄντα
972 2406 1064 2458 τὸν
1107 2403 1258 2458 οἷκον
1312 2407 1524 2471 τοῦτον,
1565 2407 1689 2461 οὐδὲ
1718 2407 1811 2460 τοῦ

238 2500 371 2552 Θεοῦ
398 2500 605 2570 ἔρημον
629 2515 646 2531 '
679 2500 796 2552 ἀλλ’
828 2499 989 2553 αὐτὸν
1017 2503 1074 2553 ἐν
1105 2500 1287 2569 ἑαυτῷ
1321 2500 1514 2570 ἔχοντα
1545 2502 1637 2553 τὸν
1668 2502 1814 2553 οικο-

239 2592 525 2659 δεσπότην.
560 2593 621 2645 Ei
669 2592 780 2662 γὰρ
811 2591 967 2654 κενὸς
996 2587 1065 2662 ἦν
1099 2591 1193 2643 τοῦ
1222 2591 1382 2658 Θεοῦ,
1411 2593 1511 2646 οὐκ
1544 2594 1611 2645 ἂν
1652 2593 1817 2662 Enpe-

243 2702 343 2737 πεν
372 2683 524 2754 αὑτῷ
558 2683 627 2736 τὰ
657 2684 737 2755 τῷ
771 2683 889 2753 Θεῷ
934 2683 1218 2752 πρέποντα
1253 2684 1400 2754 μόνῳ
1423 2699 1439 2713 ⁶
1477 2682 1637 2737 τοῦτο
1666 2685 1760 2738 καὶ
1789 2686 1817 2738 ὁ

243 2774 445 2844 Κύριος
474 2777 587 2837 τοῖς
614 2775 930 2846 εἰρημένοις
980 2775 1358 2845 προσέθηκενο
1402 2776 1816 2846 ἐπαγγειλάμε-

242 2884 330 2930 νος
359 2867 576 2921 ἔσεσθαι
611 2867 751 2937 μετὰ
791 2866 891 2935 τῆς
933 2867 1265 2937 Ἐκκλησίας
1303 2866 1412 2922 ἀεί.
1456 2868 1571 2939 Τὴν
1604 2868 1661 2922 δὲ
1705 2869 1821 2922 Ἐκ·

242 2958 474 3028 κλησῑαν
521 2956 669 3013 οἶκον
715 2958 853 3012 Θεοῦ
896 2958 1100 3024 ζῶντος
1130 2959 1159 3010 ὁ
1207 2957 1420 3022 Παῦλος
1472 2959 1649 3015 καλεῖ.
1680 2958 1820 3029 Φησὶ

241 3052 373 3123 γὰρ,
413 3069 435 3104 ι
481 3052 599 3107 ἰνα
632 3051 777 3121 γνῷς
821 3052 968 3115 ὅπως
1005 3051 1084 3107 δεῖ
1113 3052 1171 3104 ὲν
1210 3051 1343 3119 οἴκῳ
1367 3050 1507 3104 Θεοῦ
1558 3052 1823 3121 ἀναστρέ-

241 3145 443 3216 φεσθαι
466 3161 481 3177 ·
508 3147 630 3216 ἥτις
660 3145 809 3197 ἐστὶν
844 3143 1142 3213 Ἐκκλησία
1166 3143 1549 3207 Θεοῦ³ζῶντοςο
1585 3163 1604 3196 ι
1642 3163 1660 3195 ι
1684 3144 1817 3197 Ἰδοὺ

1914 2056 2067 2101 tuam
2127 2045 2285 2100 decet
2338 2042 2694 2105 santilicatio,
2744 2041 3007 2104 Domine;
3061 2058 3080 2092 ι
3122 2038 3510 2094 sanctiﬁcatio-

1914 2154 2039 2195 nem
2066 2153 2266 2193 vocans
2298 2136 2590 2200 sacrillcia,
2647 2136 2816 2197 dona,
2876 2149 3096 2187 omnem
3157 2131 3365 2188 cultum
3411 2132 3506 2200 qui

1915 2229 2029 2285 Dco
2055 2232 2307 2285 debetur:
2343 2229 2436 2298 qui
2467 2229 2655 2283 dicens
2683 2229 2882 2282 decere
2915 2226 3140 2281 domum
3177 2223 3293 2284 Dei.
3325 2232 3513 2276 osten-

1915 2322 1997 2377 dit
2031 2338 2141 2376 non
2174 2336 2302 2376 esse
2330 2334 2559 2375 vacuam
2604 2319 2828 2373 domum
2870 2317 2965 2371 Dei
3002 2330 3179 2385 neque
3261 2314 3375 2369 Deo
3416 2315 3511 2368 de-

1917 2415 2191 2477 stitutam,
2228 2413 2324 2468 sed
2359 2413 2533 2482 ipsum
2570 2412 2622 2465 in
2653 2412 2833 2479 seipsa
2870 2410 3072 2464 habere
3102 2408 3301 2463 domus
3329 2405 3512 2459 Domi-

1922 2524 2079 2563 nmn.
2118 2507 2176 2562 Si
2207 2508 2351 2562 enim
2405 2522 2465 2560 ea
2511 2505 2621 2559 Deo
2664 2513 2813 2559 esset
2851 2486 3046 2566 va'cua,
3097 2516 3205 2555 non
3256 2500 3511 2555 decerent

1917 2615 2038 2655 eam
2081 2600 2170 2653 illa
2197 2614 2319 2667 qum
2336 2597 2437 2651 soli
2473 2597 2583 2649 Deo
2609 2594 2969 2650 conveniunt.
2997 2592 3112 2647 Hoc
3136 2599 3318 2645 autem
3344 2590 3508 2644 etiam

1923 2692 2183 2747 Dominus
2218 2691 2284 2746 iis
2320 2704 2442 2759 quae
2484 2690 2629 2743 dicta
2658 2696 2784 2742 sunt
2834 2686 3058 2755 adjecit,
3106 2683 3380 2754 pollicitus
3449 2698 3512 2736 se

1921 2800 2136 2855 semper
2170 2784 2418 2837 futurum
2466 2798 2591 2836 cum
2629 2781 2899 2835 Ecclesia.
2957 2779 3260 2834 Ecclesiam
3320 2787 3506 2831 autem

1920 2876 2145 2931 domum
2175 2874 2267 2929 Dei
2301 2875 2536 2928 viventis
2575 2883 2731 2927 vocat
2754 2871 2976 2925 Paulus.
3010 2871 3149 2924 Dicit
3180 2869 3365 2923 enim:
3410 2866 3514 2921 tUt

1920 2969 2063 3023 scias
2087 2967 2363 3036 quomodo
2385 2975 2603 3035 Oportet
2626 2965 2676 3018 in
2708 2963 2873 3017 domo
2898 2962 2990 3016 Dei
3018 2962 3253 3023 versari,
3277 2974 3397 3029 qua:
3431 2969 3517 3012 est

1922 3060 2169 3115 Ecclesia
2206 3060 2297 3113 Dei
2323 3058 2592 3123 viventis;
2617 3076 2634 3108 ›
2670 3073 2689 3107 ι
2720 3054 2865 3109 Ecce
2894 3070 2995 3124 ego
3012 3053 3294 3107 vobiscum
3320 3066 3438 3104 sum
3460 3066 3507 3113 ς»

1924 3162 1977 3205 et
2042 3152 2186 3220 quod
2240 3150 2353 3217 ille,
2411 3167 2429 3200 ι
2462 3147 2518 3202 lu
2570 3147 2965 3213 longitudinem
3001 3144 3237 3208 dierum,
3274 3162 3291 3194 ι
3346 3140 3511 3205 dixit,

242 3240 356 3309 ἐγὼ
384 3238 504 3310 μεθ’
527 3238 679 3309 ὑμῶν
708 3241 846 3309 εἰμι.
868 3257 888 3293 ι
921 3237 1032 3291 Καὶ
1051 3239 1186 3309 ὅπερ
1206 3238 1437 3304 ἐκεῖνος,
1475 3236 1570 3300 Εἰς
1602 3238 1816 3307 μακρό-

1928 3244 2189 3297 Dominus
2230 3241 2387 3307 dicit,
2442 3258 2464 3295 ι
2501 3238 2771 3295 ()mnibus
2818 3236 3033 3304 diebus,
3068 3250 3240 3303 usque
3272 3234 3336 3289 ad
3378 3248 3515 3287 con-

239 3349 384 3402 τητα
412 3331 632 3400 ἡμερῶν
656 3349 674 3383 ι
712 3326 887 3397 εἶπεν,
912 3331 940 3383 6
960 3329 1165 3400 Κύριος
1200 3347 1217 3381 ι
1254 3328 1444 3392 Πάσας
1459 3329 1559 3392 τὰς
1580 3330 1818 3399 ἡμέρας,

242 3427 433 3494 φησὶν,
455 3426 557 3489 ἕως
568 3425 667 3495 τῆς
680 3425 991 3487 συντελείας
1012 3422 1106 3477 τοῦ
1126 3423 1346 3486 αἰῶνος.
1380 3442 1399 3475 ι
1423 3425 1533 3477 Καὶ
1552 3422 1693 3493 αὕτη
1723 3425 1823 3493 μὲν

245 3516 536 3588 summa
554 3516 729 3579 οὕτως
748 3516 983 3589 ἀκριϐὴς
1004 3514 1311 3587 προφητεία
1327 3515 1468 3579 ἐστὶ,
1493 3514 1602 3567 τῶν
1619 3514 1705 3567 διὰ
1723 3515 1819 3568 τοῦ

248 3610 488 3682 σταυροῦ
518 3609 721 3665 καὶτοῦ
739 3610 971 3665 θανάτου
1001 3614 1078 3679 τῷ
1099 3609 1317 3678 Σωτῆρι
1341 3607 1819 3677 κατωρθωμένων.

831 3704 1083 3758 ΚΕΦΑΛ.
1127 3702 1229 3756 ιθν.

496 3798 825 3869 Ἐξήγησις
853 3796 961 3851 τοῦ
984 3797 1185 3865 τρίτου
1219 3791 1582 3863 ἀντιφώνου.

345 3892 405 3946 Ἦ
433 3892 487 3947 δὲ
524 3892 652 3964 ἑξῆς
680 3890 984 3961 ἀπάντησις
1014 3886 1155 3943 εἶναι
1178 3887 1329 3941 δοκεῖ
1355 3886 1430 3950 ὡς
1462 3886 1561 3957 ἤδη
1586 3882 1682 3937 τοῦ
1714 3884 1827 3936 Κυ-

254 3987 376 4058 pinu
432 3983 907 4056 παραγενομένου,
960 3983 1056 4036 καὶ
1106 3980 1475 4050 φαινομένου·
1532 3977 1621 4030 διὰ
1670 3973 1829 4030 τοῦτο

250 4084 392 4153 πρὸς
415 4082 481 4149 τῇ
512 4079 702 4148 εἰσόδῳ
732 4076 835 4153 τοῦ»
870 4074 1208 4143 Εὑαγγελίου
1254 4075 1350 4126 καὶ
1386 4071 1661 4138 ἀναδείξει
1693 4070 1828 4123 τάτ-

249 4191 408 4227 τεται
430 4173 522 4225 καὶ
547 4171 750 4242 ᾅδεται,
782 4169 849 4222 δι’
888 4161 949 4222 οὗ
974 4169 1001 4220 6
1034 4167 1269 4237 Χριστὸς
1312 4164 1666 4235 σημαίνεται.
1701 4163 1827 4216 Ὀτι

250 4268 309 4320 δὲ
346 4266 444 4335 τὴν
472 4263 563 4317 τοῦ
594 4261 832 4332 Χριστοῦ
858 4261 1183 4329 ἐπιφάνειαν
1206 4262 1232 4312 ὁ
1263 4259 1550 4330 προφήτης
1586 4255 1693 4326 πρὸ
1722 4255 1834 4309 τῶν

248 4359 554 4431 ὀφθαλμῶν
593 4356 692 4425 τῆς
722 4355 901 4425 ψυχῆς
931 4355 1070 4425 ἔχων
1095 4353 1297 4422 ταύτην
1343 4348 1442 4422 ᾖσε
1469 4350 1568 4422 τὴν
1601 4350 1834 4420 ψαλμῳ-

249 4454 397 4514 δίαν,
433 4450 709 4503 δείκνυται
742 4449 975 4519 μάλιστα
1022 4446 1120 4516 μὲν
1154 4445 1262 4498 ἀπὸ
1290 4446 1387 4514 τῆς
1420 4442 1507 4496 ἐπ’
1540 4443 1689 4511 αὐτῷ
1736 4459 1835 4511 χα-

254 4549 358 4616 ρᾶς
390 4546 483 4598 καὶ
522 4542 861 4613 εὐφροσύνης
887 4556 900 4573 ’
929 4536 997 4611 ἦς
1041 4539 1202 4602 αὑτός
1231 4554 1289 4591 τε
1342 4536 1592 4605 φαίνεται
1622 4536 1831 4603 γέμων,

1930 3332 2352 3389 summationem
2391 3331 2602 3386 saeculi.
2644 3350 2662 3383 ι
2690 3331 2757 3385 Et
2789 3330 2903 3384 bare
2946 3330 3163 3397 quidem
3210 3325 3517 3396 psalmodia

1931 3435 2017 3480 est
2041 3424 2178 3478 adeo
2205 3432 2398 3477 exacta
2432 3422 2719 3493 prophetia
2758 3436 2948 3477 eorum
2988 3434 3110 3490 qua:
3168 3433 3263 3486 per
3292 3431 3515 3471 erucem

1928 3526 1983 3572 et
2013 3528 2244 3572 mentem
2278 3533 2307 3571 a
2360 3516 2651 3571 Servatore
2676 3524 2825 3583 gesta
2858 3522 3006 3569 sunt.

2556 3694 2710 3751 CAP.
2766 3692 2909 3747 XIX.

2250 3789 2624 3859 Interpretatio
2667 3787 2839 3841 tertia:
2877 3784 3199 3853 antipliomv.

2002 3882 2134 3948 Qua:
2167 3890 2349 3937 autem
2382 3880 2651 3949 sequitur,
2689 3877 2904 3931 videtur
2933 3891 3056 3930 esse
3080 3875 3297 3944 quidam
3327 3886 3520 3928 occur-

1929 3990 2065 4040 sus,.
2085 3983 2339 4042 tauquam
2382 3970 2609 4024 Domino
2632 3970 2742 4039 jam
2772 3966 3079 4021 accedente
3107 3976 3156 4018 et
3188 3970 3521 4033 apparente;

1930 4074 1984 4119 et
2020 4064 2144 4118 ideo
2181 4063 2232 4116 in
2287 4062 2541 4131 ingressu
2591 4057 2874 4126 Evangelii
2906 4065 2961 4111 et
2997 4055 3316 4111 ostensione
3358 4053 3519 4122 poni-

1939 4169 2028 4212 tur
2052 4166 2105 4212 et
2125 4156 2363 4219 canitur,
2396 4169 2494 4224 per
2518 4168 2679 4220 quam
2704 4150 2956 4205 Christus
2981 4147 3340 4217 significatur.
3365 4142 3523 4210 Quod

1938 4260 2121 4306 autem
2178 4248 2381 4304 Christi
2437 4245 2841 4316 apparitionem
2905 4249 3031 4295 autc
3078 4240 3269 4293 oeulos
3322 4238 3525 4291 anima:

1940 4342 2147 4398 habens
2181 4338 2480 4409 Propheta,
2524 4339 2663 4392 hanc
2715 4335 2919 4391 cecinit
2955 4332 3351 4402 psalmodiam,
3407 4344 3524 4381 ma-

1938 4438 2085 4491 xime
2115 4436 2334 4505 quidem
2373 4434 2683 4488 ostenditur
2712 4446 2777 4485 ex
2831 4428 3031 4499 gaudio
3066 4435 3122 4480 et
3171 4423 3381 4487 Iaztitia,
3415 4435 3523 4488 qua

1935 4545 1998 4584 ea
2034 4533 2099 4583 de
2122 4542 2283 4582 causa
2343 4527 2459 4595 ipse
2515 4524 2707 4594 plenus
2756 4521 2996 4582 videtur,
3056 4525 3110 4569 et
3149 4516 3284 4569 alios
3333 4525 3525 4565 omnes

251 4642 351 4693 καὶ
409 4640 532 4699 τοὺς
583 4636 777 4696 ἄλλους
824 4634 1073 4694 ἅπαντας
1130 4631 1210 4691 εἰς
1273 4629 1565 4681 κοινωνίαν
1626 4627 1817 4679 καλεῑο

1932 4631 2085 4675 vocat
2117 4620 2181 4674 ad
2211 4619 2524 4673 societatem
2553 4631 2567 4668 :
2603 4613 2847 4676 «Venite,
2876 4609 3215 4664 exsultemus
3239 4605 3521 4656 Domino.»

258 4752 276 4784 ι
306 4728 496 4793 Δεῦτε,
522 4722 1072 4794 ἀγαλλιασὼμεθατῷ
1088 4720 1278 4792 Κυρίῳ
1301 4738 1313 4751 ·
1350 4740 1367 4772 ι
1398 4720 1456 4771 οὐ
1484 4718 1591 4788 γὰρ
1620 4713 1687 4787 ἦν
1714 4715 1836 4786 χαί-

254 4842 377 4895 ρειν
410 4822 698 4890 ἄνθρωπον
751 4818 824 4888 μὴ
857 4816 954 4869 τοῦ
997 4814 1202 4886 Κυρίου
1253 4812 1721 4882 ἐπιδημήσαντος,
1751 4809 1834 4860 ὅτι

250 4916 354 4986 τὴν
376 4913 551 4985 χαρὰν
586 4914 719 4981 ἡμῖν
749 4912 774 4962 ὁ
803 4908 1034 4978 Χριστὸς
1080 4906 1307 4975 ἐκόμισε
1343 4904 1521 4973 μόνος,
1560 4899 1653 4953 καὶ
1687 4898 1837 4959 εἴτις

250 5010 310 5062 δὲ
348 5008 483 5077 πρὶν
517 5007 725 5058 ἐκεῖνον
758 5001 931 5054 ἐλθεῖν
961 5001 1039 5062 εἰς
1068 4999 1165 5068 τὴν
1180 4998 1298 5064 ’γῆν
1330 4995 1538 5065 ἔχαιρε,
1572 4991 1641 5044 τὰ
1687 4988 1837 5042 ὲκεί-

250 5120 350 5154 νου
391 5098 617 5169 μυηΘελς
640 5096 878 5166 ἔχαιρεν.
908 5089 1421 5162 ι”ΩσπερἋϐραὰμ
1445 5085 1836 5158 ἠγαλλιάσατο,

252 5195 450 5261 φησιν,
486 5192 573 5243 ἵνα
604 5192 688 5260 ἴδῃ
720 5188 819 5257 τὴν
868 5186 1083 5256 ἡμέραν
1112 5184 1210 5253 τὴν
1243 5182 1404 5251 ἐμὴν,
1441 5182 1535 5232 καὶ
1586 5174 1716 5241 εἶδε,
1745 5177 1841 5230 καὶ⁹

253 5287 459 5354 ἐχάρη.
498 5302 515 5333 ι
558 5281 668 5335 Καὶ
718 5279 880 5340 αὐτὸς
933 5280 960 5330 ὁ
1014 5274 1203 5338 Δαὸὶδ,
1257 5291 1276 5324 ι
1331 5270 1557 5330 Ἀπόδος
1605 5285 1695 5337 μοι
1741 5266 1841 5336 τὴν

252 5374 585 5442 ἁγαλλίασιν
617 5370 709 5422 τοῦ
749 5366 1020 5436 σωτηρίου
1060 5381 1174 5418 σου.
1218 5382 1237 5414 ι
1280 5361 1383 5412 Ἦν
1431 5360 1542 5428 γὰρ
1575 5355 1843 5425 ἀγαλλίαο

257 5484 347 5518 σιν
382 5460 523 5531 εἶχεν
556 5462 610 5512 ὲν
642 5459 715 5527 τῷ
746 5454 968 5527 Χριστῷ
1017 5456 1149 5523 πρὶν
1189 5452 1479 5520 ἁμαρτεῖν,
1520 5447 1727 5515 ταύτην
1773 5443 1841 5497 δι’

259 5554 339 5612 ὧν
365 5558 619 5626 ἥμαρτεν
649 5550 962 5613 ἁποὸαλὼν,
996 5545 1292 5601 ἀπολαϐεῖν
1329 5544 1539 5596 ἱκέτευε
1573 5542 1664 5593 τὸν
1687 5539 1840 5593 Θεόν.

260 5653 479 5718 Ὠσπερ
503 5644 598 5700 οὖν
626 5650 675 5699 εἰ
718 5646 892 5711 ἔλεγε,
936 5641 1098 5694 Δεῦτε
1130 5640 1220 5693 καὶ
1250 5638 1632 5707 φωυισθὼμεν,
1666 5634 1843 5704 φωτὸς

259 5743 327 5795 ἂν
363 5742 572 5811 ἐμήνυε
615 5734 923 5806 παρουσίαν
946 5751 959 5764 ⁸
998 5732 1171 5795 οὕτως
1195 5730 1390 5793 εἰπὼν,
1417 5751 1433 5779 ο
1462 5729 1647 5787 Δεῦτε,
1678 5728 1845 5795 ἀγαλ-

258 5828 584 5899 λιασὼμεθα
636 5827 711 5895 τῷ
760 5826 967 5895 Κυρίῳ,
1013 5844 1031 5874 ›
1068 5824 1340 5876 δείκνυσιν
1393 5822 1556 5874 αὐτὸν
1608 5820 1843 5888 φανῆναι

264 5925 358 5977 τὴν
394 5923 690 5992 κομίζοντα
724 5918 817 5989 τὴν
852 5918 1044 5988 χαράν.
1082 5918 1313 5971 Ἔπειτα
1353 5917 1442 5968 καί
1490 5915 1715 5984 Σωτῆρα
1751 5913 1841 5965 καὶ

1937 4712 2054 4767 Non
2104 4721 2320 4780 poterat
2389 4709 2533 4762 enim
2584 4707 2746 4757 homo
2800 4700 3061 4771 gaudere,
3110 4696 3213 4749 nisi
3265 4694 3523 4747 Dominus

1939 4821 2063 4859 cum
2096 4807 2177 4857 eis
2203 4811 2540 4865 versaretur,
2579 4798 2705 4865 quia
2736 4794 2894 4849 solus
2922 4791 3177 4844 Christus
3201 4787 3359 4840 nobis
3390 4800 3525 4853 gau-

1938 4895 2087 4949 dium
2136 4892 2361 4957 altulit;
2413 4890 2542 4945 etsi
2592 4887 2718 4957 quis
2747 4895 3045 4951 antequam
3082 4880 3173 4932 ille
3217 4882 3269 4930 in
3321 4885 3523 4930 terram

1938 4986 2173 5051 veniret,
2199 4986 2421 5054 gavisus
2450 4991 2553 5044 est,
2591 4981 2640 5034 in
2677 4980 2763 5042 iis,
2796 4991 2917 5045 qua:
2948 4974 3014 5027 ad
3049 4973 3198 5025 illum
3234 4970 3528 5040 pertinent,

1942 5080 2200 5136 initiatus
2264 5078 2482 5147 gavisus
2514 5083 2616 5129 est.
2654 5092 2670 5124 ι
2706 5074 2860 5126 Sicut
2894 5069 3168 5122 Abraham
3210 5065 3525 5122 exsultmit,

1942 5174 2142 5243 inquit,
2183 5180 2242 5227 ut
2271 5170 2483 5225 videret
2516 5168 2661 5223 diem
2696 5179 2901 5225 meum,
2950 5173 3001 5216 et
3035 5160 3191 5220 vidit,
3222 5169 3275 5211 et
3308 5160 3529 5223 gavisus

1942 5276 2079 5321 est.»
2108 5264 2174 5319 Et
2204 5264 2322 5334 ipse
2355 5262 2547 5327 David,
2590 5258 2807 5312 «Redde
2838 5254 2975 5309 mihi
3024 5252 3269 5307 laetitiam
3321 5246 3527 5299 saluta-

1942 5360 2177 5413 ristui.»
2213 5357 2388 5422 Quam
2425 5354 2570 5409 enim
2618 5350 2852 5404 habebat
2894 5345 3140 5401 lretitiam
3194 5343 3246 5393 in
3301 5338 3537 5392 Christi)-

1944 5460 2237 5517 antequam
2291 5453 2572 5514 peccaret.
2626 5457 2747 5495 eam
2800 5453 2899 5508 per
2935 5444 3218 5507 peccatum
3264 5428 3523 5482 amissam

1945 5550 2005 5594 ut
2040 5539 2335 5607 reciperet,
2371 5535 2537 5589 Deum
2573 5534 2769 5587 oravit.
2805 5525 3272 5595 Quemadmodum
3327 5534 3454 5587 ergo
3480 5519 3531 5569 si

1945 5632 2198 5696 dixisset,
2242 5629 2435 5684 Venite
2467 5639 2520 5682 et
2558 5625 2951 5683 illuminemus,
3006 5618 3142 5671 lucis
3180 5611 3534 5681 praesentiam

1947 5724 2329 5794 signiﬁcasset,
2373 5724 2444 5775 ila
2490 5734 2612 5773 cum
2664 5717 2832 5771 dixit:
2897 5709 3141 5773 «Venite,
3186 5705 3538 5759 exsultcmns

1949 5792 2203 5879 Domino,
2247 5834 2265 5866 ›
2302 5811 2536 5867 ostendit
2579 5824 2700 5862 cum
2762 5805 3079 5873 apparuisse
3126 5798 3214 5867 qui
3258 5792 3527 5847 :uﬂeitlm-

1949 5910 2143 5962 titiam.
2179 5908 2375 5963 Deinde
2417 5905 2581 5958 etiam
2640 5899 2984 5953 Servaturcm
3041 5893 3185 5947 hunc
3239 5887 3525 5942 Dominum
