4030 6464
497 360 510 374 .
565 424 669 491 411
1826 430 2142 492 NICOLAI

563 542 819 614 appellat.
855 541 1195 596 Scrvatorem
1228 549 1409 597 autem
1434 552 1488 598 et
1509 543 1761 609 salutem,
1815 555 1871 600 et
1902 546 2144 600 salutare

561 636 847 691 Christum
880 644 1036 688 vocat
1093 633 1401 703 Scriptura,
1457 645 1511 690 et
1533 651 1598 690 ex
1640 638 1840 692 divinis
1895 639 2144 706 personis

565 728 716 782 solus
750 725 922 779 Filius
959 724 1062 778 fuit
1094 733 1297 781 nostra:
1325 729 1517 782 salutis
1554 729 1760 798 opifex,
1796 740 1848 784 et
1882 746 1979 799 per
2001 732 2146 800 seip-

561 832 683 871 sum
710 818 1021 871 universum
1056 816 1257 882 cifecit,
1281 822 1737 887 quemadmodum
1756 823 1894 877 dixit
1918 822 2141 878 Paulus:

570 926 590 959 ι
626 905 730 959 Per
778 907 1017 976 seipsum
1068 913 1450 978 purgationem
1508 912 1721 971 faciens
1791 926 2142 984 peccatorum

562 1008 935 1051 nostrorum.»
980 997 1138 1063 Quod
1181 1001 1348 1055 etiam
1417 1003 1538 1071 ipse
1593 1005 1836 1060 ostendit
1890 1007 2143 1076 exemplo

559 1088 686 1141 boni
718 1089 983 1155 pastoris,
1016 1090 1111 1161 qui
1167 1107 1274 1148 non
1310 1093 1461 1148 misit
1511 1095 1606 1165 qui
1656 1110 1815 1151 ovem
1870 1097 2139 1168 perditam

558 1188 898 1244 quaererent,
931 1180 1025 1235 sed
1063 1181 1180 1250 ipse
1206 1182 1480 1250 quaesivit,
1516 1194 1569 1238 et
1600 1185 1828 1252 invenit,
1862 1196 1919 1241 et
1948 1197 2141 1242 sustu-

564 1266 650 1333 lit,
677 1276 731 1322 et
764 1268 815 1321 in
847 1270 1091 1325 humeris
1117 1274 1369 1342 gestavit.
1417 1273 1714 1344 Pr0pterea
1745 1278 1910 1333 etiam
1936 1292 2137 1347 cogno-

560 1374 684 1412 men
722 1361 951 1414 sortitus
986 1372 1094 1427 est,
1129 1366 1276 1433 quod
1312 1366 1391 1420 rei
1445 1368 1784 1432 conveniret,
1834 1370 2141 1439 appellatus

553 1446 748 1504 Jesus:
776 1450 1256 1522 «Prmoccupemus
1280 1455 1476 1512 faciem
1504 1457 1620 1524 ejus
1639 1459 1694 1513 in
1717 1460 2064 1519 confessione
2084 1481 2133 1527 ;ι

557 1537 777 1603 t'aeiem,
833 1541 1227 1607 apparitionem
1274 1544 1397 1614 ejus
1450 1545 1641 1603 dicens
1682 1562 1696 1602 :
1738 1563 1806 1604 ne
1848 1561 2133 1620 exspecte-

556 1641 677 1680 mus
710 1643 836 1681 eum
878 1632 1062 1686 videre
1097 1649 1219 1688 cum
1253 1637 1396 1691 domi
1441 1637 1627 1703 fuerit,
1677 1642 1895 1695 obviam
1943 1657 2139 1700 eamus

555 1717 609 1769 in
640 1717 1010 1786 confessione,
1040 1722 1251 1778 scilicet
1288 1726 1710 1794 gloriﬁeatione.
1752 1730 1852 1784 «Et
1884 1731 1938 1785 in
1989 1734 2136 1800 psal-

553 1806 659 1860 mis
684 1805 980 1876 jubilemus
1004 1812 1053 1864 ei
1082 1829 1129 1867 :s
1164 1813 1273 1870 Deo
1306 1820 1722 1875 convenientem
1762 1822 1812 1877 ei
1848 1815 2138 1881 reddamus

552 1892 839 1951 honorem.
882 1898 1003 1966 Ipse
1035 1903 1254 1971 quidem
1295 1905 1349 1960 in
1381 1908 1525 1962 servi
1569 1908 1740 1966 forma
1793 1927 1917 1969 esse
1951 1914 2134 1985 elegit,

553 2002 654 2042 nos
687 1998 866 2066 autem
906 1994 1205 2051 Dominum
1232 2014 1304 2054 ne
1335 2001 1671 2071 ignoremus,
1703 2014 1756 2059 ct
1779 2021 1943 2063 carne
1968 2009 2137 2065 ol‘fen—

550 2076 771 2143 damus,
838 2098 908 2139 ne
945 2100 1013 2141 eo
1057 2087 1422 2156 abducamur,
1457 2103 1513 2146 ut
1569 2095 1692 2148 vilia
1727 2105 1781 2149 et
1819 2098 2029 2165 abjecta
2066 2103 2135 2157 de

549 2169 767 2223 excelso
814 2171 997 2226 animo
1031 2176 1401 2245 concipiamus
1433 2219 1450 2244 ,
1487 2193 1707 2251 propter
1760 2186 1811 2239 id
1842 2189 1991 2256 quod
2041 2206 2135 2260 ap-

549 2265 726 2322 paret.
767 2258 936 2325 tQuia
959 2261 1100 2319 Deus
1132 2281 1363 2337 magnus
1389 2269 1668 2335 Dominus,
1700 2283 1754 2327 et
1781 2290 1872 2330 rex
1903 2258 2133 2347 magnus

549 2364 714 2417 super
745 2366 972 2408 omnem
1012 2364 1242 2424 terram,
1280 2378 1300 2413 ι
1333 2362 1424 2431 qui
1479 2363 1534 2416 in
1570 2364 1672 2419 hac
1692 2380 1858 2421 carne
1907 2370 2130 2440 tegitur.

549 2439 613 2493 Et
652 2457 771 2510 qua:
792 2445 1045 2515 deinceps
1075 2461 1379 2520 sequuntur
1404 2457 1584 2509 omnia
1618 2457 1726 2513 Deo
1754 2439 2130 2519 convenientia

546 2533 754 2603 adjicit.
812 2537 876 2591 Et
910 2549 1041 2596 sunt
1090 2545 1359 2612 ejusmodi
1416 2548 1640 2618 quidem
1684 2554 2032 2625 prophetica,
2074 2566 2129 2615 et

549 2638 851 2697 opportune
877 2643 1180 2692 canuntur.

1176 2747 1332 2807 CAP.
1372 2752 1496 2809 XX.

619 2830 692 2886 De
717 2836 1012 2892 ostensione
1042 2836 1347 2910 Evangelii,
1372 2857 1421 2900 et
1453 2850 1518 2903 de
1541 2851 1735 2922 hymno
1763 2863 1841 2909 ter
1862 2860 2055 2911 sancti.

616 2984 713 3041 llis
744 2997 926 3043 autem
961 2994 1217 3061 peractis,
1257 2999 1517 3058 sacerdos
1549 3013 1700 3061 stans
1736 3023 1906 3079 super
1931 3012 2126 3075 altare.

545 3095 598 3132 Ill
649 3080 820 3134 altum
872 3083 1014 3137 tollit
1076 3084 1429 3159 Evangelium
1494 3103 1548 3149 et
1600 3100 1860 3168 ostendit,
1916 3101 2125 3160 Domini

544 3172 913 3227 nstensionem
947 3175 1286 3249 signiﬁcans,
1321 3186 1540 3253 quando
1563 3191 1729 3259 empit
1756 3193 1941 3249 multis
1963 3212 2129 3266 appa-
2155 3212 2198 3269 ο

544 3276 685 3316 rere.
729 3263 832 3318 l’cr
866 3265 1223 3338 Evangelium
1256 3276 1401 3329 enim
1454 3277 1712 3339 Christus
1763 3263 2126 3357 signiﬁcatur,

545 3354 1008 3414 quemadmodum
1062 3369 1117 3414 et
1163 3365 1465 3434 prophetici
1511 3368 1632 3424 libri
1687 3354 1944 3429 dicuntur
1995 3377 2127 3433 Pro-

542 3441 730 3505 pltelte.
761 3449 1224 3513 quemadmodum
1276 3456 1432 3511 diviti
1472 3444 1554 3515 “ab
1602 3462 1873 3519 Abraham
1921 3468 2124 3525 dictum

540 3541 625 3587 cst
653 3554 664 3588 :
701 3533 943 3593 «Habent
971 3539 1152 3597 Mosen
1186 3553 1242 3599 et
1281 3549 1618 3619 prophetas;
1653 3572 1670 3605 ι
1704 3554 1918 3611 dicebat
1945 3570 2123 3614 autem

546 3625 739 3681 libros.
778 3628 916 3695 Quia
964 3643 1144 3690 autem
1194 3653 1262 3693 eo
1291 3640 1384 3709 qui
1419 3644 1736 3711 prardicitur
1784 3656 2026 3716 ostenso,
2073 3662 2128 3706 et

546 3732 645 3788 per
673 3720 916 3790 seipsum
949 3738 1250 3795 apparente
1271 3769 1285 3796 ,
1316 3733 1494 3788 verbis
1528 3736 1916 3806 prepbetarum
1965 3759 2124 3799 nemo

541 3810 659 3864 vult
686 3814 988 3881 attendere,
1022 3827 1308 3888 propterea
1343 3834 1566 3881 ostenso
1594 3825 1884 3901 Evangelio
1909 3843 2124 3890 cessant

540 3904 878 3971 prophetica.
905 3906 1173 3967 Canimus
1199 3922 1380 3969 autem
1414 3916 1459 3971 si
1491 3918 1619 3987 quid
1654 3931 1739 3977 est
1765 3921 1900 3979 Novi
1931 3923 2122 3980 Testa-

542 3997 728 4048 menti.
761 3997 851 4051 Vel
880 4000 1025 4054 enim
1058 4006 1455 4062 sanctissimam
1483 4010 1574 4065 Dei
1602 4009 1850 4077 Matrem,
1876 4015 1958 4070 vel
1985 4018 2122 4073 alios

541 4095 763 4141 sanctos
798 4088 1112 4157 laudamus,
1141 4095 1222 4151 vel
1255 4097 1434 4167 ipsum
1458 4100 1735 4159 Christum
1762 4105 1992 4162 canticis
2027 4122 2119 4162 ce-

540 4177 842 4246 lebramus,
873 4192 1157 4252 propterea
1209 4191 1356 4257 quod
1407 4193 1694 4249 nobiscum
1721 4205 1971 4254 versatus
2013 4209 2115 4265 est,

544 4270 628 4324 vel
660 4271 729 4323 ob
758 4287 820 4326 ca
852 4288 975 4345 qua}
1007 4277 1135 4333 dum
1189 4282 1475 4340 nobiscum
1531 4297 1840 4343 versaretur
1861 4329 1877 4354 ,
1919 4305 2116 4359 passus

541 4367 631 4413 est
674 4361 755 4416 vel
807 4362 953 4420 fecit.
986 4365 1216 4438 Propter
1260 4387 1381 4442 qum
1429 4373 1676 4429 Ecclesia
1723 4375 1865 4431 diem
1914 4376 2112 4433 festum

546 4468 760 4523 semper
794 4457 1049 4516 celebrat.
1081 4462 1280 4519 Deinde
1311 4464 1475 4519 etiam
1508 4466 1681 4535 ipsum
1709 4476 1767 4522 ut
1791 4466 2110 4525 Trinitatem

2183 429 2576 496 CABASIUE
3671 439 3754 503 ξιξ

2174 552 2218 607 Α
2249 544 2454 614 Κύριον
2494 544 2683 597 τοῦτον
2719 544 2892 598 καὶεί.
2937 545 3168 617 Σωτῆρα
3214 548 3269 602 δὲ
3317 550 3409 604 καὶ
3455 553 3693 621 σωτηρίαν
3727 558 3754 626 ἢ

2248 636 2441 705 Γραφὴ
2478 636 2571 687 τὸν
2600 637 2839 703 Χριστὸν
2867 636 3025 691 καλεῖ
3046 654 3060 670 ·
3096 639 3179 693 ὅτι
3203 639 3310 693 τῶν
3340 640 3623 711 θεαρχικῶν
3650 644 3757 697 ὐπο-

2250 728 2496 781 στάσεων
2526 727 2684 798 μόνος
2710 729 2737 781 ὁ
2770 729 2917 792 Υἱὸς,
2945 731 3249 802 αὐτουργὸς
3279 732 3489 801 ἐγένετο
3515 737 3603 805 τῆς
3621 753 3761 806 σωτη-

2245 818 2371 887 ρίας
2403 818 2562 889 ἡμῶν
2586 834 2599 848 ⁸
2634 820 2730 872 καὶ
2761 820 2830 874 δι’
2880 819 3077 875 ἑαυτοῦ
3121 823 3183 875 τὸ
3221 824 3328 877 πᾶν
3365 825 3657 893 εἰργάσατο,
3688 843 3764 879 κα-

2243 902 2420 973 θάπερ
2445 901 2567 959 εἶπε
2596 906 2827 972 Παῦλος,
2850 926 2879 969 ,ι
2912 910 2991 961 Δι’
3012 910 3209 963 ἑαυτοῦ
3234 912 3563 983 καθαρισμὸν
3587 916 3766 969 παυσά-

2247 1010 2411 1061 μενος
2444 996 2553 1051 τῶν
2576 997 2867 1068 ἁμαρτιῶν
2904 1001 3087 1069 ἡμῶν.
3121 1020 3139 1052 ι
3172 1003 3237 1055 ’0
3253 1002 3348 1057 καὶ
3368 1002 3522 1067 αὐτὸς
3547 1004 3763 1073 ἐδήλωσε,

2243 1086 2320 1154 τῷ
2349 1087 2756 1158 παραδείγματι
2777 1089 2872 1144 τοῦ
2897 1091 3061 1146 καλοῦ
3080 1095 3360 1164 ποιμένος,
3393 1095 3449 1158 ὃς
3470 1095 3562 1149 οὐκ
3586 1096 3763 1166 ἔπεμψε

2242 1182 2371 1244 τοὺς
2403 1179 2747 1253 ζητήσοντας
2765 1184 2827 1237 τὸ
2852 1187 3129 1257 πρόϐατον
3162 1190 3224 1242 τὸ
3247 1190 3537 1256 ἀπολωλὸς,
3572 1192 3671 1245 ἀλλ’
3690 1194 3765 1246 αὐ-

2241 1272 2332 1336 τδς
2365 1272 2604 1344 ἐζήτησε
2629 1290 2645 1306 ο
2678 1277 2775 1330 καὶ
2802 1269 2930 1347 εὗρε
2972 1279 3067 1331 καὶ
3095 1279 3188 1332 ἐπὶ
3226 1280 3335 1334 τῶν
3362 1280 3518 1347 ὤμων
3553 1283 3761 1352 ἐκόμισε.

2240 1363 2338 1416 At}!
2362 1361 2523 1416 τοῦτο
2547 1363 2641 1416 καὶ
2687 1364 2787 1435 τὴν
2820 1365 3202 1437 προσηγορίαν
3236 1369 3475 1437 ἐδέξατο,
3506 1374 3597 1442 τὴν
3636 1374 3763 1427 τοῦτο

2238 1452 2546 1524 δυναμένην
2573 1493 2589 1518 ,
2636 1454 2857 1522 κληθεὶς
2917 1457 3166 1526 Ἰησοῦς·
3221 1477 3241 1511 ι
3299 1462 3680 1532 Προφθάσωμεν
3717 1464 3764 1516 τὸ

2243 1544 2533 1611 πρόσωπον
2559 1545 2728 1599 αὐτοῦ
2758 1548 2816 1601 ὲν
2843 1547 3236 1620 ἐξομολογήσει.
3261 1567 3274 1583 ·
3315 1570 3335 1603 ι
3378 1554 3648 1625 πρόσωπον
3670 1557 3765 1608 ἐπι-

2242 1634 2470 1702 φάνειαν
2502 1635 2671 1690 αὑτοῦ
2713 1638 2889 1707 λέγων
2909 1655 2924 1669 ’
2954 1640 3030 1709 μὴ
3064 1642 3447 1712 ἀναμείνωμεν
3483 1647 3613 1698 οἴκοι
3637 1648 3764 1713 γενό-

2243 1740 2407 1795 μενον
2446 1725 2577 1780 ἰδεῖν
2621 1727 2808 1795 αὐτὸν,
2842 1730 3256 1802 ἀπαντήσωμεν
3305 1736 3363 1790 ὲν
3411 1735 3761 1808 ἐξομολογήσει,

2241 1814 2301 1869 ὲν
2332 1814 2617 1887 δοξολογίᾳ
2631 1817 2896 1888 δηλονότι,
2931 1837 2951 1870 ι
2988 1822 3100 1873 Καὶ
3127 1824 3187 1876 ὲν
3205 1822 3437 1894 ψαλμοῖς
3455 1826 3763 1895 άλαλάξωμεν

2169 1872 2215 1927 Β
2242 1872 2423 1975 αὐτῷ,
2455 1924 2475 1960 ι
2656 1872 2975 1979 πρέπουσαν
3009 1872 3300 1982 ἀποδωμεν
3321 1872 3474 1985 ιαύτῷ
3525 1872 3763 1987 τιμιζνῗὈ

2240 1995 2341 2066 μὲν
2369 1998 2424 2050 ὲν
2452 1998 2641 2054 δούλου
2682 2004 2864 2072 μορφῇ
2898 2005 3135 2075 φανῆναι
3182 2006 3533 2071 κατεδέξατο·
3559 2010 3698 2078 ἡμεῖς
3719 2008 3763 2061 δὲ

2237 2088 2329 2142 τὸν
2392 2090 2673 2161 Δεσπότην
2724 2093 2799 2163 μὴ
2852 2097 3232 2167 άγνοήσωμεν,
3273 2102 3347 2167 μὴ
3407 2101 3763 2169 προσκέψωμεν

2236 2181 2303 2248 τῇ
2352 2183 2540 2251 σαρκὶ,
2596 2181 2673 2252 μὴ
2705 2185 3138 2257 παρενεχθῶμεν
3167 2189 3262 2241 ἐπὶ
3305 2192 3372 2244 τὰ
3414 2191 3633 2243 ταπεινὰ
3661 2191 3764 2259 περὶ

2236 2269 2331 2348 τοῦ
2363 2271 2571 2342 ὑψηλοῦ
2606 2278 2850 2343 φρονεῖν,
2874 2276 2964 2330 διὰ
2993 2277 3052 2330 τὸ
3087 2281 3434 2348 φαινόμενον.
3472 2299 3491 2331 ι
3527 2282 3636 2335 Ὅτι
3659 2282 3761 2344 Θεὸς

2240 2341 2415 2435 μ’ἑγας
2462 2341 2670 2435 Κύριος
2715 2369 2812 2420 καὶ
2847 2341 3109 2438 βασιλεὺς.
3130 2341 3308 2442 μέγας
3348 2377 3438 2427 ἐπὶ
3481 2376 3647 2427 πᾶσαν
3684 2341 3762 2441 τὴν

2235 2456 2360 2526 γῆν,
2397 2473 2416 2508 ι
2447 2456 2475 2509 ὁ
2508 2458 2566 2509 ὲν
2586 2459 2761 2530 ταύτῃ
2804 2461 3214 2531 καλυπτόμενος
3260 2466 3327 2536 τῇ
3361 2467 3540 2534 σαρκί.
3573 2465 3667 2518 Καὶ
3709 2464 3760 2517 τὰ

2235 2546 2361 2616 ἑξῆς
2400 2546 2457 2600 δὲ
2496 2548 2777 2619 θεοπρεπῆ
2833 2551 3158 2624 προστίθησι
3203 2555 3406 2609 πάντα.
3442 2556 3543 2608 Καὶ
3580 2554 3760 2608 τοιαῦτα

2236 2638 2338 2708 μὲν
2367 2637 2435 2691 τὰ
2466 2642 2808 2709 προφητικὰ,
2850 2641 2948 2695 καὶ
2975 2640 3117 2696 οὕτω
3151 2645 3297 2698 κατὰ
3337 2646 3522 2716 καιρὸν
3563 2645 3758 2717 ᾅδονται.

2832 2758 3082 2815 ΚΕΦΔΛ.
3118 2760 3204 2814 ις’.

2234 2842 2375 2910 Περὶ
2422 2843 2533 2912 τῆς
2564 2845 2933 2916 ἀναδείξεως
2968 2850 3519 2923 ᾼτοῦηΕὑαγτελίου
3550 2855 3639 2909 καί
3680 2849 3762 2907 τοῦ

2734 2921 3048 2989 τρισαγιου
3095 2921 3316 2992 ὕμνου.

2305 3006 2523 3061 Τούτων
2559 3006 2616 3062 δὲ
2655 3009 2951 3081 ᾀσθέντων,
2980 3012 3009 3065 ὁ
3057 3012 3238 3083 ἱερεὺς
3286 3020 3345 3070 ὲν
3388 3017 3533 3091 μέσῳ
3566 3015 3657 3087 πρὸ
3689 3009 3761 3065 τοῦ

2234 3095 2624 3167 θυσιαστηρίου
2655 3100 2945 3171 ἱστάμενος
2996 3103 3133 3172 ὑψοῦ
3179 3105 3242 3159 τὸ
3286 3108 3604 3176 Εὑαγγέλιον
3624 3103 3757 3174 αἱρεῖν

2235 3190 2330 3241 καὶ
2369 3190 2717 3245 ἀναδείκνυσι
2736 3208 2752 3224 ·
2782 3194 2882 3263 τὴν
2927 3195 3200 3263 ἀνάδειξιν
3231 3199 3328 3253 τοῦ
3375 3200 3574 3270 Κυρίου
3603 3193 3764 3267 amul-

2236 3297 2364 3342 νων,
2387 3281 2472 3333 ὅτε
2500 3281 2703 3352 ἦρξατο
2728 3285 3036 3354 φαίνεσθαι.
3071 3288 3172 3342 Διὰ
3201 3293 3312 3361 γὰρ
3350 3293 3442 3345 τοῦ
3480 3287 3761 3359 Remeato»

2235 3373 2262 3423 ὁ
2291 3372 2523 3441 Χριστὸς
2574 3374 2868 3444 δηλοῦταιο
2899 3375 3089 3447 ὥσπερ
3142 3384 3213 3436 τὰ
3269 3384 3578 3454 προφητικὲι
3621 3378 3762 3451 βιὸλία

2236 3461 2569 3531 Προφητῶν
2613 3465 2860 3533 λέγονται
2891 3484 2906 3499 ο
2952 3471 3095 3524 κατὰ
3137 3471 3199 3525 τὸ
3246 3474 3532 3545 είρημένον
3569 3467 3762 3526 ἀπὸτοῦ

2246 3551 2500 3622 ’Λιὶραὰμ
2529 3554 2666 3624 πρὸς
2711 3556 2807 3609 τὸν
2844 3557 3123 3624 πλούσιον,
3155 3579 3175 3613 ι
3225 3564 3453 3634 Ἔχουσι
3481 3556 3666 3618 Μωσέα
3691 3557 3761 3612 καὶ

2232 3643 2359 3704 τοὺς
2397 3646 2707 3714 προφήτας,
2748 3665 2767 3698 ι
2801 3648 2869 3700 τά
2904 3648 3085 3719 βιϐλία
3131 3651 3409 3720 λέγοντος.
3452 3656 3593 3708 Ἐπεὶ
3618 3652 3669 3705 δὲ
3691 3647 3764 3702 τοῦ

2232 3739 2737 3806 προφητευομένου,
2762 3740 3239 3812 ἀναδεικνυμένου,
3269 3746 3365 3800 καὶ
3385 3746 3451 3799 δι’
3465 3743 3642 3799 ἑαυτοῦ
3661 3756 3763 3813 φαι-

2231 3829 2483 3897 νομένου,
2527 3831 2637 3892 τοῖς
2691 3833 2904 3901 ῥήμασι
2943 3834 3050 3886 τῶν
3103 3840 3402 3907 προφητῶν
3454 3839 3614 3902 οὐδεὶς
3652 3834 3764 3899 ἀξιοῖ

2231 3918 2542 3990 προσέχειν,
2591 3919 2681 3972 διὰ
2720 3920 2879 3974 τοῦτο
2923 3922 3019 3975 τοῦ
3051 3924 3387 3994 Εὑαγγελίου
3418 3922 3761 3995 ἀναδεικνυμέ-

2220 4026 2341 4081 Ἲνου,
2367 4010 2437 4062 τὰ
2469 4012 2787 4080 προφητικὰ
2835 4013 3123 4069 παύονται.
3155 4018 3390 4089 ’ᾼδομεν
3416 4020 3493 4083 δὲ,
3524 4020 3574 4073 εί
3605 4035 3650 4071 τι
3684 4014 3761 4083 τῆς

2226 4100 2419 4169 καινῆς
2472 4103 2586 4154 ἐστι
2642 4104 2938 4175 Διαθήκης.
2987 4108 3059 4160 Ἦ
3096 4109 3206 4179 γὰρ
3258 4112 3357 4182 τὴν
3407 4111 3662 4179 παναγίαν
3688 4104 3760 4159 τοῦ

2224 4191 2360 4244 Θεοῦ
2388 4194 2636 4264 Μητέρα,
2665 4194 2698 4266 ἢ
2730 4194 2925 4261 ἄλλους
2963 4199 3070 4252 τῶν
3101 4202 3275 4269 ἁγίων
3309 4197 3761 4276 ὲγκιομιάζομεν,ἧ

2223 4284 2383 4336 αὐτὸν
2405 4284 2494 4337 τὸν
2525 4286 2762 4356 Χριστὸν
2790 4289 3092 4362 ὑμνοῦμεν,
3125 4295 3267 4368 ὑπὲρ
3295 4292 3370 4352 ὧν
3395 4303 3472 4363 εἰς
3500 4302 3636 4370 ἡμᾶς
3660 4298 3762 4348 ἐπε-

2219 4375 2485 4447 δήμησεν,
2514 4377 2918 4450 ἢὲπιδημήσας
2962 4383 3221 4457 ἔπαθενῆ
3268 4391 3541 4463 ἐποίησεν.
3582 4382 3763 4459 Ἐιρόἷς

2220 4467 2475 4523 ἑκάστοτε
2503 4473 2537 4542 ἡ
2560 4470 2852 4543 Ἐκκλησία
2872 4479 3401 4548 πανηγυρίζει.Ἔπε
3411 4500 3491 4536 ιτα
3509 4484 3595 4535 καὶ
3613 4481 3761 4541 αὑτὸν,

551 4541 717 4597 hctnn
755 4545 1130 4617 decantamns,
1174 4554 1390 4621 qualem
1429 4555 1604 4624 ipsum
1638 4572 1760 4612 esse
1792 4574 1892 4615 nos
1921 4560 2108 4618 docuit

2228 4558 2286 4623 ὓς
2305 4541 2532 4630 Τριάδα,
2554 4564 2643 4617 τὸν
2665 4541 2797 4619 Θεδν
2818 4541 3182 4639 ἀνυμνοῦμεν,
3200 4570 3312 4626 οἷον
3331 4575 3488 4630 αὑτὸν
3506 4576 3641 4644 ἡμᾶς
3654 4568 3763 4624 εἶναι

545 4634 851 4694 Sn'vatoris
878 4641 1165 4710 apparitio.
1201 4643 1299 4699 Hic
1334 4654 1516 4701 autem
1559 4646 1795 4717 hymnus
1843 4650 1913 4704 ab
1939 4665 2102 4722 ange-

544 4727 610 4781 lis
642 4730 860 4797 quidcm
904 4731 1084 4787 dictus
1111 4743 1214 4799 est,
1248 4746 1507 4805 acceptus
1542 4747 1625 4793 est
1658 4746 1836 4793 autem
1867 4756 1932 4795 ex
1973 4742 2110 4798 libro

542 4816 883 4877 Psalmorum
946 4835 1264 4880 sanctorum
1329 4825 1640 4905 Prophetm.
1701 4827 1975 4884 Collectus
2030 4840 2114 4887 est

540 4918 721 4963 autem
772 4926 803 4967 ε
855 4912 1057 4969 Christi
1098 4914 1361 4983 Ecclesia,
1413 4923 1468 4970 et
1504 4915 1755 4971 Trinitati
1787 4918 2112 4974 dedicatus:

543 4998 653 5053 Hoc
688 5004 852 5067 enim,
892 5023 910 5056 ι
947 5004 1200 5073 Sanctus,
1231 5026 1250 5057 ι
1282 5007 1426 5075 quod
1463 5017 1546 5061 ter
1573 5007 1809 5072 canitur,
1837 5021 1921 5064 est
1953 5024 2117 5079 auge-

543 5092 755 5158 lorum;
792 5097 922 5150 illud
954 5114 1104 5162 vero,
1148 5117 1167 5147 ι
1207 5098 1346 5153 Deus
1371 5107 1426 5153 et
1462 5098 1619 5154 fortis
1650 5109 1702 5155 et
1734 5101 2111 5167 immortalis,»

538 5199 614 5239 est
659 5188 799 5241 beati
847 5187 1048 5249 David,
1101 5189 1191 5243 ubi
1240 5190 1415 5245 dicit:
1452 5208 1471 5241 ι
1507 5191 1632 5244 Sitit
1663 5191 1844 5246 anima
1888 5208 2005 5248 mea
2048 5197 2117 5248 ad

542 5277 709 5332 Deum
765 5281 969 5334 fontem
1005 5281 1209 5335 vitum.
1241 5300 1260 5334 ι
1295 5281 1418 5336 Haec
1466 5291 1648 5337 autem
1713 5286 2021 5354 suscepisse
2068 5296 2122 5341 et

542 5370 649 5426 iiiis
690 5372 1061 5437 coniunxisse,
1101 5380 1156 5426 et
1181 5373 1635 5442 supplicationem
1665 5376 1965 5447 adjecisse;
1997 5379 2121 5433 dico

540 5472 720 5514 autem
748 5461 902 5525 illud,
946 5480 964 5512 ι
984 5461 1243 5517 Miserere
1274 5466 1502 5531 nostri,»
1534 5476 1619 5522 est
1645 5468 1898 5525 Ecclesia:
1927 5485 2118 5525 eorum

545 5551 637 5614 qni
674 5550 998 5606 Trinitatem
1047 5570 1214 5607 unum
1268 5554 1437 5609 Deum
1488 5566 1542 5613 et
1578 5561 1759 5615 sciunt
1814 5572 1868 5615 et
1921 5563 2119 5631 pricdi-

540 5649 702 5705 cant,
765 5643 963 5710 partim
1032 5653 1089 5699 ut
1152 5650 1472 5704 ostendatur
1522 5650 1732 5707 Veteris
1786 5651 2118 5708 Testatncmi

543 5746 666 5781 cum
712 5728 862 5784 Novo
907 5736 1293 5793 convenientia
1333 5758 1345 5792 :
1387 5743 1587 5811 partim
1619 5754 1825 5810 autem,
1864 5756 1921 5799 ιιι
1946 5747 2122 5816 angi-li

544 5832 595 5869 ct
641 5820 884 5877 homines
918 5824 1046 5878 [iant
1092 5845 1194 5883 una
1232 5832 1469 5888 Ecclesia
1515 5846 1568 5888 et
1610 5836 1813 5888 chorus
1842 5852 2003 5898 unus,
2032 5855 2123 5906 per

548 5908 748 5965 (dir.in
775 5914 1088 5986 adventum,
1116 5922 1205 5989 qui
1241 5935 1321 5979 eat
1351 5926 1755 5995 supet'coelestis
1776 5938 1823 5984 οι
1849 5937 2117 5985 tenuius.

2211 4648 2501 4722 ἐδίδαξενή
2531 4654 2824 4723 ἐπιφάνεια
2838 4657 2931 4709 τοῦ
2964 4659 3234 4733 Σωτῆρος.
3278 4663 3338 4717 ’0
3376 4665 3432 4717 δὲ
3461 4664 3618 4734 ὕμνος
3636 4655 3762 4720 οὗτος

2216 4739 2472 4811 εἴληπται
2501 4745 2596 4813 μὲν
2632 4761 2738 4798 απο
2771 4747 2881 4799 τῶν
2911 4747 3178 4816 ἀγγέλων,
3208 4752 3460 4823 εἴληπται
3488 4754 3541 4807 δὲ
3573 4753 3658 4806 xui
3680 4747 3763 4802 ἀπὸ

2216 4833 2316 4903 τῆς
2349 4834 2534 4904 βίϐλου
2565 4837 2673 4890 τῶν
2715 4838 2876 4909 ίερῶν
2912 4841 3005 4893 τοῦ
3041 4842 3334 4915 Προφήτου
3363 4844 3608 4917 ψαλμῶν.
3629 4840 3766 4904 Συνῆ⁶

2217 4946 2343 4981 κται
2363 4930 2421 4981 δὲ
2440 4933 2586 5000 παρὰ
2602 4933 2700 4994 τῆς
2718 4932 2809 4986 τοῦ
2828 4935 3063 5005 Χριστοῦ
3082 4936 3540 5011 Ἑκκλησίας,’καὶ
3571 4935 3763 4999 ἀνετέθη

2218 5023 2282 5090 τῇ
2306 5022 2521 5091 Τριάδι.
2542 5024 2616 5075 Τὸ
2640 5024 2737 5094 μὲν
2761 5025 2890 5094 γὰρ,
2911 5045 2930 5078 t
2961 5027 3172 5095 Ἀγιος,
3198 5049 3217 5082 ι
3242 5034 3362 5101 τρὶς
3383 5025 3762 5103 βοώμενον.τῶν

2219 5112 2486 5182 ἀγγέλων,
2520 5115 2580 5167 τὸ
2602 5115 2679 5179 δὲ,
2721 5134 2739 5166 ι
2770 5115 2903 5181 Θεὸς
2939 5120 3032 5172 καὶ
3067 5120 3287 5191 ἰσχυρὸς
3318 5125 3415 5176 καὶ
3458 5124 3715 5182 ἀθάνατος,
3743 5133 3757 5163 ι

2222 5204 2317 5257 τοῦ
2352 5204 2628 5276 μακαρίου
2687 5206 2872 5273 Δαδίδ,
2905 5209 2961 5261 ὲν
3012 5204 3093 5273 οἷς
3148 5228 3305 5281 φησι,
3351 5233 3371 5266 ι
3429 5213 3691 5280 Ἐδίψησεν
3735 5204 3761 5269 ἢ

2222 5296 2368 5366 ψυχή
2405 5313 2506 5365 μου
2560 5298 2694 5367 πρὸς
2747 5300 2839 5352 τὸν
2873 5299 3005 5352 Θεὸν
3040 5301 3131 5353 τὸν
3168 5305 3391 5373 ἰσχυρὸν
3412 5305 3499 5361 τὸν
3530 5303 3707 5366 ιῖὣντιι⁸
3742 5314 3756 5344 ο

2224 5387 2285 5439 τὸ
2316 5386 2570 5452 δέξασθαι
2620 5389 2675 5440 δὲ
2733 5390 2830 5442 καὶ
2890 5392 3160 5446 συνθεῖναι
3194 5394 3369 5448 ταῦτα
3421 5395 3656 5454 ἐκείνοις,
3684 5388 3761 5439 καὶ

2226 5477 2528 5547 προσϐῆναι
2577 5477 2677 5548 τὴν
2743 5479 2977 5545 ἱκεσίαν,
3024 5481 3166 5551 λέγω
3212 5484 3279 5554 δὴ
3347 5487 3429 5549 τὸ,
3473 5503 3492 5538 ι
3544 5484 3761 5548 Ἐλέησον

2225 5570 2396 5638 ἡμᾶς,
2441 5586 2462 5621 ι
2502 5570 2602 5641 τῆς
2644 5570 2967 5643 Ἐκκλησίας
3010 5574 3115 5625 τῶν
3143 5572 3351 5645 Τριάδα
3390 5576 3480 5630 τὸν
3517 5575 3604 5627 ἕνα
3631 5571 3758 5626 Θεὸν.

2226 5658 2321 5710 καὶ
2354 5659 2570 5713 εἰδότων
2603 5663 2696 5714 καὶ
2724 5661 3123 5731 κηρυττόντων,
3157 5663 3245 5715 ῐνα
3272 5664 3482 5736 δειχθῇς
3509 5662 3655 5716 τοῦτο
3674 5656 3758 5727 μὲν

2227 5750 2258 5817 ἡ
2295 5747 2428 5819 πρὸς
2461 5750 2556 5817 τὴν
2590 5750 2799 5820 Καινὴν
2853 5751 3127 5822 Διαθήκην
3167 5753 3267 5821 τῆς
3301 5754 3533 5815 Παλαιᾶ
3569 5764 3760 5812 συμφω-

2226 5842 2311 5893 νία
2332 5855 2345 5870 ⁸
2368 5840 2525 5893 τοῦτο
2554 5841 2610 5893 δὲ
2641 5844 2719 5905 τὸ,
2753 5843 3015 5909 ἀγγέλους
3032 5848 3122 5896 καὶ
3156 5844 3474 5912 ἀνθρώπους
3503 5845 3620 5916 μίαν
3661 5838 3757 5889 Ἐκ⁴

2229 5930 2455 5999 κλησίαν
2490 5932 2770 5999 γενέσθαι,
2804 5934 2896 5987 καὶ
2937 5935 3092 6003 χοριιν
3125 5933 3240 6002 ἕνα,
3271 5934 3358 5989 διὰ
3388 5935 3481 6006 τὴν
3525 5933 3609 5987 τοῦ
3638 5930 3751 5997 Χρι-
