4030 6472
283 456 381 520 ii‘i

1472 456 1872 519 LPTURGUE
1913 457 2346 520 EXPOSITIO.

3432 461 3534 525 ili

283 572 406 628 στοῦ
453 569 797 641 ἑπιφάνε.αν,
837 570 932 626 τοῦ
975 570 1391 644 ὑπερουρανίου,
1437 574 1533 627 καὶ
1575 571 1844 641 ἐπιγείου.

1956 569 2246 641 Propterea
2276 613 2292 640 ,
2337 578 2628 643 postquam
2697 579 2784 628 est
2844 580 3126 628 ostensum
3171 579 3231 627 et
3303 572 3533 628 allatum

286 665 379 719 Διά
400 663 559 717 τοῦτο
600 665 741 733 μετά
782 666 844 717 τὸ
889 663 1269 734 ἀναδειχθῆναι
1303 662 1365 716 τὸ
1394 664 1725 733 Εὑαγγέλιον
1759 663 1853 716 καὶ

293 755 677 826 είσενεχθῆναι,
702 755 795 808 τὸν
817 754 984 825 ὕμνον
1002 756 1200 828 ᾄδομεν
1211 753 1419 823 τοῦτον,
1444 758 1669 826 μονονοὺ
1688 754 1854 825 βοῶν-

297 864 401 910 τες.
429 846 500 911 ὡς
519 849 545 899 ὁ
568 845 916 916 ἐπιδημήσας
938 841 1093 910 οὕτος
1121 844 1384 917 μετὰτῶν
1410 846 1679 915 ἀγγέλων,
1703 847 1853 916 ἡμᾶς

300 941 532 1008 ἔστησεν,
554 939 634 1003 είς
663 939 873 992 ἐκεῖνον
897 938 1053 1003 ἔταξε
1073 939 1168 992 τὴν
1193 937 1374 1010 χορόν.
1416 938 1526 993 Καὶ
1554 938 1726 992 ταῦτα
1753 937 1852 1009 μὲν

296 1028 478 1094 οὕτως.

876 1121 1125 1176 ΚΕΦΑΛ.
1153 1122 1286 1177 KA'.

288 1231 426 1302 Περὶ
451 1232 564 1304 τῆς
591 1233 742 1288 κατὰ
765 1234 874 1288 τὸν
901 1234 1096 1310 ὕμνον
1125 1235 1334 1310 εὐχῇς,
1368 1235 1465 1291 καί
1487 1234 1605 1291 τῶν
1626 1240 1850 1310 ἐπιφω-

826 1303 1109 1374 νημάτων
1131 1303 1324 1373 ἱερῶν.
1412 1312 1434 1329 ’

367 1396 427 1449 '0
457 1395 637 1465 ἱερεὺς
670 1396 775 1466 πρὸ
807 1396 903 1466 μὲν
932 1398 1032 1466 τῆς
1059 1398 1347 1468 ὑμνήσεως
1366 1398 1589 1471 ταύτης,
1617 1400 1851 1455 ἱκετεύει

286 1486 379 1540 τὸν
398 1488 534 1541 Θεὸν
561 1487 813 1555 δέξασθαι
842 1489 933 1543 τὸν
987 1489 1175 1560 ὕμνον,
1218 1492 1313 1546 καί
1336 1493 1500 1562 χάριν
1524 1493 1709 1547 δοῦναι
1737 1497 1850 1560 τοῖς

288 1579 572 1650 ὑμνηταῖς.
610 1581 718 1633 Καὶ
765 1582 889 1636 τίνα
932 1583 1091 1654 χάριν
1119 1601 1134 1648 ς
1163 1584 1243 1653 τῷ
1289 1582 1444 1655 ὕμνῳ
1490 1585 1846 1656 κατάλληλον,

286 1669 510 1737 ἁγιάσαι
538 1670 697 1724 αὑτὸν
722 1671 822 1735 τάς
846 1672 1023 1742 ψυχὰς
1052 1673 1145 1727 καὶ
1172 1674 1239 1726 τὰ
1254 1674 1503 1744 σώματα,
1521 1677 1851 1746 συγγνώμην

286 1761 703 1832 παρασχόμενον
733 1763 844 1816 τῶν
872 1764 1311 1835 ἁμαρτημάτων,
1341 1767 1484 1821 ὥστε
1518 1769 1575 1820 ὲν
1612 1769 1851 1839 ὁσιότητι

285 1851 569 1920 λατρεύειν
600 1853 749 1923 αὐτῷ
776 1854 955 1918 πάσας
1002 1858 1103 1919 τὰς
1146 1858 1378 1928 ἡμέρας.
1413 1860 1520 1913 Καὶ
1548 1859 1645 1931 τὴν
1674 1861 1851 1915 αἰτίαν

290 1940 662 2011 προστίθησιν,
706 1959 725 1993 ι
772 1940 894 1996 Ὅτι
943 1944 1036 1996 καὶ
1085 1943 1239 2012 ἅγιος
1273 1940 1452 2001 εἶκαὶ
1492 1948 1673 2013 ἁγίοις
1717 1950 1854 2003 ὲπα-

287 2030 526 2101 ναπαύῃ.
558 2049 579 2083 r
616 2030 723 2084 Τοῦ
748 2031 855 2103 γάρ
875 2033 1090 2102 ἀληθῶς
1117 2033 1301 2102 ἁγίου,
1337 2037 1396 2089 τ’)
1426 2037 1638 2107 χαίρειν
1663 2040 1721 2091 ἐν
1743 2040 1855 2103 τοῖς

289 2122 464 2189 ἁγίοις
489 2124 584 2176 καὶ
614 2123 883 2192 ἀγιάζειν.
919 2126 1028 2178 Καὶ
1074 2126 1233 2179 τοῦτο
1269 2128 1541 2197 ἐκϐοήσας
1573 2128 1668 2181 καὶ
1693 2127 1855 2194 δοξο-

286 2213 474 2283 λογίαν
521 2214 801 2285 προσθεὶς,
834 2216 932 2286 τῆς
960 2217 1247 2288 ὑμνήσεως
1274 2218 1370 2272 τοῦ
1393 2220 1684 2289 τρισαγίου
1716 2222 1853 2291 πρὸς

288 2304 377 2358 τὸν
406 2305 551 2375 ίερδν
594 2306 743 2373 λαὸν,
772 2306 1021 2377 σύνθημα
1066 2310 1227 2364 τοῦτο
1255 2315 1488 2365 ποιεῖται
1518 2326 1534 2342 ·
1574 2314 1668 2366 καὶ
1698 2313 1855 2368 αὐτοὶ

289 2396 358 2466 τῇ
381 2395 657 2467 δοξολογίᾳ
684 2397 745 2450 τὸ
783 2417 803 2450 ι
825 2399 1019 2470 Ἀμὴν,
1047 2421 1065 2453 ι
1101 2402 1245 2456 κατά
1269 2401 1331 2455 τὸ
1355 2401 1573 2469 εἰωθὸς,
1601 2404 1856 2458 ἐπειπόν-

288 2501 403 2553 τες,
426 2484 520 2540 τοῦ
572 2485 745 2558 ὕμνου
794 2489 1153 2560 ἀπάρχονται.
1184 2491 1339 2546 Μετά
1365 2491 1424 2546 δὲ
1466 2492 1556 2546 τὸν
1604 2490 1793 2562 ὕμνον,
1825 2495 1854 2548 ὁ

294 2578 473 2647 ἱερεὺς
492 2578 703 2632 κελεύει
728 2579 937 2646 πάντας
965 2583 1038 2652 μὴ
1064 2582 1323 2654 ῥᾳθύμως
1342 2585 1437 2638 καὶ
1453 2585 1697 2655 ἀμελῶς,
1716 2586 1854 2639 ἀλλά

289 2670 402 2731 τοῖς
431 2668 773 2740 τελουμένοις
798 2675 892 2727 καὶ
925 2675 1205 2746 ᾀδομένοις
1237 2677 1532 2748 προσέχειν
1561 2677 1655 2732 τὸν
1685 2677 1817 2731 νοῦν
1835 2692 1851 2708 ⁸

289 2759 352 2813 τὸ
365 2759 491 2831 γάρ,
510 2764 894 2833 Πρόσχωμεν,
908 2764 1066 2820 τοῦτο
1096 2766 1339 2823 δύναται.
1359 2766 1490 2823 Εἶτα
1509 2770 1608 2841 τὴν
1627 2771 1853 2842 εἰρήνην
1882 2778 1889 2784 “

288 2851 508 2922 εὕχεται
562 2856 719 2919 πᾶσι,
749 2858 845 2909 καὶ
901 2858 1097 2926 σοφίαν
1143 2860 1578 2932 ἀναμιμνήσκει,
1625 2862 1745 2933 μεθ’
1782 2859 1852 2936 ἦς

289 2945 373 2999 δεῖ
411 2948 524 3012 τοῖς
568 2949 890 3020 μυστηρίοις
919 2950 1236 3022 προσέχειν.
1277 2951 1372 3014 Τίς
1418 2952 1476 3006 δὲ
1508 2954 1541 3023 ή
1570 2952 1733 3023 σοφία
1757 2969 1773 3020 ;
1799 2955 1850 3007 οί

1955 664 2330 736 Evangc-lium,
2361 666 2510 721 hunc
2540 667 2801 736 hymnum
2835 666 3104 730 canimus,
3134 666 3530 735 propemodum

1951 757 2273 823 clamantes,
2308 759 2453 829 quod
2486 759 2532 814 is
2572 758 2858 814 nobiscum
2890 768 3164 821 versatus,
3194 772 3296 812 nos
3341 757 3537 812 statuit

1953 862 2080 904 cum
2106 849 2337 919 angelis,
2365 857 2420 906 et
2441 850 2500 906 in
2529 850 2626 906 illo
2653 850 2822 906 choro
2847 850 3049 920 posuit.
3075 847 3142 904 Et
3163 849 3277 905 haec
3307 848 3531 918 quidem

1954 943 2056 998 hoc
2084 942 2269 997 modo.

2557 1121 2710 1179 CAP.
2751 1120 2897 1178 XXI.

1957 1236 2035 1295 De
2065 1239 2307 1295 oratione
2338 1240 2393 1295 in
2424 1240 2638 1310 hymno,
2668 1248 2718 1293 et
2751 1239 2816 1293 de
2837 1254 3004 1293 sacris
3035 1235 3529 1291 acclamationibus.

2023 1397 2291 1455 Sacerdos
2341 1406 2545 1464 autem,
2599 1406 2726 1454 ante
2773 1399 2919 1453 hanc
2970 1397 3360 1462 laudationem,
3418 1395 3530 1450 Deo

1951 1490 2221 1559 supplicat
2265 1499 2326 1544 ut
2378 1491 2637 1561 hymnum
2705 1490 2998 1560 suscipiat,
3053 1499 3110 1545 et
3161 1488 3535 1543 laudatoribus

1951 1581 2176 1649 gratiam
2228 1579 2509 1634 retribuat.
2559 1579 2625 1634 Et
2670 1595 2963 1650 quemnam
2997 1579 3276 1650 gratiam?
3330 1579 3537 1650 hymno

1952 1669 2406 1735 convenientem,
2453 1678 2514 1724 ut
2577 1669 2884 1725 sanctiﬁcet
2939 1671 3186 1740 ipsorum
3228 1669 3439 1723 annuas
3478 1676 3535 1720 et

1953 1776 2217 1830 corpora,
2257 1762 2382 1817 data
2422 1772 2773 1831 peccatorum
2817 1762 3000 1824 venia,
3043 1771 3102 1816 ut
3141 1776 3268 1816 eum
3310 1761 3365 1815 in
3401 1775 3533 1815 san—

1953 1853 2141 1907 ctitate
2180 1853 2365 1908 colant
2402 1854 2662 1910 omnibus
2689 1854 2905 1910 diebus.
2946 1852 3013 1908 Et
3040 1866 3262 1909 causam
3296 1850 3480 1919 adiicit
3514 1867 3536 1902 :

1959 1959 1979 1993 ι
2022 1941 2159 2008 Quia
2197 1952 2420 1999 sanctus
2450 1959 2531 2010 es,
2566 1954 2620 1998 et
2660 1944 2712 1999 in
2753 1944 2958 2000 sanctis
2985 1943 3302 2014 rcquiescis.
3348 1960 3366 1994 ι
3399 1941 3537 1996 Vere
3610 1950 3619 1953 ‘

1951 2033 2096 2087 enim
2153 2033 2328 2088 sancti
2389 2043 2472 2087 est
2518 2034 2774 2090 delectari
2816 2033 3025 2089 sanctis
3058 2042 3114 2087 et
3165 2031 3532 2089 sanctiilcare.

1954 2123 2017 2177 Et
2050 2137 2174 2177 eum
2215 2123 2319 2178 hoc
2350 2124 2698 2189 exclamavit,
2733 2132 2788 2179 et
2819 2124 3267 2195 gloriﬁcalionem
3305 2121 3533 2191 adjecit,

1952 2212 2208 2268 cantandi
2243 2213 2429 2285 hymni
2459 2222 2541 2269 ter
2576 2215 2752 2271 sancti
2788 2230 2947 2271 sacro
2981 2215 3180 2285 populo
3223 2215 3325 2272 hoc
3365 2212 3535 2268 veluti

1952 2304 2167 2373 signum
2209 2307 2469 2374 proponit
2498 2324 2513 2371 ;
2559 2316 2611 2362 et
2655 2323 2780 2362 eum
2814 2308 2940 2377 ipsi,
2970 2317 3031 2363 ut
3064 2322 3188 2363 mos
3225 2316 3330 2370 est,
3365 2306 3537 2375 glori-

1953 2395 2216 2457 iicationi.
2268 2415 2288 2449 ι
2322 2399 2494 2451 Amen
2553 2417 2573 2450 ι
2641 2399 3016 2466 subiecerint,
3081 2399 3340 2470 hymnum
3393 2398 3534 2453 inci-

1950 2488 2131 2557 piunt.
2175 2486 2305 2542 Post
2349 2490 2615 2560 hymnum
2647 2500 2831 2544 autem
2879 2489 3313 2559 sacerdosjubet
3341 2502 3538 2543 omnes
3634 2477 3649 2490 ’

1952 2594 2061 2632 non
2101 2579 2407 2634 socorditer
2444 2589 2498 2635 et
2535 2582 2880 2652 negligenter
2921 2592 3098 2647 stare,
3159 2582 3253 2637 sed
3294 2597 3358 2635 ea
3411 2598 3536 2652 qtue

1958 2670 2097 2725 ﬁunt
2118 2680 2173 2724 et
2192 2680 2478 2725 'canuntur
2511 2675 2792 2728 attendere
2821 2688 2838 2728 :
2870 2672 3205 2744 Πρόσχωμεν
3222 2673 3391 2739 enim,
3422 2688 3535 2742 quo

1950 2759 2216 2816 vocabulo
2247 2770 2495 2827 utuntur,
2522 2763 2668 2818 idem
2695 2770 2785 2818 est
2811 2764 2982 2834 quod,
3013 2762 3246 2818 Mentem
3279 2763 3536 2818 adhibea-

1950 2865 2090 2906 mus.
2130 2852 2332 2909 Deinde
2361 2862 2617 2922 precatur
2671 2870 2862 2925 pacem
2904 2855 3182 2921 omnibus,
3213 2862 3269 2911 et
3308 2855 3530 2925 sapien—

1953 2942 2080 2998 tiam
2129 2945 2184 3000 in
2236 2948 2554 3002 memoriam
2591 2955 2849 3014 revocat,
2882 2963 3009 3003 cum
3042 2961 3150 3017 qua
3186 2957 3407 3017 oportet
3456 2946 3526 3001 ad

286 3038 658 3110 προσήκοντες
709 3044 779 3112 τῇ
832 3041 1018 3113 τελετῇ
1060 3043 1332 3113 λογισμοὶ,
1367 3043 1488 3114 μεθ’
1507 3041 1582 3098 ὧν
1610 3047 1742 3116 ὁρᾷν
1770 3047 1853 3101 δεῖ

1956 3039 2214 3110 mysteria
2257 3040 2519 3095 accedere
2554 3048 2610 3096 et
2648 3048 2883 3095 mentem
2948 3040 3230 3096 adhibere.
3272 3039 3535 3107 Quaenam

286 3129 384 3182 καὶ
425 3129 644 3184 ἀκούειν
674 3133 744 3186 τὰ
768 3133 1068 3203 τελούμενα
1098 3137 1192 3189 καὶ
1223 3135 1514 3203 λεγόμενα,
1540 3139 1588 3191 oi
1613 3139 1852 3201 πίστεως

1956 3138 2034 3186 est
2072 3138 2254 3185 autem
2283 3131 2596 3202 sapientia?
2627 3131 3002 3201 Cogitationes
3041 3132 3299 3205 mysterio
3331 3145 3540 3188 conve-

283 3222 572 3291 γέμοντες,
601 3224 650 3276 οί
678 3226 844 3295 μηδὲν
883 3224 1223 3298 ἀνθρώπινον
1252 3226 1488 3297 ἔχοντες.
1536 3230 1706 3283 Τοῦτο
1739 3231 1847 3302 γὰρ

1956 3223 2186 3286 nientes,
2209 3237 2334 3279 cum
2359 3222 2564 3293 quibus
2582 3232 2798 3294 oportet
2826 3224 3016 3279 audire
3038 3231 3092 3278 et
3121 3224 3303 3280 videre
3327 3239 3395 3280 ea
3415 3238 3538 3293 qua:

282 3315 319 3384 ὴ
345 3314 460 3369 τῶν
486 3317 817 3386 Χριστιανῶν
851 3320 1035 3389 σοφία,
1076 3322 1169 3374 καὶ
1200 3321 1358 3375 τοῦτο
1395 3322 1616 3377 δύναται
1642 3324 1703 3378 τὸ
1739 3340 1846 3378 σοι·

1956 3313 2091 3368 iinnt
2122 3322 2175 3369 et
2207 3314 2487 3380 dicuntur,
2519 3330 2615 3371 eos
2646 3316 2739 3387 qui
2770 3316 2875 3371 ﬁde
2906 3316 3051 3385 pleni
3082 3324 3230 3381 sunt,
3259 3315 3352 3385 qui
3393 3316 3537 3373 nihil

284 3408 422 3476 φία,
454 3409 717 3480 πολλαχοῦ
752 3411 852 3482 τῆς
880 3414 1192 3484 ἱερουργίας
1245 3416 1584 3487 ὲκϐοώμενον
1623 3420 1733 3481 τοῖς
1763 3434 1851 3472 πι-

1956 3404 2156 3461 habent
2198 3406 2446 3462 humani.
2491 3406 2606 3463 Hoc
2642 3416 2729 3463 est
2764 3407 2908 3462 enim
2951 3407 3389 3464 Christianorum
3441 3422 3537 3465 8a-

288 3498 438 3560 στοῖς
479 3498 629 3568 παρά
673 3500 770 3555 τοῦ
826 3502 1033 3572 ἱερέως,
1079 3503 1385 3575 ἀνάμνησις
1431 3506 1541 3559 τῶν
1573 3505 1851 3575 λογισμῶν

1956 3499 2176 3568 pientia,
2218 3509 2272 3554 et
2317 3502 2421 3554 hoc
2458 3498 2563 3554 sibi
2601 3500 2715 3554 vult
2745 3500 3036 3569 sapientia,
3077 3515 3199 3570 quae
3248 3501 3302 3553 in
3349 3498 3538 3552 multis

289 3588 515 3644 τούτων.
549 3590 703 3645 Οὕτω
733 3591 841 3662 γάρ
887 3592 1140 3665 ἀλλήλοις
1188 3596 1699 3667 ἀναμιμνήσκομεν,
1726 3596 1850 3651 ὀλό-

294 3681 495 3751 κληρον
515 3681 721 3737 ἔννοιαν
746 3684 826 3736 ἐνὶ
856 3686 1057 3755 ῥήματι
1100 3685 1380 3749 πολλάκις,
1417 3688 1497 3748 εἰς
1526 3687 1628 3749 τὰς
1673 3687 1852 3758 ψυχὰς

302 3771 409 3823 τῶν
452 3772 748 3828 ἀκουόντων
777 3775 1173 3833 ἀνανεοῦντεςσ-
1187 3775 1286 3840 Τίς
1330 3776 1387 3830 δὲ
1430 3778 1464 3847 ή
1505 3777 1720 3856 ἀνάγκη
1752 3779 1853 3848 τῆς

298 3861 682 3932 ἀναμνήσεωςς
714 3864 891 3923 Πολλὴ
917 3865 1022 3934 τῆς
1056 3867 1227 3938 λήθης
1260 3869 1294 3938 ἡ
1324 3870 1601 3939 τυραννὶς,
1625 3873 1722 3922 καὶ
1761 3870 1854 3924 ού-

293 3952 390 4003 δὲν
412 3952 517 4006 τῶν
548 3955 905 4025 ἀνθρωπίνων
947 3958 1158 4023 παθῶν,
1183 3956 1327 4012 οὕτω
1360 3959 1598 4029 συνεχῶς
1631 3960 1727 4014 καὶ
1758 3963 1856 4032 ῥα.

287 4045 422 4106 δέως
454 4048 744 4117 ἀνατρέπει
787 4049 880 4102 τὸν
907 4048 1213 4120 ἄνθρωπον,
1253 4051 1330 4112 ὡς
1384 4049 1545 4105 τοῦτο
1572 4051 1634 4105 τὸ
1661 4051 1855 4116 πάθος.

303 4137 462 4191 Ἐπεὶ
482 4138 538 4192 δὶ
557 4141 694 4210 μετά
716 4142 823 4195 τῶν
844 4155 1233 4213 προσηκόντων
1264 4144 1545 4216 λογισμῶν
1563 4146 1858 4212 ἀναγκαῖον

288 4228 537 4293 ἑστάναι,
566 4233 663 4285 καὶ
708 4232 956 4303 μετέχειν
985 4232 1089 4302 τῆς
1131 4233 1375 4303 τελετῆς,
1397 4234 1491 4286 καὶ
1532 4233 1645 4287 τῶν
1694 4230 1859 4302 ἱερῶν

288 4321 468 4391 αὐτῆς
516 4322 898 4393 ἀκουσμάτων,
937 4325 1032 4376 καὶ
1065 4324 1373 4394 θεαμάτων,
1401 4323 1454 4376 εί
1474 4339 1537 4391 γε
1571 4322 1862 4393 μέλλοιμεν

1951 3589 2090 3646 locis
2138 3591 2396 3646 sacriiicii
2427 3590 2677 3646 ﬁdelibus
2723 3591 3062 3646 acclamatur
3113 3606 3143 3644 a
3200 3592 3532 3655 sacerdote,

1953 3680 2148 3735 harum
2191 3680 2405 3735 scilicet
2445 3681 2843 3751 cogitationum
2879 3679 3207 3735 recordatio.
3263 3678 3341 3733 Ita
3384 3681 3533 3733 enim

1954 3786 2057 3828 nos
2093 3770 2328 3826 invicem
2371 3771 2733 3827 admonemus
2761 3778 2816 3827 et
2847 3770 2902 3825 in
2944 3770 3263 3825 memoriam
3306 3784 3536 3826 revoca-

1955 3877 2102 3930 mus,
2139 3863 2407 3932 integram
2438 3861 2825 3931 cogitationem
2859 3875 2970 3917 uno
3014 3860 3182 3915 verbo
3225 3861 3278 3915 in
3318 3861 3537 3915 amiito-

1956 3970 2080 4012 rum
2112 3953 2310 4009 animis
2341 3961 2693 4009 renovantes.
2735 3953 2878 4020 Quid
2926 3960 3109 4010 autem
3148 3955 3249 4009 hac
3288 3953 3341 4007 in
3385 3969 3539 4007 men-

1957 4057 2062 4104 tem
2093 4047 2439 4103 revocatione
2473 4062 2612 4117 opus
2640 4047 2757 4103 est?
2784 4046 2976 4118 Magna
3011 4056 3093 4101 est
3124 4045 3418 4102 oblivionis
3453 4056 3535 4117 ty-

1959 4141 2169 4204 rannis,
2201 4147 2256 4194 et
2284 4140 2432 4194 nulla
2476 4140 2713 4194 humana
2742 4139 2957 4194 ail‘ectio
2989 4140 3305 4209 frequenter
3328 4146 3384 4193 et
3425 4148 3536 4192 tam

1960 4231 2121 4288 facile
2153 4231 2431 4289 hominem
2458 4231 2744 4297 subvertit,
2776 4240 2837 4287 ut
2859 4233 2978 4288 haec
3010 4231 3245 4287 affectio.
3279 4230 3416 4298 Quia
3441 4246 3536 4284 au-
3644 4248 3649 4260 ί

1963 4333 2067 4380 tem
2094 4338 2217 4381 cum
2251 4324 2709 4381 convenientibus
2740 4324 3163 4396 cogitationibus
3203 4337 3429 4378 necesse
3454 4331 3538 4376 est

294 4415 373 4483 μὴ
413 4414 592 4485 μάτην
635 4416 882 4486 μετέχειν
931 4416 1136 4481 αὐτῶν,
1168 4416 1385 4470 καὶτὸν
1416 4414 1609 4486 χρόνον
1653 4414 1855 4486 τρίϐειν

1963 4424 2110 4471 stare
2143 4423 2198 4468 et
2238 4415 2484 4486 mysterii
2516 4430 2638 4472 esse
2667 4416 2981 4487 participes,
3019 4426 3076 4471 et
3104 4430 3386 4471 sacrarum
3419 4413 3539 4483 ejus

285 4506 417 4575 είκῆ
439 4519 461 4537 ι
484 4504 641 4560 τοῦτο
670 4507 727 4560 δὲ
755 4508 818 4560 οὐ
853 4508 1034 4580 ῥᾴδιον
1051 4523 1066 4539 ·
1093 4508 1181 4562 διὰ
1205 4507 1366 4562 τούτο
1397 4508 1558 4578 χρεία
1584 4508 1684 4578 μὲν
1711 4508 1855 4576 ἡμᾶς

1964 4507 2311 4563 auditionum
2344 4516 2400 4562 et
2447 4508 2996 4577 contemplationum,
3049 4508 3155 4563 nisi
3210 4508 3288 4561 eis
3336 4507 3538 4559 frustra

284 4597 511 4660 αὐτοὺς,
537 4598 668 4664 παρ’
692 4599 852 4668 ήμῶν
895 4597 1072 4651 αὑτῶν
1119 4598 1483 4669 ἐγρηγορέναι
1509 4598 1605 4651 καὶ
1641 4598 1855 4668 νήφεινο

1961 4610 2154 4651 sumus
2183 4594 2504 4650 interfuluri
2535 4607 2590 4650 et
2615 4606 2831 4666 tempus
2858 4595 3234 4664 consumpturi
3263 4612 3278 4650 :
3305 4595 3408 4648 hoc
3435 4608 3537 4646 au-

282 4690 454 4758 χρεία
484 4688 541 4742 δὲ
580 4689 679 4757 τῆς
719 4689 918 4754 ἔξωθεν
952 4690 1331 4760 ὑπομνήσεως,
1364 4689 1452 4742 ἵνα
1484 4689 1724 4758 συνεχῶς
1751 4687 1857 4740 ὑπὸ

286 4783 391 4850 τῆς
413 4774 582 4851 λήθης
610 4780 916 4851 συλώμενον
937 4782 1028 4835 τὸν
1048 4783 1318 4853 ήμετέρον
1347 4781 1494 4847 νοῦν,
1521 4783 1615 4834 καὶ
1640 4778 1858 4851 περιελ-

286 4870 525 4940 κόμενον
545 4873 626 4933 είς
650 4871 883 4939 ματαίας
901 4872 1122 4936 ἐλπίδας
1144 4871 1551 4942 ἀναλαμϐάνειν
1572 4870 1858 4939 δυνώμεθα

286 4962 457 5015 πάλιν
477 4979 493 4993 ο
525 4963 682 5016 τοῦτο
706 4965 800 5016 καὶ.
822 4964 883 5016 τὸ
908 4960 1059 5035 ᾆσμα
1090 4964 1341 5035 βούλεται
1388 4965 1447 5017 τὸ
1481 4964 1740 5035 ᾀδόμενον
1764 4979 1861 5031 με·

284 5052 425 5117 ταξῦ
454 5052 562 5106 τῶν
597 5053 791 5123 τιμίων
815 5052 1004 5124 δώρων
1032 5054 1108 5117 εἰς
1138 5054 1201 5108 τὸ
1224 5054 1610 5125 θυσιαστήριον
1638 5051 1862 5124 κομιζο-

284 5144 488 5215 μένων.

364 5326 559 5379 Πᾶσαν
584 5326 840 5398 βιωτικήν
860 5326 989 5398 γάρ,
1011 5328 1172 5398 φησὶ,
1189 5325 1525 5397 ἀποθώμεθα
1561 5326 1857 5396 μέριμνανο

285 5420 388 5471 καὶ
435 5418 658 5474 τοιαῦτα
695 5420 796 5491 μιν
822 5421 984 5474 τοῦτο
1027 5421 1253 5480 δύναται
1297 5421 1359 5474 τὸ
1409 5421 1581 5490 ῥῆμα.
1620 5420 1775 5473 Ἔστι
1801 5417 1860 5471 δὲ

284 5513 386 5564 καὶ
417 5512 497 5570 τὸ.
530 5511 702 5583 ὀρθοὶ,
750 5511 1083 5582 ἐπιφώνημα
1137 5513 1465 5582 παραίνεσιν
1497 5511 1642 5582 ἔχον.
1676 5511 1775 5572 Τίς
1802 5510 1859 5562 δὲ

284 5604 320 5671 ή
355 5603 721 5674 παραίνεσις;
763 5604 854 5657 Ἐν
882 5606 1090 5674 ἀγωνίᾳ
1119 5607 1268 5675 ἡμᾶς
1316 5600 1458 5658 εἶναι
1506 5605 1757 5674 βούλεται
1781 5601 1861 5672 τῷ

284 5694 412 5763 θεῷ
444 5695 537 5750 καὶ
566 5696 678 5759 τοῖς
710 5697 1029 5766 μυστηρίοις
1060 5698 1511 5768 ἐντυγχάνοντας,
1540 5695 1733 5765 καὶμὴ
1764 5699 1863 5765 ρᾳ-

262 5783 505 5857 θύμως,
537 5787 677 5842 ἀ).λά
729 5788 868 5858 μετὰ
900 5789 1139 5860 σπουδῆς
1172 5790 1266 5843 καὶ
1300 5790 1483 5860 πάσης
1532 5789 1716 5853 αἰδοῦς
1761 5789 1861 5861 τὴν

282 5879 548 5953 τοιαύτην
581 5879 799 5952 ὁμιλίαν
831 5882 1132 5951 ποιεῖσθαι,
1178 5882 1287 5935 εἴτε
1314 5884 1468 5953 ὁρᾷν,
1506 5882 1614 5934 εἴτε
1656 5880 1859 5949 λέγειν,

1959 4694 2065 4741 tem
2098 4701 2205 4743 non
2237 4688 2307 4741 sit
2328 4687 2505 4752 facile;
2536 4696 2821 4756 propterea
2856 4702 2993 4758 opus
3024 4696 3108 4741 est
3135 4685 3353 4754 quidem
3387 4685 3535 4753 ipsos

1954 4792 1990 4832 a
2018 4779 2176 4834 nobis
2202 4780 2339 4849 ipsis
2372 4780 2600 4835 excitari
2637 4788 2695 4835 et
2719 4794 2842 4836 esse
2871 4780 3120 4846 sobrios;
3147 4795 3286 4850 opus
3316 4789 3400 4833 est
3433 4795 3533 4832 au-

1961 4876 2066 4922 tem
2110 4880 2334 4926 externa
2385 4871 2756 4927 admonitione
2780 4911 2798 4937 ,
2832 4882 2890 4927 ut
2918 4880 3160 4927 nostram
3196 4881 3432 4927 mentem
3467 4873 3537 4927 ab

1960 4962 2239 5018 oblivione
2269 4965 2492 5018 assidue
2521 4972 2856 5034 surreptam,
2887 4973 2942 5019 et
2971 4964 3039 5019 ad
3071 4950 3236 5021 vanas
3267 4979 3430 5020 curas
3460 4976 3540 5021 at-

1962 5064 2190 5111 tractam
2222 5055 2499 5126 possimus
2529 5055 2788 5126 recipere.
2818 5056 2936 5112 Hoc
2955 5057 3118 5112 etiam
3135 5058 3239 5114 sibi
3259 5060 3373 5113 vult
3403 5074 3541 5113 can-

1962 5150 2132 5205 ticum
2167 5148 2317 5219 quod
2348 5150 2586 5216 canitur,
2623 5151 2750 5205 dum
2784 5151 3020 5220 pretiosa
3071 5151 3213 5205 dona
3255 5149 3322 5203 ad
3369 5150 3538 5202 altare

1961 5241 2288 5298 afferuntur.
2896 5232 2903 5235 ’

2031 5331 2283 5399 Omnem,
2321 5334 2518 5403 inquit,
2548 5333 2617 5389 de
2647 5334 2796 5390 victu
2825 5334 3255 5390 sollicitudinem
3292 5332 3536 5399 depona-

1962 5437 2108 5478 mus.
2147 5423 2215 5477 Et
2250 5424 2365 5481 lucc
2397 5426 2618 5496 quidem
2666 5426 2769 5483 hoc
2812 5429 3041 5481 verbum
3078 5425 3368 5496 significat.
3411 5421 3540 5477 Haec

1960 5529 2181 5583 quoque
2251 5517 2572 5572 acclamatio
2623 5519 2757 5574 recti
2831 5519 2995 5574 habet
3072 5515 3534 5571 adhortationem.

1964 5606 2098 5672 Quae
2121 5615 2205 5662 est
2233 5618 2414 5663 autem
2448 5610 2796 5664 adhortatio?
2827 5608 2956 5664 Vult
2981 5623 3078 5663 nos
3101 5621 3224 5661 esse
3249 5606 3535 5660 certamini

1963 5698 2203 5754 intentos
2230 5738 2244 5762 ,
2292 5699 2385 5768 qui
2422 5702 2490 5754 ad
2527 5698 2697 5755 Deum
2727 5709 2784 5755 et
2813 5701 2997 5754 divina
3035 5698 3292 5768 mysteria
3323 5697 3536 5752 accedi-

1964 5803 2109 5855 mus,
2140 5799 2194 5844 et
2224 5805 2330 5844 non
2368 5792 2697 5855 socorditer,
2724 5791 2815 5846 sed
2849 5806 2974 5845 cum
3017 5790 3203 5846 studio
3234 5798 3287 5844 et
3309 5790 3537 5858 dilige»-

1967 5880 2063 5946 tia,
2097 5881 2356 5950 omnique
2383 5882 2686 5939 reverentia
2724 5883 2776 5938 iu
2802 5883 2881 5939 eis
2917 5883 3145 5949 versari,
3175 5883 3288 5938 sive
3328 5883 3536 5944 videre,
