4030 6454
246 432 349 496 ιιτ

1444 435 1734 496 LETURG
1749 436 1847 496 ΙίΕ
1890 434 1988 494 EX
2003 433 2219 495 POSIT
2226 432 2323 497 10.

3397 435 3509 500 418'

254 549 417 618 μένην
465 544 748 601 δεικνύναι
791 545 1165 619 βουλομένοις,
1218 548 1288 601 τά
1336 547 1679 604 ἀποστολικά
1714 552 1821 621 πρὸ

1933 549 2302 604 ostensionem
2347 547 2606 619 paulatim
2643 549 2811 604 fuisse
2842 547 3044 605 factam
3086 548 3279 607 volunt
3312 560 3495 607 osten-

250 641 357 694 τῶν
391 639 747 707 Εὑαγγελίων
802 639 1246 708 ἀναγιγνώσκειν
1294 640 1462 702 εἰκός.
1510 640 1610 694 Διὲι
1661 643 1821 696 τοῦτο

255 732 382 802 γὰρ,
412 732 505 784 καὶ
539 732 609 784 τὰ
640 733 742 800 τῆς
791 731 1005 794 τελείας
1048 731 1380 796 ἀναδείξεως
1406 728 1572 787 αὐτοῦ
1614 751 1823 803 σημαν-

263 822 403 887 nua,
432 820 723 876 τελευταῖα
764 822 1127 891 φυλάττεται,
1168 823 1243 885 ὡς
1272 822 1330 876 ἑν
1357 826 1472 887 τοῖς
1512 821 1641 895 ἑξῆς
1669 825 1820 880 ἔστα·

255 915 429 986 δῆλον.

811 1007 1062 1063 ΚΕΦΔΔ.
1125 1004 1255 1063 ΚΓ.

384 1102 521 1171 Περὶ
550 1098 672 1154 τῶν
693 1100 847 1170 μετὰ
878 1096 945 1155 τὸ
979 1101 1350 1172 Etiam—utor
1374 1104 1695 1169 αἰτήσεων.

318 1195 476 1249 Μετὰ
505 1195 561 1249 δὲ
594 1194 677 1254 τὸ,
703 1195 764 1247 τὸ
802 1193 1140 1262 Εὑαγγέλιον
1172 1196 1613 1268 ἀναγνωσθῆναι,
1658 1196 1820 1263 εὖξα-

249 1288 372 1339 σθαι
407 1284 625 1338 κελεύει
671 1283 732 1338 τὸ
758 1284 965 1354 πλῆθος
1005 1286 1034 1338 ὁ
1065 1285 1335 1349 διάκονος.
1365 1285 1599 1357 Εὖχεται
1639 1287 1695 1340 δὲ
1725 1286 1822 1342 καὶ

250 1378 408 1441 αὐτὸς
443 1377 623 1448 ἱερεὺς
671 1375 820 1430 ἔνδον
870 1375 995 1431 καθ’
1025 1377 1222 1431 ἑαυτὸν
1265 1379 1465 1450 ἡσυχῆ,
1513 1380 1612 1444 τὰς
1655 1380 1821 1450 εὐχὰς

253 1469 479 1522 ἐκείνων
512 1467 618 1522 ὑπὸ
640 1468 736 1522 τοῦ
767 1467 904 1522 Θεοῦ
934 1470 1364 1543 προσδεχθῆναι.
1395 1468 1531 1527 Εἶτα
1564 1475 1659 1527 τὸν
1687 1475 1821 1528 Θεὸν

249 1560 609 1630 δοξολογήσας
642 1562 855 1634 μεγάλῃ
882 1561 1003 1632 βοῇ,
1039 1565 1336 1628 κοινωνοὺς
1370 1565 1463 1618 καὶ
1488 1565 1692 1630 αὐτοὺς
1717 1566 1820 1636 τῆς

249 1649 560 1719 δοξολογίας
587 1651 880 1720 λαμϐάνει.
927 1651 1025 1716 Τίς
1056 1652 1113 1706 δὲ
1149 1655 1183 1726 ή
1214 1655 1369 1726 παρὰ
1401 1656 1621 1711 πάντων
1664 1658 1820 1728 εὐχὴ,

255 1741 489 1811 μάλιστα
514 1745 548 1815 ἡ
575 1745 715 1815 μετά
745 1745 807 1799 τδ
830 1745 1163 1815 Εύαγγέλιον
1182 1750 1467 1820 πρέπουσα
1494 1765 1509 1817 ;
1541 1748 1698 1820 ἡτῶν
1727 1768 1821 1821 τη-

254 1833 490 1903 ρούντων
518 1835 581 1889 τὸ
620 1835 978 1905 Εὐαγγέλιον,
1012 1839 1122 1892 τῶν
1157 1839 1558 1911 μιμησαμένων
1602 1840 1702 1912 τὴν
1735 1857 1823 1910 φι-

1924 640 2073 709 dere,
2101 640 2404 711 apostolica
2452 641 2630 712 legere
2664 652 2788 695 ante
2822 640 3111 711 Evangelia
3143 650 3230 697 est
3270 657 3499 698 consen«

1927 743 2173 789 taneum.
2202 734 2499 804 Propterea
2530 733 2673 789 enim
2707 734 2869 788 etiam
2901 749 3022 804 quae
3055 732 3347 804 perfectam
3378 734 3500 806 ejus

1924 825 2295 880 ostensionem
2328 824 2661 897 signiﬁcant,
2691 825 2881 881 ultima
2905 836 3219 893 servantur,
3247 837 3307 883 ut
3333 826 3486 885 niani-

1922 914 2120 972 {estum
2158 916 2264 971 erit
2292 917 2344 971 in
2380 916 2450 971 iis
2483 933 2606 988 qum
2640 925 3076 985 consequuntur.

2518 992 2673 1066 cap;
2708 1008 2898 1064 xxnt.

2207 1103 2282 1159 De
2311 1098 2654 1174 petitionibus
2698 1112 2817 1174 post
2853 1102 3218 1173 Evangelium.

1993 1198 2285 1267 Postquam
2328 1203 2509 1249 autem
2548 1195 2750 1249 lectum
2796 1201 2884 1248 est
2930 1174 3305 1264 Evangelium,
3342 1192 3501 1264 jubet

1922 1291 2188 1347 diaconus
2218 1290 2479 1359 populum
2507 1302 2686 1343 orare.
2714 1284 2847 1342 Orat
2889 1295 3068 1340 autem
3096 1285 3245 1340 intus
3273 1285 3390 1356 ipse
3413 1300 3501 1340 sa-

1923 1386 2117 1439 cerdos
2146 1397 2240 1453 per
2265 1395 2345 1444 se,
2374 1388 2432 1434 ut
2454 1394 2646 1449 preces
2670 1378 2890 1433 illorum
2914 1392 2944 1432 a
2968 1375 3081 1433 Deo
3100 1376 3500 1447 suscipiantur.

1931 1472 2140 1528 Deinde
2184 1486 2309 1528 cum
2341 1472 2512 1527 Deum
2557 1484 2749 1542 magna
2788 1485 2920 1526 voce
2960 1469 3313 1540 gloriﬁcavit,
3352 1468 3502 1538 ipsos

1925 1581 2145 1637 quoque
2179 1564 2362 1621 socios
2391 1573 2445 1620 et
2485 1563 2780 1634 participes
2823 1562 3234 1635 gloriﬁcationis
3273 1562 3497 1631 accipit.

1924 1659 2231 1726 Quamnam
2266 1666 2449 1712 autem
2494 1655 2802 1711 orationem
2838 1654 2908 1709 ab
2942 1653 3196 1709 omnibus
3234 1652 3353 1706 ﬁeri
3385 1668 3504 1707 ma-

1924 1750 2072 1805 xime
2111 1750 2370 1805 convenit
2413 1758 2539 1819 post
2574 1745 2958 1817 Evangelium,
3002 1745 3110 1801 nisi
3150 1759 3248 1815 pro
3288 1743 3356 1799 iis
3405 1744 3502 1815 qui

1926 1853 2151 1902 servant
2186 1845 2566 1916 Evangelium,
2596 1845 2690 1914 qui
2719 1843 2916 1899 imitati
2949 1851 3080 1899 sunt
3109 1841 3501 1914 benignitatem

251 1924 597 1996 λανθρωπίαν
625 1928 721 1983 τοῦ
760 1930 851 1983 διὰ
888 1929 984 1983 τοῦ
1021 1932 1359 2000 Εὐαγγελίου
1413 1931 1821 2003 σημαινομένου

1929 1945 1980 1993 et
2010 1936 2413 1992 humanitatem
2441 1935 2667 2002 Christi,
2688 1935 2781 2005 qui
2805 1949 2902 2005 per
2928 1932 3283 2004 Evangelium
3331 1933 3504 2001 signi-
3572 2002 3581 2009 ε

257 2017 513 2088 Χριστοῦ.
536 2020 799 2085 Καὶτίνες
828 2014 1013 2089 obeat;
1042 2024 1104 2078 Οί
1130 2024 1438 2095 προστάται
1456 2025 1555 2097 τῆς
1590 2024 1823 2097 Ἐκκλη-

255 2108 392 2175 σίας,
426 2110 477 2163 oi
499 2110 648 2164 λαῶν
680 2113 962 2183 ποιμένες,
990 2114 1041 2167 οί
1068 2113 1166 2186 τὴν
1193 2114 1473 2169 πολιτείαν
1508 2115 1818 2181 τάττοντες.

254 2193 407 2255 οὗτοι
441 2201 573 2269 γὰρ,
598 2201 646 2253 εί
674 2200 908 2265 σώζουσι
931 2202 1033 2273 τὴν
1072 2201 1431 2273 ἐπαγγελίαν,
1464 2203 1534 2257 τὰ
1584 2203 1704 2256 ἐκεῖ
1731 2219 1821 2272 γε·

258 2293 554 2361 γραμμένα
582 2292 814 2362 τηροῦσι
862 2292 1047 2357 καλῶς
1091 2294 1187 2347 καὶ
1228 2293 1563 2359 διδάσκουσι,
1614 2295 1708 2347 καὶ
1760 2293 1822 2347 τὸ

256 2382 450 2454 ὑστέρη
459 2400 536 2453 μα
549 2383 644 2437 τοῦ
663 2383 924 2454 Χριστοῦ,
951 2384 1094 2437 κατᾶ
1111 2384 1201 2438 τὸν
1217 2382 1556 2451 Ἀπόστολον,
1578 2382 1823 2453 ἀναπλη-
1854 2387 1863 2395 ’

258 2473 414 2542 ροῦσι
457 2472 577 2543 μετ’
604 2473 812 2527 ἐκεῖνον
849 2473 948 2544 τὴν
993 2472 1161 2527 αὐτοῦ
1186 2473 1423 2543 ποίμνην
1458 2474 1581 2526 κατ’
1611 2473 1822 2526 ἐκεῖνον

257 2564 662 2633 ποιμαίνοντες.
697 2565 819 2619 Ἔτι
857 2565 913 2618 δὲ
936 2566 1032 2619 καὶ
1065 2564 1285 2618 κτίσται
1320 2564 1482 2636 ἱερῶν
1507 2565 1695 2628 οἴκων,
1728 2564 1823 2617 καὶ

254 2658 607 2729 ἐπιμεληταὶ,
641 2658 737 2711 καὶ
792 2657 996 2731 ἀρετῆς
1045 2657 1383 2722 διδάσκαλοι,
1437 2659 1535 2712 καὶ
1590 2660 1644 2712 et
1675 2675 1823 2722 τινες

253 2749 499 2804 ὁπωσοῦν
535 2749 620 2822 τῷ
651 2749 818 2820 κοινῷ
854 2749 957 2819 τῆς
996 2747 1332 2820 Ἐκκλησίας
1375 2751 1469 2804 καὶ
1513 2752 1627 2813 τοῖς
1660 2749 1825 2821 ίεροϊς

252 2841 547 2905 λυσιτελεῖς
611 2843 772 2906 εἰσιν,
830 2841 914 2904 είς
949 2842 1163 2894 ἐκεῖνον
1213 2842 1470 2895 τάττουσι
1502 2845 1591 2896 τὸν
1638 2845 1821 2914 χορὸν,

254 2931 350 2985 καὶ
377 2932 486 2983 τῶν
510 2931 708 2986 κοινῶν
732 2933 872 2985 εἰσιν
892 2930 1036 2996 ἀξιοι
1065 2929 1357 2999 τυγχάνειν
1383 2931 1576 3002 εὐχῶν.
1598 2933 1825 2987 Μέλλων

252 3022 298 3075 δ’
353 3022 449 3076 ἐπὶ
506 3022 607 3094 τὴν
657 3022 852 3078 θυσίαν
904 3022 1006 3094 ἤδη
1059 3022 1285 3093 χωρεῖν,
1395 3027 1651 3095 παρεῖναι
1696 3025 1826 3085 τοὺς

255 3117 537 3187 ἀμυήτους
566 3117 627 3169 ού
663 3116 854 3186 θέμις’
897 3114 993 3178 οὓς
1033 3116 1490 3184 κατηχουμένους
1520 3117 1599 3169 ἔτι
1631 3116 1827 3170 καλοῦ-

259 3224 380 3277 μεν,
410 3208 494 3260 ὅτι
524 3206 720 3278 μέχρις
749 3207 943 3276 ἀκοῆς,
975 3204 1073 3260 καὶ
1095 3205 1217 3258 ὅσον
1247 3204 1572 3262 διδασκαλία
1599 3207 1823 3261 δύναται

257 3300 443 3370 μόνον,
486 3298 579 3353 τὸν
606 3299 1036 3371 Χριστιανισμδν
1070 3300 1399 3367 ὑπεδέξαντο
1429 3315 1447 3334 ο
1481 3298 1707 3366 τούτους
1739 3302 1826 3353 ὲκο

254 3392 444 3446 ϐάλλει
470 3390 560 3445 τοῦ
605 3391 770 3462 χοροῦ
821 3391 932 3446 τῶν
967 3392 1318 3463 Χριστιανῶν
1374 3392 1601 3454 πιστῶν,
1659 3391 1825 3462 εὐχὴν

255 3488 398 3559 ὑπὲρ
422 3487 601 3541 αὐτῶν
628 3487 900 3555 ἀναγνοὺς
922 3487 1215 3560 πρότερον.
1247 3485 1311 3542 Ἦ
1335 3487 1392 3540 δὲ
1422 3485 1580 3556 εὐχὴ,
1608 3485 1826 3538 τελειω-

258 3581 420 3649 θῆναι
467 3580 664 3643 αὐτοὺς
715 3578 811 3633 τοῦ
850 3578 1237 3650 βαπτίσματος
1293 3579 1626 3647 ἀξιωθέντας
1681 3579 1827 3632 κατὰ

261 3670 476 3741 καιρόν·
505 3670 540 3740 ἡ
582 3669 638 3723 δὲ
670 3670 822 3725 αἰτία
862 3672 965 3740 τῆς
1013 3671 1200 3741 εὐχῆς,
1259 3671 1293 3740 ἡ
1343 3668 1438 3723 τοῦ
1496 3667 1631 3722 Θεοῦ
1670 3666 1821 3733 δόξα,

276 3777 299 3810 ι
336 3760 451 3813 Ἵνα
479 3759 576 3816 καὶ
604 3761 781 3827 αὐτοὶ,
809 3763 970 3832 φησι,
1002 3764 1100 3817 σὺν
1125 3763 1261 3834 ἡμῖν
1303 3760 1571 3827 δοξάζωσι
1601 3759 1663 3813 τὸ
1690 3760 1826 3813 πάν-

267 3836 424 3923 τιμον
447 3853 537 3911 καὶ
576 3854 996 3928 μεγαλοπρεπὲς
1034 3854 1208 3925 ὄνομα
1250 3872 1380 3908 σου·
1437 3871 1458 3905 ι
1489 3853 1557 3924 ῆν
1605 3851 1700 3906 καὶ
1751 3852 1826 3915 ὥς

257 3943 565 4013 δοξολογίαν
624 3944 956 4016 ἀναὸοὴσας,
1021 3944 1114 3999 καὶ
1151 3944 1442 4006 κοινωνοὺς
1495 3940 1677 3996 λαῦὼν
1725 3941 1825 4013 τῆς

252 4035 580 4105 δοξολογίας.
607 4034 670 4089 τὸ
699 4032 904 4104 πλῆθος
929 4033 1040 4088 τῶν
1077 4033 1308 4099 πιστῶν,
1340 4032 1511 4102 ἀλλην
1537 4032 1703 4103 εὐχὴν
1732 4031 1827 4085 εῦ-

253 4143 436 4196 χεται,
477 4126 536 4178 ὲν
662 4123 882 4195 πρῶτον
937 4125 1040 4195 μὲν
1071 4125 1391 4196 εὐχαριστεῖ
1434 4123 1514 4192 τῷ
1545 4120 1691 4191 Θεῷ,
1743 4121 1824 4173 ὅτι

250 4221 394 4282 ὅλως
436 4216 646 4287 ’ἠξιώθη
705 4214 936 4270 ἐνώπιον
985 4214 1151 4271 αὐτοῦ
1200 4218 1417 4286 στῆναι,
1468 4217 1563 4267 καὶ
1634 4213 1824 4283 χεῖρας

248 4313 436 4381 αίρείν
472 4309 604 4380 πρὸς
665 4307 849 4374 αὐτὸν,
889 4305 1043 4376 ,ὑπὲρ
1074 4304 1273 4360 ἑαυτοῦ
1325 4306 1421 4358 καὶ
1461 4303 1572 4357 τῶν
1615 4303 1820 4359 ἄλλων·

250 4404 451 4457 ἔπειτα
501 4400 735 4455 ἱκετεύει
804 4398 1110 4467 ἀξιωθῆναι
1143 4396 1302 4451 τοῦτο
1343 4398 1520 4451 ποιεῖν
1556 4397 1646 4450 ἀεὶ
1689 4397 1827 4467 μετά

249 4494 499 4565 καθαροῦ
531 4493 847 4554 συνειδότος.
894 4493 960 4544 Ἡ
990 4491 1046 4545 δὲ
1075 4490 1226 4544 αἰτία
1257 4489 1354 4560 τῆς
1392 4490 1557 4561 εὐχῆς
1593 4488 1822 4559 ταύτης,

1923 2029 2171 2086 θεοιιιιιίρ
2195 2030 2260 2085 Et
2295 2029 2390 2100 qui
2438 2038 2569 2086 sunt
2605 2027 2664 2082 hi
2695 2026 2718 2082 ?
2751 2026 3018 2083 Praesules
3076 2025 3355 2092 Ecclesiae,
3399 2039 3503 2098 po-

1923 2122 2189 2194 pulorum
2236 2129 2504 2193 pastores,
2544 2119 2640 2192 qui
2678 2118 3076 2189 rempublicam
3123 2118 3402 2175 ordinant.
3434 2114 3501 2171 lli

1922 2213 2093 2280 enim,
2151 2212 2199 2268 si
2263 2219 2487 2269 servant
2536 2211 2684 2284 quod
2741 2209 2976 2281 professi
3032 2218 3183 2276 sunt,
3224 2223 3346 2280 qua
3387 2208 3502 2263 illic

1923 2305 2125 2375 scripta
2172 2312 2304 2360 sunt
2338 2304 2566 2374 pulchre
2619 2311 2843 2360 servant
2875 2311 2932 2358 et
2983 2302 3202 2367 docent,
3252 2308 3309 2357 et
3352 2299 3501 2370 quod

1924 2394 2082 2449 deest
2129 2392 2373 2460 Christo,
2430 2401 2491 2448 ut
2548 2401 2739 2449 censet
2800 2392 3119 2463 Apostolus,
3175 2391 3502 2461 adimplent.

1927 2494 2048 2556 post
2088 2486 2267 2551 illum,
2308 2485 2457 2540 illius
2488 2499 2703 2554 gregem
2737 2484 2814 2538 illi
2842 2482 3232 2539 convenienter
3273 2466 3504 2552 pascen-

1927 2585 2028 2632 tes.
2086 2574 2358 2632 Prmterea
2415 2585 2594 2630 autem
2653 2575 2816 2630 etiam
2872 2586 3155 2629 sacrarum
3207 2571 3498 2627 domorum

1923 2675 2297 2722 exstructores
2341 2675 2398 2721 et
2434 2674 2740 2730 curatores,
2775 2674 2826 2719 et
2878 2662 3097 2717 virtutis
3138 2660 3411 2727 doctores,
3446 2669 3503 2715 et

1926 2757 1974 2812 si
2006 2758 2100 2812 ulli
2130 2757 2624 2828 quomodocunque
2653 2755 2933 2812 communi
2964 2755 3223 2810 Ecclesiae
3248 2760 3302 2808 et
3326 2751 3502 2808 sacris

1926 2861 2053 2907 sunt
2082 2850 2266 2917 utiles,
2300 2851 2367 2906 ad
2410 2865 2536 2906 eum
2568 2864 2858 2904 numerum
2894 2846 3230 2907 referuntur,
3257 2853 3311 2900 et
3346 2858 3501 2900 com-

1928 2957 2123 2998 munes
2171 2956 2362 3012 preces
2402 2942 2623 3012 assequi
2659 2940 2806 3011 digni
2851 2948 2997 2994 sunt.
3041 2938 3121 2992 Ad
3171 2936 3501 2993 sacriﬁcium

1927 3044 2107 3089 autem
2136 3033 2247 3103 jam
2282 3047 2668 3103 processurus,
2692 3032 2779 3087 cui
2812 3032 2968 3087 nefas
2995 3041 3075 3086 est
3111 3030 3377 3085 interesse
3405 3044 3503 3086 eos

1928 3127 2021 3197 qui
2052 3141 2160 3181 non
2193 3134 2324 3182 sunt
2352 3124 2632 3198 mysteriis
2675 3123 2900 3186 initiati,
2935 3138 3075 3193 quos
3111 3136 3211 3177 nos
3248 3123 3505 3177 catechu-

1929 3232 2121 3273 menos
2149 3217 2331 3273 adhuc
2361 3231 2644 3282 vocamus,
2675 3215 2824 3286 quod
2862 3215 2926 3268 ad
2962 3213 3299 3268 auditionem
3328 3226 3504 3282 usque

1927 3318 1981 3365 et
2018 3318 2280 3380 quantum
2316 3308 2566 3363 doctrina
2598 3307 2777 3363 solum
2811 3306 2986 3370 licuit,
3017 3304 3503 3361 Christianismum

1926 3411 2317 3475 susceperunt,
2358 3417 2456 3457 eos
2505 3400 2657 3471 ejicit
2704 3415 2769 3454 ex
2813 3401 2985 3453 choro
3033 3397 3310 3465 ﬁdelium,
3364 3395 3506 3452 lecta

1925 3491 2084 3562 prius
2128 3505 2229 3559 pro
2274 3489 2356 3546 eis
2404 3490 2677 3544 oratione.
2714 3487 2905 3542 Oratio
2945 3497 3130 3541 autem
3174 3495 3278 3547 est,
3308 3496 3369 3540 ut
3401 3485 3505 3554 ipsi

1928 3580 2310 3651 perﬁciantur,
2337 3588 2555 3646 tempus
2591 3576 2851 3646 baptismi
2894 3576 3162 3631 assecuti.
3197 3576 3374 3630 Causa
3407 3589 3507 3628 au-

1930 3677 2035 3723 tem
2088 3668 2359 3722 orationis
2388 3677 2472 3722 est
2505 3666 2601 3721 Dei
2635 3666 2808 3737 gloria
2839 3684 2852 3720 :
2892 3682 2910 3716 ι
2949 3664 3016 3721 Ut
3046 3673 3101 3720 et
3144 3665 3269 3734 ipsi,
3307 3664 3503 3733 inquit,

1928 3756 2216 3812 nobiscum
2249 3756 2557 3828 gloriﬁcent
2585 3755 2737 3809 omni
2767 3770 2831 3809 ex
2860 3764 3015 3824 parte
3043 3753 3416 3810 venerandum
3450 3762 3509 3808 et

1929 3848 2279 3918 magniﬁcum
2313 3861 2512 3902 nomen
2543 3854 2715 3901 tuum.
2751 3865 2770 3898 ›
2805 3845 2979 3912 Quam
3018 3854 3308 3916 postquam
3336 3845 3504 3900 etiam

1929 3948 2186 4010 tanquam
2216 3938 2669 4010 gloriﬁcationem
2699 3936 3036 4001 inclamavit,
3060 3946 3114 3992 et
3137 3936 3378 3992 ﬁdelium
3408 3953 3508 4007 po-

1930 4032 2120 4103 pulum
2149 4030 2570 4100 gloriﬁcationis
2601 4029 2923 4100 participem
2960 4028 3198 4099 accepit,
3225 4028 3388 4083 aliam
3422 4029 3508 4083 l'a-

1929 4123 2004 4179 cit
2053 4123 2385 4188 orationem,
2424 4122 2477 4176 in
2526 4136 2635 4192 qua
2681 4121 2919 4190 primum
2954 4118 3189 4190 quidem
3242 4118 3354 4174 Deo
3396 4121 3509 4190 agit

1930 4213 2159 4285 gratias,
2200 4210 2350 4283 quod
2380 4211 2582 4283 dignus
2611 4211 2844 4266 omnino
2873 4210 3093 4266 habitus
3126 4209 3198 4266 sit
3228 4224 3410 4265 coram
3442 4225 3508 4267 eo

1931 4312 2099 4370 stare,
2147 4312 2202 4359 et
2248 4317 2446 4359 manus
2487 4302 2555 4357 ad
2598 4316 2722 4356 eum
2774 4302 2966 4358 tollere
3014 4317 3113 4372 pro
3155 4318 3215 4359 se
3261 4312 3315 4358 et
3353 4301 3508 4370 aliis;

1933 4403 2200 4466 praeterea
2253 4403 2396 4461 orat,
2453 4402 2513 4449 ut
2564 4393 2762 4464 dignus
2819 4407 3037 4464 semper
3084 4393 3350 4449 habeatur
3406 4393 3511 4447 hoc

1940 4488 2126 4542 facere
2156 4501 2280 4542 cum
2310 4500 2450 4557 pura
2491 4485 2854 4541 conscientia.
2893 4484 3075 4540 Causa
3118 4492 3300 4540 autem
3346 4484 3510 4554 lnrjus

246 4591 283 4659 ἡ
320 4586 419 4641 τοῦ
474 4584 609 4638 Θεοῦ
647 4583 808 4648 δόξαο
843 4601 864 4635 ι
917 4584 1040 4637 Ὀτι
1091 4583 1176 4635 σοὶ
1220 4581 1445 4649 πρέπει,
1485 4582 1644 4654 φησὶ,
1680 4583 1826 4634 πᾶσα

1936 4593 2155 4652 quoque
2179 4577 2449 4633 orationis
2488 4585 2576 4633 est
2613 4576 2706 4632 Dei
2737 4576 2932 4646 gloria.
2978 4596 2996 4628 ι
3024 4575 3295 4642 Quoniam
3334 4583 3386 4629 te
3413 4577 3511 4629 de-

248 4680 407 4745 δόξω
436 4698 456 4730 ι
484 4677 575 4731 καὶ
605 4675 747 4730 σ’ύτω
792 4675 933 4728 κατά
957 4675 1020 4728 τὸ
1047 4673 1235 4736 εἰωθὸς
1279 4672 1419 4744 μετὰ
1459 4671 1555 4725 τοῦ
1585 4670 1832 4742 πλήθους

246 4771 644 4840 δοξολογήσας,
673 4768 839 4822 πάλιν
863 4767 951 4837 ἐφ’
973 4767 1163 4821 ἑαυτὸν
1185 4767 1212 4817 ὁ
1244 4766 1423 4837 ἱερεὺς
1449 4763 1667 4835 εὔχεται
1689 4762 1831 4832 ὑπὲρ

246 4866 461 4929 αὐτῶν,
495 4861 710 4916 καὶτοῦ
737 4862 996 4932 πλήθους,
1050 4858 1193 4913 ὥστε
1253 4856 1417 4913 αὐτὸν
1460 4843 1832 4925 ἀκατάὂιριτον

249 4957 612 5027 παραστῆναι
650 4958 715 5025 τῇ
753 4954 886 5025 ἁγίᾳ
913 4951 1199 5024 τραπέζῃ,
1257 4947 1498 5017 καθαρὸν
1547 4943 1832 5018 μολυσμοῦ

248 5050 465 5119 σαρκδ;
508 5048 600 5100 καί
647 5045 986 5115 πνεύματοςυ
1020 5042 1146 5105 τοὺς
1176 5041 1232 5095 δὲ
1276 5040 1710 5110 συνευχομένους
1748 5055 1834 5090 πι-

248 5143 424 5203 στοὺς
456 5142 564 5193 τῶν
620 5136 936 5208 μυστηρίων
968 5135 1263 5205 μετασχεῖν
1310 5131 1629 5201 ἀξιωθῆναι.
1664 5130 1834 5199 χωρὶς

244 5237 453 5305 ἐνοχῆς
509 5233 605 5286 καὶ
657 5228 1062 5299 κατακρίσεως,
1122 5228 1216 5279 καὶ
1271 5224 1407 5294 πρὸς
1466 5221 1680 5283 τούτοις
1735 5220 1832 5290 τῆς

250 5325 547 5397 βασιλείας
581 5323 689 5376 τῶν
723 5320 971 5392 οὐρανῶν
1001 5320 1448 5387 κληρονομῆσαι*
1491 5314 1586 5367 καὶ
1622 5315 1655 5382 ἢ
1687 5312 1836 5367 αίτία

242 5422 357 5491 τῆς
387 5419 555 5489 εὐχῆς
585 5417 746 5470 πάλιν
787 5418 821 5484 ἡ
852 5413 948 5467 τοῦ
981 5413 1116 5467 Θεοῦ
1162 5410 1309 5476 δόξα,
1341 5411 1419 5473 εἰς
1454 5407 1521 5467 ἣν
1562 5408 1591 5460 ὁ
1624 5406 1837 5468 Παῦλος

245 5510 544 5572 ἐκέλευσε,
579 5507 753 5575 λέγων
776 5519 792 5535 ⁸
828 5524 847 5557 ι
895 5504 1079 5558 Πάντα
1105 5504 1184 5564 εἰς
1214 5501 1373 5564 δόξαν
1406 5495 1541 5550 Θεοῦ
1575 5496 1830 5547 ποιεῖτε.»

248 5603 434 5656 Τοῦτο
466 5598 606 5671 ἡμῖν
638 5600 779 5651 ἔστω
810 5594 1089 5666 πανταχοῦ
1125 5592 1350 5654 σκοπὸς,
1390 5591 1546 5659 φησὶ,
1579 5587 1669 5639 τὸν
1702 5583 1837 5637 Θεὸν

249 5692 610 5761 δοξάζεσθαι.
644 5689 711 5743 Οἱ
743 5689 981 5759 γεωργοὶ
1007 5686 1164 5748 τέλος
1191 5681 1473 5735 ποιοῦνται
1500 5679 1609 5731 τῶν
1639 5678 1834 5743 πόνων,

247 5789 361 5857 τὴν
395 5785 577 5856 φορὰν
608 5781 717 5834 τῶν
753 5781 1005 5851 καρπῶν,
1045 5779 1131 5848 ἐφ’
1167 5771 1249 5840 οἷς
1293 5772 1575 5840 αἱροῦνται
1614 5769 1798 5822 πονεῖν
1823 5784 1835 5798 ’

244 5883 350 5934 καὶ
385 5881 433 5933 ol
468 5877 706 5948 ἔμποροι
733 5875 793 5928 τί)
832 5873 1045 5944 κέρδος,
1082 5873 1177 5925 καὶ
1211 5870 1370 5929 ἄλλος
1401 5867 1527 5922 ἄλλο
1564 5878 1636 5917 τισ
1676 5864 1837 5931 ὑμεῖς

1932 4680 2040 4732 cet.
2089 4668 2292 4739 inquit,
2336 4669 2520 4724 omnis
2566 4667 2772 4738 gloria;
2803 4687 2821 4720 ι
2855 4675 2909 4722 οι
2950 4668 3022 4722 ita
3073 4675 3358 4736 postquam
3408 4679 3510 4735 pro

1935 4775 2088 4817 more
2112 4776 2236 4816 cum
2270 4760 2474 4831 populo
2502 4758 2853 4830 glorillcavit,
2893 4751 3088 4813 rursus
3119 4756 3261 4828 apud
3293 4773 3351 4812 se
3389 4765 3513 4812 orat

1934 4867 2036 4923 pro
2070 4852 2256 4920 seipso
2312 4861 2365 4907 et
2411 4851 2633 4921 populo,
2663 4856 2725 4904 ut
2769 4850 3012 4920 seipsum
3055 4850 3274 4913 quidem
3310 4859 3514 4905 sancta:

1934 4956 2140 4997 mensae
2188 4955 2297 4995 non
2346 4938 2821 4995 condemnandum
2872 4936 3150 5001 exhibeat,
3200 4951 3396 5005 purum
3444 4935 3514 4989 ab

1937 5033 2357 5100 inquinamento
2400 5030 2586 5086 carnis
2627 5038 2680 5084 et
2729 5029 3005 5098 spiritus:
3052 5043 3147 5082 eos
3194 5042 3378 5082 autem
3418 5026 3511 5096 qui

1939 5139 2045 5179 una
2079 5131 2397 5193 precantur,
2433 5122 2642 5185 ﬁdeles,
2688 5130 2744 5173 ut
2774 5135 2896 5175 esse
2930 5122 3316 5190 mysteriorum
3344 5119 3515 5187 parti-

1938 5217 2087 5286 cipes
2117 5214 2267 5286 digni
2305 5215 2631 5277 habeantur,
2663 5214 2871 5282 absque
2909 5222 3062 5267 reatu
3097 5223 3150 5266 et
3183 5211 3516 5265 condemna-

1940 5313 2107 5374 tione,
2134 5320 2188 5365 et
2216 5318 2479 5378 praeterea
2508 5306 2774 5362 caelorum
2800 5320 2971 5378 regno
3004 5304 3152 5375 digni
3186 5303 3509 5357 habeantur.

1938 5402 2006 5456 Et
2040 5401 2305 5455 orationis
2339 5415 2532 5456 rursus
2559 5414 2725 5453 causa
2754 5407 2838 5454 est
2883 5398 2979 5452 Dei
3028 5396 3225 5465 gloria,
3260 5395 3312 5446 in
3345 5406 3511 5462 quam
3555 5403 3566 5411 ·

1939 5493 2123 5547 omnia
2169 5491 2351 5547 facere
2399 5491 2559 5560 jubet
2605 5490 2833 5555 Paulus,
2874 5491 3104 5544 dicens:
3161 5504 3179 5537 ι
3210 5485 3407 5539 Omnia
3453 5484 3511 5536 in

1941 5585 2174 5656 gloriam
2206 5583 2299 5637 Dei
2338 5583 2523 5637 facite.
2556 5599 2575 5635 ι
2620 5580 2722 5635 llic
2754 5582 2847 5643 sit,
2875 5579 3069 5648 inquit,
3103 5576 3259 5631 nobis
3297 5588 3518 5644 semper

1940 5692 2164 5748 scopus,
2195 5675 2367 5731 Deum
2416 5673 2750 5745 gloriﬁcare.
2796 5669 3060 5741 Agricolae
3112 5669 3362 5722 laborum
3412 5665 3516 5720 sibi

1946 5770 2106 5822 linem
2158 5776 2473 5836 proponunt
2503 5763 2781 5821 fructuum
2824 5761 3261 5832 productionem,
3296 5769 3517 5830 pr0pter

1943 5873 2080 5929 quos
2112 5858 2343 5915 libenter
2370 5858 2665 5925 laborant;
2705 5864 3038 5911 mercatores
3069 5863 3251 5909 autem
3280 5853 3514 5915 lucrum,
