4030 6480
545 414 656 482 tta
1808 380 2113 475 NicoLAt

545 540 603 585 et
624 528 719 582 alii
769 525 940 583 aliud.
968 523 1079 581 Vos
1129 531 1340 590 autem,
1374 522 1429 578 in
1471 522 1731 578 omnibus
1763 538 1883 594 quae.
1928 522 2134 590 l‘acitis,

546 620 778 692 gloriam
815 618 905 673 Dei
946 615 1196 687 quaerite.
1237 612 1395 669 Servi
1427 613 1572 669 enim
1615 629 1828 677 sumus,
1872 614 1976 669 hoc
2018 613 2126 668 Do-

552 713 705 765 mino
740 712 1001 764 debentes
1036 705 1428 769 ministerium,
1460 713 1521 759 ut
1554 705 1647 776 qui
1674 720 1772 775 pro
1819 707 1939 776 ipso
1974 713 2028 760 et
2057 705 2127 761 ab

548 802 710 857 initio
753 798 955 854 conditi
1011 814 1225 861 sumus,
1279 806 1334 851 et
1368 804 1554 865 postea
1590 796 1800 866 empti;
1839 804 2129 867 propterea

547 890 794 948 invenies
862 890 1163 945 Ecclesiam
1232 887 1324 943 Dei
1358 888 1544 958 gloria:
1576 888 1778 958 ubique
1809 903 1995 943 curam
2037 903 2130 958 ge-

548 994 688 1044 rere,
720 991 774 1035 et
807 980 911 1033 hoc
948 979 1174 1034 verbum
1207 980 1591 1047 susquedeque
1640 979 1900 1043 clamare,
1923 988 1978 1033 et
2007 993 2127 1033 eam

544 1088 645 1142 per
696 1072 880 1126 omnia
928 1071 1176 1135 laudare,
1221 1082 1275 1125 et
1304 1086 1425 1125 eam
1464 1070 1648 1125 omnia
1692 1070 2038 1133 existimare,
2076 1077 2132 1124 et

549 1164 617 1218 ad
652 1179 771 1218 eam
803 1163 986 1218 omnia
1016 1161 1220 1227 facere,
1254 1162 1554 1227 orationes,
1590 1176 1803 1229 preces,
1834 1162 2129 1232 mysterio-

549 1270 673 1309 rum
708 1269 803 1310 seu
846 1250 1316 1308 sacramentorum
1343 1253 1768 1315 celebrationes,
1799 1253 2132 1308 adhortatio-

546 1359 666 1411 nes,
697 1343 964 1415 quidquid
1003 1359 1245 1400 sacrum.
1273 1343 1337 1397 Et
1369 1345 1485 1398 haec
1519 1343 1738 1411 quidem
1780 1343 1885 1397 hoc
1943 1344 2126 1399 modo.

1167 1434 1321 1489 CAP.
1353 1432 1547 1489 XXIV.

622 1525 695 1582 De
728 1527 1115 1583 introductione
1146 1541 1421 1583 sacrorum
1466 1525 1727 1581 donorum
1759 1525 1829 1582 ad
1866 1525 2057 1581 altare.

622 1707 897 1762 Sacerdos
932 1714 1142 1770 autem,
1185 1717 1480 1778 postquam
1526 1722 1650 1762 cum
1689 1706 1925 1760 clamore
1963 1705 2132 1761 Deum

548 1800 895 1871 gloriﬁcavit,
931 1799 1077 1852 venit
1104 1797 1171 1852 ad
1198 1798 1364 1860 dona,
1398 1809 1451 1851 et
1483 1812 1607 1852 cum
1653 1813 1715 1851 ea
1755 1798 1807 1851 in
1832 1807 1994 1868 caput
2023 1798 2137 1851 val-

548 1895 617 1949 de
653 1894 884 1949 honeste
908 1900 962 1947 et
990 1902 1301 1948 reverenter
1348 1893 1591 1958 sustulit,
1620 1892 1898 1963 egreditur
1930 1909 1945 1959 ;
1985 1892 2135 1948 etsic

549 2001 615 2041 ea
672 1985 873 2049 ferens,
925 1984 1073 2039 ducit
1113 1984 1177 2038 ad
1239 1984 1436 2049 altare,
1471 1984 1538 2038 de
1600 1985 1870 2040 industria
1899 1985 2135 2040 cireum-

551 2076 763 2132 durens
809 2056 873 2129 in
929 2074 1135 2145 templo
1175 2082 1397 2143 propter
1426 2075 1710 2144 populum,
1743 2076 1924 2146 quiete
1957 2085 2010 2130 et
2039 2091 2135 2146 pe-

550 2168 830 2223 detentim.
865 2166 973 2237 ipsi
1016 2177 1199 2221 autem
1234 2176 1459 2230 canunt,
1492 2175 1546 2221 et
1589 2182 1763 2238 genua
1804 2182 1928 2222 cum
1984 2167 2131 2221 omni

550 2259 853 2314 reverentia
881 2266 937 2312 et
981 2257 1243 2327 religione
1294 2255 1598 2320 inﬂectunt,
1657 2266 1911 2329 rogantes
1950 2268 2009 2314 ut
2039 2274 2129 2312 eo-

551 2365 672 2403 rum
702 2349 773 2404 sit
820 2364 1030 2404 memor
1078 2351 1129 2403 in
1179 2349 1447 2403 donorum
1477 2350 1772 2404 oblatione.
1805 2350 1923 2420 Ipse
1950 2359 2131 2406 autem

548 2444 818 2515 procedit,
846 2444 1138 2498 comitatus
1170 2442 1516 2511 lampadibus
1565 2450 1621 2497 et
1651 2442 1946 2509 sul‘ﬁtibus,
1971 2454 2026 2499 et
2057 2444 2133 2499 ita

554 2553 615 2593 se
646 2537 877 2602 habens,
912 2536 1077 2591 altare
1104 2537 1432 2606 ingreditur.
1461 2535 1587 2592 llmc
1620 2547 1801 2591 autem
1844 2537 1981 2592 liunt
2009 2539 2133 2607 qui-

549 2630 673 2683 dem
707 2629 771 2682 ad
808 2644 966 2684 usum
1004 2646 1020 2696 ;
1061 2629 1347 2699 oportebat
1380 2630 1526 2683 enim
1571 2630 1754 2684 al‘l‘erri
1799 2638 1854 2684 et
1884 2629 1938 2684 in
1975 2630 2131 2685 altari

550 2722 735 2790 reponi
774 2720 915 2774 dona
975 2735 1098 2790 qua:
1164 2730 1295 2775 sunt
1336 2721 1730 2785 sacrilicanda,
1777 2720 1940 2791 idque
2003 2738 2130 2776 eum

550 2827 716 2881 quam
748 2811 984 2865 maximo
1014 2810 1127 2865 ﬁeri
1157 2821 1341 2881 potest
1372 2812 1581 2866 honore
1618 2824 1673 2866 et
1706 2814 2024 2868 reverentia.
2055 2814 2131 2877 Ita

551 2903 696 2955 enim
730 2900 1221 2958 introducebantur
1264 2903 1405 2956 dona
1443 2902 1534 2957 Dei
1595 2905 2038 2975 quandoquidem
2074 2916 2129 2961 et

551 3011 729 3064 reges,
786 3010 910 3049 cum
939 3003 1215 3066 oporteret
1262 2996 1411 3065 ipsos
1443 2995 1555 3052 Deo
1585 2997 1726 3052 dona
1762 2995 1983 3063 olIcrre,
2021 3013 2129 3052 rem

555 3102 660 3140 non
697 3087 817 3140 aliis
872 3087 1308 3150 committebant,
1335 3088 1428 3141 sed
1460 3088 1561 3157 ipsi
1587 3104 1683 3159 per
1705 3088 1914 3158 seipsos
1951 3088 2131 3143 l'ercn-

555 3175 658 3241 tes,
690 3192 751 3230 ea
777 3177 1025 3232 coronati
1058 3177 1498 3233 introducebant.

627 3265 867 3320 Possunt
907 3276 1088 3321 autem
1136 3267 1249 3320 inec
1289 3267 1453 3321 etiam
1517 3265 1720 3322 habere
1774 3265 2134 3337 signiﬁcatio-

560 3372 683 3411 nem
718 3357 919 3411 ultimae
941 3356 1143 3412 Christi
1177 3357 1530 3421 ostensionis,
1564 3372 1661 3426 per
1691 3372 1856 3424 quam
1894 3359 2131 3414 maxime

557 3447 911 3502 Hebraeorum
948 3447 1209 3503 invidiam
1246 3448 1526 3513 accendit,
1558 3448 1779 3518 quando
1805 3447 1971 3503 etiam
2006 3464 2133 3520 pro-

557 3540 729 3594 l'ectus
783 3549 870 3595 est
900 3539 987 3594 via
1027 3554 1151 3609 qua;
1174 3539 1326 3594 ducit
1358 3555 1388 3594 a
1415 3538 1591 3609 patria
1640 3539 1695 3593 in
1727 3539 2055 3606 Jerusalem,
2079 3545 2133 3598 in

557 3644 665 3699 qua
697 3630 985 3699 oportebat
1041 3645 1166 3685 eum
1211 3629 1537 3699 sacriﬁcari,
1566 3631 1787 3700 quando
1818 3641 1873 3686 et
1930 3633 1983 3686 in
2017 3633 2134 3689 asi-

565 3735 638 3774 no
676 3728 866 3776 vectus
906 3722 1095 3776 urbem
1159 3722 1439 3789 ingressus
1483 3732 1586 3789 est,
1638 3738 1667 3776 a
1734 3724 1923 3781 multis
1966 3724 2134 3782 dedu-

555 3822 699 3877 ctus,
748 3824 802 3869 et
840 3813 1069 3868 canticis
1112 3813 1442 3869 celebratus.
1496 3816 1719 3885 Oportet
1763 3827 1944 3872 autem
1971 3819 2134 3873 etiam

557 3917 688 3960 tunc
741 3906 806 3960 ad
834 3906 1135 3962 sacerdotis
1161 3921 1336 3975 genua
1360 3905 1665 3975 procidere,
1684 3917 1732 3964 et
1758 3924 1919 3966 orare
1940 3920 1998 3965 ut
2027 3910 2137 3966 illis

557 3998 902 4054 orationibus
965 3999 1138 4052 nostri
1202 3999 1534 4056 meminerit.
1587 3997 1778 4069 Neque
1841 4002 1988 4057 enim
2052 4010 2139 4057 est

559 4090 698 4143 alius
733 4091 920 4144 modus
947 4089 1365 4159 supplicationis
1395 4093 1485 4162 qui
1509 4100 1722 4148 tantum
1745 4093 1940 4165 possit,
1964 4104 2019 4149 et
2041 4094 2135 4164 qui

558 4178 735 4248 magis
782 4178 995 4232 ﬁrmam
1046 4187 1102 4233 et
1127 4181 1385 4236 stabilem
1445 4182 1605 4238 nobis
1654 4197 1804 4252 spem
1857 4184 2133 4253 praebeat,

560 4286 724 4340 quam
755 4272 846 4339 qui
877 4270 936 4324 ﬁt
961 4285 1059 4342 per
1087 4270 1192 4327 hoc
1214 4272 1586 4329 venerandum
1613 4274 1965 4339 sacriﬁcium,
1991 4276 2137 4345 quod

560 4363 867 4431 impietates
927 4370 981 4417 et
1024 4363 1344 4434 iniquitates
1401 4366 1592 4423 mundi
1626 4367 1799 4438 gratis
1856 4367 2134 4438 purgavit.

566 4452 621 4507 Si
652 4452 746 4524 qui
784 4462 965 4510 autem
997 4470 1188 4511 eorum
1235 4457 1330 4527 qui
1369 4458 1654 4514 sacerdote
1689 4472 1816 4514 eum
1863 4458 2026 4515 donis
2055 4460 2139 4514 in-

562 4545 840 4615 grediente
863 4546 1012 4601 humi
1033 4546 1422 4617 procumbunt,
1443 4559 1703 4618 tanquam
1726 4562 1926 4617 corpus
1942 4558 1995 4604 et
2013 4565 2137 4605 san-

562 4639 780 4708 guinem
812 4639 1040 4705 Christi,
1069 4639 1213 4695 dona
1240 4655 1363 4710 qua:
1395 4639 1674 4705 deferunt,
1707 4639 1939 4695 adorant
1966 4653 2020 4695 et
2051 4641 2130 4695 al-

563 4728 884 4797 loquuntur,
917 4731 985 4785 ab
1017 4731 1265 4799 ingressu
1320 4731 1900 4801 praesattetiﬁcatorum
1961 4732 2134 4788 dono-

560 4837 685 4876 rum
720 4822 929 4892 decepti
961 4832 1108 4888 sunt,
1142 4824 1463 4892 ignorantes
1487 4824 1846 4880 diﬁ‘erentiam
1882 4827 2040 4895 hujus
2082 4837 2137 4883 et

564 4911 710 4966 illius
744 4914 1021 4970 sacriﬁcii.
1053 4912 1169 4969 Hoc
1193 4914 1339 4970 enim
1373 4915 1427 4970 in
1459 4916 1578 4986 ipso
1611 4915 1863 4987 ingressu
1907 4934 2015 4974 non
2042 4935 2135 4975 sa-

564 5002 807 5058 crilicata
860 5004 1028 5060 habet
1082 5006 1251 5072 dona,
1295 5014 1351 5060 et
1412 5006 1653 5061 nondum
1706 5008 2135 5076 perl'ecta:illud

565 5106 772 5161 autem,
799 5097 1039 5165 porreeta
1058 5107 1112 5151 et
1145 5095 1508 5161 sanctiﬁcata,
1535 5107 1587 5151 et
1614 5111 1814 5168 corpus
1844 5102 2136 5171 etsangui-

566 5199 689 5239 nem
720 5186 943 5241 (λιιι-ἰεῦ.
983 5186 1049 5241 Ει
1082 5186 1199 5241 haec
1230 5185 1449 5255 quidem
1475 5187 1556 5243 sic
1594 5187 1817 5244 habent.

1165 5296 1319 5352 CAP.
1352 5298 1496 5354 XXV

572 5407 648 5461 De
683 5410 924 5478 precibus
974 5417 1092 5477 post
1117 5409 1472 5477 pretiosorum
1499 5412 1755 5467 donorum
1786 5416 2138 5473 introductio-

724 5495 861 5541 nem,
915 5488 960 5530 et
995 5479 1266 5555 pt'wceplis
1290 5485 1573 5537 sacerdotis
1605 5485 1680 5539 ad.
1706 5488 1978 5556 populum.

646 5624 913 5678 Sacerdos
956 5637 1136 5682 autem
1166 5628 1308 5685 dona
1358 5636 1569 5703 quidem
1601 5639 1753 5707 ponit
1785 5657 1947 5710 super
1988 5657 2139 5696 men-

577 5728 736 5777 sant;
793 5713 909 5782 ipse
928 5727 1131 5785 autem,
1169 5730 1229 5775 ut
1257 5725 1347 5790 qui
1372 5725 1486 5794 jam
1535 5742 1780 5786 versetur
1812 5734 1863 5785 in
1894 5735 2138 5802 mysterii

577 5803 959 5874 Celebratioue,
992 5819 1045 5865 et
1074 5814 1436 5873 venerandam
1460 5822 1532 5878 sit
1560 5822 1794 5877 hostium
1832 5836 2134 5880 contrecta~

2158 416 2550 479 CABASIL/E
3618 468 3624 473 ~
3672 430 3756 508 420

2165 528 2208 585 A
2239 526 2294 581 δὲ
2312 527 2371 580 ὲν
2392 527 2597 582 ἅπασιν
2615 522 2697 590 οἷς
2729 527 2967 592 ποιεῖτε,
2995 527 3096 597 τὴν
3112 526 3271 593 δόξαν
3297 529 3390 585 τοῦ
3405 531 3532 588 Θεοῦ
3559 535 3757 609 ζητεῖτε·

2229 619 2418 673 Δοῦλοι
2458 622 2566 690 γάρ
2613 620 2782 689 ἐσμεν
2804 661 2820 686 ,
2864 620 3076 691 ταύτην
3100 623 3410 691 ὀφείλοντες
3440 626 3514 696 τῷ
3544 630 3759 704 Δεσπότῃ

2228 710 2328 781 τὴν
2365 711 2668 775 διακονίαν,
2713 713 2789 774 ὡς
2837 713 2905 767 ἂν
2943 714 3086 785 ὑπὲρ
3116 716 3311 786 αὐτῆς,
3350 719 3444 771 καὶ
3491 721 3763 786 κτισθέντες

2229 802 2324 857 ὑπ’
2354 800 2556 869 αὐτοῦ,
2593 803 2691 874 τὴν
2738 803 2941 873 ἀρχὴν,
2989 806 3085 858 καὶ
3115 804 3345 876 ὕστερον
3381 809 3762 877 ἀγορασθέντες.

2233 897 2338 948 Διὰ
2364 894 2524 948 τοῦτο
2574 895 2673 965 τὴν
2719 895 3051 967 Ἐκκλησίαν
3086 898 3343 968 εὑρήσεις
3371 900 3468 969 τῆς
3496 902 3643 970 δόξης
3684 905 3762 957 τοῦ

2229 984 2367 1038 Θεοῦ
2406 985 2801 1055 φροντίζουσαν
2838 986 3117 1055 πανταχοῦ
3147 1026 3163 1052 ,
3219 989 3313 1041 καὶ
3358 989 3500 1042 τοῦτ’
3548 990 3650 1045 ἄνω
3690 995 3764 1045 καὶ

2229 1078 2383 1130 κάτω
2398 1075 2610 1147 βοῶσαν
2632 1075 2692 1130 τὸ
2719 1078 2872 1147 ῥῆμα
2892 1118 2909 1143 ,
2926 1079 3022 1131 καὶ
3042 1077 3246 1149 ταύτην
3263 1078 3352 1133 διὰ
3372 1080 3577 1134 πάντων
3596 1082 3765 1151 ὑμνοῦ-

2233 1187 2355 1234 σαν,
2379 1172 2475 1224 καί⁵
2491 1173 2669 1225 πάντα
2709 1171 2878 1241 αὐτὴν
2902 1173 3234 1242 ἡγουμένην,
3275 1174 3374 1226 καὶ
3419 1174 3551 1243 πρὸς
3588 1173 3762 1244 ταύτην

2233 1264 2412 1318 πάντα
2435 1263 2815 1329 ποιοῦσαν,τὰς
2832 1263 3028 1334 εύχας,
3050 1265 3148 1321 τὰς
3170 1265 3406 1334 δεήσεις,
3429 1266 3524 1323 τὰς
3550 1266 3762 1337 μυήσεις,

2229 1355 2329 1419 τὰς
2384 1356 2756 1426 παραινέσεις,
2775 1358 2882 1409 πᾶν
2934 1355 3099 1425 ίερόν.
3123 1358 3235 1411 Kal.
3253 1355 3424 1411 ταῦτα
3460 1356 3555 1425 μὲν
3597 1356 3759 1419 οὕτως.

2811 1448 3066 1504 ΚΕΦΑΛ.
3115 1450 3244 1503 ΚΔ’.

2233 1542 2370 1610 Περὶ
2407 1541 2518 1611 τῆς
2569 1542 2658 1606 εἰς
2706 1540 2773 1595 τὸ
2822 1541 3265 1613 θυσιαστήριον
3305 1540 3627 1613 εἰσαγωγῆς
3665 1538 3759 1593 τῶν

2789 1612 3002 1680 τιμίων
3028 1610 3255 1681 δώρων.

2319 1703 2379 1758 Ὀ
2411 1703 2469 1758 δὲ
2516 1704 2692 1776 ἰερεὺς
2750 1702 2846 1775 βοῇ
2884 1704 2977 1756 τὸν
3023 1705 3155 1758 Θεὸν
3204 1704 3558 1775 δοξολογήσας
3580 1703 3761 1773 ἔρχεται

2239 1797 2332 1850 ἐπὶ
2362 1798 2431 1851 τά
2468 1795 2637 1868 δῶρα.
2672 1798 2765 1849 καὶ
2815 1797 3138 1866 ἀνελόμενος
3184 1798 3279 1850 ἐπὶ
3317 1797 3415 1866 τῆς
3449 1796 3673 1866 κεφαλῆς
3696 1812 3762 1847 κο·

2243 1888 2439 1958 σμίως,
2482 1888 2690 1950 ἕξεισιο
2747 1889 2840 1942 καὶ
2889 1888 3063 1950 οὕτως
3120 1888 3260 1942 αὐτὰ
3314 1889 3570 1959 κομίζων,
3604 1888 3682 1940 ἐπὶ
3717 1886 3762 1939 ab

2242 1978 2634 2050 θυσιαστήριον
2658 1982 2891 2048 εἰσάγει,
2917 1984 3195 2050 περιάγων
3221 1983 3468 2051 ἐπίτηδες
3488 1984 3544 2035 ἐν
3561 1981 3634 2049 τῷ
3655 1979 3761 2049 ναῷ,

2242 2068 2403 2139 σχολῇ
2441 2072 2533 2123 καὶ
2569 2069 2757 2141 βάδην.
2804 2072 2914 2124 Καὶ
2967 2073 3121 2125 αὐτοὶ⁵
3172 2073 3390 2145 ᾅδουσι,
3433 2076 3524 2127 καὶ
3572 2070 3762 2141 προσπί-

2243 2176 2468 2214 πτουσιν
2498 2159 2668 2232 αὐτῷ,
2705 2164 2803 2216 σὺν
2831 2163 2972 2216 αἰδοῖ
3001 2165 3149 2235 πάσῃ
3190 2166 3286 2219 καὶ
3312 2164 3579 2234 εὐλαϐείᾳ,
3607 2162 3761 2230 δεόμε-

2240 2270 2321 2306 νοι
2350 2255 2574 2324 μνήμης
2613 2256 2745 2325 παρ’
2789 2253 2939 2324 αὐτῷ
2986 2258 3194 2326 τυχεῖν,
3250 2260 3309 2308 ἐν
3347 2259 3412 2327 τῇ
3460 2255 3562 2309 τῶν
3607 2253 3761 2322 δώρων

2242 2349 2602 2417 προσαγωγῇ.
2660 2348 2775 2401 Kal.
2832 2346 2996 2411 αὐτὸς
3065 2352 3241 2418 χωρεῖ
3302 2348 3636 2418 πεμπόμενος
3680 2344 3760 2398 ύπξ

2239 2437 2492 2507 λαμπάσι
2520 2438 2616 2492 καὶ
2646 2438 2955 2511 θυμιάμασι
2978 2457 2993 2472 ο
3034 2442 3129 2495 καὶ
3148 2441 3328 2507 οὕτως
3355 2442 3512 2513 ἔχων,
3533 2440 3589 2492 τὸ
3613 2439 3762 2491 θυσια-

2241 2532 2462 2599 στήριον
2507 2531 2840 2601 εἰσέρχεται.
2895 2531 3081 2587 Ταῦτα
3129 2533 3187 2586 δὲ
3242 2534 3454 2602 γίνεται
3503 2530 3595 2601 μὲν
3645 2529 3756 2580 κατὰ

2239 2623 2462 2693 χρείαν·
2519 2622 2626 2675 ἔδει
2661 2622 2771 2694 γὰρ
2821 2623 3130 2695 ἐνεχθῆναι,
3172 2626 3270 2679 καὶ
3317 2625 3393 2697 τῷ
3437 2617 3757 2687 θυσιαστηρίῳ

2240 2712 2581 2783 ἀποτεθῆναι
2607 2714 2675 2767 τὰ
2707 2714 2934 2769 θύεσθαι
2972 2715 3240 2786 μέλλοντα
3286 2716 3468 2786 δῶρα·
3516 2713 3606 2765 καὶ
3635 2709 3758 2762 τοῦτο

2241 2806 2455 2876 σεμνῶς
2484 2805 2558 2868 ὡς
2587 2804 2765 2871 ἔξεστι
2790 2806 2884 2860 καὶ
2913 2808 3179 2878 κοσμίως.
3216 2807 3372 2862 Οὕτω
3394 2807 3499 2875 γὰρ
3525 2804 3758 2871 εἰσήγοντο

2238 2899 2304 2951 τὰ
2337 2896 2484 2970 δῶρα
2515 2898 2607 2952 τοῦ
2648 2898 2817 2952 Θεοῦ’
2870 2899 2992 2952 ἐπεὶ
3041 2900 3136 2953 καὶ
3177 2900 3231 2953 οἱ
3265 2897 3500 2970 βασιλεῖς
3537 2893 3667 2959 δῶρα
3694 2887 3754 2953 τῷ

2238 2988 2357 3058 Θεῷ
2395 2989 2699 3059 προσάγειν
2729 2989 2930 3058 δεῆσαν
2960 2989 3163 3053 αὐτοῖς,
3215 2991 3317 3043 οὐκ
3357 2987 3530 3048 ἄλλοις
3564 2984 3617 3035 τὺ
3646 2979 3756 3048 ’τρί’

2239 3096 2357 3151 γμα
2398 3079 2741 3150 ἐπέτρεπον,
2791 3080 2909 3134 ἀλλ’
2953 3079 3109 3135 αὐτοὶ
3139 3079 3207 3132 δι’
3242 3078 3449 3134 ἑαυτῶν
3490 3073 3756 3145 κομίζοντες

2159 3198 2204 3258 c
2238 3171 2462 3241 εἰσῆγον
2491 3171 2655 3237 αὐτὰ,
2688 3172 3147 3241 ἐστεφανωμένοι.

2311 3266 2545 3318 Δύναται
2573 3263 2630 3316 δὲ
2664 3263 2835 3317 ταῦτα
2854 3266 2948 3318 καὶ
2973 3265 3252 3335 σημασίαν
3279 3265 3421 3336 ἔχειν
3447 3262 3540 3330 τῆς
3568 3253 3756 3325 ἐσχάτης

2237 3352 2335 3408 τοῦ
2391 3353 2632 3424 Χριστοῦ
2679 3354 3029 3420 ἀναδείξεως,
3059 3356 3181 3409 καθ’
3213 3355 3284 3424 ἢν
3335 3352 3559 3423 μάλιστα
3585 3346 3667 3415 τὴν
3686 3341 3759 3411 βα·

2239 3446 2466 3501 σκανίαν
2519 3445 2625 3498 τῶν
2690 3444 2961 3516 Ἑϐραίων
3022 3446 3267 3515 ἀνῆψεν,
3330 3444 3487 3515 ἡνίκα
3537 3439 3621 3492 καί
3666 3433 3757 3486 ὁδὶν

2243 3538 2523 3592 ἐστείλατο
2556 3537 2656 3607 τὴν
2705 3537 2813 3591 ἀπὸ
2861 3538 2958 3607 τῆς
2989 3540 3248 3609 πατρίδος
3294 3541 3389 3594 επὶ
3431 3526 3759 3604 Ἰερουσαλὴμ

2241 3630 2301 3683 ὲν
2402 3628 2629 3682 θύεσθαι
2681 3626 2789 3682 ἔδει
2815 3644 2829 3660 ’
2867 3630 2956 3683 ὅτε
3011 3632 3106 3683 καὶ
3145 3631 3443 3701 ὀχούμενος
3488 3622 3643 3692 εἰσῄει
3682 3614 3759 3681 τὴν

2240 3721 2419 3787 πόλιν,
2453 3720 2558 3774 ὑπὸ
2591 3719 2802 3773 πολλῶν
2850 3723 3361 3794 παραπεμπόμενος
3410 3718 3501 3772 καὶ
3532 3706 3759 3782 iiut/05?“

2241 3830 2354 3876 νος.
2385 3814 2480 3865 Δεῖ
2502 3812 2559 3866 δὲ
2584 3813 2950 3883 προσπίπτειν
2979 3814 3281 3884 τηνικαῦτα
3308 3807 3503 3877 καὶ,τῷ
3530 3803 3668 3873 ἱερεῖ,
3687 3794 3759 3848 κπὶ

2240 3904 2447 3959 δεῖσθαι
2492 3906 2578 3959 ἶνα
2613 3906 2772 3976 ἡμῶν
2804 3906 2863 3959 ὲν
2894 3907 3016 3970 ταῖς
3064 3906 3252 3977 εὐχαῖς
3296 3902 3527 3962 ἐκείναις
3562 3887 3757 3966 μνησθῇ·

2242 3996 2368 4050 Ὅτι
2409 3997 2511 4049 οὐκ
2560 3997 2707 4051 ἔστιν
2751 3996 2910 4060 ἄλλος
2936 3998 3134 4067 τρόπος
3180 3996 3386 4056 ἱκεσίας
3423 3992 3558 4046 οὕτω
3590 3979 3758 4054 μεγάλα

2243 4070 2569 4159 δυνάμενος,
2599 4090 2695 4142 καὶ
2742 4066 2979 4158 βεϐαίας
2999 4092 3379 4161 παρεχόμενος
3424 4083 3550 4154 ἡμῖν
3585 4075 3670 4135 τὰς
3693 4066 3759 4120 ἕλ’

2247 4182 2428 4246 πίδας,
2475 4180 2664 4252 ὥσπερ
2692 4183 2721 4235 ὁ
2747 4182 2836 4235 διὰ
2876 4182 2976 4252 τῆς
3001 4183 3311 4251 φρικώδους
3353 4176 3549 4243 ταύτης
3583 4165 3757 4252 θυσίας,

2239 4274 2275 4341 ἢ
2302 4275 2402 4336 τὰς
2430 4251 2685 4338 ἀσεϐείας
2727 4275 2821 4327 καὶ
2854 4251 2954 4338 τὰς
2994 4274 3225 4344 ἀνομίας
3255 4267 3540 4337 adadp,“
3568 4251 3758 4348 δφρειξι.

2241 4365 2306 4418 Εἰ
2346 4365 2403 4419 δέ
2434 4382 2579 4428 τινες
2616 4364 2727 4417 τῶν
2772 4366 3227 4435 προσπιπτόντων
3276 4358 3495 4415 εἰσιόντι
3526 4346 3651 4435 μετὰ
3674 4346 3759 4435 id}?

2241 4457 2429 4528 δώρων
2464 4425 2573 4524 τῷ-
2599 4459 2767 4528 ἱερεῖ,
2815 4425 2891 4521 οὓς
2939 4457 3099 4528 σῶμα
3150 4451 3392 4530 Χριστοῦ
3442 4445 3529 4500 καὶ
3563 4425 3759 4533 αἷμ’ίῆ

2172 4560 2214 4615 ι)
2244 4511 2581 4616 κομιζόμενα
2603 4511 2766 4618 διῦραν
2785 4511 3152 4617 προσκυνοῦσι
3185 4511 3280 4603 καὶ
3309 4540 3647 4604 διαλέγονται·
3666 4511 3761 4618 ἐπὸ

2235 4607 2334 4708 τῆς
2389 4607 2603 4691 εἰσόδου
2656 4607 2768 4692 τιῦν
2805 4607 3266 4709 προηγιασμένων
3307 4633 3490 4702 δώρων
3519 4607 3761 4709 W‘W

2237 4696 2339 4782 σοὶζρ
2365 4767 2381 4793 ,
2433 4730 2806 4800 ἀγνοήσαντες
2848 4696 2975 4800 τὴν.
3019 4696 3283 4801 διάφοράν
3338 4696 3437 4792 ei];
3493 4696 3759 4801 tapeti-pylas
3796 4732 3807 4749 ί

2238 4787 2445 4889 ταύτης
2473 4787 2757 4891 κάκείνης.
2785 4787 2942 4892 .Λῦτῆ
2975 4822 3073 4892 μὲν
3236 4822 3295 4874 ὲν
3318 4787 3578 4880 ταῦτῐίτῇ
3605 4787 3761 4893 si“?

2235 4888 2413 4963 ἄθυτα
2446 4909 2561 4980 ἔχει
2593 4910 2664 4963 τὰ
2694 4888 2865 4979 δῶρα,
2899 4888 2995 4967 καί
3020 4888 3582 4968 οὔπω-τετελεσμένν
3607 4888 3759 4980 ὲξῗίνη

2236 5002 2295 5056 δὲ
2328 4969 2529 5068 τέλεια,
2569 5005 2663 5057 καὶ
2702 4969 3036 5076 ἡγιασμένα,
3067 5005 3166 5061 καὶ
3194 5005 3354 5073 σῶμα
3382 4992 3475 5049 καὶ
3490 4981 3618 5053 αἷμα
3646 4969 3756 5039 x9"

2240 5093 2390 5148 στοῦ.
2432 5096 2544 5149 Καὶ
2576 5096 2748 5150 ταῦτα
2783 5097 2882 5167 μὲν
2912 5096 3105 5163 οὕτως.

2818 5298 3070 5352 ΚΕΦΑΛ.
3104 5298 3235 5352 KE'.

2241 5409 2382 5497 Harp}
2414 5408 2531 5487 75:»-
2571 5410 2724 5508 ps‘td
2770 5408 2886 5475 τὴν
2928 5411 3273 5508 algam-ri)!-
3299 5362 3756 5508 ξὲἳιιξαδὲιξῇκῗέ

2310 5467 2531 5602 ἑίἰιχξῖὒν,
2559 5467 2659 5532 καὶ
2691 5467 3113 5549 παραγγελιῶν
3149 5467 3256 5535 τοῦ
3304 5469 3497 5553 ίερέως
3534 5467 3605 5519 πΡ

2320 5564 2359 5600 π
2408 5568 2440 5615 η
2482 5567 2571 5616 ος.

2485 5596 2681 5709 Epeo;
2723 5640 2793 5694 τὰ
2836 5642 2936 5711 μὲν
2963 5642 3110 5713 δῶρα
3140 5642 3324 5710 τίθησι
3354 5629 3443 5685 ἐπὶ
3469 5621 3560 5688 τῆς
3584 5596 3756 5713 trp

2243 5730 2341 5801 ζης
2363 5748 2376 5762 '
2411 5704 2575 5795 αὐτὸς
2619 5733 2679 5786 δὲ
2727 5733 2803 5797 ὼς
2834 5704 2934 5804 ῖιδη
2968 5704 3104 5805 etp-2);
3135 5737 3203 5806 τῇ
3243 5704 3459 5789 τελευτῇ
3489 5704 3753 5806 γεῗόμῗνῖῗ

2245 5786 2341 5878 καὶ
2376 5826 2585 5896 μέλλων
2620 5828 2721 5898 τῆς
2753 5786 2990 5901 aptati”);
3012 5786 3284 5884 an'redbat
3322 5812 3525 5874 θυσίας,
3556 5797 3624 5849 έτί
3651 5786 3755 5838 ἐπ’
