4030 6454
229 416 320 477 425

1418 412 1813 474 LITURGLE
1848 412 2278 474 EXPOSITIO.

3378 415 3483 479 432

225 533 312 584 τὸν
355 530 686 601 εὐτρεπίζει,
727 532 820 586 καὶ
872 531 961 585 διὰ
1005 528 1113 584 τῶν
1166 530 1338 602 εὐχῶν
1383 532 1654 602 καθαίρει,
1709 530 1803 584 καὶ

1911 535 2090 595 turus,
2132 528 2313 582 adhuc
2341 525 2580 596 seipsum
2611 527 2917 597 componit,
2943 537 2995 583 et
3018 544 3109 596 per
3135 542 3322 598 preces
3346 543 3487 598 pur-

227 627 357 694 πρδε
385 626 481 694 τὴν
506 624 830 694 ἱερουργίαν
870 624 1304 693 παρασκευάζει,
1338 627 1433 677 καὶ
1467 625 1568 695 οὐχ
1608 624 1802 677 ἑαυτὸν

234 721 410 789 μόνον,
461 717 597 771 ἀλλά
632 718 727 771 καὶ
767 717 828 770 τὸ
880 716 1183 788 περιεστὼς
1215 716 1417 786 πλῆθος
1461 718 1802 787 καταρτίζει,

238 815 330 867 καὶ
357 811 622 881 διατίθησι
655 811 793 881 πρὸς
815 809 916 882 τὴν
949 811 1130 879 χάριν,
1157 810 1291 880 εὐχῇ
1327 810 1419 864 καὶ
1449 812 1514 880 τῇ
1545 812 1679 879 πρὸς
1710 810 1805 862 ἀλ-

241 906 422 974 λήλους
460 904 672 974 ἀγάπῃ,
724 905 817 956 καὶ
850 906 915 973 τῇ
963 902 1228 972 ὁμολογίᾳ
1272 903 1372 973 τῆς
1412 903 1671 965 πίστεως.
1714 901 1802 954 Ἐν

241 997 435 1059 τούτοις
469 996 525 1049 δὲ
575 995 636 1047 τὸ
670 996 781 1048 πᾶν
808 998 907 1065 τῆς
959 996 1284 1064 ἐτοιμασίας
1333 993 1472 1058 ἐστὶ,
1507 994 1631 1048 καθ’
1660 995 1725 1065 ἦν
1774 997 1803 1048 6

239 1091 430 1160 Κύριος
465 1087 722 1141 ἐκέλευσε
766 1086 974 1155 λέγων’
1034 1105 1051 1137 ι
1093 1086 1312 1139 Γίνεσθε
1350 1085 1578 1156 ἕτοιμοι.
1615 1105 1633 1138 ι
1686 1086 1803 1139 Ἑν-

235 1177 398 1231 ταύθα
426 1182 536 1246 γάρ
564 1178 596 1249 ἡ
627 1178 830 1240 πίστις,
872 1177 967 1229 καὶ
998 1176 1066 1229 τὰ
1096 1177 1235 1247 ἔργα
1256 1193 1271 1207 ·
1304 1179 1335 1245 ἡ
1377 1177 1477 1247 μὲν
1506 1176 1690 1240 πίστις
1712 1176 1804 1229 διὰ

234 1274 323 1342 τῆς
346 1275 641 1341 ὁμολογίας
684 1270 1010 1341 φαινομένη,
1043 1270 1113 1324 τὰ
1145 1271 1201 1324 δὲ
1238 1271 1373 1341 ἔργα
1408 1271 1498 1323 διὰ
1524 1270 1622 1340 τῆς
1667 1271 1803 1338 ἀγά-

235 1385 357 1439 πης,
387 1369 422 1437 ἦ
457 1384 542 1430 τις
588 1366 742 1428 τέλος
776 1365 925 1418 ἐστὶν
974 1364 1137 1436 ἔργου
1178 1366 1380 1428 παντὸς
1430 1363 1664 1432 ἀγαθοῦ,
1709 1365 1804 1417 καὶ

231 1462 427 1532 ἀρετῆς
486 1460 670 1529 πάσης
716 1457 1035 1526 κεφάλαιον.
1083 1456 1243 1510 Ἀλλά
1299 1458 1473 1511 ταῦτα
1527 1458 1626 1527 μὲν
1683 1455 1802 1527 μετ’

229 1555 426 1622 ὀλίγον.
462 1553 575 1623 Πρὸ
614 1551 671 1604 δὲ
701 1552 907 1606 τούτων
945 1552 1070 1612 τοὺς
1126 1550 1498 1620 περιεστῶτας
1550 1550 1800 1613 πιστοὺς,

229 1644 483 1715 εὖχεσθαι
507 1643 719 1697 κελεύει
748 1641 891 1713 ὑπὲρ
917 1633 992 1697 ὧν
1015 1640 1272 1711 εὔχεσθαι
1296 1640 1414 1694 τότε
1438 1641 1537 1694 δεῖ.
1572 1656 1592 1691 ι
1631 1639 1803 1709 ’Υπὲρ

226 1736 335 1789 τῶν
372 1736 743 1805 προτεθέντων
779 1733 990 1805 δώρων,
1038 1733 1192 1803 φησὶ,
1227 1732 1321 1786 τοῦ
1357 1733 1564 1802 Κυρίου
1595 1730 1804 1802 δεηθῶ-

231 1844 382 1897 μεν.»
414 1826 587 1897 ’Υπὲρ
618 1825 710 1879 τοῦ
741 1824 1104 1896 προκειμένου
1133 1824 1222 1878 τὸν
1248 1823 1380 1878 Θεὸν
1409 1823 1802 1894 ίκετεύσωμεν,

231 1920 316 1973 ινα
352 1919 660 1989 ἁγιασθῶσι
691 1919 761 1972 τὰ
793 1918 960 1986 δῶρα,
1019 1918 1113 1972 καὶ
1163 1917 1243 1981 είς
1295 1916 1448 1981 τέλος
1496 1918 1628 1988 ἡμῖν
1675 1917 1708 1983 ἡ
1744 1916 1802 1980 ἐξ

230 2012 406 2081 ἀρχῆς
460 2008 720 2081 πρόθεσις
771 2009 921 2081 ἔλθῃ.
980 2005 1114 2062 Elea
1172 2009 1268 2062 καὶ
1318 2006 1452 2064 ἄλλα
1516 2007 1796 2077 προσθεῖς,

231 2103 371 2173 ὑπὲρ
418 2097 494 2155 ὧν
531 2101 613 2155 δεῖ
666 2101 761 2154 τὸν
809 2101 942 2154 Θεὸν
996 2099 1290 2166 ἱκετεύειν,
1324 2102 1417 2153 καὶ
1487 2099 1801 2152 τελευταῖον

232 2193 576 2265 παραθέσθαι
627 2192 893 2256 κελεύσας
933 2193 1184 2258 ἑαυτοὺς,
1233 2193 1312 2262 τῷ
1355 2191 1474 2262 Θεῷ
1506 2193 1600 2269 καί
1634 2192 1802 2262 ἀλλή-

231 2282 375 2345 λους,
402 2283 494 2334 καὶ
526 2282 711 2335 πᾶσαν
747 2282 852 2352 τὴν
891 2280 1059 2352 ζωὴν,
1096 2277 1217 2335 εἶτα
1257 2284 1352 2335 καὶ
1382 2282 1566 2347 αὐτὸς,
1611 2282 1670 2335 τὸ
1703 2281 1800 2351 τῆς

234 2376 398 2446 εὐχῆς
436 2374 875 2446 ἀκροτελεύτιον,
906 2376 974 2446 ἢν
1008 2376 1099 2446 ὑφ’
1128 2374 1322 2430 ἑαυτοῦ
1355 2376 1492 2447 πρὸς
1532 2376 1624 2429 τὸν
1667 2375 1802 2429 Θεὸν

231 2470 541 2537 ἐποιήσατο,
575 2468 655 2532 είς
681 2469 917 2539 ἐπήκοον
950 2470 1167 2523 πάντων
1192 2468 1396 2540 βοήσας
1428 2469 1568 2522 κατά
1594 2469 1651 2522 τὸ
1679 2467 1803 2532 ἔθος

232 2563 327 2616 καὶ
354 2560 733 2631 δοξολογήσας,
771 2563 864 2614 καὶ
898 2562 1102 2626 αὐτοὺς
1141 2560 1326 2615 λαϐὼν
1367 2565 1466 2633 τῆς
1493 2562 1803 2630 δοξολογίοις

232 2656 546 2720 κοινωνοὺς,
579 2654 719 2725 μετὰ
748 2656 909 2709 τοῦτο
955 2656 1183 2728 εἰρήνην
1215 2655 1316 2727 τῆς
1345 2656 1486 2727 πρὸς
1511 2655 1833 2754 ἀλλήλουςη

232 2748 325 2799 καὶ
366 2746 589 2816 εὕχεται
614 2750 774 2814 πᾶσι,
805 2752 899 2801 κα)⁸
921 2752 1185 2820 παραινεῖ

305 2838 489 2892 Εἰπὼν
519 2841 648 2910 γὰρ,
673 2860 691 2892 ι
721 2841 919 2912 Εἰρήνη
944 2845 1076 2895 πᾶσι
1104 2861 1151 2905 ι,
1176 2841 1390 2910 ἐπάγει,
1428 2860 1447 2892 ι
1480 2843 1803 2912 ’Λγαπήσω-

233 2951 335 3003 μεν
372 2934 662 3006 ἀλλήλους.
688 2952 708 2984 ι
761 2933 916 2988 Ἐπεὶ
959 2935 1016 2988 δὲ
1049 2935 1306 3006 εὔχεσθαι
1361 2935 1501 3006 ὑπὲρ
1559 2935 1806 3006 ἀλλήλων

230 3023 420 3093 ἐντολή
455 3026 599 3077 ἐστιν
627 3025 980 3096 άποστολικὴ,
1005 3025 1092 3079 διὰ
1115 3028 1275 3080 τοῦτο
1302 3027 1395 3080 καὶ
1425 3028 1453 3079 6
1492 3027 1622 3088 λαὸς
1653 3025 1809 3097 εὔχε-

228 3134 319 3169 ται
346 3114 615 3187 αὐτῷτὴν
671 3116 841 3188 αὐτὴν
885 3118 1133 3189 εἰρήνην,
1193 3116 1464 3187 λέγοντες,
1518 3121 1675 3174 «Καὶ
1730 3120 1807 3188 τῷ

1908 628 2019 688 gat,
2048 627 2101 672 et
2120 618 2188 672 ad
2221 617 2549 673 sacriﬁcium
2582 627 2879 688 praeparat,
2915 628 2967 672 et
2992 634 3099 671 non
3124 618 3300 673 solum
3343 621 3488 686 scip-

1907 724 2056 775 sum,
2083 710 2176 765 sed
2207 708 2701 766 circumsistenlem
2722 712 2883 765 etiam
2919 712 3320 766 multitudinem
3354 727 3490 781 pra:-

1908 809 2085 872 parat,
2113 808 2168 855 et
2225 801 2469 870 disponit
2524 802 2592 857 ad
2648 805 2900 873 gratiam,
2958 804 3212 858 oratione
3254 813 3308 856 et
3348 804 3491 858 inter

1909 906 1968 946 se
2021 888 2256 945 invicem
2299 892 2592 948 dilectione
2637 903 2692 950 et
2726 893 2851 949 ﬁdei
2908 894 3273 951 confessione.
3309 895 3369 949 in
3406 897 3490 952 his

1906 996 2091 1039 autem
2125 985 2384 1041 consistit
2432 985 2688 1040 universa
2721 988 3072 1056 praeparatio.
3104 1004 3268 1058 quam
3304 988 3488 1043 Domi-

1906 1093 2011 1132 nus
2032 1078 2220 1149 jussit,
2247 1076 2477 1133 dicens:
2512 1096 2530 1129 ι
2566 1077 2748 1133 Estote
2765 1078 2963 1148 parati.
2991 1097 3010 1130 ι
3055 1078 3152 1134 Hic
3179 1081 3323 1134 enim
3355 1080 3490 1137 ﬁdos

1905 1179 1962 1224 et
1987 1184 2151 1239 opera
2177 1186 2191 1234 ;
2241 1169 2376 1224 ﬁdes
2406 1169 2622 1237 quidem
2657 1184 2778 1238 quae
2805 1179 3031 1238 apparet
3063 1186 3157 1240 per
3186 1172 3491 1225 confessio-

1904 1274 2028 1314 nem
2058 1275 2074 1326 ;
2108 1272 2274 1330 opera
2325 1268 2508 1312 autem
2560 1274 2656 1329 per
2681 1260 3030 1327 cltaritatem,
3067 1276 3190 1330 quae
3221 1261 3346 1317 ﬁnis
3370 1277 3492 1316 om-

1905 1351 1993 1403 nis
2032 1349 2164 1403 boni
2195 1348 2400 1419 operis,
2424 1355 2481 1403 et
2503 1364 2722 1403 summa
2752 1349 2933 1404 omnis
2964 1350 3205 1404 virtutis.
3232 1348 3337 1407 Sed
3376 1353 3491 1408 haec

1905 1438 2124 1508 quidem
2158 1439 2323 1509 paulo
2365 1447 2505 1509 post.
2535 1441 2673 1494 Ante
2700 1441 2814 1495 lnec
2839 1451 3019 1496 autem
3055 1442 3240 1499 ﬁdeles
3267 1446 3358 1514 qui
3385 1445 3491 1499 cir-

1906 1528 2264 1595 cumsistunt,
2288 1545 2450 1585 orare
2475 1531 2625 1600 iubet
2649 1547 2746 1601 pro
2767 1532 2834 1586 iis
2861 1549 2958 1602 pro
2985 1535 3184 1601 quibus
3212 1543 3342 1590 tunc
3367 1552 3490 1590 ora-

1908 1634 1966 1673 re
1993 1627 2227 1683 Oportet.
2275 1637 2293 1668 ι
2324 1617 2434 1672 Pro
2491 1620 2813 1689 propositis,
2874 1623 3073 1692 inquit,
3124 1625 3284 1680 donis
3336 1637 3492 1682 orate

1910 1710 2225 1765 Dominum.
2261 1731 2280 1762 ι
2310 1711 2416 1767 Pro
2440 1726 2507 1766 eo
2534 1713 2679 1783 quod
2711 1721 2792 1767 est
2825 1716 3195 1784 prOpositum,
3223 1716 3330 1772 Deo
3358 1734 3489 1789 sup-

1908 1804 2198 1875 plicemus,
2245 1814 2302 1858 ut
2328 1806 2470 1860 dona
2502 1806 2936 1873 sanctiﬁccntur,
2963 1820 3017 1862 et
3064 1807 3133 1862 ad
3167 1808 3329 1865 ﬁnem
3365 1825 3491 1880 per-

1836 1886 1879 1940 Β
1918 1896 2159 1949 ducatur
2205 1911 2327 1967 qua:
2358 1894 2459 1952 fuit
2483 1898 2552 1951 ab
2580 1898 2737 1952 initio
2769 1900 3096 1969 propositio.
3133 1899 3337 1956 Deinde
3363 1916 3489 1957 cum
3519 1972 3533 1984 '

1902 1986 2009 2041 alia
2042 1987 2209 2041 etiam
2246 1988 2445 2056 adjecit
2494 2004 2592 2055 pro
2620 1989 2825 2061 quibus
2855 2000 3073 2061 oportet
3103 1991 3274 2048 Deum
3302 2009 3489 2061 orare,

1901 2084 1957 2130 et
2011 2077 2228 2131 tandem
2260 2093 2385 2132 cum
2430 2080 2646 2149 seipsos
2682 2091 2737 2134 et
2781 2081 2925 2135 inter
2946 2096 3007 2136 se
3037 2083 3293 2149 invicem,
3323 2094 3376 2140 ct
3406 2093 3489 2139 to-

1902 2175 2015 2223 tam
2047 2181 2203 2224 suam
2236 2169 2398 2223 vitam
2449 2169 2620 2239 jussit
2662 2170 2774 2225 Deo
2821 2173 3212 2230 commendare
3246 2190 3262 2242 ;
3294 2172 3492 2231 deinde

1904 2274 2030 2314 cum
2062 2259 2181 2328 ipse
2209 2275 2435 2328 quoque
2468 2260 2718 2315 ultimam
2748 2263 3019 2320 orationis
3061 2273 3299 2335 partem,
3324 2283 3488 2336 quam

1905 2351 2048 2422 apud
2089 2365 2149 2405 se
2170 2352 2238 2406 ad
2268 2352 2437 2407 Deum
2495 2352 2641 2420 fecit,
2681 2354 3035 2413 audientibus
3094 2360 3377 2427 omnibus,
3428 2371 3490 2415 ttt

1904 2458 2025 2498 mos
2053 2452 2159 2505 est,
2196 2444 2307 2498 alta
2326 2458 2461 2499 voce
2500 2445 2780 2509 clamavit,
2820 2456 2877 2501 et
2921 2448 3272 2519 glorillravit,
3308 2464 3360 2506 et
3411 2452 3490 2522 ip-

1906 2548 2000 2591 sos
2050 2535 2471 2607 gloriﬁcationis
2510 2538 2810 2609 participes
2858 2541 3091 2616 accepit,
3150 2553 3337 2619 postea
3390 2562 3489 2614 pa-

1906 2643 2024 2684 cem
2056 2628 2318 2685 omnibus
2373 2629 2518 2685 inter
2579 2645 2639 2685 se
2679 2631 2916 2688 invicem
2967 2641 3248 2703 precatur,
3281 2645 3335 2693 et
3361 2652 3489 2694 sua-
3546 2626 3549 2629 1

1905 2720 1942 2777 ὁ
1961 2728 2017 2776 δι.

1980 2852 2282 2926 Postquam
2312 2857 2459 2911 enim
2491 2856 2632 2914 dixit
2667 2876 2681 2914 :
2721 2880 2740 2914 ι
2765 2858 2875 2916 Pax
2907 2863 3187 2932 omnibus,
3221 2882 3242 2918 ›
3263 2864 3489 2936 subjun-

1909 2949 2006 3020 εει,
2043 2966 2062 3001 ι
2101 2948 2403 3020 Diligamus
2452 2950 2714 3008 invicem.
2766 2972 2785 3006 ›
2847 2952 3120 3021 Quoniam
3166 2966 3346 3013 autem
3390 2974 3490 3028 pro

1910 3057 1969 3097 se
2036 3042 2271 3098 invicem
2334 3044 2549 3113 precari
2600 3054 2686 3101 est
2737 3058 3069 3119 praeceptum
3101 3051 3489 3120 apostolicum,

1911 3144 2202 3204 propterea
2235 3136 2471 3206 populus
2499 3152 2721 3208 quoque
2741 3139 2793 3194 ei
2836 3144 3010 3211 ipsam
3043 3156 3234 3213 pacem
3293 3157 3490 3214 preca-

206 3209 505 3278 ’πνεύματί
553 3225 668 3266 σου.
698 3228 718 3261 ι
768 3210 918 3264 Ἐπεὶ
947 3211 1004 3265 δὲ
1055 3214 1120 3283 τῇ
1151 3213 1289 3284 πρὸς
1338 3213 1601 3285 ἀλλήλους
1649 3215 1806 3285 ἡμῶν

1913 3237 2020 3294 tur,
2053 3228 2242 3284 dicens
2276 3246 2290 3283 :
2351 3247 2370 3282 ι
2404 3230 2472 3283 Et
2505 3246 2628 3286 cum
2658 3209 2872 3301 spiritui
2897 3242 3012 3289 tuo.
3043 3209 3064 3285 ἶ
3098 3233 3238 3300 Quia
3294 3209 3490 3289 autem

226 3304 447 3374 ἀγάπῃ,
497 3301 757 3372 καὶπρὸς
807 3301 939 3356 Θεὸν
973 3304 1006 3376 ἡ
1038 3306 1227 3377 ἀγάπη
1262 3307 1569 3373 ἀκολουθεῖ,
1620 3310 1688 3380 τῇ
1753 3307 1808 3361 δὲ

228 3394 371 3464 πρὸς
395 3393 531 3446 Θεὸν
559 3393 746 3465 ἀγάπῃ
780 3397 873 3448 καὶ
914 3397 948 3466 ἡ
991 3398 1129 3468 πρὸς
1160 3397 1295 3452 Θεὸν
1320 3399 1502 3453 τελεία
1539 3403 1630 3455 καὶ
1656 3400 1837 3466 ζῶσά

227 3486 421 3547 πίστις
463 3485 676 3551 ἕπεται,
718 3490 809 3540 διὰ
852 3487 1011 3541 τοῦτο
1059 3490 1161 3561 μὲν
1206 3491 1430 3564 ἀγάπην
1476 3492 1673 3561 εἰπὼν,
1712 3495 1809 3547 καὶ

228 3579 456 3649 ἀγαπᾷν
497 3579 760 3651 ἀλλήλους
798 3584 1157 3654 παραινέσας,
1192 3586 1354 3650 εὐθὺς
1383 3585 1481 3658 τὴν
1517 3588 1808 3657 ὁμολογίαν

237 3670 432 3738 ιιιάγει
485 3673 585 3743 τῆς
654 3674 929 3740 πίστεως·
968 3693 989 3726 ο
1029 3676 1147 3732 ’Ὶνα
1185 3680 1242 3731 ὲν
1286 3677 1568 3751 ὁμολογίᾳ,
1619 3664 1806 3750 φησλν,

242 3753 700 3835 ὁμολογήσωμεν(
740 3784 760 3819 ι
822 3769 933 3822 Καὶ
976 3770 1025 3823 οἱ
1084 3773 1269 3824 πιστοὶ
1316 3771 1534 3842 βοῶσιν,
1617 3789 1636 3826 ι
1710 3774 1808 3826 Ὃν

237 3854 565 3924 ὁμολογῆσαι
596 3858 679 3913 δεῖ
705 3857 859 3917 Θεὸν.
894 3860 992 3931 τὴν
1019 3862 1184 3931 ἁγίαν
1210 3864 1436 3935 Τριάδοι.
1486 3882 1505 3914 ι

796 4032 1048 4090 ΚΕΦΑΛ.
1097 4039 1243 4106 Kq'.

226 4121 377 4204 Περί
432 4123 543 4201 τῆς
568 4125 913 4205 ’ὁμολογίας
954 4126 1063 4205 τῆς
1097 4132 1382 4205 πίστεως,
1420 4133 1517 4187 καί
1559 4127 1647 4188 ὧν
1679 4136 1809 4205 μετ’

300 4191 496 4272 afaf";
547 4196 579 4246 ό
631 4191 829 4272 ἱερεξὶς
882 4191 1021 4272 τοῖς
1048 4191 1315 4269 ⁷πιστοῖς
1340 4191 1351 4197 ’
1370 4191 1659 4272 παραινεῖ
1679 4191 1808 4260 ’καί

297 4260 566 4328 εὔχεται,
607 4260 705 4319 καὶ
750 4260 838 4321 ὧν
877 4260 1102 4324 ἐκεῖνοι
1152 4260 1306 4340 πρὸξ
1324 4260 1512 4329 αὺτῦν
1556 4275 1809 4345 ἀποκρι-

298 4346 530 4388 νονται.

300 4421 442 4478 Εἶτα
466 4427 494 4478 6
523 4428 703 4492 ἱερεὺς
730 4428 811 4483 ἔτι
846 4429 1061 4487 κελεύει
1096 4435 1305 4498 πάντας
1341 4438 1590 4494 ἀνειπεῖν
1613 4438 1651 4494 ἃ
1680 4441 1809 4511 περὶ

1913 3327 2158 3373 nostram
2212 3321 2354 3373 inter
2417 3336 2516 3377 nos
2586 3321 2817 3378 invicem
2874 3325 3246 3390 dilectionem,
3323 3329 3490 3383 etiam

1912 3425 2068 3466 amor
2117 3410 2235 3476 Dei,
2286 3411 2381 3467 Dei
2434 3423 2617 3470 autem
2658 3416 3031 3488 dilectionem,
3066 3418 3204 3476 ﬁdes
3261 3420 3316 3476 in
3364 3437 3491 3478 eum

1910 3501 2152 3572 perfecta
2200 3513 2256 3558 et
2312 3503 2431 3558 viva
2477 3508 2858 3578 consequitur,
2910 3519 3198 3580 propterea
3232 3514 3324 3581 qui
3356 3513 3493 3568 dixit

1909 3593 2293 3665 dilectionem:
2322 3603 2377 3650 et
2431 3611 2493 3652 se
2536 3597 2771 3653 invicem
2826 3599 3058 3671 diligere
3089 3600 3341 3658 hortatus
3384 3612 3492 3670 est,

1910 3686 2096 3740 statim
2128 3685 2436 3740 introduxit
2481 3686 2884 3744 confessionem
2921 3691 3045 3745 fidei
3074 3709 3089 3746 :
3123 3709 3145 3744 ι
3186 3691 3257 3749 Ut
3287 3693 3342 3747 in
3368 3709 3495 3749 con-

1909 3777 2118 3842 cordia,
2149 3777 2352 3845 inq'uit,
2385 3779 2768 3836 conﬁteantur.
2811 3801 2830 3835 ι
2863 3781 2930 3837 Ει
2963 3783 3152 3841 ﬁdeles
3209 3785 3491 3842 clamant:

1917 3886 1935 3919 ι
1964 3867 2137 3934 Quem
2197 3869 2444 3924 conﬁteri
2479 3881 2694 3941 Oportet
2727 3873 2922 3941 Deum,
2961 3884 3205 3933 sanctam
3255 3874 3495 3933 Trinita-

1913 3971 2042 4018 tem.
2081 3984 2100 4017 ι

2476 4059 2631 4117 CAP.
2682 4062 2870 4118 XXVI.

1911 4150 1988 4205 De
2027 4152 2561 4229 confessioneﬁdei,
2613 4165 2677 4229 et,
2718 4159 2783 4212 de
2841 4159 2906 4212 iis
2956 4175 3073 4229 qua:
3127 4169 3243 4226 post
3324 4178 3495 4226 ipsum

1986 4224 2510 4300 sacerdos/idalium
2545 4228 2736 4300 suadet
2794 4239 2841 4283 et
2873 4224 3153 4300 precatur,
3191 4244 3241 4287 et
3300 4224 3364 4287 de
3426 4234 3493 4288 iis

1981 4309 2099 4363 qua
2129 4293 2212 4347 illi
2238 4295 2341 4362 ipsi
2378 4296 2717 4365 respondent.

1972 4450 2191 4508 Deinde
2217 4454 2478 4511 sacerdos
2508 4456 2692 4513 adhuc
2720 4457 2873 4527 jubet
2907 4475 3101 4517 omnes
3154 4462 3337 4517 dicere
3372 4478 3496 4531 quae

220 4518 368 4570 Θεὸν
417 4519 681 4588 μαθόντες
719 4523 1072 4579 πιστεύουσι⁶
1124 4526 1225 4598 τὴν
1278 4529 1539 4599 ἀληθινὴν
1578 4531 1805 4600 σοφίαν·

1914 4542 1982 4598 de
2018 4542 2126 4597 Deo
2153 4543 2486 4608 didicerunt,
2520 4555 2575 4600 et
2602 4518 2855 4610 credunt.
2894 4566 3079 4605 veram
3130 4518 3493 4621 sapientiam,
3561 4592 3569 4597 .

222 4613 368 4681 περὶ
394 4607 461 4684 ἦς
490 4614 654 4682 φησὶν
679 4616 708 4668 6
753 4615 1106 4682 Ἀπόστο).ος’
1146 4638 1165 4671 ι
1209 4620 1412 4690 Σοφίαν
1444 4623 1503 4676 δὲ
1537 4623 1807 4695 λαλοῦμεν

221 4700 286 4752 ἐν
318 4703 431 4763 τοῖς
466 4702 693 4766 τελείοις
719 4719 733 4733 ⁸
783 4723 803 4755 ι
853 4706 920 4776 ἢν
957 4710 1153 4777 σοφίαν
1178 4711 1206 4762 6
1243 4713 1446 4784 κόσμος
1487 4715 1588 4767 οὐκ
1627 4717 1805 4783 ἐγνωο

214 4790 481 4862 δηλονότι
508 4795 557 4847 οἱ
586 4796 694 4849 ἀπὸ
721 4797 815 4850 τοῦ
842 4800 1053 4870 κόσμου
1089 4804 1268 4872 σοφοὶ,
1305 4807 1399 4858 καὶ
1429 4810 1528 4879 τῆς
1555 4811 1665 4862 ἀπὸ
1698 4810 1810 4861 τῶν

212 4886 511 4956 αἰσθητῶν
559 4888 817 4958 γνώσεως
870 4894 1054 4963 μεῖζον
1104 4900 1200 4950 καὶ
1261 4897 1617 4971 ὑψηλότερον,
1685 4899 1809 4955 οὔτε

210 4979 459 5043 εἰδότες,
506 4979 630 5034 οὗτε
658 4982 799 5046 ὅλως
831 4980 971 5040 εἶναι
1003 4987 1371 5053 πιστεύοντες.
1421 4993 1511 5047 Ἐν
1542 4992 1714 5065 ταύτῃ
1740 4997 1807 5067 τῇ

213 5073 399 5140 σοφίᾳ
446 5073 663 5127 κελεύει
713 5076 894 5139 πάσας
944 5079 1289 5135 ἀναπετάσαι
1337 5082 1436 5147 τὰς
1484 5083 1675 5155 θύρας,
1741 5087 1811 5140 τὰ

210 5162 482 5226 στόματα
517 5162 697 5233 ἡμῶν,
730 5166 799 5220 τὰ
845 5161 959 5222 ὦτα
999 5172 1179 5241 ἡμῶν.
1228 5173 1318 5226 Ἐν
1368 5174 1562 5247 ταύτῃ,
1619 5177 1808 5246 φησὶν,

207 5254 481 5319 ἀνοίξατε
514 5258 583 5325 τῇ
602 5257 786 5329 σοφίᾳ,
812 5259 987 5314 ταῦτα
1013 5262 1278 5334 διηνεκῶς
1314 5268 1409 5321 καὶ
1440 5267 1692 5336 λέγοντες
1715 5271 1811 5325 καὶ

204 5345 550 5412 ἀκούοντες,
583 5349 676 5401 καὶ
706 5350 867 5404 τοῦτο
894 5355 956 5406 οὐ
1009 5355 1292 5427 ῥᾳθύμως,
1314 5359 1448 5413 ἀλλά
1502 5362 1812 5426 σπουδαίως

203 5438 457 5502 ποιεῖτε,
530 5440 628 5492 καὶ
664 5442 1024 5511 προσέχοντες
1059 5445 1190 5516 ὑμῖν
1229 5448 1436 5514 αὐτοῖς.
1497 5451 1604 5503 Καὶ
1655 5453 1812 5505 αὐτοὶ

206 5532 415 5583 πᾶσιν
464 5530 741 5586 ἀναὸοῶσι
793 5537 894 5605 τὴν
954 5539 1245 5608 ὁμολογίαν
1296 5544 1356 5594 τὸ
1414 5545 1511 5613 τῆς
1570 5545 1810 5609 πίστεως

209 5623 522 5691 σύμϐολον.
567 5618 705 5678 Εἶτα
729 5626 756 5678 6
809 5628 1010 5697 ἱερεὺς,
1040 5649 1058 5683 t
1098 5631 1322 5703 Στῶμεν
1354 5634 1557 5702 καλῶς,
1595 5637 1810 5706 στῶμεν

211 5718 366 5781 μετὰ
418 5716 618 5784 φόϐου.
660 5735 682 5768 ι
736 5719 860 5772 Ἐπὶ
890 5723 987 5790 τῆς
1023 5724 1336 5795 ὁμολογίας,
1399 5727 1552 5799 φησὶ,
1608 5730 1810 5799 ταύτης

212 5809 469 5878 στῶμεν,
507 5812 584 5878 μὴ
627 5809 716 5862 διὰ
749 5811 1137 5884 πιθανολογίαν
1170 5821 1463 5890 αίρετικών
1513 5820 1812 5891 “levipe-

213 5916 318 5957 νοι.
368 5922 389 5955 ι
432 5903 664 5974 Στῶμεν
699 5907 838 5976 μετά
879 5907 1069 5978 φόϐου,
1113 5927 1132 5961 ι
1172 5911 1252 5965 ὅτι
1282 5912 1447 5977 πολὺς
1491 5914 1518 5966 ὁ
1566 5914 1810 5979 κίνδυνος

1915 4632 1983 4688 de
2015 4647 2123 4703 qua
2166 4633 2300 4687 dicit
2325 4635 2669 4702 Apostolus:
2711 4655 2730 4688 ι
2793 4639 3131 4708 Sapientiam
3179 4649 3359 4695 autem
3424 4641 3497 4695 lo-

1912 4726 2131 4795 quimur
2157 4727 2297 4780 inter
2316 4726 2623 4797 perfectos;
2652 4748 2671 4779 ι
2697 4745 2859 4797 quam
2892 4731 3220 4799 sapientiam
3257 4733 3496 4788 mundus

1913 4832 2020 4870 non
2055 4819 2332 4886 cognovit,
2361 4819 2575 4873 scilicet
2617 4822 2804 4875 mundi
2831 4825 3130 4890 sapientes,
3161 4834 3218 4878 et
3255 4826 3348 4896 qui
3373 4842 3501 4880 scn-

1911 4909 2156 4964 sibilium
2197 4912 2518 4981 cognitione
2563 4913 2697 4968 nihil
2740 4914 2923 4984 majus
2949 4931 3049 4970 nec
3079 4917 3245 4974 altius
3272 4932 3498 4984 norunt,

1911 5015 2091 5070 neque
2135 5003 2363 5057 omnino
2399 5019 2526 5060 esse
2569 5005 2823 5061 credunt.
2884 5004 2942 5060 In
2979 5009 3083 5063 hac.
3117 5013 3388 5082 sapientia
3412 5016 3500 5087 ju.

1914 5091 2230 5146 bettomnes
2266 5106 2452 5163 portas
2495 5098 2733 5165 aperire,
2789 5114 2885 5154 ora
2919 5111 3133 5169 nostra,
3194 5118 3361 5161 aures
3403 5122 3502 5160 no-

1913 5196 2080 5241 Stras.
2116 5187 2173 5241 In
2210 5188 2334 5254 hac,
2362 5190 2563 5258 inquit,
2590 5193 2798 5262 aperite
2832 5197 3126 5266 sapientia,
3150 5201 3341 5254 eadem
3364 5201 3500 5254 assi-

1913 5277 2021 5332 due
2060 5289 2116 5333 et
2164 5280 2412 5337 dicentes
2440 5295 2495 5339 et
2525 5284 2834 5351 audientes,
2867 5297 2923 5343 et
2956 5290 3061 5346 hoc
3112 5306 3220 5346 non
3253 5291 3499 5345 socordi--

1915 5377 2017 5437 ter,
2063 5373 2157 5423 sed
2196 5372 2489 5442 diligenter
2525 5377 2711 5439 facile,
2740 5389 2795 5433 et
2843 5381 3187 5435 attendentes
3236 5381 3391 5435 vobis
3421 5382 3501 5450 ip-

1914 5461 2013 5515 sis.
2051 5462 2158 5532 lpsi
2192 5472 2376 5520 autem
2434 5483 2655 5523 omnem
2719 5473 3036 5528 exclamant
3093 5471 3498 5527 confessionem

1914 5551 2037 5606 ﬁdei
2074 5552 2427 5628 Symbolum.
2463 5559 2667 5615 Deinde
2703 5562 2982 5629 sacerdos,
3022 5581 3040 5613 ι
3078 5560 3300 5617 Stemus
3328 5574 3497 5622 recte.

1914 5655 2125 5701 stemus
2158 5662 2283 5700 cum
2320 5650 2536 5705 timore.
2577 5671 2595 5703 ι
2628 5652 2682 5705 ln
2714 5653 2839 5719 hac,
2899 5654 3101 5722 inquit,
3148 5651 3499 5709 confessione

1913 5740 2141 5797 stemus,
2176 5750 2276 5791 nec
2312 5749 2532 5808 prepter
2550 5752 2734 5810 aptum
2761 5744 2826 5797 ad
2853 5744 3293 5812 persuadendum
3322 5745 3499 5800 Ita-re-

1915 5831 2149 5878 ιιεοιΊιιη
2218 5843 2533 5883 ὲΟΙῚΙΙΟΙΙυιΙΙ
2592 5849 2937 5889 moveamur.
3007 5855 3026 5887 1
3079 5837 3301 5891 Stemus
3371 5853 3496 5891 ιυηι

1918 5916 2137 5986 timore,
2180 5938 2197 5971 ι
2240 5923 2365 5989 quia
2408 5940 2666 5992 magnum
2719 5938 2804 5984 est
2838 5928 3143 5990 periculum
3177 5930 3243 5985 iis
3270 5933 3360 5992 qui
3398 5933 3493 5985 du-
