4030 6454
569 405 677 471 4Ξ3

1838 381 2152 450 NICOLAI
2191 376 2585 441 CABASILJE
3467 419 3475 429 -
3678 380 3759 449 42%

563 511 891 571 bitationem
922 508 1162 581 aliquam
1189 508 1259 564 de
1314 508 1418 562 hac
1445 504 1550 560 lide
1585 503 1639 559 iu
1666 500 1854 557 anima
1887 507 2147 566 suscepev

2257 495 2363 557 τοῖς
2385 490 2788 562 ἀμφιόολογίαν
2816 489 2940 544 τινὰ
2963 488 3095 560 περὶ
3133 491 3232 571 τῆς
3270 488 3498 553 πίστεως
3529 490 3702 563 ταύτης
3715 497 3762 547 ἓν

566 612 717 660 runt.
749 602 826 656 Ita
873 601 1104 656 ﬁrmiter
1153 601 1207 655 in
1246 597 1350 654 ﬁde
1381 597 1679 663 stantibus,
1723 592 1924 664 inquit,
1978 589 2142 644 etiam

564 695 833 749 donorum
864 698 1177 747 nostrorum
1205 691 1273 745 ad
1296 687 1463 744 Deum
1494 684 1701 742 oblatio
1732 679 2034 740 secundum
2062 693 2151 731 ra-

560 784 771 839 tionem
806 780 919 835 ﬂat.
943 780 1084 847 Quid
1111 789 1293 834 autem
1328 776 1634 835 secundum
1694 774 1962 830 rationem
1990 771 2014 827 ἳ
2042 790 2060 824 t
2086 769 2146 824 In

567 891 724 946 pace.
757 893 776 926 ι
813 873 1199 939 Attendamus,
1237 872 1440 942 inquit,
1461 879 1710 926 sanctam
1735 866 2065 922 oblationem
2090 861 2146 917 itt

567 981 701 1038 pace
733 965 951 1023 offerre.
981 964 1370 1021 Recordentinl
1395 963 1543 1019 enim
1571 961 1866 1017 verborum
1895 953 2149 1013 Domini:

572 1078 592 1108 ι
620 1059 677 1114 Si
704 1059 906 1115 oll‘eras
932 1072 1134 1113 munus
1160 1067 1336 1120 tuum,
1385 1064 1441 1111 et
1463 1053 1784 1110 recordatus
1812 1050 1982 1107 lueris
2000 1046 2150 1120 quod

567 1152 731 1205 habet
786 1151 1062 1219 quispiam
1111 1149 1318 1219 aliquid
1369 1148 1635 1203 adversus
1660 1154 1737 1209 te,
1786 1148 2025 1214 primum
2056 1155 2150 1196 re-

567 1242 892 1304 conciliare,
923 1239 1128 1295 deinde
1151 1239 1422 1295 accedens
1447 1279 1465 1307 ,
1503 1238 1639 1294 oﬂ‘er
1669 1252 1871 1292 munus
1907 1244 2087 1299 tuum,
2125 1251 2145 1285 ι

568 1331 785 1387 Fideles
844 1344 1025 1387 autem
1080 1332 1415 1401 respondent
1449 1349 1464 1386 :
1504 1349 1524 1383 ‹
1564 1329 1859 1385 Olferimus
1894 1341 2008 1381 non
2057 1339 2152 1381 so-

566 1421 678 1477 lum
710 1439 833 1478 cum
875 1438 1029 1492 pace.
1068 1423 1161 1478 sed
1183 1422 1349 1476 etiam
1378 1422 1553 1492 ipsam
1588 1435 1778 1491 pacem
1810 1420 1931 1474 loco
1959 1431 2152 1473 mune-

566 1513 647 1567 ris
685 1521 741 1566 et
791 1512 936 1566 alius
980 1511 1268 1566 sacriﬁcii.
1305 1531 1326 1564 ι
1390 1510 1825 1568 Misericordiam
1866 1505 2151 1563 oﬂerimus

565 1603 614 1656 ci
644 1602 741 1672 qui
771 1602 912 1657 dixit
939 1621 952 1656 :
990 1619 1010 1654 σ
1037 1601 1477 1658 Misericordiam
1538 1601 1685 1664 volo,
1730 1608 1786 1654 et
1841 1614 1952 1654 non
1982 1596 2154 1653 sacri-

569 1694 775 1748 ﬁcium.
818 1710 840 1743 ν»
884 1693 1255 1748 Misericordia
1302 1706 1487 1748 autem
1533 1699 1619 1748 est
1674 1689 1846 1747 fastus
1875 1689 2052 1744 firma
2094 1694 2151 1743 et

2259 586 2326 653 τῇ
2361 584 2509 654 ψυχῇ
2558 582 2897 654 δεξαμένοις.
2932 580 3091 635 Οῦτω
3115 581 3172 634 δὲ
3214 581 3439 653 βεϐαίως
3468 582 3688 641 ἑστώτων
3722 589 3767 642 ὲν

2259 680 2326 746 τῇ
2356 677 2561 742 πίστει,
2607 677 2761 748 φησὶ,
2797 677 2895 731 καὶ
2934 678 2967 745 ἡ
3001 677 3112 731 τῶν
3156 677 3342 747 δώρων
3380 678 3534 748 ἡμῶν
3561 680 3676 750 πρὸς
3698 681 3768 735 τὸν

2259 769 2395 823 Θεὸν
2451 770 2812 842 προσαγωγὴ,
2845 773 2990 823 κατά
3035 770 3192 839 λόγον
3220 772 3472 838 γινέσθω.
3495 773 3555 827 Τί
3582 773 3632 828 δὲ
3657 776 3770 829 κατὰ

2259 860 2451 929 λόγον;
2480 861 2539 913 τὸ
2588 879 2606 913 t
2669 861 2762 914 Ἐν
2801 862 3020 933 εἰρήνῃ.
3063 880 3082 915 ι
3133 863 3460 933 Πρόσχωμεν
3495 866 3613 935 γὰρ,
3642 866 3767 934 φησι,

2258 950 2357 1020 τὴν
2388 950 2552 1020 ἁγίαν
2581 952 2886 1024 ἀναφορὰν,
2919 954 2978 1005 ὲν
3007 953 3199 1026 εἰρήνῃ
3222 953 3574 1025 προσφέρεινο
3603 958 3773 1026 μέμνη-

2261 1041 2379 1106 σθε,
2431 1043 2564 1112 γὰρ,
2616 1044 2774 1115 φησὶ,
2822 1043 2932 1097 τῶν
2970 1043 3146 1113 λόγων
3201 1044 3296 1099 τοῦ
3350 1048 3565 1118 Κυρίου,
3612 1068 3629 1102 t
3675 1050 3773 1103 Ἐὰν

2264 1118 2686 1203 προσφέρῃςττδ
2717 1133 2894 1204 δῶρόν
2938 1153 3031 1188 σου
3076 1137 3168 1191 ἐπὶ
3209 1138 3267 1191 τὸ
3312 1137 3684 1213 θυσιαστήριον,
3704 1143 3776 1196 καὶ

2266 1223 2511 1295 μνησθῇς
2538 1225 2621 1277 ὅτι
2648 1223 2761 1294 ἔχει
2792 1242 2877 1289 τις
2900 1227 3045 1280 κατά
3076 1227 3194 1293 σοῦ,
3243 1229 3549 1302 διαλλάγηθι
3581 1234 3774 1304 πρῶτον,

2260 1310 2382 1367 εἶτα
2414 1313 2584 1368 ἐλθὼν
2627 1314 2906 1387 πρόσφερε
2935 1316 2996 1370 τδ
3021 1318 3196 1388 δῶρόν
3230 1337 3347 1375 σου.
3386 1340 3405 1373 ι
3440 1324 3500 1375 Ol
3532 1323 3583 1375 δὲ
3633 1326 3777 1379 πιστοὶ

2261 1406 2675 1476 ἀποκρίνονται,
2700 1425 2721 1459 t
2751 1408 3165 1480 Προσφέρομεν.
3181 1411 3245 1464 οὐ
3269 1412 3425 1482 μόνον
3448 1414 3557 1484 μετ’
3577 1416 3776 1486 εἰρήνης,

2262 1497 2399 1551 ἀλλά
2445 1498 2541 1552 καὶ
2592 1498 2763 1567 αὐτὴν
2818 1500 3044 1570 εἰρήνην
3100 1501 3223 1554 ἀντὶ
3259 1500 3428 1569 δώρου
3488 1504 3575 1555 καὶ
3625 1503 3779 1567 θυσίας

2262 1589 2479 1659 ἐτέρας.
2546 1607 2568 1641 ι
2634 1589 2829 1645 Ἔλεον
2896 1591 3026 1661 γὰρ,
3085 1593 3247 1664 φησὶ,
3307 1594 3685 1665 προσφέρομεν,
3720 1594 3778 1663 τῷ

2264 1681 2495 1744 εἰπόντι,
2572 1699 2590 1732 t
2657 1681 2851 1736 Ἔλεον
2899 1681 3061 1750 θέλω,
3116 1684 3216 1738 καὶ
3249 1684 3311 1737 οὐ
3363 1685 3565 1741 θυσίαν.
3612 1704 3629 1738 ι
3669 1687 3716 1739 '0
3738 1687 3780 1739 δὲ

567 1798 720 1852 pura:
745 1783 895 1851 pacis
928 1801 942 1850 ;
971 1784 1195 1853 quando
1225 1783 1369 1836 enim
1410 1783 1652 1836 animam
1685 1780 1835 1836 nulla
1867 1777 2152 1849 perturbat

2258 1771 2430 1836 ἔλεος.
2450 1772 2697 1845 γέννημά
2720 1776 2837 1827 ἐστι
2854 1773 2953 1843 τῆς
2975 1774 3200 1845 βεόαίας
3220 1779 3313 1830 καὶ
3330 1777 3564 1848 καθαρᾶς
3581 1779 3778 1849 εἰρήνης.

570 1873 809 1940 alfectio,
837 1875 973 1928 nihil
1013 1884 1158 1929 vetat
1186 1874 1487 1944 quominus
1533 1888 1599 1929 ea
1624 1873 1699 1929 sit
1750 1873 1915 1943 plena
1939 1871 2152 1926 miseri-

2267 1865 2438 1918 Ὅταν
2483 1867 2592 1936 γὰρ
2629 1866 2731 1937 τὴν
2786 1868 2966 1939 ψυχὴν
2992 1866 3148 1921 οὐδὲν
3199 1870 3408 1940 ἐνοχλεῖ
3445 1870 3623 1936 πάθος,
3664 1870 3780 1924 οὐδὲν

513 1956 529 1967 “
566 1965 781 2029 cordia,
805 1975 859 2021 et
882 1966 1155 2021 sacriﬁcio
1203 1965 1407 2021 laudis.
1443 1964 1570 2021 Haec
1621 1972 1810 2020 autem
1857 1974 2151 2035 postquam

565 2057 850 2122 dixerunt,
893 2070 1157 2129 precatur
1191 2059 1452 2114 sacerdos
1482 2073 1603 2128 qua:
1624 2065 1761 2112 sunt
1786 2057 2036 2113 omnium
2066 2056 2155 2113 di-

565 2149 855 2204 vinissima
884 2158 940 2203 et
977 2151 1215 2205 maxima
1243 2167 1257 2206 :
1284 2169 1306 2203 ι
1341 2149 1530 2206 Gratia
1563 2149 1785 2206 Domini
1819 2149 1993 2205 nostri
2025 2147 2154 2204 Jesu

564 2240 796 2304 Christi,
832 2249 886 2295 et
913 2240 1139 2297 dilectio
1169 2240 1264 2297 Dei
1299 2250 1355 2298 et
1385 2241 1586 2307 Patris,
1633 2250 1690 2297 et
1726 2241 2157 2298 communicatio

564 2331 744 2388 sancti
794 2332 1035 2402 Spiritus
1086 2335 1159 2389 sit
1204 2348 1330 2388 cum
1365 2334 1517 2390 vobis
1554 2334 1837 2390 euntibus.
1864 2352 1884 2387 ι
1940 2334 2007 2389 Et
2053 2333 2157 2403 ipsi

566 2422 733 2477 etiam
770 2424 960 2478 eadem
1014 2438 1116 2493 pro
1169 2425 1456 2481 sacerdote
1517 2434 1743 2481 orantes
1776 2465 1791 2490 ,
1828 2443 1849 2478 ι
1917 2424 1983 2480 Et
2029 2439 2158 2480 cum

568 2516 772 2583 spiritu
809 2523 930 2579 tuo,
972 2534 992 2567 ι
1055 2516 1126 2571 ad
1182 2531 1309 2571 eum
1366 2518 1729 2588 respondent,
1763 2518 2158 2574 convenienter

565 2595 837 2677 praecepto
878 2609 1024 2678 quod
1082 2608 1229 2679 jubet
1272 2623 1373 2679 pro
1407 2625 1467 2665 se
1516 2609 1749 2664 invicem
1812 2624 1996 2664 orare.
2032 2608 2159 2665 Haec

567 2708 749 2753 autem
781 2700 959 2753 oratio
1015 2709 1234 2770 sumpta
1296 2700 1519 2770 quidem
1570 2709 1658 2756 est
1712 2717 1780 2755 ex
1813 2700 2072 2771 Epistolis
2094 2700 2157 2755 Β.

567 2787 743 2844 Pauli.
795 2789 1046 2845 Postulat
1094 2801 1278 2846 autent
1345 2793 1503 2847 nobis
1553 2806 1583 2847 a
1646 2803 1840 2849 sancta
1894 2792 2160 2848 Triuitate

569 2882 735 2946 bona,
761 2896 926 2937 omne
955 2884 1161 2938 donum
1191 2883 1505 2954 perlectum
1543 2903 1557 2940 :
1582 2893 1639 2939 et
1668 2884 1785 2939 haec
1808 2884 1877 2938 ab
1910 2900 2160 2954 unaqua-

568 2987 675 3042 que
709 2986 776 3026 ex
837 2972 1012 3028 beatis
1072 2972 1327 3028 Personis
1387 2974 1609 3045 proprio
1664 2974 1902 3045 qundam
1937 2975 2159 3030 nomine

570 3064 826 3133 appellat.
856 3064 902 3117 Α
935 3064 1075 3120 Filio
1124 3065 1349 3136 quidem
1399 3066 1678 3137 gratiam;
1711 3082 1741 3122 a
1798 3067 1958 3121 Patre
2006 3080 2154 3132 vero,

2264 1957 2466 2012 κωλύει
2496 1958 2651 2011 ἐλέου
2684 1959 2881 2028 γέμειν
2911 1961 3085 2030 αὐτήν
3105 1979 3121 1997 ο
3155 1962 3295 2015 ἀλλὰ
3331 1964 3426 2017 καὶ
3460 1963 3637 2018 θυσίαν
3665 1960 3777 2015 αἰνί-

2265 2065 2426 2112 σεως.
2481 2048 2669 2104 Ταῦτα
2716 2051 2775 2103 δὲ
2814 2051 3103 2118 εἰπόντων,
3152 2053 3181 2107 ό
3224 2055 3402 2126 ἱερεὺς
3450 2054 3706 2126 ἐπεύχεται
3731 2052 3778 2106 τὰ

2265 2141 2519 2196 θειότατα
2558 2144 2654 2196 καὶ
2714 2143 2948 2215 μέγιστα
3002 2145 3263 2220 πάντων·
3319 2167 3337 2202 t
3408 2148 3472 2203 Ἦ
3528 2148 3672 2220 χάρις
3708 2147 3777 2202 τοῦ

2261 2235 2472 2309 Κυρίου
2493 2236 2653 2308 ήμῶν
2693 2237 2873 2310 Ἰησοῦ
2900 2237 3163 2308 Χριστοῦ,
3178 2216 3295 2294 ’καὶ
3322 2216 3560 2312 ἡάγάπῆ
3576 2216 3655 2294 τοῦ
3675 2237 3778 2294 Θεοῦ

2260 2331 2356 2383 καὶ
2397 2328 2633 2401 Πατρδς,
2667 2331 2762 2383 καὶ⁵
2793 2334 2826 2401 ἡ
2857 2331 3116 2385 κοινωνία
3155 2330 3252 2385 τοῦ
3287 2332 3444 2402 ἁγίου
3492 2331 3777 2405 live-Suam,

2260 2423 2348 2493 εἴη
2404 2422 2546 2491 μετά
2577 2422 2799 2478 πάντων
2827 2423 3003 2494 ὑμῶν.
3062 2442 3083 2478 ι
3140 2426 3257 2480 Kal
3305 2428 3461 2481 αὐτοὶ
3491 2427 3545 2480 δὲ
3579 2427 3641 2480 τὰ
3674 2422 3780 2478 αὐτὰ

2263 2515 2404 2587 ὑπὲρ
2431 2517 2527 2569 τοῦ
2560 2515 2753 2587 ἱερέως
2783 2516 3071 2589 εὐχόμενοι
3097 2533 3112 2550 ⁶
3165 2537 3184 2571 t
3224 2520 3335 2575 Kal.
3368 2520 3503 2591 μετᾶ
3543 2519 3630 2574 τοῦ
3655 2519 3778 2571 msti-

2264 2608 2435 2677 ματός
2469 2624 2587 2673 σου,
2626 2626 2647 2661 ι
2691 2608 2828 2680 πρὸς
2867 2611 3035 2666 αὑτὸν
3087 2612 3501 2685 ἀποκρίνονται,
3549 2612 3674 2666 κατὰ
3705 2611 3777 2679 τὴν

2208 2724 2220 2736 ·
2258 2698 2519 2769 εὔχεσθαι
2561 2699 2703 2772 ὑπὲρ
2738 2703 2989 2774 ἀλλήλων
3023 2705 3362 2762 κελεύουσαν
3397 2706 3624 2778 ἐντολὴν.
3667 2703 3777 2760 Ἡδὲ

2259 2791 2396 2861 εὐχὴ
2447 2793 2587 2863 αὐτὴ
2616 2793 2876 2863 εῐὶ-ηπται
2915 2795 3014 2864 μὲν
3062 2797 3170 2851 ἀπὸ
3213 2797 3325 2852 τῶν
3366 2799 3671 2853 Ἐπιστολῶν
3706 2795 3775 2848 τοῦ

2264 2885 2538 2956 μακαρίου
2591 2886 2827 2944 Παύλου.
2879 2888 3146 2961 ΠροξενΞί
3190 2892 3253 2946 δὲ
3291 2894 3425 2963 ἡμῖν
3472 2893 3537 2946 τὰ
3586 2891 3676 2946 ἀπὸ
3703 2889 3777 2958 τῆς

2260 2977 2422 3043 ἁγίας
2456 2978 2691 3047 Τριάδος
2732 2981 2932 3049 ἀγαθὲ,
2998 2984 3110 3039 πᾶν
3163 2984 3404 3057 δώρημα
3459 2987 3664 3049 τέλειον,
3705 2982 3777 3036 καὶ

2257 3068 2433 3124 ταῦτα
2467 3071 2554 3140 ἐφ’
2576 3070 2814 3144 ἑκάστης
2838 3072 2948 3127 τῶν
2976 3075 3271 3146 μακαρίων
3303 3073 3778 3143 ’Υποστάσεων,ίδίφ

571 3155 917 3211 dilectionem
948 3173 965 3224 ;
1000 3173 1028 3210 a
1058 3166 1252 3212 sancto
1285 3167 1471 3213 autem
1520 3157 1754 3227 Spiritu,
1782 3158 2152 3213 communien-

2260 3162 2369 3215 τινὶ
2407 3162 2634 3234 ὀνόματι
2682 3165 2976 3235 ὀνομάζειο
3025 3168 3136 3222 ἀπὸ
3189 3172 3298 3239 μὲν
3331 3170 3425 3225 τοῦ
3456 3170 3579 3225 Υἰοῦ
3625 3169 3776 3241 χάριν

571 3251 799 3304 tionem.
834 3249 970 3316 Quia
1006 3251 1153 3306 enim
1186 3249 1361 3307 Filius
1389 3250 1459 3306 iis
1489 3252 1583 3321 qui
1611 3252 1745 3305 nihil
1788 3251 2156 3318 contulerant,

570 3340 667 3396 St'd
702 3342 863 3395 etiam
894 3343 1075 3397 adhuc
1107 3343 1340 3399 debendi
1378 3344 1454 3400 rei
1500 3351 1680 3408 erant,
1717 3330 1961 3413 seipsum
1998 3344 2159 3400 nobis

566 3431 920 3489 Servatorem
958 3435 1196 3505 praebuit
1238 3453 1254 3491 :
1288 3453 1309 3488 ι
1352 3434 1569 3492 Etenim
1608 3452 1735 3492 cum
1795 3437 1947 3508 impii
1977 3437 2161 3495 adhuc

564 3539 830 3591 essemus,
866 3525 1065 3596 inquit,
1102 3540 1202 3595 pro
1228 3525 1392 3582 nobis
1422 3535 1673 3583 mortuus
1703 3536 1825 3592 est;
1856 3546 1875 3581 ι
1905 3527 2027 3600 ejus
2055 3544 2157 3584 no-

563 3617 663 3671 stri
697 3632 851 3684 cura,
880 3618 1058 3688 gratia
1112 3627 1215 3674 est.
1253 3617 1393 3686 Quia
1458 3628 1638 3676 autem
1689 3618 1848 3675 Pater
1888 3637 1985 3692 per
2033 3637 2160 3693 pas-

565 3710 751 3764 siones
788 3708 911 3765 Filii
946 3711 1190 3767 humano
1224 3711 1413 3787 generi
1437 3713 1827 3771 reconciliatus
1853 3726 1959 3778 est.
1986 3726 2038 3772 et
2070 3715 2157 3770 di.

563 3802 999 3867 lexitininticos,
1046 3817 1336 3875 prepterea
1367 3822 1430 3861 ea
1456 3821 1580 3876 quae
1607 3806 1700 3863 ille
1748 3808 1802 3862 in
1855 3823 1954 3864 nos
2005 3808 2154 3873 fecit,

563 3895 914 3963 appellantur
945 3896 1190 3951 dilectio.
1219 3897 1355 3963 Quia
1403 3908 1588 3952 autem
1629 3899 1825 3955 amicis
1849 3915 1915 3955 cx
1968 3900 2156 3955 inimi-

564 3989 647 4039 cis
673 3985 885 4043 ell‘ectis
919 3988 1210 4056 oportebat
1239 4003 1365 4042 eum
1399 3991 1492 4059 qui
1541 3989 1698 4046 dives
1731 4002 1814 4046 est
1856 3992 1910 4046 in
1939 3992 2157 4046 miseri-

564 4074 771 4141 conlia,
793 4078 1011 4147 propria
1034 4079 1174 4132 bona
1198 4084 1630 4147 communicare,
1648 4081 1753 4138 hoc
1772 4081 1902 4137 facit
1918 4084 2155 4151 Spiritus

566 4180 794 4223 sanctus
819 4171 911 4240 qui
947 4171 1099 4225 venit
1135 4172 1201 4227 ad
1254 4175 1556 4243 apostolos.
1592 4175 1892 4247 Propterea
1917 4176 2063 4234 illius
2099 4178 2152 4232 in

569 4261 826 4315 homines
895 4260 1213 4330 benignitas
1279 4266 1710 4323 communicatio
1768 4267 1990 4324 dicitur.
2046 4269 2151 4327 Sed

568 4353 773 4407 dixerit
801 4354 1098 4423 quispiam,
1128 4356 1244 4412 haec
1302 4362 1487 4414 omnia
1545 4359 1711 4423 bona,
1761 4376 1886 4415 cum
1934 4364 2155 4418 advenit

570 4442 849 4508 Senator,
884 4447 1199 4504 hominibus
1232 4449 1361 4505 data
1394 4466 1519 4507 esse
1554 4468 1568 4504 :
1611 4452 1737 4519 quid
1771 4462 1853 4509 est
1896 4469 2027 4525 ergo
2058 4456 2152 4511 ad-

2262 3252 2371 3308 ἀπδ
2402 3255 2461 3310 δὲ
2489 3254 2583 3310 τοῦ
2616 3257 2852 3328 Πατρὺς,
2885 3259 3111 3331 ἀγάπην
3128 3277 3141 3291 ·
3165 3264 3277 3318 ἀπὸ
3301 3265 3359 3319 δὲ
3379 3264 3470 3318 τοῦ
3493 3264 3776 3332 Πνεύμιτοςν

2260 3346 2572 3402 κοινωνίαν.
2611 3347 2735 3402 Ὅτι
2765 3348 2866 3418 μὲν
2893 3349 3003 3423 γὰρ
3032 3352 3160 3416 Υἱὸς
3193 3356 3368 3426 μηδὲν
3428 3355 3777 3425 εἰσενεγκοῦσιν

2259 3433 2395 3488 ἀλλὰ
2428 3436 2523 3488 καὶ
2556 3437 2864 3505 ὀφείλουσιν
2917 3441 3001 3495 ἔτι
3056 3442 3238 3509 δίκας,
3293 3448 3522 3520 Σωτῆρα
3555 3447 3778 3518 παρέσχεν

2258 3528 2393 3595 ἡμῖν
2427 3528 2621 3584 ἑαυτόν
2651 3547 2663 3560 ·
2703 3549 2723 3583 ι
2764 3534 2876 3588 Καὶ
2914 3536 3026 3607 γὰρ
3057 3537 3278 3596 ἀσεϐῶν
3313 3542 3480 3599 ὄντων
3512 3546 3606 3608 ἔτι,
3632 3546 3775 3615 φησὶν,

2260 3620 2401 3693 ὑπὲρ
2426 3622 2583 3692 ἡμῶν
2611 3623 2852 3680 ἀπέθανε
2874 3643 2890 3661 ο
2929 3647 2948 3681 ι
2985 3631 3015 3699 ἡ
3048 3633 3178 3704 περὶ
3200 3635 3238 3705 ἡ
3248 3637 3367 3704 μῶν
3399 3637 3555 3693 αὐτοῦ
3577 3637 3776 3707 πρόνοιτ,

2257 3714 2420 3783 χάρις
2462 3715 2629 3770 ἐστίν.
2677 3717 2800 3772 Ὅτι
2839 3720 2897 3774 δὲ
2943 3723 2973 3776 ό
3019 3725 3211 3796 Πατὴρ
3274 3729 3364 3784 διὰ
3401 3730 3507 3785 τῶν
3564 3728 3649 3785 τοῦ
3679 3725 3777 3783 ΥΞοῦ

2259 3805 2471 3873 παθῶν,
2524 3808 2791 3881 διηλλάγη
2838 3811 2918 3883 τῷ
2975 3815 3126 3883 γένει
3182 3820 3299 3875 τῶν
3358 3822 3660 3895 ἀνθρώπων.
3706 3817 3778 3877 καὶ

2256 3899 2515 3971 ἠγάπησε
2548 3903 2675 3966 τοὺς
2712 3905 2971 3975 ἐχθροὺς,
3003 3908 3091 3963 διὰ
3125 3911 3289 3967 τοῦτο
3338 3917 3405 3971 τά
3448 3917 3644 3970 ἐκείνου
3671 3912 3774 3979 πρὸς

2256 3993 2406 4062 ἡμᾶς
2441 3995 2636 4067 ἀγάπη
2686 3997 2959 4055 καλεῖται.
3012 4002 3173 4057 Ἐπεὶ
3223 4006 3282 4062 δὲ
3330 4011 3442 4074 τοῖς
3494 4006 3776 4079 φιλιωθείσιν

2257 4084 2474 4156 ἐχθροῖς
2505 4087 2611 4142 ἔδει
2638 4090 2975 4161 κοινωνῆσαι
3006 4094 3098 4149 τὸν
3131 4098 3394 4157 πλούσιον
3436 4104 3492 4156 ὲν
3518 4102 3660 4165 ἐλέει,
3692 4095 3775 4151 τῶν

2255 4178 2476 4233 οἰκείων
2506 4179 2751 4249 ἀγαθῶν,
2798 4183 2963 4238 τοῦτο
3016 4191 3164 4241 ποιεῖ
3199 4191 3263 4245 τὸ
3321 4193 3540 4266 Πνεῦμα
3578 4194 3631 4247 τὸ
3655 4192 3778 4260 ἀγιον

2257 4269 2606 4341 ὲπιδημῆσαν
2635 4276 2745 4337 τοῖς
2780 4276 3122 4345 ἀποστόλοις.
3176 4284 3281 4338 Διά
3337 4286 3492 4342 τοῦτο
3530 4291 3560 4359 ὴ
3607 4287 3775 4338 ἐκείνου

2257 4362 2393 4431 πρὸς
2422 4364 2752 4436 ἀνθρώπους
2777 4374 3087 4444 χρηστότης
3117 4380 3377 4435 κοινωνία
3410 4382 3636 4450 λέγεται.
3667 4376 3776 4431 Ἀλλ’

2256 4452 2402 4507 εἴποι
2443 4473 2530 4521 τις
2554 4457 2619 4511 ἂν
2654 4460 2736 4513 ὅτι
2780 4461 2956 4516 ταῦτα
2986 4466 3053 4519 τὰ
3082 4467 3269 4534 ἀγαθά
3297 4471 3392 4525 τοῦ
3426 4473 3658 4543 Σωτῆρος
3685 4472 3776 4522 ἔπι·

562 4536 676 4591 huc
711 4550 849 4606 opus
883 4540 1136 4594 oratione
1168 4554 1269 4609 pro
1294 4543 1457 4596 bonis
1499 4556 1620 4612 quae
1673 4543 1785 4614 jam
1824 4544 1949 4600 data
1986 4547 2152 4604 sunt?

2257 4546 2607 4620 δημήσαντος
2638 4553 2820 4608 πάντα
2856 4559 2970 4619 τοῖς
3003 4559 3318 4630 ἀνθρώποις
3376 4567 3528 4636 ἐδόθη
3553 4536 3671 4627 ζ’τίς
3706 4555 3779 4614 οὖν

562 4628 785 4684 Clarum
816 4640 918 4694 est.
941 4632 1090 4701 quod
1122 4647 1190 4687 ne
1210 4648 1273 4689 ea
1330 4643 1547 4704 accepta
1580 4635 1918 4703 amittamus,
1948 4639 2043 4693 sed
2086 4654 2150 4695 ea

563 4731 827 4792 perpetuo
854 4724 1155 4781 habeamus
1184 4743 1200 4793 ;
1235 4736 1290 4780 et
1314 4726 1437 4781 ideo
1468 4743 1578 4782 non
1617 4726 1752 4781 dixit
1782 4745 1796 4781 :
1825 4728 2031 4783 Deulur
2061 4747 2155 4787 vo-

562 4817 947 4884 bisomuibus,
1010 4827 1069 4873 ttt
1123 4835 1185 4874 ea
1239 4836 1362 4890 qua:
1418 4823 1533 4889 jam
1599 4822 1724 4875 data
1775 4833 1991 4891 erant;
2056 4824 2150 4880 sed

568 4927 585 4958 ι
621 4907 744 4961 Sint
771 4924 894 4965 cum
921 4910 1074 4966 vobis
1091 4912 1373 4966 omnibus.
1414 4929 1436 4965 ι
1466 4910 1585 4966 Νοη
1612 4914 1846 4979 recedat,
1882 4915 2080 4985 inquit,
2118 4929 2151 4970 a

562 5000 717 5054 vobis
748 5002 922 5071 gratia
953 5018 1076 5073 quae
1105 5004 1232 5058 data
1304 5014 1410 5057 est.
1464 5005 1763 5071 Postquam
1827 5017 2007 5061 autem
2054 5023 2151 5064 eos

560 5091 830 5159 ejusmodi
856 5095 1103 5150 oratione
1121 5096 1380 5165 dignatus
1398 5107 1502 5163 est,
1531 5111 1583 5151 et
1611 5097 1691 5152 sic
1727 5099 1937 5155 animas
1954 5104 2148 5166 erexit,

561 5184 926 5255 cogitationes
1003 5202 1195 5242 eorum
1271 5202 1302 5241 a
1353 5197 1494 5243 terra
1570 5191 1824 5257 extollit,
1872 5202 1922 5247 et
1992 5194 2143 5261 dicit,

568 5297 586 5327 ι
631 5276 864 5332 Sursum
893 5278 1061 5334 corda
1085 5277 1386 5336 habeamus
1415 5297 1432 5335 :
1466 5298 1484 5331 ι
1525 5298 1644 5351 quae
1674 5298 1839 5353 supra
1874 5296 2002 5340 sunt
2054 5303 2147 5342 co-

561 5370 824 5438 gitemus,
861 5385 969 5424 non
1002 5385 1127 5439 qua:
1160 5371 1214 5423 in
1245 5380 1409 5428 terra.
1440 5374 1516 5429 Illi
1553 5384 1734 5430 autem
1770 5380 2146 5447 consentiunt,

562 5472 616 5513 et
650 5462 845 5515 dicunt
902 5478 962 5516 se
995 5463 1109 5517 illic
1153 5464 1321 5518 corda
1361 5466 1583 5533 habere,
1612 5470 1703 5525 tibi
1732 5482 1813 5525 est
1855 5472 2145 5529 thesaurus

564 5560 776 5617 noster,
804 5553 896 5606 ubi
938 5564 1021 5609 est
1052 5554 1308 5612 Christus
1332 5560 1384 5614 in
1421 5562 1642 5620 dextera
1684 5564 1862 5620 Patris
1898 5568 2095 5622 sedens
2127 5583 2142 5622 :

567 5658 590 5693 ι
620 5641 892 5700 Habemus
923 5646 987 5701 ad
1013 5646 1324 5706 Dominum.
1364 5671 1383 5704 ι

2258 4640 2551 4712 ἥδη’χρεία
2583 4646 2682 4710 τῆς
2710 4648 2898 4719 εὐχῆς.
2930 4653 3060 4722 ’περὶ
3092 4654 3200 4708 τῶν
3225 4656 3325 4727 ἤδη
3349 4658 3599 4713 δοθέντων
3639 4657 3776 4728 ἱεμῖνὶ

2256 4734 2530 4807 Πρόδηλον
2559 4737 2645 4790 ίνα
2675 4740 2850 4794 ταῦτα
2878 4742 3135 4809 λαϐόντες
3166 4747 3245 4819 μὴ
3268 4749 3640 4821 ἀπολέσωμεν·
3671 4745 3779 4801 ἀλλά

2259 4827 2517 4896 μένωμεν
2546 4828 2763 4899 ἔχοντες
2814 4831 2902 4885 διὰ
2935 4835 3144 4899 τέλους.
3191 4843 3292 4895 Διά
3347 4844 3503 4898 τοῦτο
3536 4843 3627 4896 οὐκ
3659 4835 3775 4898 εἶπεν

2254 4915 2446 4988 Δοθείη
2481 4921 2646 4973 πᾶσιν
2676 4922 2824 4991 ὑμῖν,
2856 4924 2932 4988 ὼς
2963 4928 3065 4998 ἤδη
3095 4928 3393 4988 δοθέντων·
3439 4935 3589 5002 ἀλλὰ,
3633 4953 3649 4986 t
3701 4932 3775 4995 ml

2256 5008 2399 5075 μετά
2453 5014 2674 5064 πάντων
2708 5013 2885 5083 ὑμῶν.
2935 5036 2953 5069 ι
3002 5020 3093 5091 Μὴ
3147 5024 3442 5095 ἀποσταίη,
3496 5028 3664 5095 φησὶν.
3703 5020 3775 5086 ἀφ’

2254 5099 2430 5169 ὑμῶν,
2458 5103 2490 5171 ὴ
2528 5103 2741 5158 δοθεῖσα
2768 5108 2950 5179 χάρις.
2978 5112 3252 5187 Τοιαύτης
3283 5119 3339 5172 δὲ
3367 5122 3557 5185 αὐτοὺς
3576 5118 3774 5183 ἀξιώσας

2252 5192 2440 5261 εὐχῆς,
2469 5196 2562 5248 καὶ
2587 5195 2730 5252 οὕτω
2760 5201 2858 5263 τὰς
2887 5202 3065 5272 ψυχὰς
3090 5209 3403 5282 ἀναστήσας
3432 5213 3533 5266 ἀπὸ
3561 5211 3649 5277 τῆς
3672 5206 3771 5273 lilio

2251 5284 2399 5352 αἴρει
2436 5287 2506 5339 τὰ
2541 5292 2867 5361 φρονήματα
2892 5312 2904 5325 ·
2955 5297 3050 5350 καί
3076 5316 3265 5368 φησιν,
3331 5322 3349 5355 t
3408 5305 3548 5358 'Avw
3592 5298 3772 5372 σχῶμεν

2250 5378 2345 5439 τὰς
2388 5379 2632 5450 καρδίας,
2669 5403 2686 5434 ι
2721 5385 2789 5437 τὰ
2841 5386 2952 5440 ἄνω
3015 5391 3326 5462 φρονῶμεν,
3376 5395 3451 5466 μὴ
3497 5396 3561 5448 τὰ
3588 5392 3667 5446 ἐπὶ
3695 5387 3773 5455 τῆς

2250 5472 2350 5538 γῆς
2375 5488 2387 5500 ⁸
2429 5475 2519 5524 καὶ
2561 5475 2719 5530 αὐτοὶ
2777 5479 3122 5537 συντίθενται
3147 5503 3160 5515 ·
3211 5488 3308 5540 καί
3354 5505 3512 5559 φησιν
3559 5486 3662 5539 ἐκεῖ
3692 5479 3771 5539 τὰς

2247 5565 2483 5633 καρδίας
2528 5565 2692 5636 ἔχειν,
2740 5571 2872 5625 ὅπου
2913 5572 2941 5624 ὁ
2973 5572 3251 5648 θησαυρὸς
3292 5579 3449 5650 ἡμῶν
3476 5582 3634 5640 ἐστιν,
3663 5566 3715 5625 οὗ
3746 5571 3770 5622 δ

2246 5656 2482 5725 Χριστός
2532 5659 2704 5727 ἐστιν,
2739 5663 2797 5714 έν
2834 5663 2987 5736 δεξιᾷ
3039 5667 3134 5721 τοῦ
3189 5671 3404 5742 Πατρὺς
3460 5671 3766 5743 καθήμενον

2251 5764 2268 5794 ι
2307 5748 2541 5819 Ἳῗχομεν
2575 5752 2707 5823 πρδς
2740 5753 2827 5807 τδν
2860 5756 3085 5827 Κύριον.
3120 5779 3138 5811 ι
