4030 6454
268 377 373 439 tas

834 492 1084 547 ΚΕΦΑΑ.
1144 493 1270 546 KZ'.

273 605 410 674 Περὶ
446 604 549 659 τοῦ
587 604 890 674 ἀνιασμοῦ
924 605 1043 659 τῶν
1060 605 1283 672 δώρων,
1322 605 1416 658 καί
1451 602 1561 671 τῆς
1581 601 1694 670 πρὸ
1722 600 1853 655 τού-

767 693 873 729 του
898 676 1315 744 εὐχαριστίας.

347 786 494 823 ιυτω
536 767 594 821 δὲ
628 768 892 822 κάλλιστα
946 768 1038 822 καὶ
1065 767 1337 837 ίερὼτατα
1381 765 1748 830 διατεθέντας,
1801 763 1854 816 τί

285 863 510 932 λοιπένῆ
556 862 694 932 πρὸς
734 862 1085 932 εὐχαριστίαν
1138 860 1417 933 τραπῆναι
1463 860 1558 912 τοῦ
1618 855 1855 929 χορηγοῦ

289 957 383 1006 τῶν
415 955 633 1022 ἀγαθῶν
680 956 936 1008 ἁπάντων
985 953 1164 1017 Θεοῦ;
1216 953 1392 1016 ἄλλως
1431 969 1491 1005 τε
1522 952 1612 1004 τὸν
1643 949 1857 1019 πρῶτον

283 1047 425 1117 ίερέα
460 1044 797 1116 μιμούμενος
827 1044 1257 1116 εὐχαριστοῦντα
1276 1045 1352 1116 τῷ
1374 1043 1492 1113 Θεῷ
1526 1044 1619 1095 καὶ
1656 1041 1856 1111 Πατρὶ,

282 1140 383 1207 πρὸ
401 1137 496 1190 τοῦ
530 1138 858 1207 παραδοῦναι
886 1138 947 1189 τὸ
972 1138 1272 1208 μυστήριον
1297 1140 1395 1205 τῆς
1417 1134 1722 1195 κοινωνίας.
1747 1133 1859 1186 Καὶ

280 1229 436 1292 αὐτὸς
473 1228 578 1298 πρὸ
624 1229 727 1297 τῆς
758 1230 1075 1298 τελεστικῆς
1109 1230 1294 1297 εὐχῆς.
1326 1226 1451 1280 καθ’
1479 1226 1548 1296 ἢν
1584 1224 1860 1294 ἱερουργεί

277 1323 343 1374 τά
375 1323 529 1387 ἆγια,
563 1322 660 1389 τὴν
681 1322 1030 1391 εὐχαριστίαν
1062 1322 1268 1391 ταύτην
1298 1321 1555 1380 ποιεῖται,
1586 1317 1726 1386 πρὸς
1766 1316 1858 1369 τὸν

273 1411 407 1462 Θεὸν
447 1414 537 1463 καὶ
569 1411 785 1481 Πατέρα
806 1412 900 1463 τοῦ
936 1412 1142 1482 Κυρίου
1184 1410 1345 1480 ἡμῶν
1377 1409 1554 1478 Ἰησοῦ
1595 1404 1855 1477 Χριστοῦ,

276 1522 299 1556 ς
339 1504 847 1573 Εὐχαριστήσωμεν
872 1503 949 1573 τῷ
985 1504 1196 1574 Κυρίῳο
1234 1522 1253 1556 ι
1282 1502 1377 1556 καὶ
1418 1504 1639 1555 πάντων
1673 1499 1859 1553 συνθε-

276 1596 477 1665 μένων,
506 1596 600 1648 καὶ
627 1613 645 1646 ι
687 1596 868 1661 ’Ἄξιον
908 1598 1004 1649 καὶ
1034 1596 1268 1661 δίκαιον,
1306 1614 1323 1646 ι
1351 1594 1706 1656 ἁνειπόντων,
1761 1593 1861 1646 αὐ-

274 1691 363 1750 τὸς
401 1688 700 1755 ἐφ’έαυτοῦ
735 1689 833 1759 τὴν
875 1688 1231 1758 εὐχαριστίαν
1278 1689 1550 1758 ἀναφέρει
1604 1687 1680 1756 τῷ
1713 1685 1854 1754 Θεῷο

280 1781 373 1831 καὶ
393 1778 748 1850 δοξο).ογήσας
770 1781 955 1844 αὑτὸν,
1006 1780 1101 1832 καὶ
1135 1781 1274 1849 μετὰ
1301 1779 1550 1847 ἀγγέλων
1583 1778 1853 1849 ὑμνήσας,

281 1874 372 1924 καὶ
395 1873 621 1941 χάριτας
646 1873 993 1941 ὁμολογήσας
1015 1871 1125 1924 τῶν
1150 1870 1373 1939 ἀγαθῶν
1416 1871 1693 1933 ἁπάντων,
1749 1871 1858 1921 τῶν

280 1964 337 2025 ἐξ
354 1962 548 2023 αἰῶνος
577 1964 709 2031 ἡμῖν
730 1963 859 2032 παρ’
878 1961 1044 2014 αὑτοῦ
1073 1961 1407 2032 γενομένων
1438 1962 1531 2014 καὶ
1548 1960 1859 2014 τελευταῖον

281 2053 450 2120 αὐτῆς
479 2052 573 2121 τῆς
626 2054 891 2123 ἀρρήτου,
944 2054 1039 2105 καὶ
1074 2052 1216 2121 ὑπὲρ
1275 2052 1436 2119 λόγον
1489 2052 1651 2122 ἡμῶν
1695 2051 1860 2103 ἕνεκα

281 2144 370 2196 τοῦ
396 2144 645 2213 Σωτῆρος
672 2142 985 2212 οἰκονομίας
1024 2142 1312 2214 μνησθεὶς,
1338 2140 1457 2196 εἶτα
1490 2143 1766 2213 ίερουργεῖ
1788 2141 1861 2194 τὰ

281 2238 437 2304 τίμια
463 2236 629 2303 δῶρα,
678 2236 772 2289 καὶ
803 2236 1019 2306 ὴθυσία
1080 2238 1229 2289 πᾶσα
1284 2235 1542 2291 τελεῖται.
1576 2236 1687 2289 Καὶ
1737 2235 1859 2287 τίνα

293 2328 629 2397 τρόπονςΤὸ
661 2329 888 2398 φρικτὸν
936 2330 1112 2381 ἐκεῖνο
1159 2330 1566 2399 διηγησάμενος
1617 2327 1856 2393 δεῖπνον,

284 2423 375 2474 καὶ
399 2422 544 2485 ὅπως
566 2421 713 2493 αὑτῷ
741 2422 1017 2491 παρέδωκε
1045 2423 1149 2491 πρὸ
1178 2421 1271 2474 τοῦ
1311 2422 1516 2484 πάθους
1538 2422 1647 2485 τοῖς
1677 2421 1856 2488 ἁγίοις

283 2513 450 2567 αὑτοῦ
521 2513 813 2586 μαθηταῖς,
865 2514 958 2568 καὶ
1016 2515 1090 2579 ὡς
1152 2515 1369 2579 ἐδέξατο
1415 2517 1718 2584 ποτήριον,
1758 2514 1856 2565 καὶ

283 2606 356 2668 ὼς
388 2606 575 2659 ἐλαϐεν
598 2608 787 2676 ἄρτον,
838 2607 932 2659 καὶ
982 2607 1335 2677 εὐχαριστίαν
1368 2605 1588 2677 ἡγίασε·
1653 2605 1750 2657 καὶ
1782 2603 1857 2667 ὡς

283 2695 403 2751 εἷπε
427 2697 493 2750 δι’
525 2691 599 2751 ὧν
632 2698 867 2767 ἐδήλωσε
892 2696 951 2749 τὸ
991 2698 1311 2767 μυστήριον,
1345 2696 1440 2749 καὶ
1470 2696 1611 2749 αὐτὰ
1663 2696 1730 2748 τά
1762 2697 1858 2764 ῥή-

286 2806 436 2859 ματα
486 2787 743 2850 ἀνειπὼν,
795 2785 912 2841 εἶτα
962 2789 1318 2859 προσπίπτει,
1367 2787 1461 2840 καὶ
1506 2786 1727 2857 εὔχεται
1763 2786 1857 2837 καὶ

285 2883 542 2943 ἱκετεύει,
576 2883 672 2947 τάς
699 2882 855 2945 θείας
909 2884 1129 2947 ἐκείνας
1165 2882 1351 2952 φωνὰς
1384 2882 1489 2949 ⁸τοῦ
1527 2880 1858 2951 μονογενοῦς

284 2976 414 3030 Υἰοῦ
450 2975 633 3041 αὑτοῦ,
659 2976 753 3029 τοῦ
781 2975 1039 3048 Σωτῆρος
1067 2978 1247 3047 ἡμῶν,
1274 2976 1601 3047 ἐφαρμόσας
1642 2976 1739 3029 καὶ
1763 2975 1856 3027 ἐπὶ

283 3071 395 3123 τῶν
430 3071 805 3141 προκειμένων
854 3071 1065 3142 δώρων,
1109 3070 1205 3124 καὶ
1265 3070 1536 3141 δεξάμενα
1588 3070 1648 3124 τὸ
1684 3069 1857 3122 πανάο

283 3179 407 3231 γιον
436 3164 599 3218 αὐτοῦ
631 3166 722 3217 καὶ
750 3164 1219 3235 παντοδυνάμενον
1252 3164 1476 3235 Πνεῦμα
1508 3164 1857 3235 μεταϐληθῆ-

282 3272 395 3317 ναι,
457 3254 547 3307 τὸν
578 3254 677 3323 μὲν
713 3256 879 3326 ἄρτον
933 3257 1015 3320 είς
1048 3255 1180 3310 αὐτὸ
1222 3257 1283 3311 τὸ
1339 3257 1525 3326 τίμιον
1576 3258 1671 3312 καὶ
1701 3258 1856 3328 ἆγιον

280 3340 450 3394 αὐτοῦ
474 3340 653 3410 σῶμα,
689 3344 779 3396 τὸν
805 3344 861 3397 δὲ
892 3341 1032 3399 οἶνον
1085 3346 1165 3409 εἰς
1196 3346 1325 3400 αὐτὸ
1361 3346 1422 3401 τὸ
1467 3347 1737 3419 ἄχραντον
1756 3350 1855 3402 αὑ-

295 3432 393 3485 τοῦ
426 3433 521 3485 καὶ
568 3434 724 3502 ᾶγιον
756 3428 917 3504 αἷμα.
952 3435 1169 3491 Τούτων
1201 3438 1256 3491 δὲ
1287 3438 1620 3509 εἰρημένων,
1653 3441 1715 3494 τὸ
1748 3442 1856 3494 πᾶν

284 3526 386 3592 τῆς
415 3526 727 3598 ἱερουργίας
757 3529 991 3598 ήνυσται
1022 3532 1120 3586 καὶ
1141 3531 1471 3598 τετέλεσται,
1502 3534 1684 3586 καὶτὰ
1706 3535 1853 3605 δῶρα

284 3619 546 3690 ἡγιάσθη,
582 3624 677 3675 καὶ
706 3623 739 3693 ἡ
771 3622 932 3677 θυσία
959 3624 1295 3696 ἀπηρτίσθη,
1322 3628 1416 3681 καὶ
1440 3628 1502 3680 τὸ
1539 3628 1682 3698 μέγα
1706 3629 1854 3698 θύμα

293 3711 390 3762 καὶ
421 3712 613 3781 ἱερεῖον
673 3714 735 3766 τὸ
767 3715 909 3787 ὑπὲρ
954 3715 1049 3770 τοῦ
1108 3718 1318 3786 κόσμου
1384 3720 1592 3789 σφαγέν
1639 3720 1731 3773 ἐπὶ
1758 3722 1855 3790 τῆς

306 3802 452 3871 ἱερᾶς
473 3805 745 3875 τραπέζης
770 3808 962 3877 ὁρᾶται
1009 3808 1284 3878 κείμενον·
1332 3810 1361 3863 ὁ
1390 3813 1501 3880 γὰρ
1560 3811 1724 3883 ἄρτος
1755 3811 1852 3864 τοῦ

293 3895 567 3965 Κυριακοῦ
602 3897 853 3967 σώματος
903 3900 1004 3953 οὐκ
1038 3900 1119 3953 ἔτι
1154 3899 1344 3967 τύπος,
1405 3902 1525 3955 οὐδὲ
1553 3903 1747 3973 δῶρον,
1774 3904 1852 3957 εί-

288 3986 423 4038 κόνα
465 3988 640 4057 φέρων
669 3989 763 4042 τοῦ
793 3989 1046 4062 ἀληθινοῦ
1092 3990 1291 4059 δώρου,
1320 3993 1441 4045 οὐδὲ
1474 3994 1695 4066 γραφήν
1729 4012 1853 4048 τινα.

285 4079 529 4147 κομίζων
578 4082 636 4134 ἐν
697 4081 876 4153 ἐαυτῷ
925 4083 1033 4135 τῶν
1089 4085 1378 4156 σωτηρίων
1422 4087 1612 4141 παθῶν
1662 4087 1853 4157 ὥσπερ

281 4174 345 4224 ἐν
391 4173 602 4237 πίνακι,
625 4174 739 4227 ἀλλ’
770 4175 901 4229 αὐτὸ
927 4177 987 4229 τὸ
1039 4177 1295 4250 ἀληθινὸν
1325 4180 1501 4249 δῶρον
1526 4197 1540 4211 °
1574 4182 1703 4235 αὐτό
1761 4182 1855 4234 τοῦ

279 4263 554 4315 Δεσπὸτου
610 4263 703 4317 τοῦ
737 4266 1001 4332 παναγίου
1069 4267 1248 4337 σῶμα,
1283 4268 1344 4322 τὸ
1411 4270 1591 4324 πάντα
1642 4270 1857 4340 ἀληθῶς

282 4356 473 4408 ἐκεῖνα
513 4355 806 4426 δεξάμενον
850 4358 917 4411 τὰ
947 4358 1145 4429 ὀνείδη,
1187 4360 1285 4423 τὰς
1309 4359 1516 4431 ὕϐρεις,
1554 4362 1681 4428 τοὺς
1740 4362 1857 4432 μώο

280 4446 496 4508 λωπας’
526 4447 586 4499 τὸ
618 4448 951 4518 σταυρωθὲν,
995 4450 1053 4502 τὸ
1102 4450 1334 4519 σφαγὲν,
1393 4454 1454 4504 τὸ
1499 4458 1859 4525 μαρτυρῆσαν

280 4540 381 4591 ἐπὶ
406 4540 628 4592 Ποντίου
656 4540 910 4607 Πιλάτου,
947 4541 1047 4612 τὴν
1080 4543 1252 4613 καλὴν
1299 4544 1620 4612 ὀμοὶογὶαν,
1658 4547 1720 4599 τὸ
1758 4550 1858 4617 ῥα-

280 4632 503 4693 πισθέν,
526 4631 587 4684 τὸ
612 4632 882 4696 αἱκισθὲν,
930 4635 989 4686 τὸ
1024 4635 1436 4704 ἐμπτυσμάτων
1469 4638 1860 4708 ἀνασχόμενον,

280 4726 348 4776 τὸ
383 4724 548 4793 χολῆς
584 4726 945 4796 γευσάμενον.
989 4722 1226 4796 Ὁμοίως
1254 4729 1349 4782 καὶ
1373 4728 1400 4778 ὁ
1433 4723 1597 4793 οἶνος,
1636 4731 1767 4783 αὐτὸ
1802 4731 1864 4784 τὸ

280 4812 426 4886 αἷμα
454 4816 515 4869 τὸ
534 4816 853 4887 ἐκπηδῆσαν
880 4819 1253 4887 σφαττομένου
1284 4818 1379 4872 τοῦ
1408 4818 1681 4890 σώματος,
1705 4822 1865 4875 τοῦτο

277 4908 343 4959 τὸ
380 4908 563 4975 σῶμα,
598 4906 753 4961 τοῦτο
786 4908 846 4961 τὸ
887 4904 1027 4979 αἷμα
1062 4910 1125 4962 τὸ
1177 4911 1379 4963 συστὰν
1440 4913 1503 4964 ἐκ
1545 4892 1864 4985 πῖνέύματος

277 5000 465 5067 ἁγίου,
483 5002 541 5052 τὸ
560 5001 818 5071 γεννηθὲν
848 5002 957 5055 ἀπὸ
974 5003 1072 5072 τῆς
1090 5002 1249 5071 ἁγίας
1272 5004 1570 5074 Παρθένου,
1590 5008 1648 5059 τὸ
1670 5011 1862 5077 ταφέν,

275 5096 340 5147 τὸ
361 5097 599 5148 ἀναστὰν
617 5099 681 5165 τῇ
700 5096 856 5166 τρίτῃ
876 5096 1077 5167 ἡμέρᾳ,
1098 5099 1159 5149 τὸ
1194 5099 1414 5151 ἁνελθδν
1445 5102 1527 5163 εἰς
1579 5105 1703 5168 τοὺς
1771 5108 1831 5159 οὐ
1846 5140 1864 5150 .

280 5192 507 5261 ρινοῦς,
547 5190 639 5243 καὶ
675 5189 1038 5259 καθεζόμενον
1101 5193 1163 5244 ἐκ
1220 5191 1413 5258 δεξιῶν
1463 5196 1555 5248 τοῦ
1630 5200 1868 5273 Πατρός.

859 5284 1110 5338 ΚΕΦΛΛ.
1154 5283 1289 5340 KH'.

364 5402 562 5455 Πόθεν
591 5398 881 5469 ἀσφαλῶς
918 5401 1284 5471 πιστεύομεν
1312 5401 1377 5455 τὸ
1396 5404 1759 5473 μυστήριον.

353 5558 465 5611 Καὶ
497 5558 580 5621 τίς
609 5560 640 5627 ὴ
674 5558 852 5621 πίστις
881 5574 896 5623 ;
950 5558 1119 5622 Αὐτὸς
1174 5553 1317 5621 εἷπε,
1378 5577 1397 5611 ι
1422 5560 1598 5613 Τοῦτό
1629 5565 1745 5616 ἐστι
1798 5565 1859 5618 τδ

281 5650 446 5719 cape
477 5665 607 5719 μουο
640 5667 658 5699 ι
688 5668 705 5699 ι
734 5649 907 5702 Τοῦτο
931 5650 991 5700 τὸ
1025 5644 1166 5717 αἷμά
1203 5667 1325 5718 μου.
1371 5669 1389 5701 ι
1423 5654 1595 5717 Αὐτὸς
1628 5658 1719 5709 καὶ
1746 5660 1855 5721 τοῖς

277 5743 609 5806 ἀποστόλοις
638 5742 912 5809 ἐκέλευσε,
955 5743 1047 5796 καὶ
1075 5742 1146 5794 δι’
1171 5743 1396 5796 ἐκείνων
1440 5750 1504 5816 τῇ
1542 5748 1684 5819 πάσῃ
1737 5751 1861 5803 Ἐκ-

278 5838 510 5909 κ).τ,σὲᾳ,
550 5835 710 5888 τοῦτο
745 5841 940 5889 ποιεῖν.
972 5854 990 5887 ι
1028 5834 1197 5887 Τοῦτο
1236 5838 1369 5901 γὰρ.
1433 5844 1586 5909 (mai,
1656 5846 1855 5897 ποιεῖτε

629 5931 899 5996 ΡΑτιιυι..
934 5934 1047 5994 Gn.
1088 5935 1212 5998 CL.
1298 5922 1299 5925 “

1470 338 1863 432 “renata
1910 369 2316 428 axrosmo

1891 4500 1940 4559 D

3430 370 3533 431 1.23

2527 485 2678 539 CAP.
2736 486 2949 540 ΧΧἨΙ.

2036 596 2105 649 De
2142 599 2565 667 sanctiﬁcatione
2602 598 2883 659 donorum.
2917 612 2963 653 et
3011 616 3126 669 quw
3150 616 3262 653 eunt
3285 604 3533 671 prwredit

2468 674 2763 738 gratiarum
2807 672 3033 725 (ratione.

2026 760 2130 828 Qui
2165 771 2347 817 autem
2380 763 2746 832 pulcherrime
2771 774 2823 817 et
2880 764 3228 819 sanctissime
3263 766 3341 821 sic
3400 768 3536 823 all‘e-

1960 862 2084 908 ctus
2115 862 2219 917 est,
2250 853 2382 922 quid
2411 861 2575 909 restat
2630 854 2735 910 nisi
2800 863 2858 908 ιιι
2912 856 2978 909 ad
3037 857 3242 926 gratias
3300 861 3537 925 agendas

1959 954 2313 1000 convertatur
2368 947 2477 1001 Deo
2517 948 2608 1016 qui
2644 950 2783 1001 bona
2814 947 2994 1002 omnia
3027 949 3380 1019 Suppeditat?
3417 968 3536 1004 Ina-

1962 1037 2110 1090 xime
2145 1038 2379 1106 primunt
2444 1038 2785 1093 sacerdotem
2830 1040 3071 1103 imitans,
3128 1042 3236 1095 Deo
3276 1053 3328 1097 et
3392 1044 3537 1097 Patri

1960 1129 2164 1197 gratias
2220 1138 2491 1199 agentem,
2544 1141 2836 1201 antequam
2920 1132 3077 1185 daret
3136 1146 3538 1188 sacramentum

1960 1220 2383 1276 communionis.
2408 1219 2526 1291 Ipse
2563 1224 2725 1276 etiam
2764 1230 2891 1277 ante
2935 1224 3240 1279 orationem
3274 1228 3536 1297 mystcrii,

1961 1324 2057 1379 per
2085 1326 2249 1380 quam
2289 1323 2478 1367 sancta
2512 1324 2822 1380 consecrat,
2861 1316 3001 1370 hanc
3034 1318 3331 1385 gratiarum
3364 1321 3539 1372 actio-

1959 1423 2083 1460 nem
2128 1408 2307 1461 fundit
2356 1408 2422 1462 ad
2471 1407 2640 1462 Deum
2709 1402 2764 1464 et
2816 1409 3031 1464 Patrem
3090 1411 3306 1465 Domini
3363 1411 3537 1465 nostri

1959 1496 2089 1553 Jesu
2108 1500 2351 1554 Christi:
2396 1519 2412 1552 ι
2442 1500 2656 1556 Gratias
2711 1517 2937 1571 agamus
2994 1502 3289 1565 Dominum
3326 1513 3377 1558 et
3413 1521 3537 1557 cum

1960 1603 2152 1644 omnes
2182 1592 2589 1657 consenserint,
2644 1602 2721 1659 et,
2768 1593 3034 1663 «Dignum
3082 1604 3128 1647 et
3160 1595 3369 1663 justum
3397 1607 3534 1659 οδω

1960 1682 2218 1749 dixerint,
2249 1683 2367 1753 ipse
2404 1684 2513 1738 Deo
2554 1684 2715 1739 oﬂert
2759 1688 3057 1754 gratiarum
3122 1685 3430 1752 actionem;
3487 1698 3541 1742 et

1963 1782 2249 1843 postquam
2284 1775 2457 1842 ipsum
2488 1776 2833 1845 gloriﬁcavit,
2884 1785 2939 1831 et
2961 1792 3083 1832 cum
3111 1779 3319 1848 angelis
3351 1779 3539 1833 lauda-

1964 1865 2140 1928 vit,et
2194 1867 2399 1935 gratias
2446 1883 2546 1935 pro
2608 1868 2765 1922 bonis
2833 1870 3089 1925 omnibus
3142 1871 3253 1939 egit
3293 1886 3413 1939 qua:
3474 1873 3543 1924 alt

1961 1966 2166 2009 aeterno
2192 1958 2243 2009 in
2280 1973 2379 2012 nos
2412 1959 2665 2024 contulit,
2690 1970 2742 2015 et
2806 1970 3083 2030 postremo
3137 1975 3351 2016 arcana:
3398 1963 3538 2032 ejus,

1960 2058 2013 2102 et
2050 2065 2172 2119 quae
2205 2065 2421 2104 omnem
2456 2068 2766 2108 sermonem
2798 2064 2852 2109 et
2883 2058 3149 2111 rationem
3208 2056 3423 2111 excedit
3468 2058 3543 2110 in-

1960 2143 2295 2197 carnationis
2349 2147 2617 2211 meminit,
2677 2147 2873 2203 deide
2936 2150 3173 2219 pretiosa
3220 2151 3360 2205 dona
3408 2164 3541 2204 con-

1960 2244 2161 2293 secrat.
2179 2244 2235 2287 et
2260 2246 2428 2289 totum
2455 2238 2786 2294 sacriﬁcium
2811 2242 3111 2309 peragitur.
3139 2241 3203 2296 Et
3225 2242 3544 2310 quomodo?

1958 2324 2095 2379 Cum
2130 2329 2495 2382 venerandam
2525 2330 2669 2385 illam
2706 2346 2921 2387 cmnam
2988 2336 3251 2401 narravit,
3312 2346 3365 2390 et
3405 2352 3545 2406 quo-

1960 2417 2125 2471 modo
2182 2422 2355 2488 ipsam
2422 2434 2548 2476 ante
2619 2426 2928 2494 passionem
2988 2429 3137 2481 dedit
3168 2430 3371 2485 sanetis
3426 2432 3545 2486 suis

1958 2509 2263 2579 discipulis,
2297 2523 2351 2566 et
2379 2515 2523 2583 quod
2556 2517 2767 2585 accepit
2823 2520 3069 2583 calicem,
3099 2531 3153 2574 et
3185 2522 3328 2591 quod
3382 2538 3545 2577 accc-

1958 2601 2036 2668 pit
2063 2616 2275 2670 panem,
2308 2612 2362 2657 et
2409 2606 2543 2660 actis
2605 2608 2797 2676 gratiis
2846 2611 3227 2674 sanctiﬁcavit,
3290 2622 3345 2667 et
3398 2613 3542 2683 quod

1958 2691 2095 2747 dixit
2125 2708 2187 2747 ea
2219 2709 2314 2763 per
2336 2710 2454 2765 qua:
2508 2699 2838 2767 signiﬁcavit
2890 2702 3255 2771 mysterium:
3308 2712 3361 2758 et
3416 2719 3543 2758 cum

1961 2800 2024 2840 ea
2062 2786 2179 2855 ipsa
2227 2789 2395 2843 verba
2437 2790 2598 2859 dixit,
2650 2791 2847 2847 deinde
2915 2794 3169 2863 procidit,
3207 2807 3260 2850 et
3305 2807 3447 2861 orat,
3492 2806 3549 2851 et

1958 2882 2249 2951 supplicat,
2275 2882 2630 2940 divinasillas
2673 2901 2838 2941 voces
2870 2886 3044 2957 ipsius
3101 2887 3371 2957 unigeniti
3418 2888 3549 2943 Ser-

1960 2973 2166 3028 vatoris
2198 2976 2372 3030 nostri
2399 2976 2565 3030 etiam
2622 2977 2675 3031 in
2709 2978 2874 3033 donis
2908 2978 3207 3050 prepositis
3239 2980 3545 3051 applicans.

1961 3075 2020 3120 ut
2049 3076 2303 3136 suscepto
2335 3068 2455 3138 ejus
2478 3069 2829 3125 sanctissimo
2887 3082 2940 3126 et
2993 3071 3373 3143 omnipotente
3425 3070 3550 3143 Spi-

1882 3156 1926 3216 C
1962 3160 2067 3213 ritu
2099 3169 2457 3216 convertatur
2483 3162 2704 3232 quidem
2757 3164 2991 3233 panisin
3014 3165 3193 3235 ipsum
3224 3180 3445 3235 corpus.
3492 3172 3550 3221 et

1960 3255 2147 3310 vinum
2184 3257 2237 3308 in
2268 3256 2569 3325 pretiosum
2622 3266 2676 3313 et
2716 3267 2965 3313 sanctum
3027 3258 3145 3327 ejus
3202 3258 3546 3328 sanguinem.

1959 3349 2088 3402 Haec
2118 3363 2242 3403 cum
2282 3350 2484 3413 oravit,
2538 3359 2593 3403 et
2629 3348 2788 3415 dixit,
2850 3353 3166 3405 universum
3212 3352 3545 3407 sacriﬁcium

1958 3451 2242 3511 peractum
2268 3451 2323 3497 et
2349 3444 2650 3512 perfectum
2684 3453 2786 3509 est,
2813 3456 2865 3498 et
2923 3444 3063 3498 dona
3112 3454 3238 3498 sunt
3303 3445 3546 3499 sanctiti-

1960 3543 2105 3598 cata,
2134 3542 2189 3587 ct
2220 3534 2397 3587 hOstia
2446 3532 2658 3605 integra
2714 3544 2768 3589 et
2806 3533 3046 3604 perfecta
3099 3533 3291 3588 ell'ecta
3330 3542 3436 3598 est,
3494 3540 3549 3586 et

1961 3639 2157 3693 magna
2186 3625 2367 3679 hostia
2396 3633 2451 3679 ct
2478 3624 2721 3689 victima,
2755 3642 2877 3695 qua:
2910 3641 3010 3696 pro
3067 3626 3275 3680 mundo
3304 3633 3547 3678 mactata

1956 3726 2062 3783 est,
2100 3732 2266 3786 supra
2339 3732 2550 3772 sacram
2631 3733 2874 3773 mensam
2950 3720 3053 3775 sita
3124 3719 3406 3783 cernitur;
3461 3734 3551 3789 pa-

1960 3809 2047 3864 nis
2079 3809 2224 3863 enim
2290 3823 2399 3862 non
2463 3810 2698 3880 amplius
2755 3811 2926 3881 ﬁgura
2979 3810 3244 3864 Donriniei
3280 3812 3549 3880 corporis,

1958 3914 2137 3969 neque
2196 3899 2397 3953 donum
2447 3900 2626 3955 ferens
2700 3903 2988 3973 imaginem
3058 3903 3171 3955 veri
3240 3902 3413 3968 doni,
3453 3919 3554 3958 ne-

1959 4006 2067 4059 quc
2109 3988 2290 4045 ferens
2348 3991 2586 4061 aliquam
2630 3992 3055 4062 descriptionem
3114 3994 3287 4063 ipsius
3344 3994 3547 4049 Serva-

1962 4083 2095 4137 toris
2156 4084 2472 4152 passionum
2540 4094 2797 4155 tanquam
2865 4086 2916 4139 in
2957 4086 3300 4141 taliula:sed
3370 4088 3549 4156 ipsum

1959 4188 2149 4229 verum
2182 4176 2407 4239 donum,
2478 4176 2656 4247 ipsum
2702 4180 3116 4247 sanctissimum
3183 4195 3384 4250 corpus
3440 4179 3552 4233 Do-

1964 4267 2121 4331 mini,
2151 4269 2295 4339 qnod
2334 4270 2519 4323 omnia
2553 4272 2640 4325 illa
2670 4286 2796 4324 vere
2847 4274 3109 4343 suscepit,
3166 4274 3391 4344 probra,
3417 4289 3550 4327 con-

1972 4361 2251 4427 tumelias,
2280 4361 2522 4416 vibices:
2552 4365 2694 4432 quod
2734 4365 3081 4429 cruciﬁxum,
3110 4364 3254 4434 quod
3291 4364 3558 4419 interfec-

1967 4465 2104 4517 tum,
2129 4454 2270 4520 quod
2308 4456 2408 4508 sub
2434 4455 2627 4509 Pontio
2650 4454 2824 4509 Pilato
2854 4458 3141 4527 pulchrum
3169 4458 3551 4512 testimonium

1967 4546 2276 4601 confessum
2310 4558 2413 4610 est,
2440 4549 2585 4617 quod
2613 4549 2861 4618 colaphis
2912 4552 3235 4620 appetitum,
3270 4559 3558 4605 contume-

1969 4641 2056 4694 liis
2079 4637 2358 4705 aﬂertum,
2418 4649 2577 4710 sputa
2640 4655 2858 4708 passum
2917 4650 3020 4703 est,
3062 4651 3114 4694 et
3167 4638 3235 4692 fel
3294 4640 3555 4707 gustavit.

1971 4730 2233 4786 Similiter
2255 4743 2308 4785 et
2344 4731 2555 4797 viuum,
2590 4733 2706 4802 ipse
2727 4733 2953 4800 sanguis
2975 4732 3190 4793 exsiliit
3218 4734 3402 4787 occiso
3434 4748 3557 4786 ror-

1971 4839 2129 4895 pore,
2162 4825 2263 4879 hoc
2295 4839 2518 4891 corpus,
2557 4832 2614 4880 et
2651 4827 2877 4894 sanguis
2935 4825 3027 4889 qni
3059 4841 3126 4880 ex
3163 4827 3371 4895 Spiritu
3430 4842 3559 4881 sau-

1972 4931 2061 4977 cto
2102 4921 2430 4976 constitutus
2462 4931 2566 4986 est,
2604 4930 2767 4977 natus
2823 4938 2889 4975 ex
2954 4923 3123 4976 Maria
3172 4923 3413 4994 virgine,
3464 4921 3559 4991 qui

1976 5016 2222 5085 sepultus
2245 5024 2347 5077 est,
2395 5016 2488 5085 qui
2522 5022 2826 5070 resurrexit
2866 5016 3031 5070 tertio
3066 5017 3176 5083 die,
3211 5017 3301 5087 qui
3365 5033 3561 5069 ascen-

1978 5110 2058 5163 dit
2094 5110 2145 5163 in
2197 5111 2393 5176 (celos,
2434 5120 2486 5165 et
2514 5110 2669 5167 sedet
2701 5111 2767 5164 ad
2811 5111 3092 5163 dexteram
3126 5108 3328 5163 Patris.

2568 5293 2724 5350 CAP.
2773 5294 3016 5352 XXVlll.

1967 5406 2239 5464 Undenam
2302 5419 2691 5464 sacramentum
2760 5413 2986 5480 ﬁrmiter
3032 5420 3081 5465 ct
3145 5426 3323 5465 secure
3388 5406 3559 5461 crediv

2751 5497 2889 5536 mus.

2032 5571 2099 5626 Et
2130 5585 2379 5640 qrmuam
2418 5582 2497 5627 est
2531 5573 2710 5629 tides?
2740 5574 2863 5645 ipse
2923 5576 3060 5631 dixit
3092 5593 3104 5628 :
3149 5574 3293 5629 «Hoc
3325 5582 3409 5627 est
3438 5588 3561 5627 eor-

1962 5678 2065 5731 pus
2094 5679 2343 5727 meump
2397 5663 2526 5720 «llic
2576 5676 2660 5721 est
2713 5670 2939 5738 sanguis
2972 5685 3176 5724 meus.»
3220 5667 3340 5737 Ipse
3386 5666 3551 5720 etiam

1970 5754 2131 5822 jussit
2162 5757 2449 5825 apostolis,
2477 5768 2528 5812 et
2559 5774 2657 5828 per
2690 5759 2813 5813 illos
2849 5761 3117 5816 universa:
3156 5760 3437 5823 Ecclesia‘,
3461 5760 3561 5811 hoc

1968 5846 2168 5904 facere.
2210 5848 2353 5906 illoc
2384 5851 2555 5917 enim,
2582 5851 2777 5923 inquit,
2815 5853 2976 5912 facile
3006 5855 3057 5909 iu
3094 5869 3267 5908 meam
3303 5853 3564 5907 recorda-

3115 5950 3186 6010 1's
