4030 6458
305 452 405 516 4ἱ9

1485 452 1883 517 ΙᾸΤῐΠῖϐΙίΕ
1926 449 2360 512 EXPOSITIO.

3444 443 3548 506 4.ζο

300 568 505 628 ἑαυτοῖς
551 566 882 638 θαρροῦντες
932 567 1211 638 φαίνονται
1255 572 1476 638 μᾶλλον·
1537 570 1633 624 xal.
1661 571 1863 638 τρίτον,

1977 575 2088 620 sant
2123 563 2530 618 imbt-ciilitatis.
2577 561 2776 615 Deinde
2806 559 2906 614 sibi
2936 558 3067 628 ipsis
3108 560 3278 631 magis
3303 559 3554 613 videntur

301 657 597 726 ἀμφιϐόλου
663 660 992 728 πράγματος
1037 660 1138 730 τῆς
1189 663 1540 732 ἀνθρωπίνης
1591 663 1756 732 εὐχῆς
1811 663 1870 714 τὸ

310 749 593 818 μυστήριον
625 748 918 818 ἐξαρτῶσι,
962 751 1194 819 πρᾶγμα
1249 752 1530 814 τοσοῦτον,
1568 754 1662 805 καὶ
1698 745 1740 820 ᾧ
1792 753 1874 806 δεῖ

316 839 621 907 βεὸαιότατα
667 841 965 907 πιστεύειν,
1002 843 1330 912 ἀμφιϐολίας
1381 848 1582 914 μεστὸν
1635 837 1869 912 ἀποφαί-

313 948 493 984 νουσιν.
524 933 598 983 Οὐ
629 931 737 1002 γὰρ
778 935 987 1004 ἀνάγκη
1036 935 1128 988 τὸν
1165 936 1460 1006 εὐχόμενον
1509 938 1601 990 καὶ
1628 935 1872 989 εἰσακού-

308 1021 471 1083 saliat,
501 1011 664 1096 κᾶνῇ
701 1025 911 1088 Παῦλος
942 1026 1038 1095 τὴν
1085 1028 1306 1098 ἀρετήν.
1349 1029 1531 1082 Ταῦτα
1577 1029 1634 1082 δὲ
1690 1032 1869 1083 πάντα

304 1112 442 1166 λύειν
485 1117 541 1166 οὐ
575 1116 830 1184 χαλεπόν·
861 1123 952 1170 καὶ
983 1119 1197 1190 πρῶτον
1257 1123 1352 1173 ἀπ’
1383 1122 1561 1174 αὐτῶν
1615 1122 1723 1175 τῶν
1775 1121 1868 1175 τοῦ

302 1202 436 1255 θείου
471 1207 715 1259 Ἰωάννου
741 1208 1022 1278 ῥημάτων,
1055 1206 1136 1272 οἷς
1153 1211 1864 1282 διισχυρίζονται,ἀρκτέον.

303 1297 361 1348 ΕΞ
387 1298 494 1362 γὰρ
516 1297 656 1351 κατὰ
682 1301 769 1352 τὴν
796 1300 1185 1371 δημιουργικὸν
1215 1305 1374 1373 λόγον
1408 1305 1502 1357 καὶ
1533 1299 1692 1368 ὀὗτος
1724 1308 1751 1358 6
1782 1306 1867 1360 M-

303 1403 390 1452 γος
421 1387 666 1454 δύναται,
704 1393 996 1459 σκοπῶμεν
1027 1396 1223 1447 ἐκεῖνο.
1263 1391 1429 1448 Εἶπεν
1461 1397 1488 1448 6
1521 1397 1673 1458 Θεός’
1711 1417 1728 1448 ι
1765 1398 1868 1450 A6-

305 1478 524 1542 ξάνεσῦε
555 1483 649 1533 καὶ⁸
683 1482 1041 1552 πληθύνεσθε.
1075 1503 1092 1536 ι
1130 1485 1196 1537 Τί
1227 1484 1355 1551 οὖν,
1388 1486 1544 1539 Μετὰ
1575 1487 1662 1542 τὸν
1709 1488 1868 1557 λόγον

304 1573 530 1639 ἐκεῖνον,
566 1573 776 1637 οὐδενὸς
801 1575 934 1646 πρὸς
959 1577 1116 1630 τοῦτο
1137 1577 1393 1648 δεόμεθα,
1431 1581 1524 1633 καὶ
1545 1580 1704 1651 χρεία
1733 1583 1866 1650 ἡμῖν

305 1669 512 1726 οὐδενὸς
539 1669 701 1722 ἄλλου
729 1670 866 1740 πρὸς
901 1674 1002 1741 τὴν
1024 1670 1254 1743 αῠξησιν
1286 1673 1510 1742 οὐδεμία
1535 1691 1550 1739 ;
1588 1675 1620 1746 ἢ
1658 1678 1752 1730 καί
1772 1677 1869 1744 γά-

301 1777 399 1830 μου
425 1762 519 1812 καὶ
577 1763 870 1830 συναφείας
901 1762 1002 1829 δεῖ,
1055 1763 1151 1816 καὶ
1184 1765 1284 1834 τῆς
1316 1763 1482 1833 ἄλλης
1523 1766 1866 1834 ἐπιμελείας,

299 1855 386 1906 καὶ
418 1855 625 1906 τούτων
662 1857 851 1925 χωρὶς,
884 1857 942 1908 οὺ
971 1855 1195 1909 δυνατὸν
1226 1859 1549 1912 συτεστὰναι
1597 1859 1658 1912 τὺ
1709 1861 1864 1928 γένος

1984 659 2291 712 conlidere:
2327 668 2375 710 et
2413 657 2591 719 tertio,
2623 671 2733 709 rem
2767 663 2987 717 tantam,
3016 661 3211 722 nempe
3239 663 3556 708 sacramen-

1985 763 2118 816 tum,
2150 771 2177 806 a
2209 769 2265 806 re
2290 753 2474 810 dubia.
2511 749 2761 806 videlicet
2790 753 3025 805 humana
3058 751 3323 814 oratione,
3361 751 3554 802 volunt

1976 837 2234 913 pendere,
2270 839 2483 914 etquod
2537 851 2753 914 oportet
2804 839 3116 896 firmissime
3157 843 3400 906 credere,
3436 842 3554 896 elli-

1978 936 2130 990 ciunt
2159 937 2380 1006 plenum
2442 935 2802 990 dubitatione.
2851 933 2973 988 Non
3013 935 3158 989 enim
3212 941 3436 989 necesse
3471 945 3555 988 est

1977 1043 2101 1082 eum
2135 1029 2227 1099 qui
2262 1040 2398 1092 orat,
2431 1027 2702 1093 exaudiri,
2737 1029 2952 1083 etiamsi
2985 1027 3054 1082 sit
3090 1029 3289 1080 virtute
3328 1015 3550 1082 Paulus.

1980 1109 2104 1173 "(ec
2131 1130 2312 1174 autem
2355 1121 2535 1174 omnia
2571 1137 2674 1174 non
2704 1133 2784 1174 est
2828 1121 3038 1173 solvere
3068 1117 3318 1173 difficile:
3357 1132 3406 1172 et
3441 1120 3552 1187 pri—

1980 1229 2124 1264 mum
2161 1213 2227 1266 ab
2260 1214 2390 1282 ipsis
2421 1214 2598 1266 verbis
2625 1212 2737 1266 divi
2763 1209 3009 1275 Joannis,
3058 1211 3258 1280 quibus
3279 1211 3551 1264 nituntut.

1977 1303 2032 1357 Si
2075 1303 2217 1358 enim
2250 1305 2353 1360 hoc
2381 1287 2605 1359 verbum
2639 1306 2688 1359 id
2724 1293 2900 1373 potest
2929 1304 3071 1374 quod
3099 1315 3282 1360 sermo
3341 1303 3544 1372 opifex,

1978 1395 2106 1448 illud
2141 1395 2576 1452 consideremus.
2602 1416 2619 1448 ι
2663 1398 2806 1450 Dixit
2841 1396 3262 1470 lieus,C_rescite
3285 1406 3338 1449 et
3363 1396 3545 1450 multi-

1975 1487 2303 1557 plicaminiu
2338 1489 2477 1556 Quid
2529 1489 2681 1558 ergo?
2706 1489 2834 1544 Post
2868 1489 3018 1542 illum
3055 1504 3366 1543 sermonem
3401 1488 3552 1541 nullo

1973 1581 2152 1634 adhuc
2181 1599 2426 1652 egemus,
2461 1593 2515 1638 et
2546 1583 2693 1638 nullo
2733 1581 2892 1637 nobis
2919 1583 3024 1636 alio
3053 1566 3190 1651 Opus
3225 1591 3307 1637 est
3357 1583 3422 1636 ad
3454 1599 3548 1650 ge-

1975 1671 2122 1727 neris
2153 1671 2588 1728 incrementumi?
2628 1687 2696 1728 an
2729 1677 2892 1728 etiam
2941 1673 3294 1727 matrimonio
3340 1681 3394 1727 et
3421 1688 3550 1726 con-

1967 1763 2268 1831 junctione,
2304 1779 2356 1821 et
2391 1768 2492 1822 alia
2549 1783 2677 1821 cura
2721 1782 2859 1837 opus
2911 1776 3015 1834 est,
3056 1778 3108 1821 et
3157 1766 3277 1819 sine
3313 1765 3397 1819 his
3435 1763 3548 1817 tieri

1972 1872 2082 1910 non
2115 1868 2292 1925 potest
2325 1868 2380 1912 ut
2407 1876 2578 1926 genus
2636 1867 2851 1915 consmt
2885 1867 2939 1912 et
2992 1855 3362 1928 propagetur?
3410 1855 3548 1925 Ergo

299 1947 391 1998 καὶ
423 1949 732 2017 προχωρεῖν
761 1965 776 2012 ;
814 1948 1023 2001 Οὐκοῦν
1049 1949 1304 2019 καθάπερ
1340 1952 1458 2003 ἐκεῖ
1511 1951 1645 2020 πρὸς
1679 1952 1867 2005 παιδος

1977 1950 2117 2004 sz'cut
2148 1951 2258 2005 illic
2296 1941 2360 2004 ad
2424 1952 2718 2005 liberorum
2776 1950 3212 2020 procreationem
3268 1948 3552 2002 matrimo-

303 2036 481 2089 ποιίαν
534 2039 828 2104 ἀναγκαῖον
887 2040 1170 2110 ἡγούμεθα
1221 2041 1313 2094 τὸν
1372 2039 1548 2113 γάμον
1602 2045 1696 2096 καὶ
1733 2048 1870 2116 μετά

298 2129 386 2182 τὸν
433 2131 609 2200 γάμον
661 2131 801 2202 ὑπὲρ
829 2133 992 2185 αὑτοῦ
1026 2133 1217 2188 τούτου
1251 2136 1412 2190 πάλιν
1438 2137 1732 2208 εὐχόμεθα,
1778 2140 1872 2194 καὶ

301 2223 358 2276 οὐ
389 2223 658 2294 δοκοῦμεν
687 2225 979 2296 ἀτιμάζειν
1025 2228 1114 2280 τὸν
1143 2227 1540 2301 δημιουργικὸν
1574 2230 1757 2300 λόγον,
1788 2231 1869 2282 εἰ-

303 2317 447 2379 δότες
487 2318 660 2370 αῖτιον
692 2318 857 2370 αὐτὸν
885 2319 983 2388 τῆς
1023 2320 1315 2387 γενέσεως,
1359 2323 1495 2376 ἀλλά
1530 2323 1620 2377 τὸν
1669 2323 1871 2394 τρόπον

302 2404 484 2456 τοῦτον
509 2405 597 2458 διά
632 2407 834 2474 γάμου,
873 2407 961 2460 διά
996 2412 1226 2478 τροφῆς,
1259 2410 1343 2462 διά
1367 2410 1475 2464 τῶν
1500 2411 1696 2466 ἄλλων·
1729 2411 1872 2464 οὕτω

304 2495 393 2547 καὶ
425 2495 661 2548 ἐνταῦθα
688 2496 1020 2567 πιστεύομεν
1041 2497 1206 2553 αὐτὸν
1235 2497 1374 2554 εἶναι
1398 2503 1488 2555 τὸν
1542 2502 1872 2572 ἐνεργοῦντα

303 2585 362 2638 τὸ
389 2587 706 2656 μυστήριον,
740 2587 829 2639 τὸν
857 2586 948 2639 τοῦ
975 2587 1179 2659 Κυρίου
1222 2589 1400 2658 λόγον·
1442 2590 1557 2644 ἀλλ’
1589 2591 1752 2655 οὕτω,
1785 2593 1875 2644 διὰ

305 2676 514 2746 ἱερέως,
541 2677 608 2729 δι’
642 2680 931 2744 ἐντεύξεως
972 2679 1137 2733 αὑτοῦ
1188 2683 1282 2734 καὶ
1314 2683 1500 2754 εὐχῆς.
1549 2685 1622 2736 Οὐ
1651 2683 1760 2755 γὰρ
1786 2687 1874 2738 διὰ

306 2777 519 2827 πάντων
545 2775 783 2845 ἐνεργεῖν
844 2775 1053 2841 ἁπλῶς,
1121 2777 1243 2830 οἰδὲ
1293 2779 1672 2850 ὁπωσδήποτεο
1738 2782 1872 2834 ἀλλά

306 2867 472 2920 πολλὰ
494 2868 562 2920 τὰ
594 2867 928 2938 ζητούμενα,
957 2862 1030 2921 ὧν
1080 2873 1249 2940 χωρὶς
1284 2870 1344 2924 οὐ
1379 2873 1596 2944 ποιήσει
1629 2875 1697 2926 τὰ
1751 2876 1876 2928 ἐαυ-

303 2962 419 3016 τοῦ.
454 2963 554 3014 Τὸν
586 2961 640 3014 δέ
674 2960 908 3030 Χριστοῦ
940 2963 1169 3015 Θάνατον
1201 2964 1284 3026 τίς
1300 2964 1398 3016 οὐκ
1419 2949 1580 3030 οἶδεν,
1613 2965 1688 3029 ὡς
1713 2967 1872 3031 αὑτός

302 3059 421 3109 ἐστι
461 3055 620 3122 μόνος
675 3053 702 3107 6
735 3055 833 3124 τὴν
851 3054 1046 3122 ἄφεσιν
1078 3055 1183 3108 τῶν
1211 3057 1494 3126 ἁμαρτιῶν
1548 3061 1874 3128 εἰσενεγκὼν

300 3152 380 3212 εἰς
415 3150 504 3200 τὸν
531 3147 761 3215 κδσμον;
794 3147 954 3199 Ἀλλά
986 3143 1208 3201 κάκεῖνο
1234 3149 1597 3218 γινώσκομεν,
1621 3149 1702 3204 ὅτι
1735 3152 1874 3221 μετά

1973 2044 2122 2096 nium
2157 2045 2527 2098 necessarium
2567 2043 2847 2098 ducimtIs:
2877 2052 2930 2098 et
2965 2052 3086 2113 post
3135 2041 3546 2096 matrimonium

1974 2151 2068 2202 pro
2102 2127 2166 2190 eo
2197 2134 2313 2205 ipso
2347 2152 2534 2190 rursus
2569 2151 2812 2200 oramus,
2858 2152 2956 2189 nec
2989 2135 3237 2190 videmm'
3290 2131 3544 2203 Opiﬁcem

1974 2239 2280 2278 sermonem
2338 2223 2543 2280 habere
2579 2224 2905 2294 despicatui,
2940 2224 3178 2278 scientes
3213 2224 3388 2291 ipsum
3423 2223 3551 2291 qui--

1974 2316 2095 2368 dem
2124 2331 2242 2369 esse
2283 2331 2502 2370 causam
2547 2317 2936 2387 generationis,
2973 2317 3062 2371 sed
3098 2317 3203 2370 hoc
3239 2315 3423 2382 modo,
3455 2321 3549 2383 per

1977 2407 2404 2473 matrimonium,
2475 2424 2568 2476 per
2623 2409 3042 2472 nutrimentum,
3103 2422 3200 2476 per
3263 2407 3411 2460 alia:
3474 2406 3548 2458 ita

1974 2500 2136 2552 etiam
2190 2500 2468 2553 credimus
2505 2500 2682 2570 ipsum
2708 2515 2826 2554 esse
2859 2500 3002 2569 quod
3059 2507 3318 2568 aperatur
3351 2509 3551 2568 myste—

1975 2592 2139 2655 rium,
2175 2587 2387 2645 Domini
2414 2591 2622 2646 scilicet
2655 2593 2901 2656 verbum,
2937 2591 3030 2645 sed
3055 2594 3134 2646 sic
3163 2605 3258 2661 per
3285 2591 3544 2644 sacerdo—

1977 2693 2102 2746 tem,
2148 2681 2241 2752 per
2275 2685 2395 2756 ejus
2427 2681 2928 2754 interpellationem
2973 2695 3026 2738 et
3063 2684 3382 2737 orationem.
3429 2681 3549 2737 Non

1975 2778 2117 2828 enim
2150 2791 2242 2844 per
2282 2775 2462 2830 omnia
2519 2777 2834 2846 simpliciter
2886 2786 3160 2845 operatur,
3204 2791 3381 2843 neque
3415 2789 3553 2846 quo.

1979 2869 2382 2940 modoeunque,
2409 2869 2500 2924 sed
2536 2871 2700 2924 multa
2725 2880 2845 2924 sunt
2885 2886 3005 2939 quae
3034 2862 3404 2939 requiruntur,
3433 2872 3552 2924 ‘sin'e

1977 2961 2175 3030 quibus
2213 2979 2316 3016 non
2358 2962 2516 3018 faciet
2552 2980 2671 3034 qtae
2708 2980 2805 3017 sua
2836 2974 2982 3017 sunt.
3035 2965 3114 3018 De
3154 2973 3326 3019 moi-te
3366 2973 3548 3018 autem

1977 3051 2198 3116 Christi,
2242 3054 2367 3123 quis
2402 3055 2572 3108 nescit
2603 3070 2723 3108 eam
2760 3071 2878 3109 esse
2917 3055 3109 3119 solam,
3147 3071 3264 3125 quae
3293 3069 3550 3126 "peccato-

1979 3161 2098 3197 rum
2136 3146 2515 3201 remissimtcm
2543 3146 2594 3200 in
2626 3151 2885 3201 mundum
2913 3149 3312 3205 introduxerit?
3337 3150 3441 3204 Sed
3483 3155 3551 3204 il-

301 3241 394 3291 τὸν
430 3241 657 3293 θάνατον
693 3242 919 3307 ἐκεῖνον,
949 3243 1044 3294 καὶ
1087 3243 1323 3301 πίστεως
1356 3244 1535 3312 χρεία,
1591 3243 1680 3294 καὶ
1707 3259 1873 3309 μετα-

1983 3234 2070 3288 lud
2117 3237 2280 3290 etia'm
2323 3239 2545 3304 scimus,
2591 3239 2734 3309 quod
2767 3250 2888 3310 post
2933 3251 3162 3297 mortem
3203 3243 3346 3298 illam
3386 3246 3548 3300 etiam

303 3334 480 3399 νοίας,
512 3334 604 3386 καὶ
638 3331 1102 3402 ἐξομολογήσεως,
1140 3333 1232 3386 καὶ
1287 3329 1382 3403 τῆς
1408 3334 1515 3385 τῶν
1546 3333 1738 3403 ἱερέων
1781 3333 1873 3386 εύ-

302 3417 427 3494 17];
467 3425 560 3477 καὶ
581 3425 681 3478 οὐκ
712 3423 829 3477 ἐστι
859 3419 1087 3494 λυθῆναι
1114 3425 1221 3477 τῶν
1250 3424 1538 3494 ἁμαρτιῶν
1561 3425 1869 3495 ἄνθρωπον,

304 3518 382 3586 μὴ
405 3514 611 3569 τούτων
650 3517 1039 3586 ἡγησαμένων.
1106 3515 1170 3569 Τί
1207 3512 1339 3583 οῦν;
1382 3515 1752 3588 Ἀτιμάζόμεν
1783 3515 1874 3571 τὸν

304 3610 538 3661 Θάνατον
578 3609 807 3674 ἐκεῖνον,
849 3608 1244 3663 καὶάοθένειαν
1272 3609 1436 3663 αὐτοῦ
1467 3601 1874 3677 καταγινώσκο-

314 3717 436 3764 μεν,
458 3701 533 3752 ὅτι
566 3703 861 3770 νομίζομεν
896 3699 970 3772 μὴ
1020 3703 1211 3772 ἀρκεῖν
1247 3703 1310 3754 τὰ
1341 3702 1476 3771 παρ’
1511 3702 1738 3767 ἐκείνου,
1779 3693 1875 3755 ἐάν

321 3792 397 3863 μὴ
432 3793 519 3846 καὶ
544 3795 608 3846 τὰ
639 3793 772 3864 παρ’
803 3793 960 3864 ἡμῶν
993 3795 1174 3848 αὐτῶν
1221 3795 1652 3863 εἰσενέγκωμεν;
1697 3785 1872 3847 Οὐδα-

313 3884 451 3951 μώς.
481 3885 681 3938 Οὐκοῦν
709 3885 833 3937 οὐδὲ
863 3889 972 3949 τοῖς
1007 3886 1324 3956 εὐχομένοις
1363 3885 1504 3953 ὺπέρ
1537 3884 1631 3937 τοῦ
1660 3885 1876 3939 τελειω-

305 3977 554 4046 θῆναιτά
579 3979 723 4050 δῶρα
751 3977 820 4030 τὰ
863 3979 1088 4031 τοιαῦτα
1148 3978 1398 4045 ἐγκαλεῖν
1449 3975 1690 4047 εὔλογον·
1753 3979 1876 4032 ἐπεὶ

298 4070 446 4129 οὐδὲ,
488 4073 553 4138 τῇ
595 4072 726 4140 εὐχῇ
764 4069 1116 4140 Θαρροῦντες,
1154 4071 1367 4134 ἑαυτοῖς
1394 4061 1712 4141 θαρροῦσιν,
1739 4065 1875 4122 ἀλλά

297 4159 381 4226 τῷ
403 4159 593 4212 δώσειν
622 4159 1082 4230 ἐπαγγειλαμένῳ
1105 4149 1245 4230 Θεῷ.
1279 4161 1608 4213 Τοῦναντίον
1633 4160 1734 4230 μὲν
1764 4159 1874 4231 γὰρ

295 4253 328 4304 6
369 4253 468 4321 τῆς
498 4254 663 4324 εὐχῆς
687 4255 911 4306 ἀπαιτεῖ
932 4253 1110 4321 λόγος.
1141 4254 1311 4306 Τοῦτο
1329 4255 1439 4322 γάρ
1463 4255 1578 4307 ἐστι
1607 4254 1667 4306 τὸ
1687 4247 1874 4307 ποιοῦν

293 4345 402 4413 τὴν
437 4346 600 4416 εὐχὴν
631 4349 744 4409 τοῖς
774 4348 1113 4416 εὐχομένοις,
1159 4349 1218 4400 τὸ
1257 4347 1332 4417 μὴ
1383 4335 1607 4417 θαρρεῖν
1657 4341 1874 4410 ἐαυτοῖς

298 4438 436 4505 περὶ
480 4437 589 4489 τῶν
614 4437 985 4508 ζητουμένων,
1016 4439 1150 4492 ἀλλά
1184 4441 1334 4507 παρὰ
1365 4429 1442 4510 τῷ
1464 4437 1584 4510 Θεῷ
1616 4439 1764 4510 μόνῳ
1787 4433 1875 4492 ττι-

296 4527 519 4583 στεύειν
559 4531 814 4602 εὑρήσειν
847 4532 1005 4588 αὐτὰ.
1044 4534 1150 4585 Καὶ
1181 4533 1340 4584 τοῦτο
1368 4523 1466 4603 βοᾷ
1497 4525 1523 4585 6
1557 4532 1872 4604 εὐχόμενος,

293 4622 370 4674 δι’
400 4615 474 4675 ὧν
507 4619 699 4675 ἑαυτὸν
759 4624 939 4692 ἀφεὶς,
975 4626 1054 4686 εὶς
1082 4623 1172 4677 τὸν
1224 4623 1358 4676 Θεὸν
1392 4624 1750 4694 καταφεύγει,
1800 4621 1875 4688 ὡς

294 4715 406 4784 τῆς
437 4717 636 4788 ἑαυτῆς
694 4720 949 4786 κατέγνω
993 4717 1296 4787 δυνάμεως,
1350 4718 1447 4770 καὶ
1485 4717 1573 4770 διὰ
1606 4715 1768 4769 τοῦτο
1793 4715 1874 4787 τῷ

293 4809 425 4878 Θεῴ
446 4810 504 4862 τὸ
535 4812 642 4863 πᾶν
675 4812 988 4882 ἐπιτρέπει.
1023 4811 1134 4865 Οὐκ
1158 4810 1313 4878 ἐμὸν,
1345 4811 1500 4878 φησὶ,
1530 4809 1720 4875 τοῦτο,
1755 4801 1876 4863 οῦδὲ

291 4902 408 4971 τῆς
446 4906 583 4972 ἐμῆς
635 4902 836 4972 ἰσχύος,
890 4901 1026 4955 ἀλλά
1062 4901 1154 4954 σοῦ
1189 4901 1381 4966 δεῖται,
1439 4899 1532 4953 καὶ
1566 4902 1648 4952 σοὶ
1682 4895 1741 4952 τὸ
1766 4893 1876 4953 τεᾶν

291 4997 622 5065 ἀνατίθημι,
661 4997 756 5048 καὶ
789 4995 1007 5063 μάλιστ’
1037 4995 1166 5048 ὅταν
1207 4992 1346 5062 ὑπὲρ
1376 4991 1540 5059 φύσιν
1566 4993 1658 5045 καὶ
1699 4993 1877 5046 πάντα

290 5083 545 5143 νικῶντα
579 5087 735 5157 λόγον
791 5087 1105 5158 εὐχώμεθα,
1163 5080 1250 5139 οἷα
1277 5087 1345 5138 τά
1375 5085 1484 5137 τῶν
1534 5075 1874 5156 μυστηρίων.

288 5183 443 5234 Τότε
515 5181 624 5250 γὰρ
674 5181 750 5252 τῷ
802 5181 923 5250 Θεῴ
954 5180 1101 5249 μόνῳ
1133 5178 1359 5249 Οαρῥεῖν
1390 5179 1516 5238 τοὺς
1547 5178 1880 5246 εὐχομένους

292 5277 462 5328 πᾶσα
498 5269 732 5346 ἀνάγκη.
764 5273 953 5327 Ταῦτα
979 5272 1085 5341 γὰρ
1113 5270 1238 5323 οὗτε
1267 5269 1635 5340 ἐνθυμηθῆναι
1659 5267 1881 5323 δυνατὸν

285 5366 367 5440 ἦν
395 5369 705 5439 ἄνθρωπον,
732 5370 806 5441 μὴ
832 5367 924 5424 τοῦ
955 5367 1087 5422 Θεοῦ
1111 5366 1437 5433 διδάξαντος,
1467 5363 1880 5436 οῦτεέπιϐυμῆ-

290 5481 424 5527 σαι,
465 5464 539 5534 μὴ
567 5463 798 5516 ’ἐκείνου
834 5462 1287 5532 παραινέσαντος·
1342 5457 1468 5511 οὔτε
1510 5449 1882 5528 προσδοκῆσαι

287 5553 517 5615 λαϐεῖν,
550 5551 625 5620 μὴ
680 5551 772 5605 τοῦ
828 5549 1096 5621 ἀψευδοῦς
1150 5548 1306 5605 τοῦτο
1341 5547 1683 5609 ἐλπίσαντος.
1720 5547 1883 5599 "ﬂare

289 5646 430 5698 οὐδὲ
458 5643 719 5708 εὔξασθαι
753 5645 882 5712 περὶ
923 5642 1150 5706 τούτων,
1198 5639 1500 5709 ἐτόλμησεν
1538 5641 1604 5692 ἂν
1673 5638 1877 5702 οὐδεὶς,

289 5742 346 5792 εἰ
401 5739 477 5810 μὴ
535 5737 698 5799 αὐτὸς
751 5736 954 5803 ἔδειξεν
1018 5733 1276 5804 ἀσφαλῶς
1335 5733 1408 5798 ὼς
1452 5735 1559 5803 ἄρα
1619 5734 1883 5786 αἰτεῖσῡαι

286 5833 480 5886 ταῦτα
545 5830 833 5898 βούλεται,
890 5829 984 5882 καὶ
1059 5830 1315 5899 χορηγεῖν
1369 5830 1480 5889 τοῖς
1543 5825 1884 5892 αἰτουμένοις

290 5925 548 5996 ἑτοίμως
580 5922 719 5993 ἔχει.
753 5922 851 5976 Διά
873 5922 1031 5973 τοῦτο
1062 5921 1181 5974 οὐδὲ
1225 5919 1522 5991 ἀμφίϐολος
1581 5917 1812 5971 ἐνταῦθα
1853 5918 1882 5987 ἠ

1980 3325 2084 3379 fide
2118 3335 2171 3381 et
2225 3329 2551 3396 poenitentia
2586 3340 2638 3383 et
2673 3330 3017 3386 confessione
3055 3347 3193 3402 Opus
3235 3344 3337 3398 est,
3371 3348 3424 3390 et
3462 3353 3548 3391 sa-

1978 3419 2258 3473 cerdotum
2294 3423 2562 3484 erattunc,
2597 3435 2697 3476 nec
2737 3431 2911 3492 potest
2944 3425 3108 3479 homo
3132 3426 3268 3482 solvi
3299 3443 3325 3481 a
3359 3441 3549 3495 pecca-

1977 3503 2065 3578 tis,
2100 3513 2206 3566 nlSl
2253 3516 2368 3567 lucc
2421 3516 2815 3583 praecesserint.
2850 3511 2988 3580 Quid
3016 3517 3216 3585 igitur?
3245 3532 3550 3576 mortemne

1977 3605 2121 3658 illam
2177 3606 2526 3674 despicimus,
2579 3617 2631 3660 et
2662 3621 2780 3660 cam
2833 3609 3165 3676 impotentia:
3211 3611 3548 3666 condemna-

1978 3709 2118 3761 mus,
2174 3700 2315 3767 quod
2375 3699 2753 3752 existimamus
2816 3715 2922 3752 non
2963 3699 3209 3755 sutlicere
3279 3719 3398 3771 qua:
3428 3703 3546 3770 ejus

1978 3798 2123 3855 sunt,
2169 3791 2272 3843 nisi
2298 3791 2462 3844 etiam
2501 3800 2682 3843 nostra
2708 3791 2951 3858 ipsorum
2975 3789 3310 3847 aﬂ‘eram‘us?
3333 3793 3549 3866 Nequa-

1978 3891 2163 3949 quam.
2189 3873 2373 3947 Neque
2404 3894 2533 3946 ergo
2567 3879 2762 3932 merito
2799 3882 3086 3934 accusandi
3113 3891 3242 3936 sunt
3272 3884 3362 3953 qui
3392 3897 3552 3938 orant

1977 3979 2035 4024 ut
2070 3971 2207 4024 dona
2252 3970 2626 4041 perficiantur.
2669 3971 3142 4042 Quamloqnidcm,
3182 3989 3283 4030 nec
3311 3978 3550 4030 orationi

1975 4055 2328 4127 confidentes,
2359 4061 2458 4118 sibi
2490 4063 2620 4132 ipsis
2643 4063 2940 4130 contidunt,
2967 4066 3059 4119 sed
3091 4063 3222 4130 Deo,
3244 4068 3334 4136 qui
3367 4081 3423 4122 se
3454 4070 3551 4122 da-

1975 4165 2159 4211 turum
2219 4163 2303 4212 est.
2365 4154 2660 4226 pollicitus.
2718 4155 3066 4213 Contrarium
3114 4159 3258 4214 enim
3311 4164 3556 4230 postulat

1978 4249 2242 4304 orationis
2274 4249 2436 4303 ratio.
2465 4247 2576 4303 Hoc
2609 4257 2691 4304 est
2717 4249 2863 4303 enim
2897 4253 3042 4320 quod
3082 4253 3350 4308 orationis
3387 4269 3554 4310 causa

1979 4349 2066 4396 est
2095 4339 2163 4396 iis
2192 4339 2282 4410 qui
2308 4350 2486 4403 orant,
2540 4341 2686 4412 quod
2714 4341 2819 4395 sibi
2849 4342 2982 4411 ipsis
3017 4358 3126 4397 non
3187 4343 3357 4400 lida-nt
3389 4348 3453 4401 de
3488 4348 3556 4403 iis

1977 4445 2098 4505 quae
2126 4443 2409 4506 petuntur,-
2449 4435 2539 4490 sed
2577 4433 2803 4490 credant
2838 4451 2896 4491 se
2925 4453 2950 4488 τι
2984 4435 3099 4491 Deo
3126 4441 3246 4493 solo
3272 4457 3333 4493 ea
3359 4442 3554 4495 inven-

1977 4535 2159 4583 turos.
2194 4527 2259 4581 Et
2291 4528 2397 4581 hoc
2431 4528 2633 4580 clamat
2659 4527 2705 4581 is
2761 4527 2854 4596 qui
2891 4538 3031 4594 orat,
3077 4529 3202 4582 dum
3251 4531 3432 4599 seipso
3471 4547 3556 4585 re-

1909 4632 1951 4689 υ
1984 4620 2111 4675 licto
2147 4619 2213 4674 ad
2250 4619 2417 4674 Deum
2474 4617 2739 4686 confugit,
2781 4619 2924 4687 quod
2959 4635 3112 4672 suam
3165 4621 3556 4676 condemnavit.

1979 4711 2305 4782 petentiam,
2340 4717 2390 4764 et
2436 4716 2722 4779 propterea
2764 4711 3082 4761 universum
3121 4709 3229 4760 Deo
3262 4711 3552 4778 permittit.

1979 4799 2094 4858 Non
2121 4809 2225 4865 est,
2255 4801 2460 4871 inquit,
2485 4799 2588 4854 hoc
2619 4811 2824 4863 meum,
2854 4811 3026 4867 neque
3059 4805 3300 4852 mearum
3331 4801 3552 4865 virium,

1983 4897 2075 4950 sed
2127 4901 2182 4949 te
2223 4895 2444 4964 indiget,
2501 4903 2554 4946 et
2609 4892 2706 4945 tibi
2757 4891 3068 4944 universum
3122 4894 3445 4948 committo:
3501 4906 3554 4949 ct

1981 4986 2218 5040 maxime
2235 4985 2453 5056 quando
2481 4999 2601 5054 qum
2631 4992 2759 5037 sunt
2781 4995 2948 5049 super
2985 4990 3233 5036 naturam
3260 4993 3312 5039 et
3335 4999 3551 5039 omnem

1983 5079 2211 5131 vincunt
2242 5079 2529 5141 rationem,
2587 5085 2830 5139 oramus,
2862 5085 2918 5127 ut
2954 5091 3075 5142 qua:
3133 5085 3262 5129 sunt
3299 5079 3556 5147 mysteri-

1977 5175 2162 5225 orum.
2196 5169 2353 5224 Tunc
2377 5168 2523 5224 enim
2555 5169 2658 5222 soli
2692 5167 2800 5221 Deo
2881 5168 3157 5222 conﬁdere
3182 5180 3407 5224 orantes
3435 5185 3556 5222 0m-

1986 5265 2114 5319 n'ino
2149 5277 2372 5319 necesse
2400 5272 2502 5316 est.
2537 5250 2662 5315 “me
2696 5260 2838 5314 enim
2868 5275 3041 5330 nrque
3099 5262 3365 5329 DOIIIlSSI'i
3393 5263 3557 5316 homo

1987 5361 2247 5428 cogitare,
2298 5357 2403 5410 nisi
2435 5351 2578 5409 Dens
2615 5353 2925 5408 docuisset:
2959 5369 3058 5408 nec
3091 5353 3417 5415 desiderare,
3451 5352 3559 5406 nisi

1985 5449 2078 5504 ille
2103 5449 2398 5505 suasisset:
2429 5461 2605 5517 neque
2634 5454 3007 5515 exstiectasset
3034 5445 3298 5511 accipere,
3327 5444 3431 5496 nisi
3464 5444 3557 5513 qui

1987 5556 2016 5597 a
2053 5541 2336 5594 mendacio
2365 5551 2444 5594 est
2474 5540 2706 5602 alienus,
2746 5554 2866 5592 eam
2894 5552 3040 5606 spem
3089 5536 3349 5588 dedisset.
3381 5536 3559 5600 Quare

1986 5652 2086 5689 nee
2147 5647 2244 5704 pro
2305 5633 2367 5687 iis
2434 5633 2650 5697 quidem
2708 5647 2866 5684 orare
2921 5645 3086 5683 ausus
3143 5637 3284 5682 (sset
3339 5627 3557 5694 aliquis,

1992 5730 2092 5781 nisi
2131 5729 2245 5795 ipse
2293 5735 2440 5780 certe
2485 5727 2838 5783 ostendisset,
2909 5719 3053 5788 quod
3085 5733 3145 5770 ea
3175 5719 3290 5772 vult
3345 5720 3451 5786 peti
3508 5734 3563 5774 et

1989 5820 2339 5889 suppeditare
2398 5819 2461 5871 iis
2495 5819 2584 5884 qui
2621 5832 2682 5870 ca
2717 5824 2962 5883 prompte
3005 5821 3210 5879 petunt.
3269 5811 3559 5880 Propterea

1992 5933 2089 5966 ιιι-ι·
2135 5913 2298 5966 dubia
2357 5921 2441 5966 est
2482 5904 2681 5975 oratio,
2744 5921 2842 5960 nec
2890 5906 3047 5958 tinem
3083 5903 3561 5968 Itabctincertum,
