4030 6514
527 467 632 535 431

1796 467 2102 530 NlCOLAl
2147 466 2537 531 CABASlL/E
3634 479 3718 544 r32

530 623 656 664 cum
679 622 792 678 ipse
815 619 1079 663 pommus
1104 617 1202 677 per
1225 605 1409 660 omnia
1433 603 1736 661 ostenderit
1768 621 1829 663 se
1850 607 1986 662 velle
2012 607 2103 661 da-

2217 606 2377 676 εὐχὴ,
2403 605 2527 660 οὐδὲ
2551 605 2610 660 τὸ
2640 604 2814 677 πέρας
2850 605 3046 677 ἄδηλον
3085 607 3221 679 ἔχει,
3268 607 3426 663 αὐτοῦ
3465 611 3548 665 τοῦ
3575 612 3724 669 δοῦναι

532 717 609 756 re.
632 699 922 770 Propterea
945 698 1333 769 mysteriorum
1357 697 1847 754 sanetiﬁcatiouem
1870 699 2107 754 orationi

537 791 840 848 sacerdotis
886 791 1186 856 credimus,
1214 805 1320 845 non
1353 799 1612 861 tanquam
1642 791 1806 846 alicui
1833 790 2108 858 humanae,

530 883 626 940 sed
663 890 922 953 tanquam
948 881 1042 937 Dei
1071 881 1328 952 potentiae
1370 883 1619 939 ﬁdentes.
1642 877 1760 939 Non
1794 885 1937 939 enim
1979 897 2110 955 pro-

529 981 652 1046 pter
695 983 947 1030 orantem
980 973 1286 1041 hominem,
1317 975 1412 1030 sed
1447 983 1671 1046 propter
1727 975 1897 1032 Deum
1943 992 2112 1032 exau-

527 1070 792 1134 dientem,
819 1082 998 1139 neque
1030 1069 1178 1139 quod
1214 1062 1305 1122 ille
1340 1068 1575 1140 rogavit,
1614 1067 1711 1124 sed
1742 1071 1887 1138 quod
1911 1069 2110 1123 veritas

527 1172 587 1212 se
613 1157 1015 1212 esse‘daturum
1059 1164 1144 1212 est
1195 1157 1460 1227 pollicita.
1491 1156 1648 1223 Quod
1707 1167 1886 1211 autem
1947 1156 2109 1211 Chri-

523 1259 646 1305 stus
678 1249 918 1306 ostendit
953 1265 1012 1304 se
1072 1249 1218 1304 hanc
1262 1263 1477 1319 semper
1508 1248 1644 1304 velle
1677 1249 1836 1303 nobis
1877 1250 2106 1319 gratiam

527 1343 693 1406 dare,
753 1355 854 1395 nec
918 1339 1102 1395 dicere
1151 1340 1374 1408 quidem
1449 1354 1588 1410 opus
1651 1349 1754 1395 est.
1810 1337 2109 1410 Propterea

528 1432 673 1488 enim
746 1432 802 1486 in
869 1440 1067 1486 terram
1121 1433 1289 1498 venit,
1336 1440 1390 1486 et
1464 1431 1806 1487 sacriﬁcatus
1871 1444 1977 1499 est,
2054 1442 2109 1488 et

528 1536 825 1589 mortuus,
872 1531 926 1578 et
988 1532 1274 1594 propterea
1329 1524 1523 1579 altaria
1579 1533 1634 1579 et
1689 1525 2000 1581 sacerdotes
2055 1534 2109 1581 et

527 1615 709 1670 omnis
755 1614 1028 1683 purgatio,
1081 1623 1135 1669 et
1185 1615 1371 1668 omnia
1420 1627 1688 1686 praecepta
1740 1626 1796 1670 et
1848 1617 2109 1676 doctrinm

524 1715 580 1760 et
641 1705 1091 1770 adhortationes,
1124 1714 1182 1760 ut
1239 1704 1378 1761 hanc
1431 1707 1591 1763 nobis
1645 1724 1888 1764 mensam
1942 1724 2109 1780 appo-

528 1807 642 1853 nat.
667 1796 960 1867 Propterea
988 1796 1118 1852 illud
1149 1799 1313 1853 etiam
1339 1799 1549 1854 Pascha
1589 1815 1649 1855 se
1676 1800 1986 1858 desiderare
2026 1802 2109 1858 di-

527 1890 724 1955 cebat,
771 1889 918 1961 quod
968 1891 1071 1946 hoc
1119 1905 1310 1945 verum
1383 1886 1594 1948 Pascha
1648 1904 1768 1949 erat
1818 1893 2106 1966 discipulis

2220 699 2453 768 Κυρίου,
2483 699 2572 752 διὰ
2608 699 2827 755 πάντων
2856 700 3129 765 δείξαντος
3172 701 3253 756 ὄτι
3305 703 3535 774 βούλεται
3558 705 3724 763 δοῦναι.

2217 794 2316 848 Διὰ
2346 791 2503 847 τοῦτο
2533 793 2642 848 τῶν
2697 792 3024 864 μυστηρίων
3083 794 3175 847 τὸν
3224 793 3482 864 ἁγιασμδν
3513 799 3571 866 τῇ
3622 799 3731 869 εὐχῇ

2217 881 2313 938 τοῦ
2365 883 2560 956 ἱερέως
2607 882 2965 953 πιστεύομεν,
3005 883 3104 952 οὐχ
3160 883 3236 948 ὡς
3285 884 3578 956 ἀνθρωπίνῃ
3625 890 3732 953 τινὶ,

2217 973 2426 1039 ἀλλ’ὡς
2467 975 2602 1029 Θεοῦ
2639 974 2867 1045 δυνάμει
2903 974 3256 1046 θαρροῦντες.
3299 977 3373 1029 Οὐ
3407 978 3509 1048 γὰρ
3554 978 3632 1032 διὰ
3660 980 3734 1032 τὴν

2218 1064 2513 1134 εὐχόμενον
2531 1063 2843 1132 ἄνθρωπον,
2873 1064 3009 1118 ἀλλὰ
3035 1064 3125 1117 διὰ
3150 1065 3241 1118 τὸν
3267 1066 3585 1121 ἐπακούοντα
3609 1068 3732 1120 Θεόν·

2217 1157 2326 1210 οὐδ’
2361 1156 2444 1210 ὅτι
2497 1157 2705 1220 ἐκεῖνος
2748 1155 2966 1226 ἐδεήθη,
3019 1155 3136 1208 ἀλλ’
3167 1158 3302 1228 ὃτιή
3335 1159 3547 1228 ἀλήθεια
3592 1161 3735 1226 gmw.

2216 1247 2437 1317 γείλατο
2475 1246 2690 1302 δώσειν.
2731 1245 2855 1302 Ὅτι
2891 1247 2946 1300 δὲ
2973 1251 3002 1301 ό
3031 1249 3264 1318 Χριστὸς
3302 1249 3494 1316 ἔδειξεν
3525 1250 3593 1313 ὡς
3638 1250 3738 1321 βούκ

2218 1344 2369 1393 λεται
2418 1339 2623 1412 ταύτην
2688 1341 2776 1393 ἀεὶ
2837 1340 3042 1394 διδόναι
3089 1341 3193 1410 τῆν
3243 1343 3424 1412 χάριν,
3457 1342 3568 1396 οὐδὲ
3600 1344 3733 1408 λόγον

2214 1432 2406 1485 δεῖται.
2446 1432 2545 1486 Διὰ
2564 1429 2724 1485 τοῦτο
2751 1431 2859 1501 γὰρ
2882 1433 2960 1495 είς
2986 1431 3100 1503 τὴν,
3127 1435 3231 1502 γῆν
3249 1429 3399 1503 ἦλθε,
3449 1433 3536 1486 καὶ
3583 1433 3734 1502 ἐτύθη,

2215 1523 2311 1574 καὶ
2332 1519 2590 1574 ἀπέθανε.
2625 1521 2723 1574 Διὰ
2753 1520 2911 1574 τοῦτο
2958 1523 3322 1593 θυσιαστήρια
3342 1525 3433 1578 καὶ
3471 1525 3635 1594 ίερεῖς,
3662 1524 3739 1578 καὶ

2217 1613 2367 1666 πᾶσα
2381 1611 2650 1684 κάθαρσις
2671 1613 2765 1666 καὶ
2785 1615 2958 1667 πᾶσαι
2975 1615 3209 1680 ἐντολαὶ,
3228 1617 3324 1670 καὶ
3342 1617 3651 1671 διδασκαλίαι
3666 1617 3740 1670 καὶ

2216 1703 2592 1773 παραινέσεις,
2614 1703 2701 1757 ἵνα
2720 1704 2819 1773 τὴν
2849 1705 3136 1776 τράπεζαν
3164 1708 3385 1779 παραθῇ
3409 1709 3596 1779 ταύτην
3614 1710 3736 1777 ἡμῖν.

2215 1793 2314 1846 Διὰ
2330 1791 2485 1846 τοῦτο
2512 1795 2607 1849 καὶ
2628 1793 2723 1848 τοῦ
2764 1794 2954 1861 Πάσχα
2981 1797 3318 1869 ἐπιθυμῆσαι
3341 1799 3516 1868 ἔλεγεν
3547 1799 3739 1865 ἐκείνου,

2213 1888 2297 1942 ὅτι
2325 1887 2482 1943 τοῦτο
2515 1888 2706 1959 ἔμελλε
2739 1891 3041 1963 τηνικαῦτα
3074 1894 3420 1964 παραδιδόναι
3449 1896 3506 1948 τὸ
3531 1896 3741 1966 άληθνν

527 1985 874 2052 traditurus;
946 1994 1234 2057 preptcrea
1295 1985 1498 2057 jussit,
1565 2007 1584 2041 ι
1645 1983 1764 2044 Hoc
1818 1988 1982 2044 facite
2044 1989 2097 2044 in

2208 1978 2394 2048 Πάσχα
2433 1981 2546 2043 τοῖς
2588 1980 2896 2051 μαθηταῖςο
2942 1981 3033 2037 διὰ
3077 1984 3236 2038 τοῦτο
3273 1987 3520 2040 ἐκέλευσε
3563 2004 3579 2038 ι
3617 1985 3742 2038 τοῦτο

525 2093 701 2134 meam
733 2071 1193 2144 recordationem,
1233 2096 1253 2131 ι
1291 2078 1439 2149 quod
1494 2078 1610 2139 vult
1657 2095 1873 2151 semper
1920 2095 1950 2135 a
2003 2095 2101 2136 no-

526 2173 612 2228 bis
642 2186 863 2228 sacrum
892 2169 1034 2226 ﬁeri.
1063 2168 1196 2236 Quae
1227 2185 1358 2242 ergo
1407 2169 1572 2226 fuerit
1608 2174 1897 2229 orantibus
1942 2172 2102 2229 dubl-

526 2264 662 2319 tatio
697 2263 764 2318 de
794 2277 860 2319 eo
896 2264 1040 2334 quod
1069 2258 1291 2333 petitur,
1331 2263 1379 2318 si
1427 2263 1706 2335 accepturi
1751 2276 1878 2320 sunt
1903 2265 1926 2320 ‘!
1954 2265 2101 2334 quod

527 2358 582 2413 hi
639 2356 860 2427 quidem
921 2363 1086 2410 erant
1141 2363 1201 2409 ut
1253 2356 1564 2426 accipiant:
1599 2357 1693 2427 qui
1743 2368 1924 2413 autem
1970 2358 2103 2416 dare

525 2457 724 2520 potest,
747 2448 878 2504 dare
905 2448 1081 2518 cupit.
1121 2446 1204 2502 lta
1234 2449 1324 2518 qui
1361 2446 1791 2504 sanctiﬁcationi
1826 2449 2101 2505 donorum

523 2554 622 2611 per
653 2538 959 2595 orationem
993 2537 1294 2606 conﬁdunt,
1329 2555 1429 2596 nec
1461 2538 1773 2598 Servatoris
1812 2557 1976 2598 voces
2013 2541 2102 2598 de-

520 2630 786 2702 spiciunt,
815 2643 917 2685 nec
947 2643 977 2684 a
1011 2644 1068 2685 re
1095 2629 1286 2694 dubia,
1315 2629 1556 2686 humana
1585 2632 1799 2688 scilicet
1825 2633 2099 2698 oratione,

521 2724 847 2796 mysterium
872 2722 1181 2794 dependere
1210 2735 1465 2793 oportere
1497 2733 1768 2790 statuunt,
1814 2733 1873 2778 ut
1916 2724 2102 2780 Latini

521 2832 628 2873 nos
653 2816 859 2872 frustra
889 2815 1278 2871 criminantur.
1311 2815 1445 2871 Nam
1477 2818 1643 2873 etiam
1679 2817 2096 2873 sanctissimum

525 2917 888 2980 unguentum,
911 2905 1058 2978 quod
1081 2905 1328 2976 ejusdem
1361 2921 1488 2964 esse
1516 2909 1727 2966 ordinis
1757 2924 1880 2965 cum
1912 2910 2100 2966 divina

523 2999 914 3057 communione
946 2999 1077 3054 dicit
1108 2995 1302 3055 beatus
1339 2997 1660 3072 Dionysius,
1697 3002 1943 3056 oratione
1983 3018 2107 3073 per-

523 3093 774 3164 agituret
795 3091 1190 3148 sanetiﬁcatur.
1219 3089 1376 3158 Quod
1408 3101 1588 3147 autem
1615 3095 1892 3164 operando
1922 3109 2110 3150 sacra-

523 3196 708 3242 mento
745 3186 1022 3242 deserviat
1050 3195 1102 3241 et
1132 3185 1441 3241 sanctiﬁeet
1468 3225 1483 3251 ,
1515 3187 1662 3242 nulla
1691 3196 1775 3243 est
1809 3188 1912 3258 piis
1947 3184 2110 3245 dubi-

2206 2073 2384 2124 ποιεῖν
2415 2071 2495 2134 εἱς
2525 2071 2624 2143 τὴν
2655 2073 2794 2145 ἐμὴν
2817 2073 3146 2146 ἀνάμνησιν,
3184 2096 3205 2130 ›
3240 2079 3322 2132 ὅτι
3351 2078 3506 2132 τοῦτο
3533 2077 3741 2148 βούλεται

2208 2163 2616 2234 ἱερουργεῖσθαι
2652 2165 2740 2218 ἀεὶ
2781 2169 2910 2239 παρ’
2941 2167 3120 2238 ἡμῶν.
3153 2170 3254 2234 Τίς
3301 2170 3390 2225 οὖν
3418 2171 3496 2225 ἔτι
3526 2172 3641 2242 περὶ
3671 2169 3744 2224 τοῦ

2203 2253 2540 2325 ζητουμένου
2571 2258 2684 2320 τοῖς
2722 2257 3039 2329 εὐχομένοις
3069 2261 3436 2332 άμφιϐολογία
3464 2265 3649 2332 γένοιτ’
3674 2263 3742 2327 ἂν,

2203 2349 2254 2400 εἱ
2279 2347 2542 2418 λήψονται
2578 2350 2679 2419 μὲν
2715 2351 2745 2404 ὃ
2778 2351 2994 2406 δέονται
3033 2347 3182 2408 οὗτοι
3218 2355 3437 2410 λαϐεῖν’
3463 2358 3490 2411 δ
3519 2357 3572 2412 δὲ
3598 2356 3746 2409 δοῦναι

2201 2437 2502 2510 δυνάμενος
2531 2440 2728 2496 διδόναι
2784 2443 3086 2515 ἐπιθυμεῖς
3118 2447 3309 2512 Οὕτως
3333 2451 3382 2502 ei
3405 2449 3493 2503 τὸν
3515 2448 3746 2518 ἀγιασμδν

2203 2534 2312 2588 τῶν
2345 2536 2534 2607 δώρων
2572 2541 2637 2608 τῇ
2674 2539 2806 2611 εὐχῇ
2850 2541 3220 2609 πιστεύοντες,
3258 2545 3382 2599 οὐτε
3418 2545 3508 2599 τοῦ
3536 2544 3748 2612 Σωτῆρος

2203 2630 2301 2692 τὰς
2332 2631 2517 2700 φωνάς
2545 2633 2876 2704 περιορῶσιν
2902 2633 3048 2707 [οὔτε
3071 2638 3292 2703 ἑαυτοῖς
3313 2635 3634 2710 θαρροῦσιη,
3651 2635 3746 2688 οὔτε

2203 2722 2506 2791 ἀμφιϐόλου
2562 2724 2890 2795 πράγματος
2944 2728 3004 2780 τὺ
3038 2732 3350 2801 μυστήριον
3388 2729 3640 2802 ἐξαρτῶσι
3672 2727 3750 2797 τῆς

2204 2813 2554 2887 ἀνθρωπίνης
2586 2817 2718 2888 εὒχῆ
2731 2835 2772 2883 ς.
2802 2817 2877 2882 ὡς
2909 2819 2958 2872 οἱ
2986 2821 3211 2875 Λατῖνοι
3256 2822 3435 2893 μάτην
3464 2823 3589 2893 ἡμῖν
3615 2822 3749 2886 ἔγκα-

2203 2903 2412 2973 λοῦσιν,
2443 2905 2567 2961 ἐπεὶ
2620 2909 2714 2962 κα)⁸
2762 2909 2822 2962 τὺ
2851 2910 3118 2981 πανάγιον
3152 2913 3352 2985 μύρον,
3383 2915 3412 2968 δ
3443 2917 3504 2986 τῇ
3536 2912 3642 2982 θείᾳ
3665 2927 3744 2962 κοι-

2209 3000 2382 3072 νωνία
2421 3002 2450 3055 ὁ
2487 2999 2762 3073 μακάριος
2793 3003 3070 3068 Διονύσιός
3102 3023 3277 3077 φησιν
3319 3007 3586 3078 ὁμοταγες
3613 2999 3747 3062 εἶναι.

2205 3095 2271 3164 τῇ
2297 3091 2428 3164 εὐχῇ
2447 3093 2682 3148 τελεῖται
2728 3095 2820 3148 καὶ
2845 3094 3155 3164 ἁγιάζεται.
3189 3099 3302 3152 Καὶ
3315 3100 3389 3164 ὡς
3405 3100 3489 3168 εἴη
3513 3092 3752 3161 τελεσιικὴ

2207 3187 2304 3241 καὶ
2346 3186 2664 3257 ἀγιαστικὴ,
2715 3186 2941 3254 οὐδεμία
2967 3191 3080 3253 τοῖς
3126 3190 3415 3244 εὐσεϐέσιν
3458 3181 3748 3259 ἀμφιδολία’

522 3279 683 3345 t'atio;
695 3277 1074 3336 et-sacerdotis
1090 3286 1145 3334 et
1167 3277 1442 3350 pontiﬁcis
1458 3279 1725 3336 ordinatio
1749 3281 1913 3336 simili
1941 3280 2103 3338 modo

2210 3279 2305 3334 καὶ
2331 3281 2365 3351 ἡ
2401 3277 2494 3333 τοῦ
2530 3279 2718 3351 ἱερέως
2748 3281 3055 3351 χειροτονία
3092 3281 3188 3337 τον
3230 3283 3349 3336 ῐσον
3381 3278 3594 3354 τρόπεν,
3623 3273 3752 3342 καὶὴ

522 3389 621 3446 per
669 3373 975 3429 orationem
1031 3372 1334 3444 peragitur.
1377 3390 1396 3424 ι
1437 3372 1673 3431 Oremus
1697 3375 1867 3441 enim,
1897 3376 2096 3446 inquit,

523 3484 622 3540 pro
646 3470 784 3540 ipso,
811 3477 870 3520 ut
896 3467 1078 3521 veniat
1112 3466 1166 3521 in
1202 3467 1377 3535 ipsum
1408 3468 1585 3538 gratia
1621 3469 1953 3525 sanctissimi
1977 3468 2102 3540 Spi-

523 3565 702 3627 ritus;
742 3580 760 3614 ι
802 3568 926 3630 post
967 3560 1371 3630 impositionem
1405 3574 1622 3626 manus,
1643 3561 1689 3617 is
1718 3563 1811 3632 qui
1859 3565 2101 3630 ordinat,

521 3656 587 3710 ad
616 3656 824 3709 clerum
877 3651 1120 3718 clamat;
1150 3664 1203 3707 et
1237 3653 1291 3706 in
1329 3667 1391 3708 ea
1427 3668 1552 3724 quat
1600 3653 1659 3708 ﬁt
1690 3655 1743 3708 in
1777 3654 2100 3710 Latinorum

523 3747 765 3806 Ecclesia
822 3745 1099 3816 pontilicis
1147 3747 1522 3813 ordinatione,
1556 3756 1850 3818 postquam
1900 3749 2100 3804 infudit

523 3847 859 3908 unguentum
897 3835 952 3889 in
996 3845 1165 3906 caput
1209 3835 1331 3906 ejus
1363 3837 1455 3906 qui
1490 3839 1800 3905 ordinatur,
1827 3839 1920 3910 qui
1953 3840 2100 3895 ordi-

523 3935 802 3999 nat,0plat
821 3925 1148 3996 locupletem
1173 3929 1352 3982 sancti
1377 3927 1617 3998 Spiritus
1635 3930 1868 4000 gratiam
1895 3931 1951 3985 in
1972 3947 2097 3986 eum

520 4021 877 4079 descendere.
903 4018 1266 4074 Peccatorum
1298 4035 1519 4090 quoque
1545 4023 1798 4080 remissio
1823 4024 2100 4094 pteniten-

523 4115 677 4170 tibus
713 4113 874 4167 datur
897 4126 997 4182 per
1027 4111 1333 4166 orationem
1361 4115 1737 4181 sacerdotum,
1767 4125 1820 4171 et
1849 4117 2098 4171 ultimum

523 4206 631 4262 olei
688 4211 1096 4262 sacramentum
1170 4204 1426 4260 similiter
1484 4206 1700 4276 perﬁcit
1748 4209 2099 4264 sacerdotum

525 4295 746 4352 oratio:
785 4293 935 4365 quod
977 4293 1142 4350 etiam
1177 4295 1486 4364 corporalis
1517 4296 1694 4351 morbi
1744 4297 2010 4353 medelam
2045 4306 2100 4354 et

525 4395 879 4457 peccatorum
915 4385 1302 4443 remissionem
1336 4386 1429 4442 dat
1469 4388 1537 4443 iis
1559 4389 1763 4458 quibus
1794 4391 2098 4460 peragitur,

527 4487 588 4532 ut
615 4477 778 4534 habet
807 4477 1112 4550 apostolica
1137 4477 1365 4534 traditio
1391 4495 1404 4532 :
1435 4497 1454 4531 ι
1492 4477 1802 4534 lnﬁrmatur
1833 4481 1977 4535 enim
2002 4481 2102 4538 ali-

526 4572 654 4644 quis
689 4571 746 4627 in
777 4571 960 4638 vobis,
994 4571 1196 4643 inquit,
1231 4580 1486 4626 accersat
1524 4573 1880 4642 presbyteros
1915 4573 2102 4629 Eccle-

2207 3368 2303 3424 τοῦ
2333 3370 2654 3441 ἀρχιερέως,
2680 3371 2767 3424 διὰ
2794 3371 2893 3441 τῆς
2912 3371 3081 3443 εὐχῆς
3111 3374 3502 3446 ίερουργεῖται.
3549 3388 3568 3423 ι
3607 3366 3754 3432 E1356)-

2207 3464 2347 3533 μεθα
2384 3465 2513 3534 γὰρ,
2546 3464 2732 3533 φησιν,
2765 3465 2905 3536 ὑπὲρ
2937 3465 3126 3530 αὐτοῦ,
3158 3466 3249 3520 ἵνα
3285 3466 3431 3520 ἔλθοι
3463 3465 3544 3518 ἐπ’
3571 3456 3754 3526 αὐτὺνή

2203 3554 2366 3626 χάρις
2395 3553 2490 3608 τοῦ
2519 3555 2788 3625 παναγίου
2814 3555 3132 3627 Πνεύματος
3158 3571 3175 3590 ο
3209 3577 3230 3612 ι
3266 3558 3406 3629 μετὰ
3428 3557 3524 3629 τὴν
3549 3554 3753 3608 ἐπίθεσιν

2203 3646 2303 3718 τῆς
2331 3646 2511 3719 χειρὸς
2544 3648 2573 3701 ὁ
2598 3649 2924 3719 χειροτονῶν
2965 3649 3103 3719 πρὸς
3142 3650 3242 3704 τὸν
3290 3651 3490 3721 κλῆρον
3539 3648 3645 3720 βοᾷ.
3671 3639 3759 3697 Καὶ

2203 3738 2261 3792 ἐν
2293 3740 2358 3810 τῇ
2397 3739 2506 3792 τῶν
2539 3739 2790 3794 Λατίνων
2828 3739 2886 3793 δὲ
2932 3740 3236 3814 Ἐκκλησία
3273 3742 3571 3812 τελουμένῃ
3605 3750 3756 3809 χείροσ-

2200 3826 2356 3898 τονία
2389 3825 2483 3879 τοῦ
2520 3827 2731 3898 ἱερέως,
2766 3828 2906 3899 μετὰ
2936 3828 2997 3882 τὸ
3025 3831 3249 3901 ὲπιχὲαι
3288 3832 3351 3885 τὸ
3391 3829 3560 3902 μύρον
3587 3826 3667 3881 ἐπὶ
3684 3823 3759 3892 τῆς

2202 3919 2447 3990 κεφαλῆς
2489 3919 2583 3973 τοῦ
2617 3925 3118 3994 χειροτονουμένου,
3160 3927 3189 3978 ὀ
3221 3925 3403 3980 τελῶν
3441 3923 3649 3994 εὔχεται
3678 3917 3757 3984 τὴν

2201 4011 2365 4083 χάριν
2390 4013 2480 4066 τοῦ
2507 4013 2664 4082 ἁγίου
2690 4015 2830 4067 Πνεύ
2840 4033 3005 4086 ματος
3029 4017 3302 4073 ὲπάὐιὸν
3329 4015 3605 4072 κατελθεῖν
3632 4009 3761 4066 πλον-

2203 4106 2322 4158 σίαν
2344 4122 2358 4135 °
2393 4107 2487 4161 καὶ
2517 4107 2713 4178 ἄφεσις
2747 4109 3034 4180 ἁμαρτιῶν
3058 4113 3175 4174 τοῖς
3205 4112 3534 4184 μετανοοῦσι
3579 4108 3655 4162 διὰ
3680 4103 3758 4171 τῆς

2201 4196 2372 4268 εὐχῆς
2423 4199 2532 4253 τῶν
2590 4199 2782 4270 ἱερέων
2817 4201 3050 4256 δίδοται·
3097 4207 3200 4259 καὶ
3247 4204 3310 4259 τὺ
3358 4204 3653 4260 τελευταῖον
3686 4193 3760 4250 τοῦ

2202 4291 2384 4344 ἐλαίου
2443 4293 2748 4366 μυστήριον
2785 4293 3049 4357 ὡσαύτως
3077 4295 3111 4364 ὴ
3141 4296 3257 4351 τῶν
3298 4297 3493 4364 ἱερέων
3530 4293 3654 4362 εὐχὴ
3689 4303 3760 4341 τε·

2209 4383 2521 4455 λεσιουργεῖ
2546 4401 2561 4416 ο
2598 4385 2627 4437 δ
2658 4385 2757 4439 καὶ
2792 4385 2933 4440 ίασιν
2987 4389 3320 4460 σωματικῆς
3354 4390 3514 4444 νόσου
3546 4385 3634 4442 καὶ
3660 4382 3766 4450 ἄσε-

2206 4492 2292 4528 σιν
2320 4475 2609 4547 ἁμαρτιῶν
2640 4479 2754 4542 τοῖς
2783 4478 3135 4549 τελουμένοις
3181 4481 3419 4538 δυνάται
3441 4526 3455 4551 ,
3487 4482 3560 4546 ὡς
3588 4481 3619 4551 ἡ
3659 4478 3766 4531 ἀποο

2205 4567 2431 4639 στολικη
2460 4570 2762 4640 παράδοσις
2794 4570 2932 4641 ἔχει.
2965 4589 2983 4622 ι
3021 4572 3274 4628 ’Δσθενεῖ
3303 4576 3416 4647 γάρ
3445 4591 3545 4639 τις·
3565 4576 3616 4626 ὲν
3640 4569 3766 4641 ὑμῖν.

523 4664 644 4728 size,
677 4671 730 4717 et
761 4671 921 4718 orent
956 4677 1055 4733 pro
1087 4662 1230 4734 ipso,
1265 4674 1532 4734 uugeutes
1561 4677 1687 4721 cum
1719 4663 1866 4732 oleo,
1894 4675 1948 4722 et
1977 4681 2103 4721 ora-

2210 4661 2367 4730 (mal,
2382 4661 2834 4732 προσκαλέσασθε
2853 4662 2979 4727 τοὺς
3005 4665 3426 4738 πρεσϐυτέρους
3447 4667 3546 4737 τῆς
3573 4661 3768 4728 Ἑκκλη·

528 4759 604 4811 tio
645 4757 766 4810 lidei
814 4755 1058 4810 servabit
1110 4755 1578 4825 laborantem,et
1629 4758 1922 4814 suscitabit
1973 4773 2101 4815 eum

531 4847 796 4902 Dominus
822 4863 838 4912 ;
868 4857 944 4913 et,
987 4847 1034 4902 si
1069 4856 1293 4918 peccata
1333 4845 1547 4916 fecerit,
1579 4849 1928 4904 remittantur
1958 4850 2032 4906 ci.
2073 4868 2094 4903 ι

526 4940 632 5006 Qui
667 4955 800 5011 ergo
833 4942 1143 4996 orationem
1189 4941 1245 4995 in
1277 4940 1643 4996 sacramentis
1683 4942 2000 5012 reprobant,
2033 4943 2102 4998 ad

529 5037 642 5088 limo
672 5034 802 5104 quid
833 5031 1059 5089 dicent?
1089 5032 1146 5086 Si
1192 5033 1340 5088 enim
1384 5041 1470 5088 est
1503 5033 1774 5089 incertum
1803 5035 1950 5105 quod
1982 5037 2040 5090 lit
2070 5049 2102 5090 a

526 5126 804 5194 precibus,
836 5133 898 5180 ut
937 5123 1044 5195 ipsi
1076 5124 1296 5190 dicunt,
1330 5124 1602 5182 incertum
1649 5126 1871 5196 quidem
1901 5135 1990 5184 est
2032 5142 2102 5183 an

528 5218 578 5271 id
611 5218 683 5273 sit
712 5215 974 5272 sacerdos
1003 5215 1148 5285 quod
1179 5231 1302 5270 esse
1332 5215 1576 5285 dicitur;
1610 5219 1880 5275 incertum
1915 5229 2099 5276 autem

526 5326 593 5363 an
632 5315 976 5378 unguentum
1031 5306 1202 5376 possit
1235 5307 1623 5376 sanctiﬁcare;
1655 5317 1710 5365 et
1756 5311 1831 5364 ita
1868 5326 1971 5366 nec
2007 5325 2100 5368 sa-

527 5409 868 5455 cramentum
896 5399 1118 5468 quidem
1155 5408 1415 5456 constare
1441 5410 1623 5471 potest
1652 5417 1826 5459 sacrze
1856 5418 2105 5460 commu-

525 5493 730 5556 nionis,
762 5506 889 5546 cum
936 5506 1112 5561 neque
1153 5492 1228 5546 sit
1276 5508 1406 5548 vere
1455 5495 1739 5564 sacerdos,
1771 5511 1873 5552 nec
1907 5497 2099 5553 altare.

523 5579 712 5649 Neque
759 5581 903 5635 enim
953 5579 1180 5635 verbum
1215 5581 1451 5658 Domini,
1489 5586 1555 5639 ab
1607 5588 1774 5640 idiota
1823 5587 2104 5658 privatave

524 5686 758 5740 persona
794 5671 1020 5736 dictum,
1050 5672 1316 5729 cllicieudi
1353 5680 1683 5732 sacramenti
1723 5681 1830 5732 vim
1865 5680 1970 5750 ipsi
2011 5681 2105 5733 ha-

526 5765 655 5816 bere
717 5763 1000 5833 dixerint,
1056 5782 1233 5838 neque
1296 5771 1415 5822 sine
1477 5771 1657 5825 altari.
1706 5773 1892 5828 Altare
1956 5774 2100 5828 enim

527 5868 692 5918 supra
726 5855 871 5924 quod
934 5860 1087 5926 panis
1138 5861 1421 5930 ponendus
1473 5873 1595 5927 est,
1630 5873 1914 5934 unguento
1969 5882 2102 5920 san-

527 5944 852 6004 ctilicatur:
907 5951 1048 6020 quod
1121 5953 1342 6022 quidem
1421 5965 1762 6025 unguentum
1842 5958 2102 6028 precibus

2212 4751 2356 4815 σίας,
2397 4753 2492 4805 καὶ
2520 4754 3017 4823 προσευξάσθωσαν
3070 4755 3218 4829 ὑπὲρ
3255 4760 3450 4826 αὐτοῦ,
3485 4755 3769 4826 ἀλείψαντες

2210 4843 2375 4897 αὐτὸν
2414 4845 2599 4914 ἐλαίῳ,
2631 4849 2689 4900 ἐν
2717 4846 2794 4916 τῷ
2819 4847 3046 4918 ὀνόματι
3084 4849 3180 4902 τοῦ
3218 4852 3457 4923 Κυρίου,
3489 4854 3578 4906 καὶ
3607 4850 3636 4919 ἢ
3664 4842 3770 4911 εὖκῆ

2209 4932 2312 5002 τῆς
2338 4931 2574 4996 πίστεως
2613 4933 2776 4987 σώσει
2802 4934 2893 4989 τὸν
2924 4935 3200 5006 καμόντα,
3239 4942 3342 4993 καὶ
3373 4942 3467 5010 ὲγε
3479 4940 3562 5012 ρεῖ
3583 4935 3725 4991 αὐτὸν
3750 4930 3770 4982 ὁ

2209 5021 2436 5097 Κύριος,
2467 5025 2572 5079 κᾶν
2595 5026 2870 5098 ἁμαρτίας
2958 5029 3307 5098 πεποιηκὼς,
3343 5032 3669 5102 ἀφεθήσεται
3692 5025 3790 5078 αὖ-“

2208 5117 2310 5188 τῷ.
2353 5136 2374 5171 ι
2412 5120 2476 5172 Οἱ
2506 5121 2688 5172 τοίνυν
2722 5122 2822 5192 τὴν
2853 5121 3021 5192 εὐχὴν
3051 5123 3110 5174 ἐν
3139 5129 3262 5187 τοῖς
3301 5125 3623 5197 μυστηρίοις
3659 5121 3773 5174 me

2208 5211 2616 5282 δοκιμάζοντες,
2647 5213 2697 5264 τί
2727 5215 2860 5282 πρδς
2882 5214 3056 5266 ταῦτα
3084 5215 3354 5285 ἐροῦσιν;
3391 5217 3452 5272 El
3486 5218 3592 5286 γάρ
3611 5212 3776 5282 ἄδηλον

2209 5302 2270 5356 τὸ
2298 5304 2450 5375 παρὰ
2476 5305 2587 5356 τῶν
2612 5304 2813 5374 εὐχῶν,
2844 5305 2920 5368 ὡς
2947 5307 3102 5360 αὐτοὶ
3130 5307 3417 5377 λέγουσιν,
3443 5308 3628 5379 ἄδηλον
3654 5301 3777 5374 μὲνὸ

2212 5396 2413 5466 ἱερεὺς,
2470 5398 2519 5448 εί
2557 5395 2718 5449 τοῦτο
2761 5396 2910 5450 ἐστιν
2963 5398 2992 5451 δ
3047 5399 3306 5455 καλεῖται
3334 5417 3350 5434 ”
3405 5402 3596 5472 ἄδηλον
3640 5399 3689 5451 δὲ
3729 5392 3777 5444 τὸ

2213 5489 2409 5560 μύρον,
2465 5489 2514 5541 εἱ
2567 5487 2795 5542 δύναται
2849 5489 3130 5558 ἁγιάζεινο
3193 5495 3293 5546 καὶ
3353 5494 3529 5558 οὕτως
3573 5489 3684 5545 οὐδὲ
3728 5483 3779 5537 τὸ

2215 5584 2515 5652 μυστήριον
2555 5585 2880 5636 συνεστάναι
2911 5585 3138 5638 δύναται
3170 5587 3280 5656 τῆς
3311 5589 3356 5641 ἱε
3365 5591 3470 5661 ρᾶς
3503 5581 3778 5641 κοινωνίας.

2210 5674 2332 5728 οὐτε
2378 5676 2570 5747 ἱερέως
2605 5677 2819 5747 ἀληθῶς
2850 5679 3023 5742 ὄντος,
3057 5677 3184 5731 οὐτε
3215 5681 3632 5753 θυσιαστηρίου.
3662 5671 3779 5726 Οὔτε

2210 5771 2318 5839 γὰρ
2350 5771 2499 5840 παρὰ
2527 5770 2739 5823 ἰδιώτου
2779 5771 3070 5840 λεγόμενον
3103 5773 3198 5825 τὸν
3249 5775 3348 5828 τοῦ
3386 5775 3591 5845 Κυρίου
3645 5767 3778 5830 λόγον

2211 5863 2622 5932 τελεσιουργίαν
2649 5865 2814 5930 φαῖεν
2866 5865 2931 5917 ἂν
2961 5864 3069 5918 οὐδ’
3116 5865 3304 5933 αὐτοὶ,
3348 5867 3474 5920 οὔτε
3515 5863 3675 5938 χωρὶς
3703 5851 3778 5906 τοῦ

2213 5952 2622 6025 θυσιαστηρίου.
2655 5955 2761 6010 Καὶ
2794 5959 2902 6028 γὰρ
2931 5959 3020 6010 xxi.
3056 5958 3108 6010 τὸ
3144 5959 3546 6034 θυσιαστήριον
3573 5960 3624 6011 ἐν
3652 5947 3691 6023 ᾧ
3715 5947 3782 6001 δεῖ
