4030 6454
257 395 363 463 533

1456 404 1642 465 LlTU
1655 401 1747 463 BG
1763 401 1859 461 LE
1896 398 2331 463 EXPOSITIO.

3431 387 3539 452 434

256 516 460 569 τιθέναι
494 514 586 566 τὸν
616 513 805 583 ἄρτον,
840 512 915 584 τῷ
948 512 1105 585 μύρῳ
1142 516 1458 584 ἁγιάζεται.
1490 517 1519 571 ὅ
1569 519 1635 589 δὴ
1676 519 1852 589 μύρον

1969 514 2271 570 conﬁcitur.
2305 512 2574 567 Praeterea
2619 517 2803 567 autem
2860 517 3209 580 peccatorum
3258 508 3545 563 remissio-

257 608 341 662 διὰ
367 608 475 659 τῶν
496 606 672 677 εὐχῶν
697 607 1187 677 τελεσιουργεῖται.
1212 610 1334 661 Ἔτι
1361 611 1415 663 δέ
1439 612 1534 664 καὶ
1558 612 1847 683 ἁμαρτιῶν

263 699 455 768 ἄφεσιν
483 698 570 760 τίς
603 699 737 768 ἡμῖν
767 697 931 752 δώσει
964 699 1220 769 βεϐαίως,
1260 701 1369 756 τῶν
1401 702 1593 772 ἱερέων
1624 706 1717 758 καὶ
1747 707 1848 775 τῆς

272 790 443 845 αὐτῶν
483 789 720 861 δεήσεως
767 792 1298 863 ἀμφιῦαλλομένωνς
1354 796 1467 849 Καὶ
1517 795 1671 849 οὐδὲν
1720 797 1850 851 ἄλλο

273 888 466 952 λοιπὸν,
507 888 539 956 ἦ
573 888 754 941 πάντα
789 889 881 943 τὸν
918 891 1351 961 Χριστιανισμὸν
1391 894 1455 946 ἐκ
1488 893 1655 962 μέσου
1688 893 1850 962 ποιῆ-

276 1000 375 1044 σαι,
409 984 520 1043 ταῖς
550 983 929 1052 καινοτομίαις
959 984 1393 1047 ἀκολουθοῦντας
1420 986 1626 1039 αὐτῶν.
1654 986 1849 1040 Φαίνε-

266 1087 352 1120 ται
405 1070 587 1122 τοίνυν
629 1072 703 1135 ὡς
739 1073 972 1137 ἐκείνοις
1016 1074 1219 1143 μᾶλλον
1263 1076 1313 1128 οἳ
1359 1076 1536 1130 ταῦτα
1581 1076 1849 1143 ἀξιοῦσιν,

266 1162 320 1211 ἐν
358 1161 658 1234 ἀμφιϐολίᾳ
688 1165 867 1217 κεῖται
902 1166 970 1219 τὰ
1001 1166 1099 1236 τῆς
1133 1167 1359 1239 ἀρετῆς,
1398 1168 1494 1221 καὶ
1527 1168 1697 1223 πολὺν
1736 1170 1851 1239 ἔχει

263 1251 323 1302 τ’.
354 1253 591 1320 πρᾶγμα
620 1252 886 1317 κίνδυνον,
917 1253 1179 1327 ἀλλότρια
1206 1257 1316 1310 τῶν
1350 1259 1638 1329 πατρικῶν
1670 1276 1852 1327 παραυ

259 1342 462 1395 ὂίσεων
499 1344 592 1397 καὶ
649 1350 748 1413 τῆς
809 1348 867 1397 ἐν
930 1349 1122 1411 αὐτοῖς
1168 1350 1474 1417 ἀσφαλείας
1517 1351 1849 1407 ἐπινοοῦσιν.

266 1436 384 1486 Ὀτι
420 1437 518 1503 μὲν
551 1436 657 1505 γὰρ
690 1438 717 1490 ὁ
749 1438 881 1497 Θεὸς
917 1439 1210 1509 εὐχόμενος
1241 1442 1503 1506 ἐπινεύει,
1543 1443 1642 1496 καὶ
1668 1442 1852 1499 δίδωσι

264 1526 486 1596 Πνεῦμα
518 1528 669 1596 ἅγιον
702 1533 816 1592 τοῖς
844 1532 1091 1585 αἰτοῦσιν
1122 1534 1311 1600 αὐτὸν,
1345 1536 1439 1587 καὶ
1473 1535 1627 1589 οὐδὲν
1659 1536 1856 1590 ἀδυνα-

260 1619 344 1669 τεῖ
386 1622 499 1681 τοῖς
531 1620 667 1686 μετά
700 1620 936 1684 πίστεως
964 1622 1127 1676 αὐτοῦ
1167 1624 1469 1693 δεομένοις,
1506 1625 1668 1688 αὐτὸς
1699 1622 1855 1679 εἶπεν

264 1712 291 1761 ὀ
344 1710 503 1772 Θεός·
551 1713 643 1766 καὶ
685 1715 911 1785 οὐδεμία
951 1718 1169 1788 μηχανὴ
1216 1718 1311 1771 τοῦ
1362 1718 1438 1790 μὴ
1478 1719 1658 1790 ἀληθῆ
1700 1718 1855 1773 ταῦτ’

266 1797 423 1855 εἶναι.
454 1804 575 1857 ’Ότι
608 1806 661 1859 δὲ
694 1808 1076 1880 διηγουμένοις
1107 1813 1289 1866 ὁτιοῦν
1316 1814 1424 1866 τῶν
1456 1814 1655 1882 λογίων
1717 1832 1858 1885 συμ-

266 1896 439 1951 ϐαίνει
478 1917 526 1951 τι
556 1900 815 1967 τοιοῦτον,
841 1904 1054 1974 οἶδαμῆ
1078 1905 1322 1973 λέγεται.
1355 1909 1462 1960 Καὶ
1483 1908 1544 1960 τὸ
1568 1909 1669 1977 μὲν
1722 1911 1855 1979 εὐχῇ

268 1989 331 2040 τὰ
374 1994 615 2059 μυστικὰ
642 1994 819 2047 τελεῖν
843 1997 891 2048 οἱ
932 1998 1177 2067 Πατέρες
1210 2000 1543 2068 παρέδοσαν,
1602 2001 1713 2055 ἀπὸ
1749 2003 1859 2057 τῶν

270 2080 581 2136 ἀποστόλων
616 2088 711 2138 καὶ
747 2088 856 2140 τῶν
894 2088 1138 2154 ἐκείνους
1180 2091 1561 2162 ἐκδεξαμένων
1603 2097 1858 2167 παραλα-

268 2171 487 2237 6όντες·
521 2175 593 2228 τά
628 2194 687 2230 τε
728 2179 886 2244 ἄλλα,
932 2180 1188 2251 καθάπερ
1235 2182 1395 2255 ἔφην,
1435 2187 1530 2240 καὶ
1561 2187 1662 2258 τὴν
1707 2188 1861 2257 ἱερὰν

270 2267 639 2339 εὐχαρίστιαν,
677 2273 819 2339 μετὰ
854 2274 1088 2340 πολλοὺς
1113 2275 1311 2341 ἄλλους
1343 2278 1439 2332 καὶ
1480 2281 1656 2349 μέγας
1692 2281 1860 2335 Βασί-

268 2361 429 2425 λειος,
461 2365 557 2416 καὶ
599 2364 849 2437 Ἰωάννης
891 2368 920 2419 ὁ
951 2370 1368 2440 Χρυσόστομος,
1403 2371 1452 2425 οἱ
1491 2372 1719 2442 μεγάλοι
1762 2374 1861 2442 τῆς

282 2452 606 2523 Ἔκκλησίας
647 2456 957 2513 διδάσκαλοι
981 2474 996 2490 ο
1027 2456 1110 2523 οἷς
1146 2462 1274 2524 τούς
1315 2463 1705 2529 ἀντιλέγοντας
1740 2464 1863 2518 οὐδέ

268 2545 432 2614 λόγου
467 2547 613 2611 τινὸς
651 2549 835 2614 ἀξιοῦν
870 2550 999 2621 χρὴ,
1036 2552 1161 2615 τοὺς
1191 2554 1439 2613 εὐσεϐεῖν
1473 2556 1856 2627 βουλομένους.

274 2642 376 2695 Τὸν
409 2643 464 2695 δέ
497 2643 594 2697 τοῦ
639 2644 846 2717 Κυρίου
884 2647 1016 2717 περὶ
1045 2647 1155 2701 τῶν
1206 2648 1528 2718 μυστηρίων
1578 2650 1759 2717 λόγον,
1804 2652 1863 2703 ἐν

269 2737 400 2788 εῖδει
444 2738 753 2808 διηγήσεως
780 2739 1094 2808 λεγόμενον,
1130 2741 1268 2812 πρὸς
1312 2741 1404 2796 τὸν
1434 2741 1710 2812 ἀγιασμδν
1752 2744 1865 2797 τῶν

269 2829 459 2899 δώρων
503 2832 693 2902 ἀρκεῖν
718 2872 732 2895 ,
778 2832 995 2899 οὐδεὶς,
1048 2831 1178 2887 οὐτε
1228 2832 1339 2888 τῶν
1382 2834 1698 2889 ἀπόστολων
1738 2833 1863 2888 οὐτε

269 2921 381 2974 τῶν
433 2922 771 2978 διδασκάλων
823 2924 997 2980 εἰπὼν
1020 2926 1273 2995 φαίνεται
1300 2943 1317 2958 ⁸
1343 2926 1563 2981 ἀλλ”ὄτι
1589 2929 1687 2999 μὲν
1712 2928 1864 2996 ἅπαξ

267 3015 376 3069 ὐπὸ
406 3016 501 3070 τοῦ
530 3018 738 3088 Κυρίου
764 3017 1001 3090 λεχθεὶς,
1028 3019 1177 3093 αὐτῷ
1202 3020 1280 3092 τῷ
1326 3021 1422 3077 ὐπ’
1455 3022 1665 3076 ἐκείνου
1709 3022 1865 3092 λέγε-

273 3108 425 3176 σθαι,
470 3111 547 3175 ὡς
586 3114 613 3165 ὁ
650 3112 1050 3184 δημιουργικὸς
1094 3114 1251 3183 λόγος
1288 3116 1377 3170 ἀεὶ
1421 3117 1659 3187 ἐνεργεῖ,
1707 3118 1803 3170 καὶ
1834 3117 1866 3171 ὁ

274 3204 545 3274 μακάριός
562 3223 694 3276 φησι
739 3207 1016 3278 Ἰωάννης.
1050 3209 1179 3264 Ὅτι
1206 3210 1264 3264 δέ
1296 3208 1395 3264 νῦν
1420 3209 1526 3263 ὑπὸ
1549 3210 1644 3264 τοῦ
1670 3210 1863 3281 ίερέως

269 3296 586 3366 λεγόμενος,
651 3298 741 3353 διὰ
794 3300 855 3352 τὸ
919 3302 1011 3353 ὐπ’
1077 3300 1291 3355 ἐκείνου
1348 3300 1641 3369 λέγεσθαι,
1690 3299 1853 3353 τοῦτο

258 3388 515 3456 δύναται,
544 3390 842 3460 οὐδαμόθεν
894 3393 1013 3445 ἐστι
1062 3391 1257 3462 μαθεῖν
1284 3407 1300 3423 ⁸
1330 3393 1453 3445 ἐπεὶ
1478 3391 1589 3445 οὐδ’
1623 3389 1789 3454 αὐτὸς
1825 3391 1854 3443 ὁ

1965 623 2088 661 nem
2117 609 2245 677 quis
2277 605 2537 660 sacerdos
2566 602 2728 658 nobis
2759 609 2913 658 certo
2953 602 3128 667 dabit,
3169 601 3214 657 si
3249 600 3317 655 de
3348 614 3541 654 eorum

1956 700 2212 754 oratione
2256 695 2589 751 dubitetur?
2620 697 2684 750 Et
2717 693 2854 748 nihil
2902 694 3132 748 omnino
3184 691 3333 746 aliud
3375 698 3546 744 restat

1965 806 2131 860 quam
2165 799 2225 843 ut
2257 803 2481 843 omnem
2509 786 3001 843 Christianismum
3035 785 3103 839 de
3130 784 3313 838 medio
3342 782 3544 835 tollant

1958 881 2054 949 qui
2091 895 2286 935 eorum
2310 879 2581 934 novitates
2617 884 2947 947 sequuntur.
2982 872 3209 928 Videtur
3238 886 3369 940 ergo
3398 869 3545 939 quod

1962 974 2076 1029 illis
2110 973 2322 1043 potius,
2356 972 2401 1026 si
2434 973 2508 1025 ita
2536 978 2790 1037 censent,
2825 972 2880 1023 in
2909 967 3075 1023 dubio
3097 967 3272 1021 virtus
3307 965 3409 1019 sita
3437 972 3544 1023 est.

1962 1081 2162 1135 resque
2191 1066 2244 1118 in
2275 1080 2471 1135 magno
2497 1063 2743 1133 periculo
2762 1070 3014 1117 versatur
3040 1060 3108 1113 iis
3125 1059 3215 1130 qui
3246 1072 3276 1111 a
3304 1053 3551 1127 paternis

1965 1158 2362 1213 traditionibus
2397 1166 2451 1211 et
2481 1171 2603 1227 «inae
2649 1157 2705 1210 in
2760 1156 2826 1211 iis
2855 1164 2941 1210 est
2994 1153 3316 1215 securitate,
3369 1150 3548 1205 aliena

1959 1252 2305 1320 excogitant.
2344 1248 2498 1314 Quod
2541 1250 2689 1304 enim
2744 1247 3094 1302 orationibus
3134 1244 3279 1298 Deus
3333 1243 3549 1305 annuit,

1963 1356 2019 1402 et
2049 1346 2141 1400 dat
2196 1345 2467 1414 Spiritum
2516 1354 2769 1398 sanetum
2803 1341 2873 1395 iis
2901 1340 2994 1409 qui
3028 1340 3207 1408 ipsum
3246 1345 3460 1408 petunt,
3494 1344 3549 1389 et

1963 1439 2101 1494 nihil
2129 1438 2204 1493 sit
2233 1437 2582 1508 impossibile
2613 1438 2679 1492 iis
2705 1436 2799 1506 qui
2826 1452 2952 1491 cum
2983 1434 3087 1489 (ide
3112 1434 3292 1500 ipsum
3328 1438 3545 1499 rogant,

1966 1534 2083 1603 ipse
2118 1533 2257 1588 dixit
2290 1532 2476 1596 Deus;
2514 1546 2613 1585 nec
2648 1531 2755 1585 ulla
2805 1529 3023 1583 ratione
3064 1526 3179 1580 ﬁeri
3213 1533 3391 1596 potest
3417 1523 3546 1593 quin

1969 1628 2086 1683 hate
2126 1642 2254 1681 vera
2290 1625 2423 1679 sint.
2455 1624 2613 1690 Quod
2653 1632 2838 1678 autem
2873 1622 2982 1676 tale
3022 1620 3153 1689 quid
3185 1618 3438 1673 evenerit
3483 1616 3552 1671 iis

1966 1720 2061 1789 qui
2093 1718 2380 1789 quidpiam
2403 1733 2467 1772 ex
2494 1716 2735 1788 eloquiis
2756 1722 3009 1779 narrant,
3031 1728 3302 1781 nusquam
3326 1711 3547 1765 dicitur.

1967 1810 2029 1865 Et
2067 1812 2320 1865 oratione
2345 1810 2567 1880 quidem
2602 1817 2951 1865 sacramenta
2986 1821 3271 1876 peragere,
3302 1803 3553 1857 tradide-

1968 1914 2096 1961 runt
2133 1904 2327 1960 l‘atrcs
2349 1947 2363 1970 ,
2389 1906 2482 1974 qui
2515 1904 2585 1957 ab
2616 1903 2882 1972 apostolis
2910 1911 2963 1955 et
2999 1901 3090 1970 qui
3129 1901 3208 1955 eis
3239 1913 3556 1954 successso—

1972 2008 2121 2065 runt,
2172 2004 2530 2065 acceperunt,
2573 2004 2627 2050 et
2691 1996 2797 2048 alia
2846 1995 2989 2049 sicut
3038 1993 3197 2058 dixi;
3233 2000 3288 2045 et
3338 1976 3589 2045 sacram‘

1972 2092 2406 2153 Eucharistiam,
2443 2098 2570 2161 post
2618 2088 2824 2145 multos
2867 2086 3007 2141 alios
3040 2094 3094 2140 et
3136 2098 3366 2155 magnus
3401 2080 3556 2137 Basi-

1967 2186 2076 2241 lius
2126 2192 2181 2240 et
2232 2183 2477 2239 Joannes
2529 2182 2979 2252 Chrysostomus,
3036 2193 3246 2246 magum
3296 2175 3558 2231 Ecclesia:

1969 2276 2255 2339 doctores,
2290 2274 2502 2343 quibus
2522 2274 2624 2343 qui
2662 2271 3072 2333 contradicunt,
3112 2283 3305 2323 eorum
3344 2266 3553 2320 nullam

1971 2369 2244 2422 rationem
2291 2368 2493 2422 ducere
2536 2371 2756 2433 oportet
2801 2378 2899 2418 eos
2935 2362 3026 2432 qui
3060 2360 3135 2430 pii
3170 2375 3295 2415 esse
3343 2359 3554 2411 \‘0luttl.

1970 2460 2129 2528 Quod
2179 2470 2361 2514 autem
2396 2474 2587 2513 sermo
2624 2455 2869 2521 Domini,
2905 2454 2999 2524 qui
3051 2454 3121 2508 de
3168 2453 3444 2523 mysteriis
3503 2453 3555 2504 iu

1973 2556 2147 2611 forma
2203 2551 2544 2607 narrationis
2595 2549 2840 2613 dicitur,
2892 2545 3131 2602 svﬂiciat
3181 2545 3249 2598 ad
3284 2544 3556 2598 donorqu

1973 2646 2506 2713 sanctiﬁcationem,
2573 2643 2759 2697 nullus
2821 2654 3003 2708 neque
3072 2634 3391 2707 apostolus,
3456 2648 3560 2688 nec

1969 2739 2162 2794 doctor
2202 2736 2405 2791 dixisse
2438 2734 2707 2789 cernitur.
2745 2729 2852 2786 Sed
2886 2728 3030 2800 quod
3062 2728 3235 2783 semel
3262 2744 3291 2781 a
3323 2724 3558 2782 Dtuu-iuo

1970 2826 2171 2890 dictus,
2205 2839 2270 2879 eo
2299 2824 2422 2895 ipso
2450 2821 2598 2893 quod
2625 2821 2691 2874 ab
2722 2820 2817 2875 illo
2856 2819 3041 2875 dielus
3070 2821 3162 2882 sit,
3192 2818 3338 2873 sicut
3372 2817 3557 2888 epilcx

1973 2934 2196 2983 sermo,
2250 2931 2471 2987 semper
2515 2922 2801 2986 Operatur,
2850 2921 2909 2969 et
2960 2912 3099 2968 dicit
3140 2913 3307 2968 etiam
3366 2912 3560 2967 beatus

1971 3014 2237 3072 Joannes.
2268 3012 2429 3080 Quod
2461 3019 2648 3067 autem
2682 3023 2832 3064 nunc
2869 3008 3056 3064 dictus
3089 3022 3119 3061 a
3154 3005 3466 3072 sacerdote,
3494 3020 3561 3061 eo

1971 3109 2117 3181 quod
2141 3109 2210 3164 ab
2236 3108 2355 3179 ipso
2380 3106 2622 3170 dicatur,
2642 3103 2750 3159 hoc
2781 3102 2977 3174 possit,
3008 3101 3158 3156 nullo
3181 3116 3247 3156 ex
3281 3100 3401 3155 loco
3430 3099 3557 3155 sciri

1974 3211 2189 3274 potest;
2210 3196 2658 3272 quandoquidem
2687 3195 2921 3264 uecipse
2952 3208 3135 3249 sermo
3164 3190 3345 3262 opifex
3369 3206 3565 3261 opera.

1973 3303 2086 3358 tur.
2120 3294 2267 3365 quod
2296 3294 2350 3348 in
2383 3292 2930 3362 unoquoque'eorum
2956 3300 3082 3359 quae
3107 3285 3351 3352 ﬁuut,ab
3374 3285 3562 3353 aliquo

1966 3387 2192 3444 homine
2222 3387 2465 3451 dicatur,
2500 3384 2595 3441 sed
2625 3381 2768 3452 quod
2812 3380 2981 3437 semel
3020 3396 3050 3433 a
3097 3378 3208 3434 Deo
3242 3377 3424 3432 dictus
3459 3377 3555 3433 sit.

260 3487 659 3557 δημιουργικδς
686 3486 845 3555 λόγος
877 3489 1113 3558 ἐνεργεῖ,
1141 3488 1223 3543 ὅτι
1263 3489 1348 3569 ἐφ’
1384 3488 1634 3543 ἑκάστων
1659 3486 1978 3555 γενόμενος,
2023 3484 2131 3539 ὐπό
2170 3499 2314 3545 τινος
2346 3479 2639 3551 ἀνθρώπου
2683 3478 2928 3547 λέγεται,
2960 3475 3079 3529 ἀλλ’
3116 3475 3199 3528 ὅτι
3232 3474 3381 3527 ἐστὶν
3410 3472 3560 3540 ἅπαξ

271 3584 379 3636 ὐπὸ
413 3583 505 3637 τοῦ
537 3584 738 3653 Κυρίου
768 3585 1079 3657 εἰρημένος.

873 3678 1122 3736 ΚΕΦΑΑ.
1174 3681 1255 3736 Λ⁸.

293 3792 521 3858 Ὅτιίκαί
539 3793 612 3863 τῇ
634 3794 970 3862 Ἐκκλησία
988 3797 1264 3850 Λατίνων
1280 3794 1319 3864 ἢ
1343 3792 1557 3863 τελετὴ
1581 3790 1735 3846 κατὰ
1759 3789 1866 3850 τὸν

587 3867 777 3919 αὐτὸν
822 3864 969 3935 ἡμῖν
992 3866 1253 3920 τελεῖται
1286 3868 1539 3934 τρόπον.
1780 3875 1792 3887 ·

352 3958 423 4009 Ὀ
469 3957 523 4011 δὲ
575 3958 852 4023 παντελῶς
900 3959 1101 4024 αὐτοὺς
1146 3958 1514 4031 ἐπιστομίζει,
1559 3960 1641 4014 ὅτι
1692 3958 1787 4016 καὶ
1831 3960 1866 4028 ἡ

276 4050 529 4104 Λατίνων
566 4051 882 4121 Ἐκκλησία,
919 4053 1000 4117 είς
1031 4055 1098 4124 ἢν
1123 4054 1422 4123 ἀναφέρειν
1454 4052 1692 4121 δοκοῦσι,
1730 4054 1871 4125 μετὰ

270 4144 369 4197 τὸν
397 4144 493 4197 τοῦ
524 4146 730 4215 Κυρίου
768 4145 952 4212 λόγον,
983 4144 1242 4218 εὔχεσθαι
1277 4146 1419 4217 ὐπέρ
1447 4146 1557 4200 τῶν
1586 4146 1777 4218 δώρων
1807 4146 1869 4200 οὐ

273 4237 691 4309 παραιτοῦνται.
735 4238 1004 4294 Λανθάνει
1048 4239 1106 4294 δὲ
1150 4240 1371 4305 αὐτοὺς,
1420 4240 1504 4293 ὅτι
1551 4240 1654 4295 οὐκ
1707 4240 1872 4305 εὐθὺς

266 4331 418 4399 μετὰ
441 4332 531 4384 τὸν
556 4329 714 4399 λόγον
738 4332 1013 4402 εὔχονται,
1046 4330 1143 4385 καὶ
1169 4332 1253 4385 ὅτι
1284 4331 1345 4384 οὐ
1378 4332 1565 4401 σαφῶς
1595 4330 1871 4401 ἁγιασμδν

254 4425 578 4491 ναίτοῦνται,
598 4430 689 4480 καὶ
712 4424 1016 4497 μεταϐολὴν
1039 4427 1119 4488 είς
1137 4425 1500 4505 τδΚυριακδν
1523 4424 1686 4495 σῶμα
1705 4464 1720 4488 ,
1751 4403 1871 4478 ἀλλ’

270 4518 492 4587 ἑτέροις
515 4519 761 4589 χρῶνται.
776 4519 1005 4590 ὀνόμασι
1028 4517 1169 4589 πρὸς
1201 4506 1359 4571 τοῦτο
1393 4516 1642 4586 φέρουσι,
1674 4516 1771 4570 καὶ
1799 4515 1870 4569 τὰ

2578 3667 2734 3725 CAP.
2780 3666 2952 3723 XXX.

2041 3792 2197 3861 Quod
2227 3791 2390 3846 etiam
2425 3781 2826 3861 inLa'linorum
2867 3783 3106 3861 [Ecclesia
3173 3783 3355 3861 eodem
3387 3797 3490 3852 quo

2086 3866 2230 3934 apud
2262 3878 2355 3915 nos
2378 3858 2535 3913 modo
2562 3873 2770 3911 sacrum
2804 3854 3104 3909 celebratur
3124 3853 3455 3923 mysterium.

2043 3957 2201 4027 Quod
2243 3965 2425 4010 autem
2477 3967 2541 4005 os
2589 3949 2671 4005 eis
2720 3950 2949 4002 omnino
3001 3946 3263 4009 obstruit,
3298 3952 3387 4000 est
3414 3945 3561 4015 quod

1971 4055 2141 4110 etiam
2176 4048 2503 4106 Latinorum
2535 4042 2810 4110 Ecclesia,
2849 4043 2915 4095 ad
2950 4056 3113 4109 quam
3149 4054 3209 4095 se
3241 4038 3452 4094 referre
3478 4042 3561 4092 vi-

1972 4148 2195 4209 dentur,
2232 4149 2356 4212 post
2385 4139 2613 4194 verbum
2647 4135 2889 4196 Domini,
2935 4148 3037 4204 pro
3068 4132 3231 4188 donis
3260 4147 3422 4185 orare
3451 4146 3559 4186 non

1973 4244 2219 4294 recusat.
2262 4234 2311 4289 1i
2362 4241 2545 4286 autem
2584 4228 2712 4284 ideo
2742 4227 3032 4293 falluntur,
3061 4225 3207 4297 quod
3240 4223 3420 4279 Latini
3451 4236 3565 4280 non"

1972 4334 2159 4391 statim
2197 4338 2323 4401 post
2369 4326 2586 4382 Domini
2621 4324 2898 4395 prolatum
2934 4334 3246 4376 sermonem
3291 4326 3473 4383 orant,
3505 4326 3562 4373 et

1972 4425 2120 4497 quod
2165 4438 2275 4479 non
2308 4427 2503 4491 aperte
2544 4426 2740 4487 petunt
2793 4413 3287 4470 sanetilieationem
3331 4420 3386 4465 et
3440 4426 3562 4464 mu—

1970 4517 2233 4571 tationem
2272 4514 2325 4567 in
2359 4526 2564 4580 corpus
2616 4508 2987 4571 Dominicum,
3028 4505 3121 4559 sed
3173 4503 3298 4557 aliis
3331 4510 3561 4554 utuntur

266 4610 421 4662 αὐτὰ
444 4608 783 4678 δυναμένοις.
811 4608 905 4671 Τίς
932 4609 989 4662 δὲ
1014 4608 1147 4679 εὐχή
1172 4626 1186 4674 ;
1219 4625 1238 4659 ι
1260 4608 1541 4661 Κέλευσον
1567 4606 1859 4678 ἀνενεχθῆ-

1969 4607 2286 4664 nominibus
2312 4619 2377 4660 eo
2408 4602 2805 4663 ferentibus,ct
2831 4613 2953 4667 quae
2983 4594 3321 4648 tantumdem
3342 4593 3556 4647 valent.

266 4719 363 4756 ναι
390 4702 460 4755 τὰ
486 4701 632 4772 δῶρα
656 4700 833 4754 ταῦτα
865 4702 922 4754 ἐν
944 4702 1092 4772 χειρὶ
1122 4701 1386 4769 ἀγγέλου,
1422 4703 1500 4764 εἰς
1531 4700 1593 4754 τὸ
1623 4700 1864 4769 ὐπερου-

270 4792 475 4864 ράνιόν
498 4810 591 4846 σου
614 4792 1029 4864 Θυσιαστήριον.
1062 4812 1080 4845 ι
1114 4794 1440 4860 Λεγέτωσαν
1475 4792 1604 4863 γὰρ,
1629 4792 1683 4844 τί
1716 4794 1866 4845 ἐστιν

265 4885 413 4940 αὐτὸ
434 4885 559 4949 sint
596 4886 955 4955 ἀνενεχθῆναι
980 4886 1048 4940 τά
1074 4884 1223 4955 δῶρα
1247 4886 1452 4947 ταῦτας
1482 4904 1501 4937 ι
1532 4886 1603 4938 Ἢ
1637 4885 1746 4955 γὰρ
1780 4900 1867 4936 το-

264 4977 448 5047 πικὴν
474 4978 761 5046 μετάθεσιν
778 4975 1250 5047 αὐτοῖςξεύχονται,
1271 4977 1380 5031 ἀπὸ
1404 4978 1499 5046 τῆς
1519 4977 1622 5047 γῆς
1640 4975 1735 5030 καὶ
1755 4975 1864 5028 τῶν

265 5068 432 5121 κάτω
461 5067 642 5121 τόπων
676 5069 754 5131 είς
782 5066 877 5119 τὸν
915 5068 1169 5137 οὐρανὸν,
1202 5066 1233 5137 ἦ
1267 5068 1423 5133 ἀξίαν
1456 5069 1604 5132 τινὰ,
1638 5069 1735 5120 καὶ
1763 5065 1865 5137 τὴν

265 5161 391 5214 ἀπὸ
414 5159 522 5213 τῶν
549 5160 952 5231 ταπεινοτέρων
976 5161 1069 5214 ἐπὶ
1100 5160 1169 5214 τὰ
1201 5160 1514 5233 ὑψηλότερα
1536 5157 1862 5229 μεταϐολήν.

266 5251 427 5308 Ἀλλ’
450 5249 499 5305 ει
531 5252 629 5320 μὲν
653 5253 715 5307 τδ
746 5253 1037 5323 πρότερον,
1062 5253 1117 5307 τί
1153 5254 1349 5322 ὄφελος
1370 5253 1581 5325 ταύτης
1602 5254 1742 5325 ἡμῖν
1764 5253 1864 5324 τῆς

266 5347 451 5416 εὐχῆς
474 5343 569 5415 ἀφ’
592 5345 753 5417 ἡμῶν
768 5344 1008 5417 ἀρθῆναι
1038 5347 1107 5400 τὰ
1132 5345 1287 5416 ἅγια,
1310 5346 1350 5401 ἃ
1383 5348 1512 5419 παρ’
1532 5347 1676 5416 ἡμῖν
1699 5342 1863 5412 εῖναι,

266 5440 377 5493 καὶ
398 5440 455 5493 ἐν
489 5439 621 5509 ἡμῖν
649 5437 859 5507 μένειν,
885 5436 980 5492 καὶ
1014 5437 1290 5509 εὐχόμεθα
1348 5439 1446 5493 καὶ
1495 5437 1864 5510 πιστεύομεν,

264 5531 350 5595 ὡς
387 5531 545 5585 τοῦτο
566 5529 630 5584 ὃν
662 5530 725 5584 τὸ
758 5526 902 5586 εἶναι
931 5530 1023 5585 τὸν
1069 5532 1309 5602 Χριστὸν
1359 5529 1481 5603 μεθ’
1519 5530 1705 5603 ἡμῶν,
1754 5530 1866 5595 ἓως

262 5623 382 5693 τῆς
416 5623 734 5688 συντελείας
767 5625 864 5678 τοῦ
912 5624 1150 5690 αἱῶνος;
1202 5624 1338 5689 -Πῶς
1376 5625 1434 5679 δὲ
1473 5625 1534 5678 οὐ
1574 5623 1866 5678 πιστεύου-

271 5732 393 5781 σιν,
416 5715 465 5767 εί
495 5714 660 5786 σῶμα
688 5714 929 5787 Χριστοῦ
961 5714 1124 5769 τοῦτο
1156 5716 1586 5786 γιγνώσκουσιν,
1649 5717 1733 5770 ὅτι
1763 5717 1864 5770 καὶ

270 5810 336 5861 ἐν
369 5809 509 5877 ἡμῖν
538 5811 679 5875 ἐστι,
712 5809 807 5862 καὶ
833 5807 1232 5879 ὐπερουράνιόν
1273 5813 1413 5875 ἐστι,
1470 5813 1561 5864 καὶ
1596 5812 1655 5864 ἐν
1711 5810 1867 5881 δοξιᾷ

256 5901 376 5955 ταῦ
405 5903 623 5974 Ματρὸς
651 5902 889 5975 κάθηται
919 5944 936 5972 ,
962 5905 1164 5976 τρόπον
1201 5904 1261 5958 ὃν
1282 5901 1438 5960 -οἷδεν
1495 5904 1653 5972 αὐτός
1689 5921 1703 5974 ;
1739 5904 1864 5970 Πῶς

1970 4701 2103 4767 Quae
2140 4706 2225 4754 est
2266 4704 2449 4752 autem
2483 4692 2713 4748 oratio?
2749 4710 2766 4742 ι
2809 4689 2950 4744 .lube
2983 4701 3209 4742 sursum
3238 4682 3373 4738 ferri
3412 4682 3557 4737 dona

1969 4791 2087 4847 lmc
2109 4791 2161 4843 in
2187 4802 2353 4843 manu
2384 4784 2561 4854 angeli
2595 4785 2662 4837 ad
2687 4779 3084 4852 Supercmleste
3109 4775 3494 4830 tumin-altare.
3534 4794 3554 4827 ι

1968 4884 2164 4940 Dieant
2186 4882 2357 4947 enim,
2383 4878 2513 4950 quid
2543 4877 2645 4932 hoc
2664 4883 2769 4938 est,
2798 4892 2815 4925 ι
2839 4872 3071 4927 Sursum
3098 4871 3241 4927 dona
3266 4869 3467 4925 deferri
3489 4870 3512 4924 ?
3533 4890 3552 4922 ι

1968 4974 2066 5031 Vel
2086 4974 2229 5030 enim
2249 4972 2479 5027 localem
2504 4966 3025 5024 eistranslationem
3046 4972 3344 5035 precantur
3359 4979 3388 5017 a
3413 4974 3557 5018 terra

1967 5077 2023 5125 et
2060 5063 2583 5122 inferioribuslocis
2612 5064 2663 5116 in
2690 5060 2915 5126 uelum,
2950 5058 3035 5112 vel
3068 5059 3289 5127 dignam
3319 5057 3555 5127 aliquam

1967 5170 2023 5215 et
2062 5158 2130 5215 ab
2177 5157 2566 5211 humilioribus
2610 5155 2676 5209 ad
2722 5152 2915 5208 altiora
2950 5153 3339 5207 mutationem.
3372 5149 3476 5203 Sed
3511 5148 3557 5202 si

1968 5249 2206 5322 primum
2232 5249 2488 5319 quidem,
2512 5248 2644 5317 quid
2677 5248 2777 5301 hac
2812 5245 2979 5301 nobis
3019 5246 3276 5301 oratione
3300 5256 3441 5311 opus
3469 5246 3558 5293 est

1968 5351 2030 5399 ut
2080 5360 2110 5398 a
2165 5343 2321 5398 nobis
2360 5344 2625 5399 tollantur
2652 5348 2865 5404 sancta,
2897 5354 3021 5409 qua:
3057 5336 3200 5405 apud
3254 5349 3355 5387 nos
3410 5347 3558 5399 esse,

1967 5446 2025 5493 et
2048 5438 2113 5492 in
2150 5436 2312 5493 nobis
2343 5449 2567 5491 manere
2608 5441 2664 5488 et
2711 5446 2932 5486 oramus
2960 5440 3014 5485 et
3070 5426 3346 5484 credimus
3384 5463 3398 5487 ,
3434 5431 3560 5477 tan-

1968 5545 2133 5600 quam
2168 5530 2272 5584 hoe
2318 5529 2410 5595 sit,
2446 5542 2567 5583 esse
2618 5526 2899 5581 Christum
2942 5521 3227 5576 nobiscum
3274 5531 3449 5585 usque
3488 5514 3555 5567 ad

1969 5622 2501 5677 consummationem
2571 5617 2794 5673 saeculi?
2850 5611 3137 5681 Quomodo
3204 5614 3388 5663 autem
3446 5620 3555 5660 non

1971 5716 2224 5783 credunt,
2251 5715 2296 5769 si
2320 5714 2423 5769 hoc
2454 5712 2657 5767 Christi
2690 5723 2890 5779 corpus
2921 5710 3263 5776 cognoscunt
3284 5741 3298 5766 ,
3323 5699 3468 5769 quod
3504 5707 3559 5752 et

1970 5809 2025 5863 in
2064 5808 2222 5862 nobis
2255 5815 2359 5871 est,
2396 5818 2451 5861 et
2483 5817 2569 5860 est
2618 5798 3037 5871 superroaleste,
3066 5804 3121 5850 et
3150 5795 3306 5849 sedet
3331 5792 3395 5847 ad
3430 5791 3561 5847 dex—

1973 5914 2143 5959 tcratn
2176 5901 2379 5969 Patris,
2408 5916 2514 5970 quo
2551 5898 2666 5970 ipse
2720 5886 3426 5957 novit-niodo?.Quomodo
3456 5901 3558 5941 auc
