4030 6476
338 387 443 451 437

1535 394 1927 458 LITURGLE
1967 395 2397 458 EXPOSITIO.

3486 388 3623 456 4331

338 501 418 568 τῷ
459 499 840 571 ὕπερονρανίῳ
862 499 1214 570 ἀνατεθῆναι.
1256 503 1354 558 Διά
1385 505 1546 558 τοῦτο
1597 508 1648 560 εἴ
1699 526 1750 560 τι.
1809 509 1914 562 τῶν

2032 523 2148 562 cum
2181 507 2400 576 aliquod
2438 505 2634 566 horum
2659 503 2827 558 trium
2859 502 3156 572 receperis,
3183 517 3328 568 ores,
3382 503 3597 559 univer-

342 591 513 662 τριῶν
549 590 843 644 ἀπολαϐὼν
871 591 1078 659 εὔξαιο,
1109 596 1167 648 τὸ
1199 597 1306 649 πᾶν
1330 597 1501 668 ηὔξω,
1555 599 1616 652 τὸ
1651 600 1921 670 ζητούμε-

345 698 434 735 νον
463 681 630 752 ἔχεις,
667 683 765 753 τὴν
796 682 986 738 θυσίαν
1017 687 1292 756 ἐτέλεσας.
1351 692 1415 742 Οί
1476 692 1575 760 μὲν
1627 694 1735 762 γάρ
1789 696 1920 762 παρ’

355 777 481 845 ὑμῖν
504 777 694 846 ἱερεῖς,
719 777 791 836 ὡς
830 779 1025 848 ίερεῖον
1057 780 1148 831 τὸν
1187 782 1424 848 Χριστὸν
1462 784 1772 853 βλέποντες,
1808 788 1922 849 τοῖς

358 867 539 936 δώροις
562 869 818 939 εὖχονται
855 870 952 939 τὴν
984 876 1038 924 ἐν
1057 876 1250 946 ἐκείνῳ
1287 874 1457 940 θέσιν,
1487 879 1696 948 ῥήμασι
1730 879 1922 948 διαφό-

359 977 467 1028 ροις
494 964 585 1014 καὶ
611 963 808 1030 λόγοις,
836 963 892 1014 ἒν
925 968 1019 1018 καὶ
1049 966 1108 1016 τὸ
1146 967 1276 1019 αὐτὸ
1328 969 1564 1037 πρᾶγμα
1605 970 1917 1040 εὐχόμενοι.

354 1050 553 1105 Τούτου
579 1051 761 1123 χάριν,
800 1055 848 1106 οἱ
873 1054 1000 1124 παρ’
1031 1057 1160 1124 ἡμῖν
1227 1058 1419 1126 ἱερεῖς,
1454 1060 1595 1128 μετὰ
1640 1061 1700 1112 τὸ
1761 1061 1924 1126 εὔξα-

352 1141 476 1194 σθαι
507 1145 616 1205 τοῖς
641 1145 835 1214 δώροις
855 1145 950 1218 τὴν
979 1150 1061 1221 εἰς
1096 1148 1153 1200 τὸ
1179 1147 1320 1200 θεῖον
1352 1149 1512 1220 σῶμα
1538 1153 1630 1204 καὶ
1662 1147 1800 1222 αἷμα
1825 1172 1922 1223 ρε-

343 1232 603 1299 τασολὴν,
637 1237 972 1305 μνησθέντες
1007 1238 1100 1292 τοῦ
1155 1239 1560 1310 ὕπερουρανίου
1626 1243 1923 1316 θυσιαστη-

256 1391 260 1394 ι
347 1323 494 1394 ρίου,
519 1327 617 1378 οὐκ
640 1328 718 1380 ἔτι
739 1328 988 1399 εὔχονται
1015 1333 1095 1394 εἰς
1115 1333 1245 1387 αὐτὸ
1275 1335 1630 1404 ἀνενεχθῆναι
1654 1337 1722 1389 τὰ
1749 1339 1919 1409 δῶραο

341 1417 468 1468 ἀλλ’
493 1417 565 1481 ὡς
594 1420 694 1489 ἥδη
727 1423 1126 1491 ἀνενεχθέντων
1179 1427 1294 1477 ἐκεῖ
1336 1427 1430 1478 καὶ
1480 1428 1924 1498 προσδεχθέντων

344 1507 605 1579 εὔχονται
632 1515 1097 1583 καταπεμφθῆναι
1149 1520 1280 1588 ἡμῖν
1321 1519 1417 1587 τὴν
1469 1520 1633 1591 χάριν
1685 1525 1778 1576 καὶ
1825 1525 1924 1593 τὴν

341 1600 563 1670 δωρεὰν
611 1603 701 1655 τοῦ
759 1605 915 1672 ἁγίου
980 1607 1319 1676 Πνεύματος.
1371 1610 1718 1682 ιΕὺξώμεθα
1791 1614 1920 1686 γὰρ,

346 1691 510 1759 φησι,
544 1693 768 1746 ἐπὶτῶν
789 1697 1163 1762 ᾀγιασθέντων
1192 1700 1400 1769 δώρων.
1436 1720 1456 1754 ι
1494 1703 1613 1766 ’Ἰνα
1649 1705 1921 1776 ἁγιασθῇ;

346 1783 617 1855 Οὐδαμῶς
640 1803 654 1817 ·
685 1788 944 1855 ἡγίασται
972 1791 1077 1862 γάρ
1101 1808 1114 1821 ⁸
1167 1792 1282 1845 ἀλλ’
1324 1794 1414 1846 ἵνα
1446 1797 1744 1864 ἁγιαστικά
1788 1799 1922 1866 ἡμῖν

347 1875 622 1944 γένωνται
648 1893 660 1907 ·
689 1878 773 1932 ἵνα
804 1882 830 1932 ὁ
866 1881 1100 1948 ἁγιάσας
1132 1884 1304 1951 αὑτὰς
1354 1887 1488 1950 Θεὸς
1525 1889 1618 1940 καὶ
1657 1889 1803 1958 ἡμᾶς
1855 1889 1920 1941 δι’

344 1968 535 2020 αὐτῶν
586 1969 808 2041 ἁγιάσῃ.
849 1973 1088 2046 Φανερὺν
1144 1975 1342 2042 τοίνυν,
1398 1978 1482 2031 ὅτι
1519 1980 1581 2031 τὸ
1633 1981 1924 2051 ἀτιμάζειν

348 2061 453 2129 τὴν
485 2062 625 2130 ὑπὲρ
669 2063 777 2117 τῶν
820 2065 1008 2137 δώρων
1039 2069 1204 2139 εὐχὴν
1261 2071 1398 2141 μετᾷ
1438 2073 1528 2126 τὸν
1573 2073 1666 2125 τοῦ
1719 2076 1922 2144 Κυρίου

348 2155 531 2223 λόγον,
602 2157 721 2210 οὐδὲ
782 2159 877 2229 τῆς
933 2159 1042 2214 τῶν
1094 2163 1341 2216 Λατίνων
1393 2164 1732 2235 Ἐκκλησίας,
1779 2168 1924 2226 ἐστὶν

349 2249 560 2315 ἁπλῶς,
588 2249 704 2302 ἀλλ’
735 2251 889 2303 ἐνίων
919 2253 1115 2320 ὀλίγων
1144 2255 1238 2307 καὶ
1278 2257 1579 2326 νεωτέρων,
1616 2257 1666 2310 οἳ
1717 2260 1811 2310 καὶ
1857 2259 1926 2312 τὰ

352 2341 491 2394 ἄλλα
517 2342 690 2410 αὐτὴν
737 2343 1076 2414 ἐλυμήναντο
1104 2362 1117 2376 ο
1165 2347 1243 2408 εἰς
1287 2347 1440 2421 οὐδέν
1481 2347 1669 2419 ἕτερον
1740 2351 1928 2411 εὐκαι-

357 2432 840 2503 ροῦντεςῆλέγειν
894 2453 947 2488 τι
1009 2437 1101 2488 καὶ
1141 2436 1364 2491 ἀκούειν
1419 2439 1760 2509 καινότερον.
1817 2442 1928 2495 Καὶ

349 2524 528 2578 ταῦτα
556 2525 654 2593 μὲν
697 2528 824 2598 περὶ
858 2527 956 2593 τῆς
984 2528 1176 2599 εὐχῆς.

937 2640 1186 2696 ΚΕΦΑΛ.
1213 2639 1337 2696 ΛΑ’.

359 2730 528 2796 Τίνος
556 2729 732 2807 χάριν
753 2731 946 2807 ἱερεὺς
971 2735 1063 2807 εἰς
1087 2732 1198 2807 dri
1223 2734 1521 2805 ἀγιασμὸν
1553 2735 1672 2790 τῶν
1700 2736 1922 2807 δώρων,

529 2804 599 2855 οὺ
629 2801 736 2854 τὸν
770 2801 924 2867 Υἱὸν,
951 2805 1113 2858 ἀλλὰ
1141 2804 1247 2858 τὸν
1271 2801 1515 2873 ’Πατέρα
1542 2808 1749 2874 καλεῖ;
1777 2801 1792 2806 ’
1899 2803 1906 2808 ’

438 2892 599 2945 Ἀλλὰ
633 2894 776 2957 τίνος
807 2894 966 2964 χάριν
996 2895 1056 2948 οὐ
1096 2895 1188 2949 τὸν
1215 2896 1344 2952 Υἱὸν
1378 2897 1470 2951 ἐπὶ
1501 2897 1563 2950 τδ
1597 2899 1824 2965 ἁγιάσαι
1860 2897 1929 2953 τὰ

350 2985 505 3054 δῶρα
564 2987 590 3037 ὀ
649 2987 825 3056 ἱερεὺς
881 2988 1058 3051 καλεῖ,
1097 2988 1250 3058 ἱερέα
1296 2989 1425 3043 ὄντα
1459 2994 1550 3047 καὶ
1596 2990 1925 3060 ἀγιάζοντα,

351 3080 608 3148 καθάπερ
637 3080 853 3150 εἴρηται
885 3119 900 3141 ,
953 3081 1090 3140 ἀλλά
1144 3081 1234 3134 τὸν
1278 3083 1500 3155 Πατέρα
1537 3100 1552 3150 ;
1588 3083 1705 3138 Ἵνα
1746 3084 1930 3156 μάθῃς

2025 615 2144 653 sum
2174 613 2320 660 oras,
2349 599 2520 652 habes
2552 597 2695 667 quod
2725 595 2885 666 petis,
2928 593 3212 664 perfecisti
3246 587 3596 650 sacriﬁcium.

2025 691 2203 746 Vestri
2235 690 2456 760 quidem
2508 689 2824 744 sacerdotes
2875 687 3401 756 tanquamJtostiam
3438 685 3620 746 (Ἀπί--

2024 787 2166 834 stum
2203 778 2548 847 aSpicientes,
2607 786 2767 831 orant
2801 777 2868 831 ut"
2891 777 3030 830 dona
3054 775 3273 830 ιιι-1110
3304 786 3609 844 ponantur,-

2025 870 2205 924 verbis
2258 868 2490 926 diversis
2548 879 2600 923 et
2652 867 2999 922 sermonibus
3037 877 3198 924 unam
3262 877 3316 920 et
3349 868 3594 930 eamdem

2025 977 2139 1016 rem
2185 970 2426 1017 orantes.
2473 959 2538 1016 Et
2570 961 2689 1015 ideo
2719 961 2891 1015 nostri
2917 961 3252 1026 sacerdotes,
3303 969 3590 1030 postquam

2024 1053 2300 1107 oraverint
2334 1061 2392 1108 ut
2420 1054 2562 1106 dona
2596 1053 2650 1105 in
2684 1051 2927 1106 divinum
2962 1062 3164 1122 corpus
3194 1059 3249 1106 et
3272 1052 3596 1120 sanguinem

2026 1152 2324 1204 mutentur.
2359 1145 2709 1206 recordantes
2758 1145 3180 1213 stipercmlestis‘
3217 1146 3429 1211 altaris,
3489 1161 3596 1202 non

2025 1236 2259 1305 amplius
2291 1248 2450 1312 orant
2482 1246 2539 1290 ut
2567 1238 2709 1292 dona
2731 1237 2800 1292 ad
2828 1239 3005 1306 ipsum
3059 1250 3283 1294 sursum
3326 1236 3594 1305 ferantur,

2025 1331 2118 1384 sed
2173 1342 2432 1401 tanquam
2493 1331 2558 1386 iis
2608 1332 2719 1400 jam
2772 1344 2992 1384 sursum
3053 1331 3176 1384 latis
3211 1340 3271 1385 et
3303 1331 3598 1398 susceptis,

2025 1429 2185 1474 orant
2232 1431 2290 1478 ut
2320 1422 2480 1478 nobis
2530 1421 2837 1484 dimittatur
2869 1422 3043 1491 gratia
3079 1433 3131 1477 et
3194 1424 3395 1480 donum
3428 1423 3601 1478 sancti

2028 1511 2285 1580 Spiritus.
2323 1531 2342 1566 ι
2373 1513 2626 1580 Oremus,
2652 1515 2848 1583 inquit,
2879 1530 2974 1582 pro
2992 1515 3543 1578 sanctiﬁcatis'donis.
3575 1534 3596 1565 ι

2023 1603 2097 1685 _Ut
2123 1603 2568 1661 sanctiﬁcentur‘l
2598 1605 2843 1685 Minime.
2870 1607 3009 1666 Sunt
3037 1608 3179 1672 enim
3237 1605 3600 1667 sanctiﬁcata,

2027 1682 2120 1753 Sed
2165 1707 2225 1754 ut
2253 1713 2354 1754 nos
2380 1682 2740 1766 sanctilicent,
2787 1707 2846 1754 ut
2899 1698 3041 1754 Deus
3071 1699 3165 1768 qui
3194 1714 3258 1756 ea
3293 1699 3602 1756 sanctiﬁca-

2030 1789 2124 1852 vit,
2162 1805 2259 1844 nos
2286 1805 2502 1860 qttoque
2528 1805 2622 1864 per
2643 1804 2708 1846 ea
2745 1790 3066 1846 sanctiﬁcat.
3095 1789 3315 1850 Clarum
3332 1799 3416 1843 est
3445 1803 3602 1857 ergo,

2027 1881 2170 1950 quod
2202 1894 2553 1937 contemnere
2584 1883 2885 1938 orationem
2916 1897 3014 1951 pro
3053 1881 3213 1936 donis
3237 1890 3359 1950 post
3392 1895 3604 1936 sermo-

2033 1989 2154 2026 nem
2203 1972 2444 2038 Domini,
2475 1989 2547 2030 ne
2591 1971 2913 2030 Latinorum
2967 1974 3189 2042 quidem
3245 1971 3472 2030 omnino
3521 1981 3606 2026 est

2032 2063 2314 2130 Ecclesiae,
2348 2064 2442 2119 sed
2476 2078 2776 2134 paucorqu
2830 2063 3194 2134 quorumdam
3228 2072 3282 2118 et
3333 2062 3604 2117 recentio-

2029 2172 2172 2224 rum,
2201 2158 2296 2228 qui
2326 2157 2376 2213 ei
2413 2172 2633 2228 quoque
2677 2157 2731 2214 in
2763 2157 2884 2214 aliis
2916 2157 3301 2222 detrimentum
3341 2153 3600 2220 alIerunt,

2029 2257 2091 2304 ut
2140 2249 2232 2320 qui
2291 2250 2359 2304 ad
2411 2247 2546 2304 nihil
2593 2248 2738 2302 aliud
2793 2264 2854 2303 se
2905 2256 3014 2301 tatu
3053 2254 3358 2316 opportune
3383 2253 3602 2313 gerunt,

2028 2355 2193 2410 quam
2227 2340 2293 2395 ad
2325 2342 2529 2411 aliquid
2584 2355 2785 2396 novum
2839 2340 3128 2394 dicendum
3154 2347 3207 2392 et
3246 2335 3601 2398 audiendum.

2027 2431 2094 2486 Et
2119 2434 2230 2487 hac
2263 2434 2481 2503 quidem
2515 2434 2580 2488 de
2620 2432 2888 2490 oratione.

2631 2639 2787 2696 CAP.
2828 2638 3020 2694 XXXI.

2031 2734 2281 2801 Quanam
2301 2736 2365 2789 de
2387 2751 2553 2789 causa
2579 2733 2824 2788 sacerdos
2843 2734 2912 2786 ad
2934 2733 3198 2786 donarunt
3222 2729 3609 2798 sanctiﬁcatio-

2243 2822 2357 2860 nem
2394 2823 2494 2860 nou
2521 2803 2744 2872 Filium,
2773 2804 2864 2858 sed
2897 2802 3112 2858 Putrem
3144 2804 3349 2856 invocat
3372 2801 3398 2853 .9

2104 2896 2211 2952 Sed
2244 2912 2478 2966 quanam
2513 2897 2578 2950 de
2631 2910 2796 2950 causa
2826 2909 2937 2948 non
2965 2892 3158 2948 Filium
3191 2890 3255 2966 ad
3292 2890 3433 2945 dona
3479 2903 3612 2944 sau-

2032 2990 2324 3046 ctilicanda
2352 2999 2513 3046 vocat
2549 2989 2822 3055 sacerdos,
2863 3002 2986 3050 cum
3028 2987 3076 3042 is
3116 2988 3185 3039 sit
3245 2992 3298 3039 et
3325 2981 3607 3047 sacerdos,

2031 3093 2083 3138 et
2121 3083 2448 3146 sanctiticet,
2512 3083 2654 3138 sicut
2699 3082 2906 3137 dictum
2937 3088 3038 3143 est,
3073 3076 3166 3134 sed
3233 3075 3499 3132 Patrem?
3542 3073 3611 3128 Ut

350 3175 517 3228 ὅτιτὸ
553 3175 800 3241 ἀγιάζειν
835 3177 859 3228 ὁ
892 3175 1113 3246 Σωτὴρ,
1162 3176 1260 3246 οὐχ
1314 3175 1390 3244 ὡς
1445 3175 1728 3247 ἄνθρωπος
1787 3176 1924 3248 ἔχει,

2034 3175 2176 3233 scias
2209 3175 2354 3245 quod
2399 3173 2658 3233 Servatur
2709 3174 2876 3229 habet
2926 3171 3080 3238 illud,
3133 3184 3330 3238 nempe
3367 3166 3612 3236 sanctiﬁ-

355 3267 473 3320 ἀλλ’
500 3267 572 3330 ὡς
603 3267 733 3330 Θεός
762 3285 774 3295 ·
834 3269 925 3320 καὶ
967 3267 1054 3319 διὰ
1084 3267 1182 3336 τὴν
1212 3266 1448 3338 δύναμιν
1479 3267 1576 3339 τὴν
1633 3267 1807 3336 θείαν,
1859 3268 1926 3341 ἣν

2033 3284 2184 3337 care,
2213 3284 2325 3324 non
2355 3279 2414 3324 ut
2439 3269 2629 3332 homo,
2683 3267 2777 3324 sed
2809 3275 2867 3322 ut
2905 3265 3066 3330 Deus,
3099 3278 3194 3334 per
3231 3261 3470 3317 divinam
3512 3273 3612 3330 po-

351 3360 538 3428 κίιινὴν
564 3360 822 3428 κέκτηται
855 3362 992 3428 μετά
1023 3358 1116 3418 τοῦ
1148 3359 1380 3429 Πατρός.

2035 3361 2284 3426 tentiam,
2316 3377 2479 3426 quam
2513 3360 2678 3416 habet
2709 3374 3059 3417 communem
3101 3371 3226 3412 cum
3263 3353 3440 3408 Patre.

428 3453 597 3504 Τοῦτο
628 3452 721 3504 καὶ
751 3451 912 3524 αὐτὸς
956 3452 984 3504 ὁ
1029 3451 1233 3522 Κύριος
1286 3451 1525 3522 δηλῶσαι
1581 3452 1926 3523 βουλόμενος,

2100 3449 2216 3507 Hoc
2267 3453 2444 3523 ipsum
2489 3451 2654 3506 etiam
2702 3452 2894 3506 volens
2958 3448 3224 3504 Dominus
3278 3443 3610 3516 signiﬁcare,

353 3547 445 3597 ὅτε
482 3544 650 3595 ἐτέλει
687 3542 749 3595 τὸ
801 3545 1123 3614 μυστήριον,
1179 3545 1257 3606 είς
1293 3543 1383 3596 τὸν
1419 3545 1653 3615 οὐρανὸν
1708 3545 1928 3606 ἔϐλεπε,

360 3641 454 3690 καὶ
489 3637 560 3705 τῷ
598 3637 770 3706 [largi
798 3636 1109 3687 ἀνεδείκνυε
1142 3635 1231 3688 τὸν
1263 3635 1448 3706 ἄρτον.
1479 3636 1578 3687 Διὰ
1620 3635 1778 3688 τοῦτο
1835 3635 1930 3688 καὶ

365 3732 480 3781 Evt:
504 3730 607 3781 τῶν
639 3729 934 3798 θαυμάτων
963 3726 1103 3781 οὕτω
1138 3728 1388 3795 φαίνεται
1442 3728 1632 3794 ποιῶν,
1699 3731 1758 3781 έν
1805 3728 1932 3799 σχή-

373 3839 497 3892 ματι
524 3823 618 3890 τῆς
645 3821 780 3893 πρὸς
811 3823 901 3874 τον
952 3820 1082 3872 Θεὸν
1114 3821 1301 3889 εὐχῆς,
1335 3819 1422 3874 ἵνα
1458 3818 1604 3891 δείξῃ
1632 3820 1706 3884 ὡς
1735 3820 1796 3873 οὗ
1830 3817 1932 3890 φύ⁶

364 3933 500 3977 σεως
530 3901 873 3985 ἀνθρωπίνης
899 3915 1017 3967 ἐστὶ
1039 3914 1103 3965 τὰ
1137 3912 1384 3975 τοιαῦτα,
1413 3913 1532 3966 καθ’
1588 3915 1654 3984 ἣν
1701 3914 1932 3984 Μητέρα

358 4004 514 4072 ἔτχεν
585 4005 674 4056 ἐπὶ
733 4005 830 4074 τῆς
880 4004 984 4074 γῆς
1011 4020 1025 4035 ο
1067 4002 1203 4057 ἀλλά
1241 4005 1340 4074 τῆς
1383 4005 1578 4058 ἑαυτοῦ
1629 4006 1928 4076 θειότητος,

359 4097 481 4150 καθ’
510 4098 574 4168 ἢν
599 4098 687 4149 τὸν
722 4097 854 4148 Θεὸν
884 4096 1006 4164 ἔσχε
1039 4096 1278 4166 Πατέρα.
1329 4096 1440 4149 Καὶ
1487 4096 1576 4149 ὅτε
1624 4097 1680 4149 δὲ
1738 4097 1932 4167 ἔμελλε

355 4191 447 4240 ἐπ.
480 4188 569 4240 τὸν
627 4187 860 4256 σταυρὸν
909 4185 1247 4250 ἀναϐαίνειν,
1314 4184 1636 4256 βουλόμενος
1690 4189 1933 4258 σημᾶναι

355 4283 454 4343 τὰς
492 4281 583 4332 δύο
609 4280 857 4350 θελήσεις
900 4276 1205 4347 αὐτοῦ,τὴν
1237 4276 1387 4330 θείαν
1439 4279 1530 4331 καὶ
1572 4280 1671 4346 τὴν
1726 4280 1935 4352 ἀνορω-

358 4377 542 4443 πίνην,
604 4374 698 4443 τὴν
756 4371 854 4441 μὲν
911 4371 1132 4438 θέλησιν
1158 4371 1256 4439 τῆς
1283 4369 1503 4422 ιὲαυτοῦ
1548 4369 1822 4441 θειότητος
1856 4369 1932 4440 τῷ

357 4469 533 4535 Πατρί
569 4463 818 4525 ἀνετίθει,
870 4462 967 4534 τὴν
1036 4463 1092 4515 δὲ
1139 4461 1358 4532 θέλησιν
1385 4462 1482 4531 τῆς
1509 4460 1933 4533 ἀνθρωπότητος

357 4558 557 4613 ἑαυτοῦ
607 4557 822 4625 θέλησιν
854 4555 1042 4622 ἔλεγεν
1075 4551 1214 4608 εἶναι.
1251 4570 1266 4585 °

360 4652 544 4721 φησιν,
573 4649 685 4700 ἀλλ’
707 4649 776 4709 ὡς
801 4646 886 4700 σύ·
903 4666 921 4699 ι
954 4647 1100 4711 καὶ,‹
1127 4645 1219 4716 Μὴ
1251 4645 1309 4698 τὸ
1328 4645 1540 4716 θέλημά
1562 4663 1686 4714 μου,
1712 4646 1849 4702 ἀλλὰ
1874 4647 1934 4701 τὸ

360 4747 453 4795 σον
484 4741 737 4809 γενέσθαι.
770 4759 787 4791 ι
820 4740 941 4792 Ὀτι
966 4740 1074 4809 γὰρ
1106 4740 1198 4793 καὶ
1225 4739 1386 4796 αὐτὸς
1413 4739 1619 4811 ταύτην
1650 4740 1806 4810 ἤθελε
1833 4741 1934 4810 τὴν

360 4837 603 4902 θέλησιν,
636 4832 700 4902 ἦν
740 4830 1065 4902 ἁπεπλὴρου
1092 4829 1168 4900 τῷ
1195 4830 1397 4901 Πατρὶ,
1429 4831 1587 4898 δῆλος
1619 4827 1685 4902 ἦν
1717 4833 1809 4885 καὶ
1839 4832 1934 4885 ἀπ’

358 4927 538 4980 αὐτῶν
567 4924 766 4977 τούτων
789 4924 899 4975 τῶν
924 4922 1208 4994 ῥημάτων,
1263 4925 1320 4975 ἐν
1369 4919 1451 4986 οἷς
1502 4923 1652 4976 δοκεῖ
1703 4926 1935 4994 διαιρεῖν

355 5017 668 5088 τὴνὲαυτοῦ
705 5016 927 5085 θέλησιν
977 5018 1074 5086 τῆς
1106 5014 1382 5083 θελήσεως
1424 5014 1520 5068 τοῦ
1576 5017 1812 5089 Πατρός.
1861 5017 1935 5070 Τὸ

353 5113 468 5181 γάρ
491 5127 506 5142 ο
545 5129 562 5161 ι
603 5111 692 5182 Μὴ
726 5108 786 5162 τὺ
810 5108 1019 5178 θέλημά
1045 5126 1171 5177 μου,
1213 5107 1350 5162 ἀλλὰ
1373 5108 1432 5160 τὸ
1467 5108 1558 5161 σὺν
1609 5109 1875 5177 γενέσθω,
1909 5128 1928 5161 ι

355 5204 740 5274 συντιθεμένου
782 5198 850 5273 ἦν
875 5204 968 5255 καὶ
1003 5201 1073 5253 τά
1109 5199 1252 5253 αὐτὰ
1285 5199 1642 5270 βουλομένου.
1671 5201 1842 5271 Δῆλος
1877 5201 1934 5256 δὲ

351 5295 444 5368 ἦν,
479 5299 568 5350 ὅτε.
602 5296 842 5366 ἐπετίμα
869 5295 949 5366 τῷ
981 5296 1171 5366 Πέτρῳ
1206 5293 1569 5364 ἀπευχομένῳ
1625 5293 1715 5346 τὸν
1773 5311 1936 5348 σταυ-

361 5393 452 5461 ρὸν
480 5389 647 5444 αὐτοῦ
683 5390 774 5442 καὶ
809 5388 898 5441 τὶν
939 5387 1172 5441 θάνατον
1203 5402 1216 5416 ·
1247 5388 1341 5440 καὶ
1371 5386 1451 5438 ἔτι
1487 5389 1545 5439 ἐν
1596 5383 1674 5450 οἷς
1706 5387 1895 5457 ἔλεγεν
1915 5405 1930 5420 ·

363 5507 382 5537 ι
433 5485 731 5556 Ἐπιθυμίᾳ.
762 5483 1085 5554 ἐπεθύμησα
1155 5483 1318 5537 τοῦτο
1376 5483 1438 5536 τὸ
1489 5483 1675 5555 πάσχα
1736 5489 1934 5554 φαγεῖν

358 5578 478 5649 μεθ’
507 5576 686 5647 ὑμῶν,
724 5575 830 5645 πρὸ
858 5575 954 5629 τοῦ
992 5593 1058 5647 με
1089 5575 1305 5628 παθεῖν.
1336 5593 1355 5626 ι
1403 5575 1508 5628 Τοῦ
1552 5576 1689 5645 πρὸς
1728 5576 1802 5647 τῷ
1836 5579 1936 5631 πά-

354 5671 437 5723 θει
462 5670 669 5738 πάσχα,
704 5669 890 5736 φησιν,
921 5667 1265 5738 ἐπεθύμησα,
1304 5669 1530 5736 μονονοὺ
1556 5669 1747 5737 λέγων·
1781 5670 1931 5722 Ἐπι-

353 5765 525 5833 θυμίᾳ
590 5760 917 5830 ἐπεθύμησα
966 5761 1104 5814 αὐτὰ
1153 5761 1222 5813 τὰ
1271 5761 1518 5832 πρόθυρα
1585 5761 1679 5814 τοῦ
1727 5762 1932 5828 πάθους

353 5856 501 5912 ἰδεῖν.
537 5853 650 5908 Καὶ
686 5852 858 5906 ταῦτα
890 5853 986 5922 μὲν
1011 5855 1088 5913 εἰς
1123 5855 1391 5906 τοσοῦτον.

1304 4573 1322 4606 ‹
1359 4555 1474 4626 Οὐχ
1498 4555 1572 4618 ὡς
1601 4531 1709 4623 ἐγὼ
1765 4531 1925 4622 θέλω,
1965 4531 2006 4586 D

2035 3545 2255 3615 quando
2285 3543 2492 3616 peregit
2544 3544 2890 3615 mysterium,
2947 3543 2997 3596 in
3039 3542 3238 3596 cmlum
3290 3537 3520 3608 aspexit.
3557 3545 3613 3590 et

2035 3635 2184 3696 Patri
2210 3652 2402 3705 panem
2435 3637 2692 3692 ostendit.
2729 3635 2803 3690 Ea
2837 3637 2904 3690 de
2944 3649 3107 3690 causa
3139 3632 3302 3687 etiam
3348 3628 3610 3682 nonnulla

2036 3729 2298 3788 miracula
2331 3728 2407 3782 ita
2450 3729 2736 3784 videbatur
2783 3727 2965 3783 facere
3012 3725 3194 3795 Specie
3225 3723 3489 3779 orationis
3543 3722 3611 3775 ad

2038 3823 2229 3892 Deum,
2260 3833 2320 3878 ut
2350 3823 2664 3879 ostenderet
2684 3839 2790 3878 non
2815 3838 2933 3878 esse
2969 3825 3081 3875 haec
3103 3821 3357 3876 humanae
3377 3824 3612 3879 naturae,

2037 3931 2136 3986 per
2167 3931 2330 3987 quam
2366 3916 2557 3971 habuit
2583 3916 2806 3970 Matrem
2838 3916 2892 3968 in
2933 3923 3098 3979 terra,
3142 3912 3235 3967 sed
3268 3925 3378 3970 Sua:
3410 3907 3616 3963 divini-

2037 4013 2184 4080 tatis,
2219 4026 2314 4081 per
2345 4026 2508 4081 quam
2548 4010 2716 4064 Deum
2746 4008 2937 4063 habuit
2972 4006 3210 4061 Patrem.
3234 4001 3404 4057 Porro
3431 4011 3614 4058 autem

2039 4106 2256 4176 quando
2278 4119 2500 4159 crucem
2529 4113 2646 4160 erat
2685 4114 3044 4164 ascensurus,
3084 4099 3275 4152 volens
3303 4095 3618 4165 significare

2036 4200 2174 4254 duas
2231 4201 2563 4262 voluntates,
2607 4196 2850 4250 divinam
2911 4194 3120 4250 scilicet
3172 4200 3226 4244 et
3297 4190 3615 4250 humanam,

2039 4306 2152 4344 suae
2187 4290 2414 4360 quidem
2448 4287 2756 4346 divinitatis
2785 4287 3119 4340 voluntatem
3155 4284 3305 4339 Patri
3341 4280 3616 4340 attribuit,

2039 4381 2399 4436 immanitatis
2454 4389 2636 4438 autem
2691 4380 3026 4434 voluntatem
3084 4389 3238 4430 suam
3274 4387 3396 4426 esse
3442 4369 3618 4423 dixit.

2045 4495 2062 4529 ι
2097 4476 2220 4529 Non
2246 4476 2388 4530 sicut
2415 4489 2516 4545 ego
2550 4475 2694 4538 volo,
2721 4471 2918 4542 inquit,
2943 4469 3034 4524 sed
3069 4467 3211 4523 sicut
3254 4475 3309 4518 tu
3339 4463 3442 4526 vis,
3470 4481 3488 4514 ι
3518 4469 3572 4515 ct
3601 4475 3615 4512 :

2044 4588 2062 4622 ι
2104 4568 2221 4624 Νοιι
2265 4583 2382 4628 mea
2447 4568 2721 4632 voluntas,
2781 4566 2875 4621 sed
2927 4577 3016 4618 tua
3046 4561 3158 4618 ﬁat.
3209 4579 3227 4611 ι
3263 4557 3417 4622 Quod
3472 4569 3619 4609 enim

2039 4661 2156 4732 ipse
2209 4662 2376 4715 etiam
2421 4660 2564 4716 hanc
2602 4658 2797 4713 habuit
2848 4655 3206 4717 voluntatem,
3245 4663 3410 4719 quam
3458 4645 3612 4700 Patri

2038 4753 2305 4823 implevit,
2337 4767 2404 4807 ex
2439 4751 2528 4805 bis
2568 4750 2702 4818 ipsis
2730 4746 2896 4801 etiam
2923 4745 3104 4799 verbis
3127 4739 3477 4796 manifestum
3507 4749 3612 4806 eat,

2036 4847 2091 4903 in
2129 4847 2329 4916 quibus
2357 4845 2575 4899 videtur
2604 4855 2862 4912 separare
2897 4838 3231 4892 voluntatem
3259 4849 3414 4890 suam
3451 4849 3481 4887 a
3519 4849 3614 4886 vo-

2037 4940 2246 5008 luntate
2309 4938 2512 4994 Patris.
2563 4939 2681 4992 Hoc
2725 4934 2867 4989 enim
2897 4973 2912 5000 ,
2959 4950 2976 4984 ι
3024 4930 3142 4986 Non
3207 4928 3464 4983 voluntas
3495 4943 3614 4983 mea

2041 5034 2136 5092 sed
2177 5041 2269 5086 tua
2297 5032 2443 5094 ﬁat,»
2471 5039 2556 5088 est
2584 5028 2704 5093 eius
2731 5025 2824 5097 qui
2849 5026 3149 5080 assentitur
3183 5031 3234 5079 et
3257 5021 3373 5076 vult
3401 5023 3610 5076 eadem.

2044 5127 2104 5182 Id
2137 5125 2303 5181 etiam
2350 5122 2619 5186 ostendit,
2656 5118 2876 5190 quando
2912 5117 3132 5174 Petrum
3169 5117 3489 5187 increpavit,
3522 5114 3616 5184 qui

2041 5233 2264 5277 crucem
2296 5216 2418 5286 ejus
2451 5223 2506 5270 et
2531 5222 2767 5269 mortem
2798 5212 3232 5282 deprecabatur;
3261 5220 3312 5265 et
3355 5215 3611 5280 pratterea

2038 5311 2262 5384 quando
2310 5310 2468 5375 dixit,
2511 5328 2530 5359 ι
2571 5307 2858 5364 Desiderio
2912 5305 3220 5363 desideravi
3273 5304 3375 5359 hoc
3403 5302 3609 5372 pascha

2037 5404 2378 5459 manducare
2448 5399 2775 5464 vobiscum,
2833 5408 3123 5467 antequam
3181 5409 3282 5465 ego
3346 5393 3540 5464 patiar.
3583 5411 3603 5444 ι

2038 5499 2278 5563 Pascha,
2307 5495 2506 5566 inquit,
2537 5504 2664 5548 ante
2702 5492 3011 5563 passionem
3037 5487 3344 5545 desideravi
3370 5504 3386 5541 :
3415 5500 3614 5556 prope-

2037 5589 2262 5653 modum
2293 5587 2484 5642 dit-ens
2519 5602 2532 5638 :
2561 5583 2846 5639 Desiderio
2868 5579 3168 5636 desideravi
3192 5579 3309 5646 ipsa
3342 5574 3615 5646 passionis

2036 5683 2222 5738 videre
2252 5680 2549 5738 vestibula.
2575 5680 2640 5732 Et
2678 5679 2794 5732 haec
2829 5675 3048 5745 quidem
3084 5672 3364 5726 hactenus.
