4030 6522
414 436 535 499 ῗ439
1693 437 1997 500 NICOLA}
2039 443 2125 502 CA
2140 443 2422 502 BASleE
3601 437 3701 504 4'0

1011 549 1165 604 CAP.
1209 547 1426 604 XXXII.

416 661 510 735 λῦε
545 666 814 736 sacriﬁcia
850 667 982 732 ipso,
1014 675 1066 720 et
1093 665 1218 748 quid
1240 675 1328 748 _esl
1353 669 1492 735 quod
1527 665 1857 737 sacriﬁcium
1888 682 2010 721 sus-

1148 739 1296 805 cipit.

505 831 580 884 De
611 831 730 900 ipso
763 839 944 884 autent
979 829 1254 885 sacriﬁcio
1277 843 1458 898 operae
1492 829 1726 900 pretium
1767 837 1850 884 est
1875 827 2009 882 illud

417 927 694 988 quaerere.
731 919 870 984 Quia
907 919 1054 972 enim
1110 935 1220 972 non
1271 919 1458 989 ﬁgurat
1513 919 1794 986 sacriﬁcii,
1833 933 2010 988 neque

430 1005 721 1084 sanguinis
760 1013 962 1082 imago,
995 1012 1091 1067 sed
1137 1025 1266 1066 vere
1303 1021 1388 1067 est
1419 1013 1675 1067 mactatio
1715 1022 1769 1066 et
1801 1010 2010 1068 sacriﬁo

428 1105 596 1169 cium,
647 1118 959 1174 quaeramus
997 1103 1129 1172 quid
1169 1111 1255 1158 est
1289 1102 1685 1168 sacriﬁcatum,
1733 1102 1892 1172 panis
1938 1117 2006 1156 an

429 1212 631 1268 corpus
657 1197 916 1251 Domini?
953 1195 1202 1250 videlicet
1237 1195 1458 1265 quando
1507 1195 1650 1250 dona
1693 1194 2009 1251 sacriﬁcan-

431 1302 545 1356 tur,
586 1292 908 1361 priusquam
945 1291 1058 1345 sint
1118 1288 1482 1356 sanctiﬁcata,
1532 1302 1840 1359 an.postea.
1873 1287 2010 1344 Etsi

430 1380 590 1448 panis
615 1380 834 1448 quidem
871 1390 953 1435 est
987 1380 1132 1450 quod
1165 1380 1532 1443 sacriﬁcatur,
1583 1381 1823 1449 primum
1887 1379 2011 1448 qui-

430 1473 550 1526 dem
577 1471 850 1539 quodnam
885 1471 1050 1527 fuerit
1084 1471 1239 1542 panis
1273 1471 1640 1526 sacriﬁcium:
1675 1472 1871 1526 deinde
1900 1485 2006 1524 non

428 1571 513 1616 est
544 1563 650 1619 hoc
673 1563 830 1618 nobis
856 1564 1195 1634 mysterium,
1222 1563 1410 1618 videre
1451 1577 1646 1634 panem
1685 1571 2007 1625 mactatum,

427 1655 524 1708 sed
561 1655 774 1722 Agnum
804 1655 918 1720 Dei,
947 1656 1040 1726 qui
1071 1671 1168 1711 sua
1193 1663 1367 1710 morte
1391 1655 1767 1725 tollitfpeccata
1796 1653 2006 1706 mundi.

431 1746 528 1800 Sin
561 1755 745 1800 autem
775 1748 954 1816 ipsum
1011 1745 1356 1801 Dominicum
1409 1743 1612 1815 corpus
1645 1745 2008 1808 sacriﬁcatur,

430 1837 534 1891 hoc
591 1844 736 1891 certe
766 1852 834 1891 ne
869 1837 984 1890 ﬁeri
1037 1837 1256 1907 quidem
1295 1847 1495 1906 potest.
1537 1835 1657 1892 Non
1693 1839 1838 1892 enim
1884 1851 2009 1890 am-

2707 553 2936 610 ΚΕΦᾹΛ
2948 597 2961 610 .
3003 550 3126 609 AB'.

2123 671 2264 740 Περὶ
2299 669 2410 739 τῆς
2448 669 2668 735 θυσίας
2707 667 2921 750 αὐτῇς,
2942 666 3076 750 λαὶ.
3104 667 3168 720 τι
3199 665 3343 720 ἐστι
3371 663 3442 718 τὸ
3480 663 3706 734 δεχόμεσ

2645 755 2757 792 νον
2786 737 2902 804 τὴν
2931 737 3184 793 θῦσίαν.

2193 834 2330 904 Περὶ
2355 835 2411 888 δέ
2440 833 2541 903 τῆς
2582 831 2774 895 θυσίας
2821 823 2996 899 α’ὗτῆς
3063 828 3234 895 ἄξιον·
3285 831 3476 884 ἐκεῖνο
3518 831 3696 897 ζητεῖν

2119 929 2276 982 Ἐπεὶ
2331 928 2440 998 γὰρ
2492 927 2554 979 οὐ
2586 924 2756 989 τύπος
2807 922 3000 987 θυσίας
3047 923 3177 978 οὐδὲ
3229 923 3483 992 αἵματος
3541 923 3714 985 είκὼν,

2120 1021 2257 1075 ἀλλὰ
2288 1019 2512 1091 ἀληθῶς
2549 1017 2735 1088 σφαγὴ
2765 1016 2861 1070 καὶ
2891 1015 3077 1080 θυσία,
3115 1013 3396 1086 ζητῶμεν
3425 1015 3482 1068 τί
3510 1015 3572 1068 τὸ
3602 1013 3711 1067 θυό-

2121 1129 2311 1182 μενον,
2347 1111 2376 1163 ὀ
2408 1111 2571 1181 ἄρτος
2609 1107 2644 1178 ἦ
2701 1109 2764 1161 τὸ
2813 1104 2911 1160 τοῦ
2961 1104 3174 1179 Κυρίου
3226 1106 3438 1176 σῶμας
3481 1101 3715 1175 δηλονότι

2118 1205 2252 1258 πότε
2282 1203 2353 1256 τᾶ
2383 1201 2535 1271 δῶρα
2565 1199 2777 1265 θύεται,
2825 1199 2934 1270 προ
2963 1197 3058 1252 τοῦ
3089 1197 3471 1268 ἁγιασθῆναι,
3504 1195 3538 1267 ἢ
3586 1197 3715 1266 μετὰ

2116 1298 2178 1350 τὸ
2214 1294 2585 1366 ἁγιασθῆναις
2623 1293 2734 1348 Καὶ
2785 1293 2833 1344 εί
2873 1290 2974 1362 μέν
3018 1293 3046 1344 ὁ
3083 1290 3264 1360 ἄρτος
3316 1289 3384 1343 τὸ
3434 1288 3717 1357 θυόμενον,

2119 1389 2338 1460 πρῶτον
2367 1387 2464 1458 μὲν
2498 1385 2578 1445 τίς
2602 1386 2769 1456 ἄρτου
2797 1383 2958 1437 θυσία
2989 1383 3194 1450 γένοιτ’
3223 1383 3296 1437 ἄν
3323 1400 3339 1445 ;
3367 1382 3628 1441 Ἔπειτα,
3655 1379 3712 1431 οὗ

2115 1479 2275 1534 τοῦτο
2312 1480 2443 1550 ἡμῖν
2479 1478 2598 1530 ἐστι
2625 1476 2684 1529 τδ
2721 1475 3045 1546 μυστήριον,
3080 1475 3259 1542 ἄρτον
3308 1474 3448 1526 ίδεῖν
3487 1471 3709 1540 σφαττιῦ-

2119 1583 2304 1637 μενον,
2338 1566 2476 1620 ἀλλᾶ
2517 1564 2609 1618 τὸν
2657 1563 2854 1634 ’Δμνδν
2888 1561 2980 1615 τοῦ
3031 1560 3196 1624 Θεοῦ,
3251 1561 3356 1616 τὸν
3389 1559 3620 1631 αἴροντα
3649 1560 3716 1628 τῇ.

2119 1661 2306 1730 σφαγῇ
2338 1658 2441 1731 τὴν
2471 1656 2749 1728 ἁμαρτίαν
2773 1656 2868 1709 τοῦ
2899 1655 3130 1724 κόσμου.
3166 1654 3237 1707 Εἰ
3271 1654 3340 1706 δὲ
3362 1652 3503 1707 αὐτὸ
3533 1650 3709 1704 θύεται

2115 1753 2177 1808 τὸ
2209 1751 2490 1822 κυριακὸν
2521 1749 2703 1818 σῶμα,
2740 1747 2978 1818 μάλιστα
3009 1747 3108 1816 μὲν
3137 1746 3270 1799 οῦδέ
3295 1744 3535 1800 δυνατόν
3557 1760 3568 1772 ·
3598 1741 3713 1796 οὐδέ

2117 1846 2226 1916 γὰρ
2283 1842 2559 1913 σφαγῆναι
2595 1841 2675 1894 ἔτι
2710 1839 2745 1911 ἢ
2791 1838 3068 1910 πληγῆναι
3121 1837 3402 1901 δύναται,
3444 1835 3712 1905 ἀκήρατον

427 1928 574 1996 plius
597 1929 781 1983 occidi
801 1929 883 1982 vel
910 1929 1118 1998 percuti
1153 1937 1353 1999 potest,
1386 1945 1511 1984 cum
1539 1929 1652 2000 jam
1687 1929 1757 1985 ab
1787 1929 2009 1984 interitu

2117 1938 2214 2009 ἤδη
2246 1939 2340 1992 καὶ
2375 1935 2644 1990 ἀθάνατον
2680 1933 2997 2003 γενόμενον.
3027 1931 3088 1984 El
3113 1931 3173 1984 δὲ
3209 1931 3351 2000 ἐξῆν
3385 1947 3441 1983 τι
3473 1927 3708 1982 τοιοῦτον

429 2026 483 2068 et
507 2017 858 2085 corruptione
903 2019 1143 2072 alienum
1179 2027 1229 2073 et
1283 2019 1595 2072 immortale
1623 2017 1875 2073 eﬁ'ectum
1915 2019 2011 2072 sit.

430 2107 587 2174 Quod
622 2110 667 2165 si
703 2110 816 2165 ﬁeri
873 2120 1057 2179 posset
1089 2121 1147 2165 ut
1176 2111 1360 2166 adhuc
1409 2111 1616 2182 aliquid
1643 2112 1748 2166 tale
1797 2119 2014 2181 patere.

432 2210 545 2268 tur,
569 2211 850 2270 oporteret
902 2217 1025 2258 esse
1061 2213 1113 2257 et
1159 2203 1253 2273 qui
1296 2203 1698 2274 crueiﬁgerent,
1733 2209 1788 2260 et
1829 2202 2013 2258 omnia

433 2293 540 2349 alia
574 2295 873 2349 convenire
906 2310 1024 2364 qua:
1057 2296 1190 2351 illud
1223 2296 1553 2351 sacriﬁcium
1585 2295 1908 2360 eﬁecerunt,
1934 2293 2010 2348 sis

434 2386 658 2456 quidem
692 2401 801 2440 nou
847 2386 1017 2458 ﬁgura
1051 2387 1419 2452 nuactatiouis,
1469 2388 1563 2442 sed
1599 2402 1727 2443 vera
1755 2387 2014 2442 mactatio

435 2494 560 2536 csse
582 2478 825 2547 ponitur.
868 2477 1073 2535 Deinde
1091 2495 1204 2550 quo
1238 2480 1400 2534 modo
1426 2479 1683 2535 Christus
1731 2479 1899 2534 semel
1930 2487 2016 2534 est

437 2581 713 2637 mortuus,
773 2581 828 2627 et
891 2573 1212 2638 suscitatus,
1271 2587 1380 2628 non
1408 2573 1643 2644 amplius
1675 2573 1928 2638 moritur,
1961 2580 2016 2629 ct

433 2666 603 2721 semel
651 2681 845 2737 passus
874 2675 960 2723 est
997 2667 1055 2722 in
1091 2667 1568 2722 consummatione
1595 2667 1802 2729 saeculi,
1847 2674 1902 2722 et
1929 2681 2018 2722 se~

431 2760 538 2816 uel
578 2759 781 2817 dicitur
807 2761 1045 2828 oblatus,
1081 2771 1140 2815 ut
1169 2761 1466 2818 multorum
1503 2771 1725 2832 peccata
1753 2759 2015 2815 oﬁ‘erret?

435 2853 493 2908 Si
521 2855 670 2911 enim
706 2855 761 2909 in
822 2870 1155 2926 unaquaque
1202 2855 1451 2927 mysterii
1491 2853 1865 2910 celebratione
1898 2853 2018 2924 ipse

433 2946 797 3012 sacriﬁcatur,
857 2947 1106 3016 quotidie
1168 2947 1422 3002 moritur.
1445 2945 1586 3013 Quid
1622 2945 1688 3000 ad
1723 2946 1838 3001 haec
1886 2959 2018 3016 ergo

435 3039 730 3092 dicendum
762 3047 848 3094 est
870 3040 893 3093 ζ’
917 3038 1264 3094 Sacriﬁcium
1304 3053 1487 3109 neque
1521 3047 1818 3108 antequam
1859 3037 2018 3107 panis

436 3131 829 3197 sanctiﬁcetur,
891 3147 1072 3201 neque
1128 3141 1420 3202 postquam
1481 3141 1561 3187 est
1624 3131 2016 3197 sanctiﬁcatus,

433 3223 740 3293 peragitur,
762 3224 858 3277 sed
884 3237 949 3279 eo
970 3225 1087 3294 ipso
1113 3233 1360 3294 tempore
1381 3238 1486 3293 quo
1506 3223 1902 3279 sanctiﬁcatur.
1927 3223 2016 3278 Sic

2115 2029 2247 2084 αὐτὸ
2278 2029 2545 2096 ἐνεγκεῖν,
2583 2025 2692 2078 ἔδει
2716 2025 2810 2079 καὶ
2842 2025 2969 2087 τοὺς
3009 2023 3404 2093 σταυροῦντας
3433 2017 3593 2083 εἶναι,
3623 2020 3710 2071 καὶ

2113 2122 2285 2177 τᾶλλα
2319 2119 2598 2173 συνελθεῖν
2631 2119 2871 2180 ἄπαντα,
2915 2114 2951 2170 ἄ
2982 2115 3079 2187 τὴν
3111 2113 3320 2168 ουσίαν
3355 2113 3578 2182 ἐκείνην
3605 2112 3710 2177 είρ-

2114 2214 2391 2284 γάσαντο·
2462 2210 2577 2278 εἴγε
2644 2208 2706 2263 οῦ
2763 2208 2935 2270 τύπος
2997 2207 3252 2276 σφαγῆς,
3323 2204 3469 2258 ἀλλὰ
3527 2203 3707 2271 ’σφαγὴ

2115 2305 2320 2376 ἀληθὴς
2382 2303 2667 2357 ὑπόκειται
2728 2297 2893 2354 εἶναι.
2947 2298 3188 2352 Ἔπειτα
3237 2297 3366 2359 πῶς
3417 2298 3445 2350 ὁ
3480 2294 3708 2365 Χριστὸς

2115 2395 2261 2464 ἅπαξ
2293 2396 2553 2459 ἀπέθανε,
2579 2394 2674 2449 καὶ
2701 2393 2968 2461 ἐγερθεὶς,
2997 2391 3194 2446 οὐκέτι
3224 2389 3596 2459 ἀποθνήσκει,
3621 2387 3705 2437 καὶ

2115 2491 2267 2557 ἅπαξ
2311 2489 2516 2543 ἔπαθεν
2551 2489 2645 2541 ἐπὶ
2679 2486 2967 2556 συντελείᾳ
3012 2484 3108 2538 τοῦ
3144 2484 3380 2548 αἰῶνος,
3430 2480 3524 2534 καὶ
3570 2477 3709 2540 ἅπαξ·

2114 2584 2334 2653 λέγεται
2390 2579 2799 2652 προσενεχθεὶς,
2853 2579 2935 2642 είς
2984 2577 3045 2630 τὸ
3108 2576 3338 2629 πολλῶν
3397 2571 3712 2640 ἀνενεγκεῖν

2118 2678 2393 2749 ἁμαρτίας
2421 2691 2437 2741 ;
2468 2673 2531 2728 Ei
2560 2674 2668 2744 γὰρ
2699 2672 2822 2726 καθ’
2857 2670 3096 2740 ἑκάστην
3130 2669 3368 2738 τελετὴν
3404 2665 3566 2728 αὐτὸς
3595 2661 3703 2716 θύε-

2115 2785 2230 2835 ται,
2277 2765 2400 2820 καθ’
2435 2764 2674 2833 ἑκάστην
2706 2761 3068 2832 ἀποθνήσκει.
3106 2759 3175 2813 τί
3225 2757 3326 2811 οὖν
3374 2755 3512 2826 πρδς
3544 2751 3704 2805 ταῦτα

2118 2861 2268 2917 ἐστιν
2303 2858 2506 2924 εἰπεῖν;
2546 2855 2614 2911 'H
2644 2853 2803 2909 θυσία
2832 2851 2959 2907 οὔτε
2991 2850 3099 2922 πρὸ
3123 2849 3226 2904 τοῦ
3261 2846 3602 2919 ἁγιασθῆναι
3623 2841 3708 2894 τὸν

2118 2952 2305 3023 ἄρτον,
2337 2947 2460 3002 οὔτε
2497 2946 2636 3018 μετὰ
2685 2945 2746 3000 τὸ
2781 2942 3114 3015 ἄγιασθῆναι
3151 2941 3428 3006 τελεῖται,
3491 2934 3604 2990 ἀλλ’
3649 2934 3706 2984 ἐν

2119 3041 2269 3113 αὐτῷ
2315 3040 2392 3111 τῷ
2449 3037 2797 3109 ἀγιάζεσθαι.
2850 3035 3006 3090 Οὕτω
3048 3035 3161 3106 γὰρ
3221 3033 3445 3102 ἀνάγκη
3508 3027 3704 3087 πάντας

2122 3131 2510 3205 ωντηρεῖσθαι
2535 3132 2663 3193 τοὺς
2687 3147 2753 3184 πε
2765 3131 2816 3201 ρ“ι
2839 3129 3006 3199 αὐτῆς
3030 3125 3473 3198 πιστευομένους
3498 3122 3694 3190 λόγους,

2121 3226 2218 3280 καὶ
2253 3225 2458 3295 μηδένα
2489 3223 2730 3277 πίπτειν.
2759 3221 2927 3285 Τίνας
2961 3221 3026 3291 δὴ
3055 3219 3205 3287 λέγω
3239 3219 3477 3286 λόγους;
3515 3214 3583 3266 Τὸ
3611 3210 3701 3279 τὴν

434 3315 582 3369 enim
632 3328 857 3370 necesse
900 3325 987 3370 est.
1031 3315 1216 3369 omnia
1255 3329 1378 3385 quae
1431 3314 1500 3369 do
1545 3313 1656 3369 Deo
1692 3315 2012 3392 creduntur,

2122 3322 2314 3377 θυσίαν
2368 3318 2576 3389 ταύτην
2635 3316 2709 3388 μὴ
2749 3316 2933 3369 εἰκόνα
2980 3315 3073 3368 καὶ
3101 3315 3280 3368 τύπον
3311 3307 3456 3366 εἶναι
3499 3305 3702 3364 θυσίας..

434 3408 772 3471 conservari,
799 3417 852 3463 et
882 3409 1018 3463 nihil
1049 3407 1280 3463 omnino
1315 3408 1588 3464 excidere.
1631 3407 1890 3472 Quaenam
1921 3420 2018 3460 att-

438 3513 544 3554 tem
577 3516 640 3555 ea
671 3501 839 3556 sunt?
893 3501 1232 3557 Sacriﬁcium
1265 3503 1366 3556 hoc
1413 3516 1522 3556 nou
1553 3516 1677 3557 esse
1719 3500 2020 3570 imagian

435 3603 489 3647 et
521 3595 750 3662 ﬁguram
813 3593 1091 3661 sacriﬁcii,
1125 3594 1219 3650 sed
1255 3609 1440 3648 verum
1501 3593 1829 3648 sacriﬁcium
1859 3609 1872 3658 ;
1906 3607 2014 3646 nou

435 3701 557 3742 esse
587 3702 783 3757 panem
815 3687 865 3743 id
890 3689 1036 3758 quod
1069 3687 1440 3755 sacriﬁcatur,
1476 3689 1570 3743 sed
1605 3688 1784 3757 ipsum
1812 3683 2020 3741 Christi

437 3795 638 3848 corpus
669 3820 684 3844 ,
720 3789 778 3834 et
805 3789 1068 3849 prmterea
1093 3795 1262 3833 unum
1287 3795 1408 3835 esse
1433 3779 1566 3850 Agni
1586 3777 1935 3841 sacriﬁcium,
1964 3784 2019 3832 et

435 3872 579 3939 quod
603 3872 776 3927 semel
794 3869 1000 3926 factum
1021 3880 1122 3927 est.
1153 3870 1215 3925 Et
1244 3871 1480 3941 primum
1503 3871 1884 3936 videamus,an
1909 3884 2014 3924 non

437 3965 634 4035 ﬁgura,
685 3964 778 4019 sed
819 3964 1004 4034 reipsa
1033 3964 1362 4019 sacriﬁcium
1393 3965 1463 4020 sit
1487 3964 1725 4036 mysmrii
1772 3963 2017 4018 celebra-

439 4057 532 4111 tio.
557 4054 713 4122 Quod
731 4055 876 4109 euim
899 4064 985 4109 est
1008 4056 1128 4109 ovis
1147 4053 1500 4119 sacriﬁcium,
1521 4068 1643 4122 quae
1686 4055 1753 4107 ab
1774 4067 1839 4108 eo
1871 4050 2016 4122 quod

437 4165 544 4204 non
572 4157 656 4205 est
675 4147 900 4204 omnino
922 4147 1165 4203 occisum
1192 4148 1246 4200 iu
1273 4146 1515 4201 occisum
1549 4145 1609 4200 ﬁt
1633 4145 1884 4209 mutatio,
1912 4143 2017 4196 hoc

436 4242 602 4295 etiam
647 4240 737 4294 hic
781 4238 859 4294 ﬁt.
911 4237 1083 4292 Panis
1127 4238 1274 4293 enim
1308 4238 1406 4308 qui
1450 4247 1536 4294 est
1587 4235 2013 4296 insaeriﬁcatus,

438 4339 685 4386 mutatur
710 4339 840 4384 tunc
868 4329 922 4383 iu
955 4328 1011 4383 id
1045 4331 1188 4397 quod
1218 4337 1303 4385 est
1347 4329 1748 4384 sacriﬁcatum.‘
1768 4326 2017 4380 Mutatur

435 4423 584 4476 enim
621 4437 650 4475 a
683 4435 823 4487 pane
854 4435 963 4474 non
996 4428 1236 4475 mactato
1269 4421 1530 4490 in'ipsum
1552 4435 1756 4491 corpus
1784 4418 2014 4484 Christi,

435 4516 584 4586 quod
631 4529 757 4570 vere
807 4523 1101 4568 mactatum
1153 4522 1256 4568 est.
1294 4513 1446 4568 Unde
1471 4511 1926 4584 quemadmodum
1959 4510 2011 4563 iu

2120 3413 2256 3467 ἀλλὰ
2287 3410 2482 3465 θυσίαν
2529 3409 2812 3478 ἀληθινὴν,
2859 3407 2918 3461 τὸ
2956 3405 3028 3478 μὴ
3078 3407 3248 3476 ἄρτον
3287 3399 3434 3457 εἶναι
3465 3399 3524 3454 τὺ
3553 3397 3696 3451 τεθυ-

2122 3504 2308 3574 μένον,
2341 3500 2458 3555 ἀλλ’
2483 3499 2616 3554 αὐτὸ
2645 3499 2705 3550 τὸ
2735 3495 2832 3550 τοῦ
2858 3493 3094 3566 Χριστοῦ
3120 3496 3182 3548 τὸ
3216 3494 3386 3564 σῶμα
3406 3509 3418 3520 ·
3455 3492 3544 3543 καὶ
3571 3484 3694 3554 πρὸς

2117 3601 2353 3659 τούτοις,
2397 3594 2458 3647 τὸ
2507 3593 2638 3663 μίαν
2690 3586 2831 3645 εἶναι
2887 3590 2986 3660 τὴν
3033 3589 3125 3642 τοῦ
3197 3585 3407 3657 ’Δμνοῦ
3439 3582 3532 3638 τοῦ
3571 3574 3700 3633 Θεοῦ-

2119 3690 2334 3748 θυσίειν.
2359 3688 2453 3742 καὶ
2487 3685 2636 3751 ἅπαξ
2661 3683 3058 3764 γεγενημένην.
3084 3683 3196 3735 Καὶ
3230 3681 3453 3752 πρῶτον
3484 3676 3690 3764 ἴδωμεν.

2117 3785 2167 3838 ει
2199 3784 2274 3855 μὴ
2302 3782 2501 3845 τύπος.
2530 3777 2664 3832 ἀλλὰ
2694 3761 2928 3847 πρᾶγμα
2955 3774 3148 3836 θυσίας
3176 3775 3214 3844 ὴ
3239 3771 3456 3841 τελετή.
3479 3765 3572 3828 Τίς
3597 3761 3700 3830 γὰρ

2118 3873 2269 3948 ἢτοῦ
2313 3865 2590 3944 προϐάτου
2644 3868 2823 3933 θυσία,
2870 3869 2904 3939 ἡ
2947 3867 3054 3921 ἀπὸ
3099 3867 3193 3919 τοῦ
3249 3865 3329 3937 μὴ
3361 3857 3687 3931 ἐσφαγμένου

2117 3969 2337 4030 πάντως
2377 3967 2457 4028 είς
2484 3965 2543 4016 τὸ
2578 3962 2920 4032 ἐσφαγμένον
2955 3958 3257 4030 μεταϐολὴ,
3289 3957 3450 4010 τοῦτο
3489 3953 3580 4006 καὶ
3614 3949 3690 3999 ἐν·

2115 4059 2312 4124 ταῦθα,
2332 4056 2563 4125 γίνεται.
2606 4052 2668 4108 ’0
2700 4052 2811 4123 γὰρ
2843 4051 3003 4122 ἄρτος
3034 4050 3234 4114 ἄθυτος
3265 4047 3343 4102 ὢν
3376 4037 3684 4115 μεταϐάλλει

2118 4153 2240 4204 τότε
2289 4151 2368 4212 είς
2399 4131 2460 4201 τὸ
2494 4145 2813 4214 τεθυμένον.
2858 4141 3204 4197 Μεταϐάλλει
3256 4141 3367 4211 γὰρ
3397 4135 3502 4191 ἀπὸ
3531 4133 3681 4203 ἄρτου

2120 4243 2196 4315 μὴ
2245 4239 2590 4310 ἐσφαγμένου
2642 4240 2722 4300 είς
2770 4236 2904 4290 αὐτὸ
2955 4235 3017 4288 τὸ
3052 4234 3212 4304 σῶμα
3261 4232 3359 4286 τοῦ
3408 4225 3604 4298 Κυρίου
3630 4219 3682 4315 τῘ)

2119 4311 2326 4403 συαγέν
2349 4330 2584 4401 ἀληθῶς.
2625 4328 2788 4382 Ὅθεν
2818 4327 3070 4398 καθάπερ
3100 4327 3192 4379 ἐπὶ
3224 4324 3323 4378 τοῦ
3362 4319 3626 4391 προϐάτου
3650 4311 3683 4376 ἦ

2121 4424 2396 4498 μεταϐολὴ
2453 4423 2647 4476 θυσίαν
2686 4419 2906 4492 ἀληθῶς
2955 4418 3274 4488 ἐργάζεται,
3307 4415 3452 4469 οὕτω
3479 4408 3567 4462 καὶ
3601 4406 3678 4456 ἐν·

2115 4518 2312 4579 ταῦθα,
2345 4516 2434 4568 διὰ
2494 4513 2592 4584 τὴν
2653 4511 2997 4583 μεταϐολὴν,
3041 4510 3206 4564 θυσία
3257 4509 3319 4562 τὸ
3370 4500 3681 4569 τελούμενον

436 4620 540 4662 ove
597 4605 851 4670 mutatio,
905 4619 1030 4660 vero
1075 4605 1404 4661 sacriﬁcium
1452 4612 1715 4674 operatur
1749 4601 2011 4671 :itajam

2120 4609 2318 4682 ἀληθές
2345 4625 2359 4640 ⁸
2408 4606 2735 4679 μεταϐάλλει
2790 4603 2900 4674 γὰρ
2934 4603 3036 4656 οὐκ
3079 4603 3162 4664 είς
3202 4600 3398 4660 τύπον,
3453 4591 3565 4647 ἀλλ’
3607 4587 3678 4691 εἰς

437 4699 526 4752 hic
551 4708 774 4770 propter
831 4701 971 4754 hanc
1005 4700 1363 4753 mutationem
1410 4697 1462 4753 id
1509 4697 1652 4767 quod
1712 4696 2008 4765 peragitur,

435 4807 624 4845 verum
659 4800 740 4847 est
771 4791 1102 4845 sacriﬁcium
1137 4806 1152 4856 ;
1183 4799 1429 4846 mutatur
1474 4789 1619 4842 enim
1657 4802 1772 4841 non
1796 4787 1847 4840 in
1875 4785 2013 4855 ﬁgu-

435 4901 579 4948 ram,
642 4884 737 4940 sed
797 4884 850 4938 in
912 4899 1026 4938 rem
1064 4884 1435 4946 mactationis,
1490 4883 1542 4936 in
1597 4881 1775 4950 ipsum
1810 4893 2014 4948 corpus

436 4976 639 5029 Christi
675 4975 818 5042 quod
849 4977 1227 5032 sacriﬁcatum
1252 4983 1356 5029 est.
1392 4971 1502 5027 Sed
1527 4972 1572 5026 si
1603 4971 1763 5041 pauis
1787 4968 2018 5040 quidem

433 5087 665 5127 manens
684 5071 876 5128 fuisset
893 5072 1254 5138 sacriﬁcatus,
1276 5069 1432 5138 pam‘s
1453 5077 1600 5122 esset
1617 5065 1710 5136 qui
1730 5065 2023 5122 mactatio-

438 5180 559 5220 nem
594 5165 856 5235 suscepit,
887 5175 949 5219 et
975 5164 1170 5218 fuisset
1187 5161 1446 5216 mactatio
1467 5169 1597 5214 tunc
1615 5159 1774 5230 panis
1800 5157 2014 5213 sacriﬁ-

434 5258 603 5310 cium.
637 5256 909 5323 Quoniam
940 5263 1120 5309 autem
1138 5262 1367 5323 utraque
1397 5261 1601 5307 mutata
1626 5258 1844 5317 sunt,et
1871 5250 2018 5304 iusa-

435 5348 736 5404 criﬁcatum
761 5359 815 5404 et
853 5349 1032 5417 panis,
1062 5356 1117 5402 et
1148 5346 1328 5400 factus
1371 5354 1454 5400 est
1497 5359 1597 5414 pro
1647 5342 2024 5398 iusacrilicato

434 5443 648 5510 quidem
676 5443 1045 5503 sacriﬁcatus,
1063 5453 1164 5507 pro
1197 5451 1337 5506 pane
1361 5447 1542 5490 autem
1567 5449 1768 5505 corpus
1785 5433 2009 5499 Christi,

435 5541 719 5602 propterea
745 5527 1007 5584 mactatio
1030 5530 1119 5583 illa
1141 5543 1249 5583 non
1274 5529 1328 5581 in
1347 5543 1508 5602 pane,
1540 5528 1638 5582 sed
1671 5535 1930 5595 tauquam
1957 5527 2021 5579 iu-

433 5599 680 5690 suhiecto
709 5620 1077 5684 considerata,
1101 5635 1330 5690 corpore
1351 5599 1574 5686 Christi,
1594 5635 1696 5674 non
1722 5617 1898 5690 panis,
1917 5619 2020 5672 sed-

432 5714 570 5784 Agni
594 5711 684 5768 Dei
712 5709 1042 5765 sacriﬁcium
1065 5721 1118 5766 et
1140 5721 1222 5766 cst
1250 5713 1540 5768 ctdicitur.
1565 5712 1786 5769 Clarum
1811 5722 1893 5768 est
1911 5728 2008 5767 au-

436 5821 542 5860 tem
563 5803 710 5872 quod
731 5800 814 5855 his
854 5801 1065 5870 positis,
1095 5806 1225 5860 nihil
1271 5822 1493 5863 necesse
1534 5815 1619 5861 est
1655 5806 1857 5860 multas
1893 5805 2008 5858 ﬁeri

435 5898 736 5952 oblationes
763 5896 1005 5965 corporis
1041 5899 1421 5968 DORIittLQuIa
1445 5900 1590 5956 enim
1615 5900 1672 5956 ﬁt
1705 5899 1807 5956 hoc
1833 5899 2008 5955 sacri-

2119 4680 2354 4776 πρᾶγμα
2409 4699 2661 4771 σφαγῆς,
2705 4699 2786 4762 εἰς
2835 4697 2966 4751 αὐτὸ
3026 4695 3086 4749 τὸ
3127 4695 3289 4765 σῶμα·
3347 4688 3442 4744 τοῦ
3487 4680 3677 4752 Κυρίου

2115 4775 2179 4850 et
2212 4793 2534 4863 τεθυμένον.
2582 4790 2726 4844 Ἀλλ’
2771 4789 2821 4843 εί
2871 4787 2970 4858 μέν
3024 4786 3192 4858 ἄρτος
3251 4785 3433 4856 μένων
3472 4775 3676 4844 ἐγένετο

2115 4885 2436 4953 τεθυμένος,
2472 4884 2501 4936 ὁ
2533 4881 2698 4952 ἄρτος
2723 4880 2789 4934 ἂν
2823 4874 2892 4950 ἦν
2934 4879 2963 4932 ὁ
2995 4878 3292 4948 δεξάμενος
3323 4875 3426 4942 τὴν
3454 4864 3677 4936 σφαγὴνγ

2116 4981 2214 5034 καὶ
2245 4975 2314 5050 ἦν
2344 4977 2410 5032 ἂν
2442 4977 2476 5047 ἡ
2507 4975 2691 5044 σφαγὴ
2723 4973 2843 5028 τότε
2874 4973 3042 5045 ἄρτου
3083 4972 3274 5026 θυσία.
3315 4967 3467 5022 Ἐπεὶ
3497 4963 3549 5013 δὲ
3579 4957 3672 5050 ﬁt»:

2117 5070 2243 5140 φότε
2256 5044 2322 5140 pa
2361 5044 2692 5138 μετεϐλήθη,
2737 5066 2832 5119 καὶ
2858 5044 2922 5118 τδ
2947 5062 3145 5119 ἄθυτον
3178 5063 3276 5117 καὶ
3306 5062 3334 5114 ὁ
3362 5059 3540 5127 ἄρτος,
3588 5044 3674 5101 καὶ

2115 5164 2346 5233 γέγονεν
2379 5161 2504 5214 ἀντὶ
2536 5159 2638 5231 μέν
2671 5157 2875 5213 ἀθύτου
2916 5157 3238 5225 τεθυμένος,
3276 5151 3397 5210 ἀντὶ
3425 5149 3480 5202 δὲ
3515 5144 3671 5233 ἄρτφ

2114 5231 2176 5309 τὸ
2202 5231 2371 5325 σῶμα
2399 5251 2768 5322 Χριστοῦ,διὰ
2809 5249 2969 5304 τοῦτο
3001 5251 3032 5321 ἡ
3063 5251 3248 5321 σφαγὴ
3283 5244 3467 5311 ἐκείνη
3496 5236 3588 5290 οὐκ
3617 5231 3673 5331 ἐν

2114 5347 2192 5417 τῷ
2223 5346 2393 5418 ἄρτῳ,
2436 5345 2552 5400 ἀλλ’
2593 5346 2668 5409 ὡς
2721 5347 2780 5398 ὲν
2825 5342 3174 5413 ὑποκειμένῳ
3227 5333 3563 5410 θεωρουμένη
3595 5337 3664 5423 sq.)

2117 5441 2333 5512 σώματι
2368 5441 2461 5494 τοῦ
2493 5439 2830 5510 Χριστοῦ,οὑ
2861 5438 2958 5492 τοῦ
2979 5438 3170 5508 ἄρτου,
3193 5433 3326 5490 ἀλλὰ
3346 5428 3439 5485 τοῦ
3478 5424 3660 5512 ’Λμνιξυ

2113 5507 2214 5589 τοῦ
2261 5532 2399 5586 Θεοῦ
2461 5507 2620 5585 ουσία
2671 5532 2766 5585 καὶ
2819 5530 2935 5584 ἔστι
2995 5507 3090 5584 διαὶ
3152 5529 3390 5596 λέγεται.
3447 5507 3660 5576 Φα⁴οερδν

2113 5626 2171 5679 δὲ
2203 5627 2284 5679 ὅτι
2309 5623 2517 5678 τούτων
2539 5621 2940 5692 ὑποκειμένων,
2971 5621 3122 5674 οἰδὲν
3150 5615 3448 5686 ἀναγκάζει
3479 5598 3658 5660 πολλὰς

2113 5715 2362 5784 γίνεσθαι
2396 5716 2494 5777 τὰς
2539 5715 2912 5785 προσαγωγὰς
2951 5712 3040 5766 τοῦ
3087 5708 3366 5783 Κυριακοῦ
3405 5702 3653 5769 σώματος.

2127 5808 2284 5861 Ἐπεὶ
2316 5807 2425 5877 γὰρ
2459 5809 2491 5877 ἡ
2542 5809 2704 5862 θυσία
2745 5807 2882 5877 αὐτὴ
2917 5807 3155 5876 γίνεται,
3201 5806 3261 5859 οὐ
3309 5786 3658 5870 σφοι··.ττοίλ’έν’¹υ

2115 5899 2421 5971 τηνικαῦτα
2446 5901 2538 5954 τοῦ
2575 5897 2799 5971 ’Δ-μνοῦ,
2846 5898 2982 5954 ἀλλὰ
3023 5898 3114 5953 τοῦ
3146 5899 3312 5971 ἄρτου
3349 5877 3652 5965 μεταῆα>.λο’

3925 1015 3927 1078 l
