4030 6452
281 414 392 481 lii
1489 424 1892 489 Ll'l‘UB'u‘LE
1927 426 2022 488 EX
2040 425 2359 496 POSlTlO.
3456 429 3567 504 4ίῖ

287 532 461 601 μένου
489 529 568 592 εἱς
595 528 686 583 τὸν
719 532 1000 599 σφαγέντα
1037 532 1257 605 Ἀμνίν,
1300 539 1566 608 πρόδηλον
1596 542 1673 603 ὡς
1703 543 1734 608 ἡ
1767 545 1867 611 μὲν

1983 542 2186 609 ﬁcium,
2219 546 2374 618 Agno
2407 562 2513 602 non
2548 556 2679 602 tunc
2714 547 2925 613 occiso,
2951 547 3050 604 se‘d
3094 560 3233 619 iane
3266 556 3476 605 mutato
3506 546 3563 607 in

224 620 234 626 ’
290 621 569 693 μετασολὴ
596 622 833 690 γίνεται,
865 628 897 694 ἠ
929 625 986 679 δὲ
1014 628 1198 698 σφαγὴ
1253 627 1315 683 οὐ
1347 632 1557 700 γίνεται
1588 635 1733 697 τότε,
1776 638 1871 688 καὶ

1983 634 2191 705 Aguuin
2231 637 2496 703 occisum,
2533 639 2739 694 clarum
2784 649 2864 694 est
2897 640 3043 711 quod
3089 640 3145 694 lit
3174 641 3394 709 quidem
3446 659 3566 696 mna

287 715 438 771 οὕτω
463 715 523 768 τὸ
559 715 661 785 μὲν
698 717 1195 789 μεταϐαλλόμενον,
1233 723 1424 786 πολλὰ,
1481 727 1574 779 καί⁵
1620 724 1651 797 η
1709 738 1873 789 μετα-

300 813 432 882 ϐολὴ
475 809 766 872 πολλάκιςο
815 811 877 864 τδ
925 812 983 866 δὲ
1039 816 1119 876 είς
1157 814 1191 868 ἃ
1235 819 1656 886 μεταδάλλειαι,
1713 821 1867 875 οὐδὲν

302 904 518 967 κωλύει,
545 902 604 955 ἓν
634 902 730 954 καὶ
757 902 817 955 τὸ
846 903 978 957 αὐτὸ
1007 902 1170 973 εἶναι,
1207 909 1465 980 καθάπερ
1497 911 1662 980 σῶμα
1684 912 1744 965 ἓν
1775 914 1870 966 καὶ

305 998 479 1061 οὕτως
514 994 608 1049 τοῦ
658 997 916 1065 σώματος
949 998 1164 1070 σφαγὴν
1200 1001 1350 1069 μίαν.
1373 1004 1483 1057 Καὶ
1526 1004 1701 1057 ταῦτα
1771 1006 1869 1074 μὲν

296 1089 427 1160 περὶ
453 1087 677 1141 τούτων.

882 1185 1130 1240 ΚΕΦΛΛ.
1174 1184 1297 1239 ΛΓν.

293 1278 437 1347 Περὶ
467 1279 588 1337 τῶν
608 1282 758 1352 μετά
799 1282 915 1348 τὴν
954 1282 1181 1336 θυσίαν
1215 1282 1435 1351 εὐχῶν,
1464 1284 1560 1335 καὶ
1594 1284 1684 1348 τίς
1710 1283 1746 1337 ὁ
1764 1285 1867 1337 .16-

366 1368 475 1416 τος
509 1354 638 1408 καθ’
674 1354 744 1407 ὃν
794 1352 1059 1407 ἐνταῦθα
1089 1354 1454 1422 μνημονεύει
1485 1352 1605 1407 τῶν
1658 1353 1867 1422 ἁγίων,

364 1423 467 1475 καὶ
510 1422 622 1491 τῆς
663 1423 971 1492 Παναγίας
1015 1422 1351 1491 ἐξαιρέτως.

394 1516 437 1567 Ο
466 1515 523 1568 δὲ
553 1517 758 1586 ἱερεὺς,
779 1516 872 1583 τῆς
898 1515 1088 1579 θυσίας
1117 1515 1491 1588 τελεσθείσης,
1540 1518 1633 1571 καὶ
1666 1517 1728 1570 τὸ
1758 1519 1871 1570 ἐνέ-

291 1618 464 1671 χυρον
531 1602 631 1672 τῆς
694 1605 786 1658 τοῦ
848 1600 983 1659 Θεοῦ
1038 1600 1451 1677 φιλανθρωπίας
1508 1609 1870 1679 προκείμενον

291 1695 571 1760 ὀρῶν,τύν
608 1696 804 1767 ’Ᾱμνύν
828 1697 1017 1760 αὐτοῦ,
1053 1696 1128 1762 ὡς
1169 1698 1269 1769 ἤδη
1314 1699 1409 1751 τοῦ
1451 1700 1675 1769 μεσίτου
1711 1698 1872 1755 λαϐό-

296 1801 483 1854 μενος,
518 1788 611 1839 καὶ
652 1789 772 1855 μεθ’
800 1788 993 1843 ἑαυτοῦ
1034 1789 1124 1843 τὸν
1154 1792 1509 1860 παράκλητον
1544 1790 1706 1861 ἔχων,
1731 1808 1872 1860 γνω-

298 1877 441 1944 ρίζει
485 1880 552 1931 τὰ
582 1880 778 1935 ἑαυτοῦ
809 1881 1089 1952 αἰτήματα
1123 1882 1259 1954 πρὸς
1286 1883 1376 1936 τὸν
1406 1884 1559 1950 Θεὸν,
1596 1886 1750 1955 ἐκχεῖ
1771 1886 1871 1955 τὴν

1980 732 2139 793 talio.
2161 731 2257 785 sed
2286 746 2393 786 non
2427 742 2558 788 tunc
2595 734 2652 787 llt
2678 733 2886 789 occisio
2925 753 2937 789 :
2981 743 3035 787 et
3062 733 3143 788 sic
3180 734 3229 787 id
3260 735 3403 802 quod
3444 750 3564 789 mus

1980 830 2130 874 tatur
2158 823 2400 890 quidem,
2432 823 2622 896 multa,
2653 834 2706 878 et
2740 824 2969 878 mutatio
3002 840 3179 892 s-rpe;
3206 824 3257 877 id
3289 836 3473 878 autem
3506 826 3566 879 in

1974 914 2117 985 quod
2152 924 2392 970 mutatur
2436 917 2569 971 nihil
2603 917 2852 986 prohibet
2898 930 3068 971 unum
3098 925 3153 971 et
3194 917 3337 971 idem
3383 933 3507 973 esse
3541 959 3556 981 .

1972 1008 2115 1062 sicut
2143 1023 2311 1061 unum
2337 1022 2561 1078 corpus,
2622 1008 2694 1062 ita
2727 1010 2896 1063 etiam
2922 1008 3265 1064 occisionem
3308 1011 3561 1079 corporis

1980 1115 2169 1155 unam.
2204 1100 2268 1155 Et
2290 1102 2406 1156 lucc
2431 1102 2650 1172 quidem
2683 1102 2750 1157 de
2778 1103 2884 1158 bis.

2545 1193 2698 1249 CAP.
2735 1193 2986 1248 XXXI".

1978 1285 2055 1340 De
2114 1288 2444 1340 orationibus
2511 1296 2630 1357 post
2678 1288 3047 1359 sacriﬁcium.
3088 1296 3137 1340 et
3183 1300 3427 1359 quwnam
3483 1298 3561 1339 est

2047 1359 2238 1417 oratio.
2271 1369 2482 1428 propter
2526 1374 2686 1428 quam
2719 1357 2804 1411 liii:
2835 1358 3077 1411 meminit
3129 1357 3457 1425 sanctorum,
3511 1362 3564 1411 et

2047 1429 2311 1497 prwcipue
2340 1426 2725 1483 Sanctissimw.

2050 1514 2321 1573 Sacerdos
2346 1529 2551 1583 autem,
2572 1529 2791 1585 peracto
2821 1520 3126 1585 sacrificio,
3156 1531 3207 1575 et
3236 1522 3432 1591 pignus
3469 1522 3558 1575 Usi

1980 1611 2331 1680 benignitatis
2379 1611 2595 1678 videns,
2635 1614 2847 1681 Agnum
2881 1614 3001 1681 ejus
3031 1616 3396 1683 propositum,
3432 1624 3558 1669 tan-

1976 1714 2140 1769 quam
2168 1700 2283 1768 iam
2327 1700 2696 1756 intercessore
2753 1706 2999 1771 accepto,
3035 1713 3088 1757 et
3115 1720 3301 1759 secum
3352 1705 3561 1761 habens

1976 1789 2325 1854 advocatum,
2361 1800 2515 1844 notas
2564 1790 2696 1847 facit
2733 1806 2863 1847 suas
2896 1794 2963 1847 ad
3022 1792 3190 1849 Deum
3229 1797 3565 1864 petitiones;

1976 1879 2205 1936 ell'uudit
2241 1898 2430 1951 preces
2453 1898 2577 1937 cum
2612 1883 2752 1939 bona
2777 1884 2888 1955 jam
2915 1895 2969 1941 et
3002 1886 3159 1940 ﬁrma
3187 1901 3316 1957 Spc;
3344 1898 3398 1943 et
3426 1905 3565 1957 quo-

295 1964 485 2040 ἱέησιν
516 1973 654 2041 μετά
685 1974 931 2044 χρηστῆς
962 1976 1061 2047 ἤδη
1103 1976 1198 2030 καὶ
1229 1976 1457 2048 βεϐαίας
1492 1978 1729 2043 ἐλπίδος,
1778 1982 1873 2033 καὶ

1983 1991 2126 2038 rum,
2161 1991 2331 2046 panes
2387 1992 2721 2047 proponens,
2748 1981 3018 2049 meminit,
3078 1993 3132 2037 et
3203 1998 3302 2053 pro
3362 1985 3571 2053 quibus

294 2054 371 2116 ὧν
403 2066 685 2133 προτιθεὶς
724 2068 815 2121 τὸν
858 2070 1023 2141 άρτον
1056 2071 1331 2144 ἐμνήσθη,
1361 2075 1457 2127 καὶ
1496 2074 1635 2145 ὑπὲρ
1667 2068 1742 2128 ὧν
1771 2073 1870 2138 τὰς

296 2159 648 2227 προτελείους
703 2162 867 2232 εὐχὰς
915 2163 1230 2237 ἐποιήσατο,
1283 2168 1379 2221 καὶ
1416 2167 1484 2220 τὰ
1516 2166 1666 2237 δῶρα
1700 2185 1873 2238 προσ-

295 2253 523 2318 ήνεγκε,
579 2252 675 2304 καὶ
730 2255 1130 2327 προσδεχθῆναι
1187 2258 1364 2311 ταῦτα
1416 2259 1649 2325 ἱκέτευε,
1700 2260 1876 2315 ταῦτα

294 2340 700 2411 προσδεχθέντα
728 2342 948 2416 εὔχεται
980 2348 1059 2410 είς
1103 2346 1267 2417 ἔργον
1314 2348 1609 2419 προϐῆναι.
1640 2347 1778 2402 Τίνα
1818 2348 1874 2401 δὲ

293 2429 504 2498 ταῦτα;
536 2434 708 2488 Κοινὰ
728 2435 825 2489 καὶ
856 2434 992 2503 ζύσι
1020 2440 1114 2492 καὶ
1148 2438 1467 2502 ἀπελθοῦσι,
1500 2442 1560 2493 τὸ
1588 2438 1687 2510 τὴν
1711 2439 1875 2509 χάριν

292 2527 887 2600 ἀντικαταπεμφθῆναι
939 2532 1061 2585 ἀντὶ
1100 2531 1212 2585 τῶν
1253 2531 1441 2601 δώρων
1475 2532 1628 2603 παρά
1659 2531 1755 2585 τοῦ
1788 2531 1874 2586 δε-

296 2616 538 2688 ξαμένου
572 2622 747 2677 ταῦτα
779 2622 912 2677 Θεοῦ
935 2640 950 2655 ’
990 2625 1095 2697 ἰδίᾳ
1140 2625 1195 2678 δὲ
1242 2626 1354 2688 τοῖς
1408 2625 1508 2695 μὲν
1545 2625 1871 2693 ἀπελθοῦσι,

295 2710 487 2781 ψυχῶν
530 2713 856 2779 ἀνάπαυσιν,
892 2716 987 2770 καὶ
1020 2715 1300 2786 βασιλείας
1330 2717 1699 2788 κληρονομίαν
1733 2715 1877 2788 μετὰ

296 2802 408 2857 τῶν
438 2804 875 2873 τετελειωμένων
923 2806 1127 2877 ἁγίωνο
1162 2810 1276 2873 τοῖς
1315 2809 1373 2861 δὲ
1404 2808 1563 2872 ζῶσι,
1598 2810 1660 2863 τὸ
1710 2816 1878 2879 μετα-

297 2900 455 2968 σχεῖν
509 2901 607 2970 τῆς
679 2900 835 2970 ἱερᾶς
884 2901 1189 2973 τραπέζης,
1238 2903 1333 2957 καὶ
1384 2902 1733 2975 ἀγιασθῆναι,
1781 2904 1878 2958 καὶ

298 2988 512 3058 μηδένα
544 2990 622 3052 είς
653 2990 833 3061 κρίμα
867 2995 1193 3064 μετασχεῖν⁸
1229 2993 1428 3062 ἄφεσιν
1455 2994 1764 3065 ἁμαρτιῶν,
1796 2997 1877 3051 εί-

294 3083 497 3153 ρήνην,
555 3083 881 3154 εὐετηρίαν,
942 3086 1213 3157 χορηγίαν
1264 3086 1372 3139 τῶν
1429 3088 1769 3155 ἀναγκαίων,
1815 3089 1876 3143 τὸ

292 3175 631 3240 τελευταῖον,
665 3178 945 3248 βασιλείας
967 3180 1153 3247 ἀξίους
1184 3182 1421 3252 φανῆναι
1454 3182 1603 3254 παρὰ
1631 3183 1708 3254 τῷ
1730 3184 1875 3255 Θεῷ.

312 3269 471 3323 Ἐπεὶ
506 3270 561 3324 δὲ
600 3271 668 3324 οὐ
704 3272 869 3342 μόνον
911 3274 1117 3338 ίκέσιος
1166 3274 1309 3347 αὐτὴ
1342 3277 1375 3347 ἠ
1409 3278 1752 3348 προσαγωγὴ
1778 3280 1876 3349 τῆς

297 3362 517 3427 θυσίας,
541 3363 676 3417 ἀλλά
701 3366 796 3419 καὶ
821 3369 1197 3438 χαριστήριος,
1221 3369 1475 3442 καθάπερ
1513 3373 1570 3424 ὲν
1602 3374 1715 3436 τοῖς
1747 3388 1876 3442 προσ

295 3455 501 3523 οιμίοις
528 3454 624 3524 τῆς
662 3455 884 3525 τελετῆς
906 3496 921 3521 ,
956 3458 1125 3527 ἡνίκα
1144 3460 1172 3513 ὁ
1195 3459 1376 3530 lapsi);
1406 3460 1479 3524 ὡς
1510 3461 1662 3531 δῶρα
1691 3460 1881 3515 ἀνατί-

298 3546 430 3615 θησι
480 3547 555 3616 τῷ
593 3547 710 3618 Θεῷ
760 3546 1179 3620 προσαγόμενοι,
1228 3554 1324 3605 καὶ
1372 3552 1473 3623 τὴν
1514 3554 1879 3625 εὐχαριστίαν

302 3639 557 3708 ἐμφαίνει
597 3641 692 3694 καὶ
724 3642 825 3712 τὴν
870 3642 1078 3696 ἱκεσίαν
1100 3658 1114 3671 ·
1150 3643 1294 3699 οὕτω
1342 3644 1570 3698 καὶτνῦν
1603 3646 1879 3700 τυθέντων

316 3732 411 3785 καὶ
456 3734 843 3787 τελειωθέντων
897 3736 1008 3788 τῶν
1058 3735 1271 3805 δώρων,
1329 3736 1425 3790 καὶ
1465 3738 1781 3807 εὐχαριστεῖ
1810 3738 1878 3792 δι’

316 3824 494 3878 αὐτῶν
513 3826 584 3896 τῷ
612 3826 733 3898 Θεῷ
758 3828 854 3880 καὶ
886 3827 1097 3882 ἱκεσίαν
1128 3829 1418 3897 προσάγει,
1446 3831 1541 3885 καὶ
1569 3829 1748 3900 τίθησι
1777 3830 1879 3900 μὲν

306 3921 408 3981 τὰς
461 3919 710 3990 ἀφορμὰς
759 3919 858 3991 τῆς
894 3920 1273 3992 εὐχαριστίας,
1321 3922 1655 3993 προστίθησι
1691 3922 1747 3975 δὲ
1786 3924 1881 3976 καὶ

300 4012 402 4073 τὰς
434 4011 717 4076 ὑποθέσεις
750 4013 851 4081 τῆς
908 4013 1140 4076 ἱκεσίας.
1184 4012 1293 4067 Καὶ
1349 4014 1496 4078 τίνες
1530 4015 1587 4068 αἱ
1631 4014 1881 4085 ἀφορμαὶ

298 4101 404 4169 τῆς
457 4102 853 4175 εὐχαριστίας;
899 4102 965 4158 Οἱ
997 4104 1166 4173 ἅγιοι,
1194 4105 1451 4177 καθάπερ
1493 4106 1587 4159 καὶ
1613 4106 1882 4178 πρότερον

301 4194 547 4264 εἴρηται.
588 4195 676 4250 Ἐν
700 4194 913 4259 τούτοις
947 4194 1059 4267 γὰρ
1087 4199 1119 4265 ἢ
1162 4196 1464 4268 Ἐκκλησία
1506 4197 1568 4252 τὸ
1612 4198 1885 4269 ζητούμε-

303 4304 398 4340 νον
430 4281 583 4358 εὗρε,
614 4287 833 4357 καὶτῆς
892 4288 1060 4358 εὐχῆς
1094 4288 1254 4360 ἔτυχε
1297 4289 1398 4357 τῆς
1448 4289 1731 4360 βασιλείας
1772 4291 1883 4346 τῶν

303 4378 582 4447 οὐρανῶν.
624 4378 781 4442 Τίνες
823 4380 878 4434 δὲ
931 4379 1025 4455 καὶ
1066 4380 1122 4434 αἱ
1171 4380 1463 4445 ὑποθέσεις
1506 4383 1609 4453 τῆς
1654 4381 1885 4456 Ἐκκλη-

306 4472 471 4538 σίας;
519 4472 582 4526 Oi
624 4472 793 4545 μήπω
842 4474 1261 4538 τελειωθέντες,
1301 4476 1351 4528 oi
1402 4475 1648 4545 δεόμενοι
1694 4477 1880 4549 εὐχῆς.

305 4564 417 4619 Καὶ
452 4564 583 4633 περὶ
622 4565 727 4633 μὲν
771 4563 879 4617 τῶν
932 4565 1107 4635 ἁγίων
1156 4564 1267 4633 ἔτι,
1306 4583 1325 4618 ι
1367 4565 1728 4637 ιῙροσάγομέν
1773 4586 1879 4633 σοι,

1979 2083 2168 2137 preces
2201 2069 2255 2122 in
2295 2069 2609 2125 celebrandi
2677 2073 2917 2144 mysterii
2972 2077 3369 2143 praparatione
3414 2076 3562 2141 fecit,

1978 2171 2031 2216 et
2052 2161 2193 2215 dona
2229 2163 2453 2229 obtulit,
2484 2173 2621 2219 etut
2652 2180 2716 2219 ca
2746 2166 3184 2236 susciperentur.
3216 2168 3561 2237 supplicavit,

1975 2273 2040 2313 ea
2103 2259 2330 2329 hisjam
2364 2261 2658 2331 susceptis,
2716 2271 2774 2315 ut
2834 2262 2886 2315 iu
2950 2277 3091 2331 opus
3140 2274 3367 2324 cavant.
3421 2273 3561 2317 orat.

1977 2350 2240 2420 Quasnam
2267 2364 2450 2407 autem
2492 2365 2621 2410 sunt
2649 2354 2803 2409 haec?
2833 2352 3185 2417 Commonia,
3219 2365 3273 2410 et
3304 2354 3463 2415 vivis.
3492 2364 3567 2409 'et

1977 2444 2048 2499 iis
2079 2444 2171 2514 qui
2201 2453 2601 2502 excesserunt:
2635 2453 2695 2499 ut
2718 2460 2830 2514 pro
2855 2444 3014 2499 donis
3038 2447 3210 2514 gratia
3244 2444 3566 2499 demittatur

1977 2551 2008 2591 a
2040 2535 2146 2590 Deo
2173 2536 2266 2606 qui
2293 2535 2385 2590 illa
2414 2535 2697 2604 suscepit;
2739 2536 3036 2605 separatim
3078 2546 3259 2590 autem
3288 2536 3565 2590 defunctis

1977 2626 2198 2697 quidem
2236 2626 2555 2680 animarum
2587 2625 2857 2697 requiem,
2883 2635 2936 2680 et
2991 2627 3147 2697 regni
3191 2626 3562 2679 haereditatem

1979 2734 2103 2774 cum
2155 2720 2366 2775 sanctis
2410 2720 2853 2784 consummatis;
2890 2718 3030 2773 vivis
3086 2726 3295 2784 autem,
3363 2727 3422 2772 ut
3455 2718 3565 2773 siut

1978 2820 2188 2869 sanctte
2210 2825 2414 2867 mensae
2440 2811 2759 2880 participes.
2790 2820 2841 2864 et
2864 2810 3300 2875 sanctiﬁcentur,
3329 2818 3381 2864 et
3396 2824 3571 2875 nemo

1979 2904 2049 2959 sit
2078 2903 2198 2973 ejus
2236 2902 2578 2972 injudiciom
2612 2901 2694 2957 vel
2718 2902 3234 2959 condemnationem
3261 2902 3563 2971 particeps:

1978 2994 2365 3051 remissionem
2406 3005 2785 3065 peccatorum,
2823 3010 3039 3065 pacem,
3075 2994 3442 3056 fertilitatem.
3472 3010 3567 3048 re-

1978 3104 2101 3144 rum
2134 3089 2578 3145 necessariarum
2614 3089 3126 3159 suppeditatiouem
3163 3107 3175 3143 :
3213 3098 3265 3143 et
3289 3098 3569 3158 postremo

1982 3192 2041 3237 ut
2074 3198 2241 3252 regno
2271 3182 2420 3253 digni
2454 3184 2599 3253 apud
2637 3184 2803 3238 Deum
2841 3192 3164 3253 appareant.
3191 3181 3330 3248 Quia
3382 3189 3563 3236 autem

1982 3272 2186 3327 oblatio
2243 3273 2501 3327 sacriﬁcii
2542 3287 2650 3326 non
2708 3273 2883 3328 solum
2926 3282 3179 3328 versatur
3247 3273 3297 3325 iu
3358 3272 3571 3341 supplia

1984 3364 2224 3429 catioue,
2276 3364 2370 3419 sed
2404 3366 2567 3419 etiam
2606 3365 2903 3435 gratiarum
2928 3367 3170 3427 actiOue,
3198 3365 3571 3434 quemadmov

1983 3458 2113 3512 dum
2176 3457 2229 3511 in
2294 3459 2565 3526 promunio
2617 3457 3011 3512 celebrationis
3043 3458 3313 3528 mysterii,
3343 3456 3565 3527 quando

1981 3553 2240 3607 sacerdos
2292 3561 2553 3621 tanquam
2590 3553 2732 3605 dona
2773 3550 2883 3605 Deo
2933 3550 3147 3604 dedit-at
3175 3566 3296 3618 qua:
3324 3550 3566 3604 oll‘erun-

1984 3651 2095 3705 tur.
2146 3651 2201 3697 et
2235 3644 2534 3712 gratiarum
2578 3643 2853 3696 actionem
2890 3642 3132 3697 oswndit
3190 3651 3246 3697 et
3290 3642 3571 3712 supplica--

1982 3734 2186 3788 tionem
2222 3753 2236 3789 :
2268 3736 2342 3787 ita
2378 3734 2540 3787 etiam
2570 3748 2718 3788 nunc
2742 3732 3069 3789 sacriﬁcatis
3095 3740 3149 3786 et
3177 3731 3431 3801 perfectis
3464 3733 3564 3785 do-

1983 3828 2166 3885 uis.et
2190 3842 2284 3895 per
2315 3840 2379 3879 ea
2423 3824 2532 3880 Deo
2572 3824 2778 3896 gratias
2815 3825 2924 3895 agit
2967 3835 3021 3879 et
3070 3825 3233 3881 oﬂert
3289 3824 3566 3895 supplica-

1981 3920 2210 3986 tionem,
2259 3926 2315 3973 et
2378 3918 2530 3987 ponit
2587 3917 2810 3987 quidem
2865 3917 3163 3987 gratiarum
3224 3918 3561 3988 agendarum

1982 4025 2206 4073 causas,
2268 4010 2457 4079 adjicit
2493 4020 2674 4064 autem
2733 4009 2899 4063 etiam
2940 4008 3358 4079 supplicationis
3392 4018 3564 4062 mate-

1983 4106 2143 4159 rEam.
2191 4104 2259 4158 Et
2312 4117 2563 4172 quaenam
2625 4111 2756 4157 sunt
2813 4118 2996 4157 causa:
3063 4102 3260 4173 agendi
3316 4101 3577 4173 gratias?

1985 4194 2199 4257 Sancti.
2231 4194 2375 4249 sicut
2406 4196 2558 4264 prius
2594 4195 2803 4250 dictum
2836 4204 2944 4251 est.
2999 4194 3054 4249 lu
3088 4196 3156 4251 iis
3190 4194 3337 4249 enim
3383 4192 3567 4249 Eccl-'-

1985 4290 2066 4345 sia
2099 4286 2475 4356 iuvenitquod
2513 4286 2753 4356 petebat,
2796 4296 2851 4341 et
2889 4284 3033 4356 quod
3063 4286 3277 4346 orabat.
3312 4296 3565 4340 assecuta

1983 4389 2087 4445 est,
2120 4392 2313 4445 nempe
2337 4391 2561 4446 regnum
2595 4377 2889 4432 cmlorum.
2930 4374 3062 4442 Quae
3092 4386 3177 4431 est
3214 4386 3394 4429 autem
3452 4390 3569 4429 ma—

1986 4473 2121 4527 teria
2165 4468 2621 4541 supplicationis?
2665 4468 2770 4534 Qui
2820 4469 3065 4523 nondum
3126 4476 3254 4523 sunt
3309 4482 3570 4521 consum-

1987 4564 2143 4629 mati,
2173 4563 2266 4633 qui
2296 4577 2434 4632 opus
2480 4562 2687 4616 habent
2712 4561 2982 4615 oratione.
3030 4557 3099 4613 Et
3127 4559 3192 4612 de
3214 4558 3424 4612 sanctis
3446 4558 3571 4624 qui-

305 4656 464 4725 φησὶ,
521 4656 622 4727 τὴν
674 4657 900 4729 λογικὴν
946 4658 1152 4730 ταύτην
1200 4657 1461 4729 λατρείαν
1492 4660 1633 4729 ὑπὲρ
1678 4660 1789 4715 τῶν
1821 4664 1878 4717 ὲν

1985 4658 2107 4712 dem
2139 4675 2153 4711 :
2191 4674 2211 4708 ι
2250 4654 2520 4709 Prteterea
2550 4651 2836 4707 offerimus
2866 4650 2985 4719 tibi,
3018 4650 3219 4720 inquit.
3269 4648 3570 4704 rationabi-

305 4750 495 4804 πίστει
528 4750 1147 4821 προαναπαυσαμένων,
1170 4751 1448 4824 πατέρων,
1487 4754 1880 4826 προπατόρων,

307 4842 685 4914 πατριαρχῶν,
721 4844 1042 4915 προφητῶν,
1081 4845 1509 4914 εὐαγγελιστῶν,
1541 4846 1882 4913 ἀποστόλων,

304 4935 594 5006 κηρύκων,
653 4935 1031 5007 ὀμολογητῶν,
1083 4937 1492 5007 ὲγκρατευτῶν,
1544 4939 1638 4992 καὶ
1682 4939 1883 5004 παντὸς

307 5027 619 5095 πνεύματος
648 5027 707 5081 ὲν
754 5027 940 5081 πίστει
973 5028 1424 5099 τετελειωμένοι),
1456 5029 1753 5103 ἐξαιρέτως
1786 5031 1884 5101 τῆς

309 5121 607 5189 παναγίας,
669 5122 964 5191 ἀχράντου,
1018 5122 1579 5195 ὐπερευλογημίνης,
1630 5123 1881 5191 ἐνδόξου,

309 5215 609 5285 Δεσποίνης
651 5215 810 5284 ἡμῶν
870 5213 1149 5270 Θεοτόκουο
1203 5215 1299 5269 καὶ
1340 5215 1712 5286 ἀειπσρθένου
1760 5217 1885 5271 Μα-

310 5309 457 5381 ρίας,
506 5324 526 5358 ι
564 5307 660 5361 καὶ
693 5306 821 5376 ἑξῆς
867 5306 1164 5376 καταλέγει
1190 5307 1288 5361 τὸν
1312 5307 1424 5361 τῶν
1456 5308 1631 5375 ἁγίων
1663 5307 1885 5363 ἅπαντα

311 5398 593 5466 σύλλογον.
628 5391 789 5451 Οὗτοί
820 5398 961 5451 εἰσιν
1002 5398 1254 5470 ἀφορμαὶ
1300 5397 1403 5469 τῆς
1453 5398 1593 5469 πρὸς
1622 5398 1753 5452 Θεὸν
1799 5398 1883 5453 εὐο

309 5489 599 5559 χαριστίας
647 5490 713 5558 τῇ
775 5487 1098 5558 Ἐκκλησία.
1146 5486 1317 5559 ’Υπὲρ
1363 5487 1568 5542 τούτων
1618 5487 1885 5557 προσάγει

310 5580 409 5651 τὴν
442 5578 669 5648 λογικὴν
712 5578 922 5648 ταύτην
964 5579 1247 5649 λατρείαν,
1278 5578 1353 5643 ὡς
1400 5580 1758 5650 χαριστήριον
1807 5578 1886 5650 τῷ

313 5672 432 5742 Θεῷ
453 5689 469 5704 ο
499 5671 593 5725 καὶ
631 5672 851 5725 πάντων
886 5671 1182 5743 ὲξαιρίτως
1221 5672 1330 5725 τῶν
1359 5673 1557 5739 ἄλλων,
1603 5673 1745 5742 ὐπὲρ
1787 5670 1887 5743 τῆς

318 5762 596 5833 μακαρίας
634 5760 730 5816 τοῦ
785 5761 923 5816 Θεοῦ
974 5764 1202 5835 μητρὸς,
1250 5763 1325 5827 ὡς
1373 5763 1541 5835 οὔσης
1576 5764 1887 5835 ἁγιωσύνης

318 5859 571 5912 ἐπέκεινα
606 5857 807 5925 πάσης.
860 5856 958 5910 Διά
987 5856 1145 5910 τοῦτο
1178 5858 1331 5911 οὐδὲν
1373 5859 1560 5920 αὐτοῖς
1608 5855 1827 5927 εὔχεται
1858 5859 1886 5911 ὁ

321 5940 534 6021 ἱερεύς·
590 5948 957 6019 ἀλλὰ-μᾶλλον
1008 5949 1169 6015 αὐτὸς
1222 5949 1350 6022 παρ’
1386 5951 1609 6005 ἐκείνων
1655 5952 1730 6015 εἰς
1787 5950 1886 6016 τάς

1985 4747 2089 4802 lein
2127 4747 2274 4801 hunc
2319 4745 2546 4807 cultum,
2592 4758 2691 4811 pro
2724 4744 2793 4798 iis
2816 4742 2909 4812 qui
2935 4742 2988 4796 in
3024 4741 3129 4797 tide
3163 4742 3316 4811 prius
3353 4741 3569 4805 requie—

1983 4851 2203 4905 verunt,
2282 4839 2422 4901 avis,
2490 4835 2762 4905 patribus,
2841 4833 3193 4904 patriarchis,
3281 4835 3567 4904 apostolis,

1983 4927 2285 4999 prophetis,
2374 4924 2751 4995 evangelistis,
2837 4924 3203 4995 martyribus,
3286 4924 3567 4981 confesso-

1982 5021 2178 5086 ribus,
2241 5017 2704 5085 continentibus,
2775 5024 2828 5071 et
2910 5018 3163 5089 quolibet
3238 5021 3435 5089 spiritu
3515 5020 3566 5073 in

1985 5124 2119 5181 pace
2168 5120 2574 5174 consummato,
2627 5111 2903 5181 prmeipue
2967 5119 3150 5167 autem
3193 5111 3567 5171 sanctissima.

1987 5205 2340 5267 intemerata,
2368 5202 2596 5258 domina
2651 5213 2843 5259 nostra
2878 5202 3110 5275 Dcipara
3135 5214 3192 5260 et
3219 5219 3435 5273 semper
3462 5204 3574 5257 vir—

1987 5296 2115 5366 gine
2162 5294 2367 5360 Maria;
2414 5313 2433 5346 ι
2469 5303 2525 5351 et
2581 5294 2845 5366 deinceps
2869 5305 3157 5352 enumerat
3198 5309 3413 5350 onmem
3443 5308 3581 5349 sane

1987 5402 2202 5444 elerum
2239 5397 2470 5445 coelum.
2518 5387 2585 5445 lli
2617 5400 2752 5446 sunt
2789 5388 3048 5447 Ecclesiae
3086 5388 3416 5459 agendarum
3463 5387 3583 5442 Deo

1987 5486 2285 5555 gratiarum
2371 5499 2577 5541 causa}.
2651 5486 2762 5542 Pro
2835 5484 2901 5541 iis
2960 5483 3121 5541 oﬂ'ert
3188 5482 3573 5537 rationabilem

1993 5578 2141 5633 hunc
2187 5578 2420 5641 cultum,
2480 5586 2744 5649 tanquam
2786 5579 2896 5633 Deo
2941 5576 3238 5648 gratiarum
3277 5575 3581 5639 actionem,

1989 5683 2044 5728 et
2081 5687 2193 5741 prie
2222 5671 2437 5726 caeteris
2488 5671 2747 5725 omnibus
2788 5684 2886 5739 pro
2934 5668 3093 5723 beata
3156 5669 3246 5722 iiei
3299 5665 3472 5723 Matre
3510 5683 3577 5719 ιι,

1990 5777 2113 5834 quae
2168 5778 2388 5819 omnem
2416 5762 2764 5818 sanctitatem
2809 5760 3055 5815 excedat.
3109 5758 3403 5829 Propterea
3435 5755 3581 5811 nihil

1991 5871 2090 5923 pro
2117 5855 2200 5911 eis
2221 5863 2341 5909 orat
2369 5854 2649 5918 sacerdos,
2683 5853 2776 5908 sed
2802 5851 2983 5922 potius
3006 5868 3100 5907 eos
3125 5860 3272 5919 orat,
3301 5860 3361 5906 ut
3392 5852 3461 5906 ab
3489 5850 3583 5908 ei!

1992 5950 2047 6006 in
2074 5947 2422 6030 orationibus
2448 5947 2758 6020 adjuvetur.
2797 5945 2932 6013 Quia
2970 5962 3078 6031 non
3119 5944 3185 6001 ad
3214 5944 3577 6017 supplicatio»
