4030 6454
291 435 386 510 H5
1488 430 1772 490 Ll'l'URG
1790 430 1881 487 l/E
1925 427 2351 487 EXi’OSiTiO.
3442 417 3548 480 446

292 556 638 625 ἀνθρωπίνων
673 551 879 612 κακῶν.
929 551 1088 604 Ἀλλά
1117 550 1368 616 καθάπερ
1397 553 1423 601 ὁ
1453 547 1723 616 ἁγιασμὸς
1754 545 1822 597 αὖ

1958 545 2326 598 sanctiﬁcatio
2389 558 2493 596 non
2560 551 2642 596 est
2702 543 2948 595 hutuanae
3001 535 3219 591 virtutis
3260 535 3545 604 opuszita

291 645 388 698 τῶν
413 645 511 697 οὐκ
543 643 693 696 ἐστιν
721 643 1069 714 ἀνθρωπίνης
1098 645 1303 711 ἀρετῆς
1356 641 1541 710 ἔργον,
1571 639 1741 700 οὕτως
1772 639 1860 688 οἰ,-

1967 653 2069 690 nec
2109 639 2222 692 ﬁeri
2265 647 2440 706 potest
2466 645 2525 690 ut
2558 651 2677 690 eam
2711 633 2996 688 hominum
3023 633 3212 685 vitium
3237 629 3547 698 prohibt-at.

295 735 373 788 δὲν
404 733 707 787 κωλύεσθαι
743 735 966 787 δυνατὸν
997 722 1156 790 αὐτὸν
1187 716 1291 786 sita
1345 732 1555 785 κακιῶν
1584 728 1858 798 ἀνθρωπί-

1967 728 2257 782 Set-uudus
2287 738 2466 780 autem
2499 734 2691 793 nostro
2727 725 2892 777 etiam
2935 721 3118 775 studio
3167 731 3246 778 et.
3265 718 3549 785 diligentia

302 845 419 895 νων.
460 826 512 877 ’0
539 825 789 895 δεύτερος
845 825 901 879 δὲ
937 826 1030 877 καὶ
1053 827 1148 892 τῆς
1181 826 1459 894 ἡμετέρας
1493 823 1662 876 δεῖται
1695 838 1858 884 σπου.-

1967 820 2192 892 indiget.
2249 818 2356 873 Nos
2393 819 2536 872 enim
2568 817 2740 884 gratia
2796 830 2890 883 per
2933 814 3075 866 dona
3123 809 3452 873 sanctiﬁcat,
3501 808 3545 861 si

339 894 358 912 ,
704 894 707 895 ,

305 915 406 985 δῆς.
441 915 533 968 liti
558 916 716 969 τοῦτο
743 917 834 968 καὶ
872 917 978 968 ὑπὸ
1023 917 1122 983 τῆς
1166 915 1324 985 ἡμῶν
1366 913 1636 968 κωλύεται
1690 909 1858 981 ρᾳθυ-

1968 901 2067 976 υος
2118 910 2186 966 ad
2219 911 2709 978 sanctiﬁcationcm
2776 919 2933 976 aptos
2985 913 3038 958 et
3098 901 3547 960 aecommodatos

306 1011 436 1076 μίας.
481 1007 724 1076 Ἀγιάζει
751 1007 859 1077 γὰρ
896 1008 927 1075 ὴ
974 1006 1132 1076 χάρις
1173 1007 1259 1058 διὰ
1312 1006 1419 1058 τῶν
1467 1005 1658 1075 δώρων
1690 1004 1857 1073 ἡμᾶς.

1967 1006 2169 1074 ceperit
2203 1022 2216 1058 :
2255 1005 2336 1058 sin
2364 1014 2542 1057 autem
2573 1002 2625 1054 in
2661 1015 2764 1053 nos
2790 1000 3087 1067 imparatos
3121 993 3394 1054 inciderit,
3447 1005 3547 1043 nec

300 1103 383 1153 ἐὰν
415 1102 548 1170 πρδς
578 1102 670 1153 τον
715 1101 985 1170 ἀγιασμδν
1037 1099 1358 1168 ἐπιτηδείως
1397 1098 1620 1166 ἔχοντας
1681 1096 1820 1166 λάὸῃ
1847 1111 1858 1124 ·

1969 1096 2133 1150 ullam
2170 1096 2456 1149 utilitatem
2495 1093 2760 1152 attulerit,
2798 1099 2851 1143 et
2905 1089 3200 1158 plurimmn
3255 1086 3420 1137 etiam
3457 1084 3547 1135 de-

298 1195 381 1244 ἐὰν
409 1193 463 1246 δὲ
496 1193 1002 1260 ἀπαρασκευάστοις
1039 1192 1279 1263 ἐμπέσῃ,
1303 1189 1428 1243 οὔτε
1483 1188 1674 1258 ὄφελος
1696 1187 1858 1256 ἤνεγ-

1969 1189 2286 1242 trimentum
2312 1188 2686 1253 damnumque
2714 1183 2947 1239 dederit.
2973 1180 3126 1234 Hane
3150 1178 3406 1248 gratiam,
3434 1175 3547 1228 sive

294 1305 382 1339 κεν
421 1285 595 1350 οὐδὲν,
628 1287 720 1340 καὶ
773 1287 966 1356 μυρίαν
1011 1288 1142 1354 ἡμῖν
1181 1285 1406 1354 ἐνέθηκε
1451 1283 1678 1354 βλάϐην.
1713 1281 1859 1336 Tetti-

1965 1292 2051 1334 est
2083 1279 2261 1334 solum
2291 1279 2543 1332 remissio
2574 1285 2947 1347 peccatorum,
2970 1273 3084 1326 sive
3119 1285 3239 1325 cum
3268 1270 3355 1322 illa
3381 1267 3543 1320 etiam

292 1395 384 1448 την
419 1379 518 1448 τὴν
551 1379 727 1450 χάριν,
765 1377 878 1429 εἴτε
926 1376 1119 1446 ἄφεσις
1155 1377 1262 1428 τῶν
1287 1377 1574 1447 ἁμαρτιῶν
1607 1375 1724 1428 ἐστι
1760 1373 1858 1443 μό-

1967 1372 2110 1427 aiiud
2157 1372 2360 1426 donum
2422 1371 2566 1440 quod
2623 1370 2786 1423 datur
2850 1367 2917 1420 iis
2947 1367 3041 1434 qui
3078 1379 3202 1417 cum
3233 1376 3365 1430 pura
3407 1376 3543 1413 con-

294 1485 397 1531 vov,
427 1470 536 1521 εῐτε
571 1468 686 1537 μετ’
715 1466 928 1537 ἐκείνης
959 1467 1056 1520 καὶ
1085 1467 1218 1536 ἀλλη
1247 1466 1422 1534 δωρεὰ
1468 1464 1718 1534 διδομένη
1752 1465 1860 1524 τοῖς

1965 1465 2194 1520 scientia
2232 1479 2444 1519 sacram
2487 1462 2630 1516 hanc
2661 1473 2872 1514 orenam
2906 1464 3151 1518 sumunt,
3183 1463 3304 1506 orat
3364 1466 3546 1506 sacer-

297 1560 429 1628 μετᾶ
459 1557 700 1632 καθαροῦ
753 1557 1054 1620 συνειδότος
1106 1557 1164 1618 τὸ
1194 1556 1339 1626 ἱερὸν
1385 1553 1546 1608 τοῦτο
1589 1553 1861 1610 δειπνούν-

1968 1559 2088 1619 dos,
2122 1572 2187 1610 ne
2219 1571 2249 1610 a
2281 1555 2442 1609 donis
2477 1553 2851 1622 prohibeatur,
2879 1559 2940 1603 ut
2969 1563 3090 1617 qnte
3138 1546 3309 1614 possit
3360 1542 3551 1612 prohi-

295 1669 397 1705 των
432 1653 668 1718 δεῖπνον,
700 1651 920 1720 εὔχεται
951 1651 980 1702 ὁ
1028 1650 1207 1720 ἱερεὺς
1266 1649 1341 1718 μὴ
1383 1646 1696 1714 κωλυθῆναι
1752 1645 1859 1700 cirri

1969 1650 2081 1712 heri
2117 1663 2212 1716 per
2259 1647 2559 1700 humanum
2599 1643 2809 1696 vitium.
2855 1639 3007 1694 lianc
3064 1636 3191 1689 facit
3247 1637 3544 1687 orationem

293 1743 398 1796 τῶν
441 1743 651 1814 δώρων,
701 1743 778 1806 ὡς
818 1744 1122 1813 δυναμένην
1192 1723 1506 1808 κωλυθῆναι
1538 1739 1602 1790 δι’
1651 1737 1864 1807 ἀνθρω-

1967 1741 2130 1796 etiam
2167 1739 2328 1808 paulo
2352 1745 2475 1806 post
2505 1751 2628 1789 cum
2659 1735 2913 1786 universa
2944 1726 3311 1783 eorunruniter
3359 1722 3548 1775 multi-

298 1837 456 1902 πίνην
485 1836 706 1891 κακίαν.
745 1835 960 1904 Ταύτην
998 1835 1098 1902 τὴν
1146 1833 1314 1902 εὐχὴν
1367 1831 1584 1902 εὔχεται
1615 1832 1712 1890 καὶ
1743 1830 1860 1899 μετ’

1969 1833 2192 1896 tudine;
2223 1838 2513 1900 postquam
2545 1826 2689 1880 enim
2733 1822 2993 1876 omnibus
3046 1816 3394 1873 concordiam
3426 1829 3549 1882 prc-

296 1926 447 1993 ὀλίγα
504 1925 598 1979 σὺν
624 1927 788 1998 παντὶ
833 1903 927 1995 τῷγ
964 1925 1159 1995 πλήθει
1208 1927 1385 1994 κοινῇ·
1417 1922 1712 1992 εὐξάμενος
1756 1921 1864 1991 γὰρ

1970 1933 2126 1978 catus
2153 1932 2258 1986 est,
2285 1930 2344 1975 ut
2381 1933 2490 1973 uno
2523 1933 2618 1973 ore
2643 1924 2696 1972 et
2727 1916 2892 1970 corde
2918 1912 3084 1966 Deum
3123 1910 3445 1981 gloriﬁcent,
3469 1906 3549 1959 sic

297 2018 499 2068 ἄπεισιν
539 1995 812 2086 ὁμόνοιαν,
847 2018 986 2071 ὥστε
1027 2018 1083 2068 ὲν
1115 2017 1193 2069 ἑνὶ
1230 2015 1458 2083 στόματι
1482 2013 1572 2066 καὶ
1603 2014 1704 2084 μιᾷ
1731 2029 1866 2082 καρ-

1968 2028 2190 2084 quoque
2217 2010 2498 2081 dispositis
2529 2008 2864 2063 annuntians
2900 2001 3334 2056 misericordiam
3366 1995 3547 2064 nragni

296 2108 378 2178 Et;
418 2107 666 2173 δοξάζειν
698 2110 789 2162 τὸν
815 2110 968 2173 Θεον,
1021 2110 1114 2162 καλ.
1149 2108 1292 2162 οὕτω
1331 2107 1656 2162 διατεθείσιν
1698 2108 1868 2173 ἐπαγ-

1969 2108 2063 2164 Dei
2097 2116 2152 2160 et
2179 2103 2488 2161 Servatoris
2534 2102 2708 2155 nostri
2753 2098 2882 2152 Jesu
2919 2093 3146 2155 Christi,
3180 2091 3374 2144 deinde
3399 2088 3551 2155 juhet

299 2201 617 2268 γειλάμενος
646 2203 714 2256 τὰ
765 2202 886 2271 ὲλέη
939 2200 1033 2255 τοῦ
1076 2201 1312 2270 μεγάλου
1363 2199 1496 2253 Θεοῦ
1546 2200 1639 2254 καὶ
1685 2198 1870 2266 Σωτῆ-

1969 2218 2064 2258 eos
2092 2215 2288 2269 rogare
2313 2198 2507 2262 Deum,
2543 2204 2598 2250 et
2659 2194 2725 2248 ad
2767 2209 2890 2247 eum
2925 2191 3106 2244 tacere
3157 2186 3302 2239 illam
3344 2182 3549 2236 oratio-

298 2308 386 2354 τος
431 2290 582 2358 ἡμῶν
631 2291 808 2360 Ἰησοῦ
865 2292 1125 2362 Χριστοῦ,
1185 2289 1305 2344 εἶτα
1362 2291 1572 2344 κελεύει
1611 2290 1867 2360 δεηθῆναι

1971 2309 2119 2360 nem,
2155 2307 2320 2362 quam
2380 2289 2538 2353 dixit,
2589 2286 2835 2342 omnium
2893 2289 3208 2336 sanctorum
3263 2273 3553 2343 implorato

297 2381 388 2432 τοῦ
423 2381 554 2433 Θεοῦ
613 2384 710 2450 τὴν
752 2384 1051 2454 εἰρημένην
1087 2385 1274 2454 εὐχὴν,
1315 2385 1381 2455 ἢν
1439 2384 1601 2446 αὐτὸς
1642 2383 1865 2450 ηὔξατο,

1969 2386 2175 2443 auxilio
2214 2401 2230 2440 :
2265 2383 2371 2438 hoc
2399 2382 2568 2444 enim,
2604 2379 2816 2433 scilicet
2853 2377 3176 2429 memoriam
3205 2371 3387 2424 facere
3436 2380 3555 2419 orn-

301 2473 501 2536 πάντας
542 2477 664 2538 τοὺς
694 2475 882 2543 ἁγίους
913 2478 993 2539 είς
1026 2476 1351 2548 ἐπικουρίαν
1399 2475 1654 2539 καλέσας.
1697 2477 1868 2528 Τοῦτο

1969 2480 2119 2534 nium
2157 2485 2500 2538 sanctorum,
2539 2480 2619 2526 est
2673 2472 2950 2531 invocare,
2989 2479 3168 2520 orare.
3206 2461 3271 2516 Et
3313 2459 3440 2530 quid
3475 2458 3557 2510 di-

297 2568 403 2636 γάρ
430 2570 545 2619 ἐστι
584 2567 643 2620 τὸ
698 2569 1100 2637 μνημνονεῦσαι
1165 2569 1382 2621 πάντων
1428 2568 1537 2621 τῶν
1579 2567 1771 2634 ἁγίων,
1807 2567 1870 2620 τὸ

1969 2570 2079 2628 cit?
2115 2569 2402 2637 t‘Oremus
2440 2564 2728 2620 Dominum
2766 2575 2863 2629 pro
2891 2557 3052 2612 donis
3086 2549 3444 2607 sanetiﬁcatis
3474 2567 3486 2610 ;
3529 2565 3548 2599 ι

299 2658 542 2723 καλέσαι,
578 2659 636 2710 τὸ
665 2659 940 2728 δεηθῆνα·.
978 2661 1090 2712 Καὶ
1117 2658 1170 2712 τί
1193 2677 1364 2729 (gnat;
1398 2677 1415 2711 ι
1451 2659 1744 2730 Δεηθῶμεν
1774 2657 1868 2710 τοῦ

1971 2681 2076 2718 non
2130 2672 2272 2716 utea
2321 2655 2811 2714 sanctiﬁcationem
2872 2648 3178 2717 suscipiant
3242 2642 3550 2714 (propterea

300 2750 503 2818 Κυρίου
570 2750 708 2821 ὑπὲρ
750 2750 857 2804 τῶν
897 2751 1269 2817 ἀγιασθέντων
1325 2751 1569 2820 δώρων,»
1626 2753 1724 2823 οὐχ
1775 2751 1868 2804 ἵνα

1969 2759 2118 2813 enim
2171 2756 2283 2810 dixi
2316 2767 2381 2808 ea
2421 2748 2790 2809 sanctiﬁcata,
2826 2759 2895 2798 ne
2921 2757 2976 2796 tu
2997 2743 3103 2796 hoc
3151 2737 3421 2808 putares),
3458 2732 3551 2786 sed

297 2841 436 2893 αύτά
464 2841 716 2905 δέξωνται
774 2843 864 2894 τὸν
897 2843 1167 2912 ἁγιασμόν
1209 2843 1317 2913 (διὰ
1371 2842 1530 2896 τοῦτο
1587 2842 1694 2912 γὰρ
1749 2844 1872 2910 ἀγι-

1971 2862 2030 2904 ut
2064 2850 2241 2918 ipsam
2302 2844 2458 2900 nobis
2490 2840 2806 2911 impertiant
2841 2854 2854 2891 :
2888 2837 2988 2890 hoc
3027 2835 3169 2889 enim
3237 2837 3361 2897 est,
3401 2828 3557 2882 beni-

294 2932 528 2986 ασθέντα
561 2934 698 2986 αὐτὰ
746 2929 919 2997 εἷπον,
985 2934 1073 2986 ἵνα
1108 2934 1182 3006 μὴ
1240 2936 1306 2988 σὺ
1365 2934 1523 2988 τοῦτο
1582 2933 1866 3005 νομίσῃς)⁶

1971 2959 2134 3013 gnum
2165 2948 2221 2994 et
2255 2937 2588 3003 clementem
2627 2933 2822 2992 Deum,
2865 2928 2956 2996 qui
3004 2941 3066 2981 ea
3120 2922 3383 2991 suscepit,
3431 2933 3556 2989 gra-

296 3025 411 3078 ἀλλ⁶
454 3026 536 3079 ἵνα
595 3028 724 3095 ἡμῖν
757 3027 918 3080 αὑτοῦ
956 3028 1267 3097 μεταδοῖεν·
1294 3026 1448 3080 τοῦτο
1476 3027 1584 3096 γάρ
1619 3027 1733 3081 ἐστι
1780 3027 1872 3082 τὸν

1973 3037 2102 3090 tiam
2141 3032 2300 3086 nobis
2350 3027 2593 3084 vicissim
2626 3025 2931 3081 remittere.
2973 3039 2992 3072 ι
3047 3018 3304 3082 Oremus,
3353 3013 3553 3083 inquit,

296 3117 675 3185 φιλάνθρωπον
729 3117 881 3180 Θεὸν,
939 3119 1028 3170 τὸν
1083 3117 1513 3188 προσδεξάμενον
1560 3119 1719 3183 αὐτὰ,
1774 3119 1871 3190 τὴν

1974 3142 2074 3196 pro
2108 3125 2293 3189 donis,
2334 3142 2352 3174 ι
2394 3129 2453 3176 ιιι
2482 3121 2536 3173 in
2569 3133 2668 3174 nos
2701 3123 3022 3187 operentur,
3055 3126 3124 3166 ne
3163 3109 3230 3163 ad
3256 3111 3397 3162 hanc
3433 3119 3557 3174 gra-

293 3213 458 3281 χάριν
518 3212 652 3280 ἡμῖν
719 3211 1219 3282 ἀντικαταπέμψαι.
1288 3211 1654 3282 (Εὐξὼμεϐα,
1681 3213 1866 3284 φησὶν,

1976 3220 2104 3274 tiam
2141 3234 2246 3273 non
2290 3217 2362 3272 sit
2396 3223 2636 3284 potens:
2698 3211 2844 3265 sicut
2893 3207 3114 3276 quando
3146 3218 3270 3259 cum
3319 3198 3549 3255 homini-

294 3301 436 3370 ὑπὲρ
466 3299 571 3353 τῶν
598 3301 837 3368 δώρων,›
879 3301 966 3354 ἵνα
1017 3305 1094 3370 είς
1151 3303 1298 3371 ἡμᾶς
1329 3303 1524 3370 ἐνεργά
1578 3301 1862 3370 γένωνται,

1974 3314 2077 3369 bus
2105 3310 2426 3366 versabatur
2451 3309 2554 3362 hoc
2585 3304 2930 3371 omnipotens
2960 3313 3186 3368 corpus,
3223 3297 3276 3350 in
3325 3291 3557 3348 nonnul-

295 3392 386 3445 ἵνα
419 3392 495 3462 μὴ
517 3391 818 3464 ἀδυνατήσῃ
846 3392 980 3461 πρὸς
1024 3392 1226 3463 ταύτην
1253 3392 1350 3462 τὴν
1383 3393 1565 3463 χάριν,
1615 3392 1866 3465 καθάπερ

1971 3406 2040 3462 lis
2081 3403 2398 3460 civitatibus
2455 3415 2564 3454 non
2622 3403 2836 3468 poterat
2889 3394 3044 3462 signa
3093 3390 3296 3452 faccre,
3339 3393 3560 3456 propter

293 3487 382 3538 ὅτε
416 3485 553 3553 μετὰ
584 3484 688 3537 τῶν
715 3485 1019 3555 ἀνθρώπων
1061 3485 1313 3554 ἐφαίνετο
1345 3486 1406 3539 τὸ
1466 3489 1568 3539 πᾶν
1598 3487 1660 3539 τὸ
1712 3487 1870 3539 δυνά-

1971 3512 2161 3552 eorum
2186 3492 2650 3549 incredulitatem.
2673 3489 2809 3543 Cum
2831 3495 3014 3541 autem
3050 3484 3164 3536 haec
3192 3479 3260 3535 ad
3294 3481 3554 3549 populum

304 3596 465 3646 μενον
492 3578 651 3630 αὐτοῦ
711 3579 890 3648 σῶμα,
920 3579 1069 3632 ἔστιν
1119 3581 1176 3632 ἐν
1210 3573 1298 3642 αἷς
1349 3579 1458 3632 τῶν
1503 3579 1709 3632 πόλεων
1770 3579 1871 3632 οὐκ

1974 3592 2056 3647 sic
2079 3588 2354 3651 clamavit,
2385 3585 2581 3640 deinde
2608 3583 2724 3651 ipse
2775 3591 2993 3649 quoque
3036 3589 3130 3644 per
3179 3587 3239 3627 se
3283 3569 3559 3626 submisse

306 3669 521 3722 ἐδύνατο
565 3671 762 3739 σημεῖα
789 3671 958 3722 ποιεῖν
988 3669 1076 3722 διὰ
1111 3670 1209 3738 τὴν
1242 3669 1500 3723 ἀπιστίαν
1545 3668 1746 3723 αὐτῶν.
1767 3667 1873 3722 Οὓ-

1975 3691 2096 3739 orat
2141 3682 2208 3734 de
2260 3678 2454 3734 iisdem
2492 3675 2662 3728 Deum
2709 3685 2960 3742 precans,
3009 3677 3070 3722 ut
3115 3667 3225 3720 sint
3279 3662 3559 3719 venerabi-

313 3770 394 3810 τω
422 3759 474 3809 δὲ
507 3759 673 3814 ταῦτα
708 3760 846 3831 πρὸς
875 3763 936 3813 τὸ
965 3761 1162 3828 πλῆθος
1197 3761 1420 3831 βοήσας,
1465 3757 1585 3814 εἷτα
1631 3762 1723 3814 καὶ
1777 3762 1874 3814 αύ-

1976 3775 2109 3829 lium
2133 3770 2515 3844 mysteriorum
2546 3765 2840 3835 participes
2870 3776 2995 3817 cum
3016 3761 3158 3814 bona
3185 3756 3548 3818 conscientia,

310 3847 507 3917 1:5;(19‘
531 3850 719 3904 ἑαυτοῦ
760 3853 939 3921 ἡσυχῇ
974 3850 1214 3921 εὔχεται,
1253 3851 1379 3917 περὶ
1406 3849 1512 3904 τῶν
1551 3849 1732 3904 αὐτῶν
1777 3849 1870 3900 τὸν

1977 3861 2231 3917 fruantur
2281 3866 2462 3913 autem
2493 3869 2648 3911 sacra
2693 3867 2901 3914 mensa,
2935 3857 3284 3920 peccatorum
3362 3847 3556 3901 remis-

305 3942 439 3998 Θεὸν
475 3943 754 4007 ἱκετεύων,
783 3943 926 3996 ὥστε
961 3942 1285 4013 μεταλαϐεῖν
1335 3941 1434 4012 μὲν
1483 3942 1590 4001 τῶν
1627 3941 1873 4010 φρικτῶν

1978 3953 2155 4017 sione,
2198 3950 2438 4019 Spiritus
2474 3948 2646 4002 sancti
2697 3945 3142 4014 participatione,
3187 3939 3342 4010 regni
3383 3939 3561 3994 haere-

301 4035 636 4104 μυστηρίων,
673 4034 814 4106 μετά
835 4035 1076 4104 καθαροῦ
1113 4034 1434 4098 συνειδότος,
1467 4032 1772 4090 ἀπολαῦσαι
1817 4033 1876 4088 δὲ

1979 4047 2174 4109 ditate,
2199 4052 2253 4098 et
2285 4057 2394 4096 non
2431 4043 2483 4094 in
2513 4039 2787 4108 judicium
2819 4036 2907 4090 vel
2931 4035 2986 4088 in
3013 4031 3555 4088 condemnationem.

298 4127 403 4194 τῆς
459 4127 612 4198 ἱερᾶς
673 4127 878 4192 ταύτης
953 4126 1256 4196 τραπέζης·
1323 4126 1609 4196 ἁμαρτιῶν
1661 4126 1874 4194 ἄφεσιν,

1985 4135 2208 4200 Deinde,
2245 4142 2538 4203 postquam
2567 4137 2824 4199 precatus
2851 4136 2934 4182 est
2960 4126 3216 4180 omnibus
3262 4123 3352 4177 Dei
3399 4124 3560 4176 auxi-

298 4218 620 4296 Πνεύματος
657 4218 812 4285 ἁγίου
860 4218 1176 4282 κοινωνίαν,
1233 4217 1513 4287 βασιλείας
1551 4217 1878 4288 κληρονομί-

1981 4228 2114 4282 lium
2146 4234 2199 4280 et
2222 4223 2554 4286 custodiam,
2584 4221 2736 4291 jubet
2780 4220 2943 4273 etiam
2978 4233 3073 4273 eos
3102 4231 3262 4272 orare
3299 4223 3357 4268 ut
3389 4224 3557 4268 totum

294 4328 389 4368 αν.
415 4312 509 4362 καὶ
541 4309 612 4379 μὴ
643 4310 720 4372 εἰς
760 4309 937 4378 κρίμα
979 4309 1012 4379 ἢ
1043 4311 1123 4373 είς
1175 4311 1517 4381 κατάκριμα.
1548 4308 1682 4364 Εἶτα
1717 4310 1879 4377 εύξά-

1982 4320 2149 4382 diem,
2180 4316 2511 4386 perfectum,
2554 4321 2834 4373 sanctum,
2865 4309 3174 4381 paciﬁcum,
3203 4317 3254 4363 et
3301 4307 3418 4362 sine
3452 4307 3562 4360 ullo

297 4419 466 4470 μενος
497 4401 697 4455 ἅπασιν
754 4401 852 4470 τὴν
874 4399 968 4454 τοῦ
1002 4399 1137 4453 Θεοῦ
1168 4399 1418 4470 βοήθειαν
1467 4403 1559 4454 καὶ
1609 4399 1877 4469 φυλακὴν,

1986 4419 2208 4481 peccato
2261 4407 2591 4476 transigant,
2651 4405 2914 4459 habentes
2971 4403 3255 4458 custodem
3308 4401 3558 4468 angelqu

293 4493 513 4547 κελεύει
542 4492 734 4554 αὐτοὺς
768 4488 1024 4556 εὔξασθαι
1050 4490 1148 4561 τὴν
1179 4489 1387 4560 ἡμέραν
1430 4491 1612 4542 πᾶσαν
1641 4489 1878 4554 τελείαν,

1986 4500 2156 4570 pacis,
2181 4497 2415 4560 ﬁdelem,
2445 4504 2664 4564 propter
2701 4495 2956 4563 angelum
2989 4491 3283 4554 mendacii,
3333 4491 3420 4545 cui
3454 4507 3559 4544 non

293 4585 490 4652 ἁγίαν,
523 4583 821 4652 εἰρηνικὴν,
852 4582 942 4635 καὶ
965 4582 1344 4653 ἀναμάρτητον
1369 4581 1682 4649 διενεγκεῖν,
1710 4597 1876 4651 φρου-

1985 4599 2071 4646 est
2113 4600 2288 4645 tutum
2331 4603 2430 4644 sua
2483 4587 2724 4642 credere.
2782 4584 3016 4640 Oramus
3064 4591 3242 4636 autem
3275 4596 3371 4648 pro
3424 4581 3565 4633 houo

304 4679 406 4743 μὲν
441 4675 656 4746 ἔχοντας
682 4675 911 4743 ἄγγελον
938 4676 1158 4744 εἰρήνης
1186 4674 1394 4737 πιστὸν,
1426 4672 1514 4726 διὰ
1533 4675 1623 4725 τὸν
1647 4672 1879 4741 ἄγγελον

1990 4682 2206 4752 angelo,
2239 4697 2347 4735 non
2390 4687 2450 4733 ut
2487 4689 2614 4732 tunc
2647 4676 2802 4730 nobis
2853 4675 3010 4728 detur
3042 4690 3057 4726 :
3091 4675 3252 4726 datus
3287 4679 3371 4725 est
3417 4671 3561 4724 enim

295 4768 402 4821 τοῦ
453 4768 700 4837 ψεύδους,
737 4763 781 4836 ᾧ
811 4766 880 4820 τά
923 4767 1102 4822 αὐτῶν
1141 4767 1420 4821 πιστεύειν
1463 4767 1563 4820 οὐκ
1615 4767 1874 4834 ἀσφαλές.

1989 4774 2058 4829 ab
2084 4773 2237 4828 initio
2263 4770 2560 4840 unicuique
2585 4766 2824 4821 ﬁdelium
2859 4764 3120 4835 angelus:
3147 4764 3238 4816 sed
3277 4773 3336 4816 ut
3369 4775 3566 4832 opere-

295 4861 590 4931 Εὖχόμεθα
618 4861 672 4914 δὲ
705 4859 836 4930 περὶ
872 4860 964 4914 τοῦ
999 4860 1235 4929 φύλακος
1261 4859 1516 4928 ἀγγέλου,
1547 4859 1644 4928 οὐχ
1689 4858 1776 4912 ἵνα
1795 4858 1882 4910 τό-

1989 4870 2101 4928 tur,
2130 4870 2182 4916 et
2214 4878 2313 4916 suo
2337 4859 2515 4920 oﬂicio
2553 4857 2812 4924 [ungatur
2847 4865 2899 4910 et
2935 4854 3228 4918 custodiat,
3282 4861 3335 4908 et
3371 4868 3472 4908 nos
3499 4856 3565 4906 ad

293 4970 364 5006 τε
413 4955 545 5022 ἡμῖν
585 4952 750 5023 δοοῇο
787 4953 992 5006 δέδοται
1041 4953 1149 5021 γὰρ
1176 4950 1234 5016 ἐξ
1280 4951 1453 5022 ἀρχῆς
1501 4951 1718 5020 ἑκάστῳ
1771 4948 1878 5003 τῶν

1988 4955 2130 5014 viam
2156 4953 2397 5020 divinam
2423 4951 2678 5013 deducat,
2713 4958 2764 5002 et
2801 4963 2909 5002 non
2930 4946 3212 5010 abscedat,
3234 4959 3565 5000 succensens

293 5045 517 5098 πιστῶν
566 5045 828 5112 ἀγγελοςο
869 5043 983 5098 ἀλλ’
1005 5047 1091 5098 ἵνα
1133 5041 1352 5111 ἐνεργὸς
1381 5037 1436 5114 ᾗ,
1464 5042 1556 5095 καὶ
1601 5041 1670 5094 τά
1713 5039 1879 5094 αὑτοῦ

1992 5055 2214 5119 propter
2244 5057 2429 5102 nostra
2449 5055 2677 5116 peccata
2713 5062 2724 5097 :
2763 5042 2828 5096 ad
2859 5041 2970 5095 haec
3003 5041 3379 5095 remissionem
3444 5053 3569 5108 pec-

294 5139 472 5206 ποιῇ..
493 5137 584 5189 καὶ
618 5139 852 5208 φρουρῇ,
881 5139 974 5188 καὶ
1003 5136 1137 5206 πρὸς
1164 5136 1270 5205 τὴν
1311 5135 1526 5187 εὐθεῖαν
1576 5135 1693 5186 ὁδὸν
1732 5135 1881 5204 ημᾶς

1993 5149 2266 5203 calorum,
2314 5147 2367 5192 et
2393 5137 2577 5193 omnia
2607 5151 2728 5206 quae
2757 5142 2884 5190 sunt
2908 5134 3049 5195 bona
3085 5143 3139 5188 et
3172 5133 3326 5187 utilia
3363 5129 3569 5185 nostris

293 5226 615 5296 ὁδηγῇ,ιια“ι
654 5225 730 5295 μὴ
780 5228 986 5295 ἀποστῇ
1043 5225 1275 5293 μηνίσας
1323 5222 1411 5276 διὰ
1459 5221 1556 5285 τὰς
1606 5220 1882 5292 ἁμαρτίας

1993 5231 2305 5294 animabus,
2340 5240 2392 5286 et
2425 5230 2632 5282 mundo
2679 5243 2893 5298 parem,
2929 5235 2983 5281 et
3023 5235 3284 5296 praeterea
3319 5225 3374 5277 in
3423 5221 3568 5276 futu-

289 5323 328 5388 ἡ
341 5318 466 5387 μῶν
487 5333 505 5352 ο
535 5317 668 5389 πρὸς
691 5317 899 5379 τούτοις
921 5318 1114 5384 ἄφεσιν
1145 5316 1455 5388 ἁμαρτιῶν,
1476 5315 1568 5368 καὶ
1612 5315 1792 5368 πάντα
1813 5316 1880 5368 τὰ

1989 5338 2110 5378 rum
2145 5322 2520 5383 securitatem,
2565 5319 2618 5373 in
2659 5334 2791 5388 pace
2816 5327 2871 5372 et
2924 5317 3238 5386 pmaitentia
3291 5321 3574 5368 transacto

293 5411 452 5466 καλὰ
479 5413 572 5464 καὶ
611 5409 957 5479 συμφέροντα
993 5412 1114 5471 ταῖς
1135 5409 1336 5480 ψυχαῖς
1367 5407 1544 5479 ήμῶν,
1589 5407 1682 5460 καὶ
1734 5407 1883 5477 είρή-

1989 5415 2204 5484 reliquo
2247 5415 2369 5468 vitae
2413 5424 2680 5476 tempore,
2719 5421 2776 5466 ut
2808 5412 2881 5467 sit
2933 5408 3259 5467 Christianis
3289 5407 3413 5462 ﬁnis
3467 5405 3570 5475 qui

291 5522 408 5574 νην
435 5503 514 5574 τῷ
552 5503 763 5575 κόσμῳ,
796 5503 891 5565 καὶ
915 5501 996 5554 ἐτι
1023 5503 1160 5573 πρὸς
1213 5501 1275 5554 τὸ
1326 5501 1518 5572 μέλλον
1552 5498 1876 5569 ἀσφάλειαν,

1993 5507 2072 5562 eis
2101 5508 2380 5568 convenit,
2423 5503 2620 5560 deinde
2647 5514 2704 5559 ut
2729 5504 2939 5574 scipsos
2965 5512 3019 5557 et
3061 5502 3199 5554 inter
3243 5514 3301 5554 se
3333 5497 3565 5552 invicem

291 5601 364 5650 ἐν
394 5597 589 5668 εἰρήνῃ
619 5601 714 5650 καὶ
757 5595 1016 5667 μετανοίᾳ
1058 5595 1437 5659 διενεγκόντας
1462 5594 1552 5647 τὸν
1589 5593 1882 5646 ὑπόλοιπον

1994 5597 2106 5652 Deo
2133 5597 2543 5659 commendent,
2574 5606 2626 5650 et
2657 5612 2752 5666 per
2775 5606 2940 5649 totam
2969 5607 3157 5647 eorum
3195 5589 3359 5642 vitam
3391 5588 3577 5642 unita-

291 5691 407 5757 τῆς
431 5691 577 5758 ζωῆς
593 5689 806 5758 χρόνον,
822 5687 963 5741 ὣστε
986 5684 1124 5741 εἶναι
1145 5688 1213 5740 τὰ
1227 5687 1355 5756 τέλη
1378 5685 1468 5740 τοῦ
1489 5687 1604 5771 ρίου
1621 5689 1882 5754 Χριστια-

1993 5699 2100 5744 tem
2135 5689 2256 5742 ﬁdei
2291 5700 2344 5744 et
2391 5689 2564 5744 sancti
2595 5687 2833 5758 Spiritus
2879 5682 3434 5739 communicationem
3475 5696 3567 5749 pc-

289 5782 419 5832 νοῖς
452 5780 756 5848 πρέποντα,
789 5773 908 5832 εἶτα
935 5779 1102 5832 ἑαυτά
1134 5777 1477 5849 παραθέσθαι
1504 5779 1582 5850 τῷ
1624 5778 1743 5846 Θεῷ
1788 5780 1880 5830 καὶ

1991 5789 2189 5838 tentes.
2221 5781 2360 5848 Quid
2391 5793 2574 5835 autem
2624 5779 2727 5834 sibi
2756 5779 2869 5832 vult
2910 5777 3028 5831 ﬁdei
3067 5775 3268 5839 unitas.
3303 5782 3357 5828 et
3392 5772 3564 5827 sancti

290 5870 599 5940 ἀλλήλους,
629 5871 722 5922 καὶ
749 5871 926 5923 πᾶσαν
957 5871 1054 5938 τὴν
1087 5869 1252 5940 ζωὴν,
1287 5869 1383 5933 τὴν
1412 5869 1638 5938 ἑνότητα
1661 5869 1760 5939 τῆς
1787 5867 1877 5920 πί-

1991 5872 2232 5943 Spiritus
2261 5872 2707 5935 communicatio,
2740 5881 2792 5924 et
2815 5885 2976 5940 quam
3011 5870 3080 5923 oh
3111 5883 3330 5923 causam
3374 5866 3439 5922 iis
3486 5865 3567 5917 iu-

294 5979 477 6028 στεως
507 5963 600 6016 καὶ
630 5963 726 6033 τὴν
758 5961 1038 6016 κοινωνίαν
1069 5961 1162 6017 τοῦ
1191 5962 1346 6030 ἁγίου
1379 5959 1695 6030 Πνεύματος
1726 5961 1878 6030 αἰτη-

1461 5959 1695 6030 Ξύματος
1726 5961 1878 6030 πετη-
1904 6038 1938 6044 __
1989 5966 2258 6038 digemus,
2290 5967 2498 6041 prolixe
2538 5975 2662 6024 ante
2693 5966 2898 6022 dictum
2944 5975 3046 6020 est.

1918 6038 1941 6051 ς
1963 6050 1965 6052 .

1898 3269 1940 3324 C
