4030 6520
475 424 575 483 ιιι

1740 419 2051 481 NICOLAI
2095 416 2357 477 CABASI
2373 416 2485 477 ΜΕ
2537 479 2546 486 ,

3645 409 3736 478 £52

472 537 845 607 guiticandum
880 531 1053 589 sancti
1082 530 1320 601 Spiritus
1354 528 1421 584 ad
1475 527 1777 584 Ecclesiae:
1818 526 2049 583 descen-

2156 524 2317 583 ἔνεκα
2350 520 2450 590 τῆς
2481 521 2573 575 τοῦ
2606 520 2763 590 ἁγίου
2791 520 3110 592 [πνεύματος
3141 520 3240 575 sati
3281 518 3388 591 τὴν
3434 519 3742 593 Ἐκκλησίαν

474 648 619 686 sum.
685 625 971 683 Descendit
1025 624 1170 678 enim
1235 630 1366 675 tunc
1426 619 1684 674 universa
1737 615 2050 674 incarnatio

470 710 758 776 Dmninica
789 726 1005 787 peracta
1055 717 1359 769 (nconomia
1393 730 1409 767 :
1445 726 1591 769 nunc
1628 719 1832 775 autem,
1864 709 2049 765 oblato

474 812 767 875 sacrificio,
805 818 858 862 ct
892 807 1293 863 consummatis
1322 804 1507 871 tionis,
1544 812 1794 859 versatur
1825 816 1951 857 cum
1982 800 2051 855 iis

472 904 565 974 qui
598 903 758 972 digne
786 898 1008 955 fuerunt
1040 913 1229 953 eorum
1256 897 1571 967 participes.
1607 894 1876 952 Universa
1901 893 2049 949 enim

475 996 728 1049 humanae
780 1007 808 1046 a
856 992 1080 1048 Christo
1141 998 1412 1058 susceptae
1463 996 1673 1041 natura
1722 985 2049 1049 (necinomia,

460 1076 529 1142 'in
554 1102 714 1141 sacro
750 1074 1119 1140 Eucitaristim
1154 1081 1441 1154 mysterio,
1486 1079 1542 1134 in
1586 1094 1749 1149 pane,
1784 1087 2050 1145 tanquam

474 1182 528 1236 in
571 1179 780 1245 tabula,
814 1177 1081 1248 inscripta
1118 1175 1270 1247 (nam
1301 1185 1353 1230 ct
1401 1173 1664 1228 infantem
1699 1172 1900 1243 ipsum,
1926 1179 2053 1226 tan-

471 1287 637 1343 quam
688 1270 744 1325 in
776 1270 948 1340 ﬁgura
993 1266 1426 1338 contemplatnur
1460 1273 1556 1321 :et
1578 1264 1642 1320 ad
1692 1274 1922 1319 mortem
1949 1264 2050 1319 du-

479 1374 629 1418 ctum
664 1372 718 1416 et
752 1362 1101 1424 cruciﬁxum,
1130 1367 1182 1415 et
1215 1360 1267 1412 in
1317 1358 1482 1413 latere
1508 1364 1807 1426 punctum;
1857 1355 2055 1410 deinde

475 1456 638 1508 etiam
668 1453 845 1523 ipsum
879 1466 1099 1522 panem,
1133 1452 1184 1502 in
1224 1448 1355 1503 illud
1391 1447 1803 1502 sanctissimum
1827 1460 2050 1513 corpus,

474 1546 619 1618 quod
657 1546 772 1600 haec
817 1560 942 1600 rere
971 1542 1255 1605 sustinuit,
1288 1550 1341 1595 et
1389 1538 1711 1603 resurrexit,
1743 1548 1797 1592 et
1823 1553 2051 1594 assum-

472 1646 628 1708 ptum
695 1645 798 1700 est,
864 1643 918 1688 et
965 1633 1116 1688 sedet
1175 1633 1241 1685 ad
1307 1631 1587 1684 dexteram
1637 1626 2052 1690 Patris,muta-

476 1726 640 1795 tum),
679 1724 967 1794 oportebat
1018 1724 1180 1776 etiam
1219 1720 1412 1775 horum
1452 1717 1698 1774 omnium
1735 1717 1894 1772 ﬁnem
1933 1725 2053 1786 post

474 1818 590 1872 haec
629 1802 953 1885 signiﬁcari,
994 1823 1051 1866 ut
1094 1821 1242 1868 esset
1274 1812 1484 1881 integra
1535 1809 1777 1881 mysterii
1811 1808 2055 1863 celebra-

469 1910 577 1972 tio,
632 1908 887 1963 universo
939 1905 1153 1975 negotio
1201 1914 1257 1958 et
1306 1903 1703 1958 incarnationis
1767 1901 2053 1971 dispensa-

475 2001 608 2057 tioni
644 1999 748 2054 ﬁne
790 1997 1100 2068 aﬁ‘ectuque
1133 1996 1369 2067 adjecto.
1401 1993 1555 2061 Quod
1584 2002 1667 2048 est
1711 1993 1857 2048 enim
1892 2008 2049 2062 opus,

472 2103 529 2149 ‘et
575 2094 699 2164 quis
748 2090 973 2148 effectus
1029 2088 1233 2144 Christi
1281 2088 1595 2159 passionum
1640 2096 1696 2142 et
1739 2101 1964 2157 operum
1997 2093 2052 2140 et

474 2184 788 2242 dictorum?
820 2184 879 2239 Si
914 2183 1037 2252 quis
1073 2198 1159 2248 ea,
1196 2181 1338 2251 quod
1374 2180 1440 2234 ad
1487 2194 1586 2235 nos
1612 2178 1824 2242 attinet,
1866 2178 2046 2233 consi-

475 2278 652 2340 derat,
705 2278 838 2331 nihil
889 2276 1034 2330 aliud
1084 2285 1213 2330 sunt
1263 2289 1424 2344 quam
1475 2272 1655 2328 sancti
1704 2269 1942 2339 Spiritus
1995 2270 2049 2326 in

475 2370 778 2423 Ecclesium
816 2367 1103 2422 adventus.
1138 2364 1438 2435 Oportebat
1478 2378 1608 2434 ergo
1638 2376 1762 2417 eum
1801 2370 1923 2433 post
1961 2360 2049 2414 illa

478 2458 799 2527 signiﬁcari.
833 2459 1011 2528 Atque
1042 2458 1089 2512 is
1121 2456 1341 2523 quidem
1388 2454 1727 2526 significatur
1779 2468 1918 2524 aqua
1959 2468 2051 2506 ca-

474 2548 586 2603 lida
643 2548 695 2601 in
743 2547 995 2619 mysteria
1040 2546 1241 2601 infusa.
1283 2542 1409 2599 lianc
1457 2546 1604 2600 enim
1635 2559 1799 2614 aqua,
1841 2552 2052 2598 cumet

477 2655 616 2710 aqua
652 2639 743 2703 sit,
771 2650 822 2692 et
866 2640 1006 2707 ignis
1037 2639 1111 2691 sit
1139 2639 1437 2707 particeps,
1488 2636 1759 2706 signiﬁcat
1800 2636 2047 2692 sanctum

474 2732 763 2800 Spiritum,
797 2731 888 2799 qui
917 2730 1082 2784 etiam
1116 2745 1255 2799 aqua
1284 2730 1508 2795 dicitur,
1536 2738 1587 2783 et
1621 2741 1878 2798 tanquam
1910 2729 2050 2797 ignis

473 2818 726 2894 apparuit
755 2824 806 2875 in
834 2818 1040 2877 Christi
1073 2821 1376 2892 discipulos
1409 2822 1672 2891 dilapsus.
1719 2821 1836 2875 Hoc
1868 2831 2048 2876 autem

470 2916 695 2985 "tempus
731 2914 861 2968 illud
898 2924 1113 2985 tempus
1141 2906 1445 2985 signiﬁcat;
1474 2924 1602 2969 tunc
1642 2913 1787 2966 enim
1818 2915 2046 2968 descen-

472 3004 573 3070 dit,
606 3018 893 3077 postquam
930 3008 1111 3060 omnia
1151 3020 1271 3078 quae
1296 3008 1361 3061 ad
1397 3006 1677 3060 Christum
1712 3008 2047 3074 spectabant,

472 3109 693 3167 peracta
713 3106 891 3150 crant.
917 3094 1071 3152 Nunc
1094 3106 1273 3152 autem
1301 3094 1557 3167 perfectis
1581 3108 1634 3150 et
1654 3097 2049 3151 consummatis

2152 614 2406 673 καθόδου.
2434 614 2684 683 Κατῆλθε
2712 613 2819 684 γὰρ
2846 614 2968 666 τότε
2999 613 3099 684 τῆς
3126 612 3457 682 οἰκονομίας
3488 613 3743 668 τελεσθείη

2154 723 2254 778 σης
2293 706 2389 762 τοῦ
2419 708 2673 778 Σωτῆρας
2708 706 2961 775 ἁπάσης·
2996 704 3093 759 νῦν
3117 706 3497 775 δδέέπιδημεῖ,
3534 706 3630 776 τῆς
3655 710 3742 759 θυ-

2156 802 2278 863 σίας
2325 801 2729 872 ἀνενεχθείσης,
2785 801 2881 852 καὶ
2921 798 3335 855 τελεωθέντων
3387 799 3500 854 τῶν
3547 798 3742 871 δώρωνο

2153 897 2263 959 τοῖς
2320 911 2386 962 γε
2441 893 2612 959 ἀξίως
2663 890 3019 947 κοινωνοῦσιν
3068 891 3281 947 αὐτῶν.
3332 892 3455 961 Τῆς
3512 892 3620 960 γὰρ
3657 892 3742 945 τοῦ

2154 988 2394 1056 Χριστοῦ
2428 985 2744 1055 οίκονομίας
2780 984 3000 1053 ἁπάσης
3029 988 3172 1039 κατὰ
3202 982 3312 1055 τὴν
3346 983 3508 1054 ἱερὰν
3536 982 3635 1054 τῆς
3664 984 3744 1037 εδ-

2155 1078 2443 1148 χαριστίας
2488 1077 2736 1149 τελετὴν,
2777 1078 2837 1133 ἂν
2869 1075 2949 1149 τῷ
2981 1077 3134 1147 ἄρτῳ
3175 1074 3447 1146 καθάπερ
3482 1077 3541 1128 ὲν
3570 1076 3740 1129 πίνακι

2154 1173 2513 1242 γραφομένης
2544 1172 2665 1241 (καὶ
2690 1170 2800 1239 γὰρ
2833 1170 2928 1224 καὶ
2959 1169 3158 1241 βρέφος
3188 1167 3367 1231 αὐτὸς
3403 1167 3481 1229 ὡς
3512 1169 3571 1219 ἓν
3598 1167 3737 1237 τύτῳ

2155 1266 2492 1336 θεωροῦμεν,
2526 1265 2619 1318 καὶ
2647 1265 2726 1326 εἰς
2755 1263 2988 1316 θάνατον
3017 1261 3318 1331 ἀγόμενον,
3352 1259 3454 1313 καὶ
3490 1260 3737 1330 σταυροῦ-

2154 1364 2338 1429 μινον,
2369 1357 2463 1409 καὶ
2492 1356 2593 1425 τὴν
2624 1354 2861 1425 πλευρὰν
2894 1352 3255 1420 κεντοῦμενον
3279 1368 3296 1381 ο
3323 1348 3448 1405 εἶτα
3478 1354 3569 1404 καὶ
3591 1351 3736 1403 αὐτὸν

2156 1448 2245 1507 τὸν
2281 1445 2443 1516 ἄρτον
2487 1448 2567 1507 είς
2609 1448 2788 1499 ἐκεῖνο
2820 1444 2880 1498 τὸ
2927 1445 3196 1514 πανάγιον
3240 1443 3432 1511 σῶμα,
3482 1443 3544 1495 τὸ
3582 1442 3735 1495 ταῦτα

2156 1539 2370 1610 ἀληθῶς
2402 1540 2726 1607 ὑπομεῖναν,
2755 1540 2848 1592 καὶ
2874 1537 3133 1603 ἀναστὰν,
3160 1537 3267 1592 καὶ
3294 1534 3627 1605 ἀναληφθὲν,
3654 1537 3733 1587 καὶ

2157 1632 2468 1702 καθήμενον
2516 1634 2591 1689 ιν,
2613 1630 2765 1701 δεξιᾷ
2810 1630 2907 1684 τοῦ
2954 1630 3189 1701 Πατρδς,
3221 1626 3731 1699 μεταϐαλλόμενον).

2156 1725 2264 1780 ἔδει
2283 1725 2376 1779 καὶ
2399 1724 2461 1780 τὸ
2492 1724 2644 1787 τέλος
2674 1724 2882 1778 τούτων
2899 1723 3160 1778 ἁπάντων
3193 1721 3342 1792 μετὰ
3375 1719 3553 1774 ταῦτα
3577 1719 3731 1772 πάντα

2160 1814 2557 1885 σημαίνεσθαι,
2608 1814 2698 1868 ἵνα
2741 1814 3035 1884 ὁλόκληρος
3068 1814 3105 1883 ἠ
3141 1811 3354 1884 μύησις
3398 1812 3622 1881 γένηται
3650 1809 3727 1861 τοῦ

2159 1907 2464 1977 μυστηρίου
2485 1923 2499 1939 ο
2530 1909 2594 1977 τῇ
2631 1906 2983 1978 πραγματείᾳ
3019 1907 3177 1977 πάσῃ
3210 1907 3311 1960 καὶ
3339 1903 3622 1974 οίκονομία
3649 1900 3728 1955 τοῦ

2155 1998 2595 2067 ἀποτελέσματος
2638 1997 3051 2067 προστεθέντος.
3088 1997 3155 2050 Τί
3203 1997 3321 2068 γὰρ
3370 1997 3435 2049 τὸ
3464 1994 3618 2065 ἔργον
3648 1993 3725 2046 καὶ

2154 2090 2502 2159 ἀποτέλεσμα
2541 2089 2649 2144 τῶν
2678 2090 2773 2143 τοῦ
2800 2088 3040 2159 Χριστοῦ
3067 2088 3290 2152 παθῶν.
3318 2087 3421 2142 καὶ
3452 2086 3622 2155 λόγων
3646 2084 3724 2137 καί

2156 2183 2330 2252 ἔργων
2357 2198 2373 2247 ;
2405 2180 2473 2234 Εἴ
2490 2198 2577 2244 τις
2608 2182 2744 2253 πρὸς
2777 2183 2923 2252 ἡμᾶς
2956 2180 3110 2236 αὐτὰ.
3128 2179 3357 2250 θεωρεῖ,
3386 2178 3538 2232 οὐδὲν
3563 2177 3724 2246 ἕτερον

2153 2274 2187 2345 ἢ
2210 2272 2302 2326 τοῦ
2328 2272 2487 2342 ἁγίου
2513 2271 2832 2343 Πνεῦματος
2857 2274 2934 2335 είς
2965 2274 3063 2342 τὴν
3096 2272 3443 2342 Ἐκκλησίαν
3463 2268 3722 2338 ἐπιδημία.

2154 2365 2367 2419 Οὐκοῦν
2393 2365 2500 2418 ἔδει
2533 2365 2651 2435 μετ’
2685 2368 2870 2419 έκεῖνα
2903 2363 3256 2435 σημανθῆναι
3282 2364 3383 2418 καὶ
3416 2363 3604 2431 αὐτὴν.
3631 2361 3724 2415 Καὶ

2153 2456 2218 2527 δὴ
2272 2457 2597 2526 σημαίνεται
2633 2456 2725 2511 τοῦ
2764 2457 2980 2521 ζέοντος
3020 2456 3216 2519 ὓδατος
3265 2456 3594 2527 ἐκχεομένου
3632 2454 3724 2512 τοῖς

2156 2551 2500 2623 μυστηρίοις.
2537 2549 2610 2604 Τὸ
2646 2551 2746 2621 μὲν
2794 2551 2903 2620 γὰρ
2934 2548 3103 2619 ὕδωρ,
3132 2547 3272 2603 αὐτό
3312 2566 3373 2601 τε
3416 2545 3572 2600 τοῦτο
3598 2542 3719 2614 ὕδωρ

2150 2640 2232 2706 ὃν,
2264 2644 2357 2696 καὶ
2379 2642 2551 2713 πυρὸς
2576 2641 2825 2713 μετέχον,
2855 2641 2916 2695 τὸ
2946 2640 3170 2709 Πνεῦμα
3192 2640 3463 2712 σημαίνει
3486 2638 3546 2692 τὸ
3568 2637 3718 2704 ἅγιον.

2151 2729 2179 2782 ὃ
2212 2731 2303 2782 καὶ
2330 2730 2475 2800 ὓδωρ
2500 2730 2739 2799 λέγεται,
2772 2732 2867 2784 καὶ
2894 2731 2969 2791 ὡς
3000 2729 3113 2800 πῦρ
3146 2730 3330 2800 ἐφάνη
3358 2730 3483 2784 τότε
3511 2730 3618 2788 τοῖς
3640 2723 3717 2777 τοῦ

2153 2821 2391 2890 Χριστοῦ
2427 2822 2699 2892 μαθηταῖς
2726 2822 2995 2892 ἐμπεσὸν.
3036 2820 3100 2877 Ὀ
3130 2822 3189 2875 δὲ
3244 2821 3440 2893 καιρὸς
3479 2815 3622 2881 οὗτος
3641 2817 3715 2868 τὸν

2152 2913 2342 2991 καιρὸν
2369 2915 2579 2967 ἐκεῖνον
2605 2914 2885 2985 σημαίνει.
2909 2915 3043 2968 Τότε
3074 2914 3176 2983 μὲν
3214 2915 3320 2983 γὰρ
3346 2913 3576 2984 κατῆλθε
3598 2909 3713 2979 μετὰ

2150 3006 2211 3060 τὸ
2238 3005 2593 3076 πληρωθῆναι
2625 3007 2691 3061 τὰ
2716 3007 2858 3061 κατά
2881 3007 2974 3062 τὸν
3000 3009 3244 3078 Χριστὸν
3268 3010 3511 3071 ἅπαντα,
3538 3004 3624 3056 νῦν
3645 3002 3710 3064 δὲ.

2150 3096 2549 3152 τελειωθέντων
2568 3100 2677 3152 τῶν
2697 3099 2910 3170 δώρων,
2928 3100 2988 3153 τὸ
3006 3099 3152 3168 ὕδωρ
3173 3099 3532 3166 ὲπεισάγεται
3554 3094 3708 3147 τοῦτο.

472 3187 633 3242 donis
689 3189 802 3241 hare
852 3194 994 3256 aqua
1046 3187 1382 3243 immittitur.
1417 3186 1519 3243 Per
1569 3182 1825 3259 mysteria
1865 3198 2045 3242 autem

2156 3184 2253 3242 Διὰ
2280 3190 2335 3244 δὲ
2358 3189 2466 3243 τῶν
2503 3191 2820 3262 μυστηρίων
2850 3193 2943 3244 καὶ
2974 3191 3007 3262 η
3051 3188 3353 3260 Ἐκκλησία
3396 3187 3712 3259 σημάίνιταιθ

474 3278 818 3349 signiﬁcatur
855 3274 1118 3346 Ecclesia,
1154 3284 1277 3350 quae
1299 3289 1353 3335 et
1385 3288 1514 3335 tunc
1541 3281 1752 3351 accepit
1781 3270 2042 3351 Spiritum

474 3377 728 3424 sanctum
780 3387 795 3424 :
832 3378 887 3425 et
919 3376 1206 3440 postQuam
1234 3368 1489 3425 Christus
1521 3370 1575 3425 in
1613 3371 1782 3425 coctos
1834 3387 2050 3428 assum-

472 3470 603 3531 ptus
641 3469 747 3525 est,
790 3461 950 3517 etiam
983 3472 1129 3517 nunc
1160 3458 1356 3532 accipit
1385 3461 1590 3517 donum
1625 3460 1880 3539 Spiritus,
1919 3481 2043 3521 sus-

469 3551 649 3622 ceptis
675 3552 832 3606 donis
858 3552 913 3606 in
947 3550 1106 3607 altari
1141 3552 1545 3621 supercoeiesti,
1581 3552 1633 3609 id
1666 3554 1827 3611 nobis
1855 3565 2047 3612 contra

470 3644 786 3699 remittente
811 3642 946 3711 Deo,
996 3645 1091 3715 qui
1122 3644 1214 3699 illa
1264 3646 1493 3715 accepit,
1539 3656 1598 3701 ut
1643 3658 1801 3704 antea
1840 3650 2047 3705 dictum

472 3742 583 3799 est,
612 3736 758 3804 'quod
810 3734 955 3792 idem
999 3744 1086 3792 est
1116 3735 1449 3793 intercessor
1471 3745 1524 3794 et
1551 3748 1699 3808 tunc,
1722 3749 1777 3796 et
1798 3758 1965 3808 nunc,
1996 3749 2051 3797 et

477 3825 622 3881 idem
659 3825 922 3891 Spiritus.

1024 4005 1178 4063 CAP.
1220 4006 1510 4066 XXXVIII.

551 4146 801 4213 Quanam
828 4145 1034 4200 ratione
1063 4146 1318 4216 mysteria
1346 4146 1649 4217 signiﬁcant
1678 4147 1996 4203 Ecclesium.

557 4300 915 4373 Signiﬁcatur
974 4309 1153 4355 autem
1211 4298 1454 4359 Ecclesia
1501 4302 1559 4359 in
1609 4304 1905 4375 mysteriis,
1945 4319 2053 4361 non

480 4392 740 4464 tanquam
775 4392 830 4446 in
857 4392 1052 4459 signis,
1087 4393 1181 4447 sed
1217 4401 1477 4464 tanquam
1514 4395 1569 4450 in
1586 4395 1751 4452 corde
1784 4396 2053 4462 membra,

478 4496 534 4542 et
559 4488 610 4540 in
639 4483 858 4540 arboris
887 4484 1070 4539 radice
1101 4500 1311 4550 ramus,
1336 4496 1389 4541 et
1430 4487 1572 4542 sicut
1601 4486 1739 4540 dixit
1770 4486 2050 4551 Dominus.

2158 3278 2315 3355 σῶμα
2342 3281 2478 3353 οὖσα
2511 3282 2748 3354 Χριστοῦ
2776 3283 2871 3337 καὶ
2898 3283 3036 3353 μέλη
3067 3285 3133 3338 ὲκ
3192 3284 3399 3355 μέρους
3417 3300 3435 3318 ο
3463 3282 3576 3351 ἥτις
3609 3277 3709 3329 τότι

2156 3362 2373 3435 ἐδέξατο
2403 3369 2626 3440 Πνεῦμα
2660 3370 2719 3424 τὸ
2757 3370 2935 3441 ἅγιον,
2971 3370 3112 3441 μετὰ
3144 3373 3205 3425 τὸ
3230 3371 3604 3441 ἀναληφθῆναι
3635 3363 3709 3417 τὸν

2158 3450 2397 3530 Χριστὸν
2424 3462 2503 3523 είς
2532 3462 2659 3525 τοὺς
2689 3463 2954 3534 οὐρανούς
2975 3480 2989 3494 ν
3020 3465 3115 3523 καὶ
3145 3462 3246 3517 νῦν
3281 3464 3493 3535 δέχεται
3517 3460 3606 3528 τὴν
3628 3459 3708 3509 δω-

2158 3570 2214 3622 ps
2226 3554 2289 3607 ἀν
2305 3550 2398 3605 τοῦ
2421 3552 2576 3620 ἁγίου
2590 3546 2729 3607 Πνεύ
2739 3572 2929 3626 ματος,
2947 3555 3390 3625 προσδεχθέντων
3406 3553 3511 3608 τῶν
3525 3550 3708 3620 δώρωνι

2156 3645 2232 3707 είς
2247 3644 2307 3699 τὸ
2329 3645 2716 3715 ὑπερουράνιον
2739 3647 3144 3717 θυσιαστήριον,
3164 3644 3707 3714 ἀντικαταπέμποντος

2156 3736 2328 3805 αὐτὴν
2357 3739 2489 3807 ἡμῖν
2516 3736 2608 3790 τοῦ
2644 3738 3080 3809 προσδεξαμένου
3117 3739 3294 3794 ταῦτα
3321 3737 3475 3800 Θεοῦ,
3498 3733 3625 3791 κατὰ
3651 3729 3707 3783 τὰ

2159 3826 2554 3896 προειρημένα,
2582 3827 2665 3901 ὅτι
2700 3830 2925 3900 μεσίτης
2957 3832 2983 3882 ὁ
3006 3830 3189 3897 αὐτὸς,
3211 3832 3308 3886 καὶ
3337 3829 3458 3882 τότε
3490 3828 3578 3879 καί
3606 3820 3700 3883 νῦν.

2160 3922 2251 3972 καί
2281 3920 2339 3971 τὸ
2369 3919 2500 3973 αὐτὸ
2533 3918 2778 3993 Πνεῦμα.

2738 4035 2991 4090 ΚΕΦΔΔ.
3022 4036 3151 4091 AH‘.

2168 4146 2309 4200 Τίνα
2331 4148 2521 4215 λόγον
2546 4150 2616 4202 τὰ
2632 4151 2939 4236 μυστήρια
2964 4155 3308 4277 σὲηῧιαντικὰ
3335 4148 3406 4222 τῆ
3423 4173 3441 4188 π
3481 4148 3701 4205 Ἐκκλιτο

2790 4237 2935 4277 mae
2960 4239 2988 4274 ε
3015 4240 3055 4275 σ
3084 4261 3100 4277 .

2790 4237 2935 4277 mae
2960 4237 3100 4277 εισι.

2790 4241 2899 4276 ma
2960 4241 2988 4274 ε
3015 4241 3055 4275 a-
3084 4261 3100 4277 .

2231 4308 2565 4380 Σημαίνεται
2586 4310 2645 4365 δὲ
2668 4314 2701 4383 ἡ
2725 4241 3025 4384 Ἐκκλησία
3046 4241 3106 4369 ἐν
3128 4319 3243 4383 τοῖς
3269 4312 3595 4389 μυστηρίοις.
3618 4306 3698 4371 οὐκ

2160 4399 2236 4463 ὼς
2281 4403 2337 4455 ὲν
2374 4401 2686 4470 πμόόλοις,
2725 4402 2841 4457 ἀλλ’
2875 4405 2950 4469 ὡς
2994 4407 3056 4458 ἐν
3092 4406 3294 4478 καρδίᾳ
3331 4406 3485 4475 μέλη,
3522 4398 3606 4453 καὶ
3637 4395 3697 4453 ὡς

2162 4494 2219 4546 εν
2250 4495 2377 4566 ῥίζῃ
2410 4494 2503 4548 τσῦ
2535 4495 2707 4563 φυτοῦ
2734 4496 2919 4551 κλάδοι
2943 4536 2959 4563 ,
2995 4499 3090 4554 καὶ
3128 4500 3380 4571 καθάπερ
3409 4497 3506 4567 ἔφη
3539 4495 3564 4547 ὁ
3606 4484 3699 4540 Κύο

484 4588 745 4648 tanquam
780 4576 835 4630 in
874 4574 983 4632 vite
1011 4576 1287 4648 palmites.
1323 4575 1440 4632 Non
1473 4577 1619 4632 enim
1652 4586 1737 4632 est
1757 4577 1848 4633 hic
1875 4580 2050 4634 solum

2162 4603 2295 4655 ριος,
2351 4587 2426 4648 ὡς
2471 4588 2528 4640 ἐν
2583 4588 2816 4659 ἀμπέλῳ
2860 4590 3139 4661 κλήματα.
3192 4595 3271 4646 Οὐ
3322 4590 3429 4660 γὰρ
3471 4584 3697 4651 ὀνόματος

482 4667 722 4723 nominis
758 4669 1097 4735 communio,
1153 4670 1237 4724 vel
1280 4668 1541 4740 analogiae
1588 4668 1911 4736 similitudo,
1960 4671 2053 4728 sed

484 4776 572 4815 res
602 4759 815 4814 eadem.
858 4757 1066 4815 Etenim
1104 4775 1304 4830 corpus
1346 4758 1547 4815 Christi
1583 4769 1639 4815 et
1681 4761 1905 4831 sanguis
1933 4778 2051 4834 my-

474 4851 676 4917 steria,
705 4851 796 4907 sed
832 4849 1087 4907 Ecclesiae
1114 4853 1227 4907 hmc
1260 4863 1389 4908 sunt
1419 4852 1575 4908 cibus
1610 4861 1665 4906 et
1683 4867 1847 4908 verus
1868 4864 2053 4927 potus,

481 4949 538 4996 et
563 4956 753 4996 eorum
781 4942 1055 5013 particeps
1083 4942 1303 5008 effecta,
1340 4958 1450 4997 non
1478 4957 1542 4997 ea
1576 4953 1745 4998 mutat
1777 4945 1831 4999 in
1855 4960 2054 5017 corpus

480 5034 786 5089 humanum
812 5036 973 5091 veluti
1005 5035 1242 5097 aliquem
1276 5034 1441 5089 alium
1475 5035 1682 5100 cibum,
1722 5039 1815 5093 sed
1850 5040 1973 5108 ipsa
2000 5041 2055 5096 in

479 5124 575 5182 Illa
613 5134 854 5183 mutatur
878 5126 1224 5185 vincentibus
1254 5125 1324 5181 iis
1345 5142 1466 5197 quae
1499 5136 1626 5182 sunt
1650 5134 2052 5199 praestantiora.

478 5216 621 5273 Nam
654 5220 818 5274 etiam
868 5220 1075 5276 ferrum
1124 5234 1248 5273 cum
1279 5219 1404 5289 igne
1449 5219 1656 5275 habens
1700 5227 2057 5280 consuetudi-

482 5324 635 5377 nem,
668 5312 726 5367 ﬁt
755 5313 919 5384 ignis,
954 5328 1063 5368 non
1098 5320 1280 5366 autem
1316 5311 1410 5366 dat
1456 5311 1569 5385 igni,
1609 5323 1669 5368 ut
1696 5314 1768 5370 sit
1804 5314 2049 5382 ferrum;

484 5414 542 5459 et
577 5407 1035 5473 quemadmodum
1079 5406 1282 5459 ferrum
1328 5404 1748 5475 inflammatum,
1799 5425 1906 5464 non
1946 5410 2057 5465 fer-

488 5510 636 5560 rum,
668 5496 763 5551 sed
791 5498 971 5565 ignem
1000 5504 1188 5564 aperte
1233 5495 1505 5564 videmus,
1539 5497 1668 5555 ferri
1714 5500 2060 5570 proprietati-

486 5584 591 5640 bus
622 5588 847 5641 omnino
874 5587 942 5641 ab
976 5586 1103 5658 igne
1141 5587 1331 5645 deletis
1360 5606 1376 5645 :
1409 5591 1481 5645 ita
1511 5593 1676 5647 etiam
1718 5578 1920 5648 Christi
1960 5594 2060 5647 Ec-

484 5676 713 5737 clesium
761 5676 809 5729 si
867 5677 989 5745 quis
1035 5678 1219 5735 videre
1264 5682 1519 5751 potuerit,
1552 5699 1617 5739 eo
1667 5683 1785 5754 ipso
1816 5686 1960 5752 quod
2002 5691 2051 5743 ei

490 5767 648 5819 unita
675 5775 869 5824 cstpet
888 5780 968 5823 est
1014 5771 1134 5839 ejus
1171 5775 1357 5829 carnis
1391 5777 1688 5846 particeps,
1735 5777 1870 5832 nihil
1906 5779 2054 5836 aliud

495 5854 691 5908 ridi-hit
732 5871 889 5923 quam
926 5859 1101 5930 ipsum
1150 5879 1351 5936 corpus
1384 5867 1615 5922 Domini.
1650 5866 1880 5937 Propter
1914 5870 2055 5926 hanc

2156 4676 2392 4731 ἐνταῦθα
2417 4680 2675 4733 κοινωνία
2698 4679 2878 4750 μόνον,
2904 4682 2935 4751 ἢ
2961 4682 3224 4751 ἀναλογία
3239 4683 3559 4753 ὁμοιότητος,
3583 4665 3697 4724 ἀλλὰ

2158 4767 2482 4838 πράγματος
2537 4771 2830 4841 ταυτότης.
2891 4773 3003 4825 Καὶ
3057 4773 3167 4844 γὰρ
3232 4773 3389 4841 σῶμα
3444 4766 3530 4821 καὶ
3576 4754 3694 4854 eius

2157 4860 2392 4931 Χριστοῦ
2429 4860 2496 4914 τὰ
2536 4865 2818 4932 μυστήρια
2840 4878 2854 4893 ⁶
2885 4864 3019 4918 ἀλλὰ
3058 4868 3123 4937 τῇ
3173 4861 3461 4932 Ἐκκλησία
3496 4857 3693 4923 Χριστου

2156 4951 2328 5004 ταῦτα
2383 4950 2583 5023 βρῶσίς
2613 4954 2731 5006 ἐστι
2780 4956 2875 5007 καί
2909 4954 3064 5017 πόσις
3100 4955 3360 5025 ἀληθινή⁹
3394 4952 3481 5004 καὶ
3516 4942 3692 4998 τούτων

2163 5044 2484 5115 μετέχουσαι
2537 5045 2601 5098 οὐ
2650 5045 2785 5117 πρὸς
2834 5046 3178 5119 ἀνθρώπινον
3215 5048 3354 5103 αὐτὰ
3405 5035 3691 5113 μεταϐάλλει

2140 5134 2343 5204 τόλμα,
2380 5134 2631 5207 καθάπερ
2667 5137 2796 5190 ἄλλο
2827 5154 2880 5191 τι
2912 5141 3103 5203 σιτίον,
3141 5141 3257 5194 ἀλλ’
3289 5136 3422 5206 αὐτὴ
3455 5124 3689 5202 μεταϐῶ-

2160 5226 2309 5279 λεται
2351 5227 2430 5288 είς
2474 5229 2695 5295 ὲκεῖνα,
2748 5229 2859 5283 τῶν
2913 5234 3241 5297 κρειττόνων
3290 5221 3686 5296 ὑπερνικώντωκι.

2173 5318 2229 5371 Ἐ
2235 5318 2326 5371 πεί
2344 5319 2443 5373 καὶ⁸
2463 5321 2683 5391 σίδηρος
2710 5323 2976 5393 ὁμιλήσας
2994 5327 3147 5395 πυρὶ,
3176 5324 3334 5387 αὐτὸς
3361 5320 3553 5390 γίνεται
3577 5305 3683 5368 πῦρ.

2160 5412 2222 5465 οὐ
2257 5411 2332 5483 τῷ
2364 5418 2498 5485 πυρὶ
2534 5414 2747 5469 δίδωσιν
2778 5413 2917 5470 εἶναι
2952 5418 3170 5489 σίδηρον
3190 5435 3204 5450 ·
3237 5417 3328 5471 καὶ
3362 5408 3587 5471 καθάπερ
3612 5395 3685 5489 if”

2161 5506 2588 5573 πυρακτωθέντα
2609 5506 2849 5579 σίδηρον,
2874 5510 2935 5564 οὐ
2958 5487 3196 5583 σίδηρόν,
3219 5509 3349 5565 ἀλλὰ
3366 5503 3470 5571 πῦρ
3484 5487 3684 5583 aram?“

2162 5599 2397 5669 ὁρῶμεν,
2445 5600 2552 5653 τῶν
2581 5601 2674 5655 τοῦ
2712 5575 2934 5671 σιδήρου
2965 5575 3268 5672 ίδιωμάτων
3295 5595 3394 5653 ὑπὸ
3419 5589 3505 5646 τοῦ
3541 5575 3681 5672 me“

2164 5690 2444 5753 παντελῶς
2468 5693 2898 5761 ἀφανιζομένων,
2929 5694 3071 5747 uitro
3102 5696 3191 5746 καὶ
3217 5692 3313 5762 τὴν
3338 5677 3550 5752 Χριστοδ
3584 5668 3683 5770 Ἢ

2166 5782 2265 5852 κλη
2279 5784 2394 5836 σίαν
2424 5784 2475 5836 εἴ
2500 5799 2586 5847 τις
2620 5786 2747 5837 ἰδεῖν
2780 5785 3057 5855 δυνηθείη,
3102 5785 3221 5839 κατ’
3255 5780 3380 5837 αὐτὸ
3409 5772 3549 5826 τοῦτο
3578 5752 3661 5855 κναο

2166 5875 2289 5926 ὅσον
2330 5873 2475 5945 αὐτῷ
2504 5875 2732 5945 ἥνωται,
2772 5878 2863 5929 καὶ
2899 5874 3005 5929 τῶν
3038 5877 3199 5931 αὑτοῦ
3237 5874 3437 5946 μετέχει
3473 5859 3674 5927 “Nm”
