4030 6486
493 374 599 443 435

1756 372 2056 435 ΝίίῖΟίιβιξ

2205 371 2489 432 BASILE
3634 378 3719 439 ιδ

497 485 734 540 rentiam
768 482 1087 544 exhiberet,
1123 491 1502 551 paupertatem
1553 496 1719 552 quam
1768 496 1867 553 pro
1917 481 2079 536 nobis

2193 481 2335 552 κτήσῃ
2388 479 2616 549 μᾶλλον,
2652 478 2748 549 τῆς
2809 478 3081 551 πτωχείας
3116 480 3181 547 ἣν
3215 481 3355 553 ὑπὲρ
3402 484 3548 555 ἡμῶν
3578 487 3726 542 ἐπτώ-

494 576 777 641 sustinuit,
808 575 856 629 ei
887 575 940 628 in
974 583 1208 627 tuentem
1253 589 1536 630 revocans.
1578 572 1687 629 Pro
1731 587 1822 637 eo,
1866 574 2075 643 inquit,

491 676 549 721 te
580 680 703 728 oro,
738 664 883 734 quod
930 664 1050 734 ipse
1092 663 1405 720 sustinuisti
1455 673 1507 719 te
1550 677 1672 720 esse
1713 679 1842 720 eum
1884 664 2077 729 servis,

495 767 551 814 ct
582 760 897 813 mandatum
948 757 1202 828 accipere
1226 797 1241 821 ,
1272 765 1329 815 et
1360 768 1507 813 stare
1533 772 1660 813 cum
1695 755 1764 812 iis
1800 756 1895 827 qui
1931 757 2079 811 acci-

497 851 674 919 piunt,
699 864 821 905 cum
869 849 1054 904 omnia
1083 850 1326 917 habeas;
1359 859 1413 906 et
1461 849 1728 922 appellari
1762 851 1958 916 haeres,
1987 848 2080 906 cui

499 944 635 997 nihil
662 952 746 1000 est
768 942 1126 1013 acquisitum,
1159 944 1397 1000 maxime
1428 959 1553 1000 cum
1588 944 1931 1015 perfectioris
1968 958 2082 1002 me-

501 1034 731 1090 minisse
764 1044 971 1089 nostra:
1001 1050 1128 1089 cum
1164 1034 1392 1092 Christo
1424 1034 1868 1100 necessitudinis,
1908 1034 2083 1106 magis

498 1126 674 1192 ipsum
714 1134 895 1182 movet
928 1125 995 1181 ad
1033 1126 1494 1182 misericordiam.
1530 1125 1629 1183 Est
1676 1138 1861 1181 autem
1909 1126 2083 1182 luere-

497 1219 664 1284 clitas,
694 1219 866 1274 multo
887 1220 1168 1275 creatione
1203 1219 1497 1290 perfectior
1519 1219 1886 1275 necessitudo.
1915 1218 2084 1274 Multo

497 1312 643 1366 enim
681 1312 919 1382 amplius
963 1321 1017 1366 et
1062 1313 1257 1367 melius
1290 1327 1392 1367 nos
1431 1313 1680 1382 possedit
1732 1311 1907 1367 haeres
1952 1311 2084 1366 effe-

498 1412 643 1467 ctns,
677 1419 842 1473 quam
895 1404 1047 1474 prius
1101 1403 1291 1459 habuit
1337 1418 1462 1459 cum
1514 1411 1598 1458 est
1650 1402 1971 1458 fabricatus.
2002 1400 2083 1456 Ex

498 1496 776 1551 creatione
824 1498 971 1551 enim
1028 1499 1281 1551 hamanre
1357 1494 1702 1551 solummodo
1738 1503 1951 1550 natura:
1986 1481 2084 1547 doc

499 1587 733 1644 minium
769 1587 1027 1643 obtinuit.
1068 1587 1143 1643 Ex
1179 1586 1497 1643 haereditate
1529 1594 1735 1654 autem,
1767 1584 1995 1641 rationis
2032 1595 2088 1640 et

502 1679 806 1735 voluntatis
838 1679 1105 1735 Dominus
1136 1678 1472 1735 constitutus
1504 1685 1593 1733 est
1613 1715 1630 1743 ,
1665 1676 1811 1748 quod
1846 1685 1931 1733 est
1961 1690 2089 1731 vere

2181 590 2397 642 χευεεν,
2451 572 2772 641 ἀναμνήσας
2811 571 2994 626 αὐτόν.
3043 572 3216 646 Ὑπὲρ
3271 575 3477 630 τούτων
3508 580 3728 645 ἱκετεύω,

2180 667 2367 736 φησὶν,
2424 666 2567 736 ὑπὲρ
2607 659 2683 720 ὧν
2734 665 2897 731 αὐτὸς
2946 665 3176 737 ἠνέσχου
3223 667 3367 735 μετά
3397 670 3503 724 τῶν
3551 672 3728 726 δούλων

2180 759 2460 827 γενέσθαι,
2493 758 2589 814 καὶ
2617 759 2808 813 λαϐεῖν
2837 760 3083 828 ἐντολὴν,
3124 763 3217 815 καὶ
3257 763 3456 833 στῆναι
3484 766 3613 834 μετά
3634 767 3724 820 τῶν

2179 853 2594 924 λαμϐανόντων,
2628 855 2655 906 ό
2681 854 2866 907 πάντα
2890 852 3029 924 ἔχων
3047 867 3062 882 ·
3101 854 3196 909 καὶ
3244 855 3476 911 ἀκοῦσαι
3504 855 3729 929 κληρονό·

2185 961 2282 1015 μσς
2313 937 2356 1013 ᾧ
2409 944 2579 1015 μηδὲν
2634 945 2967 1016 ἐπίκτητον·
3018 945 3196 1011 ἄλλως
3230 964 3321 1013 τε,
3361 949 3421 1004 τδ
3452 948 3728 1019 μνησθῆναι

2180 1036 2281 1106 τῆς
2308 1036 2707 1109 ἀκριϐεστέρας
2733 1037 3062 1103 οίκειὼσεως
3098 1040 3256 1109 ἡμῶν
3291 1040 3425 1112 πρὸς
3470 1042 3556 1095 τδν
3593 1041 3726 1106 Θεὸν,

2185 1131 2265 1194 εἷς
2306 1130 2455 1183 ἔλεον
2488 1130 2652 1184 αὐτὸν
2684 1130 2980 1199 ἐφέλκεται
3013 1130 3238 1200 μᾶλλον.
3289 1132 3656 1207 ’Δκριϐεστέρα
3681 1133 3728 1188 δὲ

2184 1222 2482 1287 οἰκείωσις,
2541 1222 2960 1293 ὴκληρονομία,
3010 1223 3112 1294 τῆς
3157 1224 3540 1295 δημιουργίας·
3577 1225 3729 1293 πολλῷ

2185 1314 2267 1385 τῷ
2300 1316 2452 1386 μέσῳ
2495 1315 2594 1368 καὶ
2654 1314 2791 1368 πολὺ
2823 1313 3033 1385 βέλτιον
3064 1317 3213 1386 ἡμᾶς
3266 1317 3533 1387 ἐκτήσατο
3562 1319 3734 1387 κληρο-

2187 1405 2459 1476 νομήσας,
2495 1403 2528 1475 ἢ
2560 1403 2832 1477 πρότερον
2866 1400 2978 1476 εἶχε
3021 1406 3464 1476 δημιουργήσας.
3504 1407 3626 1460 Ἃπὸ
3650 1408 3732 1477 μὲν

2188 1495 2295 1566 γὰρ
2315 1495 2412 1565 τῆς
2436 1493 2823 1566 δημιουργίας,
2843 1494 2943 1563 τῆς
2968 1493 3185 1575 φύσεως
3207 1495 3398 1559 ἀπλῶς
3419 1495 3524 1548 τῶν
3547 1496 3731 1566 ἀνθρὼο

2189 1604 2308 1639 πων
2340 1585 2590 1656 ἐκράτει,
2638 1583 2746 1639 ἀπὸ
2796 1584 2855 1638 δὲ
2905 1587 3006 1656 τῆς
3040 1584 3434 1656 κληρονομίας,
3482 1581 3732 1653 τοῦλόγου

2188 1678 2286 1732 καὶ
2314 1676 2415 1746 τῆς
2436 1676 2815 1749 προαιρέσεως
2842 1676 3080 1748 κατέστη
3112 1678 3394 1747 Δεσπότης
3414 1721 3430 1746 ,
3456 1680 3584 1747 ὅπερ
3612 1678 3735 1732 ὲσιὶν

503 1773 824 1828 hominibus
858 1771 1150 1842 imperare.
1197 1771 1332 1826 illud
1378 1770 1527 1827 enim
1573 1780 1658 1827 est
1702 1783 1998 1825 commune
2030 1776 2088 1825 et

2193 1766 2502 1838 ἀνθρώπων
2546 1766 2765 1836 ἄρχειν,
2815 1766 2891 1830 ὡς
2923 1764 3166 1836 ἀληθῶς.
3211 1769 3424 1824 Ἐκεῖνο
3455 1771 3562 1841 γὰρ
3586 1770 3734 1824 κοινόν

502 1862 572 1917 iis
598 1877 721 1933 qua
749 1841 945 1918 carent
986 1862 1217 1928 ratione,
1256 1870 1311 1917 et
1350 1862 1416 1917 iis
1453 1875 1577 1931 qua:
1600 1867 1731 1916 sunt
1764 1859 2084 1915 inanimato.

2194 1864 2309 1916 ἐστι
2344 1859 2442 1915 καὶ
2468 1860 2582 1924 τοῖς
2610 1859 2829 1928 ἀλόγοις
2857 1861 2955 1915 καὶ
2985 1863 3099 1925 τοῖς
3142 1861 3401 1934 ἀψύχοις.
3449 1865 3606 1918 Φύσει
3646 1863 3734 1931 γὰρ

501 1952 699 2011 Omnia
725 1955 876 2011 enim
913 1962 1113 2011 natura
1163 1956 1271 2010 Deo
1318 1954 1715 2024 subjiciuntur,
1745 1960 1806 2009 ut
1830 1967 1953 2024 quae
1978 1955 2090 2008 sint

502 2046 619 2116 ejus
639 2061 828 2117 opera.
860 2046 966 2102 Sed
997 2046 1277 2117 quomodo
1309 2061 1405 2116 per
1429 2043 1803 2100 [nereditatem
1862 2044 2090 2103 rationis

503 2147 559 2193 et
586 2138 891 2195 voluntatis
923 2139 1255 2195 constitutus
1286 2147 1372 2195 est
1426 2138 1734 2195 Dominus?
1780 2136 1922 2205 Quia
1960 2152 2088 2192 cum

505 2232 561 2286 in
583 2241 783 2287 terram
808 2231 1113 2297 descendit,
1143 2242 1199 2287 ct
1222 2230 1530 2289 cruciﬁxus
1548 2240 1654 2296 est,
1681 2240 1737 2285 et
1764 2229 2088 2295 resurrexit,

502 2324 555 2378 ei
608 2332 857 2379 nostram
923 2324 1191 2379 rationem
1240 2323 1585 2394 subiecimus
1623 2331 1681 2379 et
1730 2322 2088 2378 voluntatem.

506 2415 795 2470 Rationem
835 2413 1086 2485 quidem,
1124 2414 1271 2485 quod
1298 2430 1423 2470 eum
1450 2413 1623 2471 Deum
1655 2430 1847 2470 Verum
1883 2430 2092 2486 cogno-
2147 2422 2160 2435 '

466 2500 469 2503 ’
508 2507 683 2561 vimus
707 2514 763 2561 et
796 2505 1068 2561 universa:
1105 2512 1371 2561 creaturae
1391 2504 1709 2572 Dominum;
1743 2505 2089 2562 voluntatem

504 2606 712 2662 autem,
745 2598 873 2668 quia
906 2613 1028 2654 eum
1065 2597 1364 2653 dileximus
1400 2606 1453 2653 et
1499 2598 1620 2668 ejus
1650 2598 1956 2655 dominium
1987 2637 2000 2661 ,
2039 2605 2094 2652 et

499 2690 690 2760 iugum
729 2689 851 2760 ejus
895 2704 1020 2746 cum
1058 2690 1258 2761 gaudio
1306 2689 1556 2745 humeris
1592 2689 1945 2746 sustulimus.
2000 2691 2081 2744 ita

508 2783 653 2838 Deus
685 2781 939 2838 homines
972 2781 1214 2854 perfecte
1257 2782 1488 2852 accepit,
1536 2781 1612 2836 ita
1656 2797 1786 2837 vere
1817 2781 2089 2852 possedit.

506 2878 659 2936 liattc
700 2882 1105 2950 possessionem
1146 2877 1320 2932 lsaias
1351 2877 1623 2947 propheta
1653 2876 1816 2947 longe
1842 2883 1969 2931 ante
2001 2875 2095 2931 de-

507 2971 762 3028 siderans
787 3011 803 3035 ,
834 2970 1077 3035 dicebat,
1117 2987 1138 3023 ι
1179 2969 1414 3026 Domine
1446 2966 1594 3024 Deus
1629 2975 1840 3034 noster,
1876 2966 2096 3039 posside

506 3079 632 3119 nos.
677 3082 697 3117 ι
743 3062 866 3119 llaec
899 3071 985 3119 est
1015 3062 1295 3134 possessio
1324 3071 1379 3117 et
1413 3060 1726 3127 haereditas,
1754 3077 1916 3131 quam
1949 3060 2094 3116 diei-

2192 1954 2373 2008 πάντα
2403 1950 2779 2006 ὑποτάσσεται
2809 1950 2886 2022 τῷ
2909 1952 3052 2023 Θεῷ,
3086 1952 3162 2018 ὡς
3200 1953 3651 2027 δημιουργήματα
3673 1950 3733 2021 τῷ

2190 2043 2532 2117 δημιουργῷ.
2591 2042 2752 2099 Ἀλλὰ
2794 2043 2912 2107 πῶς
2955 2044 3102 2098 κατά
3139 2044 3238 2116 τὴν
3270 2045 3627 2118 κληρονομίαν
3658 2043 3732 2095 rei

2190 2138 2352 2208 λόγου
2408 2138 2502 2191 καὶ
2543 2138 2643 2209 τῆς
2701 2136 3082 2208 προαιρέσεως
3149 2139 3391 2209 κατέστη
3461 2137 3731 2207 Δεσπότηςς

2192 2232 2322 2287 Ὅτι
2347 2230 2670 2286 κατελθόντι
2704 2231 2784 2293 εἰς
2809 2228 2909 2301 τὴν
2940 2229 3050 2299 γῆν
3102 2232 3198 2284 καὶ
3249 2230 3629 2303 σταυρωθέντι,
3658 2228 3733 2284 καὶ

2191 2324 2510 2390 ἀναστάντι,
2527 2320 2618 2377 τὸν
2637 2321 2800 2392 λόγον
2815 2322 2910 2372 τὸν
2928 2320 3203 2392 ἡμέτερον
3223 2321 3568 2392 ὑπετάξαμεν
3611 2319 3731 2389 αὐτῷ

2195 2417 2291 2471 καὶ
2319 2416 2418 2486 τὴν
2448 2415 2697 2485 θέλησιν·
2731 2414 2824 2468 τὸν
2861 2415 2960 2485 μὲν
2988 2412 3169 2484 λόγον,
3197 2416 3285 2468 ὅτι
3328 2414 3568 2486 ἔγνωμεν
3599 2414 3732 2469 αὐτὸν

2192 2509 2329 2564 Θεὸν
2357 2508 2619 2576 ἀληθινὸν
2681 2508 2776 2562 καὶ
2810 2507 2911 2577 τῆς
2944 2507 3176 2571 κτίσεως
3203 2507 3429 2578 ἁπάσης
3463 2507 3729 2576 demoror

2193 2604 2297 2672 τὴν
2347 2602 2405 2655 δὲ
2453 2602 2695 2673 θέλησιν,
2736 2602 2818 2656 ὅτι
2877 2602 3256 2674 ἠγαπήσαμεν
3307 2601 3491 2665 αὑτὸν,
3540 2601 3625 2655 καὶ
3658 2600 3733 2667 τὴν

2192 2693 2359 2748 αὑτοῦ
2398 2693 2727 2748 δεσποτείαν
2753 2693 2850 2747 καὶ
2887 2694 2979 2747 τὸν
3011 2694 3180 2748 αὐτοῦ
3208 2692 3380 2765 ζυγὸν
3407 2695 3543 2763 μετὰ
3589 2694 3730 2764 χαρᾶς

2193 2787 2427 2840 ἐπὶτῶν
2467 2786 2715 2858 αὐχένων
2765 2786 3107 2858 ἠνέγκαμεν.
3163 2786 3329 2843 Οὕτω
3377 2787 3587 2849 τελείως
3628 2785 3730 2847 τοὺς

2192 2878 2518 2949 ἀνθρώπους
2539 2883 2567 2934 ό
2596 2879 2728 2945 Θεὸς
2762 2878 2981 2944 ἐλαϐεν,
3031 2877 3208 2942 οὕτως
3235 2880 3458 2951 ἀληθῶς
3481 2878 3730 2947 ἐκτήσατο.

2195 2971 2418 3042 Ταύτης
2441 2973 2544 3043 τῆς
2571 2972 2823 3044 κτήσεως
2855 2972 3092 3036 Ἡσαΐας
3117 2974 3145 3027 ὁ
3166 2974 3463 3046 προφήτης
3489 2970 3731 3044 πόρρωθεν

2195 3061 2483 3134 ἐπιθυμῶν
2541 3062 2731 3132 ελεγεο
2802 3063 2980 3137 Κύριε
3041 3066 3071 3120 ὁ
3131 3064 3267 3121 Θεὸς
3324 3064 3503 3137 ἡμῶν,
3569 3064 3732 3131 κτῆσαι

512 3166 600 3209 tur
635 3151 971 3222 Uuigenitus
1003 3169 1034 3210 a
1068 3152 1231 3209 Patre
1275 3153 1545 3225 accipere.
1576 3153 1643 3209 Et
1690 3153 1815 3211 talis
1863 3153 2087 3224 quidem

2195 3153 2370 3224 ἡμᾶς.
2410 3171 2431 3207 ﬁ
2466 3153 2640 3209 Τοῦτο
2662 3155 2696 3222 ἡ
2726 3155 3065 3227 κληρονομία
3081 3155 3148 3228 ἣν
3167 3155 3395 3224 λέγεται
3417 3154 3595 3209 λαϐεῖν
3614 3151 3733 3221 παρὰ

506 3259 591 3305 est
619 3246 819 3303 oratio.

1141 3354 1296 3417 CAP.
1326 3358 1464 3418 XLI.

579 3451 657 3508 De
687 3454 980 3525 gratiarum
1016 3454 1227 3508 actione
1276 3462 1330 3576 et!
1369 3451 1759 3523 gloriﬁcatt'onc
1799 3468 1919 3524 quos
1960 3451 2024 3523 ﬁt

1216 3539 1306 3576 nos
1333 3539 1417 3576 ea.

1214 3539 1417 3593 postea.

582 3615 682 3670 llie
712 3625 893 3672 autem
931 3615 1253 3672 universum
1297 3615 1606 3687 completur
1637 3614 1970 3672 sacrificium
1996 3656 2012 3681 ,
2041 3621 2096 3671 et

508 3707 708 3761 dit-ina:
741 3705 1105 3762 Eucharistiaa
1140 3707 1465 3779 mysterium
1505 3707 1668 3762 linem
1699 3706 1923 3777 accipit.
1955 3704 2095 3761 Nam

508 3807 562 3854 et
590 3799 730 3852 dona
767 3806 897 3853 sunt
925 3798 1267 3855 sanctificata
1297 3807 1353 3855 et
1394 3804 1734 3855 sacerdotem
1779 3800 2094 3855 sanctifica-

510 3898 658 3954 runt,
692 3899 749 3944 et
785 3905 1006 3945 omnem
1047 3890 1142 3961 qui
1171 3905 1296 3946 eum
1339 3890 1701 3947 circumsistit
1741 3891 2007 3960 chorum;
2041 3899 2096 3946 ct

510 3997 608 4052 per
658 3981 808 4051 ipsos
853 3981 1133 4053 reliquum
1192 3981 1453 4038 Ecclesiae
1503 3992 1706 4039 coetum
1758 3984 1997 4055 perfecit
2042 3993 2099 4039 et

511 4074 898 4130 sanetillcavit.
929 4074 1224 4145 Propterea
1256 4074 1313 4129 in
1353 4074 1450 4131 Dei
1479 4077 1786 4145 gratiarum
1820 4077 2095 4133 actionem

509 4176 564 4221 et
593 4165 1050 4236 glorificationem
1098 4175 1154 4222 et
1189 4166 1309 4237 ipse
1356 4168 1619 4226 sacerdos
1657 4168 1883 4235 desiuit,
1913 4176 1968 4224 et
2001 4167 2093 4238 qui

511 4271 639 4310 eum
675 4255 1096 4311 circumsistunt
1129 4255 1334 4325 ﬁdeles.
1365 4255 1431 4312 Et
1464 4256 1556 4312 ille
1584 4257 1832 4328 quidem,
1878 4274 1897 4310 t
1922 4258 2096 4313 Bene-

512 4348 695 4404 dictus
722 4345 889 4412 Deus,
930 4347 1129 4419 inquit,
1158 4363 1307 4404 nunc
1335 4356 1391 4405 et
1436 4363 1676 4420 semper,
1711 4358 1769 4405 et
1805 4349 1860 4405 in
1895 4348 2094 4405 saecula

511 4437 862 4493 steculomtn.
889 4436 1084 4494 Amen.
1123 4457 1143 4491 ι

2196 3240 2291 3297 τοῦ
2314 3242 2525 3315 Πατρδς
2555 3245 2584 3296 ὀ
2609 3243 2946 3314 Μονογενής.
2976 3245 3087 3299 Καὶ
3108 3244 3340 3317 τοιαύτη
3371 3245 3471 3318 μὲν
3496 3246 3528 3318 ἠ
3554 3243 3686 3313 εὐχή.

2776 3358 3029 3414 ΚΕΦΔΛ.
3064 3356 3204 3415 MA'.

2197 3449 2341 3520 Περὶ
2362 3446 2472 3519 τῆς
2480 3451 2636 3521 μετὰ
2650 3450 2839 3507 ταῦτα
2855 3452 3247 3523 εὐχαριστίας
3264 3452 3370 3511 καί
3386 3448 3733 3520 60601034“-

2283 3603 2553 3659 Ἐνταῦθα
2587 3605 2645 3660 δὲ
2689 3607 2722 3676 ἠ
2766 3607 3056 3679 ἱερουργία
3099 3607 3524 3682 ωμπληροῦται
3559 3606 3735 3665 ἅπασα.

2198 3696 2299 3752 καὶ
2318 3697 2470 3770 ἡτῆς
2502 3697 2654 3763 θείας
2672 3699 3031 3771 εὐχαριστίας
3059 3701 3252 3774 τελετὴ
3286 3704 3459 3775 πέρας
3487 3700 3735 3771 λαμϐάνει.

2198 3793 2335 3848 Τότε
2393 3794 2504 3862 γὰρ
2554 3793 2705 3866 δῶρα
2740 3796 3031 3864 ἡγίασται,
3077 3797 3308 3851 καὶτὸν
3364 3797 3510 3870 ἱερέα
3551 3794 3733 3866 ἡγίασεν

2200 3889 2296 3942 καὶ
2326 3887 2505 3943 πάντα
2535 3888 2631 3943 τὸν
2678 3889 2811 3960 περὶ
2839 3888 3006 3943 αὐτὸν
3035 3888 3219 3959 χορὸν,
3259 3892 3360 3944 καὶ
3394 3891 3462 3943 δι’
3490 3887 3650 3944 αὐτῶν
3688 3882 3735 3934 τὸ

2197 3981 2391 4036 λοιπὸν
2412 3981 2513 4052 τῆς
2545 3980 2881 4052 Ἐκκλησίας
2903 3981 3119 4035 ἰτέλεσε
3144 3983 3238 4035 καὶ
3255 3983 3457 4054 ἡγίασε
3480 3981 3733 4050 πλήρωμα.

2198 4073 2299 4126 Διά
2330 4070 2489 4127 τοῦτο
2524 4072 2605 4136 είς
2630 4073 2985 4144 εὐχαριστίαν
3013 4072 3107 4127 τοῦ
3136 4071 3275 4128 Θεοῦ
3328 4075 3424 4129 καὶ
3472 4067 3733 4138 δοξολογίαν

2197 4164 2361 4226 αὐτός
2418 4178 2479 4216 τε
2532 4165 2562 4217 ό
2612 4163 2792 4234 ἱερεὺς
2846 4163 3149 4233 καταλήγει
3187 4165 3284 4219 καὶ
3321 4166 3371 4218 oi
3417 4158 3733 4234 περιεστῶτες

2201 4255 2409 4309 πιστοί.
2473 4255 2586 4308 Καὶ
2634 4254 2664 4308 ὁ
2705 4255 2829 4324 μὲν,
2897 4273 2917 4307 ι
2978 4254 3298 4328 Εὐλογητὸς
3352 4257 3382 4309 ό
3431 4256 3576 4318 Θεὸς.
3608 4247 3732 4321 φησὶ.

2199 4346 2457 4410 πάντοτε,
2515 4345 2612 4403 νῦν
2672 4348 2770 4402 καὶ
2820 4347 2934 4415 ἀεὶ,
2964 4349 3061 4401 καὶ
3103 4350 3184 4411 είς
3248 4350 3377 4413 τοὺς
3418 4347 3608 4408 αίῶνας
3650 4338 3736 4393 τῶν

2196 4438 2435 4496 αἰώνων.
2471 4438 2664 4511 Ἀμήν.
2697 4457 2725 4493 9

584 4527 823 4599 Populus
871 4539 1053 4585 autem
1090 4530 1241 4585 canit
1296 4530 1630 4601 prooemium
1680 4531 1880 4587 cantici
1930 4544 2091 4587 acce-

2272 4530 2348 4584 Τὸ
2383 4530 2441 4584 δὲ
2472 4530 2680 4600 πλῆθος
2705 4531 2896 4604 ᾄδουσι
2928 4530 2989 4585 τδ
3018 4530 3308 4601 προοίμιον
3346 4533 3442 4604 τῆς
3468 4529 3620 4604 ᾠδῆς.
3652 4522 3738 4579 ἀπὸ

512 4629 663 4692 ptum
696 4637 762 4677 ex
796 4621 961 4678 dictis
990 4622 1361 4694 propheticis:
1391 4642 1410 4676 ι
1435 4621 1812 4694 lmpleaturos
1844 4633 2092 4679 nostrum

514 4715 697 4782 laude,
728 4714 976 4782 Domine,
1008 4725 1069 4771 ut
1096 4715 1440 4772 celebremus
1466 4715 1700 4786 gloriam
1733 4725 1936 4773 tuam.)
1970 4715 2090 4772 Non

512 4822 730 4873 sumus,
765 4807 966 4878 inquit,
1006 4807 1379 4871 sufﬁcientes.
1435 4805 1689 4872 Domine,
1722 4823 1792 4864 ne
1831 4808 2092 4881 hymnum

513 4899 734 4968 quidem
781 4909 839 4953 et
886 4900 1102 4956 laudem
1155 4899 1251 4955 tibi
1286 4899 1482 4955 oﬂ‘erre
1509 4938 1525 4965 ,
1563 4914 1660 4969 pro
1696 4899 1855 4955 bonis
1885 4899 2090 4971 quibus

514 5007 615 5046 nos
646 4991 907 5060 dignatus
961 5007 1044 5057 es;
1100 4992 1195 5048 sed
1240 5001 1298 5045 tu
1347 4991 1455 5046 hoc
1486 5006 1709 5059 quoque
1738 4991 1893 5046 nobis
1925 4991 2092 5046 dona.

516 5082 765 5150 Quonam
820 5084 1027 5138 modo?
1081 5083 1319 5155 lmplcns
1373 5099 1437 5140 os
1490 5093 1738 5139 nostrum
1797 5083 1991 5150 laude;
2044 5092 2099 5139 t-t

517 5171 981 5244 quemadmodum
1018 5173 1116 5228 das
1162 5175 1471 5230 orationem
1515 5173 1824 5239 orantibus,
1856 5182 1918 5229 ut
1957 5175 2098 5229 scia-

518 5281 642 5320 mus
672 5280 921 5336 quamam
955 5273 1170 5334 oportet
1194 5274 1250 5319 et
1275 5265 1552 5336 quomodo
1575 5277 1759 5336 petere
1784 5280 1799 5318 :
1832 5266 1905 5322 ita
1929 5265 2093 5321 etiam

516 5357 584 5413 ad
614 5357 832 5414 laudern
875 5366 1021 5412 tuam
1053 5355 1123 5411 da
1173 5356 1255 5412 ori
1289 5357 1626 5414 facultatem.
1659 5357 1868 5414 Deinde
1898 5369 2092 5425 orant,

520 5461 581 5503 ut
607 5466 768 5519 quam
798 5458 1130 5522 acceperunt
1159 5450 1653 5505 sanctificationem
1678 5451 1944 5508 habentes
1975 5467 2094 5523 per-

519 5551 803 5606 maneant,
829 5553 883 5598 et
911 5543 1146 5613 gratiam
1171 5558 1281 5597 non
1307 5544 1556 5613 perdant,
1580 5560 1678 5601 nec
1704 5547 1908 5600 donum
1933 5546 2096 5600 amit-

518 5646 654 5698 tant,
684 5637 755 5692 ab
802 5634 922 5705 eius
978 5651 1144 5690 manu
1182 5635 1376 5704 adiuti.
1423 5654 1442 5690 t
1479 5638 1749 5694 Conserva
1787 5654 1887 5694 nos
1916 5639 1969 5693 in
2006 5649 2097 5695 tua

518 5727 977 5782 sanctificatione.
999 5745 1016 5779 ι
1046 5726 1185 5793 Quid
1203 5728 1463 5805 agentes?
1497 5729 1733 5801 (Etenim
1763 5728 1832 5783 iis
1871 5744 2095 5800 quoque

522 5831 643 5885 qua:
680 5833 708 5870 α
748 5817 906 5873 nobis
942 5818 1388 5890 proficiscuntur,
1421 5836 1559 5892 opus
1603 5820 1731 5890 cst.)
1781 5838 1796 5873 t
1842 5818 1978 5877 Toto
2009 5821 2096 5877 die

2198 4622 2308 4675 τῶν
2336 4621 2695 4693 προφητικῶν
2712 4621 2873 4675 τοῦτο
2894 4621 3152 4685 λαϐόντες
3175 4624 3464 4694 ῥημάτων,
3494 4640 3513 4673 ι
3547 4623 3739 4689 Πληρω·

2201 4712 2351 4782 θήτω
2404 4713 2467 4765 τὸ
2514 4712 2692 4783 στόμα
2739 4711 2900 4782 ἡμῶν
2929 4712 3213 4776 αίνέσεως,
3259 4714 3458 4784 Κύριε,
3508 4713 3643 4771 ὅπως
3683 4703 3737 4758 ἂν

2200 4805 2534 4876 ὑμνήσωμεν
2558 4804 2656 4876 τὴν
2673 4804 2831 4871 δόξαν
2855 4821 2974 4861 σου.
3008 4823 3029 4858 ι
3058 4805 3173 4860 Οὐκ
3196 4806 3364 4876 ἐσμὲν
3389 4803 3578 4867 ἱκανοὶ,
3607 4795 3736 4868 φησὶ.

2199 4899 2466 4962 Δέσποτα,
2502 4897 2624 4951 οὐδὲ
2658 4896 2829 4967 ὕμνον
2863 4915 2949 4951 σοι
3011 4901 3424 4969 προσενεγκεῖν,
3482 4895 3612 4964 ὑπὲρ
3648 4888 3737 4941 τῶν

2198 4987 2422 5054 ἀγαθῶν
2448 4980 2523 5043 ὧν
2555 4989 2704 5059 ἡμᾶς
2735 4988 2999 5059 ἠξίωσας,
3051 4988 3191 5042 ἀλλὰ
3218 4990 3283 5042 σὺ
3330 4988 3427 5044 καὶ
3473 4984 3619 5041 τοῦτο
3647 4979 3732 5033 δύ’.

2200 5080 2244 5132 Τ
2251 5080 2335 5133 iv:
2366 5080 2567 5150 τρόπον
2594 5099 2608 5146 ;
2662 5080 2964 5151 Πληρώσας
2994 5083 3054 5134 τὸ
3086 5081 3259 5150 στόμα
3303 5081 3461 5150 ἡμῶν
3489 5075 3733 5131 αἰνέσεως.

2198 5174 2294 5226 καὶ
2323 5171 2510 5243 ὥσπερ
2530 5173 2696 5244 εὐχὴν
2724 5173 2881 5237 δίδως
2915 5175 3029 5236 τοῖς
3061 5173 3397 5243 εὐχομένοις,
3434 5169 3502 5224 ἶν’
3534 5163 3735 5232 εἰδῶμεν

2198 5265 2321 5319 τίνα
2365 5266 2448 5319 δεῖ
2504 5269 2596 5320 καὶ
2654 5268 2804 5330 ὅπως
2839 5265 3147 5321 αἰτεῖσθαι·
3207 5264 3350 5319 οὕτω
3383 5263 3473 5318 καὶ
3506 5258 3628 5330 πρὶς
3664 5251 3736 5303 τδν

2200 5361 2372 5430 ὕμνον
2432 5359 2527 5413 τὸν
2582 5359 2672 5413 σὺν
2730 5359 2874 5413 δίδου
2930 5358 3163 5428 δύναμιν
3222 5358 3297 5429 τῷ
3364 5356 3598 5422 στόματι.
3631 5340 3737 5399 Εἶτα

2200 5447 2450 5520 εὔχονται
2477 5450 2569 5504 τὸν
2616 5450 2920 5520 ἁγιασμόν,
2969 5449 3029 5504 ὃν
3069 5449 3262 5506 ἔλαϐον
3292 5449 3520 5520 ἔχοντες,
3564 5443 3733 5513 μεῖναι.

2201 5546 2298 5597 καὶ
2340 5544 2416 5616 μὴ
2454 5544 2751 5615 προδοῦναι
2808 5545 2907 5618 τὴν
2957 5548 3141 5617 χάριν,
3184 5546 3317 5617 μηδὲ
3364 5542 3613 5599 ἀπολέσαι
3653 5532 3735 5600 τὴν
3769 5524 3781 5538 ’

2200 5639 2432 5707 δωρεὰν,
2495 5637 2601 5692 ὑπὸ
2670 5639 2771 5709 τῆς
2846 5639 3058 5694 ἐκείνου
3133 5638 3478 5712 βοηθούμενοι
3541 5624 3731 5701 χεῖρόν

2208 5746 2227 5779 ¹
2259 5728 2512 5797 Τήρησον
2537 5728 2684 5799 ἡμᾶς
2713 5731 2771 5781 ἐν
2791 5729 2866 5798 τῷ
2892 5731 2970 5797 δῷ
2996 5731 3255 5799 ἁγιασμῷ
3281 5747 3294 5761 ’
3327 5748 3344 5780 ι
3374 5728 3424 5781 τί
3446 5720 3729 5780 ποιοῦνταςς

2202 5822 2318 5894 (Δεῖ
2346 5820 2455 5891 γὰρ
2486 5824 2575 5875 καὶ
2603 5821 2712 5875 τῶν
2745 5819 2878 5894 παρ’
2902 5823 3108 5894 ἡμῶν.)
3146 5842 3163 5875 t
3205 5821 3374 5890 Ὅλην
3417 5819 3509 5891 τὴν
3552 5806 3732 5881 ἡμέραν
