  <div class='ocr_page' id='page_1' title='image "/cluster/home/n/w/nwhite01/storage/ocr_20150623/150:no.1/coo.31924054870559/236.png"; bbox 0 0 4030 6472; ppageno 0'>
   <div class='ocr_carea' id='block_1_1' title="bbox 294 375 399 441">
    <p class='ocr_par' dir='ltr' id='par_1_1' title="bbox 294 375 399 441">
     <span class='ocr_line' id='line_1_1' title="bbox 294 375 399 441; baseline 0.019 -2"><span class='ocrx_word' id='word_1_1' title='bbox 294 375 399 441; x_wconf 70' lang='grc'><strong>457</strong></span> 
     </span>
    </p>
   </div>
   <div class='ocr_carea' id='block_1_2' title="bbox 1477 375 2350 439">
    <p class='ocr_par' dir='ltr' id='par_1_2' title="bbox 1477 375 2350 439">
     <span class='ocr_line' id='line_1_2' title="bbox 1477 375 2350 439; baseline 0 -2"><span class='ocrx_word' id='word_1_2' title='bbox 1477 376 1872 439; x_wconf 58' lang='grc' dir='ltr'><strong>[ΙΠΠἪΗΕ</strong></span> <span class='ocrx_word' id='word_1_3' title='bbox 1916 375 2350 437; x_wconf 83' lang='lat' dir='ltr'><strong>EXPOSITIO.</strong></span> 
     </span>
    </p>
   </div>
   <div class='ocr_carea' id='block_1_3' title="bbox 3440 378 3545 443">
    <p class='ocr_par' dir='ltr' id='par_1_3' title="bbox 3440 378 3545 443">
     <span class='ocr_line' id='line_1_3' title="bbox 3440 378 3545 443; baseline 0 0"><span class='ocrx_word' id='word_1_4' title='bbox 3440 378 3545 443; x_wconf 70' lang='grc'><strong>458</strong></span> 
     </span>
    </p>
   </div>
   <div class='ocr_carea' id='block_1_4' title="bbox 297 490 1871 564">
    <p class='ocr_par' dir='ltr' id='par_1_4' title="bbox 297 490 1868 564">
     <span class='ocr_line' id='line_1_4' title="bbox 297 490 1868 564; baseline -0.005 -18"><span class='ocrx_word' id='word_1_5' title='bbox 297 490 638 564; x_wconf 78' lang='grc' dir='ltr'><strong>μελετῶντας</strong></span> <span class='ocrx_word' id='word_1_6' title='bbox 697 494 795 560; x_wconf 84' lang='grc' dir='ltr'>τὴν</span> <span class='ocrx_word' id='word_1_7' title='bbox 852 490 1197 561; x_wconf 81' lang='grc' dir='ltr'>δικαιοσύνην</span> <span class='ocrx_word' id='word_1_8' title='bbox 1250 507 1377 543; x_wconf 84' lang='grc' dir='ltr'>σου’</span> <span class='ocrx_word' id='word_1_9' title='bbox 1440 510 1457 542; x_wconf 72' lang='grc' dir='ltr'><strong>ι</strong></span> <span class='ocrx_word' id='word_1_10' title='bbox 1517 490 1868 559; x_wconf 80' lang='grc' dir='ltr'>δικαιοσύνην</span> 
     </span>
    </p>
   </div>
   <div class='ocr_carea' id='block_1_5' title="bbox 1977 490 3546 564">
    <p class='ocr_par' dir='ltr' id='par_1_5' title="bbox 1977 490 3546 561">
     <span class='ocr_line' id='line_1_5' title="bbox 1977 490 3546 561; baseline 0.011 -20"><span class='ocrx_word' id='word_1_11' title='bbox 1977 490 2297 546; x_wconf 94' lang='lat' dir='ltr'><strong>meditantes</strong></span> <span class='ocrx_word' id='word_1_12' title='bbox 2364 491 2637 561; x_wconf 87' lang='lat' dir='ltr'><strong>justitiam</strong></span> <span class='ocrx_word' id='word_1_13' title='bbox 2694 500 2867 555; x_wconf 86' lang='lat' dir='ltr'><strong>tuam,</strong></span> <span class='ocrx_word' id='word_1_14' title='bbox 2908 508 2926 541; x_wconf 73' lang='grc' dir='ltr'><strong>ι</strong></span> <span class='ocrx_word' id='word_1_15' title='bbox 2961 490 3233 560; x_wconf 78' lang='lat' dir='ltr'><strong>justitiam</strong></span> <span class='ocrx_word' id='word_1_16' title='bbox 3279 498 3546 559; x_wconf 76' lang='lat' dir='ltr'><strong>dicentes.</strong></span> 
     </span>
    </p>
   </div>
   <div class='ocr_carea' id='block_1_6' title="bbox 292 582 1866 654">
    <p class='ocr_par' dir='ltr' id='par_1_6' title="bbox 292 582 1866 654">
     <span class='ocr_line' id='line_1_6' title="bbox 292 582 1866 654; baseline -0.001 -19"><span class='ocrx_word' id='word_1_17' title='bbox 292 585 561 653; x_wconf 82' lang='grc' dir='ltr'>λέγοντες,</span> <span class='ocrx_word' id='word_1_18' title='bbox 591 582 691 654; x_wconf 85' lang='grc' dir='ltr'>τὴν</span> <span class='ocrx_word' id='word_1_19' title='bbox 720 582 1161 654; x_wconf 81' lang='grc' dir='ltr'>ὲνθεωρουμένην</span> <span class='ocrx_word' id='word_1_20' title='bbox 1186 586 1297 646; x_wconf 80' lang='grc' dir='ltr'>τοῖς</span> <span class='ocrx_word' id='word_1_21' title='bbox 1323 582 1646 652; x_wconf 78' lang='grc' dir='ltr'><strong>μυστηρίοις</strong></span> <span class='ocrx_word' id='word_1_22' title='bbox 1672 582 1866 650; x_wconf 77' lang='grc' dir='ltr'>σοφίαν</span> 
     </span>
    </p>
   </div>
   <div class='ocr_carea' id='block_1_7' title="bbox 291 671 1868 746">
    <p class='ocr_par' dir='ltr' id='par_1_7' title="bbox 291 671 1868 746">
     <span class='ocr_line' id='line_1_7' title="bbox 291 671 1868 746; baseline -0.003 -17"><span class='ocrx_word' id='word_1_23' title='bbox 291 678 383 731; x_wconf 77' lang='grc' dir='ltr'>τοῦ</span> <span class='ocrx_word' id='word_1_24' title='bbox 413 676 548 731; x_wconf 82' lang='grc' dir='ltr'>Θεοῦ</span> <span class='ocrx_word' id='word_1_25' title='bbox 576 678 672 731; x_wconf 80' lang='grc' dir='ltr'>καὶ</span> <span class='ocrx_word' id='word_1_26' title='bbox 700 677 1135 746; x_wconf 77' lang='grc' dir='ltr'><strong>φιλανθρωπίαν,</strong></span> <span class='ocrx_word' id='word_1_27' title='bbox 1172 675 1363 745; x_wconf 86' lang='grc' dir='ltr'>ὥσπερ</span> <span class='ocrx_word' id='word_1_28' title='bbox 1411 676 1439 727; x_wconf 80' lang='grc' dir='ltr'><strong>ὁ</strong></span> <span class='ocrx_word' id='word_1_29' title='bbox 1503 674 1713 736; x_wconf 78' lang='grc' dir='ltr'><strong>Παῦλος</strong></span> <span class='ocrx_word' id='word_1_30' title='bbox 1751 671 1868 739; x_wconf 75' lang='grc' dir='ltr'><strong>ἑξέ-</strong></span> 
     </span>
    </p>
   </div>
   <div class='ocr_carea' id='block_1_8' title="bbox 292 763 1867 839">
    <p class='ocr_par' dir='ltr' id='par_1_8' title="bbox 292 763 1867 839">
     <span class='ocr_line' id='line_1_8' title="bbox 292 763 1867 839; baseline -0.004 -18"><span class='ocrx_word' id='word_1_31' title='bbox 292 771 483 822; x_wconf 76' lang='grc' dir='ltr'>λασενο</span> <span class='ocrx_word' id='word_1_32' title='bbox 521 786 539 819; x_wconf 77' lang='grc' dir='ltr'><strong>ι</strong></span> <span class='ocrx_word' id='word_1_33' title='bbox 573 770 647 823; x_wconf 78' lang='grc' dir='ltr'><strong>Οὐ</strong></span> <span class='ocrx_word' id='word_1_34' title='bbox 671 768 778 839; x_wconf 81' lang='grc' dir='ltr'>γὰρ</span> <span class='ocrx_word' id='word_1_35' title='bbox 810 767 1232 838; x_wconf 73' lang='grc' dir='ltr'><strong>ἐπαισχύνομαι,</strong></span> <span class='ocrx_word' id='word_1_36' title='bbox 1256 767 1414 836; x_wconf 67' lang='grc' dir='ltr'>φησὶ,</span> <span class='ocrx_word' id='word_1_37' title='bbox 1440 764 1500 818; x_wconf 79' lang='grc' dir='ltr'>τὸ</span> <span class='ocrx_word' id='word_1_38' title='bbox 1532 763 1867 832; x_wconf 78' lang='grc' dir='ltr'>Εύαγγέλιον</span> 
     </span>
    </p>
   </div>
   <div class='ocr_carea' id='block_1_9' title="bbox 291 855 1872 929">
    <p class='ocr_par' dir='ltr' id='par_1_9' title="bbox 291 855 1872 929">
     <span class='ocr_line' id='line_1_9' title="bbox 291 855 1872 929; baseline -0.005 -16"><span class='ocrx_word' id='word_1_39' title='bbox 291 863 382 913; x_wconf 73' lang='grc' dir='ltr'>τοῦ</span> <span class='ocrx_word' id='word_1_40' title='bbox 413 861 547 913; x_wconf 77' lang='grc' dir='ltr'>Θεοῦ</span> <span class='ocrx_word' id='word_1_41' title='bbox 570 878 581 891; x_wconf 72' lang='grc'><strong><em>⁸</em></strong></span> <span class='ocrx_word' id='word_1_42' title='bbox 615 859 931 929; x_wconf 72' lang='grc' dir='ltr'>δικαιοσύνη</span> <span class='ocrx_word' id='word_1_43' title='bbox 965 859 1074 929; x_wconf 87' lang='grc' dir='ltr'>γὰρ</span> <span class='ocrx_word' id='word_1_44' title='bbox 1091 861 1148 912; x_wconf 86' lang='grc' dir='ltr'>ὲν</span> <span class='ocrx_word' id='word_1_45' title='bbox 1179 856 1326 925; x_wconf 85' lang='grc' dir='ltr'>αύτῷ</span> <span class='ocrx_word' id='word_1_46' title='bbox 1354 855 1447 909; x_wconf 82' lang='grc' dir='ltr'><strong>τοῦ</strong></span> <span class='ocrx_word' id='word_1_47' title='bbox 1483 855 1621 910; x_wconf 75' lang='grc' dir='ltr'>Θεοῦ</span> <span class='ocrx_word' id='word_1_48' title='bbox 1660 858 1872 908; x_wconf 77' lang='grc' dir='ltr'>ἀποκα-</span> 
     </span>
    </p>
   </div>
   <div class='ocr_carea' id='block_1_10' title="bbox 290 946 1869 1015">
    <p class='ocr_par' dir='ltr' id='par_1_10' title="bbox 290 946 1869 1015">
     <span class='ocr_line' id='line_1_10' title="bbox 290 946 1869 1015; baseline -0.006 -10"><span class='ocrx_word' id='word_1_49' title='bbox 290 953 575 1012; x_wconf 80' lang='grc' dir='ltr'>λύπτεται,</span> <span class='ocrx_word' id='word_1_50' title='bbox 600 954 680 1015; x_wconf 83' lang='grc' dir='ltr'><strong>είς</strong></span> <span class='ocrx_word' id='word_1_51' title='bbox 710 952 915 1015; x_wconf 79' lang='grc' dir='ltr'>πάντας</span> <span class='ocrx_word' id='word_1_52' title='bbox 944 951 1038 1005; x_wconf 82' lang='grc' dir='ltr'><strong>καὶ</strong></span> <span class='ocrx_word' id='word_1_53' title='bbox 1071 952 1164 1004; x_wconf 72' lang='grc' dir='ltr'><strong>ἐπὶ</strong></span> <span class='ocrx_word' id='word_1_54' title='bbox 1192 953 1402 1011; x_wconf 82' lang='grc' dir='ltr'>πάντας</span> <span class='ocrx_word' id='word_1_55' title='bbox 1430 948 1557 1009; x_wconf 82' lang='grc' dir='ltr'>τοὺς</span> <span class='ocrx_word' id='word_1_56' title='bbox 1584 946 1869 1000; x_wconf 87' lang='grc' dir='ltr'>πιστεύον-</span> 
     </span>
    </p>
   </div>
   <div class='ocr_carea' id='block_1_11' title="bbox 295 1037 1870 1112">
    <p class='ocr_par' dir='ltr' id='par_1_11' title="bbox 295 1037 1870 1112">
     <span class='ocr_line' id='line_1_11' title="bbox 295 1037 1870 1112; baseline -0.004 -17"><span class='ocrx_word' id='word_1_57' title='bbox 295 1060 383 1105; x_wconf 85' lang='grc' dir='ltr'><strong>τας</strong></span> <span class='ocrx_word' id='word_1_58' title='bbox 407 1059 421 1073; x_wconf 76' lang='grc'><strong>⁸</strong></span> <span class='ocrx_word' id='word_1_59' title='bbox 458 1061 476 1094; x_wconf 72' lang='grc' dir='ltr'><strong>ι</strong></span> <span class='ocrx_word' id='word_1_60' title='bbox 513 1042 718 1111; x_wconf 79' lang='grc' dir='ltr'><strong>ταύτης</strong></span> <span class='ocrx_word' id='word_1_61' title='bbox 753 1043 786 1112; x_wconf 85' lang='grc' dir='ltr'><strong>ἡ</strong></span> <span class='ocrx_word' id='word_1_62' title='bbox 846 1041 1055 1111; x_wconf 78' lang='grc' dir='ltr'><strong>μελέτη</strong></span> <span class='ocrx_word' id='word_1_63' title='bbox 1076 1040 1177 1110; x_wconf 78' lang='grc' dir='ltr'>τῆς</span> <span class='ocrx_word' id='word_1_64' title='bbox 1208 1038 1556 1109; x_wconf 78' lang='grc' dir='ltr'>δικαιοσύνης</span> <span class='ocrx_word' id='word_1_65' title='bbox 1586 1038 1676 1090; x_wconf 72' lang='grc' dir='ltr'>τὸν</span> <span class='ocrx_word' id='word_1_66' title='bbox 1708 1037 1870 1104; x_wconf 85' lang='grc' dir='ltr'>ἁγια-</span> 
     </span>
    </p>
   </div>
   <div class='ocr_carea' id='block_1_12' title="bbox 296 1127 1868 1204">
    <p class='ocr_par' dir='ltr' id='par_1_12' title="bbox 296 1127 1868 1204">
     <span class='ocr_line' id='line_1_12' title="bbox 296 1127 1868 1204; baseline -0.004 -18"><span class='ocrx_word' id='word_1_67' title='bbox 296 1137 431 1204; x_wconf 66' lang='grc' dir='ltr'>σμόν</span> <span class='ocrx_word' id='word_1_68' title='bbox 486 1135 544 1186; x_wconf 81' lang='grc' dir='ltr'>ὲν</span> <span class='ocrx_word' id='word_1_69' title='bbox 575 1135 705 1204; x_wconf 73' lang='grc' dir='ltr'>ἡμῖν</span> <span class='ocrx_word' id='word_1_70' title='bbox 751 1132 977 1184; x_wconf 77' lang='grc' dir='ltr'>δύναται</span> <span class='ocrx_word' id='word_1_71' title='bbox 1012 1133 1321 1201; x_wconf 81' lang='grc' dir='ltr'>συντηρεῖν.</span> <span class='ocrx_word' id='word_1_72' title='bbox 1365 1130 1476 1183; x_wconf 67' lang='grc' dir='ltr'>Καὶ</span> <span class='ocrx_word' id='word_1_73' title='bbox 1507 1127 1616 1199; x_wconf 78' lang='grc' dir='ltr'>γὰρ</span> <span class='ocrx_word' id='word_1_74' title='bbox 1655 1128 1868 1198; x_wconf 77' lang='grc' dir='ltr'>κσὶτὴν</span> 
     </span>
    </p>
   </div>
   <div class='ocr_carea' id='block_1_13' title="bbox 291 1220 1871 1292">
    <p class='ocr_par' dir='ltr' id='par_1_13' title="bbox 291 1220 1871 1292">
     <span class='ocr_line' id='line_1_13' title="bbox 291 1220 1871 1292; baseline -0.004 -14"><span class='ocrx_word' id='word_1_75' title='bbox 291 1231 367 1289; x_wconf 81' lang='grc' dir='ltr'><strong>εἰς</strong></span> <span class='ocrx_word' id='word_1_76' title='bbox 395 1227 528 1279; x_wconf 69' lang='grc' dir='ltr'>Θεὸν</span> <span class='ocrx_word' id='word_1_77' title='bbox 562 1226 744 1278; x_wconf 88' lang='grc' dir='ltr'>πίστιν</span> <span class='ocrx_word' id='word_1_78' title='bbox 783 1223 959 1288; x_wconf 74' lang='grc' dir='ltr'>αὔξει,</span> <span class='ocrx_word' id='word_1_79' title='bbox 991 1225 1081 1276; x_wconf 65' lang='grc' dir='ltr'>καὶ</span> <span class='ocrx_word' id='word_1_80' title='bbox 1108 1224 1208 1292; x_wconf 78' lang='grc' dir='ltr'>τὴν</span> <span class='ocrx_word' id='word_1_81' title='bbox 1238 1224 1461 1291; x_wconf 82' lang='grc' dir='ltr'>ἀγάπην</span> <span class='ocrx_word' id='word_1_82' title='bbox 1491 1222 1742 1282; x_wconf 77' lang='grc' dir='ltr'><strong>ἀνάπτει,</strong></span> <span class='ocrx_word' id='word_1_83' title='bbox 1778 1220 1871 1273; x_wconf 82' lang='grc' dir='ltr'>καὶ</span> 
     </span>
    </p>
   </div>
   <div class='ocr_carea' id='block_1_14' title="bbox 290 1303 1868 1385">
    <p class='ocr_par' dir='ltr' id='par_1_14' title="bbox 290 1303 1868 1385">
     <span class='ocr_line' id='line_1_14' title="bbox 290 1303 1868 1385; baseline -0.004 -18"><span class='ocrx_word' id='word_1_84' title='bbox 290 1316 444 1367; x_wconf 63' lang='grc' dir='ltr'>οὐδὲν</span> <span class='ocrx_word' id='word_1_85' title='bbox 496 1315 560 1385; x_wconf 80' lang='grc' dir='ltr'><strong>ἐᾷ</strong></span> <span class='ocrx_word' id='word_1_86' title='bbox 603 1313 839 1385; x_wconf 75' lang='grc' dir='ltr'>πονηρὸν</span> <span class='ocrx_word' id='word_1_87' title='bbox 883 1310 1221 1365; x_wconf 77' lang='grc' dir='ltr'><strong>ἐπεισελθεῖν</strong></span> <span class='ocrx_word' id='word_1_88' title='bbox 1272 1313 1340 1383; x_wconf 82' lang='grc' dir='ltr'><strong>τῇ</strong></span> <span class='ocrx_word' id='word_1_89' title='bbox 1370 1311 1555 1381; x_wconf 75' lang='grc' dir='ltr'>ψυχῇ·</span> <span class='ocrx_word' id='word_1_90' title='bbox 1607 1303 1709 1363; x_wconf 75' lang='grc' dir='ltr'>οὐκ</span> <span class='ocrx_word' id='word_1_91' title='bbox 1760 1311 1868 1378; x_wconf 82' lang='grc' dir='ltr'>ἄρα</span> 
     </span>
    </p>
   </div>
   <div class='ocr_carea' id='block_1_15' title="bbox 292 1403 1870 1478">
    <p class='ocr_par' dir='ltr' id='par_1_15' title="bbox 292 1403 1870 1478">
     <span class='ocr_line' id='line_1_15' title="bbox 292 1403 1870 1478; baseline -0.003 -19"><span class='ocrx_word' id='word_1_92' title='bbox 292 1409 469 1478; x_wconf 69' lang='grc' dir='ltr'>μάτην</span> <span class='ocrx_word' id='word_1_93' title='bbox 499 1410 557 1459; x_wconf 84' lang='grc' dir='ltr'>ὲν</span> <span class='ocrx_word' id='word_1_94' title='bbox 589 1409 701 1469; x_wconf 86' lang='grc' dir='ltr'>τοῖς</span> <span class='ocrx_word' id='word_1_95' title='bbox 748 1406 1059 1475; x_wconf 58' lang='grc' dir='ltr'>ἔμπροσθεν</span> <span class='ocrx_word' id='word_1_96' title='bbox 1092 1408 1372 1476; x_wconf 75' lang='grc' dir='ltr'>ἐλέγομεν,</span> <span class='ocrx_word' id='word_1_97' title='bbox 1422 1407 1503 1459; x_wconf 86' lang='grc' dir='ltr'>ὅτι</span> <span class='ocrx_word' id='word_1_98' title='bbox 1554 1405 1722 1476; x_wconf 73' lang='grc' dir='ltr'>χωρὶς</span> <span class='ocrx_word' id='word_1_99' title='bbox 1760 1403 1870 1456; x_wconf 90' lang='grc' dir='ltr'><strong>τῶν</strong></span> 
     </span>
    </p>
   </div>
   <div class='ocr_carea' id='block_1_16' title="bbox 294 1496 1871 1571">
    <p class='ocr_par' dir='ltr' id='par_1_16' title="bbox 294 1496 1871 1571">
     <span class='ocr_line' id='line_1_16' title="bbox 294 1496 1871 1571; baseline -0.002 -20"><span class='ocrx_word' id='word_1_100' title='bbox 294 1499 612 1568; x_wconf 61' lang='grc' dir='ltr'>πρεπόντων</span> <span class='ocrx_word' id='word_1_101' title='bbox 641 1501 755 1562; x_wconf 86' lang='grc' dir='ltr'>τοῖς</span> <span class='ocrx_word' id='word_1_102' title='bbox 790 1499 1117 1569; x_wconf 78' lang='grc' dir='ltr'>μυστηρίοις</span> <span class='ocrx_word' id='word_1_103' title='bbox 1152 1500 1457 1571; x_wconf 79' lang='grc' dir='ltr'>λογισμῶν,</span> <span class='ocrx_word' id='word_1_104' title='bbox 1491 1499 1591 1551; x_wconf 78' lang='grc' dir='ltr'>οὐκ</span> <span class='ocrx_word' id='word_1_105' title='bbox 1619 1497 1736 1550; x_wconf 80' lang='grc' dir='ltr'>ἔστι</span> <span class='ocrx_word' id='word_1_106' title='bbox 1774 1496 1871 1549; x_wconf 60' lang='grc' dir='ltr'><strong>τον</strong></span> 
     </span>
    </p>
   </div>
   <div class='ocr_carea' id='block_1_17' title="bbox 289 1593 1623 1663">
    <p class='ocr_par' dir='ltr' id='par_1_17' title="bbox 289 1593 1623 1663">
     <span class='ocr_line' id='line_1_17' title="bbox 289 1593 1623 1663; baseline -0.001 -19"><span class='ocrx_word' id='word_1_107' title='bbox 289 1593 561 1662; x_wconf 61' lang='grc' dir='ltr'>ἁγιασμόν</span> <span class='ocrx_word' id='word_1_108' title='bbox 593 1593 916 1646; x_wconf 79' lang='grc' dir='ltr'>συνεστάναι</span> <span class='ocrx_word' id='word_1_109' title='bbox 955 1594 1050 1645; x_wconf 79' lang='grc' dir='ltr'>καὶ</span> <span class='ocrx_word' id='word_1_110' title='bbox 1088 1594 1430 1663; x_wconf 80' lang='grc' dir='ltr'>παραμένειν</span> <span class='ocrx_word' id='word_1_111' title='bbox 1469 1593 1623 1663; x_wconf 79' lang='grc' dir='ltr'>ἡμῖν.</span> 
     </span>
    </p>
   </div>
   <div class='ocr_carea' id='block_1_18' title="bbox 868 1705 1269 1760">
    <p class='ocr_par' dir='ltr' id='par_1_18' title="bbox 868 1705 1269 1760">
     <span class='ocr_line' id='line_1_18' title="bbox 868 1705 1269 1760; baseline -0.005 0"><span class='ocrx_word' id='word_1_112' title='bbox 868 1707 1120 1760; x_wconf 81' lang='grc' dir='ltr'><strong>ΚΕΦΛΛ.</strong></span> <span class='ocrx_word' id='word_1_113' title='bbox 1156 1705 1269 1760; x_wconf 78' lang='lat' dir='ltr'><strong>MB’</strong></span> 
     </span>
    </p>
   </div>
   <div class='ocr_carea' id='block_1_19' title="bbox 289 1795 1867 1871">
    <p class='ocr_par' dir='ltr' id='par_1_19' title="bbox 289 1795 1867 1871">
     <span class='ocr_line' id='line_1_19' title="bbox 289 1795 1867 1871; baseline -0.004 -16"><span class='ocrx_word' id='word_1_114' title='bbox 289 1802 433 1867; x_wconf 69' lang='grc' dir='ltr'>Περὶ</span> <span class='ocrx_word' id='word_1_115' title='bbox 474 1801 592 1854; x_wconf 78' lang='grc' dir='ltr'><strong>τῶν</strong></span> <span class='ocrx_word' id='word_1_116' title='bbox 627 1799 1094 1871; x_wconf 79' lang='grc' dir='ltr'>κεκοιμημένων.</span> <span class='ocrx_word' id='word_1_117' title='bbox 1135 1802 1189 1853; x_wconf 80' lang='grc' dir='ltr'><strong>ει</strong></span> <span class='ocrx_word' id='word_1_118' title='bbox 1222 1797 1560 1871; x_wconf 64' lang='grc' dir='ltr'>ἁγιάζοντςιι</span> <span class='ocrx_word' id='word_1_119' title='bbox 1587 1797 1706 1851; x_wconf 75' lang='grc' dir='ltr'><strong>ἀπὸ</strong></span> <span class='ocrx_word' id='word_1_120' title='bbox 1749 1795 1867 1850; x_wconf 84' lang='grc' dir='ltr'><strong>τῶν</strong></span> 
     </span>
    </p>
   </div>
   <div class='ocr_carea' id='block_1_20' title="bbox 364 1866 1650 1939">
    <p class='ocr_par' dir='ltr' id='par_1_20' title="bbox 364 1866 1650 1939">
     <span class='ocr_line' id='line_1_20' title="bbox 364 1866 1650 1939; baseline -0.001 -15"><span class='ocrx_word' id='word_1_121' title='bbox 364 1866 473 1939; x_wconf 69' lang='grc' dir='ltr'>τῆς</span> <span class='ocrx_word' id='word_1_122' title='bbox 503 1866 1035 1939; x_wconf 70' lang='grc' dir='ltr'>τραπέζης’δώρων,</span> <span class='ocrx_word' id='word_1_123' title='bbox 1067 1866 1287 1939; x_wconf 67' lang='grc' dir='ltr'>ὀμοίωζ·</span> <span class='ocrx_word' id='word_1_124' title='bbox 1326 1868 1453 1935; x_wconf 83' lang='grc' dir='ltr'>τοῖς</span> <span class='ocrx_word' id='word_1_125' title='bbox 1489 1866 1650 1930; x_wconf 83' lang='grc' dir='ltr'>ζῶσι.</span> 
     </span>
    </p>
   </div>
   <div class='ocr_carea' id='block_1_21' title="bbox 361 1949 1868 2035">
    <p class='ocr_par' dir='ltr' id='par_1_21' title="bbox 361 1949 1868 2035">
     <span class='ocr_line' id='line_1_21' title="bbox 361 1949 1868 2035; baseline -0.005 -17"><span class='ocrx_word' id='word_1_126' title='bbox 361 1966 599 2018; x_wconf 80' lang='grc' dir='ltr'>Κάκεῖνο</span> <span class='ocrx_word' id='word_1_127' title='bbox 630 1963 687 2017; x_wconf 85' lang='grc' dir='ltr'>δὲ</span> <span class='ocrx_word' id='word_1_128' title='bbox 720 1965 857 2035; x_wconf 81' lang='grc' dir='ltr'>πρὸς</span> <span class='ocrx_word' id='word_1_129' title='bbox 908 1965 1020 2027; x_wconf 82' lang='grc' dir='ltr'>τοῖς</span> <span class='ocrx_word' id='word_1_130' title='bbox 1069 1962 1383 2033; x_wconf 78' lang='grc' dir='ltr'>εἰρημένοις</span> <span class='ocrx_word' id='word_1_131' title='bbox 1437 1949 1720 2028; x_wconf 72' lang='grc' dir='ltr'>ἐξετάσαι,</span> <span class='ocrx_word' id='word_1_132' title='bbox 1761 1960 1868 2014; x_wconf 84' lang='grc' dir='ltr'><strong>τῶν</strong></span> 
     </span>
    </p>
   </div>
   <div class='ocr_carea' id='block_1_22' title="bbox 291 2052 1867 2127">
    <p class='ocr_par' dir='ltr' id='par_1_22' title="bbox 291 2052 1867 2127">
     <span class='ocr_line' id='line_1_22' title="bbox 291 2052 1867 2127; baseline -0.003 -16"><span class='ocrx_word' id='word_1_133' title='bbox 291 2057 627 2125; x_wconf 70' lang='grc' dir='ltr'>ἀναγκαίων.</span> <span class='ocrx_word' id='word_1_134' title='bbox 664 2056 870 2120; x_wconf 83' lang='grc' dir='ltr'>Διττῶς</span> <span class='ocrx_word' id='word_1_135' title='bbox 906 2057 1016 2127; x_wconf 80' lang='grc' dir='ltr'>γὰρ</span> <span class='ocrx_word' id='word_1_136' title='bbox 1052 2054 1361 2125; x_wconf 79' lang='grc' dir='ltr'>ἀγιάζουσα</span> <span class='ocrx_word' id='word_1_137' title='bbox 1397 2053 1653 2123; x_wconf 78' lang='grc' dir='ltr'>φαίνεται</span> <span class='ocrx_word' id='word_1_138' title='bbox 1691 2052 1867 2122; x_wconf 83' lang='grc' dir='ltr'>ἡθεία</span> 
     </span>
    </p>
   </div>
   <div class='ocr_carea' id='block_1_23' title="bbox 291 2137 1866 2219">
    <p class='ocr_par' dir='ltr' id='par_1_23' title="bbox 291 2137 1866 2219">
     <span class='ocr_line' id='line_1_23' title="bbox 291 2137 1866 2219; baseline -0.006 -15"><span class='ocrx_word' id='word_1_139' title='bbox 291 2151 385 2204; x_wconf 63' lang='grc' dir='ltr'><strong>καὶ</strong></span> <span class='ocrx_word' id='word_1_140' title='bbox 417 2150 540 2219; x_wconf 78' lang='grc' dir='ltr'>ἱερὰ</span> <span class='ocrx_word' id='word_1_141' title='bbox 586 2149 803 2219; x_wconf 77' lang='grc' dir='ltr'>τελετή.</span> <span class='ocrx_word' id='word_1_142' title='bbox 853 2148 992 2202; x_wconf 85' lang='grc' dir='ltr'>Ἕνα</span> <span class='ocrx_word' id='word_1_143' title='bbox 1049 2147 1149 2217; x_wconf 85' lang='grc' dir='ltr'>μὲν</span> <span class='ocrx_word' id='word_1_144' title='bbox 1200 2148 1402 2217; x_wconf 86' lang='grc' dir='ltr'>τρόπον</span> <span class='ocrx_word' id='word_1_145' title='bbox 1445 2137 1529 2217; x_wconf 58' lang='grc' dir='ltr'>τῇ</span> <span class='ocrx_word' id='word_1_146' title='bbox 1577 2143 1866 2215; x_wconf 73' lang='grc' dir='ltr'>μεσιτείαν</span> 
     </span>
    </p>
   </div>
   <div class='ocr_carea' id='block_1_24' title="bbox 292 2235 1867 2315">
    <p class='ocr_par' dir='ltr' id='par_1_24' title="bbox 292 2235 1867 2315">
     <span class='ocr_line' id='line_1_24' title="bbox 292 2235 1867 2315; baseline -0.006 -18"><span class='ocrx_word' id='word_1_147' title='bbox 292 2243 711 2315; x_wconf 76' lang='grc' dir='ltr'>προσφερόμενα</span> <span class='ocrx_word' id='word_1_148' title='bbox 730 2242 838 2313; x_wconf 84' lang='grc' dir='ltr'><strong>γὰρ</strong></span> <span class='ocrx_word' id='word_1_149' title='bbox 859 2241 927 2295; x_wconf 83' lang='grc' dir='ltr'><strong>τὰ</strong></span> <span class='ocrx_word' id='word_1_150' title='bbox 954 2241 1126 2313; x_wconf 89' lang='grc' dir='ltr'>δῶρα,</span> <span class='ocrx_word' id='word_1_151' title='bbox 1162 2239 1313 2309; x_wconf 86' lang='grc' dir='ltr'><strong>αύτῷ</strong></span> <span class='ocrx_word' id='word_1_152' title='bbox 1333 2238 1410 2310; x_wconf 87' lang='grc' dir='ltr'>τῷ</span> <span class='ocrx_word' id='word_1_153' title='bbox 1434 2235 1867 2310; x_wconf 76' lang='grc' dir='ltr'>προσφέρεσθαι,</span> 
     </span>
    </p>
   </div>
   <div class='ocr_carea' id='block_1_25' title="bbox 293 2321 1868 2405">
    <p class='ocr_par' dir='ltr' id='par_1_25' title="bbox 293 2321 1868 2405">
     <span class='ocr_line' id='line_1_25' title="bbox 293 2321 1868 2405; baseline -0.006 -15"><span class='ocrx_word' id='word_1_154' title='bbox 293 2336 511 2405; x_wconf 74' lang='grc' dir='ltr'>ἁγιάζει</span> <span class='ocrx_word' id='word_1_155' title='bbox 553 2335 679 2397; x_wconf 85' lang='grc' dir='ltr'>τοὺς</span> <span class='ocrx_word' id='word_1_156' title='bbox 731 2333 1166 2405; x_wconf 77' lang='grc' dir='ltr'>προσφέροντας,</span> <span class='ocrx_word' id='word_1_157' title='bbox 1211 2334 1309 2386; x_wconf 74' lang='grc' dir='ltr'>καὶ</span> <span class='ocrx_word' id='word_1_158' title='bbox 1338 2330 1481 2401; x_wconf 83' lang='grc' dir='ltr'>ὑπὲρ</span> <span class='ocrx_word' id='word_1_159' title='bbox 1517 2321 1592 2384; x_wconf 85' lang='grc' dir='ltr'>ὧν</span> <span class='ocrx_word' id='word_1_160' title='bbox 1623 2332 1868 2401; x_wconf 71' lang='grc' dir='ltr'>προσερέ-</span> 
     </span>
    </p>
   </div>
   <div class='ocr_carea' id='block_1_26' title="bbox 296 2421 1868 2499">
    <p class='ocr_par' dir='ltr' id='par_1_26' title="bbox 296 2421 1868 2499">
     <span class='ocr_line' id='line_1_26' title="bbox 296 2421 1868 2499; baseline -0.004 -17"><span class='ocrx_word' id='word_1_161' title='bbox 296 2446 468 2499; x_wconf 69' lang='lat' dir='ltr'><strong>ponat,</strong></span> <span class='ocrx_word' id='word_1_162' title='bbox 536 2430 631 2481; x_wconf 68' lang='grc' dir='ltr'><strong>κα)⁸</strong></span> <span class='ocrx_word' id='word_1_163' title='bbox 701 2426 863 2480; x_wconf 82' lang='grc' dir='ltr'>ἵλεων</span> <span class='ocrx_word' id='word_1_164' title='bbox 931 2427 1118 2487; x_wconf 84' lang='grc' dir='ltr'>αὐτοῖς</span> <span class='ocrx_word' id='word_1_165' title='bbox 1181 2424 1505 2496; x_wconf 77' lang='grc' dir='ltr'>ἐργάζονται</span> <span class='ocrx_word' id='word_1_166' title='bbox 1561 2421 1656 2478; x_wconf 78' lang='grc' dir='ltr'>τὸν</span> <span class='ocrx_word' id='word_1_167' title='bbox 1712 2421 1868 2475; x_wconf 83' lang='grc' dir='ltr'>Θεόν.</span> 
     </span>
    </p>
   </div>
   <div class='ocr_carea' id='block_1_27' title="bbox 296 2511 1869 2590">
    <p class='ocr_par' dir='ltr' id='par_1_27' title="bbox 296 2511 1869 2590">
     <span class='ocr_line' id='line_1_27' title="bbox 296 2511 1869 2590; baseline -0.007 -16"><span class='ocrx_word' id='word_1_168' title='bbox 296 2520 524 2590; x_wconf 82' lang='grc' dir='ltr'>Ἕτερον</span> <span class='ocrx_word' id='word_1_169' title='bbox 552 2517 608 2571; x_wconf 81' lang='grc' dir='ltr'>δὲ</span> <span class='ocrx_word' id='word_1_170' title='bbox 640 2519 705 2588; x_wconf 84' lang='grc' dir='ltr'><strong>τῇ</strong></span> <span class='ocrx_word' id='word_1_171' title='bbox 742 2515 1069 2587; x_wconf 73' lang='grc' dir='ltr'>μεταλήψει,</span> <span class='ocrx_word' id='word_1_172' title='bbox 1103 2516 1186 2568; x_wconf 86' lang='grc' dir='ltr'>ὃτι</span> <span class='ocrx_word' id='word_1_173' title='bbox 1219 2514 1427 2586; x_wconf 85' lang='grc' dir='ltr'>βρῶσις</span> <span class='ocrx_word' id='word_1_174' title='bbox 1465 2514 1601 2583; x_wconf 80' lang='grc' dir='ltr'>ἡμῖν</span> <span class='ocrx_word' id='word_1_175' title='bbox 1657 2511 1869 2580; x_wconf 85' lang='grc' dir='ltr'>γίνεται</span> 
     </span>
    </p>
   </div>
   <div class='ocr_carea' id='block_1_28' title="bbox 293 2603 1869 2676">
    <p class='ocr_par' dir='ltr' id='par_1_28' title="bbox 293 2603 1869 2676">
     <span class='ocr_line' id='line_1_28' title="bbox 293 2603 1869 2676; baseline -0.003 -14"><span class='ocrx_word' id='word_1_176' title='bbox 293 2611 387 2662; x_wconf 76' lang='grc' dir='ltr'>καὶ</span> <span class='ocrx_word' id='word_1_177' title='bbox 426 2608 606 2673; x_wconf 81' lang='grc' dir='ltr'>πόσις,</span> <span class='ocrx_word' id='word_1_178' title='bbox 639 2607 783 2663; x_wconf 48' lang='grc' dir='ltr'>κατὰ</span> <span class='ocrx_word' id='word_1_179' title='bbox 832 2607 923 2661; x_wconf 56' lang='grc' dir='ltr'>τὴν</span> <span class='ocrx_word' id='word_1_180' title='bbox 970 2607 1064 2660; x_wconf 81' lang='grc' dir='ltr'>τοῦ</span> <span class='ocrx_word' id='word_1_181' title='bbox 1114 2605 1318 2676; x_wconf 76' lang='grc' dir='ltr'>Κυρίου</span> <span class='ocrx_word' id='word_1_182' title='bbox 1376 2604 1555 2673; x_wconf 89' lang='grc' dir='ltr'>λόγον,</span> <span class='ocrx_word' id='word_1_183' title='bbox 1613 2603 1869 2673; x_wconf 80' lang='grc' dir='ltr'>ἀληθινή.</span> 
     </span>
    </p>
   </div>
   <div class='ocr_carea' id='block_1_29' title="bbox 293 2694 1871 2770">
    <p class='ocr_par' dir='ltr' id='par_1_29' title="bbox 293 2694 1871 2770">
     <span class='ocr_line' id='line_1_29' title="bbox 293 2694 1871 2770; baseline -0.004 -17"><span class='ocrx_word' id='word_1_184' title='bbox 293 2699 514 2754; x_wconf 83' lang='grc' dir='ltr'>Τούτων</span> <span class='ocrx_word' id='word_1_185' title='bbox 573 2699 685 2753; x_wconf 86' lang='grc' dir='ltr'><strong>τῶν</strong></span> <span class='ocrx_word' id='word_1_186' title='bbox 726 2698 945 2770; x_wconf 84' lang='grc' dir='ltr'>τρόπων</span> <span class='ocrx_word' id='word_1_187' title='bbox 979 2701 1006 2752; x_wconf 86' lang='grc' dir='ltr'>ὁ</span> <span class='ocrx_word' id='word_1_188' title='bbox 1044 2698 1144 2768; x_wconf 82' lang='grc' dir='ltr'>μὲν</span> <span class='ocrx_word' id='word_1_189' title='bbox 1180 2698 1398 2767; x_wconf 88' lang='grc' dir='ltr'>πρῶτος</span> <span class='ocrx_word' id='word_1_190' title='bbox 1444 2697 1625 2757; x_wconf 86' lang='grc' dir='ltr'>κοινὸς</span> <span class='ocrx_word' id='word_1_191' title='bbox 1659 2694 1871 2764; x_wconf 68' lang='grc' dir='ltr'>γίνεται</span> 
     </span>
    </p>
   </div>
   <div class='ocr_carea' id='block_1_30' title="bbox 294 2787 1873 2861">
    <p class='ocr_par' dir='ltr' id='par_1_30' title="bbox 294 2787 1873 2861">
     <span class='ocr_line' id='line_1_30' title="bbox 294 2787 1873 2861; baseline -0.006 -14"><span class='ocrx_word' id='word_1_192' title='bbox 294 2794 387 2847; x_wconf 75' lang='grc' dir='ltr'>καὶ</span> <span class='ocrx_word' id='word_1_193' title='bbox 418 2793 552 2858; x_wconf 81' lang='grc' dir='ltr'>ζῶσι</span> <span class='ocrx_word' id='word_1_194' title='bbox 598 2793 696 2845; x_wconf 79' lang='grc' dir='ltr'>καὶ</span> <span class='ocrx_word' id='word_1_195' title='bbox 734 2790 1028 2861; x_wconf 84' lang='grc' dir='ltr'>τεθνηκόσι</span> <span class='ocrx_word' id='word_1_196' title='bbox 1058 2807 1072 2822; x_wconf 76' lang='grc' dir='ltr'><strong>ο</strong></span> <span class='ocrx_word' id='word_1_197' title='bbox 1115 2790 1212 2843; x_wconf 71' lang='grc' dir='ltr'><strong>καὶ</strong></span> <span class='ocrx_word' id='word_1_198' title='bbox 1259 2790 1369 2859; x_wconf 85' lang='grc' dir='ltr'>γὰρ</span> <span class='ocrx_word' id='word_1_199' title='bbox 1394 2790 1488 2840; x_wconf 74' lang='grc' dir='ltr'>καὶ</span> <span class='ocrx_word' id='word_1_200' title='bbox 1521 2787 1661 2855; x_wconf 79' lang='grc' dir='ltr'>ὑπὲρ</span> <span class='ocrx_word' id='word_1_201' title='bbox 1694 2791 1873 2855; x_wconf 58' lang='grc' dir='ltr'>ἀμφο-</span> 
     </span>
    </p>
   </div>
   <div class='ocr_carea' id='block_1_31' title="bbox 295 2878 1870 2957">
    <p class='ocr_par' dir='ltr' id='par_1_31' title="bbox 295 2878 1870 2957">
     <span class='ocr_line' id='line_1_31' title="bbox 295 2878 1870 2957; baseline -0.006 -17"><span class='ocrx_word' id='word_1_202' title='bbox 295 2888 468 2957; x_wconf 78' lang='grc' dir='ltr'>τέρων</span> <span class='ocrx_word' id='word_1_203' title='bbox 500 2885 606 2938; x_wconf 89' lang='grc' dir='ltr'><strong>τῶν</strong></span> <span class='ocrx_word' id='word_1_204' title='bbox 634 2884 810 2951; x_wconf 85' lang='grc' dir='ltr'>γενῶν</span> <span class='ocrx_word' id='word_1_205' title='bbox 843 2885 876 2954; x_wconf 80' lang='grc' dir='ltr'><strong>ἡ</strong></span> <span class='ocrx_word' id='word_1_206' title='bbox 912 2883 1075 2936; x_wconf 85' lang='grc' dir='ltr'>θυσία</span> <span class='ocrx_word' id='word_1_207' title='bbox 1125 2881 1500 2952; x_wconf 80' lang='grc' dir='ltr'>προσφέρεται</span> <span class='ocrx_word' id='word_1_208' title='bbox 1527 2895 1540 2910; x_wconf 90' lang='grc'><strong>·</strong></span> <span class='ocrx_word' id='word_1_209' title='bbox 1598 2881 1627 2932; x_wconf 86' lang='grc' dir='ltr'>ὁ</span> <span class='ocrx_word' id='word_1_210' title='bbox 1653 2878 1709 2932; x_wconf 81' lang='grc' dir='ltr'>δὲ</span> <span class='ocrx_word' id='word_1_211' title='bbox 1742 2879 1870 2931; x_wconf 86' lang='grc' dir='ltr'>δεύ-</span> 
     </span>
    </p>
   </div>
   <div class='ocr_carea' id='block_1_32' title="bbox 294 2971 1869 3050">
    <p class='ocr_par' dir='ltr' id='par_1_32' title="bbox 294 2971 1869 3050">
     <span class='ocr_line' id='line_1_32' title="bbox 294 2971 1869 3050; baseline -0.006 -18"><span class='ocrx_word' id='word_1_212' title='bbox 294 2996 452 3050; x_wconf 86' lang='grc' dir='ltr'>τερος</span> <span class='ocrx_word' id='word_1_213' title='bbox 481 2978 661 3049; x_wconf 91' lang='grc' dir='ltr'>μόνοις</span> <span class='ocrx_word' id='word_1_214' title='bbox 696 2976 874 3042; x_wconf 73' lang='grc' dir='ltr'>ἔξεστι</span> <span class='ocrx_word' id='word_1_215' title='bbox 904 2976 1018 3038; x_wconf 85' lang='grc' dir='ltr'>τοῖς</span> <span class='ocrx_word' id='word_1_216' title='bbox 1042 2973 1209 3039; x_wconf 80' lang='grc' dir='ltr'>ζῶσιν</span> <span class='ocrx_word' id='word_1_217' title='bbox 1234 2990 1246 3004; x_wconf 86' lang='grc'><strong>·</strong></span> <span class='ocrx_word' id='word_1_218' title='bbox 1280 2973 1341 3026; x_wconf 85' lang='grc' dir='ltr'>οὐ</span> <span class='ocrx_word' id='word_1_219' title='bbox 1387 2973 1499 3044; x_wconf 77' lang='grc' dir='ltr'>γὰρ</span> <span class='ocrx_word' id='word_1_220' title='bbox 1533 2971 1740 3026; x_wconf 76' lang='grc' dir='ltr'>ἐσθίειν</span> <span class='ocrx_word' id='word_1_221' title='bbox 1791 2972 1869 3023; x_wconf 75' lang='grc' dir='ltr'>ἔτι</span> 
     </span>
    </p>
   </div>
   <div class='ocr_carea' id='block_1_33' title="bbox 296 3063 1870 3139">
    <p class='ocr_par' dir='ltr' id='par_1_33' title="bbox 296 3063 1870 3139">
     <span class='ocr_line' id='line_1_33' title="bbox 296 3063 1870 3139; baseline -0.006 -12"><span class='ocrx_word' id='word_1_222' title='bbox 296 3072 394 3126; x_wconf 72' lang='grc' dir='ltr'>καὶ</span> <span class='ocrx_word' id='word_1_223' title='bbox 446 3074 623 3124; x_wconf 78' lang='grc' dir='ltr'>πίνειν</span> <span class='ocrx_word' id='word_1_224' title='bbox 668 3070 718 3122; x_wconf 78' lang='lat' dir='ltr'><strong>oi</strong></span> <span class='ocrx_word' id='word_1_225' title='bbox 746 3070 933 3139; x_wconf 75' lang='grc' dir='ltr'>νεκροὶ</span> <span class='ocrx_word' id='word_1_226' title='bbox 977 3067 1257 3121; x_wconf 86' lang='grc' dir='ltr'>δύνανται.</span> <span class='ocrx_word' id='word_1_227' title='bbox 1292 3066 1359 3118; x_wconf 88' lang='grc' dir='ltr'>Τί</span> <span class='ocrx_word' id='word_1_228' title='bbox 1390 3065 1519 3132; x_wconf 60' lang='lat' dir='ltr'><strong>ob&quot;;</strong></span> <span class='ocrx_word' id='word_1_229' title='bbox 1577 3063 1678 3117; x_wconf 82' lang='grc' dir='ltr'><strong>Διὰ</strong></span> <span class='ocrx_word' id='word_1_230' title='bbox 1713 3063 1870 3117; x_wconf 81' lang='grc' dir='ltr'>τοῦτο</span> 
     </span>
    </p>
   </div>
   <div class='ocr_carea' id='block_1_34' title="bbox 295 3157 1868 3233">
    <p class='ocr_par' dir='ltr' id='par_1_34' title="bbox 295 3157 1868 3233">
     <span class='ocr_line' id='line_1_34' title="bbox 295 3157 1868 3233; baseline -0.006 -15"><span class='ocrx_word' id='word_1_231' title='bbox 295 3166 420 3219; x_wconf 79' lang='grc' dir='ltr'>οὐδὲ</span> <span class='ocrx_word' id='word_1_232' title='bbox 449 3165 765 3233; x_wconf 75' lang='grc' dir='ltr'>ἁγιαζονται</span> <span class='ocrx_word' id='word_1_233' title='bbox 793 3162 884 3215; x_wconf 86' lang='grc' dir='ltr'>τὸν</span> <span class='ocrx_word' id='word_1_234' title='bbox 913 3159 1187 3231; x_wconf 82' lang='grc' dir='ltr'>ἁγιασμὺν</span> <span class='ocrx_word' id='word_1_235' title='bbox 1216 3158 1405 3213; x_wconf 74' lang='grc' dir='ltr'>τοῦτον</span> <span class='ocrx_word' id='word_1_236' title='bbox 1437 3157 1547 3212; x_wconf 81' lang='grc' dir='ltr'><strong>ἀπὸ</strong></span> <span class='ocrx_word' id='word_1_237' title='bbox 1573 3159 1671 3228; x_wconf 83' lang='grc' dir='ltr'>τῆς</span> <span class='ocrx_word' id='word_1_238' title='bbox 1705 3174 1868 3228; x_wconf 75' lang='grc' dir='ltr'><strong>μετα⁸</strong></span> 
     </span>
    </p>
   </div>
   <div class='ocr_carea' id='block_1_35' title="bbox 294 3241 1868 3328">
    <p class='ocr_par' dir='ltr' id='par_1_35' title="bbox 294 3241 1868 3328">
     <span class='ocr_line' id='line_1_35' title="bbox 294 3241 1868 3328; baseline -0.006 -17"><span class='ocrx_word' id='word_1_239' title='bbox 294 3258 532 3328; x_wconf 78' lang='grc' dir='ltr'>λήψεως,</span> <span class='ocrx_word' id='word_1_240' title='bbox 563 3257 657 3310; x_wconf 70' lang='grc' dir='ltr'>καὶ</span> <span class='ocrx_word' id='word_1_241' title='bbox 678 3255 895 3309; x_wconf 74' lang='grc' dir='ltr'>ἔλαττον</span> <span class='ocrx_word' id='word_1_242' title='bbox 923 3254 1139 3325; x_wconf 75' lang='grc' dir='ltr'>ἔχουσιν</span> <span class='ocrx_word' id='word_1_243' title='bbox 1165 3252 1403 3307; x_wconf 78' lang='grc' dir='ltr'>ἐνταῦθα</span> <span class='ocrx_word' id='word_1_244' title='bbox 1432 3252 1541 3304; x_wconf 80' lang='grc' dir='ltr'><strong>τῶν</strong></span> <span class='ocrx_word' id='word_1_245' title='bbox 1576 3241 1792 3317; x_wconf 82' lang='grc' dir='ltr'>ζώντων</span> <span class='ocrx_word' id='word_1_246' title='bbox 1821 3253 1868 3303; x_wconf 81' lang='grc' dir='ltr'>οἱ</span> 
     </span>
    </p>
   </div>
   <div class='ocr_carea' id='block_1_36' title="bbox 292 3341 1871 3419">
    <p class='ocr_par' dir='ltr' id='par_1_36' title="bbox 292 3341 1871 3419">
     <span class='ocr_line' id='line_1_36' title="bbox 292 3341 1871 3419; baseline -0.007 -16"><span class='ocrx_word' id='word_1_247' title='bbox 292 3347 654 3419; x_wconf 80' lang='grc' dir='ltr'>τεθνηκότες;</span> <span class='ocrx_word' id='word_1_248' title='bbox 680 3345 965 3416; x_wconf 72' lang='grc' dir='ltr'>Οὐδαμῶς.</span> <span class='ocrx_word' id='word_1_249' title='bbox 994 3345 1101 3397; x_wconf 78' lang='grc' dir='ltr'><strong>Καὶ</strong></span> <span class='ocrx_word' id='word_1_250' title='bbox 1117 3343 1224 3414; x_wconf 81' lang='grc' dir='ltr'>γὰρ</span> <span class='ocrx_word' id='word_1_251' title='bbox 1254 3343 1345 3395; x_wconf 64' lang='grc' dir='ltr'><strong>καὶ⁵</strong></span> <span class='ocrx_word' id='word_1_252' title='bbox 1372 3341 1554 3405; x_wconf 84' lang='grc' dir='ltr'>αὐτοῖς</span> <span class='ocrx_word' id='word_1_253' title='bbox 1580 3344 1608 3395; x_wconf 86' lang='grc' dir='ltr'><strong>ό</strong></span> <span class='ocrx_word' id='word_1_254' title='bbox 1636 3341 1871 3413; x_wconf 66' lang='grc' dir='ltr'>Χριστός</span> 
     </span>
    </p>
   </div>
   <div class='ocr_carea' id='block_1_37' title="bbox 294 3431 1871 3509">
    <p class='ocr_par' dir='ltr' id='par_1_37' title="bbox 294 3431 1871 3509">
     <span class='ocr_line' id='line_1_37' title="bbox 294 3431 1871 3509; baseline -0.007 -13"><span class='ocrx_word' id='word_1_255' title='bbox 294 3440 495 3496; x_wconf 72' lang='grc' dir='ltr'>ἑαυτοῦ</span> <span class='ocrx_word' id='word_1_256' title='bbox 544 3438 869 3509; x_wconf 86' lang='grc' dir='ltr'>μεταδίδωσι</span> <span class='ocrx_word' id='word_1_257' title='bbox 900 3436 1101 3508; x_wconf 81' lang='grc' dir='ltr'>τρόπον</span> <span class='ocrx_word' id='word_1_258' title='bbox 1134 3435 1192 3490; x_wconf 84' lang='grc' dir='ltr'>ὃν</span> <span class='ocrx_word' id='word_1_259' title='bbox 1226 3431 1366 3489; x_wconf 77' lang='grc' dir='ltr'>οἶδεν</span> <span class='ocrx_word' id='word_1_260' title='bbox 1419 3434 1582 3498; x_wconf 80' lang='grc' dir='ltr'>αὑτός</span> <span class='ocrx_word' id='word_1_261' title='bbox 1608 3449 1622 3465; x_wconf 89' lang='grc'><strong>·</strong></span> <span class='ocrx_word' id='word_1_262' title='bbox 1659 3436 1754 3486; x_wconf 72' lang='grc' dir='ltr'>καὶ</span> <span class='ocrx_word' id='word_1_263' title='bbox 1784 3433 1871 3486; x_wconf 80' lang='grc' dir='ltr'>ἵνα</span> 
     </span>
    </p>
   </div>
   <div class='ocr_carea' id='block_1_38' title="bbox 293 3525 1871 3605">
    <p class='ocr_par' dir='ltr' id='par_1_38' title="bbox 293 3525 1871 3605">
     <span class='ocr_line' id='line_1_38' title="bbox 293 3525 1871 3605; baseline -0.007 -18"><span class='ocrx_word' id='word_1_264' title='bbox 293 3536 523 3605; x_wconf 77' lang='grc' dir='ltr'>γένηται</span> <span class='ocrx_word' id='word_1_265' title='bbox 552 3532 733 3601; x_wconf 77' lang='grc' dir='ltr'>δῆλον,</span> <span class='ocrx_word' id='word_1_266' title='bbox 772 3529 1065 3599; x_wconf 83' lang='grc' dir='ltr'>θεωρῶμεν</span> <span class='ocrx_word' id='word_1_267' title='bbox 1092 3528 1160 3581; x_wconf 80' lang='grc' dir='ltr'><strong>τὰ</strong></span> <span class='ocrx_word' id='word_1_268' title='bbox 1191 3528 1344 3582; x_wconf 81' lang='grc' dir='ltr'>αἴτια</span> <span class='ocrx_word' id='word_1_269' title='bbox 1376 3527 1469 3580; x_wconf 84' lang='grc' dir='ltr'><strong>τοῦ</strong></span> <span class='ocrx_word' id='word_1_270' title='bbox 1499 3525 1797 3597; x_wconf 79' lang='grc' dir='ltr'>ἁγιασμοῦ,</span> <span class='ocrx_word' id='word_1_271' title='bbox 1826 3527 1871 3577; x_wconf 82' lang='grc' dir='ltr'><strong>εί</strong></span> 
     </span>
    </p>
   </div>
   <div class='ocr_carea' id='block_1_39' title="bbox 300 3617 1873 3695">
    <p class='ocr_par' dir='ltr' id='par_1_39' title="bbox 300 3617 1873 3695">
     <span class='ocr_line' id='line_1_39' title="bbox 300 3617 1873 3695; baseline -0.004 -19"><span class='ocrx_word' id='word_1_272' title='bbox 300 3625 379 3695; x_wconf 75' lang='grc' dir='ltr'>μὴ</span> <span class='ocrx_word' id='word_1_273' title='bbox 406 3626 500 3676; x_wconf 82' lang='grc' dir='ltr'>καὶ</span> <span class='ocrx_word' id='word_1_274' title='bbox 524 3623 582 3675; x_wconf 80' lang='grc' dir='ltr'>αἱ</span> <span class='ocrx_word' id='word_1_275' title='bbox 612 3622 783 3692; x_wconf 68' lang='grc' dir='ltr'>ψυχαὶ</span> <span class='ocrx_word' id='word_1_276' title='bbox 809 3621 994 3691; x_wconf 76' lang='grc' dir='ltr'>ἔχουσι</span> <span class='ocrx_word' id='word_1_277' title='bbox 1018 3622 1128 3673; x_wconf 87' lang='grc' dir='ltr'><strong>τῶν</strong></span> <span class='ocrx_word' id='word_1_278' title='bbox 1152 3621 1516 3690; x_wconf 84' lang='grc' dir='ltr'>τεθνηκότων,</span> <span class='ocrx_word' id='word_1_279' title='bbox 1538 3617 1732 3690; x_wconf 77' lang='grc' dir='ltr'>ὥσπερ</span> <span class='ocrx_word' id='word_1_280' title='bbox 1764 3619 1873 3671; x_wconf 85' lang='grc' dir='ltr'><strong>τῶν</strong></span> 
     </span>
    </p>
   </div>
   <div class='ocr_carea' id='block_1_40' title="bbox 306 3709 1873 3784">
    <p class='ocr_par' dir='ltr' id='par_1_40' title="bbox 306 3709 1873 3784">
     <span class='ocr_line' id='line_1_40' title="bbox 306 3709 1873 3784; baseline -0.004 -13"><span class='ocrx_word' id='word_1_281' title='bbox 306 3717 540 3782; x_wconf 68' lang='grc' dir='ltr'>ζώντων.</span> <span class='ocrx_word' id='word_1_282' title='bbox 581 3718 715 3771; x_wconf 85' lang='grc' dir='ltr'>Τίνα</span> <span class='ocrx_word' id='word_1_283' title='bbox 756 3717 810 3769; x_wconf 85' lang='grc' dir='ltr'>δὲ</span> <span class='ocrx_word' id='word_1_284' title='bbox 848 3718 915 3769; x_wconf 77' lang='grc' dir='ltr'><strong>τὰ</strong></span> <span class='ocrx_word' id='word_1_285' title='bbox 962 3716 1111 3768; x_wconf 78' lang='grc' dir='ltr'>αἴτια</span> <span class='ocrx_word' id='word_1_286' title='bbox 1151 3714 1245 3767; x_wconf 75' lang='grc' dir='ltr'>τοῦ</span> <span class='ocrx_word' id='word_1_287' title='bbox 1289 3713 1565 3783; x_wconf 81' lang='grc' dir='ltr'>ἁγιασμοῦ</span> <span class='ocrx_word' id='word_1_288' title='bbox 1602 3729 1617 3778; x_wconf 91' lang='lat'><strong>;</strong></span> <span class='ocrx_word' id='word_1_289' title='bbox 1654 3709 1763 3784; x_wconf 86' lang='grc' dir='ltr'>ἆρα</span> <span class='ocrx_word' id='word_1_290' title='bbox 1815 3713 1873 3764; x_wconf 72' lang='grc' dir='ltr'>τὸ</span> 
     </span>
    </p>
   </div>
   <div class='ocr_carea' id='block_1_41' title="bbox 314 3805 1867 3881">
    <p class='ocr_par' dir='ltr' id='par_1_41' title="bbox 314 3805 1867 3881">
     <span class='ocr_line' id='line_1_41' title="bbox 314 3805 1867 3881; baseline -0.004 -20"><span class='ocrx_word' id='word_1_291' title='bbox 314 3811 468 3880; x_wconf 80' lang='grc' dir='ltr'>σῶμα</span> <span class='ocrx_word' id='word_1_292' title='bbox 501 3811 677 3881; x_wconf 78' lang='grc' dir='ltr'>ἔχειν;</span> <span class='ocrx_word' id='word_1_293' title='bbox 715 3811 774 3861; x_wconf 68' lang='grc' dir='ltr'>τδ</span> <span class='ocrx_word' id='word_1_294' title='bbox 819 3810 947 3862; x_wconf 74' lang='grc' dir='ltr'>ποσὶ</span> <span class='ocrx_word' id='word_1_295' title='bbox 985 3807 1218 3880; x_wconf 81' lang='grc' dir='ltr'>δραμεῖν</span> <span class='ocrx_word' id='word_1_296' title='bbox 1263 3806 1359 3859; x_wconf 71' lang='grc' dir='ltr'><strong>ἐπὶ</strong></span> <span class='ocrx_word' id='word_1_297' title='bbox 1408 3806 1508 3877; x_wconf 82' lang='grc' dir='ltr'>τὴν</span> <span class='ocrx_word' id='word_1_298' title='bbox 1549 3805 1867 3876; x_wconf 77' lang='grc' dir='ltr'>τράπεζανς</span> 
     </span>
    </p>
   </div>
   <div class='ocr_carea' id='block_1_42' title="bbox 309 3897 1870 3973">
    <p class='ocr_par' dir='ltr' id='par_1_42' title="bbox 309 3897 1870 3973">
     <span class='ocr_line' id='line_1_42' title="bbox 309 3897 1870 3973; baseline -0.006 -17"><span class='ocrx_word' id='word_1_299' title='bbox 309 3902 370 3956; x_wconf 75' lang='grc' dir='ltr'>τὸ</span> <span class='ocrx_word' id='word_1_300' title='bbox 401 3905 551 3973; x_wconf 78' lang='grc' dir='ltr'>χερσὶ</span> <span class='ocrx_word' id='word_1_301' title='bbox 596 3903 781 3954; x_wconf 70' lang='grc' dir='ltr'>λαϐεῖν</span> <span class='ocrx_word' id='word_1_302' title='bbox 811 3902 879 3953; x_wconf 63' lang='lat' dir='ltr'><strong>ei</strong></span> <span class='ocrx_word' id='word_1_303' title='bbox 913 3901 1081 3968; x_wconf 77' lang='grc' dir='ltr'>ἆγιας</span> <span class='ocrx_word' id='word_1_304' title='bbox 1117 3901 1178 3953; x_wconf 76' lang='grc' dir='ltr'>τὸ</span> <span class='ocrx_word' id='word_1_305' title='bbox 1207 3898 1462 3965; x_wconf 79' lang='grc' dir='ltr'>δέξασθαι</span> <span class='ocrx_word' id='word_1_306' title='bbox 1494 3899 1571 3969; x_wconf 84' lang='grc' dir='ltr'>τῷ</span> <span class='ocrx_word' id='word_1_307' title='bbox 1605 3897 1870 3966; x_wconf 88' lang='grc' dir='ltr'>στόματι;</span> 
     </span>
    </p>
   </div>
   <div class='ocr_carea' id='block_1_43' title="bbox 301 3989 1874 4064">
    <p class='ocr_par' dir='ltr' id='par_1_43' title="bbox 301 3989 1874 4064">
     <span class='ocr_line' id='line_1_43' title="bbox 301 3989 1874 4064; baseline -0.005 -17"><span class='ocrx_word' id='word_1_308' title='bbox 301 3997 364 4049; x_wconf 79' lang='grc' dir='ltr'>τὸ</span> <span class='ocrx_word' id='word_1_309' title='bbox 394 3999 625 4064; x_wconf 72' lang='grc' dir='ltr'>φαγεῖνς</span> <span class='ocrx_word' id='word_1_310' title='bbox 666 3997 724 4047; x_wconf 76' lang='grc' dir='ltr'>τὸ</span> <span class='ocrx_word' id='word_1_311' title='bbox 754 3995 930 4055; x_wconf 83' lang='grc' dir='ltr'>πιεῖν;</span> <span class='ocrx_word' id='word_1_312' title='bbox 965 3992 1254 4063; x_wconf 71' lang='grc' dir='ltr'>Οὐδαμῶς.</span> <span class='ocrx_word' id='word_1_313' title='bbox 1289 3990 1511 4054; x_wconf 78' lang='grc' dir='ltr'>Πολλοῖς</span> <span class='ocrx_word' id='word_1_314' title='bbox 1561 3990 1670 4059; x_wconf 81' lang='grc' dir='ltr'><strong>γὰρ</strong></span> <span class='ocrx_word' id='word_1_315' title='bbox 1699 3989 1874 4042; x_wconf 71' lang='grc' dir='ltr'>ταῦτα</span> 
     </span>
    </p>
   </div>
   <div class='ocr_carea' id='block_1_44' title="bbox 298 4082 1871 4156">
    <p class='ocr_par' dir='ltr' id='par_1_44' title="bbox 298 4082 1871 4156">
     <span class='ocr_line' id='line_1_44' title="bbox 298 4082 1871 4156; baseline -0.007 -15"><span class='ocrx_word' id='word_1_316' title='bbox 298 4088 727 4156; x_wconf 76' lang='grc' dir='ltr'>ἐπιδεξαμένοις,</span> <span class='ocrx_word' id='word_1_317' title='bbox 754 4086 849 4140; x_wconf 75' lang='grc' dir='ltr'><strong>καὶ</strong></span> <span class='ocrx_word' id='word_1_318' title='bbox 876 4084 1019 4139; x_wconf 80' lang='grc' dir='ltr'>οὕτω</span> <span class='ocrx_word' id='word_1_319' title='bbox 1070 4082 1500 4155; x_wconf 82' lang='grc' dir='ltr'>προσεληλυθόσι</span> <span class='ocrx_word' id='word_1_320' title='bbox 1529 4083 1638 4141; x_wconf 79' lang='grc' dir='ltr'>τοῖς</span> <span class='ocrx_word' id='word_1_321' title='bbox 1668 4096 1871 4150; x_wconf 83' lang='grc' dir='ltr'>μυστη-</span> 
     </span>
    </p>
   </div>
   <div class='ocr_carea' id='block_1_45' title="bbox 296 4170 1873 4247">
    <p class='ocr_par' dir='ltr' id='par_1_45' title="bbox 296 4170 1873 4247">
     <span class='ocr_line' id='line_1_45' title="bbox 296 4170 1873 4247; baseline -0.006 -17"><span class='ocrx_word' id='word_1_322' title='bbox 296 4178 460 4247; x_wconf 74' lang='grc' dir='ltr'>ρίοις,</span> <span class='ocrx_word' id='word_1_323' title='bbox 479 4175 600 4229; x_wconf 71' lang='grc' dir='ltr'>οὔτε</span> <span class='ocrx_word' id='word_1_324' title='bbox 621 4176 811 4245; x_wconf 81' lang='grc' dir='ltr'>γέγονε</span> <span class='ocrx_word' id='word_1_325' title='bbox 838 4174 1000 4227; x_wconf 83' lang='grc' dir='ltr'>πλέον</span> <span class='ocrx_word' id='word_1_326' title='bbox 1019 4174 1191 4235; x_wconf 79' lang='grc' dir='ltr'>οὐδὲν,</span> <span class='ocrx_word' id='word_1_327' title='bbox 1218 4173 1315 4226; x_wconf 72' lang='grc' dir='ltr'>καὶ</span> <span class='ocrx_word' id='word_1_328' title='bbox 1335 4172 1579 4242; x_wconf 80' lang='grc' dir='ltr'>ἀπῆλθον</span> <span class='ocrx_word' id='word_1_329' title='bbox 1605 4170 1873 4242; x_wconf 76' lang='grc' dir='ltr'>μειζόνων</span> 
     </span>
    </p>
   </div>
   <div class='ocr_carea' id='block_1_46' title="bbox 291 4259 1871 4332">
    <p class='ocr_par' dir='ltr' id='par_1_46' title="bbox 291 4259 1871 4332">
     <span class='ocr_line' id='line_1_46' title="bbox 291 4259 1871 4332; baseline -0.004 -12"><span class='ocrx_word' id='word_1_330' title='bbox 291 4270 449 4329; x_wconf 72' lang='grc' dir='ltr'>ὅντες</span> <span class='ocrx_word' id='word_1_331' title='bbox 481 4265 771 4319; x_wconf 81' lang='grc' dir='ltr'>ὑπεύθυνοι</span> <span class='ocrx_word' id='word_1_332' title='bbox 826 4265 1035 4319; x_wconf 85' lang='grc' dir='ltr'>κακῶν.</span> <span class='ocrx_word' id='word_1_333' title='bbox 1082 4264 1245 4318; x_wconf 81' lang='grc' dir='ltr'>Ἀλλὰ</span> <span class='ocrx_word' id='word_1_334' title='bbox 1292 4264 1414 4317; x_wconf 88' lang='grc' dir='ltr'>τίνα</span> <span class='ocrx_word' id='word_1_335' title='bbox 1455 4263 1549 4317; x_wconf 79' lang='grc' dir='ltr'>τοῦ</span> <span class='ocrx_word' id='word_1_336' title='bbox 1596 4259 1871 4332; x_wconf 85' lang='grc' dir='ltr'>ἁγιασμοῦ</span> 
     </span>
    </p>
   </div>
   <div class='ocr_carea' id='block_1_47' title="bbox 291 4351 1873 4424">
    <p class='ocr_par' dir='ltr' id='par_1_47' title="bbox 291 4351 1873 4424">
     <span class='ocr_line' id='line_1_47' title="bbox 291 4351 1873 4424; baseline -0.004 -14"><span class='ocrx_word' id='word_1_337' title='bbox 291 4362 365 4410; x_wconf 77' lang='grc' dir='ltr'>τὰ</span> <span class='ocrx_word' id='word_1_338' title='bbox 400 4357 551 4409; x_wconf 71' lang='grc' dir='ltr'>αἴτια</span> <span class='ocrx_word' id='word_1_339' title='bbox 568 4361 676 4419; x_wconf 81' lang='grc' dir='ltr'>τοῖς</span> <span class='ocrx_word' id='word_1_340' title='bbox 706 4355 1130 4424; x_wconf 81' lang='grc' dir='ltr'>ἁγιαζομένοις;</span> <span class='ocrx_word' id='word_1_341' title='bbox 1166 4354 1261 4408; x_wconf 75' lang='grc' dir='ltr'>καὶ</span> <span class='ocrx_word' id='word_1_342' title='bbox 1286 4354 1410 4407; x_wconf 89' lang='grc' dir='ltr'>τίνα</span> <span class='ocrx_word' id='word_1_343' title='bbox 1438 4352 1474 4407; x_wconf 79' lang='grc' dir='ltr'><strong>ἃ.</strong></span> <span class='ocrx_word' id='word_1_344' title='bbox 1504 4354 1633 4423; x_wconf 81' lang='grc' dir='ltr'>παρ’</span> <span class='ocrx_word' id='word_1_345' title='bbox 1665 4351 1819 4422; x_wconf 83' lang='grc' dir='ltr'>ἡμῶν</span> <span class='ocrx_word' id='word_1_346' title='bbox 1844 4352 1873 4404; x_wconf 87' lang='grc' dir='ltr'>ὁ</span> 
     </span>
    </p>
   </div>
   <div class='ocr_carea' id='block_1_48' title="bbox 291 4444 1873 4522">
    <p class='ocr_par' dir='ltr' id='par_1_48' title="bbox 291 4444 1873 4522">
     <span class='ocr_line' id='line_1_48' title="bbox 291 4444 1873 4522; baseline -0.004 -18"><span class='ocrx_word' id='word_1_347' title='bbox 291 4448 530 4522; x_wconf 73' lang='grc' dir='ltr'>Χριστὸς</span> <span class='ocrx_word' id='word_1_348' title='bbox 586 4450 843 4514; x_wconf 63' lang='lat' dir='ltr'><strong>artatur;</strong></span> <span class='ocrx_word' id='word_1_349' title='bbox 892 4448 1088 4518; x_wconf 63' lang='grc' dir='ltr'>Ψυχῆς</span> <span class='ocrx_word' id='word_1_350' title='bbox 1136 4446 1426 4516; x_wconf 82' lang='grc' dir='ltr'>κάθαρσις,</span> <span class='ocrx_word' id='word_1_351' title='bbox 1478 4445 1670 4515; x_wconf 84' lang='grc' dir='ltr'>ἀγάπη</span> <span class='ocrx_word' id='word_1_352' title='bbox 1734 4444 1873 4516; x_wconf 85' lang='grc' dir='ltr'>πρὸς</span> 
     </span>
    </p>
   </div>
   <div class='ocr_carea' id='block_1_49' title="bbox 290 4535 1872 4610">
    <p class='ocr_par' dir='ltr' id='par_1_49' title="bbox 290 4535 1872 4610">
     <span class='ocr_line' id='line_1_49' title="bbox 290 4535 1872 4610; baseline -0.005 -14"><span class='ocrx_word' id='word_1_353' title='bbox 290 4543 452 4603; x_wconf 76' lang='grc' dir='ltr'>Θεὸν,</span> <span class='ocrx_word' id='word_1_354' title='bbox 504 4541 708 4606; x_wconf 82' lang='grc' dir='ltr'>πίστις,</span> <span class='ocrx_word' id='word_1_355' title='bbox 772 4539 1037 4610; x_wconf 76' lang='grc' dir='ltr'>ἐπιθυμία</span> <span class='ocrx_word' id='word_1_356' title='bbox 1080 4536 1173 4591; x_wconf 69' lang='grc' dir='ltr'><strong>τοῦ</strong></span> <span class='ocrx_word' id='word_1_357' title='bbox 1230 4536 1554 4608; x_wconf 81' lang='grc' dir='ltr'>μυστηρίου,</span> <span class='ocrx_word' id='word_1_358' title='bbox 1592 4535 1872 4605; x_wconf 79' lang='grc' dir='ltr'>προθυμία</span> 
     </span>
    </p>
   </div>
   <div class='ocr_carea' id='block_1_50' title="bbox 291 4625 1872 4704">
    <p class='ocr_par' dir='ltr' id='par_1_50' title="bbox 291 4625 1872 4704">
     <span class='ocr_line' id='line_1_50' title="bbox 291 4625 1872 4704; baseline -0.005 -19"><span class='ocrx_word' id='word_1_359' title='bbox 291 4634 437 4704; x_wconf 79' lang='grc' dir='ltr'>πρὸς</span> <span class='ocrx_word' id='word_1_360' title='bbox 489 4634 591 4702; x_wconf 78' lang='grc' dir='ltr'>τὴν</span> <span class='ocrx_word' id='word_1_361' title='bbox 650 4630 975 4702; x_wconf 47' lang='grc' dir='ltr'>μεταληψιν,</span> <span class='ocrx_word' id='word_1_362' title='bbox 1027 4629 1173 4699; x_wconf 84' lang='grc' dir='ltr'>ὁρμὴ</span> <span class='ocrx_word' id='word_1_363' title='bbox 1227 4628 1449 4693; x_wconf 79' lang='grc' dir='ltr'>ζέουσα,</span> <span class='ocrx_word' id='word_1_364' title='bbox 1503 4628 1566 4680; x_wconf 82' lang='grc' dir='ltr'>τὸ</span> <span class='ocrx_word' id='word_1_365' title='bbox 1600 4625 1872 4695; x_wconf 74' lang='grc' dir='ltr'>διψῶντας</span> 
     </span>
    </p>
   </div>
   <div class='ocr_carea' id='block_1_51' title="bbox 291 4725 548 4794">
    <p class='ocr_par' dir='ltr' id='par_1_51' title="bbox 291 4725 548 4794">
     <span class='ocr_line' id='line_1_51' title="bbox 291 4725 548 4794; baseline 0 -17"><span class='ocrx_word' id='word_1_366' title='bbox 291 4725 548 4794; x_wconf 83' lang='grc' dir='ltr'>δραμεῖν.</span> 
     </span>
    </p>
   </div>
   <div class='ocr_carea' id='block_1_52' title="bbox 366 4812 1870 4887">
    <p class='ocr_par' dir='ltr' id='par_1_52' title="bbox 366 4812 1870 4887">
     <span class='ocr_line' id='line_1_52' title="bbox 366 4812 1870 4887; baseline -0.003 -17"><span class='ocrx_word' id='word_1_367' title='bbox 366 4817 557 4871; x_wconf 70' lang='grc' dir='ltr'>Ταῦτα</span> <span class='ocrx_word' id='word_1_368' title='bbox 604 4820 755 4872; x_wconf 82' lang='grc' dir='ltr'>ἐστιν</span> <span class='ocrx_word' id='word_1_369' title='bbox 802 4817 839 4872; x_wconf 77' lang='grc' dir='ltr'>ἃ</span> <span class='ocrx_word' id='word_1_370' title='bbox 882 4817 972 4870; x_wconf 77' lang='grc' dir='ltr'>τὸν</span> <span class='ocrx_word' id='word_1_371' title='bbox 1014 4817 1288 4887; x_wconf 76' lang='grc' dir='ltr'>ἁγιασμδν</span> <span class='ocrx_word' id='word_1_372' title='bbox 1322 4814 1615 4885; x_wconf 69' lang='grc' dir='ltr'>ἐφέλκεται</span> <span class='ocrx_word' id='word_1_373' title='bbox 1646 4812 1870 4867; x_wconf 55' lang='grc' dir='ltr'>τοῦτον</span> 
     </span>
    </p>
   </div>
   <div class='ocr_carea' id='block_1_53' title="bbox 290 4904 1873 4982">
    <p class='ocr_par' dir='ltr' id='par_1_53' title="bbox 290 4904 1873 4982">
     <span class='ocr_line' id='line_1_53' title="bbox 290 4904 1873 4982; baseline -0.004 -18"><span class='ocrx_word' id='word_1_374' title='bbox 290 4916 394 4964; x_wconf 77' lang='grc' dir='ltr'>καὶ</span> <span class='ocrx_word' id='word_1_375' title='bbox 453 4912 570 4981; x_wconf 84' lang='grc' dir='ltr'>μεθ’</span> <span class='ocrx_word' id='word_1_376' title='bbox 625 4905 701 4965; x_wconf 86' lang='grc' dir='ltr'>ὧν</span> <span class='ocrx_word' id='word_1_377' title='bbox 758 4912 884 4975; x_wconf 80' lang='grc' dir='ltr'>τοὺς</span> <span class='ocrx_word' id='word_1_378' title='bbox 960 4909 1443 4982; x_wconf 79' lang='grc' dir='ltr'>προσερχομένους</span> <span class='ocrx_word' id='word_1_379' title='bbox 1504 4909 1720 4979; x_wconf 72' lang='grc' dir='ltr'>ἀνάγκη</span> <span class='ocrx_word' id='word_1_380' title='bbox 1780 4904 1873 4958; x_wconf 73' lang='grc' dir='ltr'><strong>τοῦ⁹</strong></span> 
     </span>
    </p>
   </div>
   <div class='ocr_carea' id='block_1_54' title="bbox 292 4998 1876 5074">
    <p class='ocr_par' dir='ltr' id='par_1_54' title="bbox 292 4998 1876 5074">
     <span class='ocr_line' id='line_1_54' title="bbox 292 4998 1876 5074; baseline -0.005 -17"><span class='ocrx_word' id='word_1_381' title='bbox 292 5004 539 5074; x_wconf 81' lang='grc' dir='ltr'>Χριστοῦ</span> <span class='ocrx_word' id='word_1_382' title='bbox 573 5007 888 5074; x_wconf 83' lang='grc' dir='ltr'>μετασχεῖν,</span> <span class='ocrx_word' id='word_1_383' title='bbox 933 5004 1030 5057; x_wconf 74' lang='grc' dir='ltr'>καὶ</span> <span class='ocrx_word' id='word_1_384' title='bbox 1068 5000 1142 5056; x_wconf 80' lang='grc' dir='ltr'>ὧν</span> <span class='ocrx_word' id='word_1_385' title='bbox 1169 5003 1343 5074; x_wconf 73' lang='grc' dir='ltr'>χωρὶς</span> <span class='ocrx_word' id='word_1_386' title='bbox 1378 5003 1662 5055; x_wconf 78' lang='grc' dir='ltr'>ἀδύνατον.</span> <span class='ocrx_word' id='word_1_387' title='bbox 1711 4998 1876 5052; x_wconf 67' lang='grc' dir='ltr'>Ἀλλὰ</span> 
     </span>
    </p>
   </div>
   <div class='ocr_carea' id='block_1_55' title="bbox 291 5092 1877 5167">
    <p class='ocr_par' dir='ltr' id='par_1_55' title="bbox 291 5092 1877 5167">
     <span class='ocr_line' id='line_1_55' title="bbox 291 5092 1877 5167; baseline -0.005 -15"><span class='ocrx_word' id='word_1_388' title='bbox 291 5099 474 5152; x_wconf 78' lang='grc' dir='ltr'>ταῦτα</span> <span class='ocrx_word' id='word_1_389' title='bbox 503 5098 681 5151; x_wconf 75' lang='grc' dir='ltr'>πάντα</span> <span class='ocrx_word' id='word_1_390' title='bbox 728 5100 787 5150; x_wconf 83' lang='grc' dir='ltr'>οὐ</span> <span class='ocrx_word' id='word_1_391' title='bbox 827 5097 1143 5167; x_wconf 77' lang='grc' dir='ltr'>σωματικὰ,</span> <span class='ocrx_word' id='word_1_392' title='bbox 1193 5096 1332 5150; x_wconf 77' lang='grc' dir='ltr'>ἀλλὰ</span> <span class='ocrx_word' id='word_1_393' title='bbox 1359 5096 1456 5163; x_wconf 80' lang='grc' dir='ltr'>τῆς</span> <span class='ocrx_word' id='word_1_394' title='bbox 1484 5094 1663 5164; x_wconf 77' lang='grc' dir='ltr'>ψυχῆς</span> <span class='ocrx_word' id='word_1_395' title='bbox 1716 5092 1877 5161; x_wconf 75' lang='grc' dir='ltr'><strong>ἐξήρ-</strong></span> 
     </span>
    </p>
   </div>
   <div class='ocr_carea' id='block_1_56' title="bbox 292 5184 1876 5261">
    <p class='ocr_par' dir='ltr' id='par_1_56' title="bbox 292 5184 1876 5261">
     <span class='ocr_line' id='line_1_56' title="bbox 292 5184 1876 5261; baseline -0.005 -19"><span class='ocrx_word' id='word_1_396' title='bbox 292 5208 460 5261; x_wconf 76' lang='grc' dir='ltr'>τηται</span> <span class='ocrx_word' id='word_1_397' title='bbox 515 5190 704 5260; x_wconf 88' lang='grc' dir='ltr'>μόνης.</span> <span class='ocrx_word' id='word_1_398' title='bbox 750 5189 960 5257; x_wconf 71' lang='grc' dir='ltr'>Οὐκοῦν</span> <span class='ocrx_word' id='word_1_399' title='bbox 991 5189 1144 5242; x_wconf 68' lang='grc' dir='ltr'>οὐδὲν</span> <span class='ocrx_word' id='word_1_400' title='bbox 1171 5187 1372 5241; x_wconf 84' lang='grc' dir='ltr'>κωλύει</span> <span class='ocrx_word' id='word_1_401' title='bbox 1419 5188 1515 5240; x_wconf 74' lang='grc' dir='ltr'>καὶ</span> <span class='ocrx_word' id='word_1_402' title='bbox 1565 5186 1661 5248; x_wconf 76' lang='grc' dir='ltr'>τὰς</span> <span class='ocrx_word' id='word_1_403' title='bbox 1695 5184 1876 5253; x_wconf 71' lang='grc' dir='ltr'>ψυχὰς</span> 
     </span>
    </p>
   </div>
   <div class='ocr_carea' id='block_1_57' title="bbox 291 5277 1879 5351">
    <p class='ocr_par' dir='ltr' id='par_1_57' title="bbox 291 5277 1879 5351">
     <span class='ocr_line' id='line_1_57' title="bbox 291 5277 1879 5351; baseline -0.007 -14"><span class='ocrx_word' id='word_1_404' title='bbox 291 5284 474 5337; x_wconf 77' lang='grc' dir='ltr'>ταῦτα</span> <span class='ocrx_word' id='word_1_405' title='bbox 519 5282 776 5336; x_wconf 86' lang='grc' dir='ltr'>δύνασθαι</span> <span class='ocrx_word' id='word_1_406' title='bbox 807 5282 915 5334; x_wconf 88' lang='grc' dir='ltr'><strong>τῶν</strong></span> <span class='ocrx_word' id='word_1_407' title='bbox 960 5281 1321 5351; x_wconf 82' lang='grc' dir='ltr'>τεθνηκότων,</span> <span class='ocrx_word' id='word_1_408' title='bbox 1357 5279 1547 5349; x_wconf 84' lang='grc' dir='ltr'>ὥσπερ</span> <span class='ocrx_word' id='word_1_409' title='bbox 1594 5278 1703 5329; x_wconf 88' lang='grc' dir='ltr'><strong>τῶν</strong></span> <span class='ocrx_word' id='word_1_410' title='bbox 1737 5277 1879 5341; x_wconf 75' lang='grc' dir='ltr'><strong>ζών-</strong></span> 
     </span>
    </p>
   </div>
   <div class='ocr_carea' id='block_1_58' title="bbox 289 5394 429 5429">
    <p class='ocr_par' dir='ltr' id='par_1_58' title="bbox 289 5394 429 5429">
     <span class='ocr_line' id='line_1_58' title="bbox 289 5394 429 5429; baseline 0.014 -2"><span class='ocrx_word' id='word_1_411' title='bbox 289 5394 315 5427; x_wconf 75' lang='grc' dir='ltr'>τ</span> <span class='ocrx_word' id='word_1_412' title='bbox 326 5394 429 5429; x_wconf 87' lang='grc' dir='ltr'>ων.</span> 
     </span>
    </p>
   </div>
   <div class='ocr_carea' id='block_1_59' title="bbox 365 5461 1875 5537">
    <p class='ocr_par' dir='ltr' id='par_1_59' title="bbox 365 5461 1875 5537">
     <span class='ocr_line' id='line_1_59' title="bbox 365 5461 1875 5537; baseline -0.005 -16"><span class='ocrx_word' id='word_1_413' title='bbox 365 5470 432 5521; x_wconf 87' lang='lat' dir='ltr'><strong>Ei</strong></span> <span class='ocrx_word' id='word_1_414' title='bbox 453 5468 635 5520; x_wconf 80' lang='grc' dir='ltr'>τοίνυν</span> <span class='ocrx_word' id='word_1_415' title='bbox 663 5471 716 5520; x_wconf 77' lang='grc' dir='ltr'>αἱ</span> <span class='ocrx_word' id='word_1_416' title='bbox 749 5467 849 5537; x_wconf 76' lang='grc' dir='ltr'>μὲν</span> <span class='ocrx_word' id='word_1_417' title='bbox 868 5465 1037 5537; x_wconf 69' lang='grc' dir='ltr'>ψυχαὶ</span> <span class='ocrx_word' id='word_1_418' title='bbox 1059 5466 1197 5532; x_wconf 78' lang='grc' dir='ltr'>πρὸς</span> <span class='ocrx_word' id='word_1_419' title='bbox 1222 5464 1283 5518; x_wconf 82' lang='grc' dir='ltr'>τὸ</span> <span class='ocrx_word' id='word_1_420' title='bbox 1305 5466 1608 5535; x_wconf 61' lang='grc' dir='ltr'>μυστήριον</span> <span class='ocrx_word' id='word_1_421' title='bbox 1639 5461 1875 5530; x_wconf 81' lang='grc' dir='ltr'>ἑτοίμως</span> 
     </span>
    </p>
   </div>
   <div class='ocr_carea' id='block_1_60' title="bbox 291 5554 1877 5632">
    <p class='ocr_par' dir='ltr' id='par_1_60' title="bbox 291 5554 1877 5632">
     <span class='ocr_line' id='line_1_60' title="bbox 291 5554 1877 5632; baseline -0.006 -19"><span class='ocrx_word' id='word_1_422' title='bbox 291 5561 487 5632; x_wconf 81' lang='grc' dir='ltr'>ἔχουσι</span> <span class='ocrx_word' id='word_1_423' title='bbox 535 5560 631 5613; x_wconf 65' lang='grc' dir='ltr'><strong>κοιλ⁸</strong></span> <span class='ocrx_word' id='word_1_424' title='bbox 693 5561 1269 5630; x_wconf 68' lang='grc' dir='ltr'><strong>πειιρεσκευασμεὶνως⁸</strong></span> <span class='ocrx_word' id='word_1_425' title='bbox 1327 5560 1355 5612; x_wconf 82' lang='grc' dir='ltr'><strong>ό</strong></span> <span class='ocrx_word' id='word_1_426' title='bbox 1398 5558 1455 5610; x_wconf 84' lang='grc' dir='ltr'>δὲ</span> <span class='ocrx_word' id='word_1_427' title='bbox 1497 5558 1733 5626; x_wconf 83' lang='grc' dir='ltr'>ἁγιάσας</span> <span class='ocrx_word' id='word_1_428' title='bbox 1782 5554 1877 5606; x_wconf 70' lang='grc' dir='ltr'>καὶ</span> 
     </span>
    </p>
   </div>
   <div class='ocr_carea' id='block_1_61' title="bbox 292 5646 1877 5719">
    <p class='ocr_par' dir='ltr' id='par_1_61' title="bbox 292 5646 1877 5719">
     <span class='ocr_line' id='line_1_61' title="bbox 292 5646 1877 5719; baseline -0.006 -15"><span class='ocrx_word' id='word_1_429' title='bbox 292 5652 527 5714; x_wconf 73' lang='grc' dir='ltr'>τελέσας</span> <span class='ocrx_word' id='word_1_430' title='bbox 584 5649 788 5716; x_wconf 81' lang='grc' dir='ltr'>Κύριος</span> <span class='ocrx_word' id='word_1_431' title='bbox 834 5650 1084 5717; x_wconf 72' lang='grc' dir='ltr'>ἁγεάζειν</span> <span class='ocrx_word' id='word_1_432' title='bbox 1116 5651 1206 5703; x_wconf 58' lang='grc' dir='ltr'><strong>ἀεὶ⁸</strong></span> <span class='ocrx_word' id='word_1_433' title='bbox 1244 5647 1517 5719; x_wconf 74' lang='grc' dir='ltr'>βούλεται,</span> <span class='ocrx_word' id='word_1_434' title='bbox 1554 5646 1649 5700; x_wconf 76' lang='grc' dir='ltr'>καὶ</span> <span class='ocrx_word' id='word_1_435' title='bbox 1685 5646 1877 5698; x_wconf 75' lang='grc' dir='ltr'>ἑαυτὸν</span> 
     </span>
    </p>
   </div>
   <div class='ocr_carea' id='block_1_62' title="bbox 293 5728 1877 5812">
    <p class='ocr_par' dir='ltr' id='par_1_62' title="bbox 293 5728 1877 5812">
     <span class='ocr_line' id='line_1_62' title="bbox 293 5728 1877 5812; baseline -0.008 -15"><span class='ocrx_word' id='word_1_436' title='bbox 293 5745 563 5797; x_wconf 73' lang='grc' dir='ltr'>ἑκάστοτε</span> <span class='ocrx_word' id='word_1_437' title='bbox 623 5742 964 5812; x_wconf 79' lang='grc' dir='ltr'>μεταδιδόναι</span> <span class='ocrx_word' id='word_1_438' title='bbox 997 5728 1279 5810; x_wconf 78' lang='grc' dir='ltr'>ἐπιθυμεῖ,</span> <span class='ocrx_word' id='word_1_439' title='bbox 1313 5742 1366 5793; x_wconf 88' lang='grc' dir='ltr'><strong>τί</strong></span> <span class='ocrx_word' id='word_1_440' title='bbox 1404 5741 1465 5793; x_wconf 84' lang='grc' dir='ltr'>τὸ</span> <span class='ocrx_word' id='word_1_441' title='bbox 1505 5736 1748 5793; x_wconf 84' lang='grc' dir='ltr'>κωλύσον</span> <span class='ocrx_word' id='word_1_442' title='bbox 1779 5735 1877 5805; x_wconf 73' lang='grc' dir='ltr'>τὴν</span> 
     </span>
    </p>
   </div>
   <div class='ocr_carea' id='block_1_63' title="bbox 293 5828 1883 5906">
    <p class='ocr_par' dir='ltr' id='par_1_63' title="bbox 293 5828 1883 5906">
     <span class='ocr_line' id='line_1_63' title="bbox 293 5828 1883 5906; baseline -0.005 -17"><span class='ocrx_word' id='word_1_443' title='bbox 293 5836 629 5906; x_wconf 73' lang='grc' dir='ltr'>μετουσίανς</span> <span class='ocrx_word' id='word_1_444' title='bbox 670 5835 893 5896; x_wconf 69' lang='grc' dir='ltr'>Πάντως</span> <span class='ocrx_word' id='word_1_445' title='bbox 924 5834 1101 5887; x_wconf 84' lang='grc' dir='ltr'>οὐδέν.</span> <span class='ocrx_word' id='word_1_446' title='bbox 1142 5834 1354 5887; x_wconf 72' lang='grc' dir='ltr'>Οὐκοῦν</span> <span class='ocrx_word' id='word_1_447' title='bbox 1387 5832 1528 5886; x_wconf 79' lang='grc' dir='ltr'>εἴποι</span> <span class='ocrx_word' id='word_1_448' title='bbox 1575 5849 1657 5894; x_wconf 88' lang='grc' dir='ltr'><strong>τις</strong></span> <span class='ocrx_word' id='word_1_449' title='bbox 1691 5829 1779 5895; x_wconf 82' lang='grc' dir='ltr'>ἂν,</span> <span class='ocrx_word' id='word_1_450' title='bbox 1818 5828 1883 5881; x_wconf 76' lang='grc' dir='ltr'><strong>Εἴ</strong></span> 
     </span>
    </p>
   </div>
   <div class='ocr_carea' id='block_1_64' title="bbox 629 5928 1219 5992">
    <p class='ocr_par' dir='ltr' id='par_1_64' title="bbox 629 5928 1219 5992">
     <span class='ocr_line' id='line_1_64' title="bbox 629 5928 1219 5992; baseline 0.003 -4"><span class='ocrx_word' id='word_1_451' title='bbox 629 5929 897 5992; x_wconf 53' lang='lat' dir='ltr'><strong>Pyrum&quot;</strong></span> <span class='ocrx_word' id='word_1_452' title='bbox 949 5934 1066 5991; x_wconf 79' lang='lat' dir='ltr'><strong>GR.</strong></span> <span class='ocrx_word' id='word_1_453' title='bbox 1112 5928 1219 5990; x_wconf 88' lang='lat' dir='ltr'><strong>CL.</strong></span> 
     </span>
    </p>
   </div>
   <div class='ocr_carea' id='block_1_65' title="bbox 1894 1834 1943 1896">
    <p class='ocr_par' dir='ltr' id='par_1_65' title="bbox 1894 1834 1943 1896">
     <span class='ocr_line' id='line_1_65' title="bbox 1894 1834 1943 1896; baseline 0 -2"><span class='ocrx_word' id='word_1_454' title='bbox 1894 1834 1943 1896; x_wconf 87' lang='lat' dir='ltr'><strong>B</strong></span> 
     </span>
    </p>
   </div>
   <div class='ocr_carea' id='block_1_66' title="bbox 1971 582 3553 653">
    <p class='ocr_par' dir='ltr' id='par_1_66' title="bbox 1971 582 3553 653">
     <span class='ocr_line' id='line_1_66' title="bbox 1971 582 3553 653; baseline 0.008 -20"><span class='ocrx_word' id='word_1_455' title='bbox 1971 594 2096 649; x_wconf 64' lang='lat' dir='ltr'><strong>quae</strong></span> <span class='ocrx_word' id='word_1_456' title='bbox 2125 582 2179 634; x_wconf 92' lang='lat' dir='ltr'><strong>in</strong></span> <span class='ocrx_word' id='word_1_457' title='bbox 2216 584 2492 652; x_wconf 84' lang='lat' dir='ltr'><strong>mysteriis</strong></span> <span class='ocrx_word' id='word_1_458' title='bbox 2536 583 2943 647; x_wconf 85' lang='lat' dir='ltr'><strong>consideratur,</strong></span> <span class='ocrx_word' id='word_1_459' title='bbox 2978 582 3072 636; x_wconf 85' lang='lat' dir='ltr'><strong>Dei</strong></span> <span class='ocrx_word' id='word_1_460' title='bbox 3120 584 3442 653; x_wconf 72' lang='lat' dir='ltr'><strong>sapientiam</strong></span> <span class='ocrx_word' id='word_1_461' title='bbox 3497 602 3553 646; x_wconf 90' lang='lat' dir='ltr'><strong>et</strong></span> 
     </span>
    </p>
   </div>
   <div class='ocr_carea' id='block_1_67' title="bbox 1975 669 3549 749">
    <p class='ocr_par' dir='ltr' id='par_1_67' title="bbox 1975 669 3549 749">
     <span class='ocr_line' id='line_1_67' title="bbox 1975 669 3549 749; baseline 0.008 -26"><span class='ocrx_word' id='word_1_462' title='bbox 1975 669 2399 740; x_wconf 77' lang='lat' dir='ltr'><strong>benignitatem;</strong></span> <span class='ocrx_word' id='word_1_463' title='bbox 2474 672 2932 742; x_wconf 82' lang='lat' dir='ltr'><strong>quemadmodum</strong></span> <span class='ocrx_word' id='word_1_464' title='bbox 2997 672 3204 728; x_wconf 85' lang='lat' dir='ltr'><strong>Paulus</strong></span> <span class='ocrx_word' id='word_1_465' title='bbox 3268 682 3549 749; x_wconf 80' lang='lat' dir='ltr'><strong>accepit:</strong></span> 
     </span>
    </p>
   </div>
   <div class='ocr_carea' id='block_1_68' title="bbox 1978 760 3549 839">
    <p class='ocr_par' dir='ltr' id='par_1_68' title="bbox 1978 760 3549 839">
     <span class='ocr_line' id='line_1_68' title="bbox 1978 760 3549 839; baseline 0.01 -26"><span class='ocrx_word' id='word_1_466' title='bbox 1978 780 1995 813; x_wconf 74' lang='grc' dir='ltr'><strong>ι</strong></span> <span class='ocrx_word' id='word_1_467' title='bbox 2033 760 2152 817; x_wconf 81' lang='lat' dir='ltr'><strong>Non</strong></span> <span class='ocrx_word' id='word_1_468' title='bbox 2187 765 2331 819; x_wconf 89' lang='lat' dir='ltr'><strong>enim</strong></span> <span class='ocrx_word' id='word_1_469' title='bbox 2372 768 2663 832; x_wconf 84' lang='lat' dir='ltr'><strong>erubesco,</strong></span> <span class='ocrx_word' id='word_1_470' title='bbox 2697 767 2896 837; x_wconf 89' lang='lat' dir='ltr'><strong>inquit,</strong></span> <span class='ocrx_word' id='word_1_471' title='bbox 2930 766 3289 837; x_wconf 79' lang='lat' dir='ltr'><strong>Evangelium</strong></span> <span class='ocrx_word' id='word_1_472' title='bbox 3321 769 3549 839; x_wconf 84' lang='lat' dir='ltr'><strong>Christi;</strong></span> 
     </span>
    </p>
   </div>
   <div class='ocr_carea' id='block_1_69' title="bbox 1968 853 3557 929">
    <p class='ocr_par' dir='ltr' id='par_1_69' title="bbox 1968 853 3557 929">
     <span class='ocr_line' id='line_1_69' title="bbox 1968 853 3557 929; baseline 0.009 -23"><span class='ocrx_word' id='word_1_473' title='bbox 1968 853 2183 922; x_wconf 79' lang='lat' dir='ltr'><strong>juStitia</strong></span> <span class='ocrx_word' id='word_1_474' title='bbox 2205 856 2349 910; x_wconf 90' lang='lat' dir='ltr'><strong>enim</strong></span> <span class='ocrx_word' id='word_1_475' title='bbox 2379 855 2471 913; x_wconf 82' lang='lat' dir='ltr'><strong>Dei</strong></span> <span class='ocrx_word' id='word_1_476' title='bbox 2509 858 2563 913; x_wconf 91' lang='lat' dir='ltr'><strong>in</strong></span> <span class='ocrx_word' id='word_1_477' title='bbox 2590 858 2710 929; x_wconf 89' lang='lat' dir='ltr'><strong>ipso</strong></span> <span class='ocrx_word' id='word_1_478' title='bbox 2744 859 3017 914; x_wconf 78' lang='lat' dir='ltr'><strong>revelatur</strong></span> <span class='ocrx_word' id='word_1_479' title='bbox 3045 859 3098 913; x_wconf 89' lang='lat' dir='ltr'><strong>in</strong></span> <span class='ocrx_word' id='word_1_480' title='bbox 3133 874 3328 918; x_wconf 88' lang='lat' dir='ltr'><strong>omnes</strong></span> <span class='ocrx_word' id='word_1_481' title='bbox 3365 872 3419 918; x_wconf 91' lang='lat' dir='ltr'><strong>et</strong></span> <span class='ocrx_word' id='word_1_482' title='bbox 3461 879 3557 919; x_wconf 86' lang='lat' dir='ltr'><strong>su-</strong></span> 
     </span>
    </p>
   </div>
   <div class='ocr_carea' id='block_1_70' title="bbox 1973 948 3556 1021">
    <p class='ocr_par' dir='ltr' id='par_1_70' title="bbox 1973 948 3556 1021">
     <span class='ocr_line' id='line_1_70' title="bbox 1973 948 3556 1021; baseline 0.007 -21"><span class='ocrx_word' id='word_1_483' title='bbox 1973 960 2070 1014; x_wconf 89' lang='lat' dir='ltr'><strong>per</strong></span> <span class='ocrx_word' id='word_1_484' title='bbox 2117 960 2307 1003; x_wconf 83' lang='lat' dir='ltr'><strong>omnes</strong></span> <span class='ocrx_word' id='word_1_485' title='bbox 2351 948 2664 1006; x_wconf 85' lang='lat' dir='ltr'><strong>credentes.</strong></span> <span class='ocrx_word' id='word_1_486' title='bbox 2702 968 2721 1003; x_wconf 77' lang='grc'><strong>»</strong></span> <span class='ocrx_word' id='word_1_487' title='bbox 2773 948 2950 1020; x_wconf 83' lang='lat' dir='ltr'><strong>Hujus</strong></span> <span class='ocrx_word' id='word_1_488' title='bbox 2987 952 3218 1021; x_wconf 71' lang='lat' dir='ltr'><strong>iustitiae</strong></span> <span class='ocrx_word' id='word_1_489' title='bbox 3270 955 3556 1011; x_wconf 84' lang='lat' dir='ltr'><strong>meditatio</strong></span> 
     </span>
    </p>
   </div>
   <div class='ocr_carea' id='block_1_71' title="bbox 1975 1038 3552 1104">
    <p class='ocr_par' dir='ltr' id='par_1_71' title="bbox 1975 1038 3552 1104">
     <span class='ocr_line' id='line_1_71' title="bbox 1975 1038 3552 1104; baseline 0.007 -15"><span class='ocrx_word' id='word_1_490' title='bbox 1975 1044 2156 1104; x_wconf 82' lang='lat' dir='ltr'><strong>potest</strong></span> <span class='ocrx_word' id='word_1_491' title='bbox 2190 1038 2242 1090; x_wconf 90' lang='lat' dir='ltr'><strong>in</strong></span> <span class='ocrx_word' id='word_1_492' title='bbox 2292 1038 2454 1095; x_wconf 89' lang='lat' dir='ltr'><strong>nobis</strong></span> <span class='ocrx_word' id='word_1_493' title='bbox 2489 1041 2987 1097; x_wconf 81' lang='lat' dir='ltr'><strong>sanctiﬁcationem</strong></span> <span class='ocrx_word' id='word_1_494' title='bbox 3024 1058 3377 1099; x_wconf 76' lang='lat' dir='ltr'><strong>conservare.</strong></span> <span class='ocrx_word' id='word_1_495' title='bbox 3414 1044 3552 1100; x_wconf 84' lang='lat' dir='ltr'><strong>Nam</strong></span> 
     </span>
    </p>
   </div>
   <div class='ocr_carea' id='block_1_72' title="bbox 1973 1128 3560 1203">
    <p class='ocr_par' dir='ltr' id='par_1_72' title="bbox 1973 1128 3560 1203">
     <span class='ocr_line' id='line_1_72' title="bbox 1973 1128 3560 1203; baseline 0.009 -23"><span class='ocrx_word' id='word_1_496' title='bbox 1973 1136 2027 1181; x_wconf 93' lang='lat' dir='ltr'><strong>ct</strong></span> <span class='ocrx_word' id='word_1_497' title='bbox 2058 1128 2221 1183; x_wconf 83' lang='lat' dir='ltr'><strong>ﬁdem</strong></span> <span class='ocrx_word' id='word_1_498' title='bbox 2254 1129 2312 1183; x_wconf 90' lang='lat' dir='ltr'><strong>in</strong></span> <span class='ocrx_word' id='word_1_499' title='bbox 2343 1129 2515 1185; x_wconf 90' lang='lat' dir='ltr'><strong>Deum</strong></span> <span class='ocrx_word' id='word_1_500' title='bbox 2549 1142 2706 1202; x_wconf 74' lang='lat' dir='ltr'><strong>auget</strong></span> <span class='ocrx_word' id='word_1_501' title='bbox 2742 1142 2797 1188; x_wconf 87' lang='lat' dir='ltr'><strong>et</strong></span> <span class='ocrx_word' id='word_1_502' title='bbox 2825 1135 3150 1189; x_wconf 86' lang='lat' dir='ltr'><strong>charitatem</strong></span> <span class='ocrx_word' id='word_1_503' title='bbox 3183 1138 3433 1192; x_wconf 79' lang='lat' dir='ltr'><strong>accendit</strong></span> <span class='ocrx_word' id='word_1_504' title='bbox 3454 1178 3470 1203; x_wconf 89' lang='lat'><strong>,</strong></span> <span class='ocrx_word' id='word_1_505' title='bbox 3504 1148 3560 1194; x_wconf 72' lang='lat' dir='ltr'><strong>et</strong></span> 
     </span>
    </p>
   </div>
   <div class='ocr_carea' id='block_1_73' title="bbox 1975 1221 3560 1301">
    <p class='ocr_par' dir='ltr' id='par_1_73' title="bbox 1975 1221 3560 1301">
     <span class='ocr_line' id='line_1_73' title="bbox 1975 1221 3560 1301; baseline 0.006 -28"><span class='ocrx_word' id='word_1_506' title='bbox 1975 1221 2114 1274; x_wconf 87' lang='lat' dir='ltr'><strong>nihil</strong></span> <span class='ocrx_word' id='word_1_507' title='bbox 2151 1222 2282 1276; x_wconf 88' lang='lat' dir='ltr'><strong>mali</strong></span> <span class='ocrx_word' id='word_1_508' title='bbox 2310 1223 2552 1279; x_wconf 87' lang='lat' dir='ltr'><strong>animam</strong></span> <span class='ocrx_word' id='word_1_509' title='bbox 2584 1226 2773 1282; x_wconf 88' lang='lat' dir='ltr'><strong>subire</strong></span> <span class='ocrx_word' id='word_1_510' title='bbox 2812 1228 3097 1296; x_wconf 87' lang='lat' dir='ltr'><strong>permittit.</strong></span> <span class='ocrx_word' id='word_1_511' title='bbox 3129 1229 3246 1284; x_wconf 89' lang='lat' dir='ltr'><strong>Non</strong></span> <span class='ocrx_word' id='word_1_512' title='bbox 3276 1246 3407 1301; x_wconf 78' lang='lat' dir='ltr'><strong>ergo</strong></span> <span class='ocrx_word' id='word_1_513' title='bbox 3446 1230 3560 1285; x_wconf 83' lang='lat' dir='ltr'><strong>fru-</strong></span> 
     </span>
    </p>
   </div>
   <div class='ocr_carea' id='block_1_74' title="bbox 1973 1314 3558 1393">
    <p class='ocr_par' dir='ltr' id='par_1_74' title="bbox 1973 1314 3558 1393">
     <span class='ocr_line' id='line_1_74' title="bbox 1973 1314 3558 1393; baseline 0.008 -28"><span class='ocrx_word' id='word_1_514' title='bbox 1973 1321 2086 1365; x_wconf 91' lang='lat' dir='ltr'><strong>stra</strong></span> <span class='ocrx_word' id='word_1_515' title='bbox 2135 1322 2264 1368; x_wconf 85' lang='lat' dir='ltr'><strong>ante</strong></span> <span class='ocrx_word' id='word_1_516' title='bbox 2315 1314 2581 1381; x_wconf 80' lang='lat' dir='ltr'><strong>diximus,</strong></span> <span class='ocrx_word' id='word_1_517' title='bbox 2615 1317 2759 1387; x_wconf 84' lang='lat' dir='ltr'><strong>quod</strong></span> <span class='ocrx_word' id='word_1_518' title='bbox 2789 1319 2910 1374; x_wconf 89' lang='lat' dir='ltr'><strong>sine</strong></span> <span class='ocrx_word' id='word_1_519' title='bbox 2954 1321 3386 1390; x_wconf 79' lang='lat' dir='ltr'><strong>cogitationibus</strong></span> <span class='ocrx_word' id='word_1_520' title='bbox 3432 1324 3558 1393; x_wconf 79' lang='lat' dir='ltr'><strong>quae</strong></span> 
     </span>
    </p>
   </div>
   <div class='ocr_carea' id='block_1_75' title="bbox 1973 1406 3556 1481">
    <p class='ocr_par' dir='ltr' id='par_1_75' title="bbox 1973 1406 3556 1481">
     <span class='ocr_line' id='line_1_75' title="bbox 1973 1406 3556 1481; baseline 0.008 -24"><span class='ocrx_word' id='word_1_521' title='bbox 1973 1406 2311 1460; x_wconf 84' lang='lat' dir='ltr'><strong>conveniunt</strong></span> <span class='ocrx_word' id='word_1_522' title='bbox 2344 1408 2643 1475; x_wconf 78' lang='lat' dir='ltr'><strong>mysteriis,</strong></span> <span class='ocrx_word' id='word_1_523' title='bbox 2681 1408 2800 1464; x_wconf 81' lang='lat' dir='ltr'><strong>ﬁeri</strong></span> <span class='ocrx_word' id='word_1_524' title='bbox 2832 1426 2940 1465; x_wconf 91' lang='lat' dir='ltr'><strong>non</strong></span> <span class='ocrx_word' id='word_1_525' title='bbox 2981 1421 3161 1481; x_wconf 87' lang='lat' dir='ltr'><strong>potest</strong></span> <span class='ocrx_word' id='word_1_526' title='bbox 3203 1421 3261 1468; x_wconf 90' lang='lat' dir='ltr'><strong>ut</strong></span> <span class='ocrx_word' id='word_1_527' title='bbox 3305 1414 3359 1469; x_wconf 91' lang='lat' dir='ltr'><strong>in</strong></span> <span class='ocrx_word' id='word_1_528' title='bbox 3397 1415 3556 1471; x_wconf 90' lang='lat' dir='ltr'><strong>nobis</strong></span> 
     </span>
    </p>
   </div>
   <div class='ocr_carea' id='block_1_76' title="bbox 1974 1502 3036 1567">
    <p class='ocr_par' dir='ltr' id='par_1_76' title="bbox 1974 1502 3036 1567">
     <span class='ocr_line' id='line_1_76' title="bbox 1974 1502 3036 1567; baseline 0.008 -19"><span class='ocrx_word' id='word_1_529' title='bbox 1974 1503 2186 1550; x_wconf 89' lang='lat' dir='ltr'><strong>constet</strong></span> <span class='ocrx_word' id='word_1_530' title='bbox 2215 1505 2270 1551; x_wconf 91' lang='lat' dir='ltr'><strong>et</strong></span> <span class='ocrx_word' id='word_1_531' title='bbox 2295 1509 2616 1567; x_wconf 71' lang='lat' dir='ltr'><strong>permaneat</strong></span> <span class='ocrx_word' id='word_1_532' title='bbox 2648 1502 3036 1558; x_wconf 77' lang='lat' dir='ltr'><strong>sanctiﬁcatio.</strong></span> 
     </span>
    </p>
   </div>
   <div class='ocr_carea' id='block_1_77' title="bbox 2582 1700 2933 1758">
    <p class='ocr_par' dir='ltr' id='par_1_77' title="bbox 2582 1700 2933 1758">
     <span class='ocr_line' id='line_1_77' title="bbox 2582 1700 2933 1758; baseline 0.014 -5"><span class='ocrx_word' id='word_1_533' title='bbox 2582 1700 2736 1755; x_wconf 78' lang='lat' dir='ltr'><strong>CAP.</strong></span> <span class='ocrx_word' id='word_1_534' title='bbox 2776 1701 2933 1758; x_wconf 79' lang='lat' dir='ltr'><strong>XLII.</strong></span> 
     </span>
    </p>
   </div>
   <div class='ocr_carea' id='block_1_78' title="bbox 1972 1787 3559 1865">
    <p class='ocr_par' dir='ltr' id='par_1_78' title="bbox 1972 1787 3559 1865">
     <span class='ocr_line' id='line_1_78' title="bbox 1972 1787 3559 1865; baseline 0.009 -23"><span class='ocrx_word' id='word_1_535' title='bbox 1972 1787 2048 1843; x_wconf 87' lang='lat' dir='ltr'><strong>De</strong></span> <span class='ocrx_word' id='word_1_536' title='bbox 2076 1790 2144 1846; x_wconf 76' lang='lat' dir='ltr'><strong>iis</strong></span> <span class='ocrx_word' id='word_1_537' title='bbox 2178 1793 2269 1860; x_wconf 81' lang='lat' dir='ltr'><strong>qui</strong></span> <span class='ocrx_word' id='word_1_538' title='bbox 2314 1793 2665 1865; x_wconf 80' lang='lat' dir='ltr'><strong>dormierunt,</strong></span> <span class='ocrx_word' id='word_1_539' title='bbox 2718 1813 2786 1851; x_wconf 88' lang='lat' dir='ltr'><strong>an</strong></span> <span class='ocrx_word' id='word_1_540' title='bbox 2828 1798 3237 1865; x_wconf 78' lang='lat' dir='ltr'><strong>sanctiﬁcantur</strong></span> <span class='ocrx_word' id='word_1_541' title='bbox 3285 1818 3317 1855; x_wconf 91' lang='lat' dir='ltr'><strong>a</strong></span> <span class='ocrx_word' id='word_1_542' title='bbox 3364 1818 3559 1857; x_wconf 75' lang='lat' dir='ltr'><strong>meum:</strong></span> 
     </span>
    </p>
   </div>
   <div class='ocr_carea' id='block_1_79' title="bbox 2313 1864 3184 1938">
    <p class='ocr_par' dir='ltr' id='par_1_79' title="bbox 2313 1864 3184 1938">
     <span class='ocr_line' id='line_1_79' title="bbox 2313 1864 3184 1938; baseline 0.009 -22"><span class='ocrx_word' id='word_1_543' title='bbox 2313 1864 2488 1928; x_wconf 80' lang='lat' dir='ltr'><strong>donis,</strong></span> <span class='ocrx_word' id='word_1_544' title='bbox 2519 1867 2653 1919; x_wconf 79' lang='lat' dir='ltr'><strong>sicut</strong></span> <span class='ocrx_word' id='word_1_545' title='bbox 2700 1876 2748 1921; x_wconf 84' lang='lat' dir='ltr'><strong>et</strong></span> <span class='ocrx_word' id='word_1_546' title='bbox 2791 1868 2830 1922; x_wconf 89' lang='lat' dir='ltr'><strong>ii</strong></span> <span class='ocrx_word' id='word_1_547' title='bbox 2865 1870 2953 1938; x_wconf 87' lang='lat' dir='ltr'><strong>qui</strong></span> <span class='ocrx_word' id='word_1_548' title='bbox 2984 1864 3184 1925; x_wconf 82' lang='lat' dir='ltr'><strong>vivunt.</strong></span> 
     </span>
    </p>
   </div>
   <div class='ocr_carea' id='block_1_80' title="bbox 2047 1950 3558 2028">
    <p class='ocr_par' dir='ltr' id='par_1_80' title="bbox 2047 1950 3558 2028">
     <span class='ocr_line' id='line_1_80' title="bbox 2047 1950 3558 2028; baseline 0.01 -24"><span class='ocrx_word' id='word_1_549' title='bbox 2047 1950 2161 2006; x_wconf 85' lang='lat' dir='ltr'><strong>[loc</strong></span> <span class='ocrx_word' id='word_1_550' title='bbox 2206 1967 2428 2025; x_wconf 87' lang='lat' dir='ltr'><strong>quoque</strong></span> <span class='ocrx_word' id='word_1_551' title='bbox 2464 1966 2663 2025; x_wconf 56' lang='lat' dir='ltr'><strong>praeter</strong></span> <span class='ocrx_word' id='word_1_552' title='bbox 2700 1972 2764 2013; x_wconf 89' lang='lat' dir='ltr'><strong>ea</strong></span> <span class='ocrx_word' id='word_1_553' title='bbox 2796 1974 2918 2028; x_wconf 63' lang='lat' dir='ltr'><strong>quae</strong></span> <span class='ocrx_word' id='word_1_554' title='bbox 2960 1959 3103 2015; x_wconf 78' lang='lat' dir='ltr'><strong>dicta</strong></span> <span class='ocrx_word' id='word_1_555' title='bbox 3141 1971 3294 2028; x_wconf 91' lang='lat' dir='ltr'><strong>sunt,</strong></span> <span class='ocrx_word' id='word_1_556' title='bbox 3332 1979 3558 2021; x_wconf 91' lang='lat' dir='ltr'><strong>necesse</strong></span> 
     </span>
    </p>
   </div>
   <div class='ocr_carea' id='block_1_81' title="bbox 1970 2045 3559 2112">
    <p class='ocr_par' dir='ltr' id='par_1_81' title="bbox 1970 2045 3559 2112">
     <span class='ocr_line' id='line_1_81' title="bbox 1970 2045 3559 2112; baseline 0.009 -14"><span class='ocrx_word' id='word_1_557' title='bbox 1970 2050 2058 2098; x_wconf 90' lang='lat' dir='ltr'><strong>est</strong></span> <span class='ocrx_word' id='word_1_558' title='bbox 2109 2045 2445 2101; x_wconf 85' lang='lat' dir='ltr'><strong>examinare.</strong></span> <span class='ocrx_word' id='word_1_559' title='bbox 2498 2045 2724 2103; x_wconf 89' lang='lat' dir='ltr'><strong>Duobus</strong></span> <span class='ocrx_word' id='word_1_560' title='bbox 2779 2050 2924 2105; x_wconf 88' lang='lat' dir='ltr'><strong>enim</strong></span> <span class='ocrx_word' id='word_1_561' title='bbox 2984 2053 3164 2109; x_wconf 89' lang='lat' dir='ltr'><strong>modis</strong></span> <span class='ocrx_word' id='word_1_562' title='bbox 3209 2056 3559 2112; x_wconf 83' lang='lat' dir='ltr'><strong>sanctiﬁcare</strong></span> 
     </span>
    </p>
   </div>
   <div class='ocr_carea' id='block_1_82' title="bbox 1970 2137 3560 2217">
    <p class='ocr_par' dir='ltr' id='par_1_82' title="bbox 1970 2137 3560 2217">
     <span class='ocr_line' id='line_1_82' title="bbox 1970 2137 3560 2217; baseline 0.008 -27"><span class='ocrx_word' id='word_1_563' title='bbox 1970 2137 2215 2191; x_wconf 89' lang='lat' dir='ltr'><strong>cernitur</strong></span> <span class='ocrx_word' id='word_1_564' title='bbox 2240 2137 2486 2194; x_wconf 79' lang='lat' dir='ltr'><strong>divinum</strong></span> <span class='ocrx_word' id='word_1_565' title='bbox 2524 2141 2629 2196; x_wconf 92' lang='lat' dir='ltr'><strong>hoc</strong></span> <span class='ocrx_word' id='word_1_566' title='bbox 2674 2150 2732 2197; x_wconf 81' lang='lat' dir='ltr'><strong>et</strong></span> <span class='ocrx_word' id='word_1_567' title='bbox 2769 2158 2988 2199; x_wconf 84' lang='lat' dir='ltr'><strong>sacrum</strong></span> <span class='ocrx_word' id='word_1_568' title='bbox 3044 2146 3389 2217; x_wconf 84' lang='lat' dir='ltr'><strong>mysterium.</strong></span> <span class='ocrx_word' id='word_1_569' title='bbox 3436 2145 3560 2203; x_wconf 88' lang='lat' dir='ltr'><strong>Uno</strong></span> 
     </span>
    </p>
   </div>
   <div class='ocr_carea' id='block_1_83' title="bbox 1970 2228 3559 2302">
    <p class='ocr_par' dir='ltr' id='par_1_83' title="bbox 1970 2228 3559 2302">
     <span class='ocr_line' id='line_1_83' title="bbox 1970 2228 3559 2302; baseline 0.008 -21"><span class='ocrx_word' id='word_1_570' title='bbox 1970 2228 2192 2297; x_wconf 87' lang='lat' dir='ltr'><strong>quidem</strong></span> <span class='ocrx_word' id='word_1_571' title='bbox 2220 2231 2406 2296; x_wconf 88' lang='lat' dir='ltr'><strong>modo,</strong></span> <span class='ocrx_word' id='word_1_572' title='bbox 2438 2232 2857 2302; x_wconf 85' lang='lat' dir='ltr'><strong>intercessione;</strong></span> <span class='ocrx_word' id='word_1_573' title='bbox 2890 2235 3076 2292; x_wconf 89' lang='lat' dir='ltr'><strong>oblata</strong></span> <span class='ocrx_word' id='word_1_574' title='bbox 3104 2238 3251 2293; x_wconf 86' lang='lat' dir='ltr'><strong>enim</strong></span> <span class='ocrx_word' id='word_1_575' title='bbox 3293 2241 3434 2294; x_wconf 84' lang='lat' dir='ltr'><strong>dona</strong></span> <span class='ocrx_word' id='word_1_576' title='bbox 3492 2256 3559 2294; x_wconf 87' lang='lat' dir='ltr'><strong>eo</strong></span> 
     </span>
    </p>
   </div>
   <div class='ocr_carea' id='block_1_84' title="bbox 1971 2321 3555 2399">
    <p class='ocr_par' dir='ltr' id='par_1_84' title="bbox 1971 2321 3555 2399">
     <span class='ocr_line' id='line_1_84' title="bbox 1971 2321 3555 2399; baseline 0.008 -24"><span class='ocrx_word' id='word_1_577' title='bbox 1971 2321 2093 2391; x_wconf 84' lang='lat' dir='ltr'><strong>ipso</strong></span> <span class='ocrx_word' id='word_1_578' title='bbox 2120 2322 2267 2391; x_wconf 90' lang='lat' dir='ltr'><strong>quod</strong></span> <span class='ocrx_word' id='word_1_579' title='bbox 2292 2323 2623 2392; x_wconf 75' lang='lat' dir='ltr'><strong>oﬂ‘eruntur,</strong></span> <span class='ocrx_word' id='word_1_580' title='bbox 2648 2342 2744 2383; x_wconf 88' lang='lat' dir='ltr'><strong>eos</strong></span> <span class='ocrx_word' id='word_1_581' title='bbox 2767 2328 2858 2399; x_wconf 88' lang='lat' dir='ltr'><strong>qui</strong></span> <span class='ocrx_word' id='word_1_582' title='bbox 2889 2328 3129 2385; x_wconf 81' lang='lat' dir='ltr'><strong>oﬂcrunt</strong></span> <span class='ocrx_word' id='word_1_583' title='bbox 3189 2332 3555 2395; x_wconf 88' lang='lat' dir='ltr'><strong>sanctilicant.</strong></span> 
     </span>
    </p>
   </div>
   <div class='ocr_carea' id='block_1_85' title="bbox 1971 2417 3555 2496">
    <p class='ocr_par' dir='ltr' id='par_1_85' title="bbox 1971 2417 3555 2496">
     <span class='ocr_line' id='line_1_85' title="bbox 1971 2417 3555 2496; baseline 0.007 -29"><span class='ocrx_word' id='word_1_584' title='bbox 1971 2423 2024 2467; x_wconf 90' lang='lat' dir='ltr'><strong>et</strong></span> <span class='ocrx_word' id='word_1_585' title='bbox 2048 2429 2147 2469; x_wconf 89' lang='lat' dir='ltr'><strong>eos</strong></span> <span class='ocrx_word' id='word_1_586' title='bbox 2180 2430 2280 2485; x_wconf 92' lang='lat' dir='ltr'><strong>pro</strong></span> <span class='ocrx_word' id='word_1_587' title='bbox 2312 2417 2521 2486; x_wconf 89' lang='lat' dir='ltr'><strong>quibus</strong></span> <span class='ocrx_word' id='word_1_588' title='bbox 2550 2418 2812 2496; x_wconf 73' lang='lat' dir='ltr'><strong>offerunt,</strong></span> <span class='ocrx_word' id='word_1_589' title='bbox 2843 2430 2897 2477; x_wconf 89' lang='lat' dir='ltr'><strong>ct</strong></span> <span class='ocrx_word' id='word_1_590' title='bbox 2925 2420 3096 2477; x_wconf 89' lang='lat' dir='ltr'><strong>Deum</strong></span> <span class='ocrx_word' id='word_1_591' title='bbox 3136 2422 3219 2479; x_wconf 86' lang='lat' dir='ltr'><strong>eis</strong></span> <span class='ocrx_word' id='word_1_592' title='bbox 3253 2424 3555 2494; x_wconf 88' lang='lat' dir='ltr'><strong>propitium</strong></span> 
     </span>
    </p>
   </div>
   <div class='ocr_carea' id='block_1_86' title="bbox 1971 2505 3559 2586">
    <p class='ocr_par' dir='ltr' id='par_1_86' title="bbox 1971 2505 3559 2586">
     <span class='ocr_line' id='line_1_86' title="bbox 1971 2505 3559 2586; baseline 0.005 -25"><span class='ocrx_word' id='word_1_593' title='bbox 1971 2505 2234 2562; x_wconf 74' lang='lat' dir='ltr'><strong>cilicium.</strong></span> <span class='ocrx_word' id='word_1_594' title='bbox 2267 2507 2393 2565; x_wconf 79' lang='lat' dir='ltr'><strong>Alio</strong></span> <span class='ocrx_word' id='word_1_595' title='bbox 2425 2518 2608 2565; x_wconf 86' lang='lat' dir='ltr'><strong>autem</strong></span> <span class='ocrx_word' id='word_1_596' title='bbox 2639 2512 2825 2578; x_wconf 89' lang='lat' dir='ltr'><strong>modo,</strong></span> <span class='ocrx_word' id='word_1_597' title='bbox 2863 2513 3306 2584; x_wconf 88' lang='lat' dir='ltr'><strong>participatione,</strong></span> <span class='ocrx_word' id='word_1_598' title='bbox 3340 2517 3468 2586; x_wconf 89' lang='lat' dir='ltr'><strong>quia</strong></span> <span class='ocrx_word' id='word_1_599' title='bbox 3499 2518 3559 2569; x_wconf 83' lang='lat' dir='ltr'><strong>lit</strong></span> 
     </span>
    </p>
   </div>
   <div class='ocr_carea' id='block_1_87' title="bbox 1972 2598 3559 2673">
    <p class='ocr_par' dir='ltr' id='par_1_87' title="bbox 1972 2598 3559 2673">
     <span class='ocr_line' id='line_1_87' title="bbox 1972 2598 3559 2673; baseline 0.004 -20"><span class='ocrx_word' id='word_1_600' title='bbox 1972 2598 2138 2656; x_wconf 87' lang='lat' dir='ltr'><strong>nobis</strong></span> <span class='ocrx_word' id='word_1_601' title='bbox 2165 2616 2333 2656; x_wconf 85' lang='lat' dir='ltr'><strong>verus</strong></span> <span class='ocrx_word' id='word_1_602' title='bbox 2362 2601 2523 2659; x_wconf 80' lang='lat' dir='ltr'><strong>cibus</strong></span> <span class='ocrx_word' id='word_1_603' title='bbox 2554 2610 2610 2658; x_wconf 91' lang='lat' dir='ltr'><strong>et</strong></span> <span class='ocrx_word' id='word_1_604' title='bbox 2648 2613 2833 2673; x_wconf 90' lang='lat' dir='ltr'><strong>potus,</strong></span> <span class='ocrx_word' id='word_1_605' title='bbox 2866 2614 2922 2660; x_wconf 92' lang='lat' dir='ltr'><strong>ut</strong></span> <span class='ocrx_word' id='word_1_606' title='bbox 2955 2605 3090 2660; x_wconf 82' lang='lat' dir='ltr'><strong>dicit</strong></span> <span class='ocrx_word' id='word_1_607' title='bbox 3118 2607 3406 2663; x_wconf 88' lang='lat' dir='ltr'><strong>Dominus.</strong></span> <span class='ocrx_word' id='word_1_608' title='bbox 3443 2606 3559 2660; x_wconf 77' lang='grc' dir='ltr'>ιιο..</span> 
     </span>
    </p>
   </div>
   <div class='ocr_carea' id='block_1_88' title="bbox 1974 2694 3559 2766">
    <p class='ocr_par' dir='ltr' id='par_1_88' title="bbox 1974 2694 3559 2766">
     <span class='ocr_line' id='line_1_88' title="bbox 1974 2694 3559 2766; baseline 0.006 -22"><span class='ocrx_word' id='word_1_609' title='bbox 1974 2708 2095 2745; x_wconf 87' lang='lat' dir='ltr'><strong>rttm</strong></span> <span class='ocrx_word' id='word_1_610' title='bbox 2156 2694 2442 2749; x_wconf 89' lang='lat' dir='ltr'><strong>modorum</strong></span> <span class='ocrx_word' id='word_1_611' title='bbox 2493 2695 2707 2765; x_wconf 90' lang='lat' dir='ltr'><strong>primus</strong></span> <span class='ocrx_word' id='word_1_612' title='bbox 2748 2696 2969 2766; x_wconf 88' lang='lat' dir='ltr'><strong>quidem</strong></span> <span class='ocrx_word' id='word_1_613' title='bbox 3011 2708 3095 2754; x_wconf 89' lang='lat' dir='ltr'><strong>est</strong></span> <span class='ocrx_word' id='word_1_614' title='bbox 3131 2700 3443 2755; x_wconf 82' lang='lat' dir='ltr'><strong>communis</strong></span> <span class='ocrx_word' id='word_1_615' title='bbox 3476 2700 3559 2753; x_wconf 68' lang='grc' dir='ltr'><strong>τί·</strong></span> 
     </span>
    </p>
   </div>
   <div class='ocr_carea' id='block_1_89' title="bbox 1972 2771 3558 2860">
    <p class='ocr_par' dir='ltr' id='par_1_89' title="bbox 1972 2771 3558 2860">
     <span class='ocr_line' id='line_1_89' title="bbox 1972 2771 3558 2860; baseline 0.003 -20"><span class='ocrx_word' id='word_1_616' title='bbox 1972 2771 2139 2841; x_wconf 70' lang='grc' dir='ltr'>νὶεόι</span> <span class='ocrx_word' id='word_1_617' title='bbox 2162 2787 2431 2855; x_wconf 79' lang='lat' dir='ltr'><strong>mortuis;</strong></span> <span class='ocrx_word' id='word_1_618' title='bbox 2465 2789 2668 2843; x_wconf 90' lang='lat' dir='ltr'><strong>etenim</strong></span> <span class='ocrx_word' id='word_1_619' title='bbox 2702 2805 2801 2860; x_wconf 86' lang='lat' dir='ltr'><strong>pro</strong></span> <span class='ocrx_word' id='word_1_620' title='bbox 2833 2792 3084 2860; x_wconf 89' lang='lat' dir='ltr'><strong>utrisque</strong></span> <span class='ocrx_word' id='word_1_621' title='bbox 3118 2790 3348 2847; x_wconf 71' lang='lat' dir='ltr'><strong>oifertur</strong></span> <span class='ocrx_word' id='word_1_622' title='bbox 3381 2792 3524 2847; x_wconf 84' lang='lat' dir='ltr'><strong>saeri</strong></span> <span class='ocrx_word' id='word_1_623' title='bbox 3545 2822 3558 2834; x_wconf 70' lang='grc' dir='ltr'><em>ς</em></span> 
     </span>
    </p>
   </div>
   <div class='ocr_carea' id='block_1_90' title="bbox 1974 2877 3560 2939">
    <p class='ocr_par' dir='ltr' id='par_1_90' title="bbox 1974 2877 3560 2939">
     <span class='ocr_line' id='line_1_90' title="bbox 1974 2877 3560 2939; baseline 0.005 -8"><span class='ocrx_word' id='word_1_624' title='bbox 1974 2877 2179 2932; x_wconf 86' lang='lat' dir='ltr'><strong>ﬁcium.</strong></span> <span class='ocrx_word' id='word_1_625' title='bbox 2230 2879 2522 2935; x_wconf 87' lang='lat' dir='ltr'><strong>Secundus</strong></span> <span class='ocrx_word' id='word_1_626' title='bbox 2575 2890 2758 2936; x_wconf 88' lang='lat' dir='ltr'><strong>autent</strong></span> <span class='ocrx_word' id='word_1_627' title='bbox 2816 2883 3009 2938; x_wconf 73' lang='lat' dir='ltr'><strong>modus</strong></span> <span class='ocrx_word' id='word_1_628' title='bbox 3056 2884 3189 2939; x_wconf 90' lang='lat' dir='ltr'><strong>solis</strong></span> <span class='ocrx_word' id='word_1_629' title='bbox 3246 2883 3560 2939; x_wconf 76' lang='lat' dir='ltr'><strong>virentibus</strong></span> 
     </span>
    </p>
   </div>
   <div class='ocr_carea' id='block_1_91' title="bbox 1974 2972 3561 3046">
    <p class='ocr_par' dir='ltr' id='par_1_91' title="bbox 1974 2972 3561 3046">
     <span class='ocr_line' id='line_1_91' title="bbox 1974 2972 3561 3046; baseline 0.003 -20"><span class='ocrx_word' id='word_1_630' title='bbox 1974 2972 2564 3041; x_wconf 82' lang='lat' dir='ltr'><strong>pertnittitur;mortui</strong></span> <span class='ocrx_word' id='word_1_631' title='bbox 2595 2975 2740 3028; x_wconf 91' lang='lat' dir='ltr'><strong>enim</strong></span> <span class='ocrx_word' id='word_1_632' title='bbox 2774 2990 2879 3029; x_wconf 91' lang='lat' dir='ltr'><strong>non</strong></span> <span class='ocrx_word' id='word_1_633' title='bbox 2910 2985 3141 3045; x_wconf 90' lang='lat' dir='ltr'><strong>possunt</strong></span> <span class='ocrx_word' id='word_1_634' title='bbox 3186 2977 3421 3046; x_wconf 86' lang='lat' dir='ltr'><strong>amplius</strong></span> <span class='ocrx_word' id='word_1_635' title='bbox 3465 2991 3561 3032; x_wconf 85' lang='lat' dir='ltr'><strong>co-</strong></span> 
     </span>
    </p>
   </div>
   <div class='ocr_carea' id='block_1_92' title="bbox 1977 3064 3561 3138">
    <p class='ocr_par' dir='ltr' id='par_1_92' title="bbox 1977 3064 3561 3138">
     <span class='ocr_line' id='line_1_92' title="bbox 1977 3064 3561 3138; baseline 0.005 -21"><span class='ocrx_word' id='word_1_636' title='bbox 1977 3064 2197 3120; x_wconf 86' lang='lat' dir='ltr'><strong>medere</strong></span> <span class='ocrx_word' id='word_1_637' title='bbox 2228 3081 2326 3121; x_wconf 87' lang='lat' dir='ltr'><strong>nec</strong></span> <span class='ocrx_word' id='word_1_638' title='bbox 2354 3066 2562 3122; x_wconf 87' lang='lat' dir='ltr'><strong>bibere.</strong></span> <span class='ocrx_word' id='word_1_639' title='bbox 2588 3066 2729 3133; x_wconf 85' lang='lat' dir='ltr'><strong>Quid</strong></span> <span class='ocrx_word' id='word_1_640' title='bbox 2753 3066 2952 3137; x_wconf 82' lang='lat' dir='ltr'><strong>igitur?</strong></span> <span class='ocrx_word' id='word_1_641' title='bbox 2972 3069 3266 3138; x_wconf 86' lang='lat' dir='ltr'><strong>Propterea</strong></span> <span class='ocrx_word' id='word_1_642' title='bbox 3303 3084 3402 3125; x_wconf 86' lang='lat' dir='ltr'><strong>nec</strong></span> <span class='ocrx_word' id='word_1_643' title='bbox 3425 3085 3561 3126; x_wconf 82' lang='lat' dir='ltr'><strong>san-</strong></span> 
     </span>
    </p>
   </div>
   <div class='ocr_carea' id='block_1_93' title="bbox 1974 3157 3561 3232">
    <p class='ocr_par' dir='ltr' id='par_1_93' title="bbox 1974 3157 3561 3232">
     <span class='ocr_line' id='line_1_93' title="bbox 1974 3157 3561 3232; baseline 0.004 -22"><span class='ocrx_word' id='word_1_644' title='bbox 1974 3157 2283 3211; x_wconf 89' lang='lat' dir='ltr'><strong>ctilicantur</strong></span> <span class='ocrx_word' id='word_1_645' title='bbox 2315 3159 2418 3213; x_wconf 88' lang='lat' dir='ltr'><strong>hac</strong></span> <span class='ocrx_word' id='word_1_646' title='bbox 2448 3158 2882 3215; x_wconf 79' lang='lat' dir='ltr'><strong>sanctiﬁcatione</strong></span> <span class='ocrx_word' id='word_1_647' title='bbox 2906 3175 3030 3230; x_wconf 66' lang='lat' dir='ltr'><strong>qua:</strong></span> <span class='ocrx_word' id='word_1_648' title='bbox 3059 3161 3314 3231; x_wconf 80' lang='lat' dir='ltr'><strong>provenit</strong></span> <span class='ocrx_word' id='word_1_649' title='bbox 3335 3177 3402 3216; x_wconf 76' lang='lat' dir='ltr'><strong>ex</strong></span> <span class='ocrx_word' id='word_1_650' title='bbox 3436 3179 3561 3232; x_wconf 82' lang='lat' dir='ltr'><strong>par-</strong></span> 
     </span>
    </p>
   </div>
   <div class='ocr_carea' id='block_1_94' title="bbox 1978 3249 3559 3323">
    <p class='ocr_par' dir='ltr' id='par_1_94' title="bbox 1978 3249 3559 3323">
     <span class='ocr_line' id='line_1_94' title="bbox 1978 3249 3559 3323; baseline 0.005 -21"><span class='ocrx_word' id='word_1_651' title='bbox 1978 3249 2322 3320; x_wconf 87' lang='lat' dir='ltr'><strong>ticipatione,</strong></span> <span class='ocrx_word' id='word_1_652' title='bbox 2359 3258 2412 3305; x_wconf 84' lang='lat' dir='ltr'><strong>et</strong></span> <span class='ocrx_word' id='word_1_653' title='bbox 2444 3250 2704 3306; x_wconf 84' lang='lat' dir='ltr'><strong>deteriori</strong></span> <span class='ocrx_word' id='word_1_654' title='bbox 2741 3260 2871 3307; x_wconf 88' lang='lat' dir='ltr'><strong>sunt</strong></span> <span class='ocrx_word' id='word_1_655' title='bbox 2918 3254 3022 3309; x_wconf 87' lang='lat' dir='ltr'><strong>hac</strong></span> <span class='ocrx_word' id='word_1_656' title='bbox 3065 3254 3119 3307; x_wconf 91' lang='lat' dir='ltr'><strong>in</strong></span> <span class='ocrx_word' id='word_1_657' title='bbox 3167 3263 3322 3323; x_wconf 90' lang='lat' dir='ltr'><strong>parte</strong></span> <span class='ocrx_word' id='word_1_658' title='bbox 3369 3256 3559 3310; x_wconf 85' lang='lat' dir='ltr'><strong>condi-</strong></span> 
     </span>
    </p>
   </div>
   <div class='ocr_carea' id='block_1_95' title="bbox 1975 3345 3564 3416">
    <p class='ocr_par' dir='ltr' id='par_1_95' title="bbox 1975 3345 3564 3416">
     <span class='ocr_line' id='line_1_95' title="bbox 1975 3345 3564 3416; baseline 0.004 -18"><span class='ocrx_word' id='word_1_659' title='bbox 1975 3346 2126 3399; x_wconf 83' lang='lat' dir='ltr'><strong>tione</strong></span> <span class='ocrx_word' id='word_1_660' title='bbox 2181 3345 2382 3400; x_wconf 90' lang='lat' dir='ltr'><strong>mortui</strong></span> <span class='ocrx_word' id='word_1_661' title='bbox 2444 3360 2609 3416; x_wconf 88' lang='lat' dir='ltr'><strong>quam</strong></span> <span class='ocrx_word' id='word_1_662' title='bbox 2664 3345 2953 3403; x_wconf 81' lang='lat' dir='ltr'><strong>viventes?</strong></span> <span class='ocrx_word' id='word_1_663' title='bbox 3011 3348 3256 3403; x_wconf 84' lang='lat' dir='ltr'><strong>Minime.</strong></span> <span class='ocrx_word' id='word_1_664' title='bbox 3308 3347 3445 3404; x_wconf 87' lang='lat' dir='ltr'><strong>Nam</strong></span> <span class='ocrx_word' id='word_1_665' title='bbox 3507 3358 3564 3405; x_wconf 85' lang='lat' dir='ltr'><strong>et</strong></span> 
     </span>
    </p>
   </div>
   <div class='ocr_carea' id='block_1_96' title="bbox 1974 3438 3561 3511">
    <p class='ocr_par' dir='ltr' id='par_1_96' title="bbox 1974 3438 3561 3511">
     <span class='ocr_line' id='line_1_96' title="bbox 1974 3438 3561 3511; baseline 0.001 -18"><span class='ocrx_word' id='word_1_666' title='bbox 1974 3439 2236 3493; x_wconf 82' lang='lat' dir='ltr'><strong>Christus</strong></span> <span class='ocrx_word' id='word_1_667' title='bbox 2273 3438 2408 3509; x_wconf 89' lang='lat' dir='ltr'><strong>ipsis</strong></span> <span class='ocrx_word' id='word_1_668' title='bbox 2436 3439 2680 3509; x_wconf 89' lang='lat' dir='ltr'><strong>scipsum</strong></span> <span class='ocrx_word' id='word_1_669' title='bbox 2719 3441 3109 3506; x_wconf 89' lang='lat' dir='ltr'><strong>communicat,</strong></span> <span class='ocrx_word' id='word_1_670' title='bbox 3142 3456 3207 3496; x_wconf 90' lang='lat' dir='ltr'><strong>eo</strong></span> <span class='ocrx_word' id='word_1_671' title='bbox 3252 3443 3413 3497; x_wconf 87' lang='lat' dir='ltr'><strong>modo</strong></span> <span class='ocrx_word' id='word_1_672' title='bbox 3450 3458 3561 3511; x_wconf 87' lang='lat' dir='ltr'><strong>quo</strong></span> 
     </span>
    </p>
   </div>
   <div class='ocr_carea' id='block_1_97' title="bbox 1978 3530 3562 3609">
    <p class='ocr_par' dir='ltr' id='par_1_97' title="bbox 1978 3530 3562 3609">
     <span class='ocr_line' id='line_1_97' title="bbox 1978 3530 3562 3609; baseline 0.005 -25"><span class='ocrx_word' id='word_1_673' title='bbox 1978 3531 2091 3601; x_wconf 90' lang='lat' dir='ltr'><strong>ipse</strong></span> <span class='ocrx_word' id='word_1_674' title='bbox 2131 3531 2305 3584; x_wconf 79' lang='lat' dir='ltr'><strong>norit.</strong></span> <span class='ocrx_word' id='word_1_675' title='bbox 2338 3531 2407 3584; x_wconf 84' lang='lat' dir='ltr'><strong>Et</strong></span> <span class='ocrx_word' id='word_1_676' title='bbox 2460 3538 2520 3584; x_wconf 94' lang='lat' dir='ltr'><strong>ut</strong></span> <span class='ocrx_word' id='word_1_677' title='bbox 2565 3530 2620 3585; x_wconf 82' lang='lat' dir='ltr'><strong>id</strong></span> <span class='ocrx_word' id='word_1_678' title='bbox 2668 3530 2763 3585; x_wconf 86' lang='lat' dir='ltr'><strong>ﬁat</strong></span> <span class='ocrx_word' id='word_1_679' title='bbox 2818 3541 3106 3609; x_wconf 77' lang='lat' dir='ltr'><strong>apertum,</strong></span> <span class='ocrx_word' id='word_1_680' title='bbox 3145 3535 3562 3592; x_wconf 77' lang='lat' dir='ltr'><strong>consideremus</strong></span> 
     </span>
    </p>
   </div>
   <div class='ocr_carea' id='block_1_98' title="bbox 1976 3622 3564 3689">
    <p class='ocr_par' dir='ltr' id='par_1_98' title="bbox 1976 3622 3564 3689">
     <span class='ocr_line' id='line_1_98' title="bbox 1976 3622 3564 3689; baseline 0.003 -11"><span class='ocrx_word' id='word_1_681' title='bbox 1976 3638 2173 3679; x_wconf 84' lang='lat' dir='ltr'><strong>causas</strong></span> <span class='ocrx_word' id='word_1_682' title='bbox 2208 3622 2683 3689; x_wconf 74' lang='lat' dir='ltr'><strong>sanctificationis,</strong></span> <span class='ocrx_word' id='word_1_683' title='bbox 2719 3639 2787 3678; x_wconf 89' lang='lat' dir='ltr'><strong>an</strong></span> <span class='ocrx_word' id='word_1_684' title='bbox 2831 3639 2939 3680; x_wconf 91' lang='lat' dir='ltr'><strong>non</strong></span> <span class='ocrx_word' id='word_1_685' title='bbox 2969 3625 3139 3679; x_wconf 88' lang='lat' dir='ltr'><strong>etiam</strong></span> <span class='ocrx_word' id='word_1_686' title='bbox 3177 3627 3375 3681; x_wconf 77' lang='lat' dir='ltr'><strong>anima:</strong></span> <span class='ocrx_word' id='word_1_687' title='bbox 3417 3644 3564 3683; x_wconf 78' lang='lat' dir='ltr'><strong>mor-</strong></span> 
     </span>
    </p>
   </div>
   <div class='ocr_carea' id='block_1_99' title="bbox 1977 3714 3560 3787">
    <p class='ocr_par' dir='ltr' id='par_1_99' title="bbox 1977 3714 3560 3787">
     <span class='ocr_line' id='line_1_99' title="bbox 1977 3714 3560 3787; baseline 0.005 -16"><span class='ocrx_word' id='word_1_688' title='bbox 1977 3726 2197 3771; x_wconf 88' lang='lat' dir='ltr'><strong>tuorum</strong></span> <span class='ocrx_word' id='word_1_689' title='bbox 2265 3729 2325 3770; x_wconf 88' lang='lat' dir='ltr'><strong>sc</strong></span> <span class='ocrx_word' id='word_1_690' title='bbox 2375 3714 2578 3769; x_wconf 83' lang='lat' dir='ltr'><strong>habent</strong></span> <span class='ocrx_word' id='word_1_691' title='bbox 2618 3715 2763 3770; x_wconf 89' lang='lat' dir='ltr'><strong>sicut</strong></span> <span class='ocrx_word' id='word_1_692' title='bbox 2805 3724 2859 3771; x_wconf 90' lang='lat' dir='ltr'><strong>et</strong></span> <span class='ocrx_word' id='word_1_693' title='bbox 2922 3717 3245 3773; x_wconf 77' lang='lat' dir='ltr'><strong>viventium.</strong></span> <span class='ocrx_word' id='word_1_694' title='bbox 3300 3720 3560 3787; x_wconf 70' lang='lat' dir='ltr'><strong>Quantam</strong></span> 
     </span>
    </p>
   </div>
   <div class='ocr_carea' id='block_1_100' title="bbox 1977 3808 3558 3884">
    <p class='ocr_par' dir='ltr' id='par_1_100' title="bbox 1977 3808 3558 3884">
     <span class='ocr_line' id='line_1_100' title="bbox 1977 3808 3558 3884; baseline 0.006 -22"><span class='ocrx_word' id='word_1_695' title='bbox 1977 3819 2107 3863; x_wconf 88' lang='lat' dir='ltr'><strong>sunt</strong></span> <span class='ocrx_word' id='word_1_696' title='bbox 2128 3815 2307 3862; x_wconf 88' lang='lat' dir='ltr'><strong>autem</strong></span> <span class='ocrx_word' id='word_1_697' title='bbox 2335 3822 2513 3862; x_wconf 83' lang='lat' dir='ltr'><strong>causa:</strong></span> <span class='ocrx_word' id='word_1_698' title='bbox 2540 3808 2997 3865; x_wconf 80' lang='lat' dir='ltr'><strong>sanctiﬁcationis</strong></span> <span class='ocrx_word' id='word_1_699' title='bbox 3023 3811 3046 3863; x_wconf 89' lang='lat'><strong>?</strong></span> <span class='ocrx_word' id='word_1_700' title='bbox 3077 3814 3323 3881; x_wconf 81' lang='lat' dir='ltr'><strong>nunquid</strong></span> <span class='ocrx_word' id='word_1_701' title='bbox 3353 3830 3558 3884; x_wconf 85' lang='lat' dir='ltr'><strong>corpus</strong></span> 
     </span>
    </p>
   </div>
   <div class='ocr_carea' id='block_1_101' title="bbox 1978 3901 3555 3971">
    <p class='ocr_par' dir='ltr' id='par_1_101' title="bbox 1978 3901 3555 3971">
     <span class='ocr_line' id='line_1_101' title="bbox 1978 3901 3555 3971; baseline 0.008 -17"><span class='ocrx_word' id='word_1_702' title='bbox 1978 3902 2201 3966; x_wconf 88' lang='lat' dir='ltr'><strong>habere,</strong></span> <span class='ocrx_word' id='word_1_703' title='bbox 2229 3901 2456 3970; x_wconf 85' lang='lat' dir='ltr'><strong>pedibus</strong></span> <span class='ocrx_word' id='word_1_704' title='bbox 2483 3902 2549 3956; x_wconf 90' lang='lat' dir='ltr'><strong>ad</strong></span> <span class='ocrx_word' id='word_1_705' title='bbox 2588 3916 2833 3958; x_wconf 84' lang='lat' dir='ltr'><strong>mensam</strong></span> <span class='ocrx_word' id='word_1_706' title='bbox 2864 3918 3109 3971; x_wconf 89' lang='lat' dir='ltr'><strong>currere,</strong></span> <span class='ocrx_word' id='word_1_707' title='bbox 3146 3909 3398 3964; x_wconf 88' lang='lat' dir='ltr'><strong>manibus</strong></span> <span class='ocrx_word' id='word_1_708' title='bbox 3426 3927 3555 3966; x_wconf 87' lang='lat' dir='ltr'><strong>san-</strong></span> 
     </span>
    </p>
   </div>
   <div class='ocr_carea' id='block_1_102' title="bbox 1976 3993 3561 4061">
    <p class='ocr_par' dir='ltr' id='par_1_102' title="bbox 1976 3993 3561 4061">
     <span class='ocr_line' id='line_1_102' title="bbox 1976 3993 3561 4061; baseline 0.008 -16"><span class='ocrx_word' id='word_1_709' title='bbox 1976 4002 2063 4046; x_wconf 84' lang='lat' dir='ltr'><strong>eta</strong></span> <span class='ocrx_word' id='word_1_710' title='bbox 2106 3993 2374 4061; x_wconf 87' lang='lat' dir='ltr'><strong>accipere,</strong></span> <span class='ocrx_word' id='word_1_711' title='bbox 2415 4007 2510 4047; x_wconf 91' lang='lat' dir='ltr'><strong>ore</strong></span> <span class='ocrx_word' id='word_1_712' title='bbox 2536 4007 2777 4056; x_wconf 87' lang='lat' dir='ltr'><strong>sumere,</strong></span> <span class='ocrx_word' id='word_1_713' title='bbox 2833 3995 3143 4061; x_wconf 87' lang='lat' dir='ltr'><strong>comedere,</strong></span> <span class='ocrx_word' id='word_1_714' title='bbox 3177 3999 3406 4055; x_wconf 84' lang='lat' dir='ltr'><strong>bibere?</strong></span> <span class='ocrx_word' id='word_1_715' title='bbox 3450 4004 3561 4058; x_wconf 63' lang='lat' dir='ltr'><strong>Nec</strong></span> 
     </span>
    </p>
   </div>
   <div class='ocr_carea' id='block_1_103' title="bbox 1978 4085 3559 4157">
    <p class='ocr_par' dir='ltr' id='par_1_103' title="bbox 1978 4085 3559 4157">
     <span class='ocr_line' id='line_1_103' title="bbox 1978 4085 3559 4157; baseline 0.009 -20"><span class='ocrx_word' id='word_1_716' title='bbox 1978 4099 2276 4156; x_wconf 88' lang='lat' dir='ltr'><strong>quaquam.</strong></span> <span class='ocrx_word' id='word_1_717' title='bbox 2311 4085 2389 4139; x_wconf 84' lang='lat' dir='ltr'><strong>Ad</strong></span> <span class='ocrx_word' id='word_1_718' title='bbox 2424 4085 2633 4141; x_wconf 88' lang='lat' dir='ltr'><strong>multos</strong></span> <span class='ocrx_word' id='word_1_719' title='bbox 2662 4086 2808 4140; x_wconf 90' lang='lat' dir='ltr'><strong>enim</strong></span> <span class='ocrx_word' id='word_1_720' title='bbox 2834 4087 2929 4157; x_wconf 89' lang='lat' dir='ltr'><strong>qui</strong></span> <span class='ocrx_word' id='word_1_721' title='bbox 2957 4087 3074 4143; x_wconf 70' lang='lat' dir='ltr'><strong>haec</strong></span> <span class='ocrx_word' id='word_1_722' title='bbox 3109 4090 3377 4157; x_wconf 76' lang='lat' dir='ltr'><strong>fecerunt,</strong></span> <span class='ocrx_word' id='word_1_723' title='bbox 3406 4103 3460 4149; x_wconf 94' lang='lat' dir='ltr'><strong>et</strong></span> <span class='ocrx_word' id='word_1_724' title='bbox 3486 4096 3559 4152; x_wconf 87' lang='lat' dir='ltr'><strong>ita</strong></span> 
     </span>
    </p>
   </div>
   <div class='ocr_carea' id='block_1_104' title="bbox 1977 4180 3564 4254">
    <p class='ocr_par' dir='ltr' id='par_1_104' title="bbox 1977 4180 3564 4254">
     <span class='ocr_line' id='line_1_104' title="bbox 1977 4180 3564 4254; baseline 0.008 -21"><span class='ocrx_word' id='word_1_725' title='bbox 1977 4182 2042 4233; x_wconf 85' lang='lat' dir='ltr'><strong>ad</strong></span> <span class='ocrx_word' id='word_1_726' title='bbox 2094 4180 2351 4250; x_wconf 84' lang='lat' dir='ltr'><strong>mysteria</strong></span> <span class='ocrx_word' id='word_1_727' title='bbox 2402 4193 2777 4246; x_wconf 89' lang='lat' dir='ltr'><strong>accesserunt,</strong></span> <span class='ocrx_word' id='word_1_728' title='bbox 2826 4182 2976 4237; x_wconf 91' lang='lat' dir='ltr'><strong>nulla</strong></span> <span class='ocrx_word' id='word_1_729' title='bbox 3018 4185 3181 4239; x_wconf 87' lang='lat' dir='ltr'><strong>rediit</strong></span> <span class='ocrx_word' id='word_1_730' title='bbox 3225 4188 3454 4254; x_wconf 88' lang='lat' dir='ltr'><strong>utilitas,</strong></span> <span class='ocrx_word' id='word_1_731' title='bbox 3508 4202 3564 4246; x_wconf 82' lang='lat' dir='ltr'><strong>et</strong></span> 
     </span>
    </p>
   </div>
   <div class='ocr_carea' id='block_1_105' title="bbox 1976 4271 3560 4351">
    <p class='ocr_par' dir='ltr' id='par_1_105' title="bbox 1976 4271 3560 4351">
     <span class='ocr_line' id='line_1_105' title="bbox 1976 4271 3560 4351; baseline 0.009 -27"><span class='ocrx_word' id='word_1_732' title='bbox 1976 4271 2227 4342; x_wconf 85' lang='lat' dir='ltr'><strong>pluribus</strong></span> <span class='ocrx_word' id='word_1_733' title='bbox 2264 4272 2423 4327; x_wconf 88' lang='lat' dir='ltr'><strong>malis</strong></span> <span class='ocrx_word' id='word_1_734' title='bbox 2455 4272 2680 4328; x_wconf 78' lang='lat' dir='ltr'><strong>obnoxii</strong></span> <span class='ocrx_word' id='word_1_735' title='bbox 2731 4286 3098 4332; x_wconf 87' lang='lat' dir='ltr'><strong>recesserunt.</strong></span> <span class='ocrx_word' id='word_1_736' title='bbox 3146 4276 3252 4333; x_wconf 89' lang='lat' dir='ltr'><strong>Sed</strong></span> <span class='ocrx_word' id='word_1_737' title='bbox 3306 4298 3560 4351; x_wconf 83' lang='lat' dir='ltr'><strong>quamam</strong></span> 
     </span>
    </p>
   </div>
   <div class='ocr_carea' id='block_1_106' title="bbox 1978 4358 3559 4440">
    <p class='ocr_par' dir='ltr' id='par_1_106' title="bbox 1978 4358 3559 4440">
     <span class='ocr_line' id='line_1_106' title="bbox 1978 4358 3559 4440; baseline 0.007 -22"><span class='ocrx_word' id='word_1_738' title='bbox 1978 4371 2108 4418; x_wconf 88' lang='lat' dir='ltr'><strong>sunt</strong></span> <span class='ocrx_word' id='word_1_739' title='bbox 2135 4378 2315 4418; x_wconf 72' lang='lat' dir='ltr'><strong>causae</strong></span> <span class='ocrx_word' id='word_1_740' title='bbox 2360 4358 2820 4420; x_wconf 79' lang='lat' dir='ltr'><strong>sanctiﬁcationis</strong></span> <span class='ocrx_word' id='word_1_741' title='bbox 2870 4366 2941 4422; x_wconf 91' lang='lat' dir='ltr'><strong>iis</strong></span> <span class='ocrx_word' id='word_1_742' title='bbox 2980 4367 3073 4436; x_wconf 89' lang='lat' dir='ltr'><strong>qui</strong></span> <span class='ocrx_word' id='word_1_743' title='bbox 3105 4371 3559 4440; x_wconf 85' lang='lat' dir='ltr'><strong>sanetitleantur,</strong></span> 
     </span>
    </p>
   </div>
   <div class='ocr_carea' id='block_1_107' title="bbox 1977 4440 3564 4531">
    <p class='ocr_par' dir='ltr' id='par_1_107' title="bbox 1977 4440 3564 4531">
     <span class='ocr_line' id='line_1_107' title="bbox 1977 4440 3564 4531; baseline 0.009 -23"><span class='ocrx_word' id='word_1_744' title='bbox 1977 4440 2032 4510; x_wconf 87' lang='lat' dir='ltr'><strong>et</strong></span> <span class='ocrx_word' id='word_1_745' title='bbox 2080 4471 2200 4526; x_wconf 78' lang='lat' dir='ltr'><strong>quae</strong></span> <span class='ocrx_word' id='word_1_746' title='bbox 2240 4466 2370 4511; x_wconf 91' lang='lat' dir='ltr'><strong>sunt</strong></span> <span class='ocrx_word' id='word_1_747' title='bbox 2399 4471 2519 4525; x_wconf 62' lang='lat' dir='ltr'><strong>quae</strong></span> <span class='ocrx_word' id='word_1_748' title='bbox 2561 4457 2817 4513; x_wconf 87' lang='lat' dir='ltr'><strong>Christus</strong></span> <span class='ocrx_word' id='word_1_749' title='bbox 2846 4474 2875 4512; x_wconf 90' lang='lat' dir='ltr'><strong>a</strong></span> <span class='ocrx_word' id='word_1_750' title='bbox 2907 4460 3065 4515; x_wconf 90' lang='lat' dir='ltr'><strong>nobis</strong></span> <span class='ocrx_word' id='word_1_751' title='bbox 3101 4463 3306 4531; x_wconf 79' lang='lat' dir='ltr'><strong>exigit?</strong></span> <span class='ocrx_word' id='word_1_752' title='bbox 3352 4466 3564 4522; x_wconf 78' lang='lat' dir='ltr'><strong>Anima:</strong></span> 
     </span>
    </p>
   </div>
   <div class='ocr_carea' id='block_1_108' title="bbox 1901 4548 3564 4631">
    <p class='ocr_par' dir='ltr' id='par_1_108' title="bbox 1901 4548 3564 4631">
     <span class='ocr_line' id='line_1_108' title="bbox 1901 4548 3564 4631; baseline 0.007 -32"><span class='ocrx_word' id='word_1_753' title='bbox 1901 4563 1954 4623; x_wconf 72' lang='grc' dir='ltr'><strong><em>υ</em></strong></span> <span class='ocrx_word' id='word_1_754' title='bbox 1983 4548 2254 4618; x_wconf 78' lang='lat' dir='ltr'><strong>purgatio,</strong></span> <span class='ocrx_word' id='word_1_755' title='bbox 2297 4549 2350 4601; x_wconf 91' lang='lat' dir='ltr'><strong>in</strong></span> <span class='ocrx_word' id='word_1_756' title='bbox 2376 4548 2556 4603; x_wconf 86' lang='lat' dir='ltr'><strong>Deum</strong></span> <span class='ocrx_word' id='word_1_757' title='bbox 2583 4549 2823 4614; x_wconf 89' lang='lat' dir='ltr'><strong>dilectio,</strong></span> <span class='ocrx_word' id='word_1_758' title='bbox 2860 4549 3014 4613; x_wconf 84' lang='lat' dir='ltr'><strong>ﬂtlcs,</strong></span> <span class='ocrx_word' id='word_1_759' title='bbox 3063 4552 3396 4610; x_wconf 80' lang='lat' dir='ltr'><strong>desiderium</strong></span> <span class='ocrx_word' id='word_1_760' title='bbox 3448 4576 3564 4631; x_wconf 85' lang='lat' dir='ltr'><strong>tny—</strong></span> 
     </span>
    </p>
   </div>
   <div class='ocr_carea' id='block_1_109' title="bbox 1982 4641 3557 4720">
    <p class='ocr_par' dir='ltr' id='par_1_109' title="bbox 1982 4641 3557 4720">
     <span class='ocr_line' id='line_1_109' title="bbox 1982 4641 3557 4720; baseline 0.007 -24"><span class='ocrx_word' id='word_1_761' title='bbox 1982 4643 2159 4705; x_wconf 91' lang='lat' dir='ltr'><strong>sterii,</strong></span> <span class='ocrx_word' id='word_1_762' title='bbox 2196 4641 2456 4697; x_wconf 83' lang='lat' dir='ltr'><strong>alacritas</strong></span> <span class='ocrx_word' id='word_1_763' title='bbox 2490 4641 2555 4696; x_wconf 89' lang='lat' dir='ltr'><strong>ad</strong></span> <span class='ocrx_word' id='word_1_764' title='bbox 2587 4642 3064 4713; x_wconf 86' lang='lat' dir='ltr'><strong>participationem</strong></span> <span class='ocrx_word' id='word_1_765' title='bbox 3097 4682 3112 4709; x_wconf 94' lang='lat'><strong>,</strong></span> <span class='ocrx_word' id='word_1_766' title='bbox 3146 4644 3363 4702; x_wconf 85' lang='lat' dir='ltr'><strong>fervens</strong></span> <span class='ocrx_word' id='word_1_767' title='bbox 3397 4664 3557 4720; x_wconf 59' lang='lat' dir='ltr'><strong>appev</strong></span> 
     </span>
    </p>
   </div>
   <div class='ocr_carea' id='block_1_110' title="bbox 1981 4734 2676 4797">
    <p class='ocr_par' dir='ltr' id='par_1_110' title="bbox 1981 4734 2676 4797">
     <span class='ocr_line' id='line_1_110' title="bbox 1981 4734 2676 4797; baseline -0.004 -8"><span class='ocrx_word' id='word_1_768' title='bbox 1981 4735 2120 4797; x_wconf 88' lang='lat' dir='ltr'><strong>titio,</strong></span> <span class='ocrx_word' id='word_1_769' title='bbox 2149 4734 2398 4789; x_wconf 87' lang='lat' dir='ltr'><strong>sitientes</strong></span> <span class='ocrx_word' id='word_1_770' title='bbox 2432 4747 2676 4787; x_wconf 88' lang='lat' dir='ltr'><strong>currere.</strong></span> 
     </span>
    </p>
   </div>
   <div class='ocr_carea' id='block_1_111' title="bbox 2051 4810 3645 4899">
    <p class='ocr_par' dir='ltr' id='par_1_111' title="bbox 2051 4810 3645 4899">
     <span class='ocr_line' id='line_1_111' title="bbox 2051 4810 3645 4899; baseline 0.004 -16"><span class='ocrx_word' id='word_1_771' title='bbox 2051 4828 2177 4883; x_wconf 82' lang='lat' dir='ltr'><strong>Haec</strong></span> <span class='ocrx_word' id='word_1_772' title='bbox 2207 4834 2335 4882; x_wconf 88' lang='lat' dir='ltr'><strong>sunt</strong></span> <span class='ocrx_word' id='word_1_773' title='bbox 2363 4841 2484 4895; x_wconf 64' lang='lat' dir='ltr'><strong>quae</strong></span> <span class='ocrx_word' id='word_1_774' title='bbox 2530 4825 2673 4879; x_wconf 85' lang='lat' dir='ltr'><strong>hanc</strong></span> <span class='ocrx_word' id='word_1_775' title='bbox 2702 4824 3194 4882; x_wconf 83' lang='lat' dir='ltr'><strong>sanctiﬁcationcm</strong></span> <span class='ocrx_word' id='word_1_776' title='bbox 3250 4832 3554 4899; x_wconf 87' lang='lat' dir='ltr'><strong>attrahunt,</strong></span> <span class='ocrx_word' id='word_1_777' title='bbox 3641 4810 3645 4837; x_wconf 36' lang='grc' dir='ltr'>ε</span> 
     </span>
    </p>
   </div>
   <div class='ocr_carea' id='block_1_112' title="bbox 1979 4918 3560 4989">
    <p class='ocr_par' dir='ltr' id='par_1_112' title="bbox 1979 4918 3560 4989">
     <span class='ocr_line' id='line_1_112' title="bbox 1979 4918 3560 4989; baseline 0.006 -15"><span class='ocrx_word' id='word_1_778' title='bbox 1979 4932 2032 4974; x_wconf 92' lang='lat' dir='ltr'><strong>et</strong></span> <span class='ocrx_word' id='word_1_779' title='bbox 2058 4935 2183 4973; x_wconf 89' lang='lat' dir='ltr'><strong>cum</strong></span> <span class='ocrx_word' id='word_1_780' title='bbox 2204 4918 2404 4987; x_wconf 88' lang='lat' dir='ltr'><strong>quibus</strong></span> <span class='ocrx_word' id='word_1_781' title='bbox 2429 4933 2657 4973; x_wconf 74' lang='lat' dir='ltr'><strong>necesse</strong></span> <span class='ocrx_word' id='word_1_782' title='bbox 2706 4926 2792 4972; x_wconf 86' lang='lat' dir='ltr'><strong>est</strong></span> <span class='ocrx_word' id='word_1_783' title='bbox 2840 4933 2935 4973; x_wconf 88' lang='lat' dir='ltr'><strong>eos</strong></span> <span class='ocrx_word' id='word_1_784' title='bbox 2981 4920 3074 4989; x_wconf 90' lang='lat' dir='ltr'><strong>qui</strong></span> <span class='ocrx_word' id='word_1_785' title='bbox 3121 4923 3393 4979; x_wconf 90' lang='lat' dir='ltr'><strong>accedunt</strong></span> <span class='ocrx_word' id='word_1_786' title='bbox 3436 4941 3560 4982; x_wconf 77' lang='lat' dir='ltr'><strong>esse</strong></span> 
     </span>
    </p>
   </div>
   <div class='ocr_carea' id='block_1_113' title="bbox 1979 5010 3557 5088">
    <p class='ocr_par' dir='ltr' id='par_1_113' title="bbox 1979 5010 3557 5088">
     <span class='ocr_line' id='line_1_113' title="bbox 1979 5010 3557 5088; baseline 0.006 -22"><span class='ocrx_word' id='word_1_787' title='bbox 1979 5011 2186 5066; x_wconf 86' lang='lat' dir='ltr'><strong>Christi</strong></span> <span class='ocrx_word' id='word_1_788' title='bbox 2217 5010 2530 5080; x_wconf 85' lang='lat' dir='ltr'><strong>participes.</strong></span> <span class='ocrx_word' id='word_1_789' title='bbox 2569 5018 2625 5064; x_wconf 89' lang='lat' dir='ltr'><strong>et</strong></span> <span class='ocrx_word' id='word_1_790' title='bbox 2678 5012 2798 5065; x_wconf 86' lang='lat' dir='ltr'><strong>sine</strong></span> <span class='ocrx_word' id='word_1_791' title='bbox 2839 5011 3042 5080; x_wconf 83' lang='lat' dir='ltr'><strong>quibus</strong></span> <span class='ocrx_word' id='word_1_792' title='bbox 3074 5013 3189 5068; x_wconf 83' lang='lat' dir='ltr'><strong>ﬁeri</strong></span> <span class='ocrx_word' id='word_1_793' title='bbox 3220 5032 3328 5070; x_wconf 91' lang='lat' dir='ltr'><strong>non</strong></span> <span class='ocrx_word' id='word_1_794' title='bbox 3355 5032 3557 5088; x_wconf 85' lang='lat' dir='ltr'><strong>potest.</strong></span> 
     </span>
    </p>
   </div>
   <div class='ocr_carea' id='block_1_114' title="bbox 1980 5098 3563 5177">
    <p class='ocr_par' dir='ltr' id='par_1_114' title="bbox 1980 5098 3563 5177">
     <span class='ocr_line' id='line_1_114' title="bbox 1980 5098 3563 5177; baseline 0.008 -24"><span class='ocrx_word' id='word_1_795' title='bbox 1980 5098 2086 5154; x_wconf 88' lang='lat' dir='ltr'><strong>Sed</strong></span> <span class='ocrx_word' id='word_1_796' title='bbox 2122 5101 2237 5154; x_wconf 64' lang='lat' dir='ltr'><strong>haec</strong></span> <span class='ocrx_word' id='word_1_797' title='bbox 2266 5101 2449 5155; x_wconf 90' lang='lat' dir='ltr'><strong>omnia</strong></span> <span class='ocrx_word' id='word_1_798' title='bbox 2477 5110 2739 5156; x_wconf 88' lang='lat' dir='ltr'><strong>non.sunt</strong></span> <span class='ocrx_word' id='word_1_799' title='bbox 2770 5102 3094 5170; x_wconf 90' lang='lat' dir='ltr'><strong>corporalia,</strong></span> <span class='ocrx_word' id='word_1_800' title='bbox 3121 5107 3213 5160; x_wconf 89' lang='lat' dir='ltr'><strong>sed</strong></span> <span class='ocrx_word' id='word_1_801' title='bbox 3250 5108 3563 5177; x_wconf 80' lang='lat' dir='ltr'><strong>dependent</strong></span> 
     </span>
    </p>
   </div>
   <div class='ocr_carea' id='block_1_115' title="bbox 1980 5190 3560 5263">
    <p class='ocr_par' dir='ltr' id='par_1_115' title="bbox 1980 5190 3560 5263">
     <span class='ocr_line' id='line_1_115' title="bbox 1980 5190 3560 5263; baseline 0.007 -20"><span class='ocrx_word' id='word_1_802' title='bbox 1980 5190 2150 5245; x_wconf 87' lang='lat' dir='ltr'><strong>asola</strong></span> <span class='ocrx_word' id='word_1_803' title='bbox 2183 5192 2388 5246; x_wconf 86' lang='lat' dir='ltr'><strong>anima.</strong></span> <span class='ocrx_word' id='word_1_804' title='bbox 2449 5191 2594 5245; x_wconf 80' lang='lat' dir='ltr'><strong>Nihil</strong></span> <span class='ocrx_word' id='word_1_805' title='bbox 2651 5207 2777 5263; x_wconf 84' lang='lat' dir='ltr'><strong>ergo</strong></span> <span class='ocrx_word' id='word_1_806' title='bbox 2819 5193 3076 5262; x_wconf 88' lang='lat' dir='ltr'><strong>prohibet</strong></span> <span class='ocrx_word' id='word_1_807' title='bbox 3133 5197 3296 5252; x_wconf 88' lang='lat' dir='ltr'><strong>etiam</strong></span> <span class='ocrx_word' id='word_1_808' title='bbox 3349 5199 3560 5254; x_wconf 88' lang='lat' dir='ltr'><strong>animas</strong></span> 
     </span>
    </p>
   </div>
   <div class='ocr_carea' id='block_1_116' title="bbox 1984 5284 3263 5353">
    <p class='ocr_par' dir='ltr' id='par_1_116' title="bbox 1984 5284 3263 5353">
     <span class='ocr_line' id='line_1_116' title="bbox 1984 5284 3263 5353; baseline 0.005 -18"><span class='ocrx_word' id='word_1_809' title='bbox 1984 5284 2086 5336; x_wconf 87' lang='lat' dir='ltr'><strong>hoc</strong></span> <span class='ocrx_word' id='word_1_810' title='bbox 2120 5298 2284 5353; x_wconf 83' lang='lat' dir='ltr'><strong>posse</strong></span> <span class='ocrx_word' id='word_1_811' title='bbox 2315 5292 2679 5348; x_wconf 87' lang='lat' dir='ltr'><strong>mortuorum,</strong></span> <span class='ocrx_word' id='word_1_812' title='bbox 2715 5284 2858 5339; x_wconf 86' lang='lat' dir='ltr'><strong>sicut</strong></span> <span class='ocrx_word' id='word_1_813' title='bbox 2897 5294 2955 5340; x_wconf 91' lang='lat' dir='ltr'><strong>et</strong></span> <span class='ocrx_word' id='word_1_814' title='bbox 2988 5287 3263 5345; x_wconf 83' lang='lat' dir='ltr'><strong>vivorum.</strong></span> 
     </span>
    </p>
   </div>
   <div class='ocr_carea' id='block_1_117' title="bbox 2055 5442 3561 5530">
    <p class='ocr_par' dir='ltr' id='par_1_117' title="bbox 2055 5442 3561 5530">
     <span class='ocr_line' id='line_1_117' title="bbox 2055 5442 3561 5530; baseline 0.004 -20"><span class='ocrx_word' id='word_1_815' title='bbox 2055 5457 2112 5511; x_wconf 85' lang='lat' dir='ltr'><strong>Si</strong></span> <span class='ocrx_word' id='word_1_816' title='bbox 2148 5473 2278 5527; x_wconf 74' lang='lat' dir='ltr'><strong>ergo</strong></span> <span class='ocrx_word' id='word_1_817' title='bbox 2311 5457 2507 5512; x_wconf 72' lang='lat' dir='ltr'><strong>anima:</strong></span> <span class='ocrx_word' id='word_1_818' title='bbox 2539 5457 2760 5527; x_wconf 87' lang='lat' dir='ltr'><strong>quidem</strong></span> <span class='ocrx_word' id='word_1_819' title='bbox 2792 5459 2859 5513; x_wconf 87' lang='lat' dir='ltr'><strong>ad</strong></span> <span class='ocrx_word' id='word_1_820' title='bbox 2915 5459 3321 5529; x_wconf 87' lang='lat' dir='ltr'><strong>suscipiendum</strong></span> <span class='ocrx_word' id='word_1_821' title='bbox 3356 5442 3561 5530; x_wconf 82' lang='lat' dir='ltr'><strong>myste-</strong></span> 
     </span>
    </p>
   </div>
   <div class='ocr_carea' id='block_1_118' title="bbox 1984 5552 3561 5623">
    <p class='ocr_par' dir='ltr' id='par_1_118' title="bbox 1984 5552 3561 5623">
     <span class='ocr_line' id='line_1_118' title="bbox 1984 5552 3561 5623; baseline 0.002 -18"><span class='ocrx_word' id='word_1_822' title='bbox 1984 5552 2123 5605; x_wconf 90' lang='lat' dir='ltr'><strong>rium</strong></span> <span class='ocrx_word' id='word_1_823' title='bbox 2148 5562 2280 5606; x_wconf 89' lang='lat' dir='ltr'><strong>sunt</strong></span> <span class='ocrx_word' id='word_1_824' title='bbox 2312 5562 2516 5621; x_wconf 71' lang='lat' dir='ltr'><strong>paratae</strong></span> <span class='ocrx_word' id='word_1_825' title='bbox 2545 5559 2601 5605; x_wconf 86' lang='lat' dir='ltr'><strong>et</strong></span> <span class='ocrx_word' id='word_1_826' title='bbox 2662 5561 2950 5621; x_wconf 67' lang='lat' dir='ltr'><strong>promptze,</strong></span> <span class='ocrx_word' id='word_1_827' title='bbox 3010 5553 3056 5606; x_wconf 89' lang='lat' dir='ltr'><strong>is</strong></span> <span class='ocrx_word' id='word_1_828' title='bbox 3092 5562 3275 5606; x_wconf 89' lang='lat' dir='ltr'><strong>autem</strong></span> <span class='ocrx_word' id='word_1_829' title='bbox 3313 5552 3367 5606; x_wconf 92' lang='lat' dir='ltr'><strong>in</strong></span> <span class='ocrx_word' id='word_1_830' title='bbox 3401 5555 3561 5623; x_wconf 89' lang='lat' dir='ltr'><strong>cujus</strong></span> 
     </span>
    </p>
   </div>
   <div class='ocr_carea' id='block_1_119' title="bbox 1985 5642 3564 5715">
    <p class='ocr_par' dir='ltr' id='par_1_119' title="bbox 1985 5642 3564 5715">
     <span class='ocr_line' id='line_1_119' title="bbox 1985 5642 3564 5715; baseline 0.003 -20"><span class='ocrx_word' id='word_1_831' title='bbox 1985 5652 2067 5695; x_wconf 88' lang='lat' dir='ltr'><strong>est</strong></span> <span class='ocrx_word' id='word_1_832' title='bbox 2099 5651 2369 5711; x_wconf 87' lang='lat' dir='ltr'><strong>potestate</strong></span> <span class='ocrx_word' id='word_1_833' title='bbox 2399 5643 2745 5697; x_wconf 84' lang='lat' dir='ltr'><strong>sanctilicare</strong></span> <span class='ocrx_word' id='word_1_834' title='bbox 2800 5652 2851 5695; x_wconf 87' lang='lat' dir='ltr'><strong>et</strong></span> <span class='ocrx_word' id='word_1_835' title='bbox 2886 5642 3170 5707; x_wconf 79' lang='lat' dir='ltr'><strong>perﬁcere,</strong></span> <span class='ocrx_word' id='word_1_836' title='bbox 3204 5644 3313 5697; x_wconf 76' lang='lat' dir='ltr'><strong>vult</strong></span> <span class='ocrx_word' id='word_1_837' title='bbox 3348 5659 3564 5715; x_wconf 77' lang='lat' dir='ltr'><strong>semper</strong></span> 
     </span>
    </p>
   </div>
   <div class='ocr_carea' id='block_1_120' title="bbox 1985 5734 3565 5806">
    <p class='ocr_par' dir='ltr' id='par_1_120' title="bbox 1985 5734 3565 5806">
     <span class='ocr_line' id='line_1_120' title="bbox 1985 5734 3565 5806; baseline 0.003 -17"><span class='ocrx_word' id='word_1_838' title='bbox 1985 5734 2357 5801; x_wconf 81' lang='lat' dir='ltr'><strong>sanetilicare,</strong></span> <span class='ocrx_word' id='word_1_839' title='bbox 2393 5745 2447 5789; x_wconf 90' lang='lat' dir='ltr'><strong>et</strong></span> <span class='ocrx_word' id='word_1_840' title='bbox 2473 5735 2714 5804; x_wconf 89' lang='lat' dir='ltr'><strong>scipsum</strong></span> <span class='ocrx_word' id='word_1_841' title='bbox 2768 5751 2984 5804; x_wconf 77' lang='lat' dir='ltr'><strong>semper</strong></span> <span class='ocrx_word' id='word_1_842' title='bbox 3052 5736 3317 5806; x_wconf 84' lang='lat' dir='ltr'><strong>impertiri</strong></span> <span class='ocrx_word' id='word_1_843' title='bbox 3351 5739 3565 5793; x_wconf 84' lang='lat' dir='ltr'><strong>deside-</strong></span> 
     </span>
    </p>
   </div>
   <div class='ocr_carea' id='block_1_121' title="bbox 1986 5828 3565 5902">
    <p class='ocr_par' dir='ltr' id='par_1_121' title="bbox 1986 5828 3565 5902">
     <span class='ocr_line' id='line_1_121' title="bbox 1986 5828 3565 5902; baseline 0.001 -21"><span class='ocrx_word' id='word_1_844' title='bbox 1986 5837 2106 5894; x_wconf 84' lang='lat' dir='ltr'><strong>rat,</strong></span> <span class='ocrx_word' id='word_1_845' title='bbox 2138 5828 2268 5898; x_wconf 87' lang='lat' dir='ltr'><strong>quid</strong></span> <span class='ocrx_word' id='word_1_846' title='bbox 2303 5836 2385 5883; x_wconf 87' lang='lat' dir='ltr'><strong>est</strong></span> <span class='ocrx_word' id='word_1_847' title='bbox 2422 5828 2823 5897; x_wconf 84' lang='lat' dir='ltr'><strong>prohibiturum</strong></span> <span class='ocrx_word' id='word_1_848' title='bbox 2865 5830 3001 5882; x_wconf 84' lang='lat' dir='ltr'><strong>hanc</strong></span> <span class='ocrx_word' id='word_1_849' title='bbox 3054 5830 3565 5902; x_wconf 80' lang='lat' dir='ltr'><strong>participationem?</strong></span> 
     </span>
    </p>
   </div>
   <div class='ocr_carea' id='block_1_122' title="bbox 3077 5933 3151 5991">
    <p class='ocr_par' dir='ltr' id='par_1_122' title="bbox 3077 5933 3151 5991">
     <span class='ocr_line' id='line_1_122' title="bbox 3077 5933 3151 5991; baseline 0 0"><span class='ocrx_word' id='word_1_850' title='bbox 3077 5933 3151 5991; x_wconf 75' lang='grc'><strong>15</strong></span> 
     </span>
    </p>
   </div>
  </div>
