4030 6448
472 383 582 446 ιίῒιθ
1695 366 1739 425 Ν
1754 366 2007 426 ICULAI
2053 374 2063 420 ι

2100 368 2448 430 ABASlL/E
3055 404 3066 433 ι
3605 383 3689 445 ιςο

477 497 625 555 Nihil
651 492 894 551 omnino.
927 483 1063 556 Ergo
1095 479 1295 536 dixerit
1323 478 1633 550 quispiam:
1669 477 1726 533 Si
1748 481 1873 549 quis
1896 480 2060 533 etiam

2099 482 2136 540 Α
2164 500 2248 549 τις
2278 486 2506 539 καὶτῶν
2546 485 2768 552 ζώντων
2804 489 2870 543 τὰ
2905 490 3003 560 μὲν
3029 493 3086 544 ἐν
3116 495 3178 563 τῇ
3217 493 3359 565 ψυχῇ
3412 496 3574 563 ἀγαθά
3597 498 3690 567 ἔχοι

475 588 721 641 vivorum
789 579 926 632 bona
968 573 1189 644 quidem
1233 586 1357 641 qua:
1408 571 1554 625 dicta
1600 577 1730 623 sunt
1780 570 1835 623 in
1873 570 2057 624 anima

2158 579 2231 631 τὰ
2276 580 2568 651 εἰρημένα,
2631 580 2708 653 μὴ
2770 583 3057 653 προσέλθοι
3114 585 3170 639 δὲ
3217 589 3330 646 τοῖς
3393 589 3693 660 μυστηρίοις,

479 675 709 733 habeat.
744 669 811 724 ad
847 666 1106 737 mysteria
1163 672 1345 718 autem
1409 676 1519 717 non
1553 661 1795 727 accedat,
1838 661 2060 716 habebit

2161 668 2273 734 ἕξει
2326 670 2419 724 τὸν
2475 671 2690 727 ικεῖθεν
2736 674 3012 744 ἀγιασμδθ
3058 676 3215 731 οὐδὲν
3243 672 3429 748 ἦττον;
3475 680 3544 732 Οὐ
3576 683 3695 743 πᾶς·

403 838 411 852 Χ
477 767 624 821 illiuc
654 763 827 818 nihilo
849 775 1008 815 secus
1056 757 1596 814 sanctificationem'!
1630 754 1747 809 Non
1782 754 1989 824 quilihe

2161 762 2277 818 ἀλλ’
2308 764 2360 816 εί
2382 779 2466 826 τις
2511 764 2573 817 οὑ
2623 765 2845 819 δύναται
2870 769 3155 837 προσιέναι
3178 770 3510 838 σωματικῶς,
3537 769 3698 841 ῶσπερ

477 856 573 911 sed
605 854 649 909 si
679 852 804 923 quis
835 867 944 906 non
993 859 1176 920 potest
1223 847 1582 918 corporaliter
1606 846 1886 910 accedere,
1919 846 2064 899 sicut

2164 855 2221 908 αί
2266 856 2374 908 τῶν
2434 854 2777 925 τεθνηκότων
2815 856 3023 927 ψυχαί·
3077 852 3180 913 οἷοι
3235 862 3530 929 γεγόνασιν,
3577 864 3620 915 οἱ
3651 865 3698 915 ἐν

470 947 856 1002 defunctorum
889 943 1106 1002 animm,
1130 940 1320 1010 quales
1356 938 1583 993 fuerunt
1604 937 1641 990 ii
1671 936 1765 1006 qui
1790 937 1843 988 in
1876 935 2061 989 deser-

2167 944 2426 1015 ὲρημίαις
2450 944 2817 1015 πλανώμενοι,
2856 948 2950 1000 καὶ
2973 946 3143 1015 ὄρεσι,
3176 950 3272 1002 καὶ
3305 947 3591 1015 σπηλαίοις,
3621 950 3701 1001 καὶ

475 1040 550 1094 tis
584 1038 847 1093 errabant
869 1035 1153 1090 montibus
1176 1048 1272 1089 seu
1320 1031 1596 1102 speluncis
1624 1038 1678 1085 et
1701 1026 2064 1083 foraminibus

2167 1042 2288 1102 ταῖς
2312 1039 2473 1102 ὀπαῖς
2493 1040 2593 1109 τῆς
2621 1043 2693 1109 γῆ
2710 1059 2744 1102 ς,
2771 1034 2851 1103 οἷς
2872 1040 3262 1113 θυσιαστήριον
3288 1045 3377 1096 καὶ
3407 1043 3546 1113 ίερέα
3592 1043 3700 1096 ίδεῖν

474 1145 653 1198 terrae,
682 1132 776 1202 qui
802 1134 974 1186 altare
1008 1137 1103 1183 aut
1136 1127 1473 1183 sacerdotem
1500 1124 1651 1178 nullo
1681 1122 1847 1177 modo
1880 1121 2065 1174 videre

2169 1131 2454 1201 ἀμήχανον
2515 1127 2606 1203 ἦν.
2659 1132 2897 1196 Τούτους
2951 1136 3063 1201 γὰρ
3112 1134 3271 1195 αὐτὸς
3303 1138 3329 1186 ό
3363 1135 3581 1203 Χριστὸς
3627 1134 3702 1187 τὸν

474 1232 749 1296 poterant.
780 1224 888 1277 Eos
907 1221 1056 1275 enim
1083 1220 1335 1275 Christus
1362 1212 1479 1287 ipse
1505 1218 1602 1270 hac
1627 1211 2065 1269 sanctiﬁcatione

2171 1225 2442 1296 ἁγιασμδν
2472 1226 2696 1295 ἀφανῶς
2724 1227 2918 1297 ἡγίαξε
2945 1231 3160 1282 τοῦτον.
3197 1227 3365 1281 Πόθεν
3392 1228 3570 1297 δῆλονς
3597 1226 3705 1283 Ὀτι

476 1317 834 1373 invisibiliter
894 1312 1293 1369 sanctilicabat.
1350 1309 1631 1366 Undenam
1682 1314 1839 1375 putes
1888 1304 2067 1360 scire!

2172 1316 2320 1389 ζωὴν
2354 1314 2499 1390 εἶχον
2541 1320 2599 1373 ὲν
2633 1320 2878 1384 ἑαυτοῖςο
2918 1320 2979 1373 οὐ
3013 1322 3122 1390 γὰρ
3161 1320 3396 1391 ἔχοντες,
3448 1321 3493 1373 εί
3526 1322 3594 1391 μὴ
3626 1319 3704 1373 τοῦ

475 1410 635 1478 Quod
668 1410 832 1464 vitam
867 1408 1011 1463 intra
1042 1421 1102 1462 se
1164 1404 1461 1466 habebant,
1509 1416 1622 1455 non
1670 1398 1910 1454 habituri
1960 1394 2066 1450 nisi

2168 1411 2483 1483 μυστηρίου
2536 1411 2727 1466 τούτου
2788 1415 3063 1483 μετεῖχον.
3114 1412 3287 1475 Αὐτὸς
3316 1414 3422 1480 γὰρ
3448 1413 3475 1465 6
3505 1411 3707 1482 Χριστὸς

480 1505 645 1575 hujus
710 1511 901 1558 essent
950 1498 1283 1557 sacramenti
1363 1494 1685 1568 participes.
1749 1494 1872 1562 Ipse
1924 1489 2071 1545 enim

2168 1482 2362 1558 ⁵εἶπεν·
2401 1523 2421 1557 ι
2471 1503 2601 1558 Ἐὰν
2637 1505 2711 1577 μὴ
2741 1482 3086 1576 φάγητετὴν
3143 1505 3323 1576 σάρκα
3359 1505 3452 1558 τοῦ
3483 1504 3598 1557 Υίοῦ
3633 1502 3709 1555 τοῦ

479 1597 736 1654 Christus
767 1596 926 1659 dixit,
968 1613 986 1645 ι
1027 1592 1146 1647 Nisi
1178 1589 1523 1646 comederitis
1549 1600 1771 1643 carnem
1809 1582 1935 1638 Filii
1967 1583 2070 1637 ho-

2177 1594 2494 1665 ἀνθρώπου,
2524 1597 2623 1650 καὶ⁹
2651 1597 2816 1666 πίητε
2845 1595 3012 1651 αὐτοῦ
3037 1596 3098 1649 τὸ
3123 1589 3283 1665 αἷμα,
3310 1595 3408 1648 οὐκ
3434 1593 3574 1664 ἔχετε
3595 1592 3713 1660 ζωὴν

482 1691 669 1753 minis,
718 1696 773 1742 et
801 1688 1053 1744 biberitis
1078 1686 1201 1755 ejus
1232 1683 1583 1753 sanguinem,
1639 1694 1753 1734 non
1800 1675 2073 1732 habebitis

2179 1688 2239 1742 ἐν
2265 1688 2500 1749 ἑαυτοῖς.
2557 1705 2577 1739 ι
2632 1688 2744 1740 Καὶ
2793 1687 2884 1741 ἴνα
2933 1686 3094 1741 τοῦτο
3123 1688 3367 1758 σημάνῃ,
3399 1685 3598 1749 πολλοῖς
3626 1685 3714 1737 τῶν

484 1785 655 1839 vitam
684 1783 740 1836 in
784 1780 995 1837 vobisn
1038 1779 1103 1834 Et
1136 1787 1196 1833 ut
1230 1779 1330 1831 hoc
1369 1775 1730 1846 significaret,
1762 1769 1951 1825 multis
1981 1768 2075 1822 ho-

2123 1829 2152 1851 η
2181 1780 2356 1849 ἀγίων
2376 1781 2587 1835 τούτων
2639 1780 2905 1849 ἀγγέλους
2928 1780 3140 1851 ἔπεμψε
3156 1781 3225 1834 τὰ
3241 1779 3391 1851 δῶρα
3407 1778 3714 1850 κομίζοντας.

485 1889 608 1929 rum
638 1880 959 1927 sanctorum
1006 1868 1157 1924 misit
1211 1866 1437 1937 angelos
1491 1864 1633 1920 dona
1693 1863 1951 1918 ferentes.
2014 1854 2074 1911 Si

2124 1829 2153 1888 Β
2184 1829 2245 1928 Ei
2288 1873 2346 1927 δέ
2392 1889 2474 1938 τις
2534 1829 2835 1944 δυνάμενος
2881 1829 2955 1927 ὀὐ
3011 1829 3715 1946 «:p'oséie'oiriﬁniéastcﬁ,

484 1966 608 2034 quis
634 1972 814 2021 autem
849 1978 975 2020 cum
1009 1970 1216 2034 posset,
1241 1958 1306 2016 ad
1332 1975 1574 2016 mensam
1605 1974 1717 2014 non
1751 1954 2070 2019 accesserit,

2180 1966 2368 2020 τοῦτον
2401 1966 2496 2019 τοῦ
2527 1965 2661 2036 παρ’
2696 1965 2881 2030 αὐτοῖς
2924 1964 3206 2037 ἀγιασμοῦ
3246 1966 3432 2036 τυχεῖν
3470 1960 3718 2020 παντελῶς

483 2058 601 2114 fieri
628 2073 738 2114 non
771 2065 951 2129 potest
1001 2065 1063 2111 ut
1089 2069 1213 2126 quae
1244 2070 1307 2109 ex
1348 2053 1428 2109 eis
1464 2049 1716 2124 provenit
1768 2041 2074 2104 sanctifica-i

2181 2058 2480 2114 ἀδύνατονο
2517 2059 2646 2128 ,οὐχ
2701 2058 2784 2111 ὃτι
2818 2057 2880 2112 οὐ
2923 2058 3237 2129 προσῆλθεν
3274 2057 3479 2121 ἀπλῶς,
3522 2053 3627 2108 ἀλλ’
3652 2051 3718 2104 ὅτι

484 2153 692 2206 tionem
723 2158 1087 2220 assequatur;
1125 2163 1234 2203 non
1261 2147 1407 2217 quod
1458 2160 1568 2201 non
1595 2141 1829 2199 accessit
1865 2138 2071 2195 solum-

2181 2150 2485 2221 δυνάμενος
2510 2151 2569 2204 οὐ
2600 2149 2882 2223 προσῆλθε
2907 2165 2922 2180 ’
2957 2151 3054 2205 καὶ
3073 2149 3164 2204 διὰ
3209 2148 3375 2203 τοῦτο
3396 2146 3549 2218 δῆλός
3575 2145 3717 2204 ἔστιν,

485 2242 668 2307 mOdO,
705 2240 799 2296 sed
841 2241 987 2310 quod
1011 2255 1136 2295 cum
1169 2246 1380 2310 posset.
1413 2253 1524 2293 non
1560 2232 1833 2299 εοεεςςῑις
1864 2238 1920 2288 ει
1943 2245 2074 2302 Ρτο·
2183 2244 2391 2298 δτιτῶν
2415 2243 2784 2314 ὀφειλομένων
2802 2240 3027 2313 ἀγαθῶν
3040 2245 3153 2309 τοῖς
3181 2240 3521 2316 μυστηρίοις,
3542 2237 3718 2310 ἔρημον

487 2345 671 2404 pterea
723 2335 929 2390 clarum
956 2343 1065 2397 est,
1129 2332 1275 2403 quod
1342 2333 1502 2387 bonis
1537 2343 1656 2401 qua!
1683 2327 1953 2383 debentur
1986 2340 2076 2380 sa-

1129 2332 1275 2403 quod
1342 2333 1502 2387 bonis
1537 2343 1656 2401 qua!
1683 2327 1953 2383 debentur
1986 2340 2076 2380 sa-
2180 2336 2301 2408 εχει
2329 2336 2426 2408 τὴν
2457 2336 2657 2409 ψυχήν,

484 2427 803 2494 oramentis,
832 2442 1065 2483 vacuam
1106 2426 1271 2481 habet
1295 2425 1559 2479 animam.

556 2521 689 2590 Quae
729 2529 816 2578 est
841 2521 987 2577 enim
1025 2519 1095 2575 ad
1130 2532 1377 2574 mensam
1445 2515 1753 2573 adeundam
1791 2512 2073 2577 alacritas,

2254 2518 2355 2582 Τίς
2389 2518 2499 2592 γὰρ
2531 2518 2677 2588 όρμη
2711 2515 2806 2572 καὶ
2834 2517 3118 2590 προθυμία
3155 2517 3292 2585 περὶ
3340 2515 3439 2587 τὴν
3480 2511 3725 2585 τράπεζαν

487 2614 711 2685 etquod
737 2612 1070 2669 desiderium
1104 2611 1165 2667 in
1193 2624 1261 2666 eo
1300 2609 1547 2681 quicum
1599 2609 1756 2666 facile
1786 2614 1967 2677 potest
2009 2607 2076 2661 ad

2184 2611 2341 2681 παρὰ
2367 2609 2445 2680 τῷ
2480 2610 2769 2681 δυναμένῳ
2799 2608 3000 2681 ῥᾳδίως
3035 2609 3270 2680 δραμεῖν
3304 2608 3393 2661 ἐπ’
3433 2606 3611 2673 αὐτὴν,
3650 2601 3724 2655 καὶ

488 2724 610 2763 eam
644 2707 928 2771 accedere,
963 2722 1075 2762 non
1112 2706 1266 2763 vult?
1303 2706 1566 2773 Qumnam
1597 2713 1681 2759 est
1716 2712 1898 2758 autem
1945 2699 2079 2755 ﬁdes

2189 2703 2264 2775 μὴ
2292 2702 2638 2773 βουλομένῳς
2671 2701 2767 2765 Τίς
2797 2701 2851 2754 δὲ
2880 2702 3062 2764 πίστις
3079 2701 3216 2772 πρὸς
3253 2702 3386 2755 Θεὸν
3410 2698 3552 2769 πιρά
3576 2694 3644 2765 τῷ
3667 2692 3724 2762 μὴ

493 2799 550 2854 iu
592 2798 763 2854 Deum
793 2799 939 2870 apud
968 2812 1094 2854 eum
1124 2797 1219 2868 qui
1258 2812 1372 2852 non
1419 2796 1577 2851 timet
1620 2795 1797 2850 minas
1846 2806 1969 2862 quae
2022 2791 2078 2845 in

2187 2793 2514 2867 φοϐουμένῳ
2540 2794 2639 2861 τὴν
2673 2799 2729 2849 ὲν
2752 2796 2866 2857 τοῖς
2896 2796 3107 2867 ῥήμασι
3138 2793 3235 2847 τοῦ
3268 2792 3474 2863 Κυρίου
3502 2788 3725 2857 κειμένην

496 2891 715 2948 Domini
748 2891 929 2947 verbis
957 2891 1079 2947 sitae
1109 2899 1260 2956 sunt,
1304 2890 1570 2945 adversus
1635 2903 1732 2944 eos
1786 2886 1880 2958 qui
1941 2886 2082 2939 hanc

2185 2888 2442 2960 ἀπειλὴν,
2479 2890 2592 2953 τοῖς
2614 2889 2674 2942 τδ
2698 2889 2918 2943 δεῖπνον
2956 2887 3119 2942 τοῦτο
3166 2886 3512 2960 περιερῶσι;
3562 2879 3669 2941 Πῶς
3692 2874 3728 2928 δ’

396 3042 405 3053 λ
496 2998 710 3039 orenam
742 2982 1154 3039 contemnunt?
1200 2982 1493 3048 Quomodo
1518 2987 1699 3035 autem
1731 2992 1917 3033 amare
1964 2992 1987 3031 c

2188 2980 2255 3035 ἂν
2281 2981 2605 3053 πιστευθείη
2638 2980 2837 3050 φιλεῖν,
2866 2979 2925 3043 δς
2949 2979 3141 3034 λαϐεῖν
3178 2978 3320 3044 ἐξὸν,
3367 2978 3426 3031 οὐ
3458 2971 3726 3044 λαμῗάνειὶ

497 3076 677 3141 detur,
712 3075 801 3131 cui
828 3088 954 3129 cum
986 3074 1150 3129 liceat
1176 3073 1449 3144 accipere,
1496 3086 1604 3127 non
1655 3069 1913 3140 accepit?
1942 3068 2079 3123 Pro-

2188 3073 2287 3128 Διά
2309 3072 2470 3126 τοῦτο
2502 3072 2663 3127 οὐδὲν
2708 3071 2918 3138 καινὸν,
2947 3072 2995 3125 εί
3031 3069 3305 3137 σωμάτων
3336 3064 3738 3133 ἀπολελυμέναι(

468 3178 683 3239 -pterea
711 3183 821 3223 non
845 3177 932 3223 est
958 3182 1182 3234 novum,
1213 3167 1258 3223 si
1298 3165 1500 3222 animis
1530 3181 1559 3220 a
1587 3164 1914 3235 corporibus
1948 3162 2057 3218 libe

2139 3190 2156 3254 Ξ
2189 3165 2389 3235 ψυχαῖς
2423 3166 2449 3217 6
2479 3162 2738 3234 Χριστὸς,
2772 3156 2858 3225 αἷς
2887 3160 3147 3232 τοιαύτην
3199 3160 3472 3231 πονηρίαν
3510 3152 3730 3222 οὐδεμίαν

498 3258 660 3325 ratis,
689 3272 812 3328 qua:
844 3256 1052 3313 nullius
1072 3256 1389 3326 huiusmodi
1445 3255 1563 3311 vitii
1622 3253 1936 3311 insimulari
1961 3267 2087 3322 pos-

2141 3247 2155 3254 ’
2195 3259 2448 3327 ἐγκαλεῖν
2495 3256 2631 3329 ἔχει,
2683 3258 2783 3328 τῆς
2834 3256 3117 3328 τραπέζης
3166 3255 3496 3324 μεταδίδωσι
3540 3247 3732 3314 ταύτης.

502 3357 653 3413 sunt,
686 3350 827 3405 hanc
851 3364 1094 3406 mensam
1123 3349 1378 3405 Christus
1430 3348 1718 3419 impertiit.
1754 3344 1892 3401 Illud
1938 3345 2086 3399 enim

2206 3351 2419 3405 Ἐκεῖνο
2476 3350 2576 3421 μὲν
2623 3349 2731 3420 γὰρ
2783 3346 2974 3402 καινὸν
3026 3347 3121 3399 καὶ
3168 3345 3473 3417 ὑπερφυὲς,
3508 3342 3553 3394 εί
3588 3332 3732 3405 φθορᾷ

506 3430 705 3497 novum
735 3449 820 3498 est
844 3451 899 3498 et
924 3439 1272 3507 admirabile,
1327 3438 1474 3511 quod
1538 3440 1704 3493 homo
1735 3437 1826 3509 qui
1863 3438 1917 3490 in
1968 3449 2089 3489 cor-

2195 3444 2380 3512 συξῶν
2420 3442 2731 3517 ἄνθρωπος,
2768 3440 3051 3512 ἀκηράτου
3097 3439 3358 3509 σώματος
3393 3437 3580 3506 φάγοιο
3613 3429 3663 3483 τὸ
3692 3425 3734 3478 δέ

502 3534 763 3604 ruptione
797 3542 851 3589 et
891 3533 1117 3588 interitu
1153 3541 1431 3598 versatur,
1466 3531 1536 3585 ab
1571 3529 1796 3584 interitu
1846 3527 2085 3582 alienum

2194 3534 2385 3588 οὐσίαν
2417 3533 2688 3588 ἀθάνατον
2717 3532 2817 3604 τὴν
2876 3531 3057 3603 ψυχὴν
3102 3531 3380 3586 ἀθανάτου
3426 3520 3734 3599 μεταλαϐεῖν,

505 3641 706 3695 corpus
733 3625 1013 3681 comedat:
1053 3624 1200 3695 quod
1234 3633 1415 3679 autem
1466 3621 1674 3685 anima,
1705 3635 1827 3690 qua:
1857 3625 1942 3671 est
1989 3617 2091 3670 im—

2195 3624 2286 3679 τὸν
2317 3624 2657 3695 κατάλληλον
2690 3625 2830 3695 αὐτῇ
2861 3624 3093 3696 τρόπον,
3120 3621 3174 3675 τί
3214 3618 3564 3691 θαυμαστόν;
3611 3611 3664 3666 Εἰ
3692 3607 3736 3660 δὲ

509 3717 754 3772 mortalis
786 3716 1117 3778 substantia,
1149 3715 1222 3771 sit
1262 3714 1384 3783 ejus
1431 3713 1577 3785 quod
1639 3720 1724 3768 est
1782 3709 2090 3765 immortale

2195 3714 2257 3768 τὸ
2297 3716 2485 3768 καινὸν
2539 3714 2701 3769 τοῦτο
2754 3715 2851 3769 καὶ
2892 3715 3174 3785 ὑπερφυὲς
3220 3714 3311 3770 διὰ
3366 3705 3736 3783 φιλανθρωπίαν

511 3810 805 3880 particeps.
844 3809 1009 3864 modo
1029 3808 1135 3863 sibi
1162 3805 1542 3872 conveniente,
1596 3804 1727 3875 quid
1760 3801 1997 3857 mirum?
2030 3798 2091 3855 Si

2196 3807 2430 3878 ἄφατον,
2460 3810 2555 3864 καὶ
2592 3809 2790 3879 σοφίαν
2812 3810 3130 3882 ἀπόρρητον
3151 3807 3379 3881 ἐξεῦρεν
3406 3809 3547 3868 ὅπως
3573 3802 3736 3867 ἀνιείσῃ,

511 3914 694 3961 autem
723 3906 828 3960 hoc
857 3919 1058 3959 novum
1123 3911 1179 3958 et
1230 3901 1573 3965 admirabile,
1605 3916 1703 3971 per
1755 3897 2089 3954 ineffabilem

2196 3902 2259 3956 τὸ
2287 3903 2436 3970 είκδς
2466 3903 2648 3959 καὶτὸ
2677 3903 2976 3961 ἀκόλουθον
3005 3905 3204 3971 ποιεῖν,
3239 3903 3358 3967 πῶς
3390 3902 3449 3956 οὐ
3485 3890 3738 3952 πιστευθίι-

516 3997 908 4051 humanitatetu
945 4003 999 4051 et
1030 4007 1288 4049 arcanam
1341 3992 1661 4064 sapientiam
1724 3991 1929 4047 invenit
1958 4004 2094 4059 quo-
2200 4009 2394 4061 σεταις

457 4156 481 4167 _
514 4086 679 4141 modo
709 4086 994 4157 perficeret
1018 4123 1035 4150 ,
1073 4084 1127 4139 id
1160 4082 1306 4154 quod
1336 4092 1422 4138 est
1459 4081 1745 4154 probabile
1777 4089 1831 4137 et
1861 4095 2095 4135 consen-

516 4187 739 4231 taneum
771 4174 1049 4245 quomodo
1091 4184 1196 4229 non
1228 4172 1409 4230 facere
1441 4173 1744 4230 credetur?

1119 4287 1273 4344 CAP.
1313 4285 1504 4343 XLIII.
2311 4282 2326 4301 ‘

2311 4282 2326 4301 ⁸
2770 4284 3028 4340 ΚΕΦΑΛ.
3074 4286 3210 4343 MP.

555 4381 711 4449 Quod
749 4381 943 4437 animus
961 4381 1077 4453 ejus
1106 4383 1195 4452 qui
1224 4383 1605 4443 communicat,
1656 4378 1717 4450 ﬁt
1748 4374 2063 4449 principali-

1120 4464 1201 4506 ter
1230 4451 1603 4519 sanctiﬁcatio.

2201 4377 2329 4433 Ὀτι
2365 4375 2441 4446 τῇ
2478 4375 2652 4448 ψυχῇ
2714 4378 2823 4433 τοῦ
2865 4379 3433 4448 μεταλαμϐάνοντος
3485 4389 3746 4447 προηγου-

2589 4448 2787 4518 μένως
2816 4452 2850 4504 ὁ
2871 4451 3166 4520 ἁγιασμὸς
3186 4450 3431 4504 tio-Istat.
3566 4474 3571 4479 ·

597 4543 866 4611 Quoniam
896 4551 1076 4599 autem
1109 4544 1177 4600 iis
1206 4544 1369 4599 etiam
1414 4545 1508 4613 qui
1534 4541 1713 4597 adhuc
1752 4541 1945 4596 vivunt
1976 4555 2101 4596 cum
2133 4548 2180 4606 ι)

2158 4550 2180 4604 >
2291 4538 2450 4594 Ἐπεὶ
2482 4538 2578 4593 καὶ
2612 4541 2799 4603 αὐτοῖς
2837 4543 2953 4604 τοῖς
2992 4541 3076 4594 ἐτι
3142 4542 3288 4611 μετά
3346 4542 3593 4613 σώματος
3639 4533 3749 4601 ζῶσι

524 4651 778 4706 corpore,
817 4637 978 4692 datur
1002 4636 1222 4707 quidem
1252 4637 1456 4692 donum
1488 4651 1585 4707 per
1621 4648 1845 4703 corpus,
1877 4634 1970 4690 sed
2003 4634 2110 4703 pri-

2210 4628 2415 4682 δίδοται
2449 4629 2550 4700 μὲν
2580 4628 2641 4683 τὸ
2666 4629 2839 4700 δῶρον
2865 4630 2953 4683 διὰ
2976 4631 3072 4684 τοῦ
3103 4630 3387 4701 σώματος,
3422 4630 3539 4685 ἀλλ’
3570 4629 3642 4688 είς
3668 4625 3748 4691 τὴν

533 4747 681 4784 mum
724 4729 972 4800 pervadit
1007 4730 1062 4783 in
1114 4729 1311 4783 animae
1353 4726 1739 4791 substantiam,
1774 4737 1827 4779 et
1861 4742 1958 4797 per
1985 4727 2108 4784 ani-

2210 4721 2402 4775 οὐσίαν
2435 4721 2655 4789 πρῶτον
2684 4724 2858 4792 χωρεῖ
2885 4723 2986 4791 τῆς
3011 4721 3214 4793 ψυχῆς,
3242 4724 3340 4776 καὶ
3366 4722 3453 4777 διὰ
3480 4721 3575 4790 τῆς
3599 4714 3751 4790 ψυχῆς

532 4837 674 4876 mam
712 4823 765 4875 in
819 4836 1019 4891 corpus
1055 4819 1480 4893 transmittitur,
1531 4828 1585 4873 et
1637 4817 1742 4873 hoc
1792 4817 2108 4888 significans

2211 4816 2305 4869 ἐπὶ
2329 4814 2391 4867 τὸ
2417 4814 2578 4885 σῶμα
2606 4814 2878 4869 διαϐαίνει
2900 4831 2918 4847 ο
2943 4815 3039 4869 καὶ
3063 4814 3224 4868 τοῦτο
3252 4815 3438 4885 δηλῶν
3457 4816 3485 4867 6
3513 4812 3751 4883 μακάριος

529 4913 719 4965 beatus
773 4909 1008 4976 Paulus,
1049 4929 1068 4963 ι
1109 4910 1213 4978 Qui
1272 4909 1534 4968 adhaeret.
1600 4907 1795 4976 inquit.
1852 4907 2106 4971 Domino,

2222 4905 2550 4969 ’Λπόστολος
2573 4947 2587 4973 ,
2630 4925 2651 4959 ι
2698 4905 2759 4959 Ὅ
2792 4904 3135 4975 κολλώμενος
3163 4905 3242 4976 τῷ
3270 4904 3485 4978 Κυρίῳ,
3511 4901 3681 4973 φησὶν,
3706 4893 3752 4946 ἓν

530 5018 676 5057 unus
708 5010 791 5057 est
820 5002 1066 5073 spiritus,
1095 5020 1114 5055 ›
1152 5010 1339 5071 utpote
1364 5001 1507 5070 quod
1542 5000 1594 5054 in
1626 5001 1803 5055 anima
1848 5000 2027 5071 primo
2054 5007 2108 5054 et

2211 4997 2434 5067 πνεῦμά
2459 4998 2605 5051 ἐστιν
2626 5013 2642 5030 ο
2692 5017 2711 5051 ι
2748 4997 2824 5062 ὡς
2860 4999 2917 5051 ὲν
2952 5001 3017 5068 τῇ
3041 4996 3189 5069 ψυχῇ
3221 4996 3645 5069 προηγουμένως
3674 4988 3750 5055 τῆς

530 5091 908 5163 principaliter
937 5093 1053 5148 haec
1086 5094 1218 5146 uuio
1239 5101 1292 5146 et
1317 5090 1636 5161 coujunctio
1658 5091 1943 5146 consistat.

2211 5090 2458 5155 ἐνώσεως
2499 5091 2727 5162 ταύτης,
2760 5091 2854 5145 καὶ
2890 5092 2988 5161 τῆς
3018 5092 3317 5160 συναφείας
3359 5086 3749 5156 συνισταμένης·

603 5183 720 5238 illic
746 5184 891 5238 enim
924 5186 1141 5269 proprie
1198 5184 1411 5247 homo;
1477 5181 1589 5237 illic
1637 5183 1799 5236 etiam
1861 5181 2106 5238 sanctifi-

2295 5184 2444 5236 Ἐκεῖ
2472 5185 2583 5255 γὰρ
2614 5183 2821 5254 κυρίως
2852 5185 2880 5237 6
2924 5182 3213 5256 ἄνθρωπος
3232 5201 3247 5216 ο
3284 5185 3406 5237 ἐκεῖ
3448 5183 3541 5236 καὶ
3570 5180 3596 5231 6
3623 5178 3754 5242 ἀτιῖ-

438 5265 441 5269 ’
532 5276 677 5331 catio
710 5291 830 5346 quae
881 5265 1254 5343 proficiscitur
1306 5289 1372 5329 ex
1424 5273 1721 5329 virtutibus
1753 5283 1807 5329 et
1862 5274 2027 5331 huma

2212 5275 2350 5347 σμὸς
2414 5276 2442 5328 6
2497 5274 2608 5327 ἀπὸ
2658 5274 2768 5327 τῶν
2823 5273 3058 5346 ἀρετῶν,
3118 5274 3212 5329 καὶ
3264 5276 3393 5345 τῆςι
3430 5266 3752 5340 ἀνθρωπίνης

410 5410 429 5419 ,
530 5368 732 5431 studio,
760 5378 815 5421 et
852 5366 981 5420 illud
1008 5366 1151 5435 quod
1200 5374 1406 5433 peccat.
1454 5365 1686 5436 Corpori
1710 5376 1888 5424 autem
1921 5384 2001 5423 om

2212 5365 2448 5433 σπουδῆς
2470 5380 2485 5393 ο
2523 5363 2616 5417 καὶ
2660 5363 2720 5417 τὸ
2759 5364 3075 5436 ἁμαρτάνον
3111 5366 3249 5431 ἐκεῖ,
3287 5364 3385 5418 καὶ
3427 5362 3488 5416 τὸ
3529 5359 3754 5426 δεόμενον

531 5461 672 5514 iiuut
697 5476 760 5513 ex
790 5458 972 5511 anima
1002 5474 1017 5521 ;
1048 5464 1103 5510 et
1124 5454 1582 5523 quemadmodum
1634 5471 1665 5512 a
1711 5459 1868 5514 malis
1903 5461 2110 5531 cogita-

2210 5457 2309 5525 τῆς
2341 5454 2645 5525 θεραπείας
2674 5454 2783 5509 ἀπὸ
2819 5455 2927 5508 τῶν
2959 5453 3171 5526 δώρων,
3206 5455 3408 5510 ἐκεῖνο.
3447 5452 3534 5523 Τῷ
3569 5447 3752 5531 σώματι

533 5551 774 5605 tionibus
808 5564 930 5619 quae
982 5562 1048 5601 ex
1118 5546 1282 5601 corde
1346 5558 1565 5613 exeunt,
1632 5529 1989 5619 inquinatur,
2030 5553 2106 5605 ita

2210 5547 2267 5600 δὲ
2300 5545 2478 5600 πάντα
2503 5546 2611 5599 ἀπδ
2656 5546 2757 5617 τῆς
2784 5544 2965 5616 ψυχῆς
2995 5545 3204 5615 γίνεται
3228 5560 3242 5575 ·
3299 5546 3397 5598 καὶ
3432 5544 3612 5608 ὥσπερ
3662 5529 3755 5585 άπδ

533 5642 693 5698 etiam
729 5640 881 5693 illiue
904 5647 990 5694 est
1018 5637 1067 5691 ei
1122 5636 1515 5695 sanctificatio:
1579 5642 1722 5696 sicut
1756 5659 1877 5712 quae
1907 5660 1937 5697 a
1993 5645 2107 5697 vir-

2210 5638 2318 5691 τῶν
2362 5639 2617 5708 πονηρῶν
2664 5639 3053 5709 διαλογισμῶν,
3101 5624 3207 5691 τῶν
3252 5638 3363 5690 ἀπὸ
3401 5636 3501 5705 τῆς
3553 5624 3752 5699 καρδίας

535 5742 672 5793 tute,
705 5731 778 5784 ita
809 5729 973 5784 etiam
999 5743 1121 5796 qua:
1147 5743 1177 5782 a
1210 5731 1606 5788 sacramentis:
1640 5735 1889 5787 nonnulli
1919 5742 2103 5788 autem

2210 5731 2586 5801 ἐξερχομένων
2615 5729 2929 5801 μολύνεται,
2958 5731 3101 5784 οὓτω
3123 5731 3214 5782 καὶ
3234 5733 3260 5782 6
3279 5727 3550 5798 ἁγιασμὸς
3572 5718 3752 5775 ἐκεῖθεν

537 5818 714 5876 morbi
742 5819 908 5874 etiam
964 5816 1299 5886 corporales,
1361 5835 1592 5889 quorum
1631 5836 1794 5875 causa
1840 5820 1940 5874 fuit
1981 5820 2101 5875 ani-

2212 5820 2382 5891 αὖτῷ,
2413 5822 2664 5893 καθάπερ
2695 5825 2722 5875 6
2755 5822 2863 5875 ἀπ’)
2907 5824 3002 5893 τῆς
3037 5821 3235 5892 ἀρετῆς
3260 5837 3276 5851 ⁸
3334 5821 3478 5873 οὕτω
3533 5815 3621 5869 καὶ
3659 5805 3752 5863 ἀπὸ
