4030 6450
416 361 521 425 461

1609 362 2010 425 LITURGIAE
2053 362 2486 423 EXPOSITIO.

3564 365 3669 427 ἕτθὲ

414 471 525 522 τῶν
548 471 889 542 μυστηρίων.
939 472 1134 537 Ἐνίοις
1161 473 1219 528 δὲ
1254 474 1571 545 σωματικαὶ
1594 475 1739 531 νόσοι
1766 466 1975 545 συμϐαίη

2099 488 2200 526 nne
2235 474 2576 543 improbitas.
2606 471 2758 539 Quod
2797 473 2984 528 volens
3036 472 3347 544 significare
3389 474 3672 535 St‘rtzllm',

412 578 618 628 νουσιν,
655 563 836 617 αίτίαν
872 562 1093 635 ἔχουσαι
1123 565 1222 635 τὴν
1280 566 1615 636 κακοήθειαν
1650 570 1744 637 τῆς
1769 568 1945 637 ψυχῆς
1969 585 1982 600 ⁶

412 652 441 704 ὃ
465 655 707 722 σημᾶναι
739 654 1064 725 βουλόμενος
1092 658 1119 709 6
1162 657 1375 728 Σωτὴρ,
1406 657 1484 727 τῷ
1515 656 1855 725 θεραπεῦσαι
1889 657 1988 727 τὴν

410 743 504 795 τοῦ
542 744 826 809 νοσοῦντος
859 746 1061 817 ψυχὴν,
1093 749 1232 819 ὅπερ
1262 744 1330 819 ἦν
1362 747 1470 803 τῶν
1502 750 1785 820 ἁμαρτιῶν
1818 751 1988 816 αὐτὴν

416 834 707 899 ἀπολύσαι,
753 838 816 889 τὸ
864 838 1023 907 σῶμα
1061 841 1161 908 τῆς
1212 841 1529 911 ἀρρωστίας
1563 842 1887 911 ἀνέστησεν.
1924 842 1987 894 El

413 926 593 982 τοίνυν
624 929 744 982 οὐδὲ
775 930 914 1000 πρὸς
943 931 1041 1003 τὴν
1074 932 1345 1003 ὑποδοχὴν
1374 933 1469 986 τοῦ
1504 933 1783 1003 ἀγιασμοῦ
1815 934 1986 987 δεῖται

412 1019 504 1071 τοῦ
531 1019 788 1090 σώματος
814 1023 847 1091 ἡ
870 1020 1042 1093 ψυχὴ,
1072 1023 1207 1077 ἀλλὰ
1240 1024 1446 1094 ταύτης
1479 1023 1678 1095 μᾶλλον
1705 1025 1902 1091 ἐκεῖνο,
1933 1023 1987 1078 τί

412 1109 576 1161 πλέον
603 1110 701 1180 τῆς
734 1111 963 1183 τελετῆς
995 1112 1212 1183 ἔχουσιν
1245 1115 1300 1166 al
1350 1116 1679 1186 μετέχουσαι
1732 1115 1986 1183 σώματος

405 1200 578 1270 ψυχαὶ
604 1203 713 1256 τῶν
749 1204 1217 1274 ἀπηλλαγμένων,
1272 1208 1356 1261 ὅτι
1410 1207 1502 1263 τὸν
1554 1210 1705 1278 ἱέρεα
1759 1208 1983 1279 ὁρῶσιν,

409 1295 510 1346 καὶ
538 1295 666 1364 παρ’
700 1296 867 1349 αὑτοῦ
908 1298 972 1350 τὰ
1006 1297 1154 1369 δῶρα
1188 1300 1470 1370 δέχονται;
1517 1301 1683 1354 Ἀλλὰ
1732 1303 1985 1355 κάκεῖναι

409 1385 503 1437 τὸν
526 1389 742 1440 αἰώνιον
770 1387 987 1459 ἔχουσιν
1013 1391 1163 1461 ἱερέα
1190 1392 1369 1445 πάντα
1417 1394 1589 1446 ταῦτα
1618 1393 1808 1458 αὑταῖς
1839 1393 1987 1462 γινόο

409 1492 595 1545 μενον.
643 1477 700 1542 6;
761 1479 856 1532 καὶ
904 1479 1012 1534 τῶν
1066 1482 1147 1536 ἐτι
1198 1482 1420 1547 ζώντων
1473 1488 1590 1547 τοῖς
1644 1484 1720 1548 ὡς
1762 1484 1985 1554 ἀληθῶς

406 1566 767 1636 λαμϐάνουσι,
794 1573 1172 1641 μεταδίδωσιν.
1201 1576 1276 1627 Οὐ
1297 1576 1632 1646 γὰρπάντες
1655 1573 1737 1641 οἷς
1769 1578 1984 1634 δίδωσιν

409 1659 435 1711 5
494 1659 673 1727 ἱερεὺς
727 1660 946 1732 ἀληθῶς
996 1665 1546 1734 μεταλαμόοἱνουσινο
1614 1668 1729 1722 ἀλλ’
1781 1673 1983 1723 ἐκεῖνοι

408 1752 564 1821 μόνοι
601 1752 836 1819 πάντως,
867 1751 949 1818 οἷς
992 1756 1156 1821 αὐτὸς
1195 1757 1410 1812 δίδωσιν
1440 1761 1467 1812 6
1494 1760 1749 1831 Χριστός.
1790 1762 1849 1815 '0
1881 1761 1983 1833 μὲν

405 1844 519 1911 γὰρ
576 1844 779 1914 ἱερεὺς,
818 1848 984 1900 πᾶσιν
1046 1847 1234 1913 ἁπλῶς
1285 1851 1401 1913 τοῖς
1450 1851 1805 1925 προσιοῦσιν*
1847 1853 1873 1905 6
1926 1853 1984 1907 δὲ

407 1934 671 2005 Χριστὸς,
705 1939 819 2001 τοῖς
848 1938 1023 2004 ἀξίοις
1046 1939 1143 1994 τοῦ
1180 1945 1494 2014 μετασχεῖν.
1526 1944 1692 2000 Ὅθεν
1720 1946 1879 2015 δῆλον
1906 1946 1982 2012 ὡς

403 2026 433 2076 ό
453 2025 626 2078 τελῶν
652 2027 751 2090 τὰς
774 2027 955 2100 ψυχὰς
986 2031 1047 2084 τὸ
1077 2034 1405 2105 μυστήριον,
1436 2036 1535 2091 καὶ
1564 2036 1835 2105 ἁγιάζων,
1886 2039 1982 2093 καὶ

405 2116 616 2182 ζῶντας
674 2120 767 2173 καὶ
816 2121 1173 2194 τεθνηκότας,
1234 2126 1395 2196 μόνος
1430 2145 1515 2190 τις
1570 2131 1733 2196 αὐτός
1779 2132 1983 2186 ὲστινό

403 2211 619 2282 Σωτήρ.
694 2213 789 2267 Ἐκ
845 2214 909 2285 δὴ
959 2216 1069 2270 τῶν
1124 2219 1433 2291 εἰρημένων
1482 2222 1742 2279 ἁπάντων
1805 2227 1983 2280 ἐκεῖνο

403 2301 616 2367 γίνεται
658 2302 837 2373 δῆλον,
870 2305 954 2358 ότι
1017 2307 1197 2361 πάντα
1245 2309 1349 2365 ὅσα
1400 2313 1480 2376 είς
1518 2312 1619 2382 τὴν
1667 2313 1822 2383 ἱερὰν
1853 2314 1980 2384 ἥκει

402 2392 647 2464 τελετὴν,
681 2394 840 2448 κοινὰ
866 2397 982 2450 ἐστι
1027 2400 1124 2452 καὶ
1171 2397 1309 2463 ζῶσι
1345 2401 1439 2455 καὶ
1489 2401 1803 2476 τεθνηκόσι.
1866 2406 1979 2459 Καὶ

402 2484 514 2556 γὰρ
536 2487 604 2539 τὰ
639 2488 787 2540 αίτια
821 2488 917 2542 τοῦ
948 2490 1250 2560 ἀγιασμοῦ,
1276 2493 1483 2563 ψυχικά
1513 2492 1647 2548 ὄντα
1677 2494 1859 2563 ἀγαθά
1882 2495 1978 2551 καὶ

400 2577 732 2647 ἀμφοτέροις
762 2579 1027 2649 πρόσεστι
1054 2597 1069 2613 ·
1100 2582 1192 2636 καὶ
1218 2572 1299 2637 τὸ“
1317 2586 1748 2656 προηγουμένως
1773 2586 1869 2641 καὶ
1901 2588 1978 2640 ol-

402 2669 566 2732 κείως
593 2669 717 2738 ἕχον
743 2670 883 2741 πρὸς
905 2671 997 2724 τὸν
1028 2672 1324 2744 ἁγιασμόν,
1349 2676 1411 2729 τὸ
1435 2677 1567 2731 αὑτό
1594 2691 1610 2708 ·
1634 2676 1744 2746 καη
1762 2678 1791 2731 6
1822 2678 1980 2747 ἀγιά-

402 2760 513 2824 ζων
550 2761 754 2831 ίερεὺς,
805 2765 833 2817 6
861 2765 1044 2830 αύτός.
1076 2765 1252 2821 Τοῦτο
1284 2768 1447 2838 μόνον
1484 2771 1600 2834 τοῖς
1650 2771 1708 2823 ἐν
1762 2770 1974 2841 σώματι

400 2853 538 2915 ζῶσι
587 2856 811 2924 προσὸν,
863 2857 925 2910 ού
992 2858 1218 2928 μέτεστι
1257 2863 1374 2925 τοῖς
1428 2861 1747 2927 ἀπελθοῦσι,
1772 2864 1833 2917 τὸ
1877 2863 1975 2920 καὶ

395 2948 527 3009 τοῦς
566 2948 819 3015 ἀναξίους
868 2949 976 3003 τῶν
1014 2952 1335 3023 μυστηρίων
1389 2952 1718 3023 ἀγιάζεσθαι
1768 2956 1969 3024 δοκεῖν,

394 3040 479 3093 ὅτι
508 3040 575 3094 τὰ
618 3041 768 3111 δῖιρα
816 3042 894 3113 τῷ
929 3042 1142 3113 σώματι
1189 3043 1463 3116 δέχονται.
1510 3047 1665 3101 Ἐκεῖ
1697 3048 1805 3119 γὰρ
1849 3048 1970 3101 οὐδὲ

358 3134 685 3202 “προσιέναι
738 3134 988 3201 δυνατὸν,
1033 3135 1087 3205 εί
1138 3153 1223 3199 τις
1275 3137 1791 3209 ἁπαρασκευάστως
1832 3138 1966 3211 ἔχει,
1996 3159 2040 3221 c

393 3223 536 3277 ἀλλὰ
568 3225 748 3293 μόνοις
777 3224 952 3290 ἔξεστι
976 3227 1089 3290 τοῖς
1113 3224 1287 3292 ἀξίοις
1321 3228 1355 3298 ἡ
1390 3230 1650 3299 μετουσία
1680 3246 1694 3260 ο
1726 3229 1885 3284 τοῦτο
1913 3230 1971 3285 δὲ

392 3314 523 3367 οὐδὲ
557 3316 912 3386 προστίθησιν
936 3317 1210 3388 ἀγιασμδν
1245 3320 1361 3382 τοῖς
1396 3318 1565 3383 ζῶσιν
1596 3336 1610 3352 ⁸
1644 3320 1779 3375 ἀλλὰ
1802 3323 1972 3376 τούν-

397 3408 582 3460 αντίον
618 3408 847 3461 κόλασιν
876 3409 991 3480 ἔχει
1013 3408 1112 3479 τὴν
1139 3411 1399 3484 ἐσχάτην.
1431 3412 1544 3467 Καὶ
1567 3414 1658 3467 διὰ
1684 3415 1848 3468 τοῦτο
1876 3414 1973 3473 τοῦ

396 3500 590 3566 γένους
636 3498 744 3553 τῶν
775 3498 993 3561 ζώντων
1034 3495 1176 3554 εἶναι
1224 3499 1611 3573 πλεονέκτημα
1637 3503 1838 3557 πολλοῦ
1869 3503 1969 3558 δεῖ.

403 3591 526 3643 Ἐτι
555 3590 609 3644 δὲ
642 3593 736 3644 καὶ
759 3590 828 3644 δι’
850 3593 1060 3646 ἐκεῖνον
1083 3593 1175 3646 τὸν
1202 3595 1361 3663 λόγον
1386 3596 1622 3665 φανερὸν
1655 3596 1870 3663 γίνεται
1890 3597 1972 3651 ὅτι

403 3684 463 3736 οὺ
503 3684 663 3753 μόνον
691 3683 893 3751 ἔξεστι,
935 3684 1030 3737 καὶ
1057 3686 1212 3740 οὐδὲν
1235 3686 1350 3756 ἔχει
1400 3686 1652 3759 κώλυμα,
1714 3685 1832 3739 ἀλλ’
1890 3687 1972 3739 ὅτι

407 3778 498 3828 καὶ
523 3777 835 3845 ἀναγκαίως
864 3779 1149 3833 ἀκολουθεῖ
1171 3781 1290 3842 ταῖς
1306 3779 1509 3850 ψυχαῖς
1538 3781 1774 3843 ἑκεῖναις
1803 3782 1835 3849 ὴ
1864 3779 1975 3832 τῶν

408 3870 559 3941 ἱερῶν
608 3872 799 3943 δώρων
849 3864 1174 3944 μετάληψις.
1226 3871 1287 3926 Εἰ
1315 3873 1417 3942 μὲν
1443 3873 1553 3942 γὰρ
1578 3873 1672 3926 καί
1702 3891 1754 3926 τι
1785 3872 1974 3943 ἕτερον

396 3957 465 4035 ἦν
486 3965 545 4019 τὸ
564 3967 660 4028 τάς
688 3965 871 4038 ψυχὰς
917 3967 1211 4038 εὐφραῖνον
1256 3966 1349 4021 καὶ
1379 3965 1665 4019 ἁναπαῦον
1708 3967 1847 4033 ἐκεῖ,
1903 3961 1973 4037 ἦν

396 4053 463 4108 ἂν
491 4056 668 4109 ἐκεῖνο
692 4057 862 4126 γέρας
889 4059 1009 4121 ταῖς
1043 4056 1224 4124 ἀξίαις
1251 4058 1352 4127 τῆς
1419 4040 1819 4127 καθαρότητος,
1876 4058 1972 4109 καὶ

391 4146 497 4201 οὐκ
521 4146 585 4201 ἂν
610 4148 797 4218 ὲδέησε
832 4148 1037 4219 ταύτης
1066 4151 1166 4220 τῆς
1197 4146 1484 4221 τραπέζης
1516 4147 1576 4213 ἐξ
1606 4150 1854 4220 ἀνάγκης
1876 4149 1973 4202 αὖ·

393 4242 537 4302 ταῖς.
588 4240 703 4293 Νῦν
752 4240 810 4293 δὲ
860 4242 920 4295 τὸ
965 4242 1151 4295 πᾶσαν
1193 4241 1407 4310 τρυφὴν
1448 4240 1545 4294 καὶ
1587 4240 1973 4311 μακαριότητα

393 4333 508 4394 τοῖς
547 4332 665 4385 ἐκεῖ
688 4334 1002 4403 γενομένοις
1034 4331 1428 4404 ἐργαζόμενον,
1484 4333 1596 4387 εἴτε
1644 4332 1973 4404 παράδεισον

391 4426 589 4490 εἴποις,
616 4424 724 4479 εἴτε
752 4426 989 4490 κόλπους
1024 4425 1297 4496 Ἀδραάμ,
1326 4424 1437 4478 εἴτε
1459 4424 1639 4496 λύπης
1662 4424 1758 4479 καὶ
1777 4424 1973 4494 ὀδύνης

2093 567 2149 620 in
2173 565 2457 620 liberanda
2485 582 2511 619 a
2550 567 2744 621 morbo
2790 568 2995 630 anima,
3023 566 3167 637 quod
3197 576 3277 622 est
3306 582 3427 622 eam
3448 567 3677 624 liberare

2092 673 2120 711 a
2148 660 2409 726 peccatis,
2438 674 2468 713 a
2498 674 2733 728 corpore
2790 658 3165 715 inﬁrmitatem
3202 661 3427 730 depulit.
3467 658 3521 715 Si
3548 676 3678 733 ergo

2090 765 2190 805 nec
2218 750 2282 803 ad
2307 751 2757 807 sanctificationis
2808 750 3031 821 quidem
3070 753 3473 822 susceptionem
3515 753 3678 808 habet

2089 841 2272 897 anima
2302 855 2442 912 Opus
2473 856 2727 911 corpore,
2763 842 2857 897 sed
2890 841 3025 896 illud
3080 857 3142 897 ea
3173 842 3379 914 potius,
3423 858 3522 899 cur
3552 855 3679 899 sunt

2090 933 2268 1003 magis
2305 933 2555 1005 mysterii
2609 933 2903 1006 participes
2951 935 3151 990 anima:
3201 949 3322 1005 quae
3363 951 3563 1006 corpus
3585 936 3677 992 ha-

2089 1023 2241 1091 bent,
2274 1040 2437 1095 quam
2471 1041 2590 1095 qua:
2617 1026 2683 1080 ab
2702 1041 2768 1081 eo
2795 1033 2928 1080 sunt
2973 1025 3199 1081 liberae?
3235 1025 3392 1093 Quod
3427 1027 3679 1082 sacerdo-

2090 1124 2198 1171 tem
2228 1116 2436 1181 vident,
2469 1125 2524 1171 et
2543 1118 2611 1172 ab
2641 1133 2707 1172 eo
2738 1118 3169 1174 dona-sumunt?
3196 1118 3360 1189 Atqui
3387 1118 3491 1174 illa:
3512 1119 3676 1174 etiam

2089 1206 2295 1262 habent
2326 1215 2591 1262 aeternum
2629 1209 3001 1274 sacerdotem,
3053 1210 3144 1280 qui
3179 1209 3361 1265 omnia
3387 1210 3468 1265 eis
3499 1211 3678 1266 factus

2089 1305 2191 1360 est,
2229 1296 2324 1367 qui
2357 1297 2519 1353 etiam
2552 1298 2620 1354 iis
2645 1298 2739 1369 qui
2772 1314 2838 1354 ex
2867 1300 3004 1356 vivis
3032 1316 3158 1357 vere
3185 1310 3434 1366 sumunt,
3468 1301 3677 1372 imper-

2088 1389 2174 1444 tit.
2211 1388 2327 1444 Non
2359 1390 2503 1445 enim
2528 1405 2721 1446 omnes
2755 1392 2952 1462 quibus
2997 1392 3090 1447 dat
3122 1394 3405 1457 sacerdos,
3438 1408 3567 1448 vere
3599 1395 3676 1463 (ι)

2089 1489 2338 1543 sumunt,
2382 1481 2476 1536 sed
2500 1482 2579 1536 illi
2610 1482 2838 1538 omnino
2892 1483 2993 1538 soli
3025 1484 3225 1554 quibus
3257 1483 3487 1555 datipse
3523 1484 3678 1539 Chri—

2088 1578 2230 1627 stus.
2271 1570 2542 1640 Sacerdos
2584 1574 2727 1627 enim
2757 1575 3036 1638 omnibus,
3067 1584 3127 1630 ut
3156 1576 3322 1631 semel
3353 1575 3554 1639 dicam,
3582 1579 3672 1645 qui

2085 1666 2373 1729 accedunt,
2401 1663 2657 1720 Christus
2692 1675 2873 1722 autem
2907 1668 3002 1722 dat
3029 1668 3096 1723 iis
3157 1668 3336 1724 solum
3370 1668 3463 1739 qui
3506 1669 3676 1736 parti-

2088 1754 2234 1824 cipes
2264 1770 2383 1813 esse
2404 1756 2554 1826 digni
2586 1766 2735 1813 sunt.
2776 1758 2929 1814 Unde
2972 1760 3181 1815 clarum
3213 1771 3317 1823 εει,
3379 1759 3528 1832 quod
3579 1760 3674 1830 qui

2092 1846 2303 1904 animas
2334 1860 2680 1904 sacramento
2746 1851 2960 1921 perficit
3016 1861 3072 1908 et
3093 1853 3417 1918 sanctificat,
3442 1861 3495 1906 et
3517 1853 3675 1908 vivos

2086 1945 2141 1993 et
2163 1946 2436 2006 mortuos,
2464 1941 2613 1996 solus
2641 1950 2726 1998 est
2755 1942 2871 2012 ipse
2891 1951 3163 1999 servator.
3192 1943 3265 1998 Ex
3299 1941 3461 2000 dictis
3485 1944 3677 2013 utique

2085 2027 2344 2084 omnibus
2398 2028 2458 2083 fit
2484 2030 2614 2085 illud
2644 2030 3020 2099 manifestum,
3063 2034 3210 2105 quod
3238 2049 3579 2104 quaecunque.
3607 2035 3674 2089 ad

2084 2120 2229 2176 sacri
2266 2123 2513 2193 mysterii
2539 2122 2966 2181 celebrationem
3012 2127 3306 2198 pertinent,
3375 2136 3673 2184 suntcom-

2085 2212 2272 2268 nmnia
2302 2223 2356 2269 et
2386 2213 2525 2271 vivis
2554 2223 2612 2271 et
2646 2217 2902 2274 mortuis.
2943 2219 3136 2275 Causae
3172 2222 3320 2276 enim
3363 2221 3674 2277 sanctiﬁca-

2085 2302 2278 2371 tionis,
2310 2321 2435 2363 cum
2462 2307 2529 2362 ad
2566 2307 2807 2363 animam
2853 2310 3186 2380 pertineant,
3226 2312 3389 2367 etiam
3421 2312 3674 2383 utrisque

2082 2394 2311 2464 insunt;
2342 2406 2396 2453 et
2428 2397 2481 2453 id
2511 2399 2658 2469 quod
2705 2401 2884 2470 primo
2933 2410 2990 2458 ct
3034 2403 3410 2474 principaliter
3453 2413 3509 2461 et
3552 2421 3675 2475 pro-

2081 2487 2200 2556 prie
2267 2489 2759 2547 sanctilicatiouem
2809 2494 3058 2563 suscipit,
3112 2496 3276 2563 idem,
3308 2505 3364 2552 et
3418 2498 3674 2554 sacerdos

2081 2580 2177 2650 qui
2212 2581 2542 2650 sanctiﬁcat,
2580 2582 2721 2639 idem
2750 2602 2764 2640 :
2798 2586 2943 2655 quod
2990 2587 3167 2643 solum
3198 2589 3351 2644 adest
3372 2590 3442 2645 iis
3471 2592 3563 2661 qui
3596 2592 3677 2646 vi—

2080 2680 2219 2727 vunt
2250 2672 2305 2727 in
2337 2688 2592 2745 corpore,
2628 2690 2736 2730 non
2769 2688 2853 2733 est
2878 2679 2934 2732 in
2999 2678 3066 2735 iis
3110 2680 3202 2750 qui
3240 2682 3435 2740 evivis
3478 2698 3674 2739 exces-

2079 2771 2310 2831 serunt,
2344 2773 2407 2821 ut
2440 2766 2605 2821 etiam
2642 2768 2735 2836 qui
2778 2771 3056 2840 mysteriis
3094 2770 3303 2843 indigni
3346 2783 3493 2839 sunt,
3522 2776 3675 2830 vide-

2078 2862 2245 2911 antur
2281 2857 2636 2926 sanctiﬁcari,
2668 2860 2933 2930 quoniam
2981 2859 3120 2917 dona
3153 2877 3249 2919 ore
3270 2875 3520 2922 sumunt.
3552 2864 3672 2923 lliic

2075 2947 2222 3002 enim
2251 2964 2352 3004 nec
2385 2951 2648 3008 accedere
2679 2951 2900 3022 quidem
2952 2963 3132 3023 potest
3186 2956 3482 3026 quispiam,
3516 2959 3562 3014 si
3602 2960 3674 3014 sit

2077 3038 2398 3110 imparatus,
2422 3041 2517 3098 sed
2543 3043 2676 3104 solis
2700 3043 2766 3099 iis
2789 3044 2883 3116 qui
2916 3045 3062 3117 digni
3106 3054 3255 3113 sunt,
3317 3049 3477 3102 datur
3503 3050 3673 3119 parti-

2075 3132 2315 3203 cipatio;
2348 3135 2455 3191 hoc
2483 3144 2664 3191 autem
2720 3152 2829 3191 non
2861 3137 3052 3192 tribuit
3104 3139 3241 3195 vivis
3280 3141 3670 3216 sanctificatio-

2077 3240 2227 3288 nem,
2282 3227 2377 3282 sed
2430 3237 2621 3283 contra
2686 3230 2850 3285 habet
2903 3229 3151 3286 ultimum
3203 3231 3553 3302 supplicium,
3612 3221 3669 3288 ει

2073 3328 2362 3389 pr0pterea
2407 3320 2639 3375 multum
2680 3323 2836 3377 abest
2877 3333 2935 3377 ut
2978 3323 3232 3378 vivorum
3291 3340 3463 3394 genus
3490 3325 3664 3381 siteis

2078 3414 2186 3470 hac
2236 3428 2296 3468 re
2340 3414 2615 3481 superius.
2676 3413 2967 3485 Propterea
3022 3424 3206 3471 autem
3253 3416 3414 3471 etiam
3444 3428 3670 3489 propter

2079 3507 2224 3560 illam
2285 3506 2555 3560 rationem
2596 3506 2804 3561 clarum
2832 3515 2939 3570 est,
2993 3509 3136 3576 quod
3169 3521 3279 3563 non
3303 3509 3482 3564 solum
3526 3509 3657 3565 licet

2075 3598 2298 3669 etquod
2329 3597 2466 3653 nihil
2512 3607 2680 3662 vetat,
2714 3599 2807 3653 sed
2842 3599 3007 3653 etiam
3054 3600 3200 3669 quod
3260 3600 3380 3655 illas
3448 3601 3664 3656 animas

2077 3691 2386 3747 necessario
2410 3692 2766 3760 consequitur
2798 3702 3113 3748 sanctorum
3165 3693 3434 3749 donorum
3488 3698 3661 3765 parti-

2074 3781 2299 3851 cipatio.
2336 3779 2394 3834 Si
2424 3782 2568 3836 enim
2606 3792 2751 3838 esset
2775 3782 2986 3852 aliquid
3009 3783 3179 3849 aliud,
3218 3784 3363 3855 quod
3402 3784 3511 3841 illic
3543 3787 3662 3841 ani-

2076 3875 2180 3930 mis
2204 3881 2259 3928 et
2332 3874 2753 3929 delectationem
2789 3885 2844 3930 et
2906 3876 3145 3945 quietem
3184 3877 3467 3947 praeberet,
3515 3890 3661 3935 essnt

2074 3961 2210 4018 illud
2261 3962 2545 4034 prazmium
2588 3964 2657 4018 iis
2701 3980 2825 4035 quae
2867 3980 3018 4035 purze
3075 3974 3203 4021 sunt
3238 3974 3294 4021 et
3344 3968 3662 4031 muudaa,et

2076 4071 2186 4110 non
2230 4054 2310 4112 eis
2341 4055 2445 4111 hac
2480 4070 2670 4110 mensa
2725 4057 3043 4111 necessario
3100 4071 3241 4127 Opus
3286 4065 3473 4124 esset;
3512 4074 3659 4113 nunc

2077 4156 2255 4202 autem
2295 4146 2345 4201 id
2377 4148 2523 4219 quod
2564 4161 2780 4202 omnem
2816 4148 3148 4217 voluptatem
3181 4157 3236 4202 et
3264 4148 3657 4204 beatitudinem

2072 4242 2144 4297 iis
2177 4240 2269 4311 qui
2299 4240 2409 4296 illic
2446 4251 2595 4307 sunt,
2628 4242 2820 4307 efficit,
2856 4242 2973 4298 sive
3003 4241 3156 4297 dicas
3180 4240 3518 4312 paradisum,
3542 4242 3658 4297 sive

2074 4331 2253 4385 sinum
2277 4332 2531 4400 Abrahae,
2552 4332 2665 4387 sive
2686 4333 2754 4388 ab
2773 4332 2923 4387 omni
2969 4331 3161 4389 dolore
3185 4341 3241 4387 et
3271 4331 3490 4388 tristitia
3519 4348 3657 4404 pura

2074 4431 2131 4476 et
2159 4422 2338 4477 lucida
2365 4431 2419 4477 et
2442 4422 2637 4479 viridia
2669 4432 2725 4478 ει
2744 4422 3123 4494 refrigerantia
3151 4424 3291 4489 loca,
3330 4424 3446 4479 sive
3468 4424 3652 4495 ipsum

390 4515 616 4586 ἀπάσης
640 4516 917 4587 καθαροὺς
961 4519 1056 4572 καὶ
1099 4516 1397 4585 φωτεινοὺς
1445 4516 1541 4568 και
1579 4515 1837 4587 χλωροὺς
1866 4516 1965 4569 καὶ

2080 4530 2321 4586 regnum,
2346 4515 2483 4571 nihil
2513 4524 2597 4571 est
2625 4514 2772 4571 aliud
2799 4531 2963 4586 quam
2994 4516 3084 4569 hic
3105 4514 3243 4568 calix
3265 4524 3320 4569 et
3344 4514 3435 4569 hic
3462 4517 3650 4585 panis.

391 4608 768 4682 ἀναψύχοντας
790 4611 1010 4676 τόπους,
1035 4609 1147 4664 εἴτε
1172 4609 1271 4680 τὴν
1296 4608 1577 4680 βασιλείαν
1601 4609 1795 4679 αὐτήν*
1828 4609 1985 4664 οὐδὲν
2016 4609 2207 4681 ἕτερόν
2229 4611 2379 4663 ἐστιν
2414 4608 2448 4678 ἢ
2485 4611 2645 4661 τοῦτο
2676 4608 2739 4662 τὸ
2781 4607 3076 4678 ποτήριον,
3110 4606 3205 4659 καὶ
3228 4599 3384 4667 οὗτος
3411 4608 3440 4659 6
3461 4605 3648 4678 ἄρτος.

464 4702 648 4757 Ταῦτα
675 4722 783 4777 γαρ
808 4707 837 4760 6
868 4704 1116 4776 μεσίτης,
1143 4706 1172 4758 ό
1198 4703 1506 4774 πρόδρομος
1532 4702 1676 4774 ύπὶρ
1702 4702 1861 4773 ἡμῶν
1887 4706 1967 4768 είς

390 4795 463 4851 τὰ
490 4797 645 4864 ἅγια,
677 4798 706 4850 6
739 4798 898 4868 μόνος
925 4796 1075 4864 ἀγων
1101 4798 1183 4859 είς
1213 4794 1309 4850 τὸν
1328 4796 1572 4867 Πατέρα,
1600 4798 1628 4850 ό
1664 4796 1824 4867 μόνος
1852 4796 1965 4852 τῶν

389 4888 581 4961 ψυχῶν
605 4890 775 4957 ἥλιος,
804 4888 902 4943 νῦν
931 4889 1031 4959 μὲν
1058 4887 1204 4943 οὕτω
1244 4888 1577 4959 φαινόμενος
1612 4888 1705 4942 καὶ
1739 4890 1966 4960 μετεχό-

395 4999 578 5052 μενος,
604 4980 677 5046 ὡς
696 4981 962 5052 ἠθέλησεν
989 4981 1172 5048 αὐτὸς,
1195 4983 1307 5042 τοῖς
1324 4980 1566 5052 δεσμίοις
1595 4982 1695 5052 τῆς
1726 4982 1928 5052 σαρκός
1947 4997 1964 5014 ⁶

390 5076 515 5128 τότε
563 5074 620 5127 δὲ
670 5074 1041 5145 ὀφθησόμενος
1090 5076 1189 5129 καὶ
1238 5074 1789 5150 μεταληφθησόμενος
1835 5074 1966 5132 ἀνευ

391 5166 911 5237 παραπετασμάτων
933 5181 948 5196 ⁶
976 5167 1066 5221 ὅτε
1096 5165 1340 5237 ὀψόμεθα
1365 5167 1550 5232 αὐτὸν,
1589 5166 1746 5235 φησι,
1778 5165 1963 5230 καθώς

388 5261 538 5310 ἐστιν
568 5271 585 5289 ο
614 5258 704 5311 ὅτε
734 5257 808 5321 ὡς
837 5257 1038 5329 πτῶμα
1084 5258 1415 5326 συγκαλέσει
1452 5258 1581 5320 τοὺς
1608 5258 1799 5318 ἀετούς
1823 5272 1838 5288 ·
1869 5257 1961 5308 ὅτε

390 5346 757 5419 περιζώσεται
802 5350 899 5402 καὶ
940 5349 1222 5403 ἀνακλινεῖ
1268 5350 1488 5412 αὐτοὺς,
1530 5350 1627 5402 καὶ
1668 5346 1962 5418 παρελθὼν

386 5442 706 5512 διακονήσει
751 5441 936 5505 αὐτοῖς
958 5458 974 5473 ’
1004 5442 1094 5496 ὅτε
1136 5442 1231 5495 ἐπὶ
1258 5443 1369 5497 τῶν
1399 5442 1644 5512 νεφελῶν
1668 5440 1959 5511 ἀστράψει,

386 5534 485 5586 καὶ
511 5532 580 5584 δι’
607 5532 787 5586 αὐτῶν
815 5532 1122 5602 λάμψουσιν
1146 5533 1197 5586 οἱ
1236 5532 1437 5587 δίκαιοι
1467 5533 1539 5595 ὼς
1570 5530 1743 5603 ἣλιος.
1770 5529 1961 5599 Τούτῳ

461 5727 540 5796 (1)
569 5725 740 5797 Caute
758 5725 912 5797 lege;
956 5725 1156 5780 etenim
1187 5724 1383 5787 Graeci,
1432 5733 1489 5779 et
1543 5723 1633 5797 hic
1672 5722 1957 5797 Caliasi'as

387 5794 539 5854 mete
566 5794 904 5853 sentiunt’de
934 5811 1059 5851 vera
1109 5807 1163 5852 et
1207 5797 1337 5850 reali
1383 5796 1670 5865 praesentia
1715 5794 1961 5863 corporis

2144 4703 2272 4758 nec
2299 4703 2445 4757 enim
2506 4708 2637 4758 sunt
2691 4702 3052 4763 intercessor,
3094 4701 3186 4769 qui
3240 4714 3339 4769 pro
3377 4700 3536 4754 nobis
3593 4702 3650 4753 in

2073 4804 2264 4853 sancta
2297 4793 2403 4849 fuit
2444 4807 2777 4864 przecursor,
2801 4795 2895 4864 qui
2926 4793 3078 4847 solus
3112 4790 3267 4846 ducit
3299 4791 3367 4846 ad
3404 4789 3649 4852 Patrem,
3724 4812 3731 4869 ε

2073 4887 2170 4959 qui
2201 4888 2354 4944 solus
2398 4887 2477 4942 sol
2502 4886 2836 4954 animarum,
2866 4885 2959 4954 qui
2993 4899 3142 4939 nunc
3169 4883 3392 4955 quidem
3426 4893 3652 4953 apparet
3723 4871 3728 4879 ’

2073 4987 2129 5034 et
2152 4979 2536 5048 participatur,
2566 4986 2625 5032 ut
2670 4977 2787 5047 ipse
2835 4977 3028 5041 voluit,
3075 4976 3251 5029 velata
3284 4990 3450 5031 carne
3479 4992 3492 5029 :
3521 4983 3650 5028 tunc
3722 4974 3726 4979 '

2072 5081 2255 5128 autem
2284 5071 2559 5127 videbitur
2575 5080 2629 5127 et
2660 5070 3073 5142 participabitur
3098 5070 3221 5125 sine
3248 5069 3401 5131 velis.
3428 5067 3647 5140 quando

2072 5162 2379 5220 videbimus
2414 5164 2591 5232 ipsum
2613 5163 2757 5219 sicut
2786 5171 2892 5227 est,
2914 5162 3136 5231 quando
3166 5161 3233 5216 ad
3262 5160 3495 5215 cadaver
3516 5173 3649 5213 cou-

2074 5256 2292 5310 vocahit
2326 5255 2565 5326 aquilas,
2599 5254 2820 5324 quando
2839 5253 3216 5319 succingetur.
3249 5259 3305 5306 ct
3353 5264 3448 5305 eos
3480 5247 3647 5302 faciet

2069 5347 2441 5412 discumbere,
2474 5356 2524 5401 et
2559 5349 2831 5402 accedens
2876 5342 3385 5413 ministrabitipsis,
3421 5340 3644 5409 quando

2070 5433 2307 5504 fulgebit
2334 5435 2387 5487 in
2424 5435 2689 5502 nubibus,
2740 5444 2796 5489 et
2826 5450 2922 5504 per
2967 5448 3090 5489 eum
3149 5431 3279 5502 justi
3318 5428 3641 5497 resplende-

2072 5527 2210 5581 bunt
2244 5538 2303 5581 ut
2333 5529 2436 5583 sol.
2485 5526 2555 5582 Ut
2578 5529 2628 5583 ei
2654 5528 2957 5599 conjuncti,
2987 5537 3047 5582 ut
3083 5530 3236 5578 novit
3288 5535 3475 5577 mensa
3503 5533 3642 5576 eon-

2069 5722 2283 5777 Domini
2311 5724 2362 5775 iu
2426 5723 2790 5779 EuchariSlia.
2845 5724 3072 5787 Forsan,
3095 5735 3232 5784 rere,
3268 5718 3520 5789 intelligit
3552 5716 3641 5775 di-

2068 5809 2173 5861 gne
2192 5803 2269 5848 ιει
2302 5792 2606 5850 fructuose.
