4030 6450
432 398 546 461 ιιι

1664 388 1975 451 NICOLAI
2017 387 2412 449 CABASILIE

3557 380 3650 446 464

430 515 688 584 jnngere,
757 511 997 580 quietem
1063 513 1449 576 assequamur,
1506 500 1591 555 vel
1627 500 1835 571 aliquid
1874 498 2006 553 boni

2125 498 2241 562 τοὺς
2275 498 2353 568 μὴ
2384 495 2795 568 συνημμένους,
2823 496 3013 566 ὥσπερ
3044 490 3149 550 οἶδε
3180 495 3461 550 συνάπτειν
3484 495 3514 564 ἡ
3535 495 3653 564 τρά-

434 605 549 660 illic
573 604 878 674 percipiant
908 602 989 657 vel
1024 614 1253 671 parvum
1289 596 1371 651 vel
1397 607 1681 664 magnum,
1710 592 1918 662 absque
1947 603 2013 645 eo

433 698 553 754 ﬁeri
578 700 802 754 omnino
838 709 948 751 non
989 701 1192 765 potest.

1028 782 1183 839 CAP.
1216 780 1400 835 XLIV.

860 877 935 933 De
971 875 1172 932 Christi
1204 873 1599 928 intercessione.

509 974 603 1028 Est
629 970 770 1027 enim
807 970 1165 1034 intercessor,
1199 982 1292 1035 per
1345 978 1506 1034 quem
1564 959 1749 1017 omnia
1773 964 2015 1014 assecuti

436 1080 630 1122 sumus
683 1064 846 1127 bona,
868 1077 991 1131 quae
1019 1074 1050 1113 a
1096 1058 1206 1131 Deo
1247 1057 1407 1110 nobis
1436 1056 1561 1109 data
1594 1062 1744 1117 sunt,
1771 1051 1854 1106 vel
1913 1063 2015 1119 po-

436 1159 546 1214 tius
574 1170 791 1225 semper
816 1130 1041 1209 dantur.
1071 1130 1190 1206 Non
1218 1148 1361 1204 enim
1386 1160 1674 1218 postquam
1710 1142 1879 1199 semel
1912 1142 2017 1195 luit

437 1254 793 1313 intercessor,
826 1255 881 1301 et
909 1244 1092 1300 omnia
1123 1243 1280 1297 nobis
1312 1239 1532 1294 tradidit
1568 1254 1665 1307 pro
1691 1236 1893 1306 quibus
1929 1233 2015 1287 iu-

437 1351 783 1406 tercrsserat,
819 1336 1064 1401 recessit,
1125 1335 1219 1390 sed
1271 1348 1491 1403 semper
1545 1327 1856 1393 intercedit,
1905 1340 2015 1380 non

434 1434 619 1491 verbis
646 1429 974 1503 quibusdam
1000 1435 1054 1482 et
1072 1426 1352 1497 precibus,
1394 1423 1534 1478 sicut
1590 1420 1770 1476 solent
1827 1418 2013 1489 legati,

434 1530 530 1585 sed
586 1526 793 1596 reipsa.
839 1522 1101 1587 Quaenam
1137 1528 1319 1573 autem
1350 1531 1413 1571 ea
1450 1531 1539 1569 res
1570 1513 1701 1569 est?
1738 1511 1855 1567 Sibi
1890 1526 2018 1566 con-

429 1620 660 1690 jungere
693 1623 749 1671 et
805 1612 1052 1685 proprias
1082 1625 1176 1680 per
1215 1624 1274 1663 se
1326 1606 1531 1677 gratias
1584 1602 1875 1674 impertiri,
1918 1616 2017 1672 pro

435 1709 875 1779 uniuscujusque
906 1703 1173 1773 dignitate
1220 1699 1470 1755 etmodo
1526 1694 1891 1768 purgationis.
1951 1690 2019 1746 Et

434 1799 903 1875 quemadmodum
940 1796 1032 1851 lux
1074 1808 1196 1865 quae
1221 1807 1317 1863 per
1362 1805 1423 1847 se
1466 1790 1643 1845 visum
1701 1788 1907 1857 praebet
1939 1785 2019 1840 vi-

432 1898 717 1961 dentibus,
739 1891 944 1965 quibus
976 1886 1256 1951 del‘ecerit,
1284 1886 1351 1941 iis
1382 1896 1603 1954 quoque
1632 1880 1780 1937 visus
1825 1877 2017 1934 defue-

437 1993 549 2046 rit:
588 1990 661 2044 ita
697 1986 863 2042 etiam
921 1998 1047 2039 eum
1103 1980 1326 2036 Christo
1386 1974 1844 2032 consuetudinem
1896 1985 2020 2028 esse

400 2089 755 2155 perpetuam
781 2074 984 2131 animis
1007 2085 1232 2127 necesse
1255 2075 1361 2132 est,
1420 2067 1469 2123 si
1509 2066 1625 2120 sint
1680 2062 1907 2119 omnino
1941 2061 2024 2115 vi-

400 2240 407 2249 ,
437 2152 607 2233 ctum
638 2182 693 2229 et
719 2170 1007 2242 quieturas.
1030 2164 1220 2233 Neque
1248 2163 1393 2217 enim
1427 2160 1547 2215 sine
1579 2159 1703 2214 luce
1737 2163 1918 2225 potest
1941 2152 2025 2208 vi-

402 2328 405 2331 .
432 2271 565 2326 dere
589 2266 804 2330 oculus,
854 2275 1035 2332 neque
1060 2257 1175 2315 ﬁeri
1220 2262 1404 2326 potest
1438 2262 1500 2309 ιιι
1523 2253 1645 2308 sine
1670 2249 1899 2306 Christo
1932 2261 2024 2303 ve-

435 2377 498 2419 ra
534 2361 643 2416 vita
674 2368 728 2415 et
763 2372 867 2428 pax
900 2352 1032 2409 insit
1064 2347 1300 2416 animis;
1342 2348 1601 2419 quoniam
1645 2344 1759 2412 ipse
1790 2349 1876 2397 est
1927 2338 2023 2409 qui

432 2455 591 2513 solus
615 2452 726 2508 Deo
757 2445 1101 2511 reconciliet,
1143 2443 1238 2515 qui
1293 2456 1414 2496 eam
1470 2453 1663 2509 pacem
1721 2434 1874 2499 facit,
1906 2433 2024 2488 sine

435 2555 544 2612 qua
577 2539 721 2595 nulla
748 2549 874 2608 spes
917 2542 1022 2599 est,
1064 2539 1124 2585 ut
1172 2528 1265 2599 qui
1319 2524 1412 2582 Dei
1448 2533 1578 2581 sunt
1632 2521 1866 2586 inimici,
1910 2521 2024 2574 sint

436 2638 558 2708 ejus
583 2634 856 2688 bonorum
894 2624 1223 2699 participes.
1261 2619 1392 2675 Sive
1425 2632 1554 2690 ergo
1591 2616 1660 2671 ab
1711 2614 1870 2669 initio
1902 2611 2025 2682 quis

435 2707 652 2782 Christo
702 2719 1027 2790 coniunctus
1070 2730 1181 2770 non
1219 2722 1321 2775 est,
1379 2710 1498 2765 sive
1532 2707 1863 2775 coniunctus
1917 2716 2022 2756 non

437 2815 663 2879 mansit,
686 2819 769 2868 est
812 2807 1070 2864 inimicus
1093 2813 1147 2861 et
1167 2819 1199 2859 ιι
1219 2801 1420 2857 divinis
1436 2799 1600 2856 bonis
1619 2797 1855 2852 alienus.
1877 2794 2023 2862 Quid

435 2908 680 2966 cstcnim
708 2903 851 2976 quod
875 2902 1130 2956 humana:
1161 2907 1370 2953 natum
1391 2895 1563 2950 Deum
1595 2890 1975 2949 reconciliavit
2001 2883 2037 2942 τ’

438 3003 673 3059 Omnino
702 2996 846 3068 quod
869 2991 1147 3049 hominem
1178 2989 1314 3045 vidit
1335 2987 1536 3044 Filium
1558 3001 1719 3043 suum
1740 2982 2019 3039 dilectum.

439 3098 515 3151 Ita
537 3094 703 3150 etiam
733 3088 1033 3156 unicuique
1057 3081 1266 3138 homini
1287 3078 1700 3144 reconciliatur,
1726 3077 1771 3133 si
1792 3079 1915 3147 quis
1930 3090 2023 3147 ge-

2118 588 2284 653 πεζα,
2307 586 2668 651 ἀναπαύσεως
2696 586 3012 655 τυγχάνειν,
3046 586 3082 656 ῆ
3110 603 3163 639 τι
3195 584 3375 637 λαϐεῖν
3392 582 3652 652 ἀγαθὸν,ἣ

2120 680 2318 750 μικρὸν
2346 680 2377 751 ἢ
2410 680 2598 750 μεῖζον
2631 680 2768 744 ἐκεῖ,
2795 678 3072 740 παντελῶς
3103 677 3383 732 ἀδύνατον.

2704 772 2933 826 ΚΕΦΑΛ
2972 769 3083 826 ΜΔ⁹

2452 866 2595 935 Περὶ
2634 865 2745 935 τῆς
2770 864 3031 933 Χριστοῦ
3047 863 3374 934 μεσιτείας.

2188 962 2433 1032 Μεσίτης
2475 962 2586 1030 γάρ
2628 961 2746 1013 ἐστι
2778 958 2846 1011 δι’
2875 952 2936 1012 οὐ
2967 957 3146 1011 πάντα
3190 955 3382 1024 γέγονε
3424 952 3488 1007 τά
3530 952 3660 1024 παρὰ

2117 1053 2212 1109 τοῦ
2244 1051 2383 1106 Θεοῦ
2440 1050 2666 1104 δοθέντα
2722 1050 2854 1119 ἡμῖν
2900 1046 3117 1115 ἀγαθὼ
3155 1045 3357 1116 μᾶλλον
3401 1044 3457 1099 δὲ
3484 1044 3662 1098 δίδοται

2116 1147 2223 1202 ἀεί.
2253 1146 2327 1200 Οὐ
2368 1144 2475 1214 γάρ
2506 1142 2657 1207 ἅπαξ
2695 1138 3031 1211 μεσιτεύσας.
3054 1140 3149 1193 κα)⁵
3175 1129 3447 1208 πάραδοὺς
3468 1137 3663 1191 ᾶπαντα

2118 1238 2274 1307 ἡμῖν,
2307 1236 2447 1305 ὑπὲρ
2475 1227 2549 1288 ὧν
2578 1235 2953 1304 ἐμεσίτευσεν,
2981 1229 3297 1300 ἀπηλλάγη,
3323 1228 3436 1282 ἀλλ’
3464 1229 3546 1282 ἀεὶ
3580 1245 3662 1299 με-

2118 1328 2348 1390 σιτεύει,
2382 1327 2442 1379 οὐ
2473 1325 2655 1392 λόγοις
2682 1325 2794 1376 τισὶ
2826 1322 2921 1376 καὶ
2950 1323 3228 1392 δεήσεσιν,
3271 1320 3455 1391 ὥσπερ
3479 1320 3525 1372 οἱ
3548 1336 3663 1389 πρεο

2120 1421 2348 1476 σὸευταὶ
2378 1417 2646 1481 ποιοῦσιν,
2673 1415 2808 1470 ἁλλά
2832 1416 3141 1485 πράγματι.
3169 1412 3234 1465 Τί
3256 1411 3311 1465 δὲ
3333 1412 3394 1464 τδ
3420 1411 3664 1481 πρᾶγμας

2118 1512 2193 1567 Τὸ
2223 1510 2521 1565 συνάπτειν
2556 1507 2735 1579 ἐαυτῷ
2767 1508 2862 1561 καὶ
2890 1506 2957 1560 δι’
2987 1503 3185 1558 ἐαυτοῦ
3219 1490 3327 1557 τῶν
3353 1502 3557 1555 οἰκείων
3580 1488 3666 1570 με·

2116 1601 2387 1657 ταδιδόναι
2420 1600 2681 1671 χαρίτων,
2724 1599 2866 1652 κατά
2891 1596 2990 1667 τὴν
3034 1596 3194 1661 ἀξίαν
3225 1594 3476 1660 ἑκάστου,
3507 1594 3594 1647 καὶ
3616 1592 3668 1644 τὸ

2119 1696 2218 1764 τῆς
2253 1694 2573 1763 καθάρσεως
2612 1690 2839 1762 μέτρον.
2886 1690 2998 1743 Καὶ
3040 1688 3297 1760 καθάπερ
3347 1688 3405 1740 τὸ
3458 1685 3563 1753 φῶς
3609 1682 3667 1736 δι’

2122 1784 2317 1839 ἐαυτοῦ
2350 1785 2412 1838 τὸ
2440 1784 2574 1855 όρᾷν
2590 1784 2700 1846 τοῖς
2717 1781 2888 1852 ὁρῶσι
2912 1780 3175 1851 παρέχον,
3204 1775 3287 1842 οἷς
3310 1778 3374 1833 ἂν
3400 1775 3668 1838 ἐπιλείποι,

2123 1878 2303 1932 καὶτὸ
2335 1879 2466 1948 ὁρᾷν
2498 1875 2773 1929 ἐπιλείπει
2799 1892 2813 1906 ο
2838 1874 2983 1928 οὕτω
3011 1878 3104 1927 καὶ
3134 1872 3236 1945 τὴν
3274 1871 3413 1939 μετά
3439 1869 3527 1924 τοῦ
3556 1869 3672 1939 Χρι-

2124 1972 2254 2027 στοῦ
2284 1970 2573 2024 συνουσίαν
2624 1970 2839 2039 ἀνάγκη
2888 1968 3113 2037 διηνεκῆ
3147 1969 3272 2028 ταῖς
3301 1966 3495 2037 ψυχαῖς
3525 1958 3671 2025 εἶναι,

2122 2065 2240 2135 εἴγε
2278 2064 2528 2133 μέλλοιεν
2561 2061 2660 2134 ζῇν
2690 2063 2827 2124 ὅλως
2855 2061 2952 2115 καὶ
2984 2058 3386 2116 ἀναπαύεσθαι.
3418 2054 3551 2111 Οὔτε
3579 2054 3671 2128 γὰρ

2121 2157 2292 2230 χωρὶς
2322 2156 2498 2226 φωτὸς
2530 2154 2807 2225 ὀφθαλμὸς
2840 2152 3066 2207 δύναται
3095 2152 3342 2224 βλέπειν,
3367 2148 3488 2204 οὔτε
3525 2146 3675 2219 χωρὶς

2122 2250 2217 2304 τοῦ
2251 2246 2518 2320 Χριστοῦ,
2545 2247 2694 2318 ζωὴν
2727 2246 2987 2317 ἀληθινὴν
3021 2247 3142 2309 ταῖς
3165 2244 3391 2315 ψυχαῖς,
3423 2240 3514 2295 καὶ
3535 2238 3670 2308 εἰρή-

2121 2360 2221 2414 νην
2248 2338 2389 2396 εῙναι
2419 2341 2644 2395 δυνατόν
2668 2357 2682 2372 ·
2705 2340 2787 2393 ὅτι
2812 2339 2972 2402 αὐτός
3000 2340 3115 2392 ἐστι
3139 2335 3217 2408 τῷ
3246 2336 3370 2408 Θεῷ
3397 2321 3675 2389 καταλλάτὲ-

2120 2453 2234 2490 των
2265 2436 2449 2505 μόνος,
2477 2434 2507 2487 6
2546 2432 2644 2503 τὴν
2694 2431 2919 2504 εἰρήνην
2941 2431 3149 2502 ταύτην
3180 2429 3353 2483 ποιῶν
3377 2442 3391 2458 ·
3417 2424 3481 2501 ἦς
3506 2423 3676 2497 χωρὶς.

2123 2527 2358 2599 ἐχθροὺς
2386 2525 2549 2588 ὄντας
2580 2523 2674 2577 τοῦ
2705 2523 2866 2591 Θεοῦ,
2891 2523 2999 2576 τῶν
3020 2521 3243 2591 ἀγαθῶν
3275 2521 3381 2575 τῶν
3410 2517 3565 2574 αὐτοῦ
3595 2533 3677 2587 με·

2122 2621 2301 2690 τέχειν
2325 2615 2598 2683 ὁπωσοῦν,
2630 2616 2860 2685 οὐδεμία
2906 2615 3055 2668 ἐστὶν
3087 2614 3264 2677 ἐλπίς,
3303 2614 3425 2668 Εἴτε
3457 2608 3546 2664 οὖν
3574 2607 3679 2664 οὐδὲ

2122 2713 2222 2784 τὴν
2266 2710 2442 2782 ἀρχὴν
2479 2707 2728 2780 συνήιρθη
2756 2725 2841 2771 τις
2870 2706 2947 2777 τῷ
2977 2706 3220 2777 Χριστῷ,
3243 2706 3359 2759 εἴτε
3392 2701 3677 2770 συναφθεὶς,

2122 2807 2222 2859 οὐκ
2256 2804 2439 2874 ἔμεινε
2489 2801 2862 2881 συνημμένος,
2891 2798 3084 2871 ἐχθρός
3124 2800 3278 2852 ἐστιν
3324 2798 3427 2861 ἔτι,
3474 2791 3678 2850 καὶτῶν

2124 2897 2283 2952 θείων
2318 2894 2600 2966 ἀλλότριος
2640 2891 2885 2962 ἀγαθῶν.
2908 2891 2973 2943 Τί
3011 2892 3122 2961 γὰρ
3161 2890 3221 2944 τὸ
3258 2887 3588 2953 καταλλάξαν
3618 2885 3675 2953 τῇ

2124 2989 2284 3060 φύσει
2315 2987 2422 3042 τῶν
2461 2973 2769 3058 ἀνθρώπων
2803 2985 2896 3038 τὸν
2928 2985 3090 3050 Θεόν;
3125 2984 3355 3049 Πάντως
3385 2984 3464 3037 ὅτι
3493 2981 3678 3051 ἄνθρω-

2125 3101 2228 3137 πον
2257 3074 2367 3136 εἶδε
2416 3080 2509 3135 τὸν
2561 3080 2690 3133 Υίδν
2725 3077 2892 3133 αὐτοῦ
2925 3077 3014 3132 τὸν
3053 3078 3348 3148 ἀγαπητόν
3377 3092 3391 3108 ο
3424 3075 3559 3129 οὕτω
3602 3068 3682 3125 καὶ

440 3196 522 3243 tat
548 3185 780 3241 formam
812 3175 1108 3249 Unigcniti,
1147 3184 1200 3230 et
1226 3172 1373 3229 illius
1403 3172 1543 3226 [erat
1583 3185 1809 3240 corpus,
1845 3181 1900 3223 ct
1926 3183 2023 3236 ap-

2129 3178 2346 3247 ἑκάστῳ
2379 3173 2667 3229 σπένδεται
2692 3171 2803 3226 τῶν
2832 3170 3155 3242 ἀνθρώπων,
3186 3169 3240 3222 εί
3259 3187 3346 3232 τις
3372 3169 3469 3238 τὴν
3494 3164 3681 3236 μορφὴν

440 3285 630 3349 pareat
653 3288 794 3329 unus
818 3286 945 3327 cum
971 3283 1036 3323 eo
1061 3267 1307 3337 spiritus.
1345 3265 1477 3320 Sine
1508 3263 1591 3318 his
1618 3272 1796 3317 autem
1851 3276 2024 3316 unus-

437 3370 675 3441 quisque
703 3367 819 3435 ipse
841 3377 937 3435 per
961 3375 1021 3417 se
1047 3369 1130 3415 est
1156 3358 1322 3413 homo
1348 3366 1526 3422 vetus,
1561 3353 1654 3426 qui
1679 3352 1792 3409 Deo
1819 3363 1903 3408 est
1934 3352 1987 3405 in
2006 3379 2021 3391 -

436 3463 609 3525 visus,
632 3459 725 3529 qui
750 3471 874 3511 cum
897 3467 965 3508 eo
989 3449 1127 3506 nihil
1148 3448 1311 3503 habet
1331 3460 1642 3502 commune.
1674 3445 1732 3500 Si
1756 3460 1883 3515 ergo
1906 3460 2027 3501 crc-

436 3554 674 3609 dendum
724 3556 809 3606 est
838 3545 1036 3601 animis
1068 3541 1314 3612 requiem
1355 3539 1650 3610 procedere
1680 3553 1748 3593 ex
1779 3538 2025 3593 oratione

436 3645 782 3705 sacerdotum
812 3649 868 3697 et
903 3638 1173 3693 oblatione
1201 3648 1484 3690 sacrorum
1520 3633 1809 3695 donorum,
1864 3640 2022 3688 antea

438 3734 770 3794 credendum
803 3742 888 3786 est
920 3732 1022 3785 hoc
1046 3740 1266 3796 quoque
1287 3739 1351 3779 eo
1385 3722 1549 3778 modo
1582 3722 1723 3786 licri,
1746 3737 1855 3792 quo
1912 3724 2030 3779 solo

441 3830 556 3886 ﬁeri
583 3834 761 3900 potest
790 3832 849 3879 ut
874 3825 1039 3878 homo
1059 3821 1328 3889 quiescat.
1354 3815 1488 3881 Quis
1511 3814 1582 3868 sit
1599 3826 1778 3869 autem
1806 3814 2025 3883 modus,

439 3924 645 3979 dictum
672 3932 756 3976 est
777 3959 793 3985 ,
823 3931 890 3973 eo
922 3915 1133 3970 scilicet
1165 3910 1309 3979 quod
1365 3908 1473 3962 Deo
1507 3915 1640 3963 sunt
1688 3908 2029 3964 reconciliati

438 4028 632 4073 etnon
656 4008 1047 4068 suntiuintici.
1101 4003 1213 4058 lloc
1246 4012 1426 4057 autem
1488 4003 1809 4072 quomodo?
1868 4002 2024 4070 Quod

440 4101 1015 4179 suntcoutemperati,
1039 4110 1093 4154 et
1120 4112 1262 4152 unus
1307 4094 1438 4150 facti
1474 4107 1601 4152 sunt
1633 4097 1861 4166 spiritus
1896 4112 2021 4151 cum

441 4203 664 4265 dilecto,
701 4200 754 4250 in
788 4210 898 4266 quo
931 4193 1049 4247 solo
1078 4191 1237 4245 Pater
1270 4187 1617 4257 complacuit.
1656 4189 1763 4243 Sed
1798 4188 1904 4242 hoc
1938 4196 2024 4243 est

441 4305 618 4347 sacra:
651 4301 848 4342 mensa:
874 4299 1031 4353 opus,
1080 4280 1221 4351 quod
1281 4294 1573 4335 commune
1611 4290 1896 4335 ostensum
1939 4287 2024 4333 est

447 4399 541 4452 per
576 4396 640 4437 ea
667 4393 789 4449 quae
824 4376 970 4431 dicta
1001 4381 1126 4427 sunt
1161 4370 1577 4427 vivissimiliter
1609 4379 1662 4426 et
1692 4370 1949 4425 mortuis.

2126 3267 2347 3338 κομίζει
2376 3266 2469 3320 τοῦ
2507 3263 2870 3334 Μονογενοῦς,
2892 3263 2987 3316 καὶ⁹
3013 3260 3072 3313 τὸ
3094 3261 3315 3315 ἐκείνου
3349 3260 3501 3330 φορεῖ
3523 3256 3681 3323 σῶμα,

2126 3361 2222 3413 καὶ
2245 3358 2301 3412 ἒν
2324 3356 2546 3428 πνεῦμα
2575 3356 2691 3427 μετ’
2711 3352 2879 3409 αὐτοῦ
2902 3353 3178 3423 φαίνεται.
3198 3351 3421 3406 Τούτων
3439 3351 3492 3404 δὲ
3513 3347 3678 3420 χωρὶς,

2127 3452 2361 3515 ἕκαστος
2410 3450 2571 3512 αὐτὸς
2599 3448 2683 3518 ἐφ’
2718 3446 2913 3501 ἐαυτοῦ
2970 3446 2997 3498 6
3038 3444 3332 3516 ἄνθρωπός
3380 3443 3680 3496 ἐστινόπα-

2127 3542 2301 3607 λαιὸς,
2326 3542 2353 3593 ό
2384 3539 2461 3610 τῷ
2508 3538 2628 3609 Θεῷ
2662 3536 3077 3609 ἀπηχθημένος,
3110 3538 3136 3588 ό
3169 3538 3311 3605 πρὸς
3356 3533 3514 3586 αὐτὸν
3550 3528 3682 3583 οὐδὲν

2130 3633 2309 3687 κοινὸν
2338 3634 2500 3703 ἔχων.
2524 3632 2587 3687 Εί
2621 3631 2800 3683 τοίνυν
2837 3628 2944 3700 χρὴ
2978 3626 3259 3681 πιστεύειν
3305 3622 3544 3694 γίνεσθαί
3580 3633 3685 3672 τινα

2133 3728 2253 3790 ταῖς
2298 3725 2499 3795 ψυχαῖς
2543 3724 2853 3777 ἀνάπαυσιν
2881 3722 2991 3777 ἀπὸ
3016 3723 3113 3792 τῆς
3142 3722 3314 3792 εὐχῆς
3350 3720 3456 3773 τῶν
3497 3717 3681 3787 ἱερέων,

2132 3821 2228 3871 καὶ
2258 3819 2356 3887 τῆς
2391 3817 2764 3887 προσαγωγῆς
2798 3816 2906 3868 τῶν
2955 3814 3116 3886 ἱερῶν
3147 3813 3364 3884 δώρων,
3398 3805 3686 3865 πιστευτέον

2130 3908 2238 3978 πρὸ
2264 3907 2479 3973 τούτου,
2510 3908 2603 3961 καὶ
2632 3907 2776 3959 κατά
2806 3905 2996 3961 τοῦτον
3029 3906 3161 3959 αὐτὶ
3186 3905 3438 3975 γίνεσθαι
3467 3903 3553 3956 τὸν
3572 3897 3683 3969 τρό-

2130 4019 2254 4066 πον,
2293 4000 2415 4055 καθ’
2443 4000 2502 4053 ὃν
2535 3999 2699 4072 μόνον
2735 4000 3024 4070 ἄνθρωπον
3058 4000 3438 4053 ἀναπαύεσθαι
3464 3991 3683 4050 δυνατόν.

2129 4093 2225 4156 Τίς
2250 4092 2308 4145 δέ
2336 4094 2364 4146 ὁ
2401 4092 2603 4160 τρόπος
2630 4092 2870 4162 εἴρηται,
2899 4092 2961 4144 τὸ
2990 4090 3315 4161 διηλλάχθαι
3339 4089 3477 4161 Θεῷ,
3508 4087 3593 4140 καὶ
3622 4079 3686 4152 μὴ

2130 4185 2362 4256 ἐχθροὺς
2392 4179 2552 4237 εῖναι.
2582 4183 2754 4236 Τοῦτο
2779 4183 2837 4236 δὲ
2868 4183 3019 4248 πῶς;
3045 4183 3120 4236 Τὸ
3157 4182 3533 4255 ἀνακραθῆναι
3564 4173 3686 4243 Θεῷ,

2132 4278 2228 4332 καὶ¹
2258 4276 2316 4331 ἓν
2357 4276 2577 4347 πνεῦμα
2619 4275 2879 4344 γενέσθαι
2930 4276 3069 4345 μετά
3105 4275 3199 4329 τοῦ
3229 4274 3604 4346 ἠγαπημένον,
3640 4268 3688 4318 ὲν

2138 4364 2182 4438 ᾧ
2220 4370 2367 4441 μόνῳ
2419 4368 2727 4440 ηὐδόκησεν
2770 4370 2799 4421 ὁ
2836 4353 3060 4438 Πατήρ·
3088 4366 3224 4420 ἀλλὰ
3272 4367 3432 4421 τοῦτο
3476 4362 3571 4434 μὲν
3604 4357 3689 4425 τῆς

448 4479 598 4550 ἱερᾶς
684 4471 967 4543 τραπέζης
1052 4469 1109 4521 τὸ
1184 4467 1367 4534 ἔργον,
1448 4466 1478 4519 δ
1521 4465 1703 4520 κοινὸν
1762 4465 1977 4537 ἐδείχθη
2043 4467 2130 4521 διὰ
2188 4466 2297 4521 τῶν
2362 4452 2690 4537 εἰρημένων,
2749 4464 2847 4519 καὶ
2910 4462 3081 4529 ζῶσιν
3131 4464 3337 4533 ὁμοίως
3396 4466 3487 4518 καὶ
3522 4459 3691 4527 τεθνη-

445 4581 588 4633 κόσι.

1054 4679 1207 4736 CAP.
1245 4678 1402 4733 XLV.

448 4780 599 4847 Quod
638 4780 699 4835 iis
722 4779 813 4847 qui
858 4775 1184 4828 dormierunt
1243 4772 1525 4842 perfectior
1552 4772 1619 4825 sit
1648 4769 2021 4837 sanctiﬁcatio.

512 4950 689 5011 Nuda:
719 4966 897 5009 autem
970 4951 1298 5021 corporibus
1367 4950 1566 5002 anima:
1621 4946 1746 5016 plus
1827 4941 2028 4997 habent

450 5046 721 5104 commodi
755 5046 821 5099 ad
878 5042 1393 5101 sanctiﬁcationem,
1448 5054 1616 5108 quam
1668 5053 1748 5091 ea:
1776 5050 1899 5104 qua:
1948 5034 2028 5087 vi-

372 5192 377 5198 .
450 5151 582 5195 vum
618 5139 670 5191 in
700 5136 1041 5206 corporibus.
1071 5134 1382 5201 l’urgantur
1413 5130 1558 5184 enim
1593 5137 1649 5182 et
1675 5135 2022 5196 peccatorum

452 5229 833 5287 remissionem
891 5226 1167 5293 accipiunt
1224 5236 1329 5300 per
1365 5219 1643 5273 orationes
1722 5217 2027 5273 sacerdotis

451 5337 507 5380 et
536 5325 806 5379 donorum
859 5315 1336 5376 intercessionem,
1384 5312 1523 5365 nihil
1569 5313 1789 5367 ominus
1857 5325 2025 5382 quam

452 5430 643 5472 eorum
677 5411 772 5484 qui
817 5410 1024 5463 vivunt.
1065 5405 1177 5459 Sed
1216 5420 1323 5459 non
1368 5414 1596 5473 peccant
1628 5402 1885 5473 amplius,
1924 5416 2029 5457 nec

453 5524 594 5564 nova
634 5502 916 5560 veteribus
974 5496 1207 5553 crimina
1261 5494 1552 5562 adjiciunt,
1608 5504 1668 5548 ut
1716 5494 1930 5549 faciunt
1968 5504 2029 5549 ut

450 5601 747 5671 plurimum
784 5589 1084 5648 viventium
1116 5588 1347 5653 animae,
1381 5590 1475 5643 sed
1513 5587 1896 5642 tantummodo
1944 5586 2027 5640 vel

452 5690 591 5747 nulli
630 5693 758 5742 sunt
790 5680 989 5737 rationi
1031 5678 1323 5735 reddenda:
1351 5680 1620 5744 obnoxirr,
1678 5681 1761 5734 vel
1812 5694 2029 5748 semper

454 5780 648 5848 utique
696 5775 763 5828 de
795 5769 1125 5827 criminibus
1177 5769 1520 5834 detrahunt;
1583 5782 1635 5824 et
1685 5772 1758 5822 ita
1801 5768 1867 5821 ad
1902 5766 2029 5821 Ser-

454 5864 662 5925 vatoris
688 5861 1163 5935 participationem
1207 5862 1515 5932 promptius
1538 5871 1591 5915 ct
1627 5858 1823 5915 melius
1853 5874 1909 5914 se
1934 5858 2029 5912 lia-

2051 4662 2102 4721 D

2695 4674 2944 4729 ΚΕΦΑΛ.
2989 4675 3126 4731 ME’.

2131 4772 2262 4825 Ὅτι
2310 4769 2675 4836 τελειότερος
2721 4767 2856 4891 τοῖῖ
2875 4766 3335 4838 κεκοιμημένως
3362 4770 3395 4822 ό
3423 4759 3694 4835 ἁγιασμὸς

2798 4856 2836 4891 οη
2858 4854 3044 4891 νεῖαι.

2798 4854 3044 4906 γίνεται.

2208 4935 2435 5004 Ἔχουσι
2467 4931 2525 4985 δέ
2555 4949 2609 4984 τι
2656 4931 2818 4984 πλέον
2849 4930 2930 4993 εἰς
2963 4929 3244 4998 ἀγιασμὸν
3272 4928 3382 4982 τῶν
3413 4930 3470 4982 ἐν
3498 4924 3692 4994 σώματι

2133 5028 2375 5094 ζώντων,
2400 5032 2456 5083 αἱ
2489 5029 2694 5100 γυμναὶ
2722 5030 2829 5081 τῶν
2857 5027 3130 5097 σωμάτων
3170 5024 3342 5095 ψυχαί
3364 5041 3379 5057 ⁸
3422 5020 3685 5088 καθαίρονο

2131 5138 2222 5173 ται
2252 5121 2349 5190 μὲν
2382 5122 2512 5190 γὰρ,
2560 5122 2654 5172 καὶ
2680 5120 2790 5171 τῶν
2825 5116 3116 5188 ἁμαρτιῶν
3143 5120 3342 5186 ἄφεσιν
3376 5112 3691 5183 λαμϐάνουσι

2132 5214 2219 5267 διὰ
2260 5214 2370 5268 τῶν
2406 5213 2583 5284 εὐχῶν
2628 5212 2739 5265 τῶν
2773 5212 2988 5280 ἱερέων,
3020 5211 3113 5263 καὶ
3144 5211 3247 5281 τῆς
3293 5206 3570 5279 μεσιτείας
3597 5199 3692 5253 τῶν

2134 5307 2346 5377 δώρων,
2374 5306 2483 5360 τῶν
2512 5302 2593 5359 ἔτι
2612 5305 2833 5369 ζώντων
2861 5304 3014 5357 οὐδὲν
3034 5302 3278 5357 ἔλαττον.
3310 5296 3691 5368 ’.ἅμαρτάνουσι

2133 5399 2192 5452 δὲ
2221 5399 2398 5467 οὐδὲν,
2424 5399 2547 5453 οὐδέ
2576 5390 2966 5470 προστιθέασιν
2996 5394 3323 5467 ἐγκλήματα
3348 5394 3444 5446 νέα
3473 5391 3578 5450 τοῖς
3603 5400 3693 5436 πα-

2135 5489 2333 5556 λαιοῖς,
2379 5489 2566 5559 ὥσπερ
2616 5489 2677 5541 τὸ
2724 5489 2979 5540 πλεῖστον
3016 5485 3131 5557 ἔχει
3166 5485 3274 5538 τῶν
3308 5481 3544 5548 ζώντων,
3570 5469 3690 5528 ἀλλά

2132 5584 2294 5655 μόνον
2333 5585 2365 5654 ἢ
2403 5567 2688 5643 παντελῶς
2723 5582 2977 5649 ἀφίενται
3012 5578 3196 5648 πάσης
3236 5575 3486 5642 εὐθύνης,
3515 5570 3548 5633 ἦ
3575 5561 3689 5633 γοῦν

2128 5673 2423 5745 ὰςαιροῦσι
2457 5672 2564 5725 τῶν
2590 5671 2958 5742 ἐγκλημάτων
2988 5670 3075 5722 άεί
3099 5685 3113 5700 ·
3145 5670 3239 5722 καὶ
3271 5666 3417 5720 οὕτω
3450 5661 3577 5731 πρὸς
3600 5652 3689 5723 τὴν

2133 5744 2424 5835 μετουσίαν
2459 5764 2555 5817 τοῦ
2587 5765 2842 5835 Σωτῆρος
2869 5763 3217 5833 ἑτοιμότερον
3245 5760 3431 5829 έχουσι
3456 5753 3546 5807 καὶ
3571 5744 3689 5801 κάλ’

2129 5858 2265 5925 λιον,
2300 5856 2360 5909 οὐ
2410 5856 2573 5926 μόνον
2624 5855 2732 5910 τῶν
2782 5855 3049 5910 πλειόνων
3084 5855 3140 5907 ἐν
3199 5850 3412 5920 σώματι
3463 5841 3685 5908 ζώντων,
