4030 6460
460 535 566 605 467

1688 541 2002 608 NICOLAI
2042 547 2440 613 CABASILE
2982 498 2989 503 ﬁ
3574 562 3661 626 £68

458 659 689 724 oblatio,
732 660 904 730 prima
933 662 1152 734 quidem
1180 665 1302 735 ejus
1334 667 1424 736 qui
1455 682 1519 723 ea
1563 668 1705 726 dona
1733 669 1917 730 defert
1959 677 2015 730 in

2133 669 2369 741 ιγωγῆς,
2436 671 2536 742 τῆς
2585 671 2686 741 μὲν
2720 671 2942 745 πρώτης
2993 673 3090 728 τοῦ
3120 675 3333 731 οἴκοθεν
3370 677 3501 733 αὐτὰ
3530 683 3663 749 κομί-

459 767 661 807 manus
699 753 1043 808 sacerdotum
1066 796 1079 820 ,
1114 758 1354 813 secunda
1404 767 1587 815 autem
1609 801 1624 827 ,
1658 761 1914 822 Ecclesia:
1967 768 2037 823 ad

459 843 670 911 Deum;
700 845 874 915 prima
893 846 1115 917 quidem
1141 848 1368 915 oblatio,
1398 852 1619 922 quando
1645 863 1732 909 est
1757 857 2038 927 improbus

459 935 554 1005 qui
594 935 791 1003 offert,
834 948 919 993 est
949 939 1155 1007 inanis,
1193 952 1248 996 et
1289 943 1428 998 nihil
1470 943 1687 1001 confert
1741 947 2035 1015 oﬂ‘erenti,

456 1030 713 1098 quoniam
749 1030 865 1100 ipse
892 1041 977 1088 est
1006 1034 1202 1091 malus.
1231 1036 1348 1091 Non
1383 1038 1529 1093 enim
1557 1055 1620 1094 ea
1647 1055 1772 1111 quae
1795 1042 2037 1099 offerun-

456 1133 563 1189 tur,
598 1124 714 1194 ipsa
751 1140 845 1193 per
870 1140 930 1181 se
961 1136 1090 1182 sunt
1127 1127 1238 1184 Deo
1288 1130 1624 1188 exsecranda
1649 1134 1852 1204 (omnis
1888 1134 2033 1189 enim

456 1214 570 1295 [leo
603 1227 856 1273 creatura
896 1219 1035 1274 bona
1065 1220 1200 1290 est).
1255 1220 1509 1279 Secunda
1543 1235 1728 1279 autem
1760 1239 1882 1296 qua:
1911 1226 1971 1281 tit
2003 1242 2034 1281 a

452 1308 613 1363 bonis
639 1311 794 1372 viris.
832 1323 885 1367 et
911 1328 1010 1383 pro
1043 1312 1135 1370 Dei
1169 1315 1345 1385 gloria
1386 1325 1442 1371 et
1484 1327 1824 1385 sanctorum,
1859 1329 1915 1374 et
1946 1329 2032 1373 to-

453 1403 563 1456 tius
593 1404 741 1459 orbis
771 1406 969 1472 salute,
999 1417 1054 1462 et
1084 1410 1270 1474 omni,
1316 1420 1380 1466 ut
1431 1411 1599 1467 semel
1650 1412 1853 1477 dicam,
1884 1410 2032 1477 iusta

452 1498 736 1565 petitione,
772 1499 909 1554 nihil
941 1510 1091 1556 vetat
1123 1501 1423 1571 quominus
1468 1504 1542 1560 sit
1590 1513 1840 1574 accepta.
1872 1502 2032 1559 Nulla

452 1587 598 1640 enim
629 1587 792 1644 donis
824 1588 1132 1659 inquinatio
1165 1592 1330 1646 allata
1358 1604 1442 1648 est
1465 1608 1496 1648 a
1520 1594 1773 1649 manibus
1793 1593 1915 1665 ejus
1937 1592 2033 1663 qui

453 1682 521 1735 ab
559 1681 718 1736 initio
744 1682 962 1749 obtulit,
1001 1684 1095 1740 sed
1129 1700 1265 1754 pura
1299 1684 1599 1750 manentia,
1632 1685 1797 1739 etiam
1832 1700 1863 1740 a
1904 1699 2034 1740 san-

450 1774 556 1828 ctis
604 1773 812 1841 oblata,
861 1785 917 1830 et
971 1776 1415 1844 sanctiﬁcantur,
1450 1786 1509 1832 et
1558 1777 1909 1833 sanctificant
1935 1791 2033 1834 eos

451 1869 547 1935 qui
598 1870 885 1922 accedunt.
939 1867 998 1924 ln
1050 1869 1202 1924 nullo
1245 1871 1392 1926 enim
1445 1871 1679 1926 rationis
1722 1870 2029 1941 expertium

451 1959 816 2013 animantium
855 1960 939 2014 vel
964 1961 1357 2028 auimatorum,
1376 1970 1554 2032 potest
1579 1962 1821 2018 insidere
1849 1962 2030 2032 aliqua

451 2053 659 2121 peccati
695 2054 934 2107 macula.
963 2052 1261 2108 Peccatum
1282 2055 1431 2108 enim
1457 2062 1544 2110 est
1576 2054 1801 2110 morbus
1833 2054 2033 2109 volun-

372 2193 379 2197 .
450 2143 599 2210 tatis,
622 2152 677 2199 et
698 2146 872 2201 solum
904 2156 990 2202 est
1013 2162 1205 2203 eorum
1235 2164 1355 2218 qua:
1378 2158 1509 2205 sunt
1538 2152 1749 2205 ratione
1783 2148 2027 2220 praedita,

450 2246 675 2303 peccato
716 2237 1013 2307 inquinari.
1056 2238 1169 2294 Cur
1196 2255 1350 2310 ergo,
1384 2241 1431 2296 si
1479 2255 1699 2309 semper
1725 2255 1862 2310 pura
1892 2248 2022 2296 sunt

451 2329 594 2383 dona
623 2344 745 2397 quae
773 2344 804 2384 a
838 2331 998 2387 malis
1029 2331 1358 2397 offeruntur,
1411 2346 1474 2388 ea
1515 2332 1599 2387 lex
1635 2332 1890 2389 Ecclesia:
1919 2347 2027 2387 non

453 2421 725 2490 suscipit!
773 2422 848 2478 Ut
888 2438 981 2479 eos
1015 2424 1107 2494 qui
1165 2424 1420 2490 offerunt,
1471 2425 1784 2489 admeneat,
1833 2433 1893 2480 ut
1935 2439 2030 2479 eo-

451 2523 723 2582 gnoscant
765 2514 1065 2569 maximam
1111 2513 1207 2570 Dei
1240 2516 1376 2569 iram
1412 2531 1577 2585 quam
1624 2516 1738 2586 ipse
1764 2517 2025 2580 ostendit,

451 2605 544 2675 qui
580 2606 748 2661 etiam
786 2617 1070 2663 creaturas
1101 2623 1232 2664 suas
1271 2610 1470 2679 quibus
1518 2623 1625 2663 non
1669 2609 1829 2664 habet
1878 2611 2025 2675 quod

449 2701 747 2771 quidquam
780 2702 1030 2772 corporis
1068 2703 1317 2773 obiiciat,
1350 2713 1574 2774 pmpter
1620 2706 1766 2774 ipsos
1807 2720 2028 2759 aversa-

450 2803 537 2849 tur
580 2804 634 2849 et
670 2796 834 2851 habet
873 2797 1000 2851 odio
1033 2814 1047 2850 :
1083 2805 1137 2851 et
1188 2811 1314 2851 cum
1362 2799 1477 2851 haec
1522 2798 1919 2860 intellexerint,
1954 2798 2021 2851 ti-

451 2897 659 2952 meant.
686 2896 738 2943 et
765 2889 928 2943 vitam
957 2888 1233 2957 corrigant
1254 2906 1268 2953 ;
1293 2888 1409 2958 ipsa
1437 2898 1618 2944 autem
1656 2892 1799 2945 dona
1823 2890 2028 2946 nullius

452 2978 571 3034 vitii
599 2979 952 3035 condemnat.
992 2978 1286 3047 Propterea
1324 2982 1458 3035 nihil
1510 2982 1766 3051 prohibet
1809 2983 2023 3051 quomi-

453 3086 559 3129 nus
589 3089 652 3128 ea
699 3074 809 3129 sint
838 3084 1061 3144 accepta
1098 3084 1154 3131 et
1197 3075 1637 3141 sanctiﬂeentur,
1669 3090 1795 3131 cum
1827 3090 2029 3130 secun-

451 3166 574 3219 dant
607 3165 939 3221 oblationem
971 3168 1174 3223 faciant
1208 3168 1332 3223 boni
1365 3170 1488 3223 viri.
1511 3167 1617 3225 Sed
1650 3169 1850 3225 dixerit
1878 3169 2031 3240 quis-

453 3258 645 3327 piam:
681 3259 844 3327 Atqui
902 3274 1009 3314 non
1053 3272 1248 3315 omnes
1297 3262 1389 3331 qui
1440 3261 1708 3324 offerunt.
1758 3270 1885 3317 sunt
1929 3261 2028 3315 viri

2141 758 2324 825 ζοντος
2353 764 2432 826 είς
2457 764 2559 826 τὰς
2605 762 2714 817 τῶν
2743 766 2934 837 ἱερέων
2977 768 3168 838 χεῖρας
3192 784 3207 799 ο
3239 768 3335 840 τῆς
3362 770 3416 823 δὲ
3443 771 3665 841 δευτέρας

2138 851 2240 919 τῆς
2282 852 2612 923 Ἐκκλησίας
2641 856 2779 929 πρὸς
2808 857 2900 911 τὸν
2928 858 3063 913 Θεὸν
3082 877 3097 891 ·
3123 861 3157 930 ἡ
3182 862 3281 932 μὲν
3311 860 3494 934 πρώτη
3518 879 3668 932 προσ-

2138 944 2358 1014 αγωγὴ,
2416 946 2545 1000 ὅταν
2580 947 2819 1021 πονηρὸς
2870 950 2899 1003 ὀ
2950 951 3245 1019 προσάγων
3279 947 3334 1027 ᾖ,
3360 954 3566 1025 ματαία,
3589 955 3670 1009 καὶ

2136 1034 2289 1088 οὐδὲν
2318 1035 2491 1107 αὐτῆς
2518 1038 2712 1108 ὄφελος
2743 1038 2821 1110 τῷ
2854 1043 3244 1112 προσφέροντι,
3274 1043 3361 1098 διὰ
3383 1044 3443 1098 τὸ
3464 1045 3670 1114 πονηρὸν

2137 1126 2304 1181 αὐτὸν
2352 1124 2493 1182 εἶναι
2518 1143 2533 1159 ⁶
2591 1130 2652 1184 οὐ
2686 1130 2795 1202 γὰρ
2827 1132 2892 1205 δὴ
2942 1134 3014 1187 τὰ
3047 1136 3436 1206 προσαγόμενα
3464 1137 3589 1189 αὐτὰ
3611 1137 3671 1190 δι’

2137 1215 2307 1269 ἑαυτὰ
2341 1219 2491 1287 παρὰ
2520 1217 2596 1289 τῷ
2622 1218 2739 1290 Θεῷ
2774 1221 3042 1291 βδελυκτά
3088 1225 3192 1295 (ὄτι
3225 1227 3334 1280 πᾶν
3370 1226 3561 1295 κτίσμα
3587 1225 3670 1279 τοῦ

2134 1308 2272 1362 Θεοῦ
2306 1300 2517 1381 καλόν)·
2548 1312 2650 1382 τὴν
2686 1313 2744 1367 δὲ
2773 1313 3031 1387 δευτέραν
3058 1319 3214 1389 παρὰ
3243 1319 3459 1387 ἀγαθῶν
3487 1318 3671 1389 ἀνδρῶν

2135 1401 2453 1472 γινομένην,
2488 1403 2584 1456 καὶ
2615 1403 2759 1476 ὑπὲρ
2797 1405 2900 1475 τῆς
2950 1408 3046 1462 τοῦ
3079 1408 3217 1464 Θεοῦ
3263 1410 3441 1481 δόξης,
3463 1411 3551 1464 καὶ
3578 1409 3674 1463 τῶν

2134 1491 2329 1560 ἁγίων,
2362 1493 2458 1548 καὶ
2483 1495 2583 1561 τῆς
2617 1496 2892 1567 σωτηρίας
2931 1497 3031 1569 τῆς
3059 1500 3446 1571 οίκουμενικῆς
3474 1501 3562 1555 καὶ
3582 1499 3673 1553 πά-

2137 1602 2237 1656 σης
2268 1585 2452 1649 ἁπλῶς
2477 1586 2692 1652 δικαίας
2721 1591 3013 1661 αἰτήσεως,
3043 1592 3198 1647 οὐδὲν
3214 1592 3415 1648 κωλύει
3457 1591 3669 1662 εὐπρόσ-

2133 1679 2324 1733 δεκτον
2357 1675 2546 1746 ,εἷναω
2579 1681 2655 1736 Οὐ
2723 1683 2831 1753 γὰρ
2865 1683 3086 1755 ὲνετέθη
3131 1701 3217 1748 τις
3268 1684 3537 1757 μολυσμὸς
3579 1686 3674 1743 τοῖς

2134 1768 2328 1843 δώροις
2360 1771 2468 1826 ἀπὸ
2496 1771 2605 1827 τῶν
2641 1773 2842 1845 χειρῶν
2870 1774 2968 1830 τοῦ
3001 1776 3059 1843 ἒξ
3092 1776 3270 1847 ἀρχῆς
3318 1776 3454 1831 αὐτὰ
3495 1792 3677 1846 προσεο

2134 1864 2446 1932 νεγκόντος,
2472 1864 2608 1919 ἀλλὰ
2641 1864 2861 1936 καθαρὰ
2893 1867 3150 1937 μένοντα,
3173 1868 3271 1921 καὶ
3310 1868 3411 1922 ὐπδ
3446 1866 3677 1936 καθαρῶν

2134 1956 2547 2027 ἀναφερόμενα,
2596 1956 2694 2010 καὶ
2740 1950 3082 2025 ἀγιάζονται,
3115 1959 3207 2012 καὶ
3238 1958 3521 2027 ἁγιάζουσι
3567 1957 3676 2019 τοὺς

2134 2051 2640 2120 προσερχομένους.
2686 2050 2774 2103 Ἐν
2803 2049 2982 2105 οὐδενὶ
3026 2052 3138 2120 γὰρ
3167 2050 3279 2105 τῶν
3304 2051 3507 2118 ἀλόγων
3531 2049 3560 2117 ἢ
3584 2047 3677 2100 τῶν

2131 2140 2360 2212 ἀψύχων
2390 2141 2641 2213 ῥυπαρία
2664 2159 2749 2205 τις
2790 2144 2890 2211 τῆς
2929 2141 3207 2214 ἁμαρτίας
3237 2128 3519 2211 ἐντεθῆναι
3540 2139 3678 2194 δύναο

2130 2250 2222 2287 ται
2245 2248 2259 2263 ⁸
2289 2234 2373 2286 ὅτι
2419 2234 2454 2305 ή
2497 2234 2747 2304 ἁμαρτία
2779 2231 3157 2304 προαιρέσεώς
3187 2234 3308 2287 ἐστι
3338 2233 3561 2301 νόσημα,
3596 2229 3677 2283 καὶ

2133 2324 2312 2396 μόνων
2343 2324 2410 2379 ἂν
2455 2325 2543 2396 εῐη
2586 2325 2697 2379 τῶν
2731 2325 2970 2392 λογικῶν
3020 2325 3080 2379 τδ
3128 2325 3236 2380 ἀπὸ
3277 2324 3379 2395 τῆς
3421 2321 3675 2393 ἁμαρτίας

2133 2416 2486 2487 μολύνεσθαι.
2510 2419 2577 2472 Τί
2600 2419 2696 2473 οὖν
2722 2458 2737 2484 ,
2769 2421 2819 2472 εί
2848 2418 2938 2472 ἀεὶ
2962 2418 3183 2492 καθαρὰ
3204 2418 3273 2473 τὰ
3293 2418 3437 2489 δῶρα
3462 2418 3526 2470 τὰ
3549 2414 3679 2484 παρά

2127 2509 2239 2563 τῶν
2270 2510 2527 2580 πονηρῶν
2550 2510 2972 2582 προσαγόμενα,
3000 2514 3029 2566 ό
3051 2513 3218 2582 νόμος
3246 2512 3349 2583 τῆς
3379 2506 3676 2575 Ἐκκλησίας

2128 2604 2190 2656 οὗ
2235 2603 2647 2674 παραδέχεται;
2693 2605 2811 2658 Ἵνα
2859 2604 2986 2667 τοὺς
3032 2605 3417 2676 προσάγοντας
3450 2601 3678 2670 ὲντρὲψῃ,

2132 2696 2221 2749 ἵνα
2250 2695 2463 2763 μάθωσι
2496 2696 2595 2766 τῆς
2626 2696 2721 2749 τοῦ
2748 2696 2885 2750 Θεοῦ
2918 2696 3110 2769 ὀργῆς,
3144 2697 3210 2768 ἢν
3247 2697 3432 2760 αὐτοῖς
3453 2695 3677 2764 ἐμήνισε,

2128 2788 2230 2859 τὴν
2266 2788 2598 2859 ὑπερϐολὴν,
2628 2788 2686 2852 ὃς
2717 2788 2813 2841 καὶ
2840 2788 2909 2842 τὰ
2938 2788 3103 2842 αὑτοῦ
3134 2789 3414 2858 κτίσματα
3446 2781 3519 2848 οἷς
3544 2782 3677 2837 οὐδὲν

2130 2878 2385 2947 ἔγκαλεῖν
2410 2878 2547 2948 ἔχει,
2581 2879 3024 2948 ἀποστρέφεται,
3061 2878 3157 2931 καὶ
3190 2878 3346 2948 μισεῖ
3371 2893 3381 2906 ·
3410 2875 3500 2930 καὶ
3526 2873 3675 2928 ταῦτα

2132 2971 2416 3039 μαθόντες,
2469 2970 2752 3041 φοϐηθῶσι
2802 2974 2897 3025 καὶ
2933 2970 3339 3041 διορθώσωνται
3392 2970 3481 3023 τὶν
3537 2965 3675 3035 βίον

2130 3065 2313 3120 αὐτῶν
2337 3064 2395 3119 δὲ
2419 3064 2529 3118 τῶν
2550 3063 2740 3134 δώρων
2759 3063 3026 3134 οὐδεμίαν
3044 3061 3452 3132 καταγινώσκει
3478 3059 3675 3115 κακίαν.

2130 3162 2230 3216 Διὰ
2258 3160 2420 3214 τοῦτο
2471 3161 2628 3215 οὐδὲν
2675 3160 2877 3214 κωλύει
2907 3160 3073 3216 eam:
3105 3159 3359 3229 γίνεσθαι
3406 3157 3571 3213 ταῦτα
3599 3154 3678 3206 καὶ

2131 3253 2454 3323 ἁγιάζεσθαι
2488 3252 2590 3324 τὴν
2626 3251 2889 3321 δευτᾶραν
2943 3253 3320 3323 προσαγωγὴν
3364 3248 3679 3317 ποιουμένων

451 3350 599 3410 boni.
643 3349 737 3405 sed
785 3350 1032 3407 nonnulli
1079 3351 1244 3407 etiam
1292 3353 1547 3407 laborant
1599 3361 1849 3407 extremo
1906 3354 2022 3409 vitii

2133 3347 2338 3416 ἀνδρῶν
2361 3344 2605 3413 ἀγαθῶν.
2648 3345 2786 3401 Ἀλλ’
2813 3346 2961 3399 εἴποι
2982 3362 3065 3408 τις
3094 3344 3182 3411 ἂν,
3208 3346 3326 3398 Καὶ
3353 3344 3459 3415 μὴν
3479 3342 3538 3396 οὐ
3566 3338 3678 3392 πάν·

450 3443 645 3498 tnorbo
676 3463 688 3496 :
725 3444 867 3498 unde
897 3442 963 3498 ad
997 3445 1246 3500 eamdem
1278 3444 1680 3499 dubitationem
1722 3455 1908 3499 nostra
1940 3461 2026 3498 re-

451 3533 529 3589 dit
560 3536 757 3590 oratio.
803 3535 1036 3602 Quando
1077 3536 1223 3590 enim
1277 3544 1542 3605 utrosque
1589 3536 1869 3590 oblatores
1922 3535 2031 3591 Deo

450 3646 572 3684 esse
615 3630 824 3686 invisos
863 3630 1149 3701 contigerit
1187 3628 1479 3700 (contingit
1518 3630 1713 3698 enim),
1753 3630 2028 3684 undenam

449 3724 612 3779 donis
640 3723 866 3780 accedet
895 3732 951 3778 ut
982 3722 1093 3777 Deo
1122 3730 1274 3793 graia
1311 3722 1423 3776 sint
1454 3730 1507 3777 et
1533 3730 1791 3790 accepta,
1819 3732 1869 3778 et
1905 3738 2024 3779 sun-

451 3824 534 3870 cta
563 3826 616 3871 et
654 3806 1086 3872 sanctificantia?
1125 3815 1449 3885 Nusquam;
1496 3814 1589 3869 sed
1632 3825 1762 3870 tunc
1809 3816 2028 3885 quidem

453 3922 579 3964 t'ere
621 3916 842 3979 accepta
889 3925 995 3964 non
1048 3918 1199 3963 sunt.
1246 3906 1391 3963 Sunt
1443 3916 1627 3962 autem
1680 3909 1886 3970 dubia.
1961 3924 2028 3962 eo

450 4002 597 4072 quod
641 4002 727 4057 de'
754 4002 1004 4057 moribus
1048 4016 1237 4056 eorum
1291 4002 1384 4071 qui
1434 4001 1669 4057 oﬂerunt
1712 4011 1766 4057 et
1820 4000 2034 4057 sacriﬁ-

450 4105 601 4158 cant,
643 4094 948 4148 dubitatur.
989 4111 1007 4144 ι
1046 4093 1219 4149 Nemo
1247 4093 1424 4159 enim,
1458 4095 1656 4164 inquit,
1684 4103 1836 4149 certo
1882 4093 2033 4145 novit

452 4200 577 4256 quae
618 4191 747 4238 sunt
795 4182 1058 4247 hominis,
1088 4183 1193 4237 nisi
1223 4184 1451 4253 spiritus
1478 4185 1571 4255 qui
1603 4192 1686 4238 est
1715 4184 1771 4236 in
1816 4184 1969 4249 ipso;
2006 4199 2024 4234 ι

455 4286 511 4331 ct
558 4276 631 4329 ita
681 4264 853 4329 mtilta
893 4282 979 4328 est
1013 4273 1158 4329 circa
1202 4288 1420 4329 sacrum
1468 4273 1789 4345 mysterium
1837 4272 2029 4325 inlide-

454 4367 581 4423 litas
621 4374 674 4421 et
721 4365 1014 4431 dubitatio,
1054 4366 1328 4422 certitudo
1367 4376 1550 4422 autem
1612 4379 1920 4435 nusquam,
1978 4374 2031 4419 et

454 4460 778 4514 sanctorum
808 4458 1155 4528 participatio
1179 4458 1315 4513 nihil
1355 4457 1603 4530 proderit
1635 4456 1902 4515 ﬁdelibus.
1936 4456 2031 4525 qui

456 4553 575 4609 sine
619 4552 724 4606 ﬁde
766 4550 1111 4621 participant.
1155 4552 1283 4605 Haec
1325 4548 1527 4605 dixerit
1570 4557 1626 4602 et
1674 4546 2026 4613 dubitaverit,

455 4646 502 4698 si
546 4645 671 4714 quis
716 4653 869 4713 putat
916 4643 1092 4712 ipsum
1154 4641 1501 4698 sacerdotem
1569 4654 1691 4697 esse
1741 4640 2023 4694 dominum

458 4739 651 4793 horum
698 4737 966 4792 donorum
1032 4736 1370 4800 oblationis,
1424 4734 1518 4790 sed
1582 4748 1689 4788 non
1755 4742 1858 4788 est.
1920 4733 2024 4788 Sed
2058 4770 2105 4827 υ

455 4830 602 4898 quod
647 4846 836 4884 eorum
889 4829 1109 4899 quidem
1166 4829 1499 4884 oblationem
1557 4824 1776 4896 proprie
1825 4825 2025 4890 cﬂlcit,

456 4932 540 4976 est
586 4923 760 4991 gratia
803 4920 1178 4976 sanctitlcans.
1257 4920 1373 4973 Hoc
1435 4918 1583 4973 enim
1644 4925 1727 4972 cst
1784 4916 2027 4971 oblatum

382 5063 387 5073 .
455 5030 599 5077 esse,
644 5029 767 5069 esse
810 5014 1234 5068 sanctilicatum.
1280 5010 1384 5076 Qui
1430 5018 1611 5063 autem
1646 5009 1894 5079 quotidie
1939 5025 2024 5063 sa-

456 5107 685 5170 criﬁcat,
737 5115 823 5161 cst
869 5106 1020 5161 illius
1068 5105 1341 5159 minister.
1380 5101 1527 5156 Nihil
1568 5103 1708 5156 enim
1751 5102 1914 5157 domo
1950 5102 2030 5157 af-

454 5194 583 5257 fert,
632 5210 810 5266 neque
841 5195 1045 5265 aliquid
1074 5195 1239 5248 audet
1282 5193 1466 5250 facere
1509 5192 1589 5247 vel
1620 5193 1805 5248 dicere
1838 5208 1903 5247 ex
1929 5211 2028 5250 suo

454 5286 661 5354 judicio
704 5287 789 5341 vel
835 5287 1068 5349 ratione,
1112 5285 1208 5338 sed
1239 5286 1326 5338 illa
1367 5285 1545 5340 solum
1590 5301 1710 5354 quae
1752 5286 1901 5341 illinc
1931 5302 2028 5340 ac-

458 5381 625 5449 cepit,
666 5382 783 5435 sive
833 5396 923 5436 res
966 5385 1071 5441 est,
1120 5377 1235 5432 sive
1279 5393 1483 5443 sermo,
1530 5378 1647 5433 sive
1683 5379 1909 5446 factum,
1960 5396 2028 5434 co

458 5488 568 5540 quo
593 5472 783 5541 jussus
815 5479 900 5526 est
930 5471 1094 5526 modo
1122 5469 1376 5533 oﬁerens,
1422 5471 1532 5527 Deo
1576 5472 1755 5527 reddit
1794 5487 1810 5538 ;
1851 5485 1906 5527 et
1952 5472 2027 5528 ita

459 5566 626 5629 dona,
673 5580 795 5635 quae
824 5574 989 5633 prout
1020 5564 1069 5617 ei
1102 5564 1300 5632 placet,
1351 5562 1460 5619 Deo
1504 5580 1719 5635 semper
1751 5566 1989 5643 oﬁerunt
2011 5606 2025 5630 ,

461 5671 689 5710 necesse
728 5666 813 5710 est
867 5669 1086 5723 semper
1129 5655 1178 5709 ci
1238 5670 1360 5712 esse
1413 5667 1653 5727 accepta.
1720 5657 1860 5724 Quid
1912 5668 2026 5712 tum

458 5746 635 5808 enim,
682 5745 727 5801 si
773 5747 820 5799 is
863 5745 956 5814 qui
998 5745 1174 5812 offert,
1211 5748 1262 5801 in
1296 5746 1363 5803 iis
1396 5764 1518 5818 qua:
1552 5750 1617 5803 ad
1656 5764 1715 5803 se
1758 5750 2030 5817 pertinent

462 5838 640 5890 malus
677 5837 796 5892 est?
826 5834 978 5893 Illius
1007 5838 1150 5894 enim
1200 5839 1519 5908 improbitas
1549 5840 1713 5896 donis
1763 5841 1899 5895 nihil
1929 5844 2027 5895 ad-

459 5926 598 5995 jicit,
649 5944 827 6001 neque
877 5931 1056 5987 reddit
1097 5934 1428 5990 oblationem
1484 5936 1831 6000 deteriorem,
1888 5936 2030 5990 sicut

464 6028 568 6073 nec
598 6023 1049 6083 medicamentum
1092 6027 1329 6084 salutare
1369 6044 1487 6085 esse
1518 6028 1853 6095 prohibetur.
1884 6030 2027 6092 quod

2134 3456 2225 3502 τες
2247 3441 2295 3491 οἶ
2323 3438 2692 3509 προσάγοντες
2731 3439 2897 3507 ἱερεῖς
2930 3438 3150 3507 ἁγαθοὶ,
3176 3437 3294 3492 ἀλλ’
3321 3438 3454 3493 ἔνιοι
3485 3436 3573 3491 καὶ
3594 3449 3679 3484 πει·

2133 3533 2326 3602 νηρίαν
2360 3531 2577 3584 νοσοῦσι
2612 3532 2712 3597 τὴν
2761 3534 3038 3602 ἐσχάτην·
3088 3534 3214 3586 ὅθεν
3254 3534 3337 3598 εἰς
3388 3531 3485 3600 τὴν
3528 3526 3679 3587 αὐτὴν

2132 3625 2367 3695 ἀπορίαν
2402 3623 2751 3696 περίῖσταται
2782 3626 2810 3677 ὁ
2839 3624 2996 3692 λόγος
3027 3624 3179 3692 ἡμῖν.
3216 3625 3385 3679 Ὅταν
3426 3623 3532 3691 γὰρ
3562 3616 3681 3685 τῦλῐὶ

2132 3718 2225 3770 καὶ
2259 3717 2607 3785 ἀμφοτέρους
2633 3712 2763 3778 τοὺς
2797 3715 3192 3785 προσαγωγέας
3220 3712 3363 3770 εἶναι
3388 3707 3679 3771 θεοστυγεῖς

2134 3809 2432 3880 (ἐνδέχεται
2458 3809 2586 3880 γὰρ)
2624 3807 2790 3861 πόθεν
2818 3806 3053 3876 ὑπάρξει
3080 3807 3190 3871 τοῖς
3225 3806 3426 3878 δώροις
3450 3802 3526 3871 τῷ
3557 3794 3680 3851 εἶναι

2131 3902 2252 3972 Θεῴ
2293 3902 2690 3972 κεχαρισμένα,
2730 3901 2825 3955 καὶ
2871 3899 3056 3966 δεκτὰ,
3085 3900 3181 3954 καὶ
3209 3897 3365 3969 ἅγια,
3406 3897 3500 3951 καὶ
3537 3892 3679 3958 ἅγιαο

2132 3993 2321 4056 στικάς
2353 3991 2668 4061 Οὖδαμόθεν
2689 4008 2702 4022 θ
2732 3991 2870 4045 ἀλλὰ
2912 3989 3035 4045 τότε
3069 3989 3171 4059 μὲν
3218 3987 3440 4054 ἀληθῶς
3478 3983 3677 4039 casm.

2145 4085 2257 4141 Ἀεὶ
2286 4085 2343 4139 δὲ
2373 4085 2674 4155 ἀμφίϐολα,
2701 4083 2789 4137 διὰ
2835 4084 2893 4137 τὸ
2943 4081 3390 4154 ἀμφιϐάλλεσθαι
3422 4077 3545 4139 τοὺς
3572 4068 3682 4140 τρό·

2133 4197 2265 4242 πους
2295 4176 2405 4231 τῶν
2458 4177 2919 4247 δωροφορούντων
2946 4173 3088 4231 αὐτὰ
3116 4176 3210 4227 καὶ
3243 4167 3678 4243 ἱερουργούντων·

2135 4290 2155 4324 ι
2204 4273 2389 4335 Οὐδεὶς
2423 4273 2531 4341 γὰρ
2562 4270 2796 4339 βεϐαίως
2825 4263 2954 4335 οἵδε,
2986 4267 3143 4341 φησὶ,
3164 4266 3235 4320 τὰ
3267 4265 3365 4320 τοῦ
3393 4258 3680 4332 ἀνθρώπων

2132 4366 2180 4416 εί
2211 4364 2285 4432 μὴ
2318 4363 2378 4416 τὸ
2406 4364 2463 4415 ὲν
2510 4359 2659 4430 αὑτῷ
2692 4356 2911 4429 πνεῦμα
2933 4375 2947 4389 ο
2998 4377 3016 4410 t
3059 4358 3154 4411 καὶ
3201 4356 3349 4411 οὕτω
3397 4349 3562 4417 πολλὴ
3594 4343 3682 4415 μὲν

2132 4457 2259 4526 περὶ
2282 4455 2381 4525 τὴν
2430 4455 2657 4521 τελετὴν
2714 4453 2961 4518 ἀπιστία,
3019 4451 3116 4504 καὶ
3155 4448 3496 4521 ἀμφιϐολία·
3532 4440 3589 4495 τὸ
3635 4436 3684 4487 δὲ

2132 4548 2346 4618 βέϐαιον
2375 4546 2619 4616 οὐδαμοῦ
2643 4561 2657 4576 ⁸
2685 4547 2779 4599 καὶ
2810 4547 2843 4615 ἡ
2875 4544 3181 4614 μετάληψις
3216 4544 3329 4597 τῶν
3358 4540 3526 4608 ἁγίων
3549 4530 3683 4586 οὐδὲν

2130 4641 2328 4709 ὄφελος
2376 4640 2515 4692 οἴσει
2550 4641 2664 4703 τοῖς
2712 4639 2926 4699 πιστοῖς
2983 4636 3478 4706 μεταλαμϐάνουσι
3529 4623 3685 4698 χωρὶς

2132 4738 2392 4797 πίστεως.
2442 4732 2629 4784 Ταῦτα
2686 4732 2834 4784 daret
2876 4732 2969 4783 καὶ
3014 4728 3323 4798 ἀπορήσειν
3377 4719 3572 4788 ἂν,εἱἠ
3612 4728 3685 4770 τις

2132 4827 2305 4879 οἴεται
2366 4825 2458 4878 τὸν
2518 4824 2668 4895 ἱερέα
2718 4823 2882 4877 αὑτὸν
2936 4815 3079 4875 εἶναι
3117 4820 3208 4872 τον
3248 4818 3439 4887 κύριον
3465 4814 3559 4875 τῆς
3592 4805 3689 4897 τῶν

2133 4920 2323 4990 δώρων
2354 4918 2563 4971 τούτων
2606 4914 3012 4987 προσαγωγῆςο
3049 4918 3151 4966 οὐκ
3189 4912 3308 4965 ἐστι
3354 4910 3452 4969 δέ*
3479 4909 3607 4965 ἀλλὰ
3636 4902 3689 4955 τὸ

2137 5012 2236 5081 μὲν
2261 5010 2361 5081 τὴν
2388 5009 2760 5080 προσαγωγὴν
2808 5006 2988 5059 αὐτῶν
3017 5005 3226 5075 κυρίως
3252 5006 3633 5080 ἓργαξόμενον,
3660 4996 3688 5062 ἢ

2133 5108 2291 5174 χάρις
2319 5104 2468 5155 ἐστὶν
2516 5104 2549 5171 ή
2595 5101 2919 5169 ἅγιάζουσα.
2954 5096 3128 5156 Τοῦτο
3157 5104 3266 5172 γάρ
3298 5105 3414 5154 ἐστι
3442 5105 3687 5167 προσενεο

2131 5197 2330 5267 χθῆναι
2358 5194 2521 5259 αὐτὰ,
2542 5193 2604 5246 τὸ
2644 5192 2981 5265 ἁγιασθῆναι
3008 5211 3021 5223 ·
3054 5197 3081 5247 ὁ
3110 5193 3154 5245 δ’
3194 5194 3458 5245 ἑκάστοτε
3497 5190 3691 5253 ἱερουρ’

2133 5288 2269 5358 γῶν,
2321 5287 2603 5357 ὑπηρέτης
2641 5287 2789 5342 ὲ-στὶν
2829 5288 3065 5358 ἐκείνης.
3120 5286 3379 5355 Εἱσφέρει
3419 5281 3523 5349 γὰρ
3553 5272 3688 5328 οὐδὲν

2133 5382 2368 5447 οἴκοθεν,
2402 5379 2582 5436 οὑδέτι
2618 5382 2795 5453 τολμᾷ
2826 5383 3001 5432 ποιεῖν
3031 5378 3063 5450 ἦ
3112 5379 3293 5444 λέγειν
3325 5373 3434 5427 ἀπὸ
3464 5370 3555 5439 τῆς
3577 5367 3688 5418 ἐν’

2132 5477 2228 5530 τοῦ
2261 5477 2525 5547 κρίσεως,
2555 5476 2648 5528 καὶ
2673 5475 2785 5528 τῶν
2815 5472 3095 5542 λογισμῶν
3119 5486 3133 5499 ⁸
3158 5469 3274 5523 ἀλλ’
3314 5468 3501 5520 ἐκεῖνα
3544 5458 3691 5528 μόνον

2133 5553 2169 5621 3.
2202 5565 2514 5637 παρέλαϐεν
2543 5565 2775 5631 ἐκεῖθεν,
2804 5564 2913 5617 εἴτε
2938 5561 3172 5634 πρᾶγμά
3197 5564 3368 5625 ἐστιν,
3398 5556 3506 5609 εἴτε
3526 5551 3685 5613 λόγος»

2135 5658 2246 5711 εἴτε
2275 5657 2459 5728 ἔργον,
2490 5656 2632 5710 κατὰ
2661 5657 2751 5710 τὸν
2780 5656 3002 5726 τρόπον,
3031 5655 3090 5707 ὃν
3120 5649 3444 5718 ἐκελεύσθη,
3472 5639 3687 5728 κομίσςς

2136 5727 2431 5806 ἀποδίδωσι
2464 5751 2542 5822 τῷ
2572 5750 2689 5820 Θεῷ
2718 5765 2733 5780 ⁸
2768 5751 2861 5802 καὶ
2888 5745 3031 5800 οὕτω
3053 5746 3122 5799 τὰ
3155 5745 3305 5816 δῶρα
3330 5740 3471 5795 κατὰ
3492 5736 3548 5789 τὸ
3571 5727 3685 5800 ἀρέ-

2138 5860 2268 5899 σκον
2315 5844 2390 5914 τῷ
2438 5844 2596 5915 Θεῷο
2629 5844 2717 5897 ἀεὶ
2764 5839 3206 5912 προσφερόμενα,
3240 5835 3456 5904 ἀνάγκη
3497 5822 3687 5915 εἷιρεετῖέ⁸

2138 5935 2289 6007 αὐτῷ
2318 5912 2412 5989 καὶ
2441 5912 2540 5989 ἀεὶ.
2562 5937 2730 5988 δεκτὰ
2756 5934 2920 5988 εἶναι.
2947 5932 3012 5985 Τί
3043 5932 3149 6004 γὰρ
3184 5932 3233 5984 εί
3256 5929 3326 5984 τὰ
3359 5924 3481 5979 καθ’
3509 5912 3686 6007 ἑαυτον

2141 6030 2345 6097 φαῦλός
2377 6031 2524 6084 ἐστιν
2555 6032 2579 6083 ὁ
2609 6029 2888 6096 κομίζωη
2919 6029 2993 6081 Οὐ
3025 6027 3133 6094 γὰρ
3166 6020 3516 6092 προστίθησιν
3549 6006 3683 6066 οὐδὲν
