4030 6450
351 452 466 522 469

1554 474 1631 533 LI
1641 471 1881 536 TURGI
1892 477 1961 537 ΛΞ
1999 478 2450 542 EXPOSITIO.

3519 481 3632 548 rm
3650 561 3653 564 ν

346 582 390 652 ἡ
421 580 700 655 φαυλότης
742 583 960 640 ἐκείνου
1013 589 1129 654 τοῖς
1171 589 1552 662 δώροις,ὀύδὲ
1585 596 1758 666 χείρω
1793 598 1936 651 ποιεῖ

2042 599 2276 670 simplex
2331 608 2386 657 et
2435 599 2625 667 idiota,
2659 606 2713 655 et
2758 597 2855 671 qui
2899 609 3074 656 artem
3106 598 3249 657 nihil
3295 600 3477 669 callet,
3521 602 3630 659 hoc

350 675 454 748 τὴν
494 681 905 752 προσαγωγήν⁶
948 682 1142 755 ὥσπερ
1180 685 1302 738 οὐδὲ
1354 687 1599 759 ἰατρικὸν
1638 690 1935 759 φάρμακον

358 768 632 826 κωλύεται
660 768 803 828 εῖναι
845 774 1110 844 ὑγιεινὸν,
1139 777 1224 832 ὅτι
1258 780 1475 850 ἰδιώτης
1506 775 1937 850 ἄνθρωπος,διαὶ

364 862 460 930 τῆς
489 861 687 932 τέχνης
708 864 865 920 οὐδὲν
896 868 1107 923 ἐπαΐων
1152 870 1285 924 αὐτὸ
1339 871 1660 939 συνέθηκεν,
1691 873 1741 926 εἰ
1773 871 1938 940 μόνον

366 955 544 1022 ἰατροῦ
584 957 950 1022 κελεύσαντος
1003 961 1099 1014 καὶ
1151 963 1252 1032 τὴν
1303 964 1660 1032 κατασκευὴν
1712 962 1936 1017 ἃπασαν

358 1047 605 1112 ἐκδόντος
639 1051 788 1121 αὐτῷ
819 1052 1108 1121 συνέθηκε.
1135 1055 1350 1109 Γένοιτο
1381 1056 1492 1126 γὰρ
1526 1055 1614 1121 ἂν,
1640 1055 1702 1108 οὐ
1726 1054 1816 1108 διὰ
1837 1055 1935 1126 τὴν

353 1137 629 1207 ἁμάθειαν
660 1141 756 1194 τοῦ
787 1142 1243 1221 ὑπηρετήσαντος
1273 1148 1529 1216 μάταιον,
1557 1146 1695 1201 ἀλλὰ
1726 1147 1815 1201 διὰ
1835 1146 1935 1220 τὴν

350 1229 555 1299 τέχνην
604 1230 698 1285 τοῦ
731 1231 1101 1299 ἐκδεδωκότος
1150 1239 1445 1309 σωτήριον.
1499 1239 1635 1293 Ἀπὸ
1680 1239 1781 1308 μὲν
1825 1239 1934 1307 γὰρ

351 1320 451 1373 τοῦ
492 1322 767 1393 ὑπηρέτου
800 1325 1341 1400 ἀνεπιστημοσύνης,
1375 1330 1530 1386 οὐδὲν
1562 1329 1759 1384 ἔλαϐεν
1779 1346 1793 1361 '
1824 1329 1936 1385 ἀπὸ

350 1411 414 1466 δὲ
435 1414 535 1483 τῆς
567 1414 661 1467 τοῦ
695 1416 884 1488 ἰατροῦ
921 1418 1121 1490 τέχνης
1171 1422 1357 1477 πᾶσαν
1385 1421 1608 1489 ἐδέξατο
1636 1423 1734 1494 τὴν
1766 1438 1938 1478 κατα-

302 1531 307 1535 ·
352 1506 583 1574 σκευήν.
620 1505 776 1563 Οὕτω
834 1509 1114 1566 κάνταῦθα
1142 1513 1202 1567 τὺ
1231 1515 1342 1569 πᾶν
1366 1515 1403 1584 ἡ
1422 1515 1584 1587 χάρις
1611 1515 1931 1585 ἐργάζεται.

363 1598 430 1651 Ὀ
465 1598 527 1653 δὲ
560 1601 738 1671 ἱερεὺς
789 1603 1071 1675 ὑπηρέτης
1122 1608 1242 1661 ἐστὶ
1291 1607 1473 1680 μόνον,
1496 1607 1605 1667 οὐδ’
1649 1609 1816 1671 αὐτὸς
1873 1606 1934 1661 τὸ

353 1691 653 1761 ὑπηρετεῖν
703 1695 918 1749 οἴκοθεν
965 1695 1130 1767 έχων.
1158 1699 1271 1753 Καὶ
1313 1700 1475 1754 τοῦτο
1504 1699 1615 1772 γὰρ
1649 1700 1806 1768 παρὰ
1834 1698 1934 1769 τῆς

351 1779 580 1849 χάριτος
603 1782 772 1854 αὐτῷ.
809 1784 981 1845 Τοῦτο
1014 1787 1120 1859 γάρ
1138 1789 1291 1844 ἔστιν
1312 1790 1348 1862 ἡ
1379 1791 1676 1862 ἱερωσύνη,
1700 1790 1935 1860 δύναμις

350 1872 667 1947 ὑπηρετική
720 1895 804 1942 τις
845 1878 957 1933 τῶν
999 1881 1184 1951 ἱερῶν.
1250 1883 1395 1938 Ἀλλ’
1437 1885 1522 1940 ὅτι
1563 1884 1664 1956 μὲν
1722 1882 1934 1944 πάντας

2039 694 2367 762 composuit,
2402 693 2448 748 si
2482 694 2648 749 modo
2699 691 2927 763 iubente
2967 691 3181 748 medico
3221 700 3279 748 et
3321 707 3445 748 eam
3477 706 3629 748 com-

2039 784 2371 853 positionem
2416 785 2671 841 tradente
2700 786 2753 841 id
2785 785 3117 854 composuit.
3139 783 3326 842 Fuerit
3344 783 3492 840 enim
3515 797 3625 840 non

2039 884 2261 944 propter
2307 875 2426 946 ejus
2463 875 2555 945 qui
2600 876 2839 930 inseruit
2883 874 3216 945 imperitiam
3259 889 3482 941 vanum,
3529 874 3625 930 sed

2038 972 2258 1035 propter
2301 972 2473 1019 artem
2538 966 2659 1036 ejus
2730 966 2822 1036 qui
2870 965 3095 1021 tradidit
3138 966 3395 1021 salutare.
3436 968 3475 1020 A
3526 966 3630 1020 mi-

2037 1056 2199 1110 nistri
2242 1057 2389 1112 enim
2434 1056 2649 1112 inscitia
2701 1058 2838 1113 nihil
2883 1058 3115 1128 accepit,
3158 1059 3226 1113 ab
3272 1068 3392 1114 arte
3437 1068 3621 1113 autem

2043 1149 2242 1204 medici
2286 1164 2507 1205 omnem
2559 1151 2806 1220 suscepit
2854 1151 3333 1220 compositionem.
3403 1148 3478 1205 Ita
3536 1151 3625 1206 hic

2035 1239 2200 1296 etiam
2246 1243 2421 1311 gratia
2465 1242 2846 1299 universorum
2893 1241 3081 1299 eilicit.
3118 1242 3390 1298 Sacerdos
3439 1255 3620 1297 autent

2035 1331 2213 1389 solum
2248 1341 2335 1388 est
2359 1334 2631 1398 minister,
2664 1350 2767 1391 nec
2795 1335 2973 1403 ipsum
3003 1336 3221 1406 quidem
3257 1335 3623 1389 ministerium

2035 1421 2200 1479 domo
2245 1423 2520 1496 prolatum
2561 1425 2794 1482 habens.
2838 1424 2975 1481 Nam
3028 1426 3082 1481 id
3129 1425 3298 1482 etiam
3359 1426 3524 1481 habet
3594 1439 3625 1480 ι

2035 1512 2233 1582 gratia.
2273 1511 2388 1569 Hoc
2423 1524 2512 1571 est
2554 1516 2703 1571 enim
2764 1516 3157 1584 sacerdotium,
3191 1525 3436 1587 potestas
3477 1531 3614 1586 qme-

2034 1603 2161 1660 dam
2194 1605 2559 1663 ministratrix
2592 1623 2899 1664 sacrorum.
2928 1606 3038 1663 Sed
3083 1608 3232 1679 quod
3276 1608 3461 1663 fideles
3502 1606 3626 1677 qui-

2035 1695 2160 1751 dem
2192 1697 2542 1754 sanctificant
2587 1700 2773 1754 omnia
2825 1699 2969 1755 dona
3019 1710 3076 1755 et
3119 1714 3352 1767 semper,
3395 1709 3456 1752 ut
3501 1712 3626 1768 quae

2035 1786 2150 1845 Deo
2182 1805 2399 1862 semper
2448 1801 2675 1863 accepta
2721 1792 2854 1857 sint,
2885 1791 3096 1848 clarum
3139 1802 3229 1848 est
3276 1806 3345 1846 ex
3393 1789 3462 1845 iis
3504 1803 3624 1860 quae

2036 1879 2182 1936 dicta
2224 1892 2381 1940 sunt.
3430 1886 3451 1901 "

352 1971 486 2035 τοὺς
514 1974 741 2040 πιστοὺς
774 1975 991 2046 ἁγιάζει
1019 1978 1191 2034 ταῦτα
1240 1981 1311 2036 τὰ
1353 1981 1526 2054 δῶρα,
1557 1982 1654 2039 καὶ
1692 1981 1952 2046 πάντοτε,
1978 1976 2215 2035 πάντοτε
2243 1979 2374 2037 ὅντα
2402 1982 2570 2039 δεκτὰ
2597 1981 2677 2054 τῷ
2705 1980 2849 2054 Θεῷ,
2872 1982 3032 2053 δῆλον
3055 1981 3162 2037 ἀπὸ
3225 1982 3335 2037 τῶν
3391 1980 3621 2053 εἰρημέο

353 2082 486 2122 νων.

924 2168 1175 2225 ΚΕΦΛΛ.
1218 2171 1352 2229 MZ’.

854 2264 1041 2327 Ὅσρν
1080 2268 1200 2321 εἰσὶ
1229 2268 1434 2325 δεκτά.

437 2352 737 2426 Ἐπόμενον
767 2356 825 2410 δὲ
875 2355 1283 2428 θεωρῆσαιχαὶ
1335 2360 1462 2415 ὅσον
1493 2361 1604 2415 εἰσὶ
1648 2360 1849 2418 δεκτάο
1878 2360 1934 2417 τι

355 2448 469 2519 γὰρ
493 2447 572 2519 τῷ
601 2449 760 2521 δώρῳ
805 2449 867 2503 τὸ
897 2450 1089 2505 δεκτὸν
1123 2448 1286 2516 εἷναι,
1327 2455 1425 2509 καὶ
1453 2453 1679 2509 ἐπὶτῶν
1716 2453 1933 2526 ἀνθρὼ-

354 2557 477 2594 πων
502 2541 600 2607 ;TI
619 2540 904 2606 ποιοῦντες
921 2544 991 2596 τὰ
1012 2544 1185 2618 δῶρα,
1206 2546 1458 2617 δέχεσθαι
1480 2547 1622 2602 αὐτὰ
1644 2546 1895 2617 λέγονται
1915 2563 1931 2614 ;

352 2629 484 2706 'Ap‘
512 2622 596 2690 ὅτι
625 2638 750 2700 ταῖς
802 2638 960 2709 χερσὶ
993 2639 1348 2711 λαμϐάνομεν
1382 2642 1474 2696 καὶ
1516 2643 1717 2696 κόλπον
1750 2642 1932 2706 αὐτοῖς

352 2727 672 2797 ὕπέχομεν;
709 2729 998 2800 Οὐδαμῶς.
1032 2733 1212 2787 Πολλὰ
1243 2733 1370 2805 γὰρ,
1404 2734 1526 2788 οὐδὲ
1553 2734 1777 2804 κομίσαι
1805 2736 1934 2800 τοὺς

349 2820 755 2891 λαμϐάνοντας,
799 2822 921 2878 οὐδὲ
953 2825 1319 2893 ὑποδέξεσθαι
1350 2827 1613 2882 δυνατόν’
1659 2826 1852 2898 ὥσπερ
1884 2828 1933 2881 εἰ

350 2913 523 2984 ἀγρὸς
551 2914 637 2985 εἴη
665 2914 726 2968 τὸ
750 2915 1051 2986 διδόμενον,
1081 2916 1113 2989 ἢ
1136 2918 1309 2985 οἰκία,
1334 2919 1367 2989 ἦ
1395 2932 1448 2974 τι
1471 2919 1736 2976 τοιοῦτον.
1771 2919 1934 2974 Ἀλλὰ

351 3009 406 3062 τί
434 3010 503 3062 ἂν
534 3008 622 3078 εἴη
659 3008 719 3062 τὸ
747 3009 999 3080 δέχεσθαι
1049 3012 1144 3065 ἐπὶ
1187 3013 1412 3068 πάντων
1457 3012 1569 3066 τῶν
1603 3012 1825 3084 δώρωνς
1857 3012 1933 3066 Τὸ

356 3100 501 3170 μετὰ
545 3101 656 3156 τῶν
705 3103 853 3158 ἰδίων
906 3105 1087 3172 τάξαι,
1144 3106 1207 3159 τὸ
1265 3103 1698 3170 οἰκειώσασθαι,
1753 3104 1934 3159 ταῦτα

350 3196 522 3250 δεκτὰ
553 3196 831 3266 λέγονται.
869 3199 929 3254 '0
960 3200 1015 3254 δὲ
1066 3199 1201 3264 Θεὸς
1242 3199 1420 3254 ταῦτα
1448 3199 1516 3254 τὰ
1558 3201 1711 3272 δῶρα
1757 3198 1933 3263 οὕτως

350 3289 672 3355 οἰκειοῦται,
699 3291 841 3346 ὥστε
873 3292 1015 3346 αὐτὰ
1049 3292 1212 3362 σῶμα
1253 3293 1352 3347 καὶ
1396 3287 1538 3362 αἷμα
1572 3297 1806 3347 ποιεῖται
1834 3290 1930 3346 τοῦ

350 3380 715 3452 Μονογενοῦς.
749 3385 813 3438 Et
841 3385 1023 3440 τοίνυν
1065 3378 1165 3453 τῆς
1210 3385 1542 3450 οἱκειώσεως
1584 3385 1811 3455 ταύτης,
1837 3387 1931 3439 οὐ·

350 3474 443 3529 δέν
473 3477 621 3529 ἔστιν
649 3476 766 3530 ἴσον
816 3476 1217 3548 ἐνθυμηθῆναι,
1266 3478 1391 3532 οὐδὲ
1439 3479 1563 3532 δσον
1611 3479 1720 3532 εἰσὶ
1768 3479 2003 3573 δεκτὰο

360 3568 559 3640 μέτρον
588 3568 771 3637 εὑρεῖν
803 3569 1052 3625 δυνατόν.
1096 3571 1217 3624 Ἔτι
1257 3570 1315 3624 δὲ
1351 3572 1445 3625 καὶ
1488 3572 1596 3624 ἀπὸ
1630 3572 1728 3641 τῆς
1780 3571 1932 3624 divu-

354 3659 555 3725 δόσεως
599 3661 762 3730 δῆλον
801 3661 1036 3731 γίνεται,
1076 3661 1203 3715 ὅσον
1252 3662 1582 3734 ἀποδέχεται
1621 3661 1683 3716 τὺ
1726 3661 1879 3715 δοθὲν
1907 3663 1936 3714 6

363 3751 558 3807 λαϐὼν.
596 3753 690 3818 Τίς
718 3748 812 3808 οῦν
844 3753 1083 3809 ἐνταῦθα
1112 3757 1144 3820 ἡ
1173 3755 1481 3820 ἁντίδοσις;
1510 3753 1652 3808 Αὐτὸ
1685 3755 1852 3810 πάλιν
1875 3755 1937 3810 τὸ

368 3845 523 3915 σῶμα
568 3846 658 3900 τοῦ
710 3845 951 3918 Χριστοῦ
991 3849 1087 3903 καὶ
1138 3848 1200 3900 τὸ
1249 3842 1425 3916 αἷμα·
1481 3847 1778 3918 λαμϐάνων
1826 3849 1935 3920 γὰρ

359 3939 518 4009 ήμῶν
548 3939 713 4010 ἄρτον
748 3941 842 3994 καὶ
872 3934 1020 3993 οἶνον
1047 3939 1077 3993 ό
1117 3938 1272 4005 Θεὸς,
1305 3939 1473 3994 αὐτὸν
1503 3940 1815 3996 ἀντιδίδωσι
1843 3941 1937 3997 τὸν

357 4033 505 4090 Υἱόν.
546 4034 655 4086 Καὶ
704 4032 871 4086 πόθεν
897 4032 1078 4103 δῆλον,
1125 4034 1314 4103 φησὶν,
1357 4032 1442 4088 ὅτι
1470 4032 1547 4099 ῶς
1580 4032 1731 4107 δῶρα
1762 4036 1937 4091 ταῦτα

353 4127 493 4195 ἡμῖν
539 4125 660 4179 ἀντὶ
688 4122 799 4177 τῶν
845 4122 1280 4195 προσαγομένων
1316 4124 1467 4192 παρὰ
1496 4121 1592 4177 τοῦ
1625 4123 1761 4178 Θεοῦ
1794 4122 1937 4178 δίδο-

353 4236 446 4272 ται
471 4234 487 4249 ο
537 4217 626 4283 Ἐξ
654 4210 728 4271 ὧν
758 4215 919 4279 αὐτὸς
949 4217 976 4268 6
1005 4215 1180 4283 ταῦτα
1212 4215 1601 4286 περικείμενός
1636 4233 1769 4288 φησι
1801 4215 1939 4287 πρὸς

352 4311 530 4381 ἡμᾶς,
568 4328 588 4361 ι
625 4308 857 4375 Λάϐετε,
899 4327 917 4361 ι
965 4306 1179 4374 λέγων·
1221 4304 1364 4359 οὕτω
1405 4306 1512 4378 γὰρ
1559 4305 1823 4377 μηνύεται
1877 4307 1939 4360 τὸ

353 4399 548 4473 δῶρον.
571 4402 759 4474 Ταύτῃ
777 4402 843 4471 τῇ
874 4402 1049 4470 φωνῇ,
1079 4399 1177 4452 καὶ
1199 4401 1225 4452 6
1250 4399 1427 4463 διδοὺς
1456 4400 1552 4453 καὶ
1587 4402 1616 4454 6
1646 4400 1939 4470 δεχόμενος

353 4501 452 4551 καὶ
467 4495 527 4550 τὸ
542 4494 816 4563 διδόμενον
834 4493 1199 4563 σημαίνεταιι·
1217 4490 1333 4545 ἔστι
1355 4490 1448 4545 καὶ
1465 4490 1639 4556 ἄλλως
1656 4509 1709 4545 τι
1726 4492 1935 4560 λαϐεῖν,

353 4591 432 4652 ὡς
459 4586 950 4658 παρακαταθήκην,
975 4577 1017 4653 ᾧ
1042 4585 1280 4656 χρῆσθαι
1302 4584 1428 4646 τοὺς
1460 4583 1726 4644 λαϐόντας
1760 4586 1822 4638 οὐ
1849 4584 1940 4638 θέ-

282 4744 297 4753 ,
359 4698 474 4751 μις.
494 4679 567 4732 Σὺ
594 4679 739 4733 δ’ῖνα
762 4681 836 4748 μὴ
856 4678 1015 4731 τοῦτο
1035 4677 1283 4752 νομίσῃς,
1300 4677 1413 4729 ἀλλ’
1437 4677 1556 4749 ἴδῃς
1585 4678 1665 4731 ὅτι
1690 4678 1780 4731 σόν
1796 4679 1936 4747 ἐστι,

353 4773 455 4826 καὶ
501 4769 812 4842 χρήσασθαι
849 4769 1129 4834 ἐκέλευσε,
1166 4787 1185 4818 ι
1231 4767 1466 4838 Φάγετε,
1502 4787 1520 4820 ι
1552 4769 1751 4838 λέγων.
1780 4769 1938 4824 Οὕτω

2632 2165 2787 2224 CAP.
2818 2165 3031 2223 XLVII.

2464 2260 2736 2326 Quatenus
2786 2273 2911 2316 sunt
2960 2272 3197 2329 accepta.

2107 2350 2375 2423 Sequitur
2401 2360 2464 2408 ut
2509 2352 2678 2407 etiam
2719 2352 3142 2408 consideremus
3170 2360 3453 2422 quatenus
3491 2360 3624 2408 sunt

2035 2453 2280 2517 accepta.
2313 2442 2459 2512 Quid
2493 2443 2640 2498 enim
2681 2443 2788 2499 hoc
2821 2444 2926 2499 sibi
2960 2444 3098 2510 vult,
3128 2459 3259 2499 esse
3292 2443 3498 2499 donum
3531 2458 3623 2499 ac-

2034 2529 2281 2606 ceptum,
2312 2536 2478 2590 etiam
2514 2534 2658 2605 apud
2689 2535 2989 2589 homines?
3028 2535 3297 2602 Quidnam
3333 2535 3620 2598 facientes.

2035 2627 2294 2684 dicuntur
2318 2643 2384 2683 ea
2413 2628 2556 2683 dona
2591 2627 2913 2698 suscipere?
2947 2628 3028 2681 An
3064 2626 3210 2697 quod
3243 2626 3498 2681 manibus
3525 2642 3622 2682 su-

2034 2722 2238 2776 mimus
2259 2733 2313 2777 et
2344 2735 2406 2777 ea
2438 2721 2492 2776 in
2520 2721 2701 2778 sinum
2728 2720 2985 2789 ponimus
3008 2718 3430 2789 ?Nequaquam.
3454 2717 3635 2773 Multa

2034 2813 2181 2870 enim
2214 2823 2498 2884 suntquae
2538 2828 2642 2869 nec
2689 2815 2783 2882 qui
2811 2812 3112 2883 accipiunt,
3159 2811 3302 2866 ferre
3358 2827 3459 2866 nec
3496 2827 3623 2866 sus-

2033 2909 2219 2980 cipere
2276 2921 2561 2981 possunt:
2598 2909 3068 2981 quemadmodum
3107 2909 3154 2964 si
3197 2908 3270 2965 sit
3312 2924 3443 2979 ager
3475 2910 3625 2980 quod

2034 3002 2223 3075 datur,
2250 3001 2337 3057 vel
2364 3002 2589 3067 domus,
2631 3001 2718 3057 vel
2744 3002 2879 3073 quid
2913 3001 3041 3060 tale.
3071 3000 3178 3056 Sed
3214 3000 3479 3071 quidnam
3507 3000 3628 3059 fue-

2035 3093 2109 3148 rit
2128 3092 2382 3165 accipere
2403 3093 2459 3148 in
2486 3086 2977 3148 omnibus'donis?
3003 3093 3061 3147 In
3092 3091 3334 3162 propriis
3358 3099 3624 3155 statuere;

2034 3185 2263 3269 propria
2292 3193 2348 3240 et
2379 3183 2685 3240 domestica
2721 3182 2957 3247 edicere,
2986 3192 3040 3238 et
3076 3197 3137 3238 ea
3180 3182 3393 3237 ratione
3425 3196 3489 3238 ea
3530 3197 3625 3238 ac-

2034 3284 2192 3346 cepta
2222 3291 2346 3332 esse
2372 3276 2653 3333 dicuntur.
2693 3274 2838 3332 Deus
2863 3285 3047 3330 autem
3081 3275 3198 3329 haec
3226 3273 3369 3329 dona
3399 3276 3475 3330 ita
3500 3289 3629 3345 pro.

2035 3369 2153 3439 pria
2187 3378 2244 3424 et
2280 3369 2573 3425 familiaria
2607 3369 2795 3433 emcit,
2838 3379 2900 3424 ut
2937 3383 3001 3423 ea
3036 3366 3204 3422 faciat
3251 3380 3377 3423 esse
3423 3376 3633 3437 corpus

2038 3472 2093 3517 et
2121 3461 2449 3533 sanguinem
2480 3460 2791 3531 Unigeniti.
2833 3459 2892 3514 Si
2924 3474 3058 3531 ergo
3084 3458 3214 3514 huic
3259 3457 3624 3513 familiaritati

2039 3553 2179 3608 nihil
2214 3559 2394 3623 potest
2436 3552 2617 3608 simile
2653 3551 2993 3620 excogitari,
3040 3564 3142 3605 uec
3172 3557 3447 3620 quatenus
3492 3560 3627 3606 sunt
3718 3584 3725 3590 ι

2037 3651 2282 3715 accepta,
2324 3651 2506 3714 potest
2568 3643 2761 3700 modus
2811 3642 3066 3698 inveniri.
3114 3640 3385 3698 Prteterea
3435 3652 3619 3697 autem

2037 3737 2203 3793 etiam
2234 3752 2301 3791 ex
2348 3735 2798 3793 remuneratione
2844 3732 3005 3790 facile
3049 3734 3183 3790 sciri
3230 3742 3412 3805 potest
3460 3750 3623 3804 quam

2037 3838 2324 3900 acceptum
2358 3827 2525 3882 fuerit
2553 3825 2603 3882 ei
2637 3827 2731 3898 qui
2762 3826 2978 3896 accepit
3036 3826 3090 3880 id
3122 3826 3268 3896 quod
3300 3825 3487 3880 datum
3517 3834 3622 3881 est.

2037 3920 2171 3988 Quae
2201 3929 2284 3976 est
2315 3936 2444 3992 ergo
2475 3919 2567 3977 hic
2589 3918 3007 3974 remuneratio?
3034 3915 3217 3989 Ipsum
3251 3931 3438 3972 rursus
3465 3915 3628 3972 Chri-

2037 4018 2105 4070 sti
2137 4029 2337 4083 corpus
2372 4021 2426 4069 et
2455 4011 2704 4082 sanguis.
2734 4010 3028 4081 Accipiens
3061 4010 3208 4065 enim
3238 4025 3268 4065 a
3308 4010 3471 4067 nobis
3505 4024 3623 4081 pa-

2038 4118 2164 4159 nem
2197 4114 2254 4158 et
2282 4105 2473 4158 vinum
2504 4101 2648 4159 Deus
2681 4102 2861 4171 ipsum
2899 4100 3078 4156 reddit
3104 4097 3327 4155 Filium.
3361 4100 3426 4155 Et
3454 4100 3626 4155 unde-

2041 4211 2189 4262 nam,
2220 4196 2421 4266 inquit,
2456 4195 2698 4252 sciemus
2727 4194 2876 4263 quod
2908 4193 3023 4249 haec
3056 4191 3198 4248 dona
3233 4192 3395 4248 nobis
3426 4208 3523 4263 pro
3552 4193 3625 4247 iis

2042 4305 2166 4361 qua:
2199 4290 2511 4346 offeruntur
2539 4305 2570 4345 a
2613 4288 2723 4344 Deo
2756 4287 3002 4343 dantur?
3036 4287 3113 4340 Ex
3149 4286 3234 4341 his
3277 4302 3398 4357 quae
3439 4288 3486 4341 is
3526 4287 3625 4358 qui

2044 4383 2150 4440 illis
2186 4392 2365 4439 tectus
2409 4391 2515 4447 est,
2574 4382 2726 4448 dicit,
2777 4380 2940 4435 nobis
2986 4379 3199 4443 dicens,
3234 4396 3254 4431 ι
3291 4378 3556 4449 Accipite.
3598 4398 3620 4432 ι

2039 4477 2117 4532 Ita
2149 4476 2294 4531 enim
2329 4473 2638 4530 ostenditur
2670 4473 2898 4528 donum.
2933 4471 3048 4527 Hac
3078 4486 3213 4528 voce
3239 4478 3294 4525 et
3334 4472 3426 4541 qui
3458 4472 3625 4527 donat

2041 4579 2096 4623 et
2123 4567 2218 4637 qui
2246 4567 2465 4635 accipit,
2498 4573 2553 4619 et
2581 4564 2728 4633 quod
2751 4564 3013 4627 donatur,
3037 4560 3404 4631 signiﬁcatur.
3439 4560 3625 4615 Potest

2041 4660 2205 4716 etiam
2245 4660 2380 4715 alias
2438 4658 2647 4727 aliquid
2698 4655 2915 4721 accipi,
2956 4665 3217 4721 tanquam
3265 4650 3622 4719 depositum,

2041 4768 2156 4822 quo
2195 4767 2300 4807 non
2336 4751 2418 4806 fas
2454 4760 2537 4805 est
2566 4748 2644 4803 uti
2676 4762 2772 4802 eos
2815 4746 2909 4816 qui
2941 4751 3272 4814 acceperunt
3303 4759 3316 4794 :
3346 4752 3404 4796 tu
3441 4751 3623 4797 autem

352 4839 630 4934 ﬁnirat}:
658 4864 776 4933 Θεῷ
807 4861 877 4915 τὰ
908 4862 1057 4933 δῶρα
1088 4865 1183 4916 καὶ
1218 4862 1359 4932 μετὰ
1396 4863 1671 4933 τοσαύτης
1704 4863 1936 4936 ὑπερϐο-

2046 4862 2116 4902 ne
2137 4846 2241 4902 hoc
2270 4843 2573 4908 existimes,
2603 4841 2697 4897 sed
2721 4841 2864 4897 scias
2886 4853 3006 4894 esse
3030 4847 3208 4902 tuum,
3232 4852 3344 4907 quo
3370 4846 3421 4891 te
3457 4839 3622 4891 etiam
3698 4859 3700 4862 ν

352 4956 479 5025 λῆς.
508 4954 606 5006 Διά
655 4951 815 5006 τοῦτο
858 4952 1184 5020 ἁγιάζουσιν
1218 4954 1307 5007 ἀεὶ
1362 4952 1545 5016 πάσας
1589 4954 1936 5022 Χριστιανῶν

351 5047 559 5118 ιζυχὰς,
596 5045 690 5100 καὶ
721 5045 940 5109 ζώντων
970 5046 1066 5097 καὶ
1098 5042 1412 5099 τεθνεώτων
1444 5046 1542 5107 τὰς
1580 5046 1814 5114 ἀτελεῖς,
1856 5048 1937 5103 ἔτι

350 5141 619 5211 δεομένας
647 5138 961 5208 ἁγιασμῶν.
993 5136 1057 5192 ΟΞ
1086 5137 1196 5208 γὰρ
1214 5137 1596 5202 τελειωθέντες
1623 5137 1770 5208 ἅγιοι
1797 5141 1939 5210 μετὰ

353 5238 469 5290 τῶν
497 5234 748 5303 ἀγγέλων
780 5232 1042 5296 ἑστῶτες,
1077 5231 1173 5285 καὶ
1206 5233 1286 5295 εἰς
1319 5231 1418 5303 τὴν
1464 5233 1721 5303 οὐράνιον
1751 5233 1940 5303 ἱεραρ.

352 5330 482 5400 χίαν
509 5326 609 5399 ⁸ἤδη
658 5324 1002 5390 τελέσαντες,
1034 5326 1135 5378 οὐκ
1174 5323 1255 5378 ἔτι
1304 5324 1511 5379 δέονται
1549 5324 1649 5396 τῆς
1692 5325 1936 5393 ἐπιγείου

356 5421 673 5492 ἱεραρχίας.

924 5682 1180 5743 ΚΕΦΑΛ.
1222 5682 1366 5739 MH'.

361 5806 461 5872 Τίς
490 5805 523 5859 ό
554 5805 743 5873 λόγος
783 5805 914 5873 καθ’
942 5802 1014 5857 ὃν
1040 5802 1137 5856 καὶ
1172 5802 1315 5869 τοὺς
1351 5804 1559 5871 ἁγίους
1604 5803 1710 5858 τοῦ
1743 5801 1937 5871 δώρου

551 5871 772 5929 τούτου
799 5871 1157 5942 δεξιούιιεθα
1185 5874 1278 5926 καὶ
1308 5877 1738 5942 θεραπεύομεν.

429 5965 620 6038 Τούτῳ
649 5966 705 6020 δὲ
732 5964 1021 6021 ἀκόλουθον
1052 5966 1226 6020 ἐκεῖνο
1252 5967 1486 6037 ζητῆσαι
1509 5989 1519 5999 ·
1554 5968 1613 6021 Εἰ
1637 5967 1746 6038 γὰρ
1773 5967 1942 6021 ταῦτα

2046 4940 2125 4995 uti
2146 4935 2334 5009 jussit,
2365 4936 2557 4993 dicens
2596 4951 2610 4990 :
2647 4953 2664 4987 ι
2694 4931 2998 4988 Comedite.
3035 4948 3052 4983 ι
3086 4930 3164 4985 Ita
3191 4939 3320 4986 sunt
3347 4931 3490 4984 dona
3515 4931 3626 4984 Deo

2046 5041 2270 5102 accepta
2299 5036 2355 5084 et
2389 5037 2499 5083 tam
2547 5026 2880 5096 insigniter;
2915 5033 3204 5094 propterea
3243 5037 3461 5091 semper
3497 5036 3627 5075 san-

2045 5124 2288 5180 ctilicant
2317 5135 2511 5176 omnes
2540 5118 2986 5175 Christianorum
3021 5116 3258 5181 animas,
3289 5122 3346 5170 et
3374 5117 3624 5167 vivorum

2046 5224 2122 5283 et_
2164 5225 2533 5279 mortuorum,
2597 5227 2720 5283 qua:
2766 5219 2896 5266 sunt
2963 5210 3146 5266 adhuc
3196 5207 3528 5278 imperfectae
3573 5215 3630 5260 et

2046 5317 2207 5379 egent
2235 5303 2691 5362 sanctiﬁcatione.
2733 5302 2921 5358 Sancti
2958 5302 3104 5358 enim
3139 5299 3366 5371 perfecti
3398 5311 3461 5351 ac
3498 5311 3630 5351 con-
3680 5341 3688 5365 ,

2048 5399 2329 5467 summati,
2362 5407 2571 5453 stantes
2600 5411 2726 5451 cum
2759 5395 2992 5466 angelis,
3025 5395 3078 5449 in
3109 5392 3389 5448 ccelestem
3421 5388 3631 5441 hierar-

2047 5494 2230 5549 chiam
2261 5493 2375 5562 jam
2404 5490 2670 5562 adoptati,
2710 5505 2823 5544 non
2852 5497 3016 5558 egent
3046 5483 3284 5555 amplius
3320 5481 3631 5536 hierarchia

2048 5588 2310 5643 terrestri.

2615 5678 2774 5733 CAP.
2830 5669 3063 5729 XLVIII.

2053 5797 2312 5864 Quantam
2345 5794 2483 5848 ratio
2517 5801 2732 5861 propter
2758 5805 2915 5861 quam
2936 5794 3151 5864 sanctos
3183 5784 3261 5839 his
3301 5782 3458 5838 donis
3488 5797 3635 5837 vene-

2568 5856 2753 5916 ramur
2770 5856 2829 5915 ἐι
2864 5856 3106 5913 colimus.

2126 5960 2263 6016 Iluic
2303 5967 2485 6013 autem
2520 5971 2762 6025 consequ
2787 5969 2868 6009 rus
2903 5958 2987 6008 est
3031 5949 3166 6006 illud
3217 5961 3465 6020 quaerere
3505 5962 3519 5998 :
3573 5941 3631 5998 SI
