4030 6458
498 467 598 533 ΓΙ

1736 485 2045 547 NICOLAI
2085 489 2477 549 C;\B.\S[L.’E

3612 486 3695 550 ίτθ

492 595 641 638 enim
674 581 791 640 hac
821 595 1007 645 saneta
1045 585 1156 644 Deo
1207 588 1431 659 quidem
1478 590 1770 658 donantur,
1831 609 1928 650 eos
1979 611 2044 649 au

2182 598 2248 649 τὰ
2274 599 2405 666 ἆγια
2439 598 2756 652 ἀνατίθεται
2810 598 2909 669 μὲν
2945 598 3019 670 τῷ
3050 581 3192 669 Θεῷ,
3227 598 3501 669 ἁγιάζεται
3528 600 3575 653 δὲ
3595 604 3699 661 τοὺς

497 682 608 730 tem
641 676 989 733 sanctificant
1015 679 1107 749 qui
1132 681 1570 738 sanctiﬁcatione
1592 685 1857 755 indigent,
1887 703 2072 756 quam-

496 783 622 823 nam
659 769 730 823 ob
758 785 976 825 causam
1011 772 1175 827 etiam
1204 774 1318 845 jam
1345 776 1717 831 sanctificatos
1746 787 1802 831 et
1825 779 1971 832 omni
2001 792 2070 834 ex

493 873 649 927 parte
682 860 975 930 perfet'los,
1018 865 1119 921 hac
1159 868 1426 921 donorum
1463 868 1738 923 oblatione
1769 871 1870 924 coli
1898 871 2071 924 credi-

429 944 451 966 ⁸
500 969 529 1004 ιι
555 954 663 1006 ns?
695 964 745 1007 et
796 957 1015 1022 quando
1053 971 1151 1011 eos
1187 960 1392 1027 aliquid
1439 971 1678 1024 orantes,
1708 963 1761 1015 in
1809 961 2069 1016 auxilium

493 1047 873 1102 vocaverimus
899 1088 912 1109 ,
948 1049 1143 1103 horum
1186 1052 1453 1107 donorum
1502 1054 1866 1108 ministerium
1915 1054 2074 1124 polli-

492 1153 703 1202 cemur,
747 1147 1005 1207 tanquam
1046 1142 1131 1195 vel
1186 1142 1319 1212 ipsis
1367 1158 1430 1196 ea
1477 1143 1736 1198 donaturi
1764 1181 1781 1208 ,
1830 1143 1914 1196 vel
1971 1157 2072 1212 pro

490 1230 649 1296 ipsis,
690 1241 749 1285 ut
796 1233 926 1286 ﬁant
966 1234 1258 1289 nwiiores?
1302 1234 1458 1300 Quod
1507 1234 1727 1305 quidem
1772 1245 1858 1291 est
1902 1236 2068 1290 etiam

490 1322 632 1378 alius
665 1323 867 1377 modus
898 1325 1169 1378 donorum
1200 1325 1500 1380 oblationis
1533 1340 1698 1395 quam
1730 1327 1880 1395 prius
1913 1325 2025 1380 dixi
2051 1365 2067 1388 ,

492 1424 592 1473 per
617 1425 781 1478 quem
808 1411 923 1467 haec
947 1413 1090 1467 dona
1117 1413 1255 1467 fiunt
1286 1416 1448 1468 etiam
1483 1425 1824 1477 sanctorum,
1849 1416 2070 1484 quando

498 1502 607 1556 Deo
640 1512 905 1573 tanquam
969 1519 1068 1573 pro
1123 1506 1425 1575 gratiarum
1481 1507 1695 1561 actione
1742 1505 2068 1572 offeruntur,

490 1597 638 1664 quod
669 1595 751 1650 eis
777 1594 1171 1665 perfectionem
1195 1605 1249 1652 et
1277 1598 1807 1653 consummationem
1836 1598 2068 1663 dederit;

492 1692 619 1737 sunt
654 1687 802 1738 enim
836 1684 927 1738 hei
956 1684 1121 1751 dona,
1151 1695 1209 1741 ut
1260 1700 1382 1757 quze
1419 1687 1470 1741 ei
1502 1686 1798 1743 donantur.
1848 1685 1987 1743 Sunt
2016 1697 2071 1743 et

492 1771 767 1835 ﬁdelium,
797 1783 988 1843 utpote
1020 1775 1091 1831 iis
1148 1777 1242 1846 qui
1276 1778 1480 1832 auxilio
1509 1777 1787 1851 indigent,
1814 1787 1875 1834 ut
1916 1780 2072 1833 auxi-

492 1864 605 1931 lia;
640 1874 769 1920 sttnt
798 1866 961 1921 etiam
995 1877 1333 1936 sanctorum,
1365 1870 1510 1941 quod
1537 1885 1723 1927 eorum
1754 1871 1925 1942 gratia
1962 1871 2070 1926 Deo

494 1956 794 2012 donantur.

567 2051 722 2116 Quod
768 2050 914 2106 enim
949 2065 1067 2106 mea
1104 2054 1276 2120 gratia
1304 2053 1513 2129 datum
1550 2063 1653 2118 est,
1700 2071 1803 2123 ego
1836 2057 2065 2125 accipio,

496 2152 813 2220 quicunque
873 2150 921 2204 is
978 2149 1051 2205 sit
1100 2150 1192 2220 qui
1247 2151 1467 2221 accipit.
1516 2149 1633 2207 Non
1684 2151 1830 2207 enim
1885 2153 2067 2206 omnia

494 2259 617 2314 quae
646 2243 806 2299 nobis
843 2243 1208 2314 undecunque
1236 2245 1538 2314 donantur,
1573 2246 1781 2301 nostris
1816 2247 2069 2302 manibus

495 2337 817 2407 accipimus,
850 2338 943 2393 sed
970 2339 1134 2393 etiam
1170 2338 1474 2393 amicorum
1502 2347 1557 2393 et
1584 2338 1960 2404 familiarium,
1990 2350 2065 2404 et,

498 2442 557 2485 ttt
607 2431 773 2485 semel
807 2431 1012 2495 dicam,
1063 2434 1307 2486 omnium
1364 2432 1565 2500 quibus
1599 2432 1836 2487 donator
1876 2433 2065 2499 donat,

492 2530 554 2575 ut
616 2521 776 2575 nobis
838 2536 953 2574 rem
1020 2531 1227 2587 gratam
1290 2522 1472 2595 faciat.
1541 2525 1837 2592 PrOptert-a
1901 2526 2065 2578 etiam

491 2609 777 2675 Dominus,
830 2612 1160 2680 pauperibus
1208 2612 1625 2681 accipientibus,
1667 2614 1796 2685 quia
1843 2615 1935 2684 qui
1987 2615 2067 2669 eis

489 2702 856 2771 suppeditant,
893 2702 1011 2771 ejus
1057 2703 1228 2772 gratia
1263 2704 1367 2759 hoc
1413 2703 1639 2769 faciunt,
1687 2705 1801 2774 ipse
1845 2722 1904 2760 se
1937 2706 2067 2760 dicit

492 2794 758 2863 accipere.
807 2791 886 2848 lta
947 2794 1113 2848 etiam
1175 2796 1350 2849 sancti
1402 2794 1519 2850 haec
1566 2795 1709 2850 dona
1762 2796 2063 2866 accipiunt,

490 2884 636 2954 quod
663 2900 850 2939 eorum
884 2885 1058 2955 gratia
1111 2885 1220 2941 Deo
1256 2886 1550 2940 donantur.
1591 2886 2063 2953 Quemadmodum

489 2974 635 3031 enim
669 2984 892 3046 propter
922 2977 1125 3031 Christi
1178 2977 1527 3034 dilectionem
1566 2978 1697 3033 illud
1740 2979 1821 3043 ﬁt,
1860 2980 1933 3033 ita
1963 2979 2067 3034 hoc

489 3067 656 3121 etiam
697 3076 919 3136 propter
954 3067 1300 3123 dilectionem
1358 3080 1692 3125 sanctorum.
1747 3069 1886 3136 Quia
1918 3070 2063 3123 enim

490 3158 649 3215 valde
681 3173 779 3214 eos
805 3159 1102 3230 diligimus,
1143 3162 1327 3215 eadem
1370 3162 1510 3218 bona
1549 3170 1734 3217 nostra
1765 3177 1886 3218 esse
1914 3163 2065 3215 duci-

492 3265 640 3316 mus,
677 3260 730 3305 et
758 3249 836 3307 eis
867 3253 932 3306 de
981 3251 1238 3307 felicitate
1272 3254 1631 3324 gratulamur
1665 3262 1923 3322 tanquam
1961 3251 2062 3321 ipsi

488 3342 761 3397 honorum
823 3343 1136 3413 participes.
1194 3343 1269 3400 Ita
1326 3345 1491 3400 etiam
1544 3345 1845 3414 gaudentes
1898 3344 2062 3399 donis

487 3433 622 3503 ipsis
654 3449 684 3488 a
722 3434 953 3490 Domino
984 3435 1146 3499 datis,
1190 3437 1394 3505 gratias
1425 3436 1637 3506 agimus
1677 3437 1724 3489 ei
1768 3436 1858 3505 qni
1891 3437 2058 3497 dedit,

484 3537 541 3582 et
600 3542 700 3596 pro
761 3529 1065 3599 gratiarum
1127 3530 1345 3584 actione
1390 3530 1531 3584 dona
1587 3528 1889 3583 oﬁ‘erituus.
1939 3528 2061 3582 Nm

487 3630 706 3689 propter
738 3619 840 3674 hoc
874 3630 1056 3675 autem
1095 3621 1270 3676 solum
1322 3620 1360 3674 ii
1393 3620 1535 3675 dona
1582 3620 1882 3689 accipiunt,
1913 3620 2056 3690 quod

488 3721 710 3782 propter
766 3727 957 3767 eorum
1013 3713 1359 3768 dilectionem
1410 3712 1468 3767 ﬁt
1519 3713 1789 3767 donorum
1831 3712 2056 3779 oblatio,

486 3805 581 3860 sed
613 3807 757 3875 quod
788 3806 893 3860 ho’c
917 3806 1081 3860 etiam
1114 3814 1199 3860 est
1224 3805 1306 3860 eis
1330 3804 1793 3873 iucundissimum
1816 3814 1872 3861 et
1901 3804 2061 3874 longe

485 3896 883 3966 gratissimum.
914 3896 1038 3951 dico
1063 3904 1245 3950 autem
1279 3897 1423 3964 quod
1455 3895 1596 3951 Deus
1623 3911 1720 3965 per
1752 3897 1900 3965 ipsos
1930 3912 2055 3966 gra-

487 3991 592 4043 tias
625 3989 846 4058 accipit,
883 3996 939 4042 et
980 3986 1341 4057 gloriﬁcatur.
1396 3986 1868 4053 Quemadmodum
1909 3987 2055 4041 enim

482 4089 567 4134 est
592 4080 892 4133 maximum
922 4086 1209 4147 peceatum
1242 4078 1527 4133 'malorum
1565 4080 1875 4142 hominum,
1909 4077 2054 4146 quod

2177 690 2456 763 άγιασμοῦ
2485 690 2796 760 δεομένους,
2833 690 2979 756 τίνος
3012 693 3177 746 ἕνεκα
3205 693 3442 756 καὶτοὺς
3474 693 3699 763 ἡγιασμέ-

2175 796 2296 842 νους
2326 761 2425 852 ἤδη
2480 783 2573 836 καὶ¹
2599 782 2781 837 πάντα
2807 783 3073 849 τελείους,
3116 785 3289 856 ταύτῃ
3323 787 3385 853 τῇ
3430 761 3701 853 δωροφορδᾳ

2172 872 2477 938 δεξιοῦσθαι
2507 875 2859 944 πιστεύομεν,
2883 876 2977 930 καὶ
3011 876 3232 931 ἐπειδάν
3252 878 3497 951 αὐτῶντι
3515 876 3701 947 δεηθένο

2172 981 2286 1028 τες,
2337 968 2419 1029 είς
2466 966 2792 1037 ἐπικουρίαν
2845 968 3192 1039 καλέσωμεν,
3234 968 3332 1036 τὴν
3384 969 3487 1021 τῶν
3541 969 3702 1036 δώρων

2176 1057 2379 1111 τούτων
2432 1058 2846 1129 ὑπισχνούμεθα
2881 1060 3249 1129 λειτουργίαν,
3277 1059 3512 1131 ὥσπερῆ
3546 1059 3703 1121 αὐτοῖς

2175 1150 2351 1204 ταῦτα
2379 1149 2676 1220 ἀναθήσειν
2713 1151 3024 1219 μέλλοντες,
3053 1152 3085 1221 ἢ
3118 1152 3259 1222 ὑπὲρ
3288 1153 3485 1216 αὐτῶν,
3513 1152 3590 1203 ἵνα
3626 1149 3702 1217 γέ-

2173 1258 2377 1294 νωνται
2406 1242 2651 1312 βελτίους
2682 1259 2699 1308 ;
2730 1243 2854 1297 Ὀτι
2887 1243 2984 1299 καὶ
3027 1243 3218 1313 ἕτερός
3252 1245 3365 1296 ἐστι
3398 1241 3582 1313 τρόπος
3622 1241 3702 1308 τῆς

2171 1331 2515 1401 δωροφορίας
2562 1331 2791 1401 ταύτης,
2924 1332 3163 1402 πρόσθεν
3196 1334 3355 1402 ἔφην,
3403 1331 3521 1385 καθ’
3561 1330 3613 1383 δν
3645 1328 3703 1381 τὰ

2171 1421 2320 1493 δῶρα
2351 1422 2543 1489 ταῦτα,
2573 1425 2668 1477 καὶ
2701 1424 2810 1478 τῶν
2838 1424 3013 1492 ἁγίων
3039 1426 3273 1494 γίνεται,
3319 1425 3446 1478 ὅταν
3470 1424 3540 1484 ὡς
3567 1422 3703 1490 εὐχα·

2175 1516 2431 1585 ριστήρια
2481 1515 2562 1586 τῷ
2596 1516 2717 1587 Θεῷ
2769 1518 3176 1587 προσάγωνται,
3226 1518 3368 1588 ὑπὲρ
3418 1518 3511 1586 τῆς
3552 1514 3702 1567 αὐτῶν

2172 1605 2355 1677 δόξης,
2383 1600 2452 1679 ἦς
2476 1607 2674 1672 αὐτοὺς
2699 1607 2942 1675 ὲδόξασε,
2967 1609 3063 1663 καὶ
3093 1610 3233 1679 ὑπὲρ
3260 1610 3355 1679 τῆς
3384 1607 3701 1667 τελειώσεως.

2170 1694 2238 1768 ἧς
2281 1698 2478 1763 αὐτοὺς
2508 1698 2849 1753 ἐτελείωσεν.
2887 1700 3044 1753 Ἔστι
3076 1699 3177 1768 μὲν
3220 1700 3331 1768 γὰρ
3373 1696 3463 1752 τοῦ
3492 1695 3615 1749 Θεοῦ
3647 1695 3704 1746 τὰ

2174 1789 2328 1860 δῶρα
2372 1788 2448 1854 ὡς
2479 1789 2630 1860 αύτῷ
2660 1790 3028 1861 ἁνατιθέμενα
3052 1807 3069 1822 σ
3104 1790 3222 1844 ἔστι
3267 1790 3321 1844 δὲ
3353 1791 3445 1844 καὶ
3474 1787 3575 1840 τῶν
3608 1785 3701 1839 δεο-

2176 1883 2356 1950 μένων
2386 1882 2637 1954 βοηθείας
2682 1883 2890 1937 πιστῶν
2920 1883 2995 1947 ὡς
3020 1883 3344 1954 βοηθήματα
3370 1898 3385 1914 ο
3422 1882 3531 1932 ἐστι
3555 1877 3605 1932 δὲ
3628 1876 3703 1929 καὶ

2170 1973 2281 2026 τῶν
2308 1974 2502 2041 ἁγίων,
2530 1976 2613 2028 ὅτι
2640 1973 2824 2028 αὐτῶν
2849 1974 3009 2045 χάριν
3038 1973 3350 2028 ἀνατίθεται
3382 1971 3457 2040 τῷ
3489 1969 3615 2038 Θεῷ.

2242 2068 2315 2119 Τὸ
2340 2067 2448 2138 γὰρ
2507 2067 2647 2137 ἐμὴν
2704 2066 2863 2137 χάριν
2911 2066 3085 2130 δοθὲν,
3123 2065 3234 2134 ἐγὼ
3287 2064 3563 2134 λαμϐάνω,
3615 2058 3704 2112 κᾶν

2171 2158 2419 2213 ὁστισοῦν
2453 2161 2480 2213 ό
2507 2158 2797 2229 δεχόμενος
2927 2159 2987 2211 ab
3017 2159 3128 2228 γὰρ
3173 2158 3357 2212 πάντα
3386 2156 3452 2209 τὰ
3481 2154 3703 2221 διδόμενα

2171 2252 2304 2321 ἡμῖν
2330 2249 2551 2304 ὁθενοῦν
2582 2253 2701 2313 ταῖς
2733 2250 2889 2321 χερσὶ
2920 2250 3277 2320 λαμϐάνομεν
3298 2251 3418 2309 ταῖς
3440 2247 3705 2317 ἡμετέραις

2173 2345 2355 2413 μόνον,
2387 2342 2523 2396 ἀλλὰ
2556 2340 2652 2395 καὶ
2679 2343 2798 2403 ταῖς
2843 2341 2952 2393 τῶν
2987 2340 3178 2409 φίλων,
3213 2339 3312 2392 καὶ
3348 2337 3456 2389 τῶν
3492 2333 3702 2391 οἰκείων,

2169 2437 2266 2489 καὶ
2297 2435 2486 2496 ἁπλῶς
2526 2434 2743 2487 πάντων
2772 2427 2853 2495 οἷς
2883 2433 2911 2485 ὁ
2940 2431 3288 2502 δωρούμενος
3320 2430 3409 2484 ἴνα
3450 2428 3589 2499 ἡμᾶς
3628 2425 3703 2476 εὖ·

2169 2526 2373 2597 φράνῃ.
2401 2506 2678 2595 δωρεῖται.
2717 2524 2815 2578 Διὰ
2840 2522 2999 2579 τοῦτο
3028 2525 3125 2578 καὶ
3147 2526 3174 2575 ὁ
3207 2523 3427 2593 Κύριος,
3458 2518 3558 2572 τῶν
3581 2532 3706 2568 πτω-

2168 2619 2279 2689 χῶν
2310 2618 2719 2687 λαμϐανόντων,
2754 2618 2836 2670 ὅτι
2866 2617 2917 2670 οί
2939 2615 3309 2686 χορηγοῦντες
3339 2605 3704 2674 αὐτοῖς,ἀύτοῦ

2167 2709 2329 2780 χάριν
2360 2710 2519 2762 τοῦτο
2547 2706 2813 2772 ποιοῦσιν,
2839 2708 3003 2771 αὐτὸς
3031 2707 3337 2776 λαμϐάνειν
3361 2704 3535 2776 φησιν.
3573 2700 3707 2755 Οὗτω

2169 2801 2264 2852 καὶ
2294 2800 2342 2851 οἱ
2369 2798 2515 2866 ἅγιοι
2543 2796 2721 2851 ταῦτα
2747 2797 2813 2851 τά
2843 2798 2991 2868 δῶρα
3021 2795 3413 2866 λαμϐάνουσιν,
3451 2796 3529 2848 ὅτι
3555 2789 3706 2845 αὐτῶν

2166 2891 2329 2960 χάριν
2358 2889 2676 2944 ἀνατίθεται
2705 2889 2782 2960 τῷ
2816 2888 2956 2959 Θεῷ.
2996 2889 3208 2959 Ὥσπερ
3254 2890 3366 2959 γὰρ
3401 2887 3486 2940 διὰ
3513 2885 3602 2954 si];
3635 2879 3704 2934 ,οῦ

2166 2980 2407 3053 Χριστοῦ
2435 2983 2657 3055 ἀγάπην
2708 2984 2885 3035 ἐκεῖνο
2911 2982 3146 3050 γίνεται,
3183 2979 3335 3035 οὓτω
3377 2980 3464 3034 διὰ
3497 2976 3588 3047 τὴν
3615 2972 3705 3025 τῶν

2167 3073 2338 3140 ἁγίων
2369 3073 2592 3145 ἀγάπην
2631 3072 2812 3129 τοῦτο.
2847 3072 2972 3126 Ὅτι
3019 3073 3118 3143 μὲν
3157 3072 3275 3145 γὰρ
3318 3071 3521 3142 σφόδρα
3551 3059 3705 3135 φιλιῦ·

2169 3181 2270 3234 μεν
2297 3164 2517 3229 αὐτοὺς,
2548 3164 2617 3217 τὰ
2668 3162 2849 3217 αὐτῶν
2884 3161 3067 3232 ἀγαθὰ
3095 3158 3349 3233 ἡμέτερα
3386 3154 3705 3228 λογιζόμεθα,

2166 3255 2261 3308 καὶ
2308 3254 2682 3324 συγχαίρομεν
2726 3253 2913 3316 αὐτοῖς
2961 3253 3063 3321 τῆς
3105 3252 3480 3322 εὐδαιμονίας,
3512 3249 3582 3306 ὡς
3631 3242 3708 3298 καὶ

2164 3344 2318 3395 αὐτοὶ
2352 3342 2672 3411 μετέχοντες
2726 3341 2833 3396 τῶν
2869 3341 3109 3408 ἀγαθῶν.
3149 3340 3311 3395 Οὕτω
3353 3341 3410 3394 δὲ
3455 3338 3706 3409 χαίροντες

2161 3436 2284 3498 ταῖς
2320 3433 2471 3503 παρὰ
2502 3432 2597 3487 τοῦ
2645 3432 2856 3503 Κυρίου
2904 3431 3223 3500 δεδομέναις
3253 3435 3436 3496 αὐτοῖς
3480 3428 3704 3500 δωρεαῖς,

2160 3525 2595 3597 εὐχαριστοῦμεν
2656 3524 2736 3594 τῷ
2789 3523 3065 3590 δεδοικότι,
3129 3524 3225 3579 καὶ
3277 3527 3345 3579 τὰ
3403 3518 3705 3595 χαριστήρια

2160 3620 2516 3689 προσάγομεν
2543 3616 2714 3686 δῶρα.
2753 3616 2827 3671 Οὐ
2855 3616 2945 3671 διὰ
2978 3616 3138 3670 τοῦτο
3184 3616 3243 3669 δὲ
3289 3616 3453 3687 μόνον
3485 3612 3629 3666 αὐτοὶ
3650 3606 3707 3660 τὰ

2158 3709 2309 3780 δῶρα
2359 3708 2757 3779 λαμϐάνουσιν,
2801 3707 2888 3761 ὅτι
2920 3707 3009 3761 διὰ
3057 3708 3158 3775 τὴν
3209 3707 3393 3761 αὐτῶν
3447 3698 3705 3772 ἀγάπηνὴ

2158 3802 2469 3873 δωροφορία
2524 3801 2760 3871 γίνεται,
2812 3801 2929 3855 ἀλλ’
2972 3802 3056 3855 ὅτι
3105 3802 3203 3854 καὶ
3257 3800 3393 3855 αὐτὸ
3434 3796 3587 3852 τοῦτο
3614 3790 3705 3845 τῶν

2157 3894 2393 3966 ηδῐστων
2432 3892 2527 3946 καὶ
2553 3892 2763 3962 σφόδρα
2794 3893 3214 3963 κεχαρισμένων
3251 3893 3456 3957 αὐτοῖς,
3497 3887 3628 3955 λέγω
3652 3880 3704 3947 δὴ

2137 3984 2242 4051 τὸ,
2274 3986 2364 4039 τὸν
2394 3984 2528 4040 Θεὸν
2554 3983 2621 4037 δι’
2647 3983 2847 4047 αὐτοὺς
2873 3984 3101 4054 χάριτας
3131 3983 3414 4055 δέχεσθαι,
3446 3981 3538 4036 καὶ
3576 3974 3706 4040 δοξά-

2158 4078 2369 4146 ζεσθαι.
2406 4078 2619 4147 Ὠσπερ
2656 4077 2768 4147 γὰρ
2799 4076 3055 4146 μέγιστον
3085 4077 3396 4146 ἁμάρτημα
3425 4072 3530 4127 τῶν
3561 4083 3704 4134 πονη-

484 4170 901 4237 blasphematur
960 4182 1160 4221 nomen
1212 4167 1304 4223 Dei
1353 4184 1446 4239 per
1498 4170 1669 4239 ipsos,
1701 4171 1794 4224 'ita
1849 4169 2058 4224 sanctis

2167 4173 2272 4239 ρῶν
2299 4168 2604 4238 ἀνθρώπων
2634 4168 2694 4221 τὸ
2724 4165 3160 4243 βλασφημεῖσθαι
3187 4168 3250 4221 τὸ
3276 4169 3451 4236 ὄνομα
3477 4161 3564 4217 τοῦ
3587 4154 3702 4213 Θεοῦ

480 4270 564 4313 est
604 4272 859 4326 magnum
907 4256 1257 4318 beneﬁcium.
1306 4268 1362 4313 et
1412 4274 1610 4330 magno
1663 4259 1846 4314 studio
1891 4274 2055 4328 appe-

2167 4263 2223 4317 δι’
2252 4261 2479 4325 αὐτούς·
2521 4259 2664 4315 οὕτω
2714 4260 2858 4330 μέγα
2894 4258 3253 4329 κατόρθωμα,
3295 4261 3391 4313 καὶ
3433 4248 3704 4326 περισπού-

485 4351 733 4414 tendum,
765 4348 911 4419 quod
944 4365 1038 4419 per
1091 4352 1239 4421 ipsos
1275 4352 1416 4409 Deus
1464 4353 1824 4422 gloriﬁcatur.
1861 4349 1974 4405 Hoc
2002 4361 2056 4405 et

2167 4355 2351 4408 Βαστον
2388 4356 2501 4417 τοῖς
2525 4352 2723 4420 ἁγίοις,
2768 4353 2831 4405 τὸ
2871 4349 2943 4402 δι’
2976 4352 3172 4414 αὐτοὺς
3224 4341 3326 4406 τὸν
3362 4352 3495 4404 Θεὸν
3521 4343 3704 4412 sagace-

482 4458 607 4497 eum
643 4455 871 4510 corpore
899 4441 1206 4499 viventibus
1254 4453 1368 4498 erat
1397 4452 1718 4513 perpetuum
1750 4452 2050 4509 certamen,

2167 4446 2305 4500 σθαι.
2340 4445 2511 4498 Τοῦτο
2538 4447 2630 4498 καὶ
2664 4445 2803 4514 μετὰ
2835 4447 3092 4516 σώματος
3119 4446 3256 4511 ζῶσι
3296 4444 3550 4515 διηνεκὴς
3574 4439 3705 4507 ἀγὼν

479 4544 767 4605 postquam
826 4534 879 4587 in
943 4534 1141 4589 etelttut
1197 4536 1525 4605 migrarunt.
1586 4538 1905 4591 continuum
1966 4545 2054 4591 est

2167 4533 2247 4610 ἣν,
2299 4540 2392 4591 καὶ
2427 4539 2761 4608 μεταστᾶσιν
2810 4540 2890 4602 εἰς
2934 4540 3027 4593 τὸν
3086 4538 3321 4610 οὐρανὸν
3380 4537 3537 4608 ἔργον
3575 4530 3706 4586 ἐστὶν

477 4641 638 4693 opus,
682 4634 736 4679 et.
770 4625 1045 4692 rofuptas,
1084 4633 1139 4679 et
1189 4626 1335 4681 illius
1371 4626 1723 4681 beatitudinis
1758 4636 1939 4695 caput.
1991 4625 2047 4681 Si

2167 4630 2389 4698 ἰληκτον
2421 4631 2516 4684 καὶ
2544 4631 2749 4702 τρυφὴ,
2788 4632 2883 4685 καὶ
2916 4631 3017 4702 τῆς
3072 4632 3483 4701 μακαριότητος
3510 4627 3706 4691 ἐκείνης

475 4718 620 4773 enim
667 4716 886 4786 quando
914 4716 1057 4771 bona
1106 4717 1187 4772 eis
1236 4718 1289 4771 in
1335 4732 1431 4788 spe
1470 4718 1645 4774 solum
1695 4727 1885 4783 erant,
1934 4719 2047 4773 Deo

2167 4724 2469 4793 κεφάλαιον.
2503 4726 2566 4779 Εί
2596 4724 2705 4795 γὰρ
2751 4727 2840 4780 ὅτε
2878 4726 2947 4779 τὰ
2980 4725 3159 4793 ἀγαθὰ
3186 4728 3244 4778 ἑν
3294 4716 3593 4791 ἑλπίσιν¹ἦν
3620 4714 3705 4785 μό·

479 4810 681 4879 gratias
731 4817 991 4876 perpetuo
1034 4811 1288 4879 agebant,
1339 4821 1394 4867 et
1437 4812 1620 4865 omnia
1661 4810 1727 4865 ad
1762 4811 1884 4881 ejus
1928 4811 2046 4881 glo-

2167 4831 2243 4866 ιον
2292 4815 2497 4878 αὐτοῖς,
2535 4815 2805 4869 διετέλουν
2834 4816 2892 4869 ὲν
2937 4802 3098 4870 παντὶ
3145 4816 3596 4888 εὐχαριστοῦντες
3638 4804 3706 4873 τῷ

478 4904 614 4955 riam
672 4901 983 4970 faciebant;
1027 4902 1340 4972 cujustnodi
1367 4912 1582 4970 oportet
1629 4919 1722 4958 eos
1763 4904 1815 4957 in
1848 4904 2049 4958 talibus

2167 4906 2292 4975 θεῷ,
2324 4906 2421 4959 καὶ
2461 4907 2638 4961 πάντα
2666 4907 2747 4969 είς
2776 4906 2934 4972 δόξαν
2959 4907 3127 4962 αὐτοῦ
3158 4908 3447 4971 ποιοῦντες
3469 4923 3485 4938 ⁶
3507 4902 3704 4959 ὁποίους

476 4993 812 5054 existimare.
867 4994 1089 5061 quando
1124 4993 1294 5048 multo
1346 4993 1524 5063 major
1568 4994 1787 5063 quidem
1837 5005 1921 5050 est
1967 4997 2048 5050 eis

2167 4994 2343 5057 ιιύτούς
2375 4994 2629 5062 γενέσθαι
2657 4995 2724 5047 τὰ
2755 4995 2991 5064 ,τοιαῦτα
3020 4997 3126 5068 χρὴ
3160 4998 3433 5067 νομίζειν,
3482 4997 3568 5050 ὅτε
3598 4989 3703 5061 μεί·

476 5086 751 5149 gratitodo
796 5095 851 5141 et
895 5087 1143 5142 beneﬁcii
1193 5085 1522 5144 recordatio,
1576 5102 1697 5140 cuzn
1749 5086 1896 5141 omni
1933 5086 2044 5156 jam

2167 5084 2261 5147 ξων
2295 5086 2395 5153 μὲν
2443 5087 2630 5150 αὐτοῖς
2683 5089 2719 5159 ἠ
2752 5089 3147 5159 εὐγνωμοσύνη
3201 5089 3387 5159 πολλῷ
3421 5089 3497 5159 τῷ
3545 5086 3699 5157 μέσῳ.

477 5178 679 5230 virtute
738 5178 964 5246 perfecti
1016 5185 1165 5242 sunt,
1220 5177 1365 5231 bona
1425 5188 1607 5231 autem
1662 5194 1767 5232 non
1824 5186 2048 5245 sperant

2167 5176 2373 5239 ιελείοις
2406 5177 2508 5247 ἤδη
2540 5181 2720 5231 πᾶσαν
2753 5180 2954 5250 ἀρετὴν
2983 5182 3328 5249 γενομένοις,
3362 5183 3432 5235 τὰ
3462 5182 3517 5235 δὲ
3541 5175 3702 5246 ἁγαθὰ

477 5271 748 5338 amplius,
812 5271 906 5324 sed
974 5270 1091 5337 ipsa
1154 5268 1486 5337 experientia
1550 5269 1768 5324 discunt
1828 5271 2042 5327 Domini

2167 5268 2331 5320 ιύκέτι
2359 5268 2673 5333 ἐλπίζουσιν
2692 5286 2706 5301 ·
2743 5270 2859 5322 ἀλλ’
2884 5272 3020 5341 αὐτῇ
3048 5273 3215 5343 πείρᾳ
3248 5273 3582 5341 μανθάνουσι
3616 5268 3701 5333 τὴν

478 5361 903 5427 benignitatem:
959 5359 1180 5426 quando
1232 5358 1419 5412 vident
1462 5360 1652 5428 quales
1689 5378 1752 5415 ex
1786 5362 2043 5432 qualibus

2167 5358 2239 5410 τοῦ
2265 5360 2537 5413 Δεσπὸτου
2572 5361 2904 5430 φιλοτιμίαν,
2932 5364 3019 5416 ὅτε
3040 5363 3239 5427 ὁρῶσιν
3260 5364 3489 5426 ἑαυτοὺς
3511 5361 3570 5426 ἐξ
3586 5359 3700 5413 οἵων

475 5448 601 5502 facti
632 5457 785 5511 sunt,
815 5463 915 5517 pro
942 5449 1189 5501 terrenis
1209 5448 1373 5511 soles,
1425 5465 1523 5518 pro
1549 5455 1723 5507 servis
1754 5463 2039 5523 contemp-

2167 5448 2247 5502 ιῖοι
2278 5453 2566 5519 γεγόνασιν
2600 5454 2721 5507 ἀντὶ
2761 5455 3001 5524 πηλίνων
3031 5458 3196 5526 ἣλιοι,
3221 5457 3346 5509 ἀντὶ
3377 5456 3578 5511 δούλων
3598 5452 3701 5520 ἡτι-

468 5539 541 5591 tis
592 5537 848 5591 honorati
904 5536 994 5589 lilii
1041 5545 1094 5589 et
1144 5538 1292 5607 regni
1344 5540 1580 5597 coalestis
1629 5541 1893 5608 hzeredes,
1943 5559 2040 5606 pio

2167 5542 2417 5611 ιωμένων
2487 5546 2597 5597 υἱοὶ
2625 5546 2814 5613 τίμιοι,
2851 5548 2943 5600 καὶ
2978 5546 3258 5617 βασιλείας
3299 5550 3546 5619 οὐρανῶν
3581 5545 3701 5615 κληο

470 5628 579 5680 rei;
617 5636 866 5694 potentes
913 5625 995 5679 vel
1040 5625 1178 5681 alios
1225 5644 1255 5683 e
1301 5630 1409 5684 reis
1456 5634 1716 5696 eximere,
1771 5649 1867 5702 per
1914 5648 2036 5688 eam

2167 5634 2368 5702 δονόμοι
2395 5651 2408 5665 ·
2434 5635 2552 5687 ἀντὶ
2585 5636 2928 5703 ὑπευθύνων,
2955 5639 3174 5694 δυνατοὶ
3216 5643 3314 5694 καὶ
3338 5641 3530 5702 ἄλλους
3566 5635 3698 5687 λύειν

469 5732 633 5785 quam
687 5715 888 5770 habent
927 5719 1069 5785 apud
1121 5717 1369 5775 Judicetn
1422 5723 1637 5778 dicendi
1688 5709 2043 5779 libertatem?

2167 5723 2402 5796 τύούνης,
2458 5730 2525 5797 τῇ
2579 5728 2722 5797 πρδς
2764 5731 2857 5783 τὸν
2910 5733 3185 5802 Δικαστὴν
3236 5731 3554 5803 παρρησίας
3609 5723 3699 5778 Διά

468 5808 762 5872 Propterea
798 5804 947 5861 nulla
999 5817 1103 5873 est,
1139 5810 1384 5879 inquam,
1432 5815 1512 5867 eis
1560 5814 1729 5867 Deum
1778 5814 2037 5870 laudandi

2167 5817 2302 5870 τοῦτο
2347 5819 2469 5872 οὐδὲ
2515 5820 2677 5889 κόρος
2726 5822 2876 5875 ἐστὶν
2903 5825 3091 5888 αὐτοῖς
3117 5824 3296 5889 οὐδεὶς
3326 5825 3436 5877 τῶν
3467 5825 3546 5884 εἰς
3575 5819 3697 5871 Θεὸν

472 5895 714 5957 satietas.
747 5896 899 5955 Unde
933 5915 1030 5955 nec
1078 5903 1395 5958 existimant
1447 5907 1660 5976 seipsos
1710 5907 1856 5963 solos
1886 5908 2037 5963 snﬂi-

2167 5912 2332 5980 tpwotv
2356 5927 2367 5941 '
2411 5914 2531 5967 οὐδὲ
2571 5914 2886 5985 νομίζουσιν
2912 5919 3062 5973 αὐτοὶ
3110 5920 3264 5990 μόνοι
3295 5916 3437 5988 πρὸς
3482 5915 3577 5985 τὴν
3615 5910 3695 5963 eb-
