4030 6456
289 470 391 534 472

1491 474 1896 539 LITURGLE
1938 479 2379 548 EXPOSITlU.

3465 490 3568 556 474

289 579 578 652 χαριστίαν
609 578 824 650 ἀρκεῖν.
863 578 1029 634 Ὅθεν
1057 580 1344 649 βούλονται
1391 584 1604 648 πάντας
1630 589 1723 638 καὶ
1770 588 1869 653 ἀγ-

1990 602 2100 641 κοτο
2134 590 2199 642 ad
2228 593 2467 659 agendas
2494 595 2720 665 gratias.
2756 592 2916 648 Unde
2949 593 3139 648 volunt
3166 595 3328 648 etiam
3378 611 3570 650 omnes

291 674 485 743 γέλους
527 672 626 724 καὶ
661 670 991 738 ἀνθρώπους
1037 673 1186 742 ἔχειν
1217 673 1408 729 τοῦτον
1463 676 1647 741 αὐτοῖς
1686 695 1880 746 συνερ-

297 765 633 834 γαζομένους
688 762 780 815 τὸν
834 764 1036 833 ὕμνον·
1096 765 1182 817 ἵνα
1230 765 1292 817 τὸ
1335 766 1562 837 ὄφλημα
1618 770 1796 822 αὐτῶν
1838 773 1871 839 ἡ

304 858 608 927 εὐχαριστία
661 857 737 926 τῷ
775 858 895 927 Θεῷ
929 857 1214 930 ἐγγυτέρω
1261 860 1361 928 τῆς
1412 860 1571 928 ἀξίας
1612 863 1879 933 ἀποδοθῇ,

306 946 717 1003 πολλαπλασίων
749 949 949 1019 ἑαυτῆς
989 951 1280 1020 γενομένη,
1316 953 1385 1022 τῇ
1437 953 1728 1024 προσθήκῃ
1764 954 1875 1007 τῶν

304 1041 574 1111 ὁμνητῶν.
606 1042 719 1094 Καὶ
747 1040 959 1093 τούτων
1003 1042 1388 1112 μάρτυρεςεοί
1440 1047 1569 1115 περῖ
1616 1047 1875 1115 Ἀζαρίαν

298 1135 442 1201 ἅγιοι
469 1134 681 1197 παῖδες,
709 1135 760 1187 ei
791 1134 887 1186 τοῦ
918 1136 1089 1203 πυρὸς
1112 1138 1514 1208 κρατήσαντες,
1542 1141 1635 1193 καὶ
1664 1141 1873 1212 ταύτην

296 1229 450 1298 παρΞι
479 1228 575 1280 τοῦ
603 1226 738 1281 Θεοῦ
771 1228 892 1280 τότε
924 1228 1187 1291 λαόόντες
1222 1230 1321 1300 τὴν
1356 1233 1520 1302 χάριν
1549 1249 1561 1263 ·
1615 1235 1737 1287 ἐπεὶ
1766 1233 1875 1288 ἔδει

297 1322 393 1375 καὶ
424 1321 627 1384 αὖτοὺς
655 1322 753 1390 τῆς
790 1321 1098 1392 παραδόξου
1129 1322 1338 1391 ταύτης
1383 1325 1664 1395 σωτηρίας
1708 1327 1872 1398 χάρι-

294 1431 393 1477 τας
424 1414 767 1485 ὁμολογῆσαι
797 1415 874 1485 τῷ
898 1414 1164 1481 σώσαντι,
1193 1418 1293 1471 καὶ
1319 1416 1563 1487 ὑμνῆσαι
1604 1419 1705 1474 οὐκ
1734 1422 1876 1490 ἠγά-

294 1522 500 1575 πησαν,
538 1508 589 1559 εί
621 1507 773 1559 αὐτοὶ
805 1508 968 1577 μόνον
999 1508 1357 1576 ὑμνήσουσιν,
1383 1509 1505 1561 οὐδὲ
1529 1509 1629 1579 τὴν
1660 1511 1874 1564 ἑαυτῶν

295 1596 427 1668 βοὴν
461 1599 654 1669 ἀρκεῖν
705 1599 987 1670 ἐνόμισαν,
1021 1601 1160 1655 ἀλλά
1193 1602 1288 1655 καὶ
1330 1601 1599 1671 ἀγγέλους
1640 1608 1870 1659 συνεκά-

296 1692 443 1757 λουν,
471 1695 565 1747 καὶ
601 1691 906 1761 ἀνθρώπων
953 1692 1175 1748 ἅπαντα
1200 1696 1354 1765 γένη,
1396 1697 1489 1749 καὶ
1518 1697 1744 1765 οὐρανὸν
1776 1697 1871 1750 αὖ·

293 1785 410 1851 τὸν,
440 1786 537 1838 καὶ
563 1784 656 1838 τὸν
690 1784 865 1855 ἥλιον,
915 1787 1015 1839 καὶ
1052 1786 1183 1850 τοὺς
1225 1787 1486 1857 ἀστέρας,
1518 1789 1613 1842 καὶ
1643 1790 1748 1859 γῆν
1776 1792 1875 1843 καὶ

293 1877 421 1948 ὅρη,
446 1877 542 1930 καὶ
574 1877 747 1946 ἄλογα
777 1878 957 1931 πάντα
1009 1880 1102 1932 καὶ
1124 1880 1307 1950 ἄψυχα
1335 1896 1348 1911 ’
1395 1882 1489 1934 καὶ
1525 1881 1730 1947 ἀπλῶξ,
1767 1885 1868 1937 πᾶ-

298 1987 401 2025 σαν
431 1973 530 2041 τὴν
574 1971 773 2034 κτίσιν.
820 1971 1071 2042 Τοσαύτη
1126 1972 1220 2025 τοῦ
1262 1973 1356 2027 τὸν
1398 1972 1534 2026 Θεὸν
1583 1975 1874 2043 ὑμνεῖσθαι

300 2064 457 2136 παρὰ
483 2066 598 2128 τοῖς
646 2063 829 2132 ἁγίοις
857 2063 1147 2133 ἐπιθυμία,
1189 2064 1283 2118 καὶ
1321 2066 1462 2134 μετά
1508 2065 1766 2135 σώματος
1797 2067 1877 2120 ἔτι

299 2157 458 2223 ζῶσι,
523 2159 620 2212 καὶ
680 2157 863 2228 πολλῷ
930 2158 1132 2228 μᾶλλον
1193 2157 1563 2225 ἀπαλλαγεῖσι
1622 2159 1717 2213 τοῦ
1776 2160 1877 2213 σὼ-

300 2270 493 2323 ματος.

373 2347 542 2402 ’Ὀθεν
573 2349 627 2403 εί
673 2365 757 2411 τις
785 2347 968 2402 αὐτῶν
1000 2349 1352 2419 μεμνημένος
1393 2351 1486 2405 καὶ
1526 2352 1626 2421 τῆς
1668 2349 1878 2404 εὐδοκι-

301 2440 525 2509 μήσεως
557 2439 760 2504 αὐτῶν,
799 2442 893 2493 καὶ
928 2440 1026 2510 τῆς
1065 2440 1496 2511 μακαριότητος,
1533 2443 1626 2495 καὶ
1662 2443 1759 2512 τῆς
1790 2441 1877 2495 δό-

296 2529 418 2599 ξης.
448 2530 540 2582 τὸν
573 2530 997 2598 στεφανώσαντα
1044 2530 1181 2584 Θεὸν
1217 2531 1500 2601 ὑμνήσειε,
1559 2533 1724 2604 χάριν
1776 2533 1878 2587 αὖ.

296 2622 412 2683 τοῖς
441 2618 798 2673 κατατίθεται
828 2620 1070 2691 χαρίτων
1104 2621 1336 2674 ἀπασῶν
1381 2622 1482 2690 τὴν
1510 2623 1874 2693 τιμιωτέραν,

295 2712 390 2766 καὶ
442 2710 658 2781 μάλιστ’
714 2713 843 2766 ὅταν
894 2714 1118 2781 ποιῆται
1148 2715 1247 2783 τὴν
1294 2714 1555 2783 ῦμνησιν,
1582 2714 1641 2767 οὐ
1674 2716 1880 2785 φωναῖς

294 2805 482 2874 ψιλαῖς
518 2808 696 2875 μόνον,
734 2805 870 2860 ἀλλὰ
920 2807 1012 2859 κα¹ι
1056 2805 1247 2876 δώρων
1284 2808 1661 2880 χαριστηρίων
1706 2825 1881 2878 προσ-

296 2900 513 2968 αγωγῇ,
552 2896 648 2949 καὶ
692 2895 884 2966 δώρων
919 2896 1071 2951 οὕτω
1117 2897 1327 2968 σφόδρα
1364 2897 1573 2952 δεκτῶν
1626 2894 1706 2969 τῷ
1738 2897 1879 2969 Θεῷ,

296 2992 390 3045 καὶ
420 2989 624 3059 τιμίων
657 2989 759 3060 τὴν
790 2990 1050 3043 ἀνωτάτω
1075 2991 1264 3062 τιμήν.
1296 2972 1617 3060 Τηνίκαῦτα
1646 2990 1757 3061 γὰρ
1786 3007 1884 3045 κα-

296 3086 480 3155 θάπερ
525 3083 686 3147 αὐτὸς
717 3086 744 3136 ὁ
774 3084 989 3153 Σωτὴρ,
1029 3083 1187 3147 ἵλεως
1238 3083 1382 3138 αὐτὰ
1421 3083 1736 3155 δεχόμενος,
1788 3085 1883 3138 καὶ

297 3179 443 3248 ὑπὲρ
471 3178 652 3232 πᾶσαν
696 3175 925 3247 νομικὴν
965 3175 1226 3245 λατρείαν
1258 3177 1317 3230 τὸ
1363 3176 1528 3248 σῶμα
1561 3178 1694 3249 ἡμῖν
1728 3180 1880 3231 ἀντι-

1986 685 2208 751 angelos
2246 695 2312 738 et.
2344 684 2592 740 homines
2642 687 2707 739 ad
2757 684 2880 755 ejus
2927 684 3140 739 laudern
3179 687 3566 740 crlebrandaut

1988 772 2189 827 habere
2252 776 2551 840 auditores,
2603 788 2663 832 ιιι
2715 792 2905 831 eorum
2955 777 3220 843 debitum,
3268 780 3566 845 gratiarum

1986 865 2197 920 scilicet
2231 866 2339 920 Deo
2383 869 2547 935 actio,
2596 885 2660 923 eo
2719 858 2943 939 propius
2983 885 3081 940 pro
3137 871 3399 939 dignitate
3450 873 3565 926 sol-

1983 966 2166 1020 vatur,
2200 958 2560 1027 multiplicata
2598 976 2695 1028 per
2741 962 3082 1015 laudatorum
3115 963 3566 1020 additamentum.

1986 1049 2050 1102 Et
2083 1050 2185 1103 hoc
2217 1059 2488 1106 testantur
2517 1055 2691 1107 sancti
2720 1054 2929 1108 Azariae
2962 1055 3077 1120 lilii,
3115 1056 3206 1125 qni
3232 1070 3355 1110 cum
3385 1057 3565 1125 ignem

1982 1141 2266 1207 vicissent,
2304 1155 2361 1197 et
2395 1159 2514 1197 eam
2554 1155 2684 1198 tunc
2729 1147 2959 1217 gratiam
2995 1163 3024 1201 a
3061 1147 3168 1201 Deo
3204 1148 3565 1217 accepissent,

1981 1234 2426 1303 quandoquidem
2461 1238 2748 1306 oportebat
2786 1239 2932 1307 ipsos
2969 1250 3189 1308 propter
3221 1240 3360 1295 hanc
3391 1242 3569 1294 admio

1986 1322 2212 1377 rabilem
2249 1333 2304 1378 et
2346 1325 2683 1394 inopinatam
2731 1331 2966 1383 salutem
3007 1329 3115 1383 Deo
3149 1331 3355 1400 gratias
3381 1346 3566 1399 agere,

1982 1414 2076 1484 qui
2133 1430 2228 1471 eos
2276 1428 2614 1486 servaverat,
2670 1429 2724 1475 et
2777 1437 2900 1475 eum
2958 1422 3203 1485 laudare,
3264 1439 3367 1477 non
3427 1426 3568 1477 satis

1982 1505 2316 1575 habuerunt,
2349 1509 2396 1564 si
2446 1510 2548 1579 ipsi
2583 1510 2685 1565 soli
2740 1511 3054 1579 laudarent,
3086 1531 3184 1570 nec
3215 1531 3372 1570 suum
3407 1519 3567 1569 auxi—

1984 1599 2117 1655 lium
2172 1601 2426 1658 suﬂicere
2485 1605 2905 1671 existimarunt,
2962 1610 3055 1662 sed
3119 1608 3283 1662 etiam
3345 1611 3569 1677 angelos

1985 1704 2358 1750 convocarunt
2407 1706 2459 1750 et
2484 1697 2670 1751 omnia
2704 1698 2985 1751 hominum
3017 1713 3214 1768 genera
3240 1716 3254 1757 :
3285 1710 3337 1753 et
3368 1701 3566 1755 cmlum

1983 1786 2188 1856 ipsum,
2232 1797 2288 1843 et
2338 1790 2532 1855 solem,
2569 1802 2623 1845 et
2654 1801 2821 1855 astra,
2852 1801 2905 1845 et
2962 1802 3188 1859 terram,
3242 1802 3295 1847 et
3332 1804 3569 1858 montrs,

1982 1888 2037 1935 et
2076 1881 2261 1935 omnia
2298 1883 2528 1938 rationis
2571 1893 2625 1938 et
2658 1883 2855 1938 animae
2902 1886 3170 1952 expertia,
3219 1896 3272 1942 et
3325 1902 3567 1950 onmem,

1980 1981 2043 2028 ut
2091 1972 2260 2028 semel
2316 1974 2523 2040 dicam,
2582 1982 2915 2029 creaturam.
2977 1976 3212 2030 Tantum
3253 1986 3336 2033 est
3396 1980 3566 2034 [lcum

1981 2068 2239 2123 laudandi
2288 2068 2431 2139 apud
2486 2079 2707 2123 sanctos
2756 2069 3116 2136 desiderium,
3168 2073 3332 2126 etiam
3384 2074 3566 2129 adhuc

1980 2177 2105 2217 cum
2144 2176 2379 2231 corpore
2435 2162 2700 2228 viventes,
2754 2150 2808 2216 et
2842 2164 3015 2220 multo
3051 2164 3225 2233 magis
3272 2176 3562 2237 postquam

1980 2270 2007 2307 τι
2039 2270 2268 2323 corpore
2293 2255 2675 2310 discesserint.

2057 2346 2207 2402 Unde
2241 2348 2285 2401 si
2339 2348 2463 2417 quis
2496 2364 2684 2403 eorum
2739 2351 3081 2415 recordatus,
3118 2361 3421 2421 eorumque
3468 2354 3570 2406 lio-

1981 2442 2156 2506 noris,
2190 2439 2550 2495 beatitudinis
2582 2450 2637 2495 et
2684 2442 2892 2511 glorise,
2926 2440 3095 2497 Deum
3149 2444 3241 2511 qui
3289 2457 3383 2497 eos
3412 2457 3571 2496 coro-

1984 2529 2153 2594 navit,
2214 2527 2565 2592 laudaverit,
2628 2530 2823 2584 triluiit
2884 2531 2965 2586 eis
3030 2534 3260 2602 gratiam
3321 2533 3568 2586 omnium

1982 2623 2287 2692 gratiarum
2352 2621 2883 2689 praestantissimam,
2950 2630 3004 2675 et
3057 2625 3297 2677 maxime
3348 2624 3567 2692 quando

1984 2704 2089 2769 non
2122 2714 2253 2769 solis
2287 2714 2514 2769 vocibus
2547 2715 2761 2768 laudem
2791 2714 3051 2777 celebrat,
3082 2717 3173 2769 sed
3203 2715 3365 2769 etiam
3394 2715 3567 2768 dono-

1984 2822 2104 2861 rum
2168 2820 2266 2875 pro
2316 2804 2509 2876 gratiis
2570 2806 2799 2875 agendis
2841 2806 3146 2871 oblatione,
3187 2817 3242 2860 et
3294 2808 3562 2860 donorum

1983 2896 2093 2951 Deo
2153 2897 2290 2951 adeo
2346 2907 2698 2966 acceptorum
2762 2905 2816 2951 et
2874 2898 3242 2966 pretiosorum
3308 2912 3567 2967 supremo

1986 2992 2215 3046 lienore.
2245 2988 2402 3045 Tunc
2429 2991 2602 3053 enim,
2654 2989 3116 3071 quemadmodum
3160 2991 3273 3059 ipse
3311 2988 3569 3044 Serralor

1985 3081 2255 3152 propitius
2282 3081 2400 3150 ipsa
2429 3082 2753 3150 susripiens,
2819 3088 2870 3134 et
2910 3095 3075 3147 super
3105 3096 3324 3134 omnem
3361 3082 3567 3134 cultum

1985 3176 2242 3247 legalem,
2274 3190 2435 3230 suum
2471 3188 2673 3244 corpus
2705 3182 2758 3228 et
2809 3174 3132 3243 sanguinem
3171 3173 3461 3227 retribuit:
3495 3174 3567 3225 ita

291 3269 502 3333 δῖδωσι,
538 3269 631 3321 καὶ
664 3267 724 3320 τὸ
762 3261 904 3335 αἷμα
924 3284 937 3297 ’
972 3264 1117 3320 οὕτω
1148 3267 1245 3321 καὶ
1287 3267 1444 3321 αὐτοὶ⁵
1474 3270 1761 3339 χαίροντες
1786 3269 1881 3321 αὐ-

1990 3269 2150 3324 etiam
2184 3266 2285 3336 ipsi
2317 3267 2398 3320 eis
2435 3268 2759 3337 gaudentes,
2798 3275 2856 3319 ut
2895 3265 3044 3320 nullo
3077 3266 3331 3329 aliorum,
3369 3264 3569 3335 quibus

291 3364 433 3422 τοῖς,
471 3360 549 3424 ὡς
595 3360 771 3414 οὐδενὶ
809 3360 921 3413 τῶν
945 3359 1145 3421 ἄλλων,
1179 3355 1261 3422 οἷς
1295 3360 1494 3424 αὐτοὺς
1540 3361 1877 3431 θεραπεύειν

294 3454 592 3524 δοκοῦμεν,
614 3453 769 3515 ὅλους
803 3454 1142 3524 παρέχουσιν
1170 3454 1304 3523 ἡμῖν
1333 3452 1568 3517 ἑαυτοὺς
1602 3454 1879 3508 συντελεῖν

297 3548 442 3618 πρὸς
490 3548 600 3601 πᾶν
632 3546 662 3599 ὃ
694 3561 748 3598 τι
788 3546 924 3617 ἡμῖν
970 3545 1277 3615 συμφέρειο
1314 3543 1594 3616 πανταχοῦ
1646 3546 1756 3616 γὰρ
1788 3545 1879 3599 τὸν

302 3639 515 3694 ἑαυτῶν
544 3637 844 3711 μιμοῦνται
868 3636 1175 3708 Δεσπότην.

881 3749 1133 3804 ΚΕΦΑΛ.
1158 3749 1294 3806 ΜΘ’.

304 3864 467 3933 Πρὸς
501 3864 644 3931 τοὺς
681 3863 975 3933 λέγοντας
1011 3862 1131 3931 τὴν
1153 3862 1224 3917 ἐν
1261 3861 1337 3933 τῇ
1383 3865 1731 3932 luteum-lu
1764 3862 1885 3919 τῶν

374 3937 558 4001 ἁγίων
610 3935 885 4003 μνήμην,
924 3933 1169 4004 ἱκεσίαν
1196 3932 1304 3988 τοῦ
1348 3934 1549 4000 ἱερέως
1581 3935 1734 4004 πρὸς
1776 3936 1885 3990 τὸν

373 4000 525 4061 Θεὸν
550 4000 704 4072 ὑπὲρ
736 4000 940 4059 αὐτῶν
970 4000 1151 4060 εἶναι.

382 4098 527 4152 Ἀλλ’
543 4097 776 4151 ἐνταῦθά
795 4113 942 4159 τινες
962 4096 1348 4168 ἠπατήθησαν,
1373 4097 1474 4151 οὐκ
1490 4097 1851 4169 εὐχαριστίαν
1864 4137 1881 4163 ,

294 4190 419 4246 ἀλλ’
453 4189 664 4247 ἱκεσίαν
719 4188 860 4259 ὑπὲρ
910 4186 1019 4242 τῶν
1049 4186 1224 4258 ἁγίων
1276 4190 1415 4258 πρὸς
1452 4189 1544 4242 τὸν
1595 4190 1731 4243 Θεὸν
1780 4190 1884 4259 τὴν

300 4286 534 4355 μνήμην
568 4282 748 4337 αὐτῶν
798 4278 941 4335 εἶναι
996 4278 1348 4350 νομίσαντες,
1402 4281 1504 4335 οὐκ
1553 4275 1671 4335 οἴδα
1724 4282 1887 4336 πόθεν

296 4376 566 4436 λαϐόντες
596 4373 706 4426 τῶν
735 4372 1019 4442 λογισμῶν
1044 4370 1256 4425 τούτων
1297 4372 1396 4435 τὰς
1429 4373 1710 4445 ἀφορμάς.
1749 4372 1887 4426 Οὔτε

297 4468 417 4537 γὰρ
460 4463 570 4518 ἀπὸ
616 4463 729 4516 τῶν
760 4464 1111 4533 πραγμάτων
1161 4462 1345 4516 αὐτῶν
1394 4462 1569 4516 ταῦτα
1606 4463 1889 4518 πιστεύειν

300 4550 626 4616 ἀκόλουθον,
675 4549 802 4605 οὔτε
837 4549 947 4603 ἀπὸ
996 4549 1105 4603 τῶν
1136 4549 1374 4604 ἐνταῦθα
1424 4550 1522 4621 τῆς
1570 4552 1890 4623 ἱερουργίας

1982 3361 2132 3429 ipsos
2160 3357 2340 3413 colere
2394 3358 2668 3424 videmur,
2705 3367 2849 3413 totos
2884 3358 3093 3425 scipsos
3144 3358 3302 3412 nobis
3333 3358 3569 3427 pra-hem

1982 3452 2051 3506 ad
2113 3449 2403 3506 ferendum
2462 3450 2731 3505 auxilium
2790 3450 2845 3504 in
2906 3449 3054 3504 omni
3112 3463 3172 3503 re
3226 3462 3347 3519 qum
3412 3449 3573 3504 nobis

1983 3546 2288 3612 conducit;
2355 3543 2649 3599 Dominum
2704 3545 2851 3599 enim
2906 3560 3065 3600 suum
3120 3543 3270 3600 omni
3316 3559 3381 3599 ex
3417 3552 3573 3614 parte

1982 3638 2285 3693 imitantur.

2587 3749 2741 3806 CAP.
2784 3747 2969 3805 XLIX.

1988 3865 2250 3920 Adversus
2282 3880 2372 3920 eos
2404 3862 2493 3935 qui
2523 3863 2713 3918 dicunt
2757 3872 3064 3918 sanctorum
3090 3878 3208 3935 qure
3236 3863 3298 3932 ﬁt
3329 3864 3383 3916 in
3418 3876 3573 3935 sacro

2057 3936 2328 4005 mysterio,
2373 3931 2704 4005 memoriam,
2762 3950 2875 3989 esse
2924 3931 3216 3988 sacerdotis
3264 3949 3362 4003 pro
3391 3933 3466 3987 eis
3503 3931 3571 3985 ad

2060 4003 2229 4060 Deum
2259 4003 2722 4075 supplicationem.

2059 4097 2167 4152 Sed
2220 4096 2313 4151 hic
2341 4095 2593 4152 nonnulli
2645 4093 2861 4165 decepti
2911 4103 3062 4159 sunt,
3114 4109 3223 4150 non
3276 4093 3571 4166 gratiarum

1988 4188 2284 4255 actionem,
2309 4186 2402 4243 sed
2435 4202 2536 4258 pro
2566 4186 2774 4242 sanctis
2794 4186 2861 4240 ad
2896 4184 3064 4240 Deum
3121 4185 3572 4257 supplicationem

1989 4293 2183 4333 eorum
2221 4278 2547 4333 memoriam
2590 4292 2714 4332 esse
2743 4284 3023 4346 putantes,
3073 4278 3264 4333 nescio
3299 4277 3571 4333 undenam

1991 4382 2211 4442 accepta
2251 4370 2353 4424 bac
2386 4369 2660 4437 cogitandi
2717 4371 3030 4423 occasione.
3071 4366 3260 4438 Neque
3310 4368 3456 4423 enim
3509 4384 3573 4422 ex

1991 4463 2127 4534 ipsis
2162 4463 2326 4518 rebus
2357 4472 2440 4518 est
2467 4461 2583 4529 bare
2618 4466 2842 4516 credere
2884 4471 3340 4524 consentaneum,
3374 4477 3474 4516 nec
3506 4478 3571 4516 ex

1994 4554 2131 4625 ipsis
2162 4553 2344 4608 verbis
2371 4554 2649 4608 sacriﬁcii.
2683 4551 2748 4605 Et
2774 4551 2916 4622 quod
2950 4568 3132 4606 rerum
3166 4551 3389 4621 quidem
3419 4553 3570 4605 veri-

303 4643 598 4715 ῥημάτων.
630 4643 743 4696 Καὶ
793 4641 854 4694 τὸ
885 4640 985 4707 μὲν
1036 4642 1185 4706 εἰκὸς
1228 4642 1337 4696 τῶν
1392 4644 1760 4713 πραγμάτων,
1801 4646 1881 4698 ὃτι

1990 4647 2287 4704 similitudo
2336 4647 2572 4701 multum
2620 4646 2775 4700 abest
2826 4652 2886 4698 ut
2939 4643 3056 4697 haec
3110 4644 3405 4705 concedat,
3446 4644 3574 4698 hinc

304 4734 513 4789 πολλοῦ
541 4733 623 4787 δεῖ
670 4731 901 4787 τοιαῦτα
951 4736 1293 4805 συγχωρεῖν,
1342 4734 1501 4804 δῆλον
1551 4736 1784 4790 ἐκεῖθεν.
1826 4736 1890 4789 Εἰ

301 4829 422 4899 γὰρ
451 4824 675 4897 εὔχεται
719 4827 861 4897 ὑπὲρ
890 4827 1000 4882 τῶν
1049 4827 1224 4894 ἁγίων
1260 4830 1290 4899 ὴ
1334 4828 1658 4900 Ἐκκλησία,
1705 4831 1893 4884 ἐκεῖνα

300 4906 536 4977 πάντως
585 4914 789 4982 εὔξαιτ’
831 4916 897 4969 ἂν
941 4915 977 4970 ἃ.
1020 4915 1216 4969 είωθεν
1268 4916 1524 4987 εῦχεσθαι
1584 4919 1888 4990 πανταχοῦ.

300 5012 446 5066 Τίνα
470 5010 529 5063 δέ
556 5011 706 5063 ἐστιν
740 5006 777 5062 ὃ.
805 5005 1029 5079 εὔχεται
1058 5008 1173 5071 τοῖς
1203 5010 1639 5081 κεκοιμημένοις
1666 5029 1682 5077 ;
1715 5011 1889 5079 Ἀφε·

305 5121 404 5167 αις
430 5102 740 5174 ἁμαρτιῶν,
774 5100 1055 5172 βασιλείας
1093 5100 1459 5172 κληρονομία,
1500 5104 1807 5167 ἀνάπαυσις
1832 5105 1891 5158 ὲν

304 5200 428 5260 τοῖς
482 5194 705 5258 κόλποις
771 5193 1030 5263 ’Δϐραάμ
1085 5193 1226 5263 μετά
1277 5193 1388 5247 τῶν
1449 5195 1891 5265 τετελειωμένων

304 5291 511 5359 ἁγίων.
562 5285 752 5341 Ταῦτα
799 5287 902 5355 τῆς
945 5286 1279 5357 Ἐκκλησίας
1322 5285 1480 5357 εὐχὴ,
1512 5275 1665 5357 παρὰ
1717 5287 1891 5341 ταῦτα

304 5383 476 5439 οὐδὲν
502 5380 583 5435 ἂν
631 5378 815 5448 εῦροις
863 5377 1168 5448 εὐχομένην
1222 5378 1333 5441 τοῖς
1401 5379 1767 5448 μεταστᾶσιν..
1802 5379 1891 5433 Ἐν

303 5474 524 5537 τούτοις
554 5470 787 5542 ὥρισται
829 5470 863 5541 ἠ
899 5470 1038 5540 πρὸς
1071 5470 1205 5523 Θεὸν
1246 5469 1408 5541 ἡμῶν
1445 5470 1647 5525 ἱκεσία.
1674 5471 1750 5525 υύ
1778 5471 1890 5542 γάρ

306 5566 427 5619 πᾶν
458 5558 632 5634 οῦπερ
674 5561 745 5615 ἄν
768 5577 852 5624 τις
895 5559 1283 5630 ἐπιθυμήσειε,
1335 5563 1429 5613 καὶ
1473 5560 1732 5632 εὔχεσθαι
1777 5562 1893 5627 ἔξε-

309 5674 435 5710 στιν
461 5672 477 5687 ο
502 5654 644 5712 ἀλλά
670 5649 951 5706 κάνταῦθα
980 5652 1142 5717 νόμος
1170 5652 1314 5719 ἐστὶ,
1343 5654 1439 5708 καὶ
1463 5654 1610 5723 ὅρος,
1637 5654 1698 5709 ὃν
1725 5655 1893 5722 ὑπερ-

308 5748 525 5803 ϐαίνειν
552 5743 837 5813 ἀθέμιτον.

386 5841 461 5895 Τδ
484 5842 616 5909 ἷάρο
645 5855 665 5890 ⁸
696 5835 764 5888 Τί
810 5832 1225 5904 προσευξόμεθα
1254 5835 1379 5889 καθ’
1406 5837 1435 5890 ὃ
1466 5837 1566 5899 δεῖ,
1614 5839 1713 5891 οὐκ
1745 5839 1890 5891 οἴδα-

314 5952 440 6007 μεν,
476 5929 670 6003 φησιν,
711 5924 823 5982 ἀλλ’
874 5926 1007 5997 αὐτὸ
1039 5924 1099 5979 τὸ
1136 5925 1361 5997 Πνεῦμα
1402 5930 1720 5999 ἐντυγχάνει
1749 5929 1887 6001 ὑπὲρ

1993 4747 2242 4809 apertum
2294 4746 2396 4793 est.
2448 4736 2502 4790 Si
2538 4736 2684 4789 enim
2740 4750 2837 4804 pro
2888 4734 3098 4788 sanctis
3152 4743 3274 4787 erat
3308 4734 3568 4801 Ecclesia,

1994 4833 2086 4887 illa
2118 4831 2344 4886 omnino
2378 4830 2640 4895 oraverit,
2674 4843 2793 4898 qum
2822 4842 3040 4897 semper
3073 4842 3232 4881 orare
3261 4829 3569 4884 consuevit.

1993 4924 2254 4991 Quamam
2289 4933 2470 4977 autem
2506 4930 2635 4978 sunt
2680 4935 2802 4989 quas
2850 4925 3082 4974 arantur
3107 4916 3174 4972 iis
3207 4918 3298 4989 qui
3336 4918 3574 4973 dormie-

1992 5017 2158 5072 runt?
2184 5014 2455 5070 llemissio
2482 5023 2853 5084 peccatorum,
2890 5011 3039 5082 regni
3064 5010 3380 5077 baareditas,
3417 5012 3573 5080 quies

1993 5107 2048 5161 in
2098 5107 2223 5162 sinu
2274 5105 2507 5160 Abrahae
2550 5118 2674 5158 cum
2731 5102 3130 5157 consummatis
3167 5105 3395 5158 sanctis.
3451 5103 3576 5167 lkre

1992 5207 2120 5254 sunt
2153 5198 2331 5254 oratio
2365 5196 2659 5253 Ecclesiae-
2694 5193 2897 5249 Praeter
2940 5197 3055 5250 haec
3084 5196 3219 5250 nihil
3251 5210 3376 5250 eam
3409 5209 3576 5247 orau-

1995 5299 2106 5347 tem
2156 5291 2433 5347 inveneris
2468 5290 2537 5344 iis
2575 5289 2669 5359 qui
2714 5288 3078 5358 emigrarunt.
3115 5288 3169 5342 In
3222 5289 3307 5341 his
3356 5286 3575 5340 ιιιῦιιίιιι

1992 5389 2078 5438 est
2112 5390 2301 5438 nostra
2355 5381 2424 5437 ad
2475 5381 2647 5435 Deum
2696 5380 3047 5452 supplicatio.
3083 5379 3202 5433 Non
3237 5377 3384 5432 enim
3414 5377 3577 5445 quid-

1992 5473 2120 5544 quid
2148 5473 2543 5529 desideraverit
2562 5473 2860 5544 quispiam,
2895 5472 2948 5526 id
2976 5472 3138 5526 etiam
3166 5467 3248 5522 fas
3277 5475 3363 5521 est
3390 5482 3572 5520 orare.

1993 5564 2102 5621 Sed
2136 5565 2226 5620 hic
2258 5581 2476 5637 quoque
2514 5565 2600 5623 lex
2647 5574 2735 5621 est
2767 5563 3035 5620 terminus
3066 5573 3229 5631 quem
3283 5573 3395 5612 non
3448 5558 3575 5612 licet

1993 5658 2324 5730 transgredi.

2070 5855 2090 5890 ι
2154 5835 2297 5903 Quid
2360 5836 2510 5890 enim
2564 5832 2896 5895 arabimus,
2954 5836 3016 5883 ut
3071 5820 3336 5896 oportet,
3395 5821 3572 5878 nesci-

1992 5945 2149 6000 mus,
2203 5929 2402 6001 inquit,
2447 5928 2545 5986 sed
2606 5927 2725 5999 ipse
2782 5922 3018 5995 Spiritus
3081 5916 3396 5992 interpellat
3462 5929 3569 5987 pro
