4030 6508
499 480 608 546 475

1768 479 2081 541 NICOLAI
2123 473 2521 538 CABASlL/E
3624 473 3706 541 ιτδ

499 594 681 658 nobis,
716 613 735 647 ι
775 595 880 651 hoc
907 604 1011 659 est,
1052 610 1171 664 qua:
1205 611 1365 651 orare
1397 606 1609 667 oportet
1643 611 1742 652 nos
1774 597 1969 660 docet;
2004 593 2078 648 ita

2193 590 2344 660 ἡμῶν
2372 607 2385 620 υ
2427 607 2446 642 ι
2477 586 2780 652 τουτέστιν,
2833 585 2869 641 δι
2911 586 2994 640 δεῖ
3024 586 3456 658 προσεύχεσθαι,
3507 588 3709 643 διδάσκει

498 687 645 742 enim
720 686 978 743 Ecclesiae
1046 689 1305 745 doctores
1369 701 1734 761 acceperunt.-
1777 691 2083 746 Considera

498 790 650 840 ergo,
679 776 723 830 si
761 785 958 846 praeter
987 793 1050 832 ea
1086 795 1208 848 quae
1247 781 1392 836 dicta
1425 791 1574 846 sunt,
1607 783 1660 836 in
1703 782 1957 837 omnibus
1993 797 2084 838 sa-

500 882 718 921 crorum
753 869 1142 939 mysteriorum
1191 873 1653 930 celebratiouibus
1675 875 1924 940 {inveniri
1956 888 2084 944 pos-

501 957 570 1011 sit
591 973 752 1015 orans
782 959 1050 1027 Ecclesia,
1087 972 1142 1018 et
1189 981 1296 1020 non
1349 966 1618 1022 invenies.
1669 967 1813 1039 Ergo
1847 971 2085 1026 orabunt

499 1049 720 1114 quidem
759 1052 826 1109 iis
859 1055 951 1124 qui
1011 1057 1085 1110 rei
1121 1073 1233 1112 non
1268 1067 1416 1125 sunt,
1462 1061 1842 1118 remissionem
1887 1076 2084 1132 pecca-

501 1149 703 1209 torum,
741 1153 1004 1216 tanquam
1043 1149 1224 1204 adhuc
1265 1152 1375 1206 reis
1413 1160 1467 1208 et
1515 1153 1801 1223 obligatis:
1850 1154 2086 1209 orabunt

499 1245 682 1290 autem
707 1239 934 1304 sanctis,
961 1249 1221 1311 tauquam
1259 1258 1369 1299 non
1393 1244 1776 1310 sanctificatis,
1809 1262 1934 1302 cum
1961 1263 2085 1304 san-

499 1329 603 1380 ctis
627 1329 914 1399 requiem;
949 1333 1190 1389 orabunt
1227 1336 1482 1405 perfectis
1529 1341 2084 1408 consummationem,

500 1427 763 1488 tanquam
803 1423 1043 1478 nondum
1096 1429 1521 1495 consummatis,
1557 1437 1611 1486 et
1655 1429 1734 1485 sic
1755 1447 1978 1489 necesse
2005 1443 2090 1492 est

499 1528 596 1567 eos
621 1514 946 1572 alterutrum
977 1533 1228 1588 peccare.
1274 1519 1373 1576 Vel
1403 1523 1550 1577 enim
1590 1524 1916 1583 conﬁtentes
1956 1527 2087 1583 bea-

503 1606 794 1663 titudinem
832 1619 888 1665 et
941 1613 1332 1680 perfectionem
1369 1625 1709 1686 sanctorum,
1735 1618 1967 1675 libentes
1989 1636 2088 1675 vo-

503 1698 624 1752 lunt
657 1701 800 1769 apud
833 1703 1000 1757 Deum
1030 1706 1246 1776 nugari,
1288 1715 1343 1762 et
1372 1707 1591 1764 inanem
1633 1726 1733 1781 pro
1761 1711 1843 1768 eis
1880 1715 2087 1769 oratio-

503 1802 627 1842 nem
661 1799 950 1846 contexere
977 1833 992 1858 ,
1021 1795 1166 1864 quod
1216 1805 1299 1850 est
1327 1799 1573 1854 virorum
1629 1801 2089 1862 dit'inaeludibrio

504 1877 843 1943 habentium,
876 1882 1057 1949 potius
1085 1899 1248 1952 quam
1284 1889 1630 1946 sacerdotum
1657 1908 1671 1946 :
1704 1893 1788 1948 vel
1819 1895 1964 1950 serio
1992 1896 2087 1961 lfa-

502 1970 709 2024 cientes
735 1973 1030 2037 orationes.
1070 1985 1334 2047 tanquam
1367 1980 1746 2039 existimantes
1778 2000 1836 2038 se
1867 1996 2086 2043 sanctos

504 2076 600 2126 per
645 2077 740 2115 eas
785 2065 998 2132 juvare,
1051 2083 1239 2123 eorum
1290 2071 1519 2139 gloriam
1561 2072 1890 2139 iuficiantur,
1941 2078 2087 2142 quod

503 2162 588 2205 est
611 2153 989 2222 hlasphemare
1025 2173 1129 2212 non
1157 2160 1304 2229 ipsos
1341 2172 1572 2226 tantum,
1604 2165 1699 2220 sed
1729 2166 1892 2221 etiam
1919 2168 2085 2224 Deum

505 2239 708 2308 ipsum,
742 2245 907 2314 utqui
934 2248 1200 2315 promissa
1238 2265 1344 2305 non
1387 2258 1688 2310 servaverit
1722 2272 1842 2328 qua:
1883 2262 2091 2331 promi-

504 2333 592 2392 sit.
626 2349 684 2388 se
711 2352 806 2392 eos
833 2339 1286 2408 glorificaturum,
1311 2354 1364 2399 ct
1395 2362 1622 2416 regnum
1659 2349 2084 2420 impertiturum.

511 2424 600 2480 Vel
654 2431 835 2496 potius
887 2441 1183 2503 utrumque
1209 2445 1292 2490 est
1353 2440 1645 2495 manifesta
1692 2442 2084 2514 blasphemia;

506 2520 608 2572 hoc
629 2523 870 2588 quidem,
901 2533 1158 2594 tanquam
1184 2530 1409 2584 omnino
1432 2533 1746 2603 negantium
1771 2548 2084 2594 sanctorum

507 2611 897 2669 beatitudinem
936 2656 950 2679 ,
985 2619 1115 2672 illud
1144 2628 1350 2684 autem,
1389 2632 1646 2694 tauquam
1687 2627 2000 2686 facientium
2022 2647 2087 2687 ea

503 2720 624 2770 quae
666 2704 872 2762 faciunt
916 2711 1008 2779 qui
1059 2723 1287 2780 negant.
1337 2713 1488 2780 Quos
1538 2719 1682 2774 enim
1731 2721 1920 2779 beatos
1969 2740 2088 2780 esse

504 2797 758 2863 credunt,
789 2807 847 2853 ut
869 2802 962 2870 qui
994 2804 1046 2855 iu
1078 2804 1312 2860 filiorum
1351 2809 1599 2865 ordinem
1651 2813 1807 2867 relati
1857 2826 2006 2880 sunt,
2037 2826 2090 2872 et

508 2889 680 2956 ipsius
709 2892 857 2960 regni
891 2893 1132 2950 hreredes
1159 2936 1175 2960 ,
1243 2913 1338 2954 eos
1375 2901 1526 2968 nullo
1558 2918 1680 2959 esse
1726 2921 1956 2964 munere
2006 2911 2090 2964 af-

507 2978 683 3036 fectos
715 2992 767 3036 ct
798 2984 1158 3043 inhonoratos
1182 3001 1236 3044 et
1263 3006 1388 3049 reos
1420 3035 1436 3059 ,
1489 3011 1556 3051 eo
1586 2997 1704 3068 ipso
1736 3015 1845 3070 quo
1887 3017 1984 3072 pro
2009 3003 2090 3060 eis

508 3073 637 3128 talia
692 3087 1011 3145 precantur,
1063 3089 1352 3140 testantur.
1379 3085 1454 3141 Ita
1482 3103 1611 3160 ergo
1649 3090 1842 3148 harum
1907 3109 2089 3151 rerum

509 3167 682 3233 gratia
719 3167 1016 3224 absurdum
1041 3186 1164 3227 esse
1189 3175 1422 3243 videtur,
1460 3179 1503 3233 si
1535 3182 1658 3249 quis
1683 3184 1958 3240 existimet
1987 3185 2090 3242 Ec-

2190 683 2335 752 ἠμᾶς
2355 699 2368 713 ’
2398 680 2544 734 οὓτω
2569 679 2679 750 γὰρ
2709 679 2760 732 οἱ
2789 679 3106 733 διδάσκαλοι
3135 680 3234 750 τῆς
3278 681 3581 752 Ἐκκλησίας
3601 683 3711 748 ἐξει-

2185 774 2446 842 λήφασιν.
2475 770 2683 840 Σκέψαι
2738 770 2921 824 τοίνυν
2959 769 3066 824 εἴτι
3098 771 3260 827 πλέον
3296 773 3404 826 τῶν
3445 771 3710 842 εἰρημένων

2187 867 2246 918 ὲν
2276 864 2484 928 πάσαις
2508 861 2762 925 τελεταῖς
2795 865 2891 918 καὶ
2917 863 3248 932 ίερολογίαις
3286 863 3430 917 ἐστιν
3462 865 3624 934 εὑρεῖν
3643 866 3714 917 εὖ·

2187 957 2427 1027 χομένην
2460 956 2560 1026 τὴν
2599 955 2953 1025 Ἐκκλησίαν,
2977 955 3074 1008 καὶ
3108 955 3210 1008 οὒκ
3234 954 3300 1009 ἂν
3324 954 3517 1026 εὕροις.
3538 956 3712 1010 Οὐκοῦν

2187 1045 2436 1112 εὔξονται
2474 1047 2574 1117 μὲν
2598 1045 3069 1110 τοῖᾳάνευθύνοις
3111 1047 3311 1113 ἄφεσιν
3349 1046 3632 1116 ἁμαρτιῶν,
3655 1047 3714 1109 ὡς

2188 1137 2519 1202 ὑπευθύνοις
2567 1138 2648 1192 ἔτι
2675 1139 2772 1192 καὶ
2819 1139 2972 1202 δίκας
3021 1138 3371 1208 όςρείλουσινο
3409 1139 3631 1204 εῠξονται
3669 1141 3712 1194 δὲ

2186 1232 2304 1294 τοῖς
2354 1229 2553 1299 ἁγίοις,
2580 1229 2659 1292 ὡς
2708 1229 2876 1300 μήπω
2907 1229 3290 1300 ἡγιασμένοις,
3324 1231 3422 1301 τὴν
3466 1233 3591 1301 μετὰ
3628 1232 3714 1285 τῶν

2188 1323 2364 1392 ἁγίων
2408 1322 2756 1377 ἀνάπαυσιν·
2809 1321 3058 1388 εὔξονται
3100 1321 3158 1376 δὲ
3198 1323 3475 1378 τελείωσιν
3518 1327 3616 1386 τοῖς
3641 1339 3714 1374 τε-

2186 1414 2372 1481 λείοις,
2409 1413 2485 1477 ὡς
2525 1414 2697 1483 μήπω
2743 1413 3138 1470 τελειωθεῖσιν.
3171 1415 3282 1469 Καὶ
3327 1415 3495 1480 οὕτως
3538 1417 3714 1485 ἀνάγκη

2186 1505 2334 1559 δυοῖν
2386 1505 2618 1575 θάτερον
2663 1505 3005 1576 ἁμαρτάνειν
3057 1505 3301 1570 αὐτούς·
3341 1509 3374 1578 ἦ
3421 1507 3523 1577 γὰρ
3561 1507 3717 1578 ὁμολο-

2188 1597 2412 1668 γοῦντες
2444 1597 2544 1670 τὴν
2573 1599 2984 1670 μακαριότητα,
3036 1602 3134 1654 καὶ
3174 1599 3282 1670 τὴν
3312 1599 3604 1671 τελειότητα
3631 1600 3715 1653 τῶν

2189 1687 2384 1758 ἁγίων,
2418 1687 2638 1752 ἑκόντες
2671 1688 2959 1758 βούλονται
2991 1689 3132 1758 πρὸς
3154 1690 3249 1744 τὸν
3273 1690 3406 1744 Θεδν
3431 1691 3622 1760 ληρεῖν,
3644 1690 3717 1744 καὶ

2193 1780 2430 1851 ματαίαν
2461 1780 2606 1850 ὑπὲρ
2665 1781 2848 1835 αὐτῶν
2895 1782 3172 1853 συνείρειν
3214 1782 3400 1854 εὐχὴν,
3433 1783 3562 1854 ὅπερ
3600 1783 3717 1835 ἐστὶν

2191 1871 2400 1944 ἀνδρῶν
2431 1872 2502 1926 τὰ
2546 1871 2666 1926 θεῖα
2724 1873 3038 1938 παιζόντων
3093 1874 3301 1945 μᾶλλον
3363 1875 3397 1946 ἢ
3450 1874 3717 1946 ίερέων.Ἦ

2117 1951 2160 2006 Β
2193 1965 2336 2039 μετὰ
2376 1967 2618 2037 σπουδῆς
2663 1965 2979 2037 ποιούμενοι
3023 1967 3123 2032 τὰς
3156 1967 3348 2038 εὐχὰς,
3380 1969 3454 2034 ὡς
3485 1970 3544 2023 ἂν
3571 1969 3718 2038 οἰόμε-

2189 2076 2270 2113 νοι
2305 2059 2434 2122 τοὺς
2467 2060 2663 2127 ἁγίους
2697 2058 2763 2112 δι’
2811 2060 2991 2114 αὐτῶν
3022 2059 3287 2130 ὠφελεῖν,
3320 2061 3416 2133 τὴν
3457 2061 3622 2117 αὐτῶν
3645 2061 3719 2130 ἀρ-

2190 2149 2407 2205 νοῦνται
2448 2150 2630 2218 δόξαν,
2666 2152 2802 2222 ὄπέρ
2836 2153 2954 2206 ἐστι
3001 2153 3376 2224 βλασφημεῖν,
3419 2152 3516 2206 οὐκ
3558 2153 3718 2213 αὐτοὺς

2193 2245 2355 2314 μόνον
2388 2244 2524 2298 ἀλλὰ
2556 2245 2651 2300 καὶ
2677 2245 2770 2298 τὸν
2800 2245 2934 2299 Θεὸν
2966 2248 3156 2312 αὑτὸν,
3193 2247 3271 2310 ὡς
3298 2247 3622 2316 ψευσάμενον
3643 2244 3720 2306 τὰς

2192 2337 2532 2406 ἐπαγγελίας
2560 2355 2575 2370 ’
2599 2338 2658 2402 ὃς
2689 2339 3064 2410 ἐπηγγείλατο
3102 2339 3374 2407 δοξάζειν,
3403 2339 3496 2394 καὶ
3527 2338 3615 2408 τῆς
3639 2337 3714 2407 βα-

2192 2431 2404 2494 σιλείας
2455 2431 2793 2503 μεταδώσειν
2839 2432 3061 2496 αὐτοῖς·
3118 2433 3328 2502 μᾶλλον
3365 2433 3419 2487 δὲ
3461 2433 3550 2486 καὶ
3587 2431 3721 2499 ἄμφω

2193 2526 2376 2597 σαφής
2408 2526 2526 2578 ἔστι
2571 2524 2932 2597 βλασφημίαο
2984 2525 3150 2580 τοῦτο
3207 2526 3328 2596 μὲν,
3366 2526 3442 2590 ὡς
3485 2523 3719 2584 παντελῶς

2190 2615 2542 2688 ἀρνουμένων
2592 2615 2694 2688 τὴν
2749 2617 3137 2687 μακαριότητα
3183 2617 3294 2672 τῶν
3341 2617 3541 2686 ἁγίωνο
3568 2615 3713 2667 έκεῖνο

2189 2707 2271 2772 δὲ,
2304 2707 2380 2771 ὡς
2419 2706 2489 2760 τὰ
2537 2706 2648 2760 τῶν
2693 2707 3071 2779 ἀρνουμένων,
3128 2707 3446 2763 ποιούντων.
3494 2703 3591 2768 Οὓς
3634 2703 3720 2772 γὰρ

2192 2797 2336 2855 εἶναι
2374 2799 2696 2855 πιστεύουσι
2728 2801 3057 2872 μακαρίους,
3100 2801 3176 2863 ὡς
3213 2802 3273 2856 ἐν
3305 2801 3438 2855 υίῶν
3481 2799 3628 2870 μοίρᾳ
3654 2811 3720 2848 τε·

2190 2894 2524 2965 ταγμένους,
2576 2894 2802 2964 καὶτῆς
2845 2894 3125 2965 βασιλείας
3172 2895 3344 2964 αὐτῆς
3378 2891 3716 2963 κληρονόμους,

2190 2987 2421 3052 τούτους
2450 2988 2582 3051 ἴσως
2600 2985 2666 3042 ἂν
2686 2985 3020 3058 ἀγεράστοις
3049 2989 3146 3042 καὶ
3175 2987 3462 3058 ἁτεμήτοις
3485 2983 3568 3036 καὶ
3588 2982 3719 3033 ὑπευ-

2192 3079 2401 3147 θύνοις,
2437 3078 2507 3134 δι’
2537 3075 2614 3135 ὧν
2653 3079 2883 3134 τοιαῦτα
2913 3081 3054 3150 ὑπὲρ
3084 3081 3271 3134 αὐτῶν
3317 3080 3550 3146 ἀξιοῦσιν
3595 3073 3718 3174 εὖγε⁹

2195 3171 2343 3239 σθαι,
2379 3171 2782 3245 μαρτυροῦσιν.
2817 3170 2974 3225 Οὕτω
3007 3171 3107 3241 μὲν
3139 3171 3235 3226 οὖν
3268 3171 3445 3226 αὐτῶν
3479 3170 3621 3222 ἕνεκα
3637 3170 3720 3216 τῶν

511 3255 693 3310 clesia:
723 3272 819 3326 pro
847 3261 1054 3315 sam-tis
1078 3263 1144 3316 ad
1179 3264 1346 3319 Deum
1376 3269 1707 3327 oblationem
1733 3289 1854 3330 esse
1877 3278 2085 3346 suppli-

2193 3267 2562 3336 πραγμάτων,
2602 3267 2807 3322 ἄτοπον
2853 3264 2998 3323 εἶναι
3049 3269 3329 3336 φαίνεται,
3355 3269 3408 3322 εί
3429 3286 3508 3331 τις
3551 3263 3720 3335 νομίζει

511 3350 798 3405 catoriam.
852 3350 1149 3410 Videamus
1225 3367 1409 3415 autem
1483 3363 1646 3418 etiam
1707 3366 1824 3436 ipsa
1874 3371 2086 3428 verba:

515 3457 534 3492 ι
569 3441 834 3498 Praeterea
857 3444 1139 3504 offerimus
1167 3450 1262 3505 tibi
1295 3454 1676 3511 rationabilem
1709 3457 1855 3515 hunc
1879 3462 2086 3519 cultum

509 3547 608 3602 pro
639 3535 706 3589 iis
727 3537 819 3605 qui
843 3539 896 3592 in
924 3539 1027 3595 fide
1055 3544 1460 3611 requiercrunt,
1481 3548 1800 3618 majoribus,
1821 3553 2088 3623 patribus,

508 3624 866 3691 patriarchis,
918 3629 1222 3699 prOphctis,
1274 3638 1558 3705 apostolis,
1618 3641 2088 3714 praedicatoribus,

508 3718 882 3786 evangelislis,
920 3725 1281 3791 martyribus,
1315 3728 1749 3796 confessorihus.
1804 3740 2092 3793 continen-

510 3807 677 3870 tibus,
710 3818 765 3864 et
813 3813 960 3867 omni
996 3815 1192 3885 spiritu
1239 3818 1290 3872 in
1324 3818 1425 3873 fide
1463 3837 1866 3893 consummato,
1901 3832 2092 3900 praeei-

511 3913 617 3967 pue
647 3903 1018 3971 sanctissima,
1072 3907 1415 3977 intemerata,
1452 3915 1691 3982 gloriosa
1726 3917 1955 3976 Domina
1985 3938 2089 3978 no-

514 4001 650 4058 stra,
689 3994 912 4064 Deipara
948 4007 1002 4051 et
1031 4014 1246 4070 semper
1275 4003 1486 4072 virgine
1528 4005 1716 4072 Maria,
1745 4023 1938 4066 sancto
1967 4028 2092 4082 pro-

515 4088 670 4154 pheta
725 4088 1072 4146 Praecursore
1131 4101 1185 4147 et
1239 4093 1480 4165 Baptista
1530 4097 1767 4167 Joanne,
1799 4107 2008 4161 sant-tis
2039 4114 2094 4162 et

517 4180 819 4234 hencdietis
871 4181 1152 4249 apostolis,
1189 4193 1241 4239 et
1284 4190 1540 4245 omnibus
1573 4196 1780 4250 sanctis
1810 4212 1824 4250 :
1857 4211 2090 4265 quorum

515 4271 772 4340 precibus
811 4273 1022 4340 restiice
1057 4290 1178 4343 nos,
1213 4276 1380 4349 Deus,
1413 4293 1465 4334 et
1507 4297 1788 4341 memento
1845 4291 2090 4346 omnium

517 4361 610 4430 qui
636 4362 975 4418 dormierunt
997 4366 1049 4418 in
1069 4381 1167 4438 spe
1193 4374 1612 4429 resurrectionis
1637 4389 1689 4431 et
1713 4375 1834 4432 vitae
1854 4387 2092 4447 aeternae,

518 4464 567 4504 et
599 4453 682 4508 fac
708 4455 826 4508 illos
848 4457 1130 4524 quiescere
1155 4461 1246 4516 ubi
1273 4466 1496 4532 respicit
1536 4467 1719 4542 lumen
1756 4469 1939 4524 vultus
1960 4473 2088 4526 tui.»

521 4544 645 4598 llmc
673 4556 797 4602 sunt
828 4551 985 4604 verba
1018 4553 1069 4606 in
1102 4555 1298 4622 quibus
1330 4558 1475 4612 nulla
1503 4561 1815 4615 continetur
1848 4578 1944 4631 pro
1965 4578 2094 4619 sau-

2193 3357 2292 3426 τὴν
2324 3357 2464 3429 ὑπὲρ
2513 3357 2625 3411 τῶν
2655 3358 2828 3428 ἁγίων
2859 3359 3012 3430 παρὰ
3044 3360 3144 3430 τῆς
3189 3361 3517 3432 Ἐκκλησίας
3561 3361 3628 3419 εἰς
3652 3353 3721 3406 τὸν

2191 3448 2328 3504 Θεὸν
2358 3451 2682 3524 προσφορὰν
2729 3454 2936 3506 ἱκέσιον
2965 3447 3130 3507 εἶναι.
3164 3454 3396 3524 Ἴδωμεν
3423 3453 3478 3506 δὲ
3509 3450 3588 3506 καὶ
3613 3444 3722 3500 αὑτὰ

2192 3539 2263 3593 τὰ
2301 3542 2548 3612 ῥήματα.
2581 3559 2600 3593 t
2644 3541 2769 3596 Ἔτι
2801 3540 3158 3612 προσάγομέν
3190 3558 3276 3596 σοι
3305 3540 3524 3609 λογικὴν
3555 3535 3722 3596 ταύτην

2193 3630 2453 3702 λατρείαν
2485 3633 2627 3702 ὑπὲρ
2657 3632 2765 3686 τῶν
2799 3634 2856 3686 ἐν
2888 3632 3069 3687 πίστει
3107 3632 3590 3702 ἀναπαυσαμένων,
3619 3641 3724 3696 προ·

2193 3725 2475 3794 πατόρων,
2519 3724 2900 3795 πατριαρχὼν,
2947 3726 3270 3796 προφητῶν,
3305 3725 3624 3785 ἀποστόλων,
3648 3736 3724 3784 κη·

2195 3816 2404 3888 ρύκων,
2434 3815 2863 3886 εὐαγγελιστῶν,
2895 3816 3194 3888 μαρτύρων
3217 3859 3233 3884 ,
3277 3817 3626 3889 ὁμολογητῶν,
3656 3813 3724 3876 ἐγν

2194 3907 2532 3981 κρατευτῶν,
2583 3909 2676 3964 καὶ
2709 3909 2912 3972 παντὸς
2961 3908 3278 3980 πνεύματος
3315 3914 3372 3964 ὲν
3401 3911 3570 3963 πίστει
3595 3919 3724 3957 τετε-

2194 3999 2534 4068 λειωμένου·
2589 3999 2906 4069 ἐξαιρέτως,
2962 4001 3066 4070 τῆς
3120 4003 3420 4070 παναγίας,
3471 3999 3720 4071 ἀχράντσυ.

2196 4091 2748 4162 ὑπερευλογημένης,
2789 4093 3000 4160 ἐνδόξου
3045 4095 3353 4165 Δεσποίνης
3401 4094 3548 4164 ήμῶν
3574 4086 3724 4143 Θεοτὸ-

2197 4202 2316 4251 κου,
2349 4185 2445 4240 καὶ
2481 4185 2849 4256 ἀειπαροένου
2894 4188 3135 4258 Μαρίας,
3174 4188 3274 4242 τοῦ
3321 4189 3472 4257 ἁγίου
3521 4183 3723 4238 Ἰωάννου

2195 4277 2290 4329 τοῦ
2341 4278 2632 4349 προφήτου
2674 4279 2768 4334 καὶ
2801 4279 3115 4333 Βαπτιστοῦ
3159 4281 3260 4334 καὶ
3294 4279 3612 4352 Προδρόμου,
3641 4273 3724 4325 τῶν

2196 4369 2369 4437 ἁγίων
2394 4372 2488 4424 καὶ
2513 4372 2891 4442 πανευφήμων
2922 4374 3261 4439 ἀποστόλων,
3295 4375 3388 4428 καὶ
3419 4375 3617 4427 πάντων
3644 4367 3724 4416 τίῖν

2199 4465 2397 4532 ἁγίων,
2441 4458 2517 4518 ὧν
2551 4468 2670 4529 ταῖς
2730 4464 2966 4530 ἱκεσίαις
3005 4465 3303 4536 ἐπίσκεψαι
3351 4467 3496 4558 ἡμᾶς

2201 4558 2296 4606 καὶ
2339 4557 2617 4626 μνήσθητι
2651 4555 2872 4610 πάντων
2904 4555 3010 4608 τῶν
3040 4557 3458 4626 κεκοιμημένων
3484 4549 3725 4605 ἐπ’ἐλπὶοι

519 4643 624 4695 etis
645 4643 707 4696 ad
737 4644 901 4698 Deum
927 4646 1273 4715 supplicatio,
1299 4664 1396 4703 nec
1415 4650 1496 4704 eis
1519 4653 1776 4706 sacerdos
1794 4653 2090 4722 quidquam

2200 4647 2575 4710 ἀναστάσεως,
2638 4647 2734 4698 καὶ
2785 4647 2934 4716 ζωῆς
2985 4647 3246 4701 αἰωνίου·
3304 4647 3399 4700 καὶ
3454 4643 3726 4697 ἀνάπαυσον

520 4747 839 4790 eoitsnetum
885 4749 1158 4806 precatur.
1184 4739 1286 4795 Sed
1316 4743 1549 4797 aliorum
1591 4744 1809 4813 quidem
1853 4746 2090 4801 fidelium

521 4827 612 4894 qui
659 4829 1014 4896 dormierunt,
1049 4830 1259 4888 faciens
1293 4835 1634 4898 memoriam,
1679 4836 1863 4890 statim
1901 4837 2100 4905 adjicit

523 4933 618 4984 pro
666 4919 744 4971 cis
795 4920 1122 4976 orationem.
1150 4941 1167 4973 ι
1204 4923 1311 4976 Fac
1339 4940 1454 4984 eos.
1500 4925 1698 4992 inquit,
1733 4927 2099 4996 requiescere,

525 5010 612 5062 ubi
646 5012 866 5080 respicit
892 5014 1074 5068 lumen
1106 5015 1286 5069 vultus
1321 5016 1418 5069 tui.
1453 5034 1470 5067 ι
1497 5014 1554 5069 In
1584 5018 1789 5073 sanctis
1820 5029 1997 5074 autem
2022 5029 2104 5074 to-

525 5111 636 5154 tum
660 5112 743 5156 est
769 5107 1128 5159 contrarium.
1156 5105 1276 5159 Non
1301 5108 1447 5162 enim
1468 5123 1566 5176 pro
1589 5107 1668 5162 eis
1689 5107 1819 5164 facit
1842 5109 2105 5165 interces-

525 5194 758 5260 sionem,
789 5197 883 5250 sed
916 5197 1066 5267 ipsos
1090 5198 1270 5266 potius
1295 5199 1684 5257 intercessores
1734 5203 1944 5257 statuit.
1964 5204 2101 5259 Cum

525 5289 666 5340 enim
722 5288 969 5354 dixisset,
1031 5301 1084 5344 et
1127 5298 1347 5346 sanctos
1398 5293 1832 5360 adnntncrasset,
1893 5295 2101 5364 adjicit:

532 5397 550 5427 ‹
585 5380 824 5443 Quorum
847 5377 1328 5438 intercessionibus
1349 5383 1502 5438 visita
1536 5399 1657 5451 nos,
1691 5385 1854 5443 Deus.
1897 5406 1915 5438 ι
1949 5387 2104 5454 Quod

528 5479 708 5522 autem
741 5469 977 5524 maxime
1011 5471 1252 5528 ostendit
1287 5489 1394 5529 non
1430 5477 1745 5532 orationem
1781 5479 2020 5551 aliquam
2050 5490 2105 5536 et

529 5561 1002 5629 supplicationem,
1035 5563 1128 5618 sed
1159 5579 1256 5634 pro
1288 5569 1493 5623 sanctis
1510 5570 1808 5639 gratiarum
1837 5575 2105 5628 actionem

531 5667 654 5710 esse
686 5653 798 5706 lucc
831 5653 1013 5720 verba,
1067 5661 1210 5726 quod
1259 5662 1420 5717 etiam
1469 5665 1558 5719 Dei
1604 5665 1776 5722 Mater
1823 5667 1876 5721 in
1913 5683 1989 5723 .eo
2017 5683 2112 5722 ca-

535 5747 717 5814 talogo
766 5743 1008 5813 ponitur.
1040 5747 1224 5818 Neque
1259 5754 1401 5810 enim
1462 5767 1776 5826 poneretur,
1809 5759 1854 5814 si
1915 5759 1962 5814 is
1980 5759 2111 5814 cho-

539 5851 636 5892 rus
665 5835 846 5904 aliqua
890 5837 1278 5901 intercessione
1317 5859 1517 5918 egeret,
1564 5859 1621 5904 ut
1677 5866 1799 5920 quae
1846 5860 1931 5907 est
1969 5852 2108 5906 ultra

538 5943 758 5986 omnem
789 5930 1258 6008 intercessionem,
1288 5957 1391 5998 non
1418 5943 1591 6000 solum
1627 5944 1879 6002 humanae
1904 5945 2109 6001 hierar-

2201 4743 2337 4794 ὃπου
2376 4740 2746 4793 ὲπισκοπείτὺ
2777 4739 2894 4807 φῶς
2919 4739 3012 4792 τοῦ
3042 4740 3339 4810 προσώπου
3379 4739 3486 4792 σοῦ.
3519 4756 3535 4786 ›
3577 4733 3727 4784 Tauro!

2201 4833 2270 4886 τὰ
2293 4835 2518 4904 ῥήματα
2541 4834 2598 4885 ὲν
2625 4831 2706 4895 οἷς
2727 4833 2954 4903 οὐδεμία
2977 4834 3293 4903 περιέχεται
3321 4830 3564 4904 περὶτῶν
3590 4823 3726 4921 ἁγίων

2206 4927 2343 4996 πρὸς
2395 4926 2486 4979 τὸν
2520 4926 2652 4979 Θεὸν
2707 4927 2908 4986 ἱκεσία,
2959 4927 3079 4980 οὐδὲ
3125 4926 3345 4997 εὔχεται
3396 4927 3422 4977 ό
3457 4922 3618 4992 ἱερεὺς
3644 4927 3726 4964 των

2204 5018 2472 5070 εἰωθότων
2497 5016 2668 5070 οὐδέν.
2688 5017 2848 5069 Ἀλλὰ
2879 5017 2988 5069 τῶν
3025 5017 3124 5086 μὲν
3154 5018 3329 5072 ἄλλων
3361 5006 3726 5080 κεκοιμημένων

2206 5109 2415 5164 πιστῶν
2467 5109 2874 5180 μεμνημένους,
2909 5108 3072 5172 εὐθὺς
3107 5109 3460 5179 προστίθησιν
3503 5103 3594 5170 τὴν
3619 5094 3727 5160 ὑπὲρ

2207 5203 2414 5256 τούτων
2467 5203 2655 5270 εὐχήν.
2692 5219 2713 5253 ε
2764 5201 3109 5254 Ἀνάπαυσον
3163 5201 3272 5272 γὰρ
3322 5199 3526 5260 αὐτοὺς,
3574 5185 3725 5258 φησὶν.

2208 5295 2342 5346 ὅπου
2371 5295 2664 5347 ἐπισκοπεῖ
2689 5294 2750 5346 τὸ
2785 5294 2900 5360 φῶς
2929 5293 3022 5345 τοῦ
3059 5293 3356 5363 προσώπου
3401 5304 3510 5341 σου.
3553 5303 3567 5333 ι
3603 5277 3728 5329 Ἐστι

2207 5383 2265 5438 δὲ
2296 5386 2406 5439 τῶν
2438 5384 2609 5454 ἁγίων
2642 5385 2961 5438 τούναντίον
3005 5385 3172 5438 ἁπαν.
3218 5384 3293 5436 Οὐ
3328 5381 3434 5450 γὰρ
3478 5365 3728 5468 πρεσόξξξν

2211 5478 2354 5548 ὑπὲρ
2384 5453 2567 5531 αὐτῶν
2607 5481 2869 5541 ποιεῖται,
2907 5476 3023 5529 ἁλλ’
3062 5477 3260 5538 αὐτοὺς
3305 5471 3500 5541 μᾶλλον
3531 5453 3728 5560 προδείξ-

2211 5570 2366 5624 λεται
2418 5570 2702 5640 πρέσὸεις.
2757 5567 2945 5623 Εἰπὼν
2979 5569 3090 5639 γὰρ
3143 5567 3238 5621 καὶ
3289 5561 3583 5664 ἀριθμήσας
3629 5561 3728 5664 τους

2211 5663 2405 5732 ἁγίους
2432 5702 2446 5726 ,
2497 5664 2721 5732 ἐπάγει,
2763 5679 2781 5714 t
2820 5657 2922 5714 Ὦν
2953 5665 3074 5724 ταῖς
3127 5659 3438 5732 πρεσϐείαις
3479 5649 3728 5746 ὲτξῖςῖξεὲίξι

2213 5758 2386 5828 ἡμᾶς,
2421 5758 2448 5810 ὁ
2476 5756 2627 5819 Θεός.
2659 5774 2675 5806 ι
2718 5755 2784 5809 Ὃ
2815 5754 2872 5808 δὲ
2911 5755 3149 5824 μάλιστα
3192 5752 3474 5812 δείκνυσιν,
3501 5743 3556 5797 οὗ
3575 5736 3727 5840 δέηνσιν

2212 5868 2333 5903 τινα
2365 5849 2461 5904 καὶ
2495 5851 2730 5914 ἱκεσίαν,
2770 5847 2884 5900 ἀλλ’
2913 5848 3268 5916 εὐχαριστίαν
3300 5842 3432 5909 ὑπὲρ
3456 5829 3726 5936 etim-fifth)?

2216 5937 2356 5996 εἶναι
2391 5942 2562 5997 ταῦτα
2593 5940 2659 5994 τὰ
2693 5939 2939 6010 ῥήματα,
2971 5940 3051 5992 ὅτι
3085 5939 3177 5994 καὶ
3214 5938 3246 6006 ἡ
3282 5932 3369 5988 τοῦ
3401 5926 3525 5983 Θεοῦ
3554 5921 3718 5986 Μήτηρ
