4030 6454
216 500 301 565 ΕΠ
1395 489 1798 557 ιΙΤυΙὶῧΙιΕ
1840 485 2273 553 EXPOSITIO.
3353 471 3457 533 ΗΒ

211 618 268 668 ὲν
289 612 465 684 τούτῳ
508 612 590 682 τῷ
623 612 912 684 καταλόγῳ
948 613 1206 667 τάττεται
1228 628 1244 644 θ
1278 612 1339 665 οὐ
1386 611 1494 682 γὰρ
1529 610 1597 664 ἂν
1626 608 1780 662 ἐτάτο
1813 613 1833 671 Δ

1937 605 2042 669 tiae,
2096 603 2188 658 scd
2238 602 2401 655 etiam
2456 597 2804 668 angelorum,
2839 608 2966 648 cum
3005 591 3076 647 sit
3101 589 3232 660 ipsis
3293 588 3458 642 etiam

213 725 350 772 τετο,
369 707 417 760 εί
450 681 738 776 μεσιτείας
760 681 905 768 τινὸς
947 706 976 758 6
1024 705 1184 776 χορὸς
1213 697 1368 766 οὗτος
1416 681 1607 769 ἐδεῖτο,
1638 703 1672 772 ἦ
1709 717 1774 769 γε

1936 693 2244 749 mctissimis
2271 690 2544 745 mentibus
2566 685 3071 756 incomparabiliter
3090 682 3348 737 sanctior.
3371 681 3464 731 At.

220 801 389 869 πάσης
415 771 566 852 ἐστὶν
593 798 856 852 ἐπέκεινα
883 771 1188 868 μεσιτείας,
1211 798 1273 851 οὐ
1300 799 1397 867 τῆς
1424 771 1775 866 ἀνθρωπίνης

1943 789 1976 842 ii
2012 786 2262 842 Christus
2290 792 2392 850 est,
2418 780 2724 852 inquit,qui
2749 781 2851 833 hoc
2875 775 3084 847 peragit
3106 771 3461 829 sacrificium.

230 861 709 963 pévouispapxla;,
747 861 1004 944 ἁλὶὰάαὶ
1038 890 1142 958 τῆς
1163 889 1274 943 τῶν
1301 861 1574 958 ἀγγέλων,
1608 889 1682 949 ὡς
1714 861 1780 940 ἂν

1937 879 2027 934 uid
2057 893 2188 948 ergo
2215 877 2434 940 mirum,
2464 874 2528 941 sis
2549 873 2710 928 etiam
2746 886 2841 941 pro
2869 867 3074 924 sanetis
3107 873 3159 918 et
3186 861 3355 915 Matre
3378 861 3464 912 iu-

230 985 315 1037 καὶ
360 983 531 1036 αὐτῶν
582 977 721 1035 οὖσα
771 981 880 1036 τῶν
929 981 1193 1036 ἀνωτάτω
1245 980 1383 1034 νόων
1430 978 1783 1048 ἀσυγκρίτως

1936 970 2200 1026 :rcesserit
2229 968 2252 1021 ?
2287 966 2390 1021 Sed
2421 966 2525 1021 hoc
2558 964 2762 1018 nullam
2812 961 2972 1014 habet
3005 957 3295 1017 rationem.
3346 951 3463 1004 Non

228 1077 513 1146 ἀγιωτέρα.
540 1077 650 1130 Καὶ
680 1075 789 1145 μὴν
821 1079 849 1130 6
876 1076 1112 1146 Χριστός
1135 1078 1273 1139 ἐστι,
1302 1072 1489 1143 φησὶν,
1521 1043 1558 1124 6—
1579 1043 1785 1139 ταύτην

1936 1072 1978 1119 st
2006 1062 2151 1117 enim
2191 1059 2281 1114 hic
2341 1057 2536 1113 modus
2587 1052 2997 1110 intercessiOnis
3058 1048 3286 1104 Christi.
3339 1043 3465 1097 Fuit

223 1169 384 1221 τελῶν
435 1134 769 1239 ἱερουργίαν.
829 1169 897 1222 Τί
931 1134 1024 1222 οὖν
1071 1134 1387 1234 θαυμαστὸν
1429 1134 1484 1217 εί
1539 1163 1632 1216 καὶ
1671 1134 1786 1222 τοις

1936 1156 2040 1211 nim
2070 1156 2402 1208 intercessor
2455 1149 2549 1203 Dei
2581 1158 2635 1202 et
2676 1147 2980 1208 hominum,
3011 1142 3103 1196 sed
3144 1154 3254 1194 non
3286 1134 3466 1190 verbis

221 1263 390 1330 ἁγίοις
419 1228 516 1315 καὶ
536 1228 675 1332 αὐτῇ
703 1260 1045 1331 μεσιτεύσειε
1070 1263 1135 1329 τῇ
1163 1228 1350 1329 Ιίαητρί
1376 1274 1392 1322 ;
1431 1256 1577 1311 Ἀλλ’
1599 1255 1790 1308 οὐδένα

1936 1245 2221 1301 uibusdam
2241 1252 2293 1298 ct
2323 1242 2595 1312 precibus,
2624 1237 2718 1294 sed
2743 1237 2942 1304 seipso,
2962 1246 3158 1300 nempe
3187 1228 3467 1298 quodcum

216 1357 372 1410 τοῦτο
422 1357 584 1426 λόγον
805 1355 879 1410 Οὐ
928 1354 1038 1424 γὰρ
1064 1320 1220 1416 οῦτος
1244 1320 1309 1404 ’δ’
1327 1320 1529 1422 τρόπος
1559 1349 1662 1417 τῆς
1692 1343 1788 1401 τοῦ

1941 1354 2036 1394 cus
2074 1347 2131 1393 et
2159 1339 2325 1392 homo
2361 1343 2529 1396 esset,
2578 1332 2748 1386 Demn
2811 1326 3128 1383 hominibus
3185 1320 3472 1390 conjunxit

215 1447 458 1519 Χριστοῦ
493 1413 809 1517 issam-ila;-
849 1413 1078 1517 pediri];
1127 1413 1227 1516 μὲν
1256 1413 1788 1514 γὰρ-ἐγένετοῖβεοῦ

1936 1445 2236 1488 amtnunem
2263 1429 2553 1484 terminum
2607 1426 2845 1495 seipsum
2879 1421 3128 1488 utrisque
3153 1414 3364 1469 naturis
3392 1413 3476 1465 iu-

215 1517 308 1596 καὶ
343 1542 684 1612 ἀνθρώπων·
712 1541 827 1594 ἀλλ’
859 1542 919 1594 οὐ
951 1539 1130 1607 λόγοις
1163 1542 1276 1592 τισὶ
1300 1539 1389 1590 καὶ
1427 1535 1640 1600 εὐχαῖς,
1671 1530 1791 1585 ἀλλ’

1937 1526 2106 1580 ciens.
2131 1521 2464 1577 Existimare
2512 1528 2694 1573 autem
2732 1517 2936 1585 ipsum,
2989 1526 3086 1580 per
3124 1522 3314 1578 preces
3350 1518 3472 1574 quae

215 1635 424 1702 ἑαυτῷ·
451 1594 543 1688 ⁵ὅτι
570 1633 679 1704 γὰρ
705 1634 836 1697 Θεὸς
860 1634 886 1685 6
911 1594 1074 1695 r1616;
1103 1594 1198 1684 τεαὶ
1224 1594 1526 1700 ἄνθρωπος-
1657 1623 1791 1679 Θεὸν

1936 1627 2035 1673 unt
2064 1614 2446 1678 in'sacrilicio,
2496 1625 2711 1680 semper
2770 1606 3130 1666 intercedere,
3188 1608 3271 1654 est
3325 1594 3475 1651 omni

215 1700 533 1796 ἀνθρώποις
567 1700 797 1794 συνῆψε,
826 1722 1005 1777 κοινὸν
1035 1721 1162 1792 ὃρον
1211 1719 1404 1775 ἑαυτὸν
1446 1714 1796 1786 ἀμφοτέραις

1936 1709 2243 1779 lasphemia
2282 1718 2337 1762 et
2373 1703 2714 1760 absurditate
2738 1700 2983 1770 plenum.

215 1822 333 1881 ταῖς
371 1819 602 1887 φύσεσιν
657 1785 933 1888 ἐμϐαλών.
977 1785 1158 1872 Τὸνδὲ
1188 1816 1434 1886 νομίζειν
1488 1785 1654 1866 αὐτὸν
1701 1809 1793 1862 διὰ
1827 1807 1938 1861 τῶν
1973 1807 2032 1859 ὲν
2062 1808 2128 1876 τῇ
2167 1801 2451 1874 ἱερουργίᾳ
2475 1798 2648 1869 εὐχῶν
2677 1796 2767 1851 ἀεὶ
2835 1792 3164 1866 μεσιτεύειν,
3237 1785 3483 1858 βλασφη-

221 1917 350 1987 μίας
381 1915 603 1984 ἀπάσης
635 1915 732 1970 καὶ
764 1915 996 1977 ἀτοπίας
1025 1914 1143 1968 ἐστὶ
1175 1913 1397 1983 μεστόν.

289 1977 354 2062 Ei
387 2009 495 2078 γὰρ
525 1977 620 2060 καὶ
665 2006 829 2070 αὐτός
859 2009 1009 2061 ἐστιν
1041 2008 1069 2060 6
1098 1977 1270 2059 τελῶν
1311 2006 1410 2075 τὴν
1452 1999 1790 2073 ἱερουργίαν,
1827 2001 1833 2054 1

1967 1990 2084 2048 Etsi
2113 1990 2257 2045 enim
2277 1989 2394 2058 ipse
2419 1993 2502 2040 est
2521 1983 2612 2054 qui
2646 1981 2856 2052 peragit
2875 1977 3228 2040 sacrilicium,
3253 1989 3359 2028 non
3404 1982 3486 2026 ta-

225 2101 334 2154 ἀλλ’
367 2101 431 2152 οὐ
464 2068 646 2152 πάντα
687 2097 756 2152 τὰ
779 2068 896 2152 ἐπεῖ
925 2099 1188 2168 γινόμενα
1215 2099 1309 2151 καὶ
1335 2068 1617 2164 λεγόμενα
1643 2091 1795 2162 αὐτῷ

1936 2100 2022 2140 ten
2060 2084 2244 2138 omnia
2274 2095 2396 2150 quae
2422 2079 2532 2134 illic
2557 2079 2814 2133 dicuntur
2842 2084 2900 2129 et
2927 2074 3084 2134 ﬁunt,
3116 2070 3163 2124 ci
3214 2068 3483 2122 attribue-

227 2193 592 2262 ἀναθήσομεν.
626 2191 700 2246 Τδ
731 2190 831 2261 μὲν
873 2190 983 2260 γὰρ
1033 2189 1194 2261 ἔργον
1225 2189 1328 2258 τῆς
1379 2186 1792 2258 μυσταγωγίας,

229 2286 318 2340 καὶ
381 2285 443 2338 τὸ
478 2285 655 2351 τέλος,
690 2285 810 2356 ἦτοι
866 2284 926 2337 τὶ)
971 2283 1304 2350 ἁγιασθῆναι
1355 2283 1425 2335 τὰ
1475 2280 1646 2351 δῶρα,
1701 2280 1798 2332 καὶ

231 2377 453 2446 ἁγιάσαι
495 2377 623 2440 τοὺς
661 2377 910 2443 πιστοὺς,
951 2377 1114 2440 αὐτός
1173 2378 1290 2428 ἐστι
1333 2376 1495 2444 μόνος
1530 2377 1558 2427 6
1605 2372 1797 2427 τελῶν.

232 2476 291 2526 At
327 2473 385 2524 δὲ
423 2474 553 2539 περὶ¹
600 2470 810 2524 τούτων
835 2470 997 2543 ,εὐχαὶ
1045 2472 1141 2523 καὶ
1179 2469 1400 2537 δεήσεις
1443 2468 1539 2520 καὶ
1573 2465 1797 2528 ίκεσίαι,

1899 2194 2040 2234 mus.
2065 2175 2306 2248 Mysterii
2327 2174 2472 2226 enim
2525 2185 2662 2240 opus
2689 2177 2741 2222 et
2771 2168 2952 2226 linem,
3007 2161 3307 2218 sacrificari
3345 2159 3488 2212 scili-

1905 2281 1992 2328 cet
2029 2280 2083 2326 et
2122 2267 2455 2324 sanctiﬁcari
2481 2265 2686 2326 ﬁdeles,
2743 2263 2857 2330 ipse
2906 2269 2989 2314 est
3032 2259 3183 2314 solus
3215 2255 3306 2319 qui
3358 2269 3485 2320 pcr-

1899 2363 2032 2432 agit.
2063 2361 2134 2414 De
2156 2361 2242 2416 his
2265 2368 2444 2415 autem
2474 2371 2663 2428 preces
2684 2364 2811 2411 sunt
2835 2353 3108 2407 orationes
3136 2357 3189 2404 ct
3213 2347 3490 2418 supplica-

1901 2457 2083 2510 tiones
2114 2452 2434 2508 saccrdOtis.
2466 2449 2560 2504 Illa
2587 2448 2733 2503 enim
2766 2455 2895 2500 sunt
2943 2440 3183 2507 Domini,
3227 2441 3342 2492 haec
3365 2450 3493 2490 vero

233 2565 320 2618 τοῦ
352 2535 545 2634 ἱερέως
568 2582 582 2596 ο
614 2567 796 2618 ἐκεῖνα
832 2535 1060 2636 γὰρ
1088 2535 1371 2626 δεσπότου,
1401 2560 1575 2615 ταῦτα
1603 2560 1660 2613 δὲ
1683 2557 1803 2612 60'3—

1936 2538 2087 2614 ervi';
2124 2554 2178 2602 et
2205 2546 2295 2600 hic
2322 2544 2540 2614 quidem
2572 2547 2845 2610 precatur,
2887 2535 2976 2590 ille
3006 2549 3133 2587 vero
3163 2545 3353 2601 preces
3377 2543 3497 2597 pcr-

232 2662 358 2714 λου·
401 2661 496 2713 καὶ
531 2660 559 2711 6
614 2657 714 2726 μὲν
748 2656 988 2726 εὔχεται,
1035 2659 1063 2710 6
1111 2655 1169 2710 δὲ
1204 2655 1404 2708 τελειοί
1457 2652 1556 2716 τὰς
1586 2652 1753 2720 εὐχάς
1784 2666 1798 2679 ·

237 2755 328 2806 καὶ
357 2755 386 2805 6
418 2753 519 2820 μὲν
551 2751 745 2822 Σωτὴρ
771 2751 1007 2815 δίδωσιν,
1035 2752 1062 2804 6
1093 2749 1150 2802 δὲ
1182 2749 1365 2818 ἱερεὺς
1403 2745 1684 2818 ὑπὲρτῶν
1718 2745 1807 2797 δο-

239 2846 444 2898 θέντων
469 2845 814 2914 εὐχαριστεῖ·
848 2843 943 2896 καὶ
974 2844 1002 2894 6
1032 2841 1132 2910 μὲν
1167 2841 1350 2910 ἱερεὺς
1376 2839 1665 2909 προσάγει.
1691 2837 1720 2889 6
1749 2835 1804 2888 δὲ

240 2940 445 3008 Κυριος
471 2936 754 3006 ἐκδέχεται
794 2935 863 2988 τὰ
897 2933 1048 3005 δῶρα
1067 2950 1082 2967 ο
1113 2931 1415 3003 προσφέρει
1461 2931 1557 2999 μὲν
1581 2929 1691 3000 γὰρ
1714 2927 1810 2979 καὶ

239 3034 268 3085 6
314 3030 548 3100 Κύριος,
584 3026 698 3082 ἀλλ’
752 3026 944 3082 ἑαυτὸν
993 3023 1072 3094 τῷ
1123 3023 1354 3093 Πατέρι,
1401 3021 1496 3074 καὶ
1545 3022 1614 3073 τὰ
1662 3018 1812 3089 δῶρα

240 3121 438 3185 ταῦτα,
466 3121 596 3175 ὅταν
629 3118 790 3182 αὐτὸς
812 3119 1094 3184 γένωνται,
1121 3116 1250 3169 ὅταν
1276 3117 1356 3176 είς
1383 3112 1445 3166 τὸ
1464 3112 1629 3166 αὐτοῦ
1654 3109 1815 3180 σῶμα

242 3215 340 3269 καὶ
371 3208 512 3281 αἷμα
552 3209 986 3282 μεταδληθώσιν.
1021 3210 1144 3262 Ὅτι
1178 3207 1285 3276 γὰρ
1334 3205 1530 3258 ἑαυτὸν
1578 3201 1815 3272 προσφέ-

246 3323 350 3376 ρει,
384 3305 477 3358 διὰ
505 3302 668 3356 τοῦτο
699 3297 837 3356 εἶναι
861 3301 1079 3369 λέγεται
1113 3302 1138 3352 6
1161 3299 1323 3360 αὐτὸς
1349 3298 1441 3351 καὶ
1467 3294 1813 3366 προσφέρων,

243 3399 342 3452 καὶ
387 3395 858 3467 προσφερόμενος,
906 3394 999 3447 καὶ
1055 3391 1523 3462 προσδεχόμενος’
1577 3385 1814 3455 προσφέ-

246 3509 360 3559 ρων
391 3489 511 3560 μὲν,
549 3488 639 3541 καὶ
676 3487 1135 3555 προσδεχόμενος,
1183 3483 1260 3546 ὡς
1307 3482 1473 3544 Θεός·
1509 3479 1822 3548 προσφερό·

250 3599 413 3653 μενος
439 3580 494 3634 δὲ
524 3579 598 3643 ὡς
632 3578 918 3649 ἄνθρωπος
941 3593 954 3608 ·
982 3577 1150 3645 ἄρτον
1176 3573 1232 3628 δὲ
1283 3575 1378 3626 καὶ
1404 3567 1550 3625 οἶνον
1579 3570 1660 3622 ἔτι
1694 3567 1826 3620 ὄντα

250 3675 326 3728 τὰ
348 3673 515 3744 δῶρα,
545 3671 848 3742 προσφέρει
895 3669 994 3738 μὲν
1025 3668 1051 3720 6
1085 3666 1285 3738 ἱερεὺς,
1317 3662 1682 3734 προσδέχεται
1709 3659 1769 3712 δὲ
1797 3657 1827 3709 6

263 3764 488 3830 Κύριος.

341 3858 448 3910 Καὶ
477 3858 524 3908 τί
570 3855 742 3910 ποιῶν
779 3853 847 3908 τὰ
894 3852 1041 3922 δῶρα
1100 3847 1505 3922 προσδέχεται;
1559 3841 1830 3910 Ἀγιάζων

255 3949 419 4030 αὐτὰ,
459 3950 535 4013 είς
587 3949 646 4002 τὸ
697 3945 862 4002 αὐτοῦ
917 3945 1076 4012 σῶμα
1109 3945 1204 3998 καὶ
1256 3937 1398 4008 αἷμα.
1453 3935 1827 4009 μεταὸἀλλων.

253 4028 434 4098 Τοῦτο
488 4043 594 4112 γὰρ
645 4041 706 4094 τὺ
755 4039 1030 4110 δέχεσθαι,
1079 4036 1142 4090 τὸ
1178 4030 1539 4094 οἰκειοῦσθαι,
1591 4028 1834 4083 κατὰτὰ

251 4134 639 4207 προειρημένα
664 4149 679 4163 ·
715 4125 870 4194 οὗτος
891 4131 920 4184 6
946 4128 1151 4200 τρόπος
1182 4124 1308 4181 καθ’
1337 4123 1398 4177 ὃν
1422 4123 1451 4177 6
1475 4119 1708 4193 Χριστὸς
1735 4118 1836 4188 τὴν

256 4225 578 4299 ίερουργίαν
629 4223 836 4293 ταύτην
871 4220 1185 4291 ίερουργεῐ’
1231 4214 1409 4270 ταῦτά
1453 4213 1607 4267 ἔστιν
1644 4210 1684 4266 ἃ
1737 4209 1838 4281 τὴν

258 4317 572 4388 ἱερωσύνην
605 4313 756 4384 αὐτῷ
786 4314 966 4366 ποιεῖ’
1009 4313 1058 4363 εί
1089 4310 1158 4363 -δὲ
1185 4307 1322 4378 πρὸς
1355 4307 1471 4368 τοῖς
1496 4302 1836 4374 εἰρημένοις,

257 4412 358 4465 καὶ
390 4411 494 4472 τὰς
525 4410 583 4461 ὲν
611 4410 677 4477 τῇ
718 4404 1084 4476 μυσταγωγίο⁸
1127 4400 1314 4469 εὐχὰς,
1346 4398 1379 4468 ἢ
1423 4396 1606 4458 πάσας
1629 4394 1662 4463 ἢ
1688 4393 1841 4453 τινὰς

256 4503 356 4556 τοῦ
392 4500 632 4570 Χριστοῦ
657 4499 777 4568 θείη
814 4514 898 4558 τις
928 4493 1068 4550 εἶναι
1096 4495 1304 4563 φωνὰς,
1333 4490 1484 4543 οὐδὲν
1512 4488 1655 4542 κατὰ
1684 4485 1845 4539 τοῦτο

258 4595 461 4650 διοίσει
514 4592 622 4647 τῶν
651 4590 884 4653 ἀσεϐῶν,
915 4589 963 4642 οἳ
994 4589 1094 4657 τὴν
1147 4585 1309 4650 δόξαν
1339 4581 1505 4638 αὐτοῦ
1555 4580 1845 4657 καθαιρεζν

261 4690 596 4758 ἐτόλμησαν.
642 4651 947 4751 ’Δνάγνωθι
979 4651 1080 4743 τάξ
1113 4679 1279 4749 εὐχὰς
1308 4676 1553 4740 ἁπάσας,
1598 4674 1694 4727 καὶ
1726 4651 1847 4741 εἴσῃ
1877 4686 1932 4748 ο

262 4782 334 4834 τὰ
389 4782 604 4851 ῥήματα
685 4779 868 4832 ἐκεῖνα
920 4775 1098 4830 πάντα
1148 4773 1351 4826 δούλων
1391 4766 1530 4822 εἶναι
1582 4769 1801 4839 ῥήματα
1828 4780 1844 4796 ο

264 4871 552 4938 ἀνάγνωθι
602 4870 696 4925 καὶ
725 4868 936 4938 ταύτην
961 4867 996 4936 ἢ
1029 4863 1362 4937 μνημονεύει
1411 4861 1520 4914 τῶν
1554 4857 1749 4928 ἁγίων,
1781 4857 1848 4925 ἣν

265 4967 347 5036 τῷ
380 4963 602 5034 Χριστῷ
645 4961 961 5016 ἀνατιθέναι
999 4957 1270 5027 τολμῶσι,
1307 4953 1402 5008 καὶ
1437 4952 1695 5024 εὑρήσεις
1733 4950 1850 5002 ἐκεῖ

266 5057 430 5111 οὐδὲν
465 5056 564 5125 μὲν
590 5053 690 5122 υίῷ
743 5051 956 5122 πρέπον
988 5047 1266 5120 ὁμοτίμῳ,
1305 5045 1484 5098 πάντα
1533 5043 1590 5096 δὲ
1620 5039 1846 5094 δούλων.

267 5151 501 5219 Πρῶτον
557 5145 817 5215 μὲνγὰρ,
871 5143 969 5195 οὐκ
1006 5139 1100 5207 ἀφ’
1153 5138 1271 5200 ἑνὸς
1326 5131 1654 5207 προσώπου,
1709 5130 1850 5182 ἀλλὰ

269 5239 434 5309 κοινὴ
472 5237 566 5290 τοῦ
595 5237 787 5304 γένους
815 5232 965 5285 ἐστὶν
995 5233 1027 5300 ἡ
1063 5225 1409 5298 εὐχαριστία,
1450 5227 1544 5277 καὶ
1573 5223 1646 5283 ὼς
1675 5221 1852 5289 ἁμαρ-ο

270 5335 574 5404 τήσαντες,
621 5327 716 5381 καὶ
747 5326 824 5396 μὴ
877 5321 1266 5393 περιοφθέντες
1295 5317 1400 5371 ὑπὸ
1445 5317 1545 5386 τῆς
1588 5314 1684 5366 τοῦ
1713 5311 1850 5364 Θεοῦ

274 5421 713 5494 φιλανθρωπίας,
763 5415 1182 5488 εὐχαριστοῦσιο
1213 5412 1307 5465 καὶ
1335 5411 1369 5481 ἡ
1411 5405 1738 5477 εὐχαριστία
1787 5402 1850 5456 οὐ

275 5519 420 5590 πρὸς
448 5517 542 5570 τὸν
568 5515 789 5584 Πατέρα
824 5512 1008 5583 μόνον,
1037 5507 1176 5562 ἀλλὰ
1203 5507 1297 5559 καὶ
1327 5503 1463 5574 πρὸς
1484 5502 1577 5554 τὸν
1604 5499 1732 5553 Υίδν
1758 5499 1856 5550 αὖα

275 5603 402 5675 τοῦ,
442 5610 619 5664 καὶτὸ
655 5607 882 5677 Πνεῦμα
922 5604 986 5657 16
1033 5603 1190 5671 ἅγιον
1219 5617 1234 5633 ο
1275 5598 1372 5652 καὶ
1426 5597 1525 5666 τῆς
1575 5592 1669 5647 τοῦ
1714 5590 1852 5646 Θεοῦ

281 5705 530 5775 Μητρὸς,
591 5701 665 5765 ὡς
727 5699 1025 5768 Δεσποίνης
1083 5695 1278 5758 δοῦλοι,
1352 5691 1702 5762 μέμνηνται·
1756 5685 1853 5739 καὶ

279 5799 408 5860 ταῖς
447 5792 772 5865 πρεσϐείαις
799 5790 971 5858 αὐτῆς
1001 5789 1095 5842 καὶ
1133 5784 1245 5838 τῶν
1290 5782 1460 5851 ἁγίων
1515 5780 1615 5847 τῆς
1701 5777 1854 5846 παρὰ

280 5891 379 5942 τοῦ
425 5887 561 5941 Θεοῦ
619 5883 962 5952 ἐπισκέψεως
994 5883 1088 5934 καὶ
1129 5875 1386 5949 προνοίας
1434 5873 1712 5929 αἰτοῦνται
1763 5885 1856 5921 τυ-

285 5983 426 6052 χεῖν,
474 5981 660 6036 Ταῦτα
691 5979 745 6034 δὲ
779 5977 830 6032 τί
876 5975 1052 6032 κοινὸν
1096 5974 1206 6044 ἔχει
1255 5970 1391 6042 πρὸς
1443 5967 1533 6022 τὸν
1589 5965 1686 6020 ἕνα
1738 5961 1849 6016 Κύο

1907 2644 2038 2707 ﬁcit;
2063 2651 2114 2696 et
2150 2639 2416 2694 Dominus
2446 2634 2662 2706 quidem
2699 2633 2904 2693 donat,
2940 2627 3200 2683 sacerdos
3229 2636 3356 2675 vero
3400 2635 3495 2686 pro

1909 2737 1978 2791 iis
2008 2749 2131 2805 quas
2161 2733 2286 2787 data
2320 2729 2599 2797 sunt,agit
2628 2725 2831 2796 gratias
2857 2738 2872 2787 ;
2904 2729 2958 2775 et
2990 2717 3248 2773 sacerdos
3275 2711 3494 2783 quidem

1909 2828 2086 2892 oﬂ'ert,
2166 2823 2428 2877 Dominus
2492 2833 2621 2873 vero
2673 2817 2816 2868 dona
2863 2811 3090 2879 accipit:
3131 2805 3299 2860 Oli‘ert
3352 2805 3497 2856 enim

1910 2921 2072 2977 etiam
2127 2915 2410 2978 Dominus,
2444 2910 2537 2966 sed
2587 2909 2830 2977 Scipsum
2875 2902 3048 2965 Patri,
3117 2909 3171 2952 et
3209 2897 3350 2951 dona
3387 2892 3504 2946 hanc
3587 2931 3592 2937 .

1912 3011 2137 3085 quando
2176 3009 2294 3073 ipse
2324 3005 2464 3060 facta
2496 3002 2717 3063 fuerint,
2751 2995 2968 3066 quando
2995 2993 3048 3046 in
3074 2991 3190 3060 ejus
3213 2999 3410 3074 corpus
3453 2987 3506 3034 ct

1916 3103 2238 3172 sanguinem
2265 3109 2528 3153 conversa
2567 3101 2621 3146 et
2659 3100 2889 3144 mutata.
2917 3083 3054 3150 Quia
3089 3080 3233 3133 enim
3263 3076 3505 3143 seipsum

1917 3197 2094 3258 θεῖοι-ι,
2111 3193 2231 3246 ideo
2253 3188 2452 3242 dicitur
2471 3187 2610 3238 idem
2639 3197 2763 3236 esse
2784 3188 2837 3234 et
2859 3178 2950 3246 qui
2968 3174 3146 3230 oll‘ert.
3165 3181 3218 3226 et
3234 3169 3327 3239 qui
3353 3164 3510 3219 οιτον-

1921 3282 2342 3351 ιυινοιειιεοῑρὶι,
2375 3271 2843 3343 olicrensquidem
2864 3265 3234 3333 etsuscipiens
3268 3267 3326 3313 ut
3347 3255 3510 3328 Deus.

1921 3378 2136 3432 oblatus
2157 3384 2337 3427 autem
2357 3376 2418 3423 ut
2441 3371 2628 3420 homo.
2652 3364 2857 3414 Panem
2880 3364 3060 3410 autem
3085 3363 3139 3407 ct
3158 3352 3366 3410 vinum,
3383 3346 3510 3400 dum

1923 3469 2100 3525 adhuc
2141 3464 2284 3518 dona
2320 3468 2471 3521 sunt,
2505 3456 2662 3510 oliert
2701 3451 2920 3521 quidem
2982 3444 3255 3525 sacerdos,
3289 3439 3516 3506 suscipit

1925 3571 2106 3616 autem
2134 3554 2423 3610 Dominus.
2465 3547 2532 3600 Et
2557 3543 2686 3614 quid
2741 3553 2906 3610 agens
2933 3538 3075 3591 dona
3127 3521 3412 3597 suscipit?
3443 3527 3514 3580 Ea

1929 3651 2305 3712 sanctiﬁcans,
2332 3645 2386 3697 in
2417 3653 2578 3696 suum
2619 3649 2818 3704 corpus
2849 3639 2904 3685 et
2919 3627 3243 3696 sanguinem
3269 3627 3510 3674 mutans.

1931 3747 2045 3798 Hoc
2089 3740 2234 3793 enim
2280 3744 2366 3790 est
2426 3729 2725 3796 suscipere,
2784 3719 3066 3791 proprium
3134 3724 3188 3770 et
3247 3711 3518 3767 familiare

1931 3837 2164 3899 eliicere,
2197 3840 2255 3886 ut
2287 3829 2491 3885 dictum
2523 3830 2631 3878 est.
2660 3817 2762 3872 Hic
2779 3823 2864 3871 est
2900 3812 3095 3867 modus
3122 3824 3232 3880 quo
3265 3807 3537 3862 Christus’

1935 3933 2039 3986 hoc
2067 3924 2397 3983 sacriﬁcium
2430 3917 2690 3974 celebrat.
2719 3909 2846 3964 Haec
2882 3913 3011 3962 sunt
3031 3917 3152 3973 quae
3175 3902 3223 3956 ei
3253 3897 3517 3954 sacerdo-

1937 4025 2074 4079 tium
2117 4018 2484 4075 coustituunt.
2547 4010 2603 4064 Si
2637 4015 2819 4062 autem
2861 3997 3057 4072 praeter
3109 4010 3174 4051 ea
3207 4008 3326 4062 quae
3378 3989 3520 4042 dicta

1939 4121 2087 4177 sunt,
2115 4109 2278 4164 etiam
2309 4102 2587 4158 orationes
2611 4111 2735 4168 quae
2759 4095 2894 4148 ﬁunt
2919 4091 2972 4144 in
3001 4085 3250 4159 mysterii
3276 4078 3523 4135 celebra.

1942 4205 2112 4267 tione,
2130 4199 2214 4256 vel
2237 4209 2429 4252 omnes
2477 4192 2563 4248 vel
2590 4191 2803 4260 aliquas
2824 4183 3028 4241 Christi
3055 4193 3214 4234 voces
3237 4187 3356 4229 esse
3375 4172 3526 4226 dixe-

1943 4299 2035 4363 rit,
2056 4263 2190 4351 nihil
2220 4295 2276 4347 in
2292 4292 2393 4344 hac
2421 4301 2480 4342 re
2509 4285 2578 4340 ab
2599 4282 2782 4346 impiis
2812 4276 3043 4338 dilferet,
3069 4270 3162 4363 qui
3188 4270 3306 4340 ejus
3341 4263 3528 4362 gloria.-

1944 4383 2229 4442 detrahere
2258 4376 2375 4434 ausi
2406 4381 2554 4431 sunt.
2590 4370 2729 4439 Lege
2751 4379 2944 4422 omnes
2975 4361 3270 4418 orationes,
3307 4365 3361 4409 et
3387 4353 3528 4405 scies

1946 4477 2117 4536 verba
2185 4475 2278 4530 illa
2334 4468 2524 4525 omnia
2597 4478 2726 4519 esse,
2779 4469 3066 4514 servorum
3141 4448 3326 4502 verba.
3389 4443 3530 4506 Lege

1949 4571 2114 4628 etiam
2139 4581 2260 4622 eam
2293 4564 2344 4617 in
2373 4575 2478 4631 qua
2509 4564 2839 4620 sanctorum
2895 4543 3168 4602 meminit,
3225 4551 3388 4601 quam
3433 4549 3531 4585 au-

1952 4663 2081 4719 dent
2108 4657 2330 4714 Christo
2365 4652 2625 4708 tribuere,
2646 4653 2702 4698 et
2735 4639 2981 4696 invenies
3017 4635 3150 4688 nihil
3173 4631 3286 4688 illic
3335 4641 3535 4681 como-

1956 4757 2076 4812 nire
2125 4751 2286 4813 Filio,
2318 4747 2414 4816 qui
2470 4748 2557 4796 est
2584 4734 2734 4791 Patri
2774 4730 2982 4786 honore
3035 4723 3296 4791 aqualis;
3354 4717 3534 4771 ouuiia

1957 4859 2138 4905 autem
2174 4853 2483 4898 servorum.
2512 4832 2756 4888 Primum
2789 4827 2934 4880 enim
2961 4835 3074 4875 non
3112 4816 3181 4872 ab
3219 4829 3323 4868 una
3348 4826 3540 4882 perso-

1957 4958 2049 5005 na,
2075 4938 2168 4995 scd
2205 4928 2512 4989 communis
2575 4933 2656 4978 est
2696 4918 2910 4991 generis
2974 4912 3278 4984 gratiarum
3336 4906 3480 4960 actio
3517 4919 3531 4964 ;

1957 5044 2010 5090 et
2037 4995 2102 5088 ut
2161 5029 2256 5098 qui
2315 5023 2638 5094 peccarunt,
2679 5023 2734 5070 et
2758 5026 2866 5065 non
2897 5015 3031 5064 sunt
3057 5001 3300 5072 despecti
3355 5013 3385 5052 a
3447 4995 3538 5047 Dei

1957 5090 2336 5183 misericordia
2369 5126 2424 5170 et
2445 5109 2751 5170 clementia,
2796 5109 2962 5174 agunt
2994 5097 3198 5169 gratias
3223 5111 3239 5160 ;
3261 5103 3314 5148 et
3345 5090 3538 5158 gratia-

1960 5236 2078 5276 rum
2112 5216 2252 5272 actio
2288 5227 2396 5266 non
2449 5209 2514 5263 ad
2546 5203 2761 5258 Patrem
2797 5197 2999 5257 solum,
3032 5191 3126 5247 sed
3154 5189 3317 5244 etiam
3347 5182 3413 5236 ad
3451 5177 3540 5232 Fi-

1959 5316 2092 5371 llum
2128 5310 2246 5379 (-jus
2271 5314 2326 5359 et
2355 5310 2606 5359 sanctum
2646 5293 2912 5364 Spiritum
2949 5304 2965 5354 ;
2993 5295 3048 5342 et
3076 5281 3168 5337 Dei
3196 5276 3388 5333 matris
3418 5281 3543 5325 tau-

1959 5417 2123 5472 quam
2152 5368 2390 5454 dominze
2414 5389 2580 5452 servi,
2606 5383 2996 5443 meminerunt,
3022 5381 3076 5430 ct
3094 5371 3214 5441 ejus
3243 5374 3298 5421 et
3322 5368 3543 5418 sancto-

1959 5508 2084 5550 rum
2163 5480 2656 5545 intercessionibus
2691 5515 2706 5540 ,
2755 5481 2816 5530 ut
2867 5485 2896 5525 a
2935 5469 3045 5522 Deo
3111 5461 3420 5550 visitentur,
3481 5455 3536 5501 ct

1960 5597 2151 5642 eorum
2184 5593 2322 5636 cura»
2349 5575 2641 5636 habeatur,
2679 5572 2888 5638 petunt.
2913 5560 3039 5614 llaec
3070 5559 3253 5608 autem
3283 5543 3556 5642 quidnam

1961 5691 2253 5736 commune
2278 5672 2480 5728 habent
2523 5678 2648 5721 cum
2702 5674 2811 5715 uno
2859 5652 3090 5709 Domino
3120 5638 3420 5711 unigenito,
3452 5633 3560 5690 Dei"

1960 5773 2353 5840 Filio,peccato
2392 5777 2499 5818 non
2532 5757 2792 5818 obnoxio,
2825 5745 3068 5802 omnium
3100 5735 3352 5796 Domino?
3386 5731 3564 5787 «Cra--

1964 5867 2069 5921 tias
2096 5828 2330 5934 ita“...
2365 5853 2562 5924 inquit.
2593 5847 2710 5912 tibi,
2769 5844 2816 5898 ei
2849 5839 2986 5894 Filio
3023 5845 3120 5890 tuo
3183 5828 3488 5901 unigenito.
3519 5842 3548 5876 ν

1964 5920 2222 6014 Christus
2248 5920 2379 6020 ergo
2413 5920 2618 6017 gratias
2653 5937 2760 6008 agit
2815 5931 2954 5988 Filio
2997 5929 3088 5985 Dei
3138 5920 3442 5997 uuigcnito,
3491 5926 3560 5972 et:
