4030 6468
542 482 652 543 ἃ.ῖῦ
1776 480 2091 542 NlCOLAl
2126 478 2521 539 CABASILIE
3650 470 3728 537 ιιι

544 614 698 664 ecce,
729 597 837 653 duo
872 606 1028 651 erunt
1086 581 1201 659 lilii,
1256 605 1310 650 nt
1338 597 1500 650 volui:
1566 597 1778 651 insania
1848 596 2130 650 Nestorii:

2245 612 2375 667 ριον,
2417 596 2507 648 τὸν
2565 594 2695 647 Υἱὺν
2735 593 2829 646 τοῦ
2876 590 3012 645 Θεοῦ
3056 591 3148 646 τὸν
3206 591 3477 661 μονογενῆ,
3505 592 3583 645 τίαν
3635 595 3733 647 ἀντ-

545 692 681 744 adeo
707 700 785 743 est
812 690 1037 755 impium
1072 699 1126 741 et
1186 690 1411 743 stultum
1466 690 1783 743 existimare
1842 688 2124 743 Christum

2245 686 2541 755 μάρτητον,
2591 684 2683 738 τὸν
2734 685 2956 737 πάντων
2996 685 3313 752 Δεσπότην;
3366 703 3384 735 t
3432 683 3734 754 Εὐχαριστοῦ-

545 796 646 850 pro
688 780 893 834 sanctis
928 781 1287 845 intercedere,
1328 780 1708 849 ejusmodique
1754 780 2044 850 legationis
2073 787 2127 832 et

2245 778 2338 847 μέν
2367 795 2472 843 σοι,
2493 778 2649 847 φησὶ,
2675 777 2771 831 καὶ
2790 777 2866 847 τῷ
2884 777 2997 846 Υίῷ
3020 793 3113 829 σου
3132 777 3207 847 τῷ
3232 777 3513 846 μονογενεὶ
3538 797 3553 828 ι
3574 779 3735 831 υύκοῦν

547 871 963 925 intercessionis
1022 888 1226 926 trutinis
1253 873 1301 926 ei
1374 873 1637 926 tribucre.
1693 872 1990 927 Ostensum
2040 880 2126 925 est

2245 871 2259 922 5
2295 869 2533 938 Χριστὸς
2576 870 2896 937 εὐχαριστεί
2927 868 3005 937 τῷ
3042 867 3159 938 Υίῷ
3208 867 3303 919 τοῦ
3349 865 3477 918 Θεοῦ
3520 866 3587 935 τῷ
3618 884 3737 936 pavo-

544 971 726 1017 autem
784 966 897 1018 haec
949 981 1015 1019 ne
1074 981 1199 1020 esse
1230 967 1451 1035 quidem
1509 967 1878 1019 sacerdotum.
1935 963 2128 1018 Restat

544 1070 674 1122 ergo
709 1057 823 1112 hinc
856 1060 1019 1113 verba
1058 1075 1165 1112 non
1207 1073 1330 1113 esse
1361 1056 1841 1127 supplicationem,
1871 1054 1967 1111 sed
1995 1069 2122 1123 gra—

544 1144 743 1198 tiarum
771 1147 1065 1204 actionem.
1103 1167 1119 1199 ι
1163 1147 1565 1216 Οοτιε,›ἱη‹ιιιίι
1593 1163 1609 1212 ;
1647 1146 1741 1200 sed
1774 1161 1882 1199 non
1906 1145 2133 1214 permit-

543 1235 605 1289 tit
665 1236 833 1292 dictio
869 1277 884 1301 ,
944 1255 1067 1307 qum
1132 1249 1319 1307 aperte
1386 1236 1835 1305 supplicationem
1904 1235 2132 1291 indicat.

544 1324 649 1378 Pro
682 1328 823 1380 cni'n
861 1329 1172 1399 praepositio
1204 1331 1307 1384 hoc
1331 1329 1441 1382 vult
1477 1327 1797 1395 significari.

2234 962 2427 1029 γενετς
2460 964 2560 1014 καὶ
2589 962 2700 1015 ίδού
2724 959 2819 1013 δύο
2849 959 3066 1013 ἔσονται
3102 959 3235 1025 θεοὶ,
3280 960 3417 1012 κατὰ
3448 960 3537 1029 τὴν
3574 960 3735 1012 Narro-

2237 1050 2356 1120 ρίου
2401 1050 2601 1121 μανίαν
2624 1067 2640 1083 ·
2689 1050 2866 1113 οὕτως
2898 1050 3093 1105 ἀσεϐὲς
3130 1050 3226 1103 καὶ
3286 1050 3502 1120 ἀνόητον
3539 1051 3615 1103 τὸν
3638 1052 3739 1120 Χρι-

2240 1142 2368 1197 στὸν
2423 1144 2665 1214 νομιζειν
2729 1144 2870 1213 ὑπὲρ
2923 1144 3032 1197 τῶν
3092 1143 3266 1210 ἁγίων
3312 1143 3627 1211 πρεσϐεύειν,
3671 1145 3739 1196 καί

2241 1235 2505 1305 τοιαύτην
2529 1237 2830 1306 πρεσϐείαν
2858 1238 2954 1290 καὶ
2984 1238 3265 1306 μεσιτείαν
3287 1238 3431 1307 αὐτῴ
3454 1238 3739 1307 περιάπτειν.

2258 1326 2507 1398 Ἐδείχοη
2535 1328 2592 1382 δὲ
2630 1329 2805 1383 ταῦτα
2836 1329 2973 1399 μηδὲ
3005 1330 3113 1382 τῶν
3143 1331 3307 1399 ἱερῶν
3354 1328 3505 1385 εἶναι,
3535 1329 3742 1384 Asiam:

545 1417 610 1483 δὴ
646 1419 720 1488 μὴ
750 1420 959 1472 ἱκεσίαν
990 1421 1117 1473 ἀλλ”
1137 1421 1495 1491 εὐχαριστίαν
1524 1417 1665 1474 εἶναι
1714 1419 1888 1474 ταῦτα
1922 1419 1990 1473 τὰ
2022 1421 2268 1491 ῥήματα.
2308 1437 2327 1472 t
2359 1422 2489 1486 Nai,
2528 1440 2547 1473 ι
2589 1425 2775 1493 φησιν,
2802 1423 2919 1477 ἀλλ’
2952 1426 2986 1496 ἡ
3049 1424 3195 1492 λέξις
3266 1426 3364 1479 οὐκ
3403 1427 3463 1496 ἑᾷ
3524 1425 3610 1495 τὴν
3658 1426 3741 1476 ἱκε-

547 1515 665 1565 σίαν
722 1516 906 1585 σαφῶς
957 1517 1282 1587 δυναμένην.
1321 1517 1387 1571 Ἠ
1441 1520 1549 1588 γὰρ
1580 1517 1733 1585 ὑπὲρ
1793 1516 2049 1587 πρόθεσις
2085 1514 2245 1569 τοῦτο
2278 1515 2524 1586 βούλεται
2556 1520 2866 1589 σημαίνειν.

620 1608 737 1661 Non
775 1612 1043 1678 omnino;
1082 1630 1189 1667 non
1214 1629 1432 1682 semper
1472 1616 1617 1667 enim
1644 1629 1771 1668 eum
1824 1615 1916 1682 qui
1960 1619 2135 1681 rogat,

2311 1614 2386 1667 Οὐ
2423 1618 2684 1679 πάντως*
2712 1617 2774 1669 οὐ
2817 1616 2926 1686 γὰρ
2966 1614 3247 1685 πανταχοῦ
3287 1616 3379 1668 τδν
3426 1613 3650 1685 δεόμενον
3666 1615 3745 1667 δείο

504 1710 513 1717 ·
547 1702 814 1754 ostendit.
840 1701 955 1755 Non
988 1705 1135 1757 enim
1168 1706 1343 1759 solum
1378 1707 1597 1773 quando
1625 1705 2019 1776 supplicamus,
2042 1706 2135 1759 sed

2245 1722 2417 1760 κνυσι.
2460 1708 2533 1760 Οὐ
2571 1706 2681 1777 γὰρ
2712 1709 2769 1761 έν
2795 1705 2880 1771 οἷς
2917 1707 3243 1777 ἱκετεύομεν
3286 1708 3464 1776 μόνον,
3516 1707 3637 1760 ἀλλὰ
3674 1707 3743 1759 καὶ

548 1796 716 1848 etiam
751 1798 972 1864 quando
1003 1798 1208 1863 gratias
1236 1798 1473 1868 agimus,
1500 1799 1600 1853 hac
1638 1798 1878 1853 dictione
1909 1797 2133 1851 utimur.

552 1883 619 1938 Et
652 1887 754 1940 hoc
782 1903 845 1940 cx
882 1887 1069 1943 multis
1098 1888 1227 1943 sciri
1257 1900 1455 1958 potest,
1483 1901 1535 1945 el
1567 1891 1636 1945 ab
1667 1891 1785 1960 ipsa
1812 1890 1971 1945 etiam
2010 1904 2135 1959 pro-

2238 1797 2296 1850 ὲν
2324 1793 2405 1860 οἷς
2428 1798 2893 1869 εὐχαριστοῦμεν,
2921 1798 3098 1872 ταύτῃ
3133 1799 3391 1869 χρώμεθα
3419 1801 3481 1869 τῇ
3504 1799 3745 1865 λέξεαι(ιὴ

2236 1892 2397 1945 τοῦτο
2436 1890 2595 1961 δῆλον
2630 1891 2989 1962 πολλαχόθεν,
3019 1893 3113 1945 καὶ
3141 1892 3239 1946 ἀπ’
3275 1892 3439 1961 αὐτῆς
3466 1892 3518 1944 δὲ
3542 1891 3625 1961 τῆς
3643 1908 3744 1959 προσ

552 1980 729 2049 posita
781 1980 1054 2035 oratione.
1088 2000 1108 2033 ι
1149 1981 1254 2036 Pro
1312 1984 1396 2038 his
1448 1985 1740 2049 omnibus,
1785 1984 1987 2053 inquit,
2038 1983 2133 2037 tibi

2245 1982 2504 2053 κειμένης
2557 1983 2744 2053 εὐχῆς.
2781 2002 2800 2035 t
2842 1982 3015 2053 ’Υπὲρ
3043 1982 3274 2047 τούτων,
3333 1983 3512 2052 φησιν.
3542 1981 3745 2034 ἁπάντων

554 2072 761 2139 gratias
802 2073 1036 2143 agimus,
1069 2084 1123 2129 et
1165 2074 1451 2145 unigenito
1498 2085 1589 2131 tuo
1630 2075 1767 2131 Filio
1806 2085 1861 2130 et
1903 2075 2131 2146 Spiritui

554 2169 769 2225 sancto,
809 2180 828 2214 ι
865 2177 964 2232 pro
993 2164 1252 2219 omnibus
1287 2181 1405 2235 qua:
1435 2166 1641 2221 scimus
1690 2176 1745 2221 et
1787 2183 1909 2236 quia
1957 2168 2134 2224 nesci-

522 2274 530 2281 ·
560 2269 707 2318 ιιιιιε,
739 2254 834 2308 tibi
868 2256 1070 2326 gratias
1094 2257 1329 2327 agimus.
1360 2259 1584 2327 Agimus
1614 2260 1705 2314 tibi
1730 2261 1934 2327 gratias
1965 2263 2130 2317 etiam

554 2360 657 2414 pro
697 2346 797 2401 hoc
839 2349 1132 2411 sacriﬁcio,
1163 2351 1306 2423 quod
1336 2366 1399 2405 ex
1433 2352 1633 2407 nostris
1670 2355 1922 2409 manibus
1958 2356 2135 2410 susei-

556 2452 686 2507 pere
720 2439 976 2510 tlignatus
1002 2457 1081 2496 es.
1112 2441 1369 2497 Videmus
1404 2445 1544 2498 lianc
1571 2446 1863 2501 dictionem
1902 2449 2131 2517 proponi

558 2532 722 2583 etiam
758 2532 810 2585 in
844 2533 1145 2603 gratiarum
1173 2536 1410 2590 actione.
1444 2535 1521 2591 Ad
1562 2538 1706 2592 hunc
1756 2538 1941 2609 itaque
1980 2555 2135 2594 erro-

558 2634 672 2673 rem
708 2621 854 2676 nulla
890 2625 1219 2699 relinquitur
1245 2629 1552 2683 excusatio.
1587 2630 1661 2684 Ita
1693 2645 1825 2699 ergo
1861 2632 1975 2685 licri
2025 2647 2132 2686 non

556 2720 737 2780 potest
770 2723 829 2769 ut
852 2715 923 2770 sit
954 2718 1343 2787 supplicatoria
1379 2730 1697 2777 sanctorum
1730 2737 2131 2779 commemora-

557 2803 656 2858 tio.
683 2802 817 2859 Eam
847 2816 1031 2862 autem
1080 2813 1289 2865 versari
1335 2812 1389 2867 in
1426 2816 1722 2883 gratiarum
1758 2817 1997 2881 actione,
2035 2816 2138 2873 hoc

557 2892 739 2962 ipsum
775 2898 1034 2963 ostendit,
1063 2903 1205 2969 quod
1239 2918 1345 2958 non
1389 2913 1476 2959 est
1524 2906 1936 2977 supplicatoria.
1991 2906 2134 2962 Duo-

558 2995 684 3034 rum
724 2984 869 3038 enim
908 2986 1136 3043 alterum
1177 3006 1400 3047 necesse
1435 3004 1539 3061 est,
1589 3012 1651 3050 ea
1688 2996 1774 3050 vel
1814 2996 2134 3065 supplicari.

566 3072 649 3125 vel
690 3074 896 3142 gratias
926 3078 1035 3147 agi.
1071 3079 1138 3134 Et
1177 3081 1266 3135 hic
1313 3082 1529 3139 duobus
1558 3087 1733 3143 modis
1783 3089 1927 3157 apud
1966 3088 2136 3145 Dcum

562 3170 1138 3227 commemorationem
1182 3172 1419 3234 faciams
1452 3179 1720 3235 bonorum
1760 3196 1882 3251 quae
1911 3182 2072 3239 nobis
2106 3198 2136 3239 a

560 3252 672 3308 Deo
703 3256 860 3325 ﬁunt,
908 3262 991 3315 vel
1035 3273 1092 3319 ut
1123 3279 1186 3320 ea
1226 3269 1589 3338 accipiamus,
1621 3270 1705 3325 vel
1738 3272 1883 3341 quod
1922 3289 1984 3329 ea
2021 3273 2135 3343 jam

561 3350 962 3419 aCCt‘pel'llliuS.
997 3354 1062 3411 Et
1101 3366 1187 3412 est
1231 3359 1361 3414 illud
1393 3362 1613 3430 quidem
1649 3365 1995 3434 supplicatio,
2031 3368 2137 3424 hoc
2164 3344 2209 3405 ο

563 3451 695 3492 νυτο
730 3442 1029 3507 gratiarum
1071 3448 1238 3504 actio.
1289 3448 1542 3507 Ostendit
1579 3465 1766 3510 autem
1809 3458 1912 3514 boc
1950 3459 2136 3527 etiam,

561 3531 708 3598 quod
741 3532 835 3587 Dei
862 3535 915 3588 in
946 3536 1198 3594 homines
1224 3541 1493 3598 donorum
1524 3545 1594 3600 sit
1631 3548 1788 3618 longe
1837 3552 2136 3607 maximum

559 3634 881 3681 sanctorum
926 3636 1348 3699 consummatio,
1387 3645 1440 3691 et
1486 3638 1609 3695 ideo
1641 3654 1751 3696 non
1798 3641 1900 3713 ipsi
1955 3643 2139 3702 Eccle-

562 3715 697 3770 siam
752 3716 858 3773 hoc
906 3721 1134 3777 nomine
1171 3728 1378 3795 gratias
1427 3743 1611 3799 agere,
1645 3742 1797 3790 esset
1840 3734 2134 3792 nefarium.

563 3809 631 3863 Et
656 3811 787 3881 quid
826 3813 949 3871 dico
990 3831 1113 3873 esse
1137 3818 1409 3878 donorum
1463 3826 1786 3894 maximum,
1816 3838 2137 3887 sanctorum

561 3905 1127 3963 consummationem?
1147 3909 1274 3968 Haec
1294 3923 1441 3970 certe
1469 3925 1552 3971 est
1581 3918 1892 3976 universum
1926 3921 2017 3978 Dei
2036 3924 2137 3978 do-

562 4007 720 4049 num.
773 3995 1032 4055 Omnium
1088 4003 1234 4057 enim
1289 4004 1559 4063 bonorum
1612 4025 1733 4079 quae
1786 4012 1839 4065 in
1889 4022 2136 4069 nostrum

563 4086 691 4145 fecit
728 4107 923 4162 genus,
959 4095 1048 4149 hic
1085 4105 1170 4150 est
1202 4095 1345 4164 linis,
1403 4100 1491 4155 Itic
1539 4101 1772 4166 fructus,
1812 4105 1970 4159 chori
2012 4121 2141 4161 san-

565 4189 802 4243 ctorum,
835 4191 889 4238 ct
919 4183 1020 4239 bac
1044 4185 1113 4241 de
1142 4201 1308 4243 causa
1335 4191 1533 4246 coelum
1559 4194 1737 4272 .nobis
1775 4204 1859 4250 est
1906 4194 2137 4252 fabrica-

568 4283 706 4339 tum,
745 4281 918 4337 terra.
958 4284 1014 4331 et
1059 4281 1324 4352 quidquid
1356 4285 1572 4340 videtur
1610 4305 1625 4354 ;
1664 4298 1949 4358 propterea
1979 4305 2141 4361 para-

568 4364 742 4432 disus,
779 4378 1065 4438 propterea
1093 4372 1207 4442 ipse
1242 4375 1387 4432 Deus
1418 4378 1471 4432 in
1503 4393 1690 4442 carne,
1718 4388 1774 4433 et
1800 4378 1899 4434 Dei
1925 4395 2140 4438 sermo-

571 4473 672 4513 nes
703 4469 756 4514 et
788 4475 976 4532 opera,
1003 4475 1058 4519 et
1098 4468 1404 4536 passiones,
1431 4480 1487 4524 et
1521 4486 1693 4535 mors,
1730 4480 1788 4526 ut
1817 4487 1847 4527 a
1880 4481 2025 4529 terra
2083 4475 2139 4530 in

570 4551 769 4609 rmlum
835 4556 1067 4628 migrent
1120 4560 1394 4626 homines,
1437 4572 1492 4617 et
1525 4564 1675 4633 regni
1712 4565 1858 4633 quod
1890 4564 2004 4622 illic
2054 4577 2140 4623 est

571 4644 703 4701 liant
733 4647 993 4706 ltmredcs.
1035 4652 1090 4707 Si
1123 4661 1208 4709 est
1234 4669 1364 4721 ergo
1397 4656 1624 4710 omnino
1666 4656 1965 4725 gratiarum
1998 4659 2141 4715 actio

570 4738 625 4792 in
658 4755 820 4796 sacro
852 4745 1139 4813 mysterio,
1186 4755 1239 4800 et
1272 4746 1389 4800 Ita'c
1417 4749 1561 4800 dona
1592 4756 1703 4800 tam
1735 4747 1790 4801 in
1841 4749 2140 4817 gratiarum

568 4833 786 4891 actione
809 4850 974 4906 quam
1003 4837 1057 4892 in
1115 4838 1515 4909 supplicatione
1564 4848 1869 4917 versantur,
1921 4843 2145 4900 omnino

573 4940 800 4983 necesse
828 4939 911 4984 est
949 4930 1248 5000 gratiarum
1298 4929 1634 5004 agendarum
1681 4940 1737 4985 ct
1782 4947 2051 4989 summam
2090 4944 2146 4991 et

570 5032 794 5074 causam
816 5021 1109 5092 esseipsos
1145 5030 1368 5077 sanctos
1392 5030 1805 5077 consummatos

643 5200 881 5259 Omnino
911 5210 1092 5259 autem
1122 5201 1251 5271 quid
1273 5202 1325 5256 in
1353 5201 1508 5258 nobis
1534 5216 1697 5258 causa
1726 5213 1807 5259 est
1837 5208 2135 5275 gratiarum

573 5295 805 5349 actionis
828 5336 843 5357 ,
876 5310 944 5348 an
976 5309 1086 5348 non
1117 5294 1264 5362 quod
1293 5294 1670 5363 acceperimus
1695 5298 1838 5365 quod
1871 5298 2146 5367 petimus?

575 5385 762 5440 Cuivis
793 5385 898 5439 hoc
926 5384 1132 5438 clarum
1167 5394 1269 5439 est.
1304 5383 1447 5455 Ergo
1466 5385 1606 5440 idem
1626 5397 1708 5441 est
1736 5398 1962 5458 prepter
1994 5388 2142 5459 quod

576 5479 781 5545 gratias
826 5475 1065 5543 agimus,
1097 5487 1150 5528 et
1185 5478 1328 5544 quod
1378 5477 1635 5545 petimus.
1668 5478 1812 5544 Quid
1849 5494 1981 5549 ergo
2010 5481 2147 5549 petit

572 5582 602 5620 a
657 5566 767 5621 Deo
815 5565 1097 5619 Ecclesia?
1140 5565 1294 5633 Quod
1344 5569 1410 5624 ab
1464 5570 1582 5639 ipso
1626 5582 1811 5640 petere
1852 5572 2006 5640 jussa
2038 5580 2143 5625 est.

578 5657 703 5725 eius
746 5670 996 5725 regnum,
1030 5658 1279 5715 videlicet
1303 5675 1357 5716 ut
1388 5662 1570 5717 lideles
1593 5662 1713 5732 ejus
1734 5661 2102 5717 sintbazredes
2129 5679 2144 5716 :

579 5758 641 5801 ut
675 5746 806 5800 ﬁant
835 5746 1030 5809 sancti,
1065 5750 1208 5807 sicut
1242 5753 1286 5807 is
1306 5754 1398 5823 qui
1426 5769 1518 5809 eos
1538 5753 1771 5817 vocarit,
1800 5761 2023 5807 sanctus
2043 5763 2146 5821 est,

581 5839 645 5893 Si
683 5840 796 5892 licet:
825 5850 1009 5893 autem
1040 5857 1069 5896 a
1106 5843 1214 5899 Deo
1242 5856 1397 5916 regat
1438 5856 1491 5902 et
1532 5846 1793 5916 postulat,
1827 5845 2036 5900 clarum
2065 5856 2149 5902 est

584 5931 734 6001 quod
783 5947 882 6004 pro
934 5922 1021 5988 iis'
1046 5938 1177 6006 ipsis
1212 5952 1427 6010 quoque
1462 5938 1570 6010 agit
1623 5920 1847 6010 gratias.
1902 5936 2034 5994 Orat
2089 5945 2148 5994 ut

2170 4698 2220 4758 Ι)

2238 2074 2674 2144 εὐχαριστοῦμέν
2693 2091 2799 2139 σοι,
2834 2074 2930 2128 καὶ
2956 2073 3033 2142 τῷ
3061 2076 3343 2142 μονογενεῖ
3392 2089 3481 2127 σου
3508 2070 3630 2141 Υῐῷ,
3678 2070 3747 2124 καὶ

2234 2166 2312 2238 τῷ
2340 2167 2614 2237 Πνεύματί
2643 2186 2735 2223 σου
2764 2169 2841 2238 τῷ
2865 2168 3025 2239 ἁγίῳ,
3068 2187 3086 2220 ι
3146 2167 3288 2237 ὑπὲρ
3320 2168 3525 2221 πάντα)
3544 2159 3608 2217 ὧν
3628 2164 3749 2232 ἴσμεν

2236 2263 2331 2314 και
2361 2254 2434 2315 ὧν
2482 2262 2583 2315 οὐκ
2648 2264 2832 2332 ίσμεν,
2889 2261 3329 2331 εὐχαριστοῦμεν
3380 2275 3491 2312 σοι’
3530 2258 3613 2311 καὶ
3644 2255 3747 2325 ὑπὲρ

2235 2354 2337 2422 τῆς
2367 2352 2718 2425 λειτουργίας
2743 2354 2972 2424 ταύτης,
3029 2353 3089 2424 ἣν
3120 2355 3183 2406 ὲκ
3247 2352 3357 2406 τῶν
3407 2353 3590 2431 χειρῶν
3631 2350 3748 2419 ἡμῶν

2235 2444 2493 2509 δέξασθαι
2525 2444 2895 2515 κατηξίωσας.
2940 2447 3107 2516 ὐρᾷς
3128 2445 3228 2518 τὴν
3261 2445 3451 2513 (ὑπὲρ)
3484 2441 3749 2509 nitrati};

2238 2534 2586 2603 εὐχαριστίας
2622 2535 2913 2604 κειμένηνς
2946 2535 3154 2588 Οὐκοῦν
3184 2536 3320 2603 πρὸς
3337 2534 3430 2605 τὴν
3456 2529 3751 2602 niam-.15-

2235 2641 2335 2692 την
2358 2624 2586 2694 οὐδεμία
2631 2624 3021 2679 καταλείπεται
3057 2626 3351 2694 πρότασις.
3403 2624 3547 2677 Οῦτω
3584 2624 3665 2692 μὲν
3682 2619 3750 2672 οὖν

2238 2716 2503 2770 ἀδύνατον
2536 2716 2742 2770 ἱκέσιον
2768 2713 3033 2787 εἶναιτὴν
3067 2719 3200 2788 περὶ
3231 2720 3337 2770 τῶν
3372 2718 3536 2784 ἁγίων
3553 2715 3747 2785 μνήμην.

2241 2791 2365 2860 ’Ότι
2397 2806 2452 2860 δὲ
2492 2807 2852 2878 χαριστήριός
2882 2809 3024 2873 ἐστι,
3065 2809 3347 2862 δείκνυσιν
3380 2808 3505 2860 αὐτὸ
3556 2805 3687 2859 τοῦτο
3708 2801 3751 2853 tl)

2243 2898 2319 2969 μὴ
2349 2895 2494 2953 εἶναι
2529 2901 2753 2954 ἱκέσιον.
2816 2900 3060 2971 ’Δνάγκη
3109 2902 3222 2972 γὰρ
3273 2902 3417 2955 δυοῖν
3471 2901 3685 2966 θάτερον,
3724 2893 3748 2961 ἦ

2243 2987 2448 3041 ἱκέσιον
2484 2985 2644 3055 εἶναι,
2681 2990 2712 3061 ἢ
2764 2994 3166 3062 χαριστήριονυ
3218 2994 3307 3046 ὅτι
3362 2994 3496 3045 κατὰ
3538 2990 3648 3052 τοὺς
3682 2986 3751 3039 δύο

2243 3081 2405 3150 μόνον
2427 3081 2660 3145 τούτους
2688 3083 2928 3153 τρόπους
2970 3082 3305 3154 μεμνήμεθα
3361 3083 3493 3153 πρὸς
3533 3081 3615 3136 τὸν
3652 3077 3755 3131 Θεὸν

2238 3173 2351 3228 τῶν
2383 3176 2516 3244 παρ’
2553 3176 2766 3230 ἐκείνου
2792 3178 3106 3246 γενομένων
3162 3178 3299 3247 ἡμῖν
3345 3175 3578 3245 ἀγαθῶν,
3624 3173 3651 3241 ἢ
3688 3170 3754 3223 ira

2244 3265 2503 3338 λάϐωμεν
2553 3269 2778 3340 αὐτὰ,ἢ
2827 3269 2908 3322 ὅτι
2963 3268 3064 3339 ἤδη
3121 3268 3410 3337 ἐλάϐομεν.
3459 3268 3561 3321 Καὶ
3596 3262 3648 3317 τδ
3681 3261 3755 3329 μὲν

2243 3358 2391 3416 ἐστιν
2427 3360 2704 3425 ίκεσία,τδ
2729 3360 2785 3415 δὲ
2832 3354 3177 3432 εὐχαριστία.
3235 3363 3482 3415 Δείκνυσι
3528 3357 3581 3412 δὲ
3615 3356 3689 3409 καὶ
3712 3349 3756 3405 τὸ

2244 3451 2435 3505 πασῶν
2466 3452 2736 3522 μεγίστην
2782 3447 2925 3505 εῖναι
2984 3453 3094 3505 τῶν
3134 3451 3232 3505 τοῦ
3284 3452 3419 3505 Θεοῦ
3467 3447 3667 3520 δωρεῶν
3696 3444 3756 3502 εἱς

2242 3545 2371 3608 τούς
2405 3544 2730 3615 ἀνθρώπους
2769 3544 2870 3615 τὴν
2901 3545 3012 3598 τῶν
3035 3544 3210 3612 ἁγίων
3250 3542 3543 3598 τελείωσιν.
3572 3539 3665 3592 Καὶ
3691 3534 3758 3588 διὰ

2243 3634 2402 3688 τοῦτο
2427 3636 2501 3705 μὴ
2534 3635 2769 3706 χάριτας
2798 3635 3090 3704 ὁμολογεῖν
3134 3634 3289 3707 αὐτῷ
3336 3636 3435 3707 τὴν
3478 3629 3759 3698 Ἐκκλησίαν

2244 3727 2375 3797 περὶ
2403 3726 2607 3793 αὐτῶν,
2653 3727 2729 3798 μὴ
2774 3726 2999 3796 θεμιτὸν
3029 3725 3191 3782 εἶναι.
3225 3729 3337 3783 Καὶ
3365 3729 3417 3781 τί
3440 3727 3574 3794 λέγω
3608 3718 3759 3790 μεγίσ-

2243 3836 2344 3891 την
2374 3819 2485 3872 τῶν
2517 3818 2612 3872 τοῦ
2640 3819 2776 3873 Θεοῦ
2827 3819 3049 3890 δωρεῶν
3073 3822 3176 3889 τὴν
3223 3820 3334 3877 τῶν
3376 3820 3539 3889 ἁγίων
3588 3811 3763 3868 τελείω-

2248 3929 2372 3979 σιν;
2403 3910 2552 3982 Αὕτη
2599 3910 2700 3981 μὲν
2732 3910 2827 3967 οῦν
2854 3914 3003 3966 ἐστιν
3030 3913 3219 3966 ἅπασα
3252 3915 3285 3984 ἡ
3312 3912 3403 3968 τοῦ
3434 3911 3560 3965 Θεοῦ
3593 3903 3754 3975 δωρεά.

2248 4004 2473 4059 Πάντων
2506 4004 2614 4071 γὰρ
2630 3998 2705 4058 ὧν
2725 4005 2804 4067 είς
2833 4003 2895 4057 τδ
2920 4006 3078 4071 γένος
3108 4003 3269 4073 ἡμῶν
3290 4004 3542 4073 ἐποίησεν
3561 3996 3758 4069 ἀγαθῶν.

2245 4094 2404 4150 τοῦτό
2425 4096 2544 4149 ἐστι
2575 4095 2637 4149 τὺ
2665 4093 2839 4159 τέλος,
2892 4095 3054 4164 τοῦτο
3108 4097 3345 4167 καρπὸς,
3399 4096 3446 4149 oi
3501 4093 3638 4165 χοροὶ
3679 4087 3763 4141 τῶν

2245 4185 2418 4253 ἁγίων
2439 4201 2453 4217 ο
2483 4185 2580 4239 καὶ
2614 4183 2810 4238 τούτου
2835 4184 3002 4238 ἕνεκα
3056 4184 3288 4252 οὐρανὸς
3341 4185 3472 4254 ἡμῖν
3521 4181 3767 4249 ἐδημιουρ-

2245 4277 2390 4348 γήθη
2417 4275 2535 4350 ἱτρο
2583 4274 2947 4348 impubem,
2980 4275 3077 4330 καὶ
3105 4276 3139 4346 ἡ
3172 4276 3267 4344 γῆ,
3309 4277 3404 4329 καὶ
3440 4273 3499 4328 τδ
3531 4270 3766 4342 ὁρώμενον

2248 4369 2415 4425 ἅπαν.
2465 4369 2569 4424 Διὰ
2595 4370 2757 4425 τοῦτο
2781 4371 3116 4441 παράδεισος
3140 4386 3154 4400 °
3181 4370 3276 4425 διὰ
3305 4370 3463 4425 τοῦτο
3494 4363 3767 4441 προφῆται·

2246 4462 2335 4516 διὰ
2376 4465 2535 4517 τοῦτο
2559 4462 2723 4527 αὐτὸς
2755 4464 2784 4517 ό
2817 4462 2953 4527 Θεὸς
2981 4464 3039 4517 ιν
3073 4466 3264 4534 σαρκὶ,
3304 4464 3400 4518 καὶ
3458 4461 3583 4516 Θεοῦ
3621 4457 3766 4522 λόγος.

2248 4554 2346 4608 καὶ
2375 4553 2535 4625 ἔργα,
2566 4555 2664 4608 καὶ
2683 4554 2859 4626 πάθη,
2894 4556 2991 4609 καὶ
3044 4555 3296 4620 θάνατος’
3327 4556 3413 4609 ἶνα
3446 4553 3549 4608 ἀπὸ
3583 4550 3670 4619 τῆς
3690 4546 3770 4613 γῆς

2249 4647 2329 4711 είς
2353 4646 2444 4700 τὸν
2475 4648 2706 4718 οὐρανὸν
2761 4648 3166 4719 μετοικὴσωσιν
3226 4648 3523 4719 ἄνθρωποι,
3568 4643 3654 4697 καὶ
3693 4637 3771 4703 τῆς

2249 4738 2368 4792 ἐκεῖ
2419 4737 2700 4808 βασιλείας
2762 4739 3031 4806 γένωνται
3094 4738 3447 4810 κληρονόμοι.
3512 4736 3571 4790 Ei
3624 4728 3772 4786 τοίνυν

2250 4830 2389 4889 ὅλως
2417 4830 2739 4902 εὐχαριστία
2763 4832 2915 4884 ἐστὶν
2937 4832 2995 4886 έν
3018 4834 3085 4903 τῇ
3136 4831 3353 4903 τελετῇ,
3410 4827 3504 4884 καὶ
3546 4826 3608 4881 τὰ
3650 4822 3772 4891 δῶρα

2252 4922 2425 4977 ταῦτα
2470 4926 2826 4995 χαριστήρια,
2878 4925 3133 4995 καθάπερ
3200 4927 3403 4991 ἱκέσια,
3429 4926 3571 4978 πᾶσα
3592 4917 3772 4984 ἀνάγκη

2249 5016 2312 5069 τὸ
2335 5016 2630 5084 κεφάλαιον
2647 5020 2747 5087 τῆς
2777 5019 3154 5089 εὐχαριστίας,
3183 5021 3274 5072 καὶ
3294 5021 3393 5091 τὴν
3415 5015 3669 5089 ἀφορμὴν,
3696 5007 3774 5062 αὖα

2250 5109 2380 5170 τοὺς
2401 5105 2541 5162 εἶναι
2566 5109 2694 5171 τούς
2731 5108 3124 5173 τελειωθέντας
3157 5110 3358 5179 ἁγίοις.

2324 5198 2502 5264 ὀλως
2517 5199 2575 5253 δὲ
2601 5200 2655 5252 τί
2671 5202 2788 5253 ἐστι
2811 5200 2872 5252 τὸ
2893 5199 3082 5253 ποιοῦν
3105 5200 3164 5252 ὲν
3181 5202 3309 5270 ἡμῖν
3332 5202 3429 5272 τὴν
3447 5193 3772 5269 commm-

2250 5291 2313 5346 οὐ
2345 5291 2406 5345 τὸ
2426 5293 2621 5354 αἰτεῖν,
2641 5293 2734 5344 καὶ
2758 5292 2945 5345 λαϐεῖν
2977 5293 3110 5363 ὅπερ
3128 5293 3386 5361 αἰτοῦμεν
3411 5307 3424 5356 ;
3455 5292 3518 5345 Τί
3548 5285 3632 5342 οὖν
3652 5277 3775 5350 παρὰ

2251 5385 2343 5438 τοῦ
2376 5383 2509 5437 Θεοῦ
2532 5387 2564 5453 ἡ
2603 5384 2908 5455 Ἐκκλησία
2936 5386 3171 5438 αἰτεῖται
3200 5402 3215 5451 ;
3250 5386 3430 5454 Ὅπερ
3454 5383 3618 5437 αίτεῖν
3648 5371 3773 5440 rupi

2252 5475 2421 5530 αὐτοῦ
2445 5475 2766 5545 ἐκελεύσθη,
2805 5477 2905 5547 τὴν
2937 5474 3222 5545 βασιλείαν
3246 5475 3412 5531 αὐτοῦ
3445 5471 3684 5543 δηλονότι,
3705 5463 3775 5549 ira

2253 5567 2303 5621 οι
2327 5567 2510 5621 πιστοὶ
2543 5567 2751 5637 ταύτης
2785 5568 3291 5639 κληρονομήσωσιν·
3331 5567 3418 5621 ἵνα
3448 5567 3593 5654 ἅγιοι
3606 5559 3778 5654 γίνωνί

2253 5677 2367 5724 ται,
2402 5660 2540 5713 κατὰ
2568 5659 2660 5713 τὸν
2712 5661 3020 5714 καλέσαντα
3074 5660 3251 5729 ἅγιον.
3297 5659 3360 5713 Εἰ
3411 5658 3464 5711 δὲ
3515 5653 3669 5709 ταῦτα
3701 5653 3776 5699 τοῦ

2254 5754 2390 5807 Θεοῦ
2424 5753 2715 5808 δεῖταικαὶ
2754 5752 3011 5817 ἱκετεύει,
3068 5749 3344 5821 πρόδηλον·
3384 5750 3464 5804 ἔτι
3526 5746 3608 5799 καὶ
3658 5736 3777 5802 ὑπὲρ

2256 5844 2437 5899 αὐτῶν
2462 5844 2671 5899 τούτων
2700 5846 3038 5915 εὐχαριστεῖ·
3067 5843 3287 5916 ε’ύχεται
3334 5845 3452 5904 τοὺς
3489 5832 3693 5893 πιῦτῦῦς
3729 5828 3777 5877 έν

2257 5939 2535 6011 ἁγιωσύνῃ
2596 5938 2963 6010 τελειωθῆναι,
2996 5941 3209 5995 mea:
3226 5937 3376 5993 τοῦτο
3402 5934 3521 6004 περὶ
3558 5926 3654 5982 τῶν
3695 5918 3777 5989 ἢδη
