4030 6458
228 331 323 400 Hi

1428 330 1828 393 LITURGIE
1868 330 2300 391 EXPOSITiO.

3388 338 3498 401 48:?

221 448 617 502 τελειωθέντων
641 447 819 517 ἁγίων
850 446 929 519 τῷ
954 446 1314 502 τελειώσαντι
1346 446 1580 517 χάριτας
1606 444 1800 515 ὁμολο-

1927 442 2092 496 itleles
2138 445 2190 497 in
2224 444 2514 500 sanctitate
2572 446 2952 515 pet-liriantur,
2993 454 3041 500 et
3077 458 3364 519 propterea
3398 468 3500 522 pro

224 541 343 608 γεῖν
386 538 695 597 ἀκόλουθόν
722 542 874 593 ἐστιν
906 540 969 606 ἐξ
994 541 1261 609 ἀνάγκης.
1316 540 1416 592 Διὰ
1469 536 1675 605 ταύτην
1707 535 1807 605 τὴν

223 632 364 702 (acip
392 630 502 684 τῶν
541 631 718 698 ἁγίων
748 632 1127 703 εὐχαριστίαν,
1167 632 1201 701 ἡ
1237 630 1387 698 αὐτὴ
1423 627 1614 698 τελετὴ
1648 628 1808 696 εὐχα-

229 722 408 795 ριστία
446 722 716 777 καλεῖται·
750 724 799 777 εἰ
830 723 940 793 γὰρ
961 722 1057 776 καὶ
1092 721 1271 776 ἄλλων
1294 718 1539 775 ἐνταῦθα
1595 720 1807 773 πολλῶν

235 819 523 889 μέμνηται,
560 816 679 871 ἀλλ’
710 816 762 870 οἱ
789 815 938 884 ἅγιοι
960 815 1022 869 τὸ
1052 815 1205 877 τέλος
1229 798 1513 880 ἁπάντων,
1528 815 1627 866 καὶ
1666 813 1807 882 ὑπὲρ

239 905 315 966 ὧν
346 911 519 964 ἐκεῖνα
538 908 809 981 ζητεῖται·
842 909 964 962 ὅθεν
991 908 1123 960 ὅταν
1155 906 1296 976 ὑπὲρ
1320 904 1548 959 ἐκείνων
1575 905 1808 975 εὐχαρι-

239 1006 357 1074 στῇ,
395 1003 531 1073 ὑπὲρ
559 1003 662 1071 τῆς
688 999 1025 1063 τελειώσεως
1071 999 1182 1052 τῶν
1239 997 1416 1066 ἁγίων
1472 999 1807 1067 εὐχαριστεῖ.

238 1093 492 1163 Καθάπερ
521 1094 631 1164 γὰρ
658 1093 687 1145 6
720 1091 928 1162 Κύριος
958 1091 1059 1144 ὅσα
1105 1089 1384 1160 εποίησεν,
1439 1089 1528 1143 ἵνα
1560 1092 1806 1159 συστήσῃ

234 1187 321 1238 τὸν
341 1185 451 1238 τῶν
486 1184 657 1253 ἁγίων
688 1183 876 1254 χορὸν,
900 1182 1179 1251 ἐποίησεν·
1208 1180 1355 1235 οὕτω
1377 1182 1525 1252 καὶὴ
1573 1180 1808 1251 Ἐκκλη-

231 1279 319 1331 σία
343 1278 411 1331 ἐν
436 1273 519 1342 οἷς
548 1278 715 1330 αὐτὸν
745 1277 888 1348 ὑπὲρ
911 1265 1138 1329 ἐπείνων
1163 1274 1421 1329 ἁπάντων
1445 1275 1639 1345 ὑμνεῖ,
1678 1275 1807 1343 πρὸς

224 1376 317 1429 τὸν
352 1375 519 1445 χορὸν
550 1373 832 1445 βλέπουσα
867 1373 978 1425 τῶν
1017 1372 1193 1440 ἁγίων
1219 1372 1377 1425 τοῦτο
1399 1372 1562 1424 ποιεῖ.
1604 1368 1807 1424 Τούτου

223 1468 388 1538 χάριν
411 1468 503 1521 ὅτε
532 1466 822 1536 παρεδίδου
871 1465 1029 1518 τοῦτο
1058 1466 1139 1539 ab
1177 1466 1481 1535 μυστήριον
1529 1466 1556 1517 6
1584 1464 1807 1533 Σωτὴρ,

222 1557 572 1627 εὐχαριστῶν
602 1556 680 1625 τῷ
711 1557 886 1625 Πατρὶ
916 1554 1222 1624 παρεδίδου.
1253 1555 1335 1607 ὄτι
1368 1554 1437 1608 δι’
1458 1553 1624 1607 αὐτοῦ
1649 1554 1809 1622 ἐμελ-

222 1649 313 1717 λξν
349 1649 484 1717 ἡμῖν
516 1647 752 1713 ἀνοίγειν
784 1648 873 1699 τὸν
897 1646 1150 1716 οὐρανὸν,
1187 1646 1284 1697 καὶ
1320 1643 1528 1713 ταύτην
1569 1644 1668 1714 τὴν
1695 1661 1805 1696 πα-

223 1739 456 1808 νήγυριν
484 1737 564 1808 τῷ
593 1736 927 1808 πρωτοτόκῳ
962 1736 1215 1801 συνάγειν
1249 1736 1389 1789 ἐκεῖ.
1414 1734 1612 1788 Τοῦτον
1634 1735 1807 1804 ήἘκο

228 1827 430 1898 κλησία
463 1829 803 1899 μιμουμένη,
828 1828 927 1897 οὐχ
961 1827 1164 1881 ἱκέσιον
1196 1827 1378 1896 μόνον,
1413 1827 1551 1881 ἀλλὰ
1580 1828 1676 1879 καὶ
1703 1843 1776 1897 χα
1795 1856 1807 1866 -

231 1919 515 1989 ριστήριον
549 1917 646 1990 τὴν
708 1916 1112 1989 προσταγωγὴν
1154 1919 1394 1971 ποιεῖται
1438 1917 1549 1969 τῶν
1597 1916 1805 1986 δώρων.

230 2011 336 2064 Καὶ
358 2009 524 2064 τοῦτο
552 2009 763 2064 δείκυσι
792 2009 892 2077 μὲν
917 2008 1217 2080 ἑτέρωθεν,
1252 2008 1488 2076 μάλιστα
1508 2008 1567 2062 δὲ
1584 2009 1691 2061 ἀπὸ
1711 2009 1810 2076 τῆς

237 2103 422 2173 εὐχῆς,
454 2095 581 2175 ὲνῇ
619 2118 739 2166 πως
790 2103 818 2154 6
842 2099 1043 2162 σκοπὸς
1089 2100 1404 2170 περιέχεται
1448 2100 1547 2170 τῆς
1588 2100 1807 2169 ἱερουρ-

241 2196 381 2262 γίας.
404 2194 803 2264 Διηγησαμένη
848 2192 959 2262 γάρ
982 2190 1195 2244 ἅπαντα
1222 2190 1291 2243 τὰ
1336 2191 1489 2260 παρὰ
1543 2191 1639 2262 τοῦ
1675 2189 1811 2243 Θεοῦ

235 2284 452 2338 δοθέντα
487 2284 636 2354 ὑμῖν,
669 2285 762 2338 καὶ
789 2285 930 2357 ὑπὲρ
960 2289 1102 2342 πάντ
1115 2306 1194 2341 ων
1226 2289 1693 2358 εὐχαριστήσασα,
1717 2288 1813 2340 καὶ⁸

235 2377 542 2430 τελευταῖον
599 2376 906 2447 προσθεῖσα
943 2380 1044 2448 τὴν
1072 2379 1165 2433 τοῦ
1215 2379 1425 2451 Κυρίου
1482 2380 1571 2432 διὰ
1605 2379 1811 2448 σαρκὸς

236 2466 555 2537 παρουσῑαν,
584 2468 681 2519 καὶ
717 2467 820 2538 τὴν
869 2469 964 2522 τοῦ
992 2470 1296 2541 μυστηρίου
1354 2471 1671 2541 παράδοσιν,
1720 2472 1816 2524 καὶ

234 2560 307 2622 ὡς
336 2558 642 2613 ἐνετείλατο
667 2559 764 2613 καὶ
791 2561 937 2630 ἡμᾶς
963 2561 1121 2614 τοῦτο
1149 2564 1345 2627 ποιεῖν,
1380 2562 1652 2632 ἐπήγαγε,
1713 2577 1812 2630 με-

238 2651 500 2721 μνημένοι
530 2650 710 2705 τοίνυν
752 2650 851 2720 τῆς
886 2653 1152 2723 σωτηρίου
1204 2653 1411 2721 ταύτης
1448 2651 1687 2722 ἐντολῆς,
1724 2654 1818 2705 καὶ

235 2745 455 2797 πάντων
484 2743 593 2796 τῶν
616 2742 758 2812 ὑπὲρ
786 2743 943 2813 ἡμῶν
971 2744 1305 2812 γενομένων,
1332 2742 1427 2797 τοῦ
1458 2742 1697 2812 σταυροῦ
1722 2744 1817 2797 καὶ

234 2836 380 2906 ἑξῆςο
418 2836 598 2888 πάντα
650 2835 1001 2900 καταλέξασα
1055 2836 1199 2905 μετὰ
1258 2836 1351 2889 τὸν
1386 2835 1640 2905 σταυρὸν,
1697 2832 1821 2889 εῐτά

236 2945 388 2998 φησι,
477 2943 496 2977 t
539 2927 621 2978 Τὰ
689 2925 759 2980 σὰ
813 2927 876 2979 ὲκ
934 2926 1044 2979 τῶν
1114 2927 1222 2979 σῶν
1276 2926 1360 2979 σοὶ
1435 2926 1819 2997 προσφέρομεν

234 3018 351 3090 Ιγρ.
386 3018 817 3089 προσφέροντες]
863 3018 1004 3072 κατὰ
1036 3018 1233 3082 πάντα,
1266 3019 1360 3071 καὶ
1391 3017 1479 3070 διὰ
1527 3019 1707 3071 πάντα
1759 3033 1819 3071 σε

1912 535 2119 589 sanctis
2143 535 2258 604 jam
2294 535 2556 605 perfectis
2587 548 2641 592 et
2689 538 3115 605 consummatis,
3150 540 3199 594 ei
3246 545 3339 612 qui
3376 559 3499 613 per-

1914 626 2062 688 fecit,
2098 628 2304 695 gratias
2340 642 2502 695 agerc
2540 636 2623 681 est
2669 629 2984 681 necessario
3035 642 3500 686 consentaneum.

1915 720 2138 788 Propter
2174 718 2316 771 hanc
2348 735 2446 787 pro
2477 727 2676 772 sanctis
2705 721 3005 787 gratiarum
3068 725 3340 777 actionem
3400 726 3501 779 hoc

1911 822 2130 862 sacrum
2169 809 2489 878 mysterium
2542 808 2888 863 Eucltaristia
2922 810 3147 865 dicitttr.
3194 813 3307 866 Etsi
3353 829 3500 867 eunti

1912 895 2144 949 aliorum
2190 911 2412 965 quoque
2441 897 2742 951 multorum
2796 898 2886 951 hic
2926 899 3259 955 mentionem
3311 901 3496 964 faciat,

1911 987 2083 1039 sancti
2118 994 2297 1039 tamen
2331 997 2457 1040 sunt
2496 987 2618 1040 linis
2671 987 2933 1051 omnium,
2976 998 3030 1042 el
3060 1004 3158 1058 pro
3182 992 3382 1058 quibus
3410 993 3499 1044 illa

1912 1081 2197 1141 petuntur.
2241 1070 2393 1126 Unde
2424 1075 2648 1143 quando
2688 1090 2787 1143 pro
2824 1076 2932 1128 illis
2981 1078 3094 1145 agit
3126 1080 3354 1147 gratias,
3383 1093 3497 1149 agit

1912 1166 2118 1233 gratias
2155 1180 2252 1235 pro
2270 1174 2588 1221 sanctorum
2624 1165 2991 1234 perfeCtione.
3020 1171 3493 1233 Quemadmodum

1912 1256 2060 1311 enim
2090 1272 2432 1328 quaecunque
2474 1258 2605 1312 fecit
2634 1257 2924 1324 Dominus,
2946 1275 3008 1313 ea
3043 1261 3165 1315 frcit
3187 1271 3245 1316 ttt
3269 1264 3496 1317 chorum

1914 1356 2233 1401 sanctorum
2267 1356 2560 1411 statueret,
2597 1348 2670 1402 ita
2702 1349 2869 1401 etiam
2923 1347 3189 1416 Ecclesia,
3220 1350 3312 1403 ubi
3346 1346 3496 1402 illum

1914 1439 2102 1493 laudat
2131 1454 2229 1508 pro
2277 1439 2553 1501 omnibus,
2585 1441 2656 1492 ad
2680 1447 3008 1493 sanctorum
3048 1440 3276 1493 chorum
3330 1442 3503 1506 reSpi-

1915 1532 2066 1586 ciens
2114 1529 2220 1585 hoc
2251 1532 2380 1601 agit.
2439 1530 2513 1584 Ea
2549 1532 2616 1583 de
2648 1546 2814 1585 causa
2848 1531 3070 1598 quando
3106 1532 3332 1585 tradidit
3375 1531 3500 1585 Ser-

1916 1633 2072 1677 vator
2103 1633 2537 1687 sacramentum,
2580 1623 2724 1676 i’atri
2783 1624 2991 1690 gratias
3034 1637 3201 1692 agens
3245 1622 3497 1687 tradidit,

1918 1717 2062 1787 quod
2102 1731 2197 1784 per
2246 1714 2425 1783 ipsum
2471 1715 2632 1769 nobis
2681 1715 2880 1769 caelum
2914 1723 3061 1770 esset
3095 1723 3413 1784 aperturas,
3449 1727 3505 1770 et

1912 1809 2058 1863 hunc
2108 1805 2599 1876 primogenitorum
2637 1815 2842 1859 coetum
2886 1806 2995 1859 illic
3043 1816 3500 1875 cnngregaturus.

1913 1902 2049 1957 Eum
2101 1900 2327 1952 imitans
2376 1897 2645 1961 Ecclesia,
2696 1913 2804 1952 non
2845 1898 3023 1952 solum
3071 1898 3500 1966 supplicantem.

1911 1993 2007 2048 sed
2039 1992 2202 2046 etiam
2240 1991 2447 2059 gratias
2473 1997 2723 2058 agentem
2762 1987 2893 2041 facit
2933 1987 3208 2041 donorum
3259 1988 3499 2043 oblatio-

1912 2098 2062 2139 nem.
2099 2082 2163 2135 Et
2197 2082 2299 2135 hoc
2330 2080 2548 2151 quidem
2579 2079 2800 2133 aliunde
2831 2079 3094 2143 ostendit,
3140 2079 3378 2132 maxime
3406 2093 3502 2131 au-

1915 2186 2020 2231 tem
2075 2190 2140 2230 ex
2196 2173 2464 2236 oratione,
2509 2170 2562 2226 in
2616 2187 2724 2240 qua
2778 2171 2947 2227 totius
2995 2170 3252 2226 sacriﬁcii
3299 2185 3499 2239 scopus

1914 2268 2252 2323 continetur.
2312 2263 2447 2320 Cum
2501 2264 2649 2317 enim
2706 2261 3079 2317 recensuisset
3135 2260 3327 2313 omnia
3381 2274 3506 2329 qua:

1916 2358 2132 2427 nobisa
2169 2357 2278 2410 Deo
2304 2355 2428 2409 data
2457 2363 2609 2414 sunt,
2645 2362 2699 2407 et
2732 2354 2939 2424 gratias
2966 2352 3166 2422 egisset
3195 2368 3294 2423 pro
3325 2353 3507 2408 omni-

1918 2453 2040 2511 bus,
2107 2456 2162 2503 et
2240 2438 2518 2516 postremo
2577 2443 2882 2497 addidisset
2952 2441 3173 2496 Domini
3235 2443 3290 2495 in
3339 2456 3507 2495 carne

1920 2544 2240 2603 adventum,
2291 2549 2345 2592 et
2394 2536 2559 2604 hujus
2616 2533 2950 2588 sacramenti
3008 2531 3395 2595 traditionem,
3450 2539 3507 2583 et

1920 2633 2067 2704 quod
2115 2630 2272 2686 nobis
2323 2645 2545 2699 quoque
2585 2628 2691 2681 hoc
2718 2626 2883 2695 jussit
2921 2624 3123 2683 facere.
3163 2623 3497 2690 subjuuxit:

1918 2723 2293 2782 Recordantcs
2323 2734 2454 2788 ergo
2491 2716 2756 2771 salutaris
2791 2715 2959 2785 hujus
2989 2716 3270 2783 praecepti,
3300 2722 3354 2766 et
3388 2728 3508 2765 um-

1921 2818 2075 2873 nium
2123 2831 2244 2886 qua:
2280 2827 2379 2883 pro
2425 2810 2581 2866 nobis
2624 2809 2769 2864 facta
2826 2816 2974 2872 sunt,
3011 2807 3214 2870 crucis,
3264 2815 3398 2871 ctc.,
3452 2816 3510 2859 et

1922 2908 2268 2966 enumeratis
2313 2906 2575 2974 deinceps
2607 2902 2861 2957 omnibus
2906 2916 3027 2971 qua:
3061 2914 3281 2955 crucem
3312 2915 3509 2953 consc~

1925 3008 2048 3055 cuta
2081 3009 2234 3062 sunt,
2267 2997 2469 3052 deinde
2504 2994 2637 3047 dicit
2667 3012 2679 3045 :
2721 3010 2740 3044 t
2779 2991 2895 3048 Tua
2927 3007 2991 3043 ex
3030 2993 3139 3047 tuis
3179 2992 3274 3044 tibi
3323 2990 3508 3043 ωσι-νὶ-

233 3083 539 3183 ὐμνοῦμεν,
581 3083 641 3163 σὲ
669 3083 1021 3181 εὐλογοῦμεν,
1072 3112 1157 3165 σοὶ
1195 3111 1654 3184 εὐχαριστοῦμεν,
1697 3109 1817 3164 Κύ-

1928 3108 2052 3148 tnus
2084 3110 2098 3147 :
2136 3092 2204 3146 de
2233 3089 2513 3152 omnibus,
2550 3098 2602 3142 et
2650 3102 2744 3150 per
2790 3084 2971 3139 omnia
3021 3093 3072 3138 te
3114 3083 3426 3147 laudamus,
3459 3091 3512 3136 te

232 3221 337 3273 ριε,
364 3205 464 3257 καὶ
490 3201 720 3271 δεόμεθὰ
749 3220 865 3267 σου,
898 3205 925 3255 6
951 3203 1084 3267 Θεὸς
1110 3203 1290 3274 ἡμῶν,
1322 3220 1341 3254 ι
1395 3203 1556 3272 Ὀρᾶς
1589 3219 1603 3269 ;
1637 3219 1656 3254 t
1689 3202 1811 3255 Τῶν

226 3294 586 3367 εὐεργεσιῶν,
611 3294 765 3365 φησὶ,
792 3295 1150 3365 μεμνημένοι,
1169 3294 1371 3366 ταύτην
1393 3292 1699 3363 ποιούμεθα
1720 3292 1819 3362 τὴν

224 3384 596 3456 δωροφορίιν.
623 3404 641 3437 ι
682 3384 853 3437 Τοῦτο
882 3384 943 3437 δέ
968 3387 1085 3437 ἐστι
1110 3384 1170 3436 τὸ
1193 3383 1557 3454 εὐχαριστεῖν,
1583 3384 1643 3435 τὸ
1666 3383 1807 3455 ὑπὲρ

226 3478 340 3532 τῶν
381 3478 487 3547 ῆδη
515 3476 734 3545 ἀγαθῶν
759 3476 1021 3530 δοθέντων
1071 3477 1226 3546 ἡμῖν,
1257 3476 1449 3547 δώροις
1473 3475 1564 3528 τὸν
1593 3476 1833 3545 εὐεργὲ-’

227 3588 334 3641 την
359 3570 547 3641 τιμᾷν.
580 3566 712 3623 Εἶτα
750 3569 846 3623 καὶ
875 3569 1206 3639 σαφέστερον
1241 3567 1498 3621 δεικνῦσα
1520 3569 1619 3637 τὴν
1652 3568 1817 3636 εὐχα-

240 3662 476 3729 ριστίαν,
502 3662 658 3732 φησὶ.
692 3679 712 3712 t
757 3661 1171 3730 Προσφέροντες
1196 3660 1295 3731 τὴν
1326 3659 1649 3728 προσφορὰν
1680 3657 1815 3711 ταύ-

236 3767 374 3819 την,
411 3752 470 3804 σε
497 3753 793 3823 ὐμνοῦμεν,
827 3753 889 3806 σὲ
929 3752 1284 3822 εὐλογοῦμεν,
1341 3750 1426 3803 σοὶ
1458 3749 1812 3821 εὐχαριστοῦο

240 3862 378 3915 μεν,
415 3844 600 3916 Κύριε,
636 3847 730 3899 καὶ
755 3844 988 3917 δεόμεθά
1018 3861 1137 3908 σου,
1173 3846 1200 3897 6
1223 3842 1354 3906 Θεὸς
1389 3843 1597 3913 ἡμῶν.)

308 4021 486 4087 Οὗτος
517 4026 544 4078 6
572 4022 716 4091 νοῦς,
754 4024 915 4095 φησὶ,
936 4021 1036 4091 τῆς
1062 4018 1429 4092 προσαγωγῆς
1465 4017 1579 4071 τῶν
1604 4018 1820 4088 δώρων,

235 4117 301 4171 τὸ
338 4117 551 4186 ὑμνεῖν,
582 4117 646 4168 τὸ
709 4115 1073 4185 εὐχαριστεῖν,
1103 4112 1164 4164 τὸ
1223 4111 1512 4173 ἱκετεύειν,
1566 4111 1705 4180 ὅπερ
1762 4110 1825 4176 ἐξ

231 4208 426 4280 ἀρχῆς
486 4209 768 4280 ἐλέγομεν,
792 4206 932 4260 ὥστε
958 4202 1102 4261 εἶναι
1128 4208 1222 4260 καὶ
1260 4204 1675 4274 εὐχαριστήριον
1729 4203 1828 4256 καὶ⁹

232 4301 451 4354 ἱκέσιον
479 4299 576 4369 τὴν
629 4298 825 4369 αὐτήν.
859 4297 970 4352 Καὶ
1007 4296 1182 4350 ταῦτα
1214 4294 1493 4365 ποιοῦμεν,
1528 4295 1684 4363 φησὶ,
1734 4292 1830 4347 δύο

232 4392 409 4446 τινῶν
438 4391 797 4462 μεμνημένοι,
831 4390 928 4460 τῆς
962 4390 1204 4457 ἐντολῆς,
1233 4388 1301 4458 ἢν
1333 4389 1465 4459 ἡμῖν
1504 4386 1824 4450 ἐνετείλατο,

232 4485 423 4553 λέγων
443 4501 459 4516 ο
503 4503 521 4535 ι
546 4483 716 4537 Τοῦτο
756 4484 960 4535 ποιεῖτε
1006 4483 1087 4545 εἰς
1112 4480 1210 4550 τὴν
1234 4480 1374 4550 ἐμὴν
1426 4478 1734 4549 ἀνάμνησιν
1759 4495 1773 4510 ·
1803 4497 1821 4530 ι

233 4580 337 4631 καὶ
366 4579 589 4631 πάντων
620 4576 728 4630 τῶν
759 4576 898 4644 ὑπὲρ
950 4575 1109 4644 ἡμῶν
1144 4575 1472 4644 γενομένων*
1498 4573 1531 4642 ὴ
1591 4572 1688 4640 μὲν
1718 4571 1826 4640 γὰρ

238 4669 445 4738 μνήμη
472 4667 580 4719 τῶν
632 4665 963 4737 εὐεργεσιῶν
1006 4664 1191 4728 ἁπλῶς
1248 4665 1328 4726 είς
1384 4662 1619 4733 ἀμοιϐὴν
1679 4663 1826 4732 ἡμᾶς

233 4759 640 4829 προτρέπεται,
672 4760 767 4810 καὶ
796 4755 857 4808 τὺ
881 4755 1017 4817 ὅλως
1047 4771 1103 4806 τι
1134 4755 1526 4824 προσενεγκεῖν
1551 4750 1627 4821 τῷ
1683 4751 1827 4805 οὕτω

239 4850 464 4920 μυρίων
492 4846 791 4917 ὑπάρξαντι
829 4845 976 4898 αἰτία
1005 4843 1246 4915 χαρίτων
1275 4845 1439 4913 ἡμῖν’
1472 4843 1506 4912 ἡ
1535 4842 1591 4895 δὲ
1639 4842 1827 4911 μνήμη

231 4942 337 5011 τῆς
374 4928 617 5009 ἐντολῆς,
654 4938 746 4991 καὶ
775 4936 907 4989 αὐτὸ
935 4935 995 4989 τὸ
1021 4931 1160 4999 εἶδος
1185 4935 1284 5004 τῆς
1310 4933 1549 5002 ἀμοιϐῆς
1587 4932 1829 4986 διδάσιει

233 5034 421 5104 ἡμᾶς,
451 5033 546 5085 καὶ
579 5030 700 5084 τίνα
732 5031 811 5083 δεῖ
851 5027 999 5099 δῶρα
1046 5026 1365 5097 προσάγειν.
1388 5023 1567 5093 Αὐτὴν
1616 5022 1829 5091 ἐκείνην

232 5128 342 5199 τὴν
362 5128 684 5197 προσφορὰν
710 5123 1026 5193 προσίομεν,
1045 5121 1111 5191 ἥν
1131 5119 1293 5181 αὐτὸς
1322 5119 1351 5170 6
1368 5115 1678 5185 Μονογενὴς
1703 5114 1827 5168 ἀνέ-

236 5221 387 5282 δειξέ
413 5236 517 5284 σοι,
543 5219 621 5287 τῷ
652 5216 770 5287 Θεῷ
788 5216 883 5267 καὶ
901 5215 1075 5283 Πατρὶ
1096 5212 1189 5265 καὶ
1212 5209 1641 5279 εὐχαριστοῦμεν
1669 5223 1832 5276 προς-

240 5316 504 5381 ἀγοντες,
524 5312 608 5364 ὃτι
630 5309 726 5362 καὶ
758 5307 919 5369 αὐτὸς
944 5304 1260 5365 ἀναδεικνύς
1294 5302 1464 5372 αὐτὴν
1489 5298 1829 5370 ηὐχαρίστει.

238 5406 341 5459 Διά
368 5403 548 5458 ταῦτα
581 5398 735 5454 οὐδὲν
759 5396 968 5451 οἴκοθεν
1024 5395 1319 5464 εἰσάγομεν
1385 5395 1463 5453 εἰς
1496 5390 1700 5457 ταύτην
1732 5389 1832 5458 τὴν

235 5495 585 5567 δωροφορίαν
602 5509 617 5523 ⁸
636 5489 758 5544 οὐτε
791 5488 899 5557 γὰρ
928 5486 1065 5557 ἔργα
1093 5485 1251 5555 ἡμῶν
1278 5484 1347 5536 τὰ
1371 5482 1518 5551 δῶρα
1545 5480 1705 5546 ἀλλὰ,
1736 5476 1830 5532 σοῦ

238 5590 334 5645 τοῦ
365 5593 589 5644 πάντων
634 5579 985 5654 δημιουργοῦ.
1022 5577 1159 5631 Οῦτε
1212 5574 1457 5645 ἡμετέρα
1491 5572 1703 5625 ἐπίνοια
1733 5571 1832 5640 τῆς

242 5686 507 5760 λατρείας
549 5683 579 5734 6
629 5679 833 5747 τρόπος
887 5666 1064 5738 οὗτος,
1093 5670 1206 5723 ἀλλ’
1239 5667 1362 5721 οὐδὲ
1411 5664 1834 5737 προσεθυμήθη-

242 5758 366 5853 μεν,
404 5778 518 5834 οὐό⁹
552 5771 775 5829 οἴκοθεν
805 5767 895 5821 καὶ
926 5766 1051 5835 παρ’
1083 5761 1289 5817 ἑαυτῶν
1318 5762 1394 5823 εὶς
1443 5758 1612 5829 αὐτὴν
1640 5758 1825 5826 ἐκινή-

1925 3186 2318 3246 benedicimus,
2361 3183 2455 3239 tibi
2494 3182 2699 3248 gratias
2729 3181 2967 3249 agimus,
3007 3178 3256 3243 Domine,
3294 3188 3348 3233 et
3388 3178 3512 3231 ora-

1932 3296 2058 3336 mus
2094 3288 2169 3345 te,
2227 3277 2372 3333 Deus
2426 3287 2636 3331 noster.
2697 3293 2715 3325 ι
2751 3271 2952 3327 Vides?
3009 3289 3028 3324 ι
3088 3271 3510 3335 Beneﬁciorum,

1924 3371 2123 3442 inquit,
2155 3367 2527 3431 recordantes,
2554 3365 2700 3419 hanc
2732 3362 2829 3416 tibi
2860 3362 3134 3415 donorum
3176 3360 3507 3422 oblationem

1925 3464 2198 3525 facimus;
2237 3478 2255 3512 ι
2298 3460 2403 3515 hoc
2434 3468 2614 3512 attem
2645 3465 2729 3510 est
2755 3456 2956 3525 gratias
2995 3467 3176 3523 agere,
3222 3468 3320 3521 pro
3348 3450 3512 3505 bonis
3570 3467 3573 3471 '

1920 3556 2037 3624 jam
2087 3552 2246 3607 nobis
2297 3550 2537 3612 donatis,
2567 3547 2727 3602 donis
2760 3546 3167 3601 bettefactorem
3207 3547 3507 3598 ltonoraue.

1935 3648 2143 3701 Deinde
2176 3644 2344 3699 etiam
2379 3641 2622 3710 apertius
2661 3640 2961 3694 ostendens
3002 3637 3301 3708 gratiarum
3336 3635 3511 3689 actio-

1929 3754 2053 3794 ncm
2088 3736 2164 3789 ait
2200 3751 2215 3787 :
2250 3754 2267 3785 t
2304 3732 2609 3788 Offerentes
2642 3726 2976 3784 obiationem
3019 3729 3186 3790 hanc,
3225 3736 3275 3780 te
3320 3726 3512 3779 lauda-

1930 3845 2074 3893 mus,
2115 3837 2163 3881 te
2193 3823 2597 3884 benedicimus,
2621 3821 2717 3877 tibi
2742 3821 2949 3891 gratias
2979 3821 3221 3890 agimus,
3257 3817 3509 3876 Domine.

1929 3934 1984 3977 et
2016 3935 2275 3997 rogamus
2306 3927 2376 3981 te,
2430 3919 2572 3971 Dens
2606 3922 2814 3969 noster.
2855 3929 2875 3964 ›

2000 4000 2119 4069 Hec
2168 4025 2300 4083 ergo
2353 4019 2437 4065 est
2482 4009 2789 4064 institutum
2846 4007 3116 4061 donorum
3154 4003 3465 4057 “oblationis
3499 4044 3514 4068 ,

1907 4100 2194 4167 “laudare,
2238 4102 2441 4175 gratias
2481 4116 2659 4169 agerc,
2706 4099 3038 4167 supplicare,
3083 4103 3140 4147 ut
3175 4109 3203 4147 a
3240 4096 3359 4162 pritt
3387 4097 3514 4162 ipto

1933 4198 2196 4263 diximus,
2222 4205 2279 4250 ut
2311 4196 2498 4249 eadem
2530 4202 2583 4245 et
2620 4191 2673 4244 in
2705 4187 3102 4259 supplicatione
3129 4197 3182 4239 et
3215 4188 3514 4255 gratiarum

1937 4292 2154 4348 actione
2192 4297 2461 4342 versetur;
2502 4284 2565 4337 Et
2600 4283 2717 4338 haec
2755 4283 3012 4344 facimus,
3044 4281 3248 4347 inquit,
3282 4279 3516 4331 duortnn

1937 4384 2314 4444 reret-dantes,
2347 4390 2401 4433 et
2426 4376 2683 4448 pra‘cepti
2720 4374 2866 4443 quod
2900 4372 3061 4427 nobis
3092 4371 3262 4436 dedit,
3293 4371 3516 4425 dicens:

1942 4497 1960 4530 ι
2000 4475 2114 4530 Hoc
2135 4473 2299 4527 facite
2319 4473 2374 4524 in
2399 4484 2574 4523 meam
2608 4465 3049 4522 recordationem
3078 4505 3092 4528 ,
3134 4482 3154 4515 ι
3185 4472 3237 4518 et
3269 4464 3517 4517 omnium

1932 4580 2053 4636 qua:
2093 4578 2194 4632 pro
2231 4560 2394 4634 nobis
2428 4558 2569 4612 facta
2607 4566 2758 4612 sunt.
2790 4555 3187 4609 Beneficiorum
3235 4553 3419 4616 enim,
3460 4559 3521 4604 ut

1931 4655 2100 4711 semel
2163 4653 2385 4717 dicam,
2452 4648 2771 4704 recordatio
2831 4662 2930 4700 nos
2977 4646 3044 4698 ad
3099 4641 3515 4695 retributionem

1930 4749 2280 4805 adhortatur.
2324 4752 2377 4796 et
2421 4739 2490 4795 ad
2544 4738 2748 4807 aliquid
2793 4735 3017 4790 omnino
3081 4730 3422 4785 offerendum
3467 4729 3516 4783 ei

1929 4839 2021 4909 qui
2065 4852 2167 4891 nos
2198 4836 2344 4905 prior
2373 4828 2863 4886 innumerabilibus
2891 4823 3174 4880 beneficiis
3196 4823 3276 4877 sic
3311 4821 3516 4875 aﬂecit.

1932 4930 2190 4997 Przcct'pt't
2216 4937 2397 4980 autem
2451 4922 2715 4977 memoria
2755 4931 2809 4974 et
2843 4920 2961 4987 ipsa
2995 4915 3169 4969 forma
3194 4913 3516 4969 retributio-

1933 5025 2019 5077 nis
2053 5038 2151 5076 nus
2181 5021 2359 5080 docet,
2388 5030 2637 5086 quamam
2688 5013 2789 5082 ipsi
2832 5012 2974 5066 dona
3009 5007 3210 5063 oﬂ'erre
3243 5014 3517 5076 oporteat.

1932 5116 2081 5170 Illam
2109 5117 2279 5184 ipsam
2304 5112 2640 5165 oblatione-it
2675 5104 3215 5171 admittimus,quam
3247 5101 3361 5170 ipse
3386 5096 3517 5152 Uni-

1936 5208 2155 5276 gt-nitus
2183 5202 2284 5256 tibi
2309 5200 2553 5256 ostendit
2575 5198 2684 5251 Deo
2703 5207 2755 5249 et
2777 5194 2951 5260 Patri,
2976 5200 3031 5247 et
3051 5190 3256 5262 gratias
3278 5188 3517 5259 agimus,

1934 5300 2064 5369 quia
2122 5297 2238 5366 ipse
2285 5293 2453 5350 etiam
2487 5306 2607 5354 eam
2645 5288 2944 5344 ostendens
2978 5286 3089 5354 egit
3126 5282 3350 5355 gratias.
3388 5278 3521 5331 l’ro—

1935 5400 2120 5462 pterea
2156 5388 2223 5443 ad
2255 5386 2400 5441 hanc
2433 5385 2699 5440 donorum
2759 5379 3097 5443 oblationem
3152 5373 3285 5428 nihil
3349 5370 3517 5424 domo

1939 5484 2239 5539 aﬂerimus.
2285 5478 2476 5549 Neque
2516 5477 2664 5532 enim
2713 5474 2857 5531 dona
2904 5480 3034 5528 sunt
3084 5475 3270 5522 nostra
3326 5479 3518 5534 opera.

1938 5577 2032 5633 sed
2064 5585 2155 5629 tua
2190 5572 2434 5626 omnium
2462 5568 2697 5640 opiﬁcis.
2725 5566 2833 5620 Nec
2858 5576 3102 5618 noszrum
3124 5566 3209 5612 est
3235 5559 3514 5609 inventum

1938 5666 2054 5720 inec
2094 5662 2306 5719 colendi
2358 5661 2556 5721 forma,
2595 5656 2693 5714 sed
2729 5668 2908 5724 neque
2941 5662 3129 5705 nostra
3183 5654 3378 5715 sponte
3410 5644 3518 5696 hoc

1938 5756 2215 5810 voluimus
2245 5793 2260 5821 ,
2298 5766 2475 5822 neque
2524 5751 2688 5806 domo
2734 5753 2788 5800 ct
2832 5759 2895 5798 ex
2935 5740 3090 5794 nubis
3124 5738 3259 5805 ipsis
3287 5734 3355 5788 ad
3393 5742 3519 5788 eam
