4030 6454
474 319 577 381 4ἳ3

1713 322 2022 382 NlCOLAl
2064 321 2458 379 CABASI'LJ!

3629 323 3734 383 ΔΜ

478 433 694 504 impulsi
724 449 942 500 sumus,
970 435 1062 492 sed
1090 434 1202 504 ipse
1226 433 1484 500 docuisti,
1512 435 1627 504 ipse
1649 436 1972 491 adhortatus
1999 451 2049 490 cs

2165 435 2336 503 θημεν
2362 451 2374 463 ·
2404 436 2519 488 ἀλλ’
2560 435 2720 498 αὐτὸς
2778 438 3043 504 ἐδίδαξας,
3074 439 3231 502 αὐτὸς
3284 439 3604 508 προετρέξω
3650 441 3739 493 διὰ

478 542 574 596 per
611 527 988 594 Uuigenitum.
1043 527 1108 580 Et
1151 528 1274 583 ideo
1328 544 1448 594 quae
1495 530 1590 584 tibi
1637 529 1942 594 oﬁ‘erimus,
1987 545 2053 584 ex

473 621 585 674 tuis
617 635 738 687 qure
771 619 929 674 nobis
961 619 1186 681 dedisti,
1217 630 1304 674 tua
1341 630 1471 675 sunt
1499 622 1551 675 in
1587 622 1841 675 omnibus
1871 631 1926 675 et
1959 636 2055 689 per

477 712 682 765 omnia.
713 711 790 764 lta
819 711 982 764 etiam
1012 727 1110 778 pro
1141 713 1257 780 ipsa
1293 729 1400 780 qua
1435 722 1672 782 aguntur
1693 713 1878 782 gratia:
1903 713 2054 766 obla-

479 803 647 863 tione,
687 800 845 853 aliam
876 816 1072 856 rursus
1100 803 1398 873 gratiarum
1440 804 1709 858 actionem
1741 803 1850 859 Deo
1885 803 2053 858 debe-

483 907 633 952 mus,
668 890 796 958 quia
831 890 964 944 nihil
997 891 1118 959 ejus
1151 903 1396 947 nostrum
1429 902 1535 956 est,
1578 894 1671 947 sed
1703 901 1818 946 tota
1868 903 1952 948 cst
1993 893 2056 946 il-

477 983 583 1033 lius
617 981 849 1046 donum,
878 990 934 1036 et
959 982 1060 1035 hoc
1083 983 1258 1051 ipsum
1295 984 1442 1052 quod
1482 984 1532 1037 id
1565 985 1818 1038 volumus
1847 992 1901 1038 et
1923 998 2054 1052 ope-

475 1089 700 1137 ramur,
742 1074 884 1127 idem
929 1083 1009 1127 est
1053 1074 1146 1142 qui
1197 1075 1252 1128 in
1319 1075 1477 1128 nobis
1535 1082 1818 1146 operatur.
1873 1085 1933 1130 ιιι
1982 1076 2056 1128 ait

474 1168 694 1221 divinus
737 1168 1054 1235 Apostolus.
1094 1166 1388 1236 Propterea
1434 1169 1535 1222 hoc
1575 1182 1797 1237 quoque
1827 1168 1881 1222 iu
1925 1183 2054 1222 ora-

477 1258 730 1311 tionibus
763 1257 1010 1312 dicitur:
1046 1275 1063 1308 ι
1106 1257 1322 1312 Gratias
1357 1257 1573 1326 agimus
1607 1259 1702 1311 tibi
1749 1272 1849 1327 pro
1880 1257 2056 1312 sacri-

477 1348 620 1409 tieio,
657 1349 802 1414 quod
849 1363 878 1401 e
919 1347 1126 1401 nostris
1172 1347 1423 1400 manibus
1460 1348 1743 1412 suscipere
1796 1347 2055 1415 dignatus

474 1450 553 1490 es.
612 1454 630 1486 ι
689 1436 820 1500 Quae
865 1452 995 1505 ergo
1041 1439 1258 1502 docent,
1305 1449 1626 1493 sanctorum
1671 1439 1726 1492 in
1780 1439 2058 1493 sacriﬁcio

475 1529 1060 1582 commemorationem
1114 1544 1219 1583 non
1265 1544 1388 1584 esse
1441 1530 1509 1583 ad
1565 1529 1734 1583 Deum
1789 1545 1885 1599 pro
1923 1530 2057 1598 ipsis

475 1619 958 1687 supplicationem,
991 1621 1084 1673 sed
1109 1621 1406 1690 gratiarum
1439 1622 1738 1687 actionem,
1762 1621 1879 1678 hinc
1902 1630 2054 1678 sunt.

1141 1733 1296 1790 CAP.
1336 1736 1396 1791 L.

479 1824 621 1890 Quot
660 1825 828 1880 modia
847 1825 908 1894 ﬁt
923 1826 974 1879 in
995 1829 1260 1896 sacriﬁcio
1279 1840 1583 1882 sanctorum
1602 1840 2056 1898 commemoratio,

988 1908 1038 1950 et
1071 1913 1190 1965 qua:
1218 1899 1545 1966 differentia.

544 1985 842 2044 Videamus
867 1998 1048 2044 autem
1081 1991 1298 2060 quoties
1329 1999 1383 2044 et
1412 1992 1466 2046 in
1501 2007 1610 2062 quo
1641 1991 1902 2047 sacriﬁcii
1936 1993 2058 2047 loco

477 2075 536 2130 ﬁt
565 2077 682 2133 hac
713 2083 1191 2136 commemoratio.
1211 2081 1298 2138 Fit
1327 2084 1470 2138 enim
1511 2086 1596 2139 bis
1621 2099 1636 2137 :
1669 2084 1906 2154 primum
1933 2085 2058 2154 qui-

481 2166 607 2220 dem
643 2168 696 2220 in
744 2169 866 2236 ejus
917 2170 1210 2241 principio,
1247 2175 1470 2243 quando
1515 2174 1660 2229 dona
1708 2173 2056 2238 offeruntur,

475 2259 724 2314 secundo
755 2272 958 2327 autem,
983 2266 1202 2329 quando
1228 2267 1632 2324 sacriﬁcantur.

547 2349 688 2415 Quia
722 2353 869 2407 enim
901 2355 1098 2424 duplex
1132 2366 1215 2411 est
1258 2357 1489 2426 oblatio,
1523 2361 1640 2416 haec
1673 2361 1897 2432 quidem
1935 2371 2057 2416 tan-

475 2455 638 2509 quam
671 2444 1019 2500 solummodo
1049 2446 1319 2503 donorum
1355 2459 1406 2504 et
1464 2467 1781 2519 munerum,
1809 2462 1868 2508 ut
1898 2461 2054 2508 antea

473 2532 680 2586 dictum
707 2544 811 2593 est,
872 2537 959 2590 illa
986 2545 1174 2590 autem
1208 2549 1470 2609 tanquam
1501 2542 1757 2598 sacriﬁcii
1785 2558 1804 2613 ;
1833 2559 2059 2599 necesse

471 2634 556 2678 est
600 2627 762 2680 etiam
809 2644 905 2682 eos
946 2645 1046 2699 pro
1082 2632 1284 2700 quibus
1330 2633 1654 2701 offeruntur,
1687 2645 1741 2690 et
1783 2637 1970 2706 primae
2005 2647 2058 2691 et

476 2720 732 2773 secundae
762 2721 1060 2778 oblationis
1094 2726 1436 2780 meminisse.
1470 2727 1657 2797 Itaque
1700 2730 2058 2798 quemadmo-

476 2807 606 2857 dum
643 2807 693 2858 in
730 2809 928 2875 piima,
963 2829 980 2862 ι
1019 2810 1076 2863 lu
1105 2813 1573 2882 recordationem,
1604 2819 1800 2886 inquit,
1839 2818 2055 2873 Domini

476 2903 530 2946 et
561 2895 654 2948 Dci
687 2894 1004 2952 Servatoris
1051 2902 1226 2955 nostri
1269 2901 1400 2958 Jesu
1441 2904 1690 2974 Christi;
1725 2926 1744 2960 ι
1777 2909 1848 2962 ita
1889 2910 2054 2963 etiam

475 2984 532 3036 in
565 2987 831 3054 secunda,
885 3007 904 3040 ι
967 2987 1342 3048 Recordantes
1381 3010 1514 3064 ergo
1555 3011 1748 3052 eorum
1793 3014 1911 3068 qua:
1959 3015 2057 3068 pro

478 3075 638 3126 nobis
687 3074 828 3130 facta
868 3088 1017 3140 sunt,
1071 3083 1255 3135 crucis
1294 3092 1348 3137 et
1377 3084 1608 3139 aliorum
1645 3101 1767 3155 qua:
1802 3087 2055 3146 Christus

475 3179 576 3233 pro
613 3165 768 3218 nobis
805 3168 1092 3224 sustinuit.
1130 3189 1148 3222 ι
1190 3172 1322 3238 Qua:
1350 3175 1497 3229 enim
1530 3176 1620 3231 hic
1643 3179 1748 3233 sibi
1783 3179 1899 3233 vult
1929 3196 2054 3236 cru-

475 3258 556 3312 cis
614 3263 900 3328 memoria,
939 3271 994 3316 et
1025 3263 1260 3319 aliorum
1311 3283 1433 3336 qua:
1484 3284 1707 3326 crucem
1757 3285 2052 3330 consecuta

473 3359 622 3413 sunt,
648 3353 747 3404 hoc
771 3352 884 3406 illic
906 3363 989 3408 est
1007 3355 1222 3410 Domini
1253 3363 1724 3418 commemoratio.
1745 3363 1862 3418 Non
1881 3365 2051 3429 enim,

475 3453 534 3496 ut
565 3443 829 3500 miracula
866 3445 1115 3503 facientis
1150 3450 1483 3517 Scrvatoris,
1511 3455 1605 3511 sed
1639 3464 1699 3510 ut
1725 3457 1972 3512 cruciﬁxi
1997 3468 2052 3513 et

471 3535 782 3602 morientis,
819 3547 950 3593 tunc
1004 3544 1264 3598 sacerdos
1300 3546 1573 3614 meminit,
1601 3557 1663 3603 ut
1706 3550 1760 3604 in
1800 3550 1893 3605 illo
1930 3552 2051 3607 loco

472 3641 570 3694 per
599 3629 767 3682 multa
797 3639 1086 3687 ostensum
1115 3644 1218 3690 est.
1259 3634 1327 3691 Et
1359 3653 1553 3696 rursus
1585 3641 1731 3696 sicut
1765 3644 1818 3696 in
1851 3644 2048 3713 prima,

475 3733 495 3766 ι
551 3717 630 3770 Ad
691 3720 921 3787 gloriam
984 3721 1398 3796 Sanctissimae,
1452 3731 1521 3784 ad
1588 3732 2046 3792 intercessionem

470 3816 816 3874 sanctorum,
859 3828 877 3862 ι
921 3812 1087 3879 dicit,
1147 3815 1223 3868 ita
1271 3816 1435 3870 etiam
1485 3819 1538 3872 in
1566 3823 1807 3876 secundo
1836 3841 1849 3878 :
1880 3842 1898 3875 ι
1941 3825 2049 3880 Pro

467 3896 677 3949 sanctis
731 3899 1024 3966 omnibus,
1074 3906 1347 3973 praecipue
1388 3906 1772 3966 Sanctissima.
1815 3933 1833 3965 ι
1891 3913 2048 3969 Sicut

464 3989 613 4038 enim
641 3987 750 4042 illic
783 3992 1161 4048 excellentiam
1195 3999 1459 4064 ostendit,
1481 4015 1602 4054 eam
1632 4004 1756 4059 aliis
1783 4006 2043 4062 omnibus

469 4082 808 4152 praeferens,
862 4087 933 4140 ita
993 4089 1081 4144 hic
1135 4095 1398 4160 quoniam
1450 4107 1575 4166 post
1632 4100 1847 4170 aliquos
1901 4105 2039 4160 alios

459 4175 589 4242 ejus
625 4177 895 4244 meminit,
939 4179 1071 4233 illud
1136 4186 1401 4254 prwcipue
1431 4187 1616 4259 adjicit
1654 4209 1670 4246 :
1702 4202 1755 4248 et
1784 4199 2047 4263 quemad-

470 4263 688 4316 modum
718 4265 770 4318 in
801 4267 998 4334 prima,
1031 4279 1154 4339 post
1187 4283 1429 4343 sanctos,
1455 4292 1646 4334 eorum
1681 4298 1786 4351 que
1810 4285 2045 4353 agebant

463 4354 939 4423 misericordiam,
977 4362 1253 4430 meminit,
1281 4375 1338 4419 et
1367 4381 1466 4436 pro
1497 4369 1700 4439 quibus
1747 4372 2039 4442 supplicat,

2157 525 2252 578 τοῦ
2286 527 2643 594 Μενογενοῦς.
2702 529 2904 582 Τοᾶτου
2966 531 3124 600 χάριν
3160 530 3197 584 ἃ
3235 531 3616 601 προσφέρομέν
3657 548 3740 583 σοι

2158 617 2222 669 ἐκ
2251 617 2360 670 τῶν
2397 619 2503 669 σῶν
2537 620 2668 688 ἡμῖν
2691 619 2949 683 δέδωκας,
2999 621 3070 674 σά
3099 621 3389 675 ἐστισκατὰ
3427 621 3603 674 πάντα
3643 623 3740 674 καὶ

2157 709 2245 761 διὰ
2281 710 2479 764 πάντα.
2507 710 2665 765 Οὕτω
2698 714 2791 765 καὶ
2831 713 2969 782 ὑπὲρ
3018 713 3190 780 αὐτῆς
3226 713 3326 782 τῆς
3379 713 3738 783 χαριστηρίου

2160 803 2495 868 προσφορᾶς,
2525 801 2694 868 ἄλλην
2728 803 2891 855 πάλιν
2940 803 3292 873 εὐχαριστίαν
3343 803 3630 873 ὀφείλομεν
3660 803 3739 875 τῷ

2161 890 2302 959 Θεῷ,
2332 892 2413 944 ὃτι
2443 892 2598 944 οὐδὲν
2629 893 2798 963 αὐτῆς
2845 893 3136 962 ἡμέτερον,
3163 893 3300 946 ἀλλὰ
3336 895 3489 948 πᾶσα
3527 895 3740 948 ἐκείνου

2157 982 2348 1050 δῶρον,
2382 983 2478 1036 καὶ
2507 984 2637 1036 αὐτὸ
2665 985 2724 1038 τὸ
2783 983 2956 1039 θέλειν
3012 985 3183 1055 αὐτὴν
3233 985 3330 1038 καὶ
3377 987 3440 1039 τὸ
3472 988 3742 1056 ἐνεργεῖν,

2159 1074 2320 1136 αὐτός
2343 1077 2490 1127 ἐστιν
2517 1077 2545 1128 ὀ
2576 1076 2814 1145 ἐνεργῶν
2838 1077 2995 1147 ἡμῖν,
3029 1078 3169 1132 κατὰ
3201 1078 3293 1132 τὸν
3325 1079 3467 1131 θεῖον
3482 1077 3744 1132 Ἀπόστο-

2162 1165 2273 1220 λον.
2303 1167 2400 1218 Διὰ
2455 1167 2614 1220 τοῦτο
2644 1169 2702 1221 ἐν
2754 1170 2877 1232 ταῖς
2911 1169 3101 1237 εὐχαῖς
3133 1171 3227 1222 καὶ
3272 1167 3428 1221 τοῦτο
3476 1167 3698 1236 λέγεται
3723 1183 3737 1196 ·

2166 1275 2184 1306 ι
2225 1258 2665 1328 Εὐχαριστοῦμέν
2695 1276 2779 1313 σοι
2819 1261 2913 1314 καὶ
2957 1260 3098 1330 ὑπὲρ
3145 1261 3315 1330 αὐτῆς
3354 1263 3452 1331 τῆς
3493 1262 3743 1330 λειτουρ-

2159 1349 2304 1413 γίας,
2322 1349 2388 1420 ἢν
2417 1351 2482 1402 ἐκ
2513 1351 2622 1403 τῶν
2651 1353 2850 1423 χειρῶν
2869 1354 3028 1422 ἡμῶν
3051 1354 3306 1418 δέξασθαι
3334 1354 3732 1424 κατηξίωσας.»

2166 1440 2232 1490 "A
2273 1439 2374 1508 μὲν
2427 1436 2520 1493 οὖν
2569 1443 2717 1511 ἡμᾶς
2769 1444 3010 1497 διδάσκει
3057 1446 3156 1512 τὴν
3212 1448 3271 1498 ἐν
3313 1449 3382 1515 τῇ
3431 1446 3744 1516 λειτουργίᾳ

2165 1532 2386 1599 μνήμην
2424 1534 2530 1585 τῶν
2565 1534 2755 1600 ἁγίων,
2789 1537 2865 1605 μὴ
2907 1538 3116 1590 ἱκεσίαν
3139 1534 3279 1592 εἶναι
3330 1540 3466 1608 πρὸς
3495 1540 3585 1594 τὸν
3609 1540 3741 1593 Θεδν

2161 1621 2301 1691 ὑπὲρ
2328 1622 2526 1690 αὐτῶν,
2559 1624 2675 1678 ἀλλ’
2708 1625 3078 1698 εὐχαριστίαν,
3105 1629 3279 1684 ταῦτά
3307 1631 3477 1684 ἐστιν.

2755 1740 2980 1793 ΚΕΦΔΔ
3005 1779 3018 1794 .
3071 1737 3155 1796 N'.

2233 1827 2504 1895 Ποσάκις
2525 1828 2633 1903 τῆς
2682 1834 3013 1901 ἱερουργίας
3053 1831 3175 1903 τῶν
3222 1833 3408 1903 ἁγίων
3451 1834 3490 1901 ἡ

2500 1901 2746 1969 γίνεται,
2780 1903 2878 1955 καὶ
2907 1904 3001 1968 τίς
3044 1904 3082 1972 ἠ
3115 1901 3390 1972 διαφορά.

2235 1990 2467 2059 Ἰδωμεν
2516 1993 2573 2046 δὲ
2631 1995 2866 2057 ποσάκις
2898 1995 2994 2048 καὶ
3051 1995 3157 2050 ποῦ
3202 1997 3302 2067 τῆς
3347 1999 3659 2070 ἱερουργίας
3704 2001 3739 2070 ἡ

2161 2082 2349 2150 μνήμη
2381 2082 2516 2152 αὕτη
2545 2083 2776 2152 γίνεται.
2809 2086 3025 2141 Γίνεται
3058 2087 3170 2158 γὰρ
3217 2088 3300 2152 δίς
3321 2105 3335 2120 ·
3368 2091 3584 2157 πρῶτον
3637 2093 3741 2161 μὲν

2161 2173 2219 2228 ἐν
2250 2176 2371 2238 ταῖς
2399 2177 2593 2246 ἀρχαῖς
2625 2179 2818 2250 αὐτῆς,
2855 2181 2947 2234 ὅτε
2976 2181 3291 2236 ἀνατίθεται
3319 2185 3386 2238 τὰ
3413 2183 3564 2258 δῶρα
3585 2189 3740 2244 ’δεύ-

2157 2283 2314 2336 τερον
2343 2267 2419 2329 δέ,
2459 2269 2544 2322 ὅτε
2577 2269 2786 2325 θύεται.

2242 2356 2398 2409 Ἐπεὶ
2431 2357 2540 2428 γὰρ
2562 2358 2714 2432 διττὴ
2746 2364 2777 2432 ἡ
2817 2369 3174 2440 προσαγωγὴ,
3210 2373 3242 2442 ή
3273 2373 3394 2439 μὲν.
3435 2374 3511 2439 ὡς
3548 2376 3739 2446 δώρων

2161 2445 2252 2498 καὶ
2277 2446 2644 2517 ἀναθημάτων
2671 2451 2877 2515 ἁπλῶς,
2917 2457 3172 2531 καθάπερ
3213 2463 3271 2515 ἐν
3294 2466 3406 2528 τοῖς
3432 2445 3742 2536 ἔμπροσθεν

2160 2539 2410 2609 εἴρηται·
2440 2542 2472 2608 ἡ
2498 2541 2575 2609 δὲ,
2604 2543 2678 2607 ὡς
2706 2544 2894 2610 θυσίας
2915 2564 2930 2578 ⁸
2967 2551 3180 2624 ἀνάγκη
3221 2556 3316 2609 καὶ
3345 2557 3566 2623 τούτους
3597 2560 3738 2632 ὑπὲρ

2159 2625 2234 2682 ὦν
2277 2632 2668 2700 προσάγονται,
2702 2639 2794 2690 καὶ
2815 2640 2908 2694 ἐπὶ
2950 2644 3050 2712 τῆς
3085 2645 3326 2717 πρώτης,
3355 2651 3450 2704 aut
3495 2653 3586 2704 ἐπὶ
3640 2625 3741 2723 τῆς

2156 2720 2417 2790 δευτέρας
2476 2728 2846 2796 προσαγωγῆς
2903 2737 3379 2803 μνημονεύεσθαι·
3413 2744 3506 2796 καὶ
3558 2720 3741 2800 τοίνυν

2159 2812 2408 2884 καθάπερ
2437 2813 2528 2906 ἐπὶ
2555 2816 2653 2887 τῆς
2684 2822 2928 2892 πρώτης,
2957 2842 2977 2877 ι
3005 2827 3098 2890 Είς
3118 2829 3439 2900 ἀνάμνησιν,
3472 2838 3624 2906 φησὶ,
3645 2837 3739 2891 τεῦ

2159 2901 2389 2970 Κυρίου,
2419 2904 2514 2958 καὶ
2541 2906 2697 2968 Θεοῦ.
2741 2909 2835 2964 καὶ
2885 2913 3139 2986 Σωτῆρος
3191 2918 3350 2988 ήμῶν
3385 2901 3561 2989 Ἰησοδ
3607 2926 3740 2996 Χρι-

2171 2994 2370 3047 στοῦ·»
2399 2996 2541 3050 οὕτω
2588 3000 2684 3053 καὶ
2717 3003 2811 3057 ἐπὶ
2869 3005 2971 3074 τῆς
3023 3008 3300 3081 δευτέρας,
3338 3031 3357 3064 ι
3387 2994 3742 3087 Μεμνημένοι

2158 3087 2340 3141 τοίνυν
2365 3091 2473 3144 τῶν
2507 3092 2648 3162 ὑπὲρ
2680 3095 2838 3165 ἡμῶν
2867 3100 3193 3167 γενομένων,
3228 3103 3322 3157 τοῦ
3355 3107 3592 3177 σταυροῦ
3642 3111 3738 3162 καὶ

2156 3179 2266 3234 τῶν
2301 3180 2480 3236 ἄλλων
2509 3177 2586 3238 ὧν
2621 3186 2762 3257 ὑπὲρ
2821 3189 2980 3258 ὴμῶν
3042 3193 3338 3263 ὑπέμεινεν
3365 3199 3392 3250 ὁ
3446 3199 3734 3267 Χριστός.»

2162 3273 2228 3326 Ὃ
2254 3273 2362 3341 γὰρ
2391 3274 2626 3330 ἐνταῦθα
2663 3278 2911 3348 βούλεται
2939 3283 2971 3352 ἡ
3006 3284 3100 3337 τοῦ
3129 3287 3365 3357 σταυροῦ
3403 3293 3612 3362 μνήμη,
3643 3294 3740 3346 καὶ

2156 3364 2265 3417 τῶν
2306 3365 2483 3420 ἄλλων
2511 3369 2621 3422 τῶν
2654 3372 2794 3440 μετὰ
2821 3373 2913 3427 τὸν
2947 3377 3202 3446 σταυρὸν,
3231 3380 3390 3433 τοῦτο
3416 3383 3536 3436 ἐκεῖ
3562 3387 3594 3452 ή
3645 3383 3738 3439 τοῦ

2157 3458 2372 3527 Κυρίου
2427 3460 2752 3529 ἀνάμνησις.
2794 3465 2868 3518 Οὐ
2924 3468 3033 3538 γὰρ
3079 3469 3154 3530 ὡς
3199 3472 3738 3547 θαυματουργοῦντος

2155 3549 2252 3602 τοῦ
2306 3551 2579 3622 Σωτῆρος,
2613 3554 2728 3608 ἀλλ’
2757 3557 2830 3620 ὡς
2881 3565 3308 3632 σταυρουμένου,
3349 3569 3446 3621 καὶ
3497 3569 3738 3642 ἀποθνή-

2153 3657 2396 3708 σκοντος,
2420 3646 2720 3712 τηνικαῦτα
2749 3650 2777 3702 ὁ
2810 3651 2988 3719 ἱερεὺς
3021 3655 3313 3724 μέμνηται,
3340 3658 3415 3721 ὡς
3448 3661 3508 3714 ἐν
3537 3663 3734 3734 ἐκείνῳ

2152 3728 2233 3799 τῷ
2264 3731 2415 3802 τόπῳ
2445 3733 2534 3787 διὰ
2571 3736 2785 3792 πολλῶν
2834 3741 3149 3814 ἀπεδείχθη.
3181 3747 3287 3800 κοιι
3327 3749 3488 3804 πάλιν
3548 3728 3737 3825 ὥσπερ

2151 3821 2242 3874 ἐπὶ
2262 3823 2364 3912 τῆς
2401 3825 2646 3896 πρώτης,
2689 3847 2708 3881 ι
2746 3831 2838 3894 Et;
2860 3831 3020 3898 δόξαν
3047 3836 3148 3905 τῆς
3174 3838 3469 3908 Παναγίας,
3504 3847 3581 3906 είς
3603 3821 3737 3912 πρε-

2152 3909 2340 3964 σὸείαν
2371 3914 2479 3966 τῶν
2506 3916 2730 3984 ἁγίων,»
2761 3922 2945 3990 φησὶν,
2977 3923 3120 3977 οὕτω
3169 3929 3262 3981 καὶ
3291 3930 3382 3983 ἐπὶ
3408 3933 3504 4002 τῆς
3547 3909 3736 3988 δευτέ-

2150 4017 2291 4070 ρας·
2333 4002 2546 4074 ι’Υπὲρ
2595 4007 2705 4061 τῶν
2751 4011 2926 4078 ἁγίων
2969 4014 3246 4079 ἁπάντων,
3287 4019 3578 4091 ἐξαιρέτως
3631 4027 3734 4095 τῆς

2149 4092 2482 4160 Παναγίας.»
2517 4098 2730 4171 Ὥσπερ
2762 4101 2874 4173 γὰρ
2900 4103 3000 4176 τὴν
3036 4107 3312 4181 ὑπεροχὴν
3347 4114 3522 4184 αὐτῆς
3557 4092 3730 4183 ἔδειξε

2145 4183 2254 4239 τῶν
2283 4185 2459 4240 ἄλλων
2483 4191 2760 4259 προτιθεὶς
2791 4194 3067 4265 ἁπάντων,
3101 4201 3274 4266 οὕτως
3298 4183 3572 4273 ἐνταῦθα,
3604 4210 3732 4264 ἐπεὶ

2149 4281 2288 4344 μετά
2313 4296 2464 4343 τινας
2493 4281 2682 4347 ἄλλους
2708 4285 2878 4358 αὐτῆς
2903 4290 3302 4361 ἐμνημόνευσε,
3333 4297 3393 4350 τὸ
3415 4299 3729 4370 ἐξαιρέτως

2150 4367 2552 4461 προσθεὶς,καὶ
2597 4371 2934 4448 ὥσπερ·ἐπὶ
2968 4380 3068 4452 τῆς
3127 4385 3370 4455 πρώτης,
3415 4392 3553 4461 μετὰ
3597 4367 3725 4458 τοὺς

3553 1834 3739 1904 κνήμη

463 4447 715 4498 virorum
761 4458 813 4502 et
855 4459 1228 4520 mortuorum,
1253 4454 1328 4510 ita
1360 4459 1526 4513 etiam
1560 4461 1613 4515 in
1648 4463 1911 4519 secunda.
1946 4465 2042 4522 Est

2153 4450 2361 4554 ἒγίους,
2391 4461 2500 4515 τῶν
2545 4465 2729 4529 ἐλέους
2762 4447 3050 4539 δεομένων
3097 4447 3391 4546 μέμνηται,
3415 4447 3538 4533 ’καὶ
3589 4447 3726 4554 ὑπὲρ

463 4546 648 4590 autem
681 4540 987 4598 diﬂ‘erentia
1018 4559 1034 4609 ;
1065 4545 1118 4598 in
1148 4561 1316 4603 secun
1337 4551 1389 4606 ta
1419 4552 1563 4606 enim
1597 4564 1784 4610 narrat
1811 4557 2042 4612 oblatio-

461 4645 628 4695 uem;
676 4633 810 4688 dicit
861 4638 1056 4692 enim:
1096 4657 1116 4691 ι
1155 4641 1447 4700 Οίΐοτίι-ιιυε
1483 4645 1580 4701 tibi
1636 4647 1785 4704 hunc
1829 4651 2038 4707 cultum

464 4721 826 4792 rationalem;
867 4744 886 4778 ι
944 4739 999 4784 et
1045 4732 1208 4787 simul
1236 4737 1403 4790 etiam
1458 4739 1609 4807 ponit
1641 4755 1840 4797 causas
1885 4745 2040 4799 obla-

453 4814 652 4877 tionis,
683 4819 765 4870 vel
810 4821 960 4888 prius
1011 4825 1225 4890 diecns,
1259 4829 1338 4882 vel
1372 4829 1712 4903 subjungeus
1762 4839 2041 4893 memoria:

455 4907 778 4974 passionum
814 4911 1144 4984 Servatoris,
1175 4921 1493 4976 memoriam
1531 4935 1873 4983 sanctorum.

535 5171 593 5224 In
624 5173 800 5242 prima
834 5186 1018 5232 autem
1072 5181 1229 5249 ponit
1262 5185 1410 5243 solas
1441 5202 1640 5244 causas
1689 5192 1988 5251 oblationis
2019 5213 2033 5250 :

445 5279 480 5313 4
522 5263 576 5317 In
607 5267 926 5321 memoriam
959 5269 1196 5335 Domini.
1231 5276 1282 5328 iu
1308 5278 1541 5346 gloriam
1573 5279 1974 5354 Sanctissimae,
2009 5306 2030 5340 ›

444 5366 509 5408 et
545 5373 666 5422 quae
713 5371 1034 5428 sequuntur.
1069 5363 1345 5435 lnquibus
1370 5373 1618 5427 meminit
1640 5384 1901 5432 eteorum
1936 5393 2036 5448 pro

455 5445 660 5508 quibus
689 5450 799 5518 agit
830 5453 1056 5519 gratias,
1082 5467 1137 5509 et
1170 5473 1360 5514 eorum
1387 5478 1486 5532 pro
1507 5466 1704 5534 quibus
1742 5445 2031 5540 supplicat.

443 5539 585 5600 Qum
600 5551 677 5591 cst
695 5557 821 5610 ergo
849 5545 1008 5610 ratio,
1025 5548 1166 5616 quod
1183 5551 1233 5603 in
1249 5551 1352 5605 hoc
1365 5553 1584 5623 quidem
1608 5558 1749 5613 facto
1763 5575 1822 5615 se
1839 5562 2036 5619 oﬂerre

454 5631 735 5682 ostendit?
763 5631 834 5686 lle
858 5649 995 5703 pane
1017 5639 1160 5692 enim
1192 5641 1509 5710 detrahens,
1535 5646 1586 5700 id
1622 5648 1730 5701 Deo
1759 5649 1920 5704 oﬁ‘ert
1941 5668 1956 5716 ;
1981 5660 2034 5706 et

442 5717 573 5770 suo
603 5738 707 5775 non
738 5739 876 5792 opus
899 5725 999 5780 fuit
1034 5731 1212 5784 verbis
1255 5749 1373 5801 qua:
1406 5737 1506 5792 hoc
1537 5739 1908 5808 signiﬁcarent
1935 5761 1948 5808 ;
1977 5743 2028 5798 iu

2145 4541 2220 4602 ὦν
2253 4550 2502 4619 ἱκετεύει,
2536 4556 2630 4610 καὶ
2653 4557 2892 4628 ζώντων,
2923 4565 3017 4616 καὶ
3042 4567 3414 4634 τεθνηκότων·
3445 4573 3589 4628 οὕτω
3630 4579 3726 4630 καὶ

2144 4644 2238 4697 ἐπὶ
2260 4646 2360 4712 τῆς
2387 4647 2673 4718 δευτέρας.
2714 4653 2873 4724 Ἔχει
2901 4656 2958 4710 δέ
2981 4659 3269 4732 διαφοράν.
3317 4665 3438 4720 Ἐπὶ
3471 4669 3570 4737 μὲν
3618 4671 3724 4740 γὰρ

2135 4740 2240 4807 τῆς
2267 4739 2552 4810 δευτέρας,
2591 4745 2684 4798 καὶ
2715 4745 2984 4817 διηγεῖται
3014 4752 3114 4822 τὴν
3147 4760 3556 4831 προσαγωγὴν·
3587 4739 3723 4832 φησὶ

2143 4830 2270 4900 γὰρ,
2312 4849 2331 4882 ι
2361 4833 2720 4923 Προσάγομέν
2760 4855 2843 4892 σοι
2872 4840 2970 4911 τὴν
2992 4843 3215 4917 λογικὴν
3267 4830 3484 4920 ταύτην
3506 4830 3724 4923 λατρεί-

2134 4938 2239 4976 ναν·
2258 4942 2275 4975 ι
2317 4925 2437 4993 μεθ’
2464 4919 2539 4979 ὧν
2568 4929 2750 5000 τίθησι
2781 4931 2881 4998 τὰς
2912 4935 3168 5007 ἀφορμὰς
3197 4941 3293 5009 τῆς
3325 4919 3714 5014 προσαγωγῆς,

2142 5014 2175 5084 ἢ
2214 5017 2514 5086 προὶέγων,
2544 5019 2576 5090 ἦ
2607 5022 2877 5091 ἐπιλέγων
2902 5028 3003 5098 τὴν
3039 5033 3259 5101 μνήμην
3281 5035 3390 5088 τῶν
3420 5036 3512 5090 τοῦ
3538 5038 3720 5108 Σωτῆ-

2146 5123 2236 5176 ρος
2260 5107 2462 5174 παθῶν,
2485 5111 2584 5182 τὴν
2607 5115 2831 5186 μνήμην
2866 5121 2973 5172 τῶν
3009 5123 3200 5190 ἁγίων.

2226 5199 2350 5253 Ἐπὶ
2383 5203 2439 5256 δὲ
2465 5207 2564 5274 τῆς
2594 5207 2819 5279 πρώτης
2874 5213 3042 5282 μόνας
3093 5216 3274 5286 τίθησι
3313 5221 3408 5284 τὰς
3461 5223 3718 5293 ἀφορμὰς

2139 5289 2239 5359 τῆς
2288 5301 2682 5369 προσαγωγῆς,
2709 5301 2914 5371 ὶέγωνο
2954 5307 3078 5370 «Εἰς
3109 5309 3418 5383 ἀνάμνησιν
3442 5289 3538 5369 tot?
3572 5289 3716 5370 diu-

2143 5384 2282 5450 ρίου,
2331 5387 2412 5449 είς
2463 5387 2620 5453 δόξαν
2666 5392 2766 5460 τῆς
2809 5395 3152 5466 Παναγίαςοι
3189 5404 3377 5458 καὶτὰ
3419 5406 3580 5478 ἐξῆς,
3628 5409 3716 5460 Ἐν

2136 5469 2216 5538 οἷς
2249 5477 2523 5546 μέμνηται
2551 5482 2645 5533 καὶ
2673 5483 2814 5554 ὑπὲρ
2849 5479 2925 5539 ὧν
2965 5490 3293 5562 εὐχαριστεῖ,
3321 5497 3428 5549 Καὶ
3460 5469 3617 5569 -ίίπέρ
3643 5493 3717 5553 ὧν

2140 5566 2397 5621 ἱκετεύει.
2425 5570 2520 5632 Τίς
2549 5569 2639 5624 οὖν
2671 5576 2697 5626 ὁ
2721 5574 2878 5642 λόγος
2907 5578 2987 5632 ὅτι
3016 5582 3074 5632 ἐν
3108 5582 3282 5654 ταύτῃ
3311 5586 3410 5653 μὲν
3436 5587 3581 5657 ἔργῳ
3605 5587 3716 5641 δεί-

2137 5673 2325 5709 χνυσιν
2353 5659 2433 5712 ὅτι
2469 5663 2800 5735 προσφέρει;
2835 5668 2926 5719 καὶ
2963 5669 3070 5740 γὰρ
3116 5673 3366 5742 ἀφαιρῶν
3408 5675 3501 5728 τοῦ
3547 5678 3714 5748 ἄρτου

2139 5747 2426 5819 ἀνατίθησι
2477 5752 2554 5821 τῷ
2583 5754 2722 5824 Θςῷ.
2760 5758 2864 5810 Καὶ
2888 5758 2974 5812 διὰ
3024 5763 3184 5816 τοῦτο
3228 5766 3323 5818 οὐκ
3373 5766 3567 5839 ἐδεήθη
3607 5769 3718 5824 τῶν
