4030 6476
352 341 454 402 Αδῖ

1599 323 1912 386 NICOLAI
1953 317 2348 379 CABASlLIE

3517 311 3619 372 488

351 467 439 506 tus
475 459 576 505 est.
614 448 751 514 Quis
791 445 936 502 enim
973 445 1170 508 lim-res,
1204 442 1307 496 nisi
1348 440 1525 496 (ilius?
1563 438 1703 503 Quid
1749 448 1929 490 autem
1960 483 1961 488 η

2066 430 2168 485 »εοῦ
2193 433 2542 502 γεννηθῆναι,
2564 432 2655 485 καὶ
2681 432 2757 497 είς
2784 429 2984 498 ταύτην
3016 429 3284 498 ἀναϐῇναι
3312 428 3409 498 τὴν
3435 427 3619 495 τιμὴν-

354 557 532 595 rerum
581 549 928 608 paternarum
974 537 1244 592 hatrcdem
1291 534 1522 604 eﬂ‘ugit?
1570 530 1738 586 Nihil.
1788 529 1935 594 Quo-

355 632 516 688 modo
540 646 672 701 ergo
703 632 940 700 petimus
973 629 1024 683 id
1050 628 1193 699 quod
1220 628 1332 697 jam
1365 627 1548 681 datum
1589 624 1709 679 est?
1744 623 1936 678 Aliena

355 743 383 778 a
431 724 667 779 ﬁliorum
716 723 1010 791 adoptione
1043 720 1517 790 'perpetravimus,
1551 728 1838 786 postquam
1871 729 1935 779 ex

357 819 467 872 Deo
501 817 616 870 nati
662 831 856 870 sumus
887 822 940 869 et
973 814 1039 868 ad
1080 828 1206 867 eum
1246 813 1509 867 honorem
1545 810 1934 878 pervenimus;

359 923 456 976 pro
508 907 632 961 ﬁliis
664 906 792 960 mali
837 906 980 959 servi
1013 905 1139 960 facti
1173 920 1385 968 sumus,
1410 911 1465 958 et
1500 909 1789 971 propterea
1822 908 1941 953 tan-

357 1016 522 1068 quam
557 1000 624 1053 de
674 1013 733 1052 re
784 997 959 1052 aliena
995 1007 1049 1051 et
1094 1013 1218 1066 quae
1246 995 1384 1049 nihil
1432 994 1498 1048 ad
1549 1007 1650 1046 nos
1679 993 1936 1062 pertinet,

361 1094 758 1163 supplicamus.
783 1090 926 1160 Ergo
953 1105 1050 1144 nos
1081 1105 1300 1160 quoque
1327 1089 1492 1158 hujus
1519 1085 1941 1156 supplicationis

367 1187 522 1239 nobis
567 1199 747 1239 causa:
781 1199 997 1239 sumus.
1029 1182 1102 1237 De
1137 1182 1296 1237 bonis
1330 1193 1513 1234 autem
1563 1179 1940 1249 corporalibus

361 1278 527 1346 jussit
551 1276 816 1331 Dominus
859 1294 872 1330 :
913 1294 930 1326 ι
959 1275 1129 1330 Petite
1178 1273 1413 1343 primum
1472 1286 1700 1340 regnum
1754 1271 1851 1326 Dei
1889 1279 1944 1325 et

362 1369 656 1438 justitiam,
692 1378 747 1423 et
791 1368 910 1422 ha‘c
945 1367 1128 1421 omnia
1183 1365 1513 1435 adjicientur
1562 1364 1752 1431 vobis;
1787 1382 1805 1416 ι
1845 1373 1896 1418 et
1929 1384 1940 1419 :

372 1481 390 1513 ι
425 1460 502 1514 Ne
535 1462 656 1515 sitis
678 1460 894 1516 solliciti
926 1461 989 1513 de
1014 1458 1374 1520 nutrimento,
1402 1466 1455 1510 et
1481 1456 1550 1510 de
1582 1454 1943 1518 indumentis,

365 1563 420 1608 et
457 1551 617 1606 Pater
648 1562 832 1606 vester
861 1551 1101 1605 cmlestis
1137 1548 1405 1618 quidquid
1435 1564 1574 1618 opus
1596 1548 1781 1615 fuerit,
1813 1565 1946 1619 snp-

369 1644 658 1712 peditahit.
691 1663 708 1696 ι
749 1642 862 1698 Nos
913 1651 1095 1697 autem
1153 1641 1374 1708 quando
1429 1642 1510 1696 cis
1569 1656 1817 1710 egemus,
1863 1641 1946 1696 vel

370 1745 593 1804 pr0pter
634 1734 948 1790 socordiam
1000 1741 1054 1787 et
1106 1730 1486 1786 infelicitatem
1544 1742 1792 1786 nostram
1845 1733 1947 1787 hoc

372 1825 635 1894 patimur,
660 1833 714 1878 et
747 1823 895 1893 quod
928 1822 995 1876 de
1023 1822 1103 1876 eis
1139 1830 1466 1890 praeceptum
1495 1835 1605 1875 non
1631 1811 1948 1884 servamnsi

381 1926 438 1970 et
478 1928 606 1970 tunc
632 1924 852 1985 eges-las
894 1923 1140 1969 nostrum
1175 1923 1258 1967 est.
1297 1927 1460 1980 Opus,
1493 1921 1548 1966 et
1580 1927 1703 1981 quae
1735 1924 1956 1982 propter

373 2024 492 2064 eam
537 2009 596 2068 ﬁt
631 2007 959 2077 supplicatio
1001 2022 1016 2060 :
1051 2006 1134 2060 vel
1174 2014 1395 2074 propter
1427 2005 1518 2060 Dei
1553 2005 1954 2075 providentiam

374 2111 430 2156 et
459 2099 874 2168 benignitatem,
904 2098 1051 2152 sicut
1097 2095 1225 2160 Job,
1253 2108 1312 2150 ut
1345 2097 1553 2164 majora
1597 2105 1653 2151 et
1690 2107 1958 2166 praestan—

378 2196 515 2248 tiora
547 2193 691 2246 bona
737 2205 1165 2259 consequamur.
1213 2188 1280 2244 Et
1312 2199 1447 2242 tunc
1478 2188 1568 2242 illa
1602 2197 1817 2258 egestas
1865 2191 1956 2244 Dei

376 2301 514 2354 opus
548 2294 668 2348 est,
721 2299 827 2338 non
855 2283 1064 2352 praebet
1099 2291 1280 2336 autem
1309 2281 1578 2336 orationis
1608 2289 1702 2335 aut
1740 2282 1956 2349 suppli-

377 2374 632 2439 cationis,
666 2372 758 2428 sed
802 2371 1222 2441 gloriﬁcationis
1262 2380 1316 2424 et
1363 2371 1670 2439 gratiarum
1721 2371 1958 2425 actionis

379 2463 692 2517 materiam.
731 2461 1203 2526 Quemadmodum
1241 2460 1344 2516 Joh
1384 2461 1645 2516 diccbat:
1695 2479 1712 2513 ι
1746 2462 1828 2517 Sit
1857 2477 1956 2516 no—

379 2570 506 2609 men
548 2555 761 2609 Domini
805 2554 1151 2608 benedictum
1191 2553 1243 2607 in
1278 2555 1536 2608 saeculum
1573 2555 1778 2609 saeculi.
1809 2575 1828 2608 ι
1870 2553 1960 2609 Vi-

379 2647 476 2700 des
509 2649 653 2714 quod
689 2646 871 2699 omnia
903 2661 1025 2715 quat
1069 2661 1098 2700 a
1131 2644 1240 2700 Deo
1275 2646 1326 2698 in
1378 2662 1480 2700 nos
1513 2647 1958 2715 proﬁciscuntur,

382 2753 482 2792 nos
511 2739 577 2791 ad
607 2737 1058 2806 gloriﬁcationem
1093 2747 1145 2791 et
1195 2739 1494 2807 gratiarum
1538 2739 1805 2794 actionem
1847 2752 1961 2793 tau-

381 2842 494 2885 tuut
524 2831 828 2894 deducunt,
861 2830 1170 2884 orationum
1200 2840 1382 2884 autem
1414 2839 1466 2885 et
1497 2833 1959 2901 supplicationum

385 2941 487 2978 nos
526 2937 707 2977 causa:
741 2937 954 2977 sumus.
989 2920 1285 2991 Propterea
1319 2925 1564 2978 ontnium
1601 2925 1872 2979 bonorum
1910 2932 1964 2980 et

385 3015 632 3084 corporis
663 3023 716 3068 et
741 3013 960 3077 animm,
1005 3014 1058 3066 in
1094 3014 1300 3069 nostris
1347 3014 1414 3068 ad
1451 3013 1617 3069 Deum
1654 3018 1966 3083 interpella-

2039 523 2157 575 ἀντὶ
2195 522 2322 576 υίῶν
2351 524 2579 593 πόνηροι
2607 523 2784 576 δοῦλοι
2816 522 3127 591 γεγόναμεν
3155 538 3167 552 ·
3206 521 3300 573 καὶ
3334 521 3422 572 διὰ
3458 519 3620 572 τοῦτο

2043 615 2118 676 ὡς
2153 616 2281 686 περὶ
2319 615 2603 685 ἀλλοτρίου
2638 614 2989 684 πράγματος,
3027 613 3126 666 καὶ
3157 611 3310 666 οὐεὲν
3342 612 3476 680 ἡμῖν
3507 610 3623 662 δια-

2039 707 2296 776 φέροντος
2325 707 2665 775 ἱκετεύομεν.
2686 705 2897 760 Οὐκοῦν
2921 705 3017 760 καὶ
3035 706 3248 774 ταύτης
3273 704 3432 773 ἡμεῖς
3459 704 3628 772 έσμῖν

2040 797 2206 850 αἴτιοι
2239 797 2342 865 τῆς
2373 798 2582 860 ἱκεσίας
2613 800 2748 869 ἡμῖν
2781 799 2987 856 αὐτοῖς.
3024 799 3160 865 Περὶ
3197 795 3253 849 δὲ
3296 797 3402 849 τῶν
3438 811 3631 862 σωμα-

2041 889 2208 944 τικῶν
2239 889 2459 957 ἀγαθῶν
2507 893 2534 943 6
2567 891 2772 963 Κύριος
2821 891 3144 944 ὲκελέυσενο
3176 909 3195 942 ι
3233 889 3446 942 Αἰτεῖτε
3480 887 3634 958 πρῶ-

2029 965 2134 1034 ’τον
2164 982 2264 1052 τὴν
2293 982 2575 1053 βασιλείαν
2604 983 2699 1036 τοῦ
2733 983 2890 1046 Θεοῦ,
2923 981 3015 1034 καὶ
3043 981 3220 1034 ταῦτα
3252 981 3430 1032 πάντα
3465 995 3633 1045 προσ-

2042 1071 2332 1141 τεθήσεται
2371 1075 2534 1142 ὑμῖν,
2583 1094 2599 1126 ι
2641 1076 2773 1128 καί·
2824 1093 2842 1126 ι
2888 1075 2973 1142 Μὴ
3010 1073 3312 1142 μεριμνᾶτε
3359 1070 3489 1139 περὶ
3530 1073 3628 1137 τῆς

2042 1165 2268 1233 τροφῆς,
2298 1168 2389 1218 καὶ
2410 1165 2722 1235 ἐνδυμάτων
2746 1181 2760 1196 ο
2792 1166 2883 1219 καὶ
2906 1167 2932 1218 6
2954 1166 3138 1234 Πατὴρ
3161 1163 3316 1232 ὐμῶν
3337 1165 3363 1214 6
3385 1161 3636 1230 οὐράνιος

2047 1258 2228 1308 πᾶσαν
2253 1258 2553 1328 χορηγήσει
2581 1258 2678 1325 τὴν
2700 1258 2913 1328 χρείαν.
2939 1277 2954 1308 ι
2993 1255 3183 1324 Ἡμεῖς
3204 1254 3258 1306 δὲ
3293 1253 3512 1305 ἐπειδὰν
3538 1253 3638 1304 αὐ-

2049 1347 2154 1400 τῶν
2178 1349 2369 1411 ἐνδεῶς
2389 1349 2608 1420 ἔχομεν,
2627 1350 2660 1419 ἢ
2678 1351 2764 1404 διά
2784 1350 3056 1421 ρᾳθυμίαν
3103 1348 3462 1402 καὶάπιστίαν
3478 1345 3640 1398 τοῦτο

2051 1441 2357 1509 πάσχομεν,
2402 1443 2496 1494 καὶ
2519 1441 2581 1492 τὸ
2615 1440 2689 1511 μὴ
2726 1441 2964 1511 τηρῆσαι
2999 1440 3098 1510 τὴν
3127 1438 3256 1505 περὶ
3287 1436 3465 1491 αὐτῶν
3494 1439 3642 1488 ὲντοο

2049 1529 2145 1595 λήν
2166 1546 2178 1559 ·
2203 1531 2298 1583 καὶ
2317 1530 2438 1583 τότε
2460 1531 2492 1602 ή
2518 1530 2695 1584 ἔνδεια
2717 1530 2877 1601 ἔργον
2899 1529 3190 1600 ἡμέτερον,
3218 1529 3306 1580 κατ
3334 1527 3450 1598 ήδι⁹
3470 1526 3643 1595 αὐτὴν

2057 1622 2273 1677 ἱκεσία·
2321 1624 2352 1693 ἢ
2401 1625 2634 1695 προνοίᾳ
2678 1623 2839 1688 Θεοῦ,
2882 1624 2976 1676 καὶ
3014 1620 3416 1692 φιλανθρωπίᾳ,
3451 1619 3640 1687 ὥσπερ

2052 1716 2079 1765 ὁ
2150 1714 2293 1780 Ίὼσ,
2343 1716 2430 1769 ἵνα
2497 1717 2762 1786 μειζόνων
2817 1715 3072 1785 τύχωμεν
3122 1714 3217 1766 καὶ
3270 1711 3640 1780 τιμιωτέρων.

2060 1807 2169 1861 Καὶ
2199 1807 2322 1860 τότε
2366 1809 2399 1877 ἡ
2430 1807 2605 1860 ἔνδεια
2649 1807 2831 1877 εκείνη
2864 1807 2978 1860 ἐστὶ
3014 1805 3111 1873 μὲν
3154 1803 3246 1857 τοῦ
3290 1803 3425 1856 Θεοῦ
3459 1803 3642 1870 ἔργον,

2057 1900 2173 1951 ἐστι
2195 1899 2251 1952 δὲ
2278 1900 2338 1952 οὐ
2360 1897 2597 1970 δεήσεώς
2620 1916 2762 1962 τινος
2793 1899 2884 1952 καὶ
2910 1898 3140 1960 ἱκεσίας,
3167 1897 3304 1950 ἀλλὰ
3327 1895 3639 1962 δοξολογίας

2056 1991 2284 2060 ἀφορμὴ
2339 1991 2435 2044 καὶ
2516 1989 2892 2060 εὐχαριστίας.
2939 1989 3151 2058 Ὠσπερ
3185 1990 3214 2040 6
3255 1985 3376 2039 Ἰὼϐ
3423 1986 3639 2053 ἔλεγεν·

2066 2098 2084 2133 ι
2122 2080 2221 2150 Εῐη
2250 2080 2310 2134 τὸ
2333 2080 2503 2150 ὄνομα
2536 2080 2744 2150 Κυρίου
2779 2079 3145 2148 εὐλογημένον
3173 2078 3279 2131 ἀπὸ
3301 2077 3394 2130 τοῦ
3429 2078 3523 2130 νῦν
3547 2077 3644 2131 καὶ

2060 2175 2138 2233 είς
2171 2173 2298 2233 τοὺς
2321 2171 2544 2234 αίῶνας.
2583 2191 2602 2225 ι
2651 2171 2812 2242 Ὀρᾷς
2839 2172 2920 2224 ὅτι
2949 2173 3016 2224 τά
3047 2172 3198 2241 παρὰ
3219 2170 3314 2224 τοῦ
3343 2170 3480 2222 Θεοῦ
3512 2170 3646 2238 πρὸς

2061 2266 2208 2335 ἡμᾶς
2237 2266 2456 2318 ἅπαντα
2487 2265 2621 2333 πρὸς
2645 2266 2960 2335 δοξολογίαν
2989 2266 3082 2318 καὶ
3108 2264 3462 2334 εὐχαριστίαν
3493 2261 3646 2332 φέρει

2066 2357 2227 2424 μόνον
2283 2373 2299 2387 ·
2348 2359 2460 2410 τῶν
2512 2357 2570 2412 δὲ
2620 2359 2836 2411 ίκεσιῶν
2875 2357 3080 2410 τούτων
3128 2359 3220 2411 καὶ
3258 2357 3367 2410 τῶν
3412 2355 3648 2425 δεήσεων

2061 2448 2222 2516 ἡμεῖς
2252 2447 2434 2499 αἴτιοι.
2463 2447 2559 2499 Διὰ
2586 2447 2743 2501 τοῦτο
2773 2448 2998 2501 πάντων
3026 2449 3134 2501 τῶν
3156 2449 3393 2516 ἀγαθῶν,
3425 2447 3518 2500 καὶ
3539 2448 3648 2500 τῶν

2064 2540 2398 2604 σωματικῶν
2420 2576 2434 2599 ,
2472 2539 2566 2590 καὶ
2615 2538 2724 2590 τῶν
2755 2538 2856 2605 τῆς
2889 2538 3070 2608 ψυχῆς
3103 2540 3159 2591 ὲν
3190 2541 3308 2601 ταῖς
3340 2539 3478 2608 πρὸς
3517 2539 3648 2592 Θεὸν

2062 2628 2302 2696 ὁμιλίαις
2331 2627 2785 2697 μνημονεύοντες,
2809 2627 2897 2679 ἐπ’
2920 2628 3239 2700 εὐχαριστίᾳ
3267 2633 3484 2682 πάντων
3515 2647 3649 2697 μνη-

2067 2718 2387 2788 μονεύομεν,
2461 2719 2570 2770 εἴτε
2613 2717 2878 2788 πάρεστιν
2921 2722 3055 2791 ἡμῖν
3121 2723 3355 2785 ἃπαντα,
3406 2723 3515 2774 εἴτε
3551 2722 3644 2791 μή.

2077 2811 2313 2872 Ἐκεῖνος
2348 2811 2455 2878 γὰρ
2488 2811 2631 2877 ἅπαξ
2661 2809 2859 2864 ἔδωκεν
2891 2812 3130 2880 ἅπαντα,
3157 2814 3252 2866 καὶ
3280 2815 3432 2866 οὐδὲν
3467 2815 3647 2883 ἀφῆκε

2068 2904 2198 2970 παρ’
2227 2903 2424 2972 ἑαυτῷ.
2455 2903 2560 2955 Καὶ
2585 2905 2743 2957 τοῦτο
2795 2905 2950 2968 εἰδὼς
2973 2908 3000 2959 ὁ
3025 2907 3292 2977 μακάριος
3335 2907 3651 2970 Ἀπόστολος

2067 2997 2320 3048 ἐκέλευσε
2349 2994 2562 3047 πάντων
2585 2994 2748 3049 ἓνεκα
2770 2999 3137 3068 εὐχαριστεῖν,
3157 3002 3384 3068 γράφων
3406 3017 3418 3028 ·
3453 3020 3471 3052 ι
3505 2999 3617 3054 Πάν
3633 3030 3652 3041 ο

386 3106 630 3160 tionibus
666 3105 987 3158 memoriam
1032 3102 1314 3169 facientes,
1350 3121 1378 3159 a
1443 3107 1740 3177 gratiarum
1789 3109 1961 3162 actio-

2066 3105 2187 3140 τοτε
2220 3090 2472 3159 χαίρετε,
2508 3091 2564 3142 ὲν
2600 3089 2763 3142 παντὶ
2794 3090 3191 3159 εὐχαριστεῖτε.
3246 3111 3265 3142 ι
3309 3092 3512 3148 Τούτου
3551 3095 3651 3162 χάο

385 3213 509 3251 nem
554 3196 798 3250 omnium
832 3197 1415 3252 commemorationem
1463 3197 1717 3263 facimus,
1754 3199 1870 3254 sive
1905 3216 1967 3253 ea

386 3289 546 3344 nobis
575 3287 756 3342 adsint
787 3287 902 3342 sive
939 3304 1045 3342 non
1078 3289 1282 3342 adsint.
1323 3288 1419 3343 Ille
1453 3289 1597 3343 enim
1627 3291 1794 3344 semel
1823 3290 1971 3345 dedit

386 3381 594 3444 omnia,
645 3391 700 3436 et
739 3382 880 3450 apud
927 3397 986 3437 se
1036 3381 1173 3436 nihil
1223 3381 1465 3449 reliquit.
1522 3381 1590 3434 Et
1635 3382 1739 3435 hoc
1788 3383 1970 3438 sciens

386 3474 580 3529 beatus
616 3472 820 3528 Paulus
867 3473 1033 3543 jussit
1085 3489 1182 3543 pro
1231 3473 1487 3527 omnibus
1534 3473 1740 3542 gratias
1789 3489 1970 3543 agere,

390 3569 685 3623 scribens:
728 3585 745 3619 ι
777 3567 1004 3636 Semper
1048 3566 1299 3635 gaudete,
1349 3566 1404 3619 in
1455 3565 1714 3620 omnibus
1766 3567 1971 3636 gratias

389 3660 552 3730 agite.
583 3680 600 3712 ›
638 3658 750 3715 Hac
793 3661 858 3715 de
903 3674 1066 3713 causa
1115 3658 1570 3728 perfectissimam
1602 3667 1651 3710 et
1685 3659 1973 3715 exactissi-

389 3768 533 3806 ruam
588 3763 831 3806 nostrain
876 3767 1002 3806 cum
1060 3752 1170 3806 Deo
1223 3749 1688 3815 collocutionem,
1730 3752 1972 3820 mysterii

392 3845 798 3899 communionis
851 3843 1302 3904 eelebraiionem,
1368 3842 1421 3895 in
1485 3857 1593 3910 quo
1639 3842 1970 3898 mentionem

393 3936 646 3999 iacimus,
685 3950 792 3990 non
827 3935 993 4000 hujus
1020 3935 1105 3988 vel
1141 3933 1292 3987 illius
1326 3933 1536 4002 gratizr,
1572 3934 1664 3988 sed
1702 3936 1971 4000 Omnium,

395 4039 451 4080 ιιι
493 4027 662 4081 semel
709 4026 910 4091 dicam,
945 4026 1038 4079 Dei
1077 4026 1366 4086 bonorutn,
1408 4033 1462 4077 et
1503 4041 1624 4093 qua:
1655 4034 1778 4080 actu
1817 4027 1974 4082 nobis

394 4127 523 4172 sunt
557 4128 610 4171 et
641 4117 827 4171 futura
857 4121 1010 4180 Sunt,
1045 4113 1475 4180 Eucliaristiam,
1509 4114 1614 4170 hoc
1640 4124 1743 4183 est,
1777 4117 1978 4187 gratia-

395 4226 518 4265 rum
569 4208 864 4270 actionem,
912 4206 1198 4260 nominare
1227 4216 1347 4260 erat
1379 4219 1834 4271 consentaneum,
1867 4225 1974 4264 non

396 4316 461 4354 ex
499 4298 566 4352 iis
603 4312 724 4365 quae
758 4297 811 4348 in
842 4283 1062 4350 miseria
1099 4306 1382 4351 versantes
1421 4306 1476 4351 et
1524 4313 1642 4352 eam
1677 4298 1975 4367 imploran-

399 4400 479 4444 tes
514 4402 798 4457 rogamus,
844 4387 938 4442 sed
979 4403 1046 4442 ex
1096 4387 1164 4441 iis
1208 4402 1329 4456 qua:
1374 4386 1518 4443 Deus
1550 4389 1601 4441 in
1643 4403 1741 4441 nos
1764 4389 1977 4442 confert

2073 3201 2157 3252 ριν
2185 3185 2283 3256 τὴν
2309 3188 2667 3257 τελειωτάτην
2689 3189 2780 3240 καὶ
2801 3187 3206 3257 ἀκριΰεστὰτην
3236 3188 3369 3256 προς
3397 3187 3529 3239 Θεὸν
3553 3187 3652 3256 τὴν

2071 3275 2326 3344 ὁμιλίαν,
2375 3278 2474 3350 τὴν
2538 3279 2640 3348 τῆς
2693 3281 2978 3342 κοινωνίας
3027 3279 3269 3349 τελετὴν,
3323 3281 3380 3333 ὲν
3520 3297 3656 3350 μνη-

2077 3368 2422 3438 μονεύομεν,
2479 3372 2538 3424 οὐ
2598 3372 2844 3443 ταύτης,
2900 3377 2932 3440 ἢ
2983 3372 3204 3437 ἐκείνης
3250 3372 3343 3438 τῆς
3390 3374 3654 3443 χάριτος,

2079 3458 2215 3512 ἀλλὰ
2260 3461 2482 3515 πάντων
2543 3463 2728 3526 ἁπλῶς
2786 3463 2894 3515 τῶν
2949 3465 3012 3516 ὲκ
3069 3462 3205 3515 Θεοῦ
3260 3463 3503 3530 ἀγαθῶν,
3565 3465 3657 3517 καὶ

2075 3550 2247 3604 όντων
2290 3555 2423 3622 ἡμῖν
2478 3555 2731 3624 ἐνεργείᾳ
2783 3555 2876 3608 καὶ
2934 3555 3231 3621 ἐσομένων,
3291 3555 3657 3622 Εὐχαριστίαν

2075 3643 2363 3710 ὀνομάζειν
2415 3645 2563 3710 εἰκὸς
2617 3642 2707 3712 ἦν,
2742 3647 2842 3699 οὐκ
2903 3646 2963 3710 ἐξ
3016 3639 3090 3698 ὧν
3139 3647 3297 3714 ἡμεῖς
3335 3646 3660 3716 δυστυχοῦν-

2074 3752 2163 3798 τες
2209 3736 2462 3805 δεόμεθα,
2513 3739 2808 3801 καλοῦντες
2849 3740 3038 3810 αὐτὴν,
3094 3735 3210 3791 ἀλλ’
3271 3741 3328 3806 ἐξ
3382 3734 3456 3794 ὧν
3509 3743 3659 3812 ἡμᾶς

2074 3827 2100 3876 ὁ
2152 3826 2281 3889 Θεὸς
2319 3830 2623 3898 εὐεργετεῖ,
2673 3831 2784 3884 οὐδ’
2814 3833 2924 3885 ἀπὸ
2965 3834 3065 3902 τῆς
3132 3837 3404 3907 ἡμετέρας
3447 3837 3658 3900 πενίας,

2074 3920 2188 3972 ἀλλ’
2240 3921 2348 3974 ἀπὸ
2418 3923 2512 3975 τοῦ
2569 3924 2801 3976 πλούτου
2851 3927 2950 3994 τῆς
3001 3928 3210 3980 ἐκείνου
3265 3930 3652 3998 χρηστότητος.

2087 4010 2240 4062 Ἐπεὶ
2272 4013 2381 4080 γὰρ
2411 4015 2502 4064 καὶ
2533 4014 2849 4085 ἱκετεύομεν
2877 4019 2935 4070 ἐν
2966 4019 3101 4088 αὐτῇ
3133 4021 3223 4072 τὸν
3254 4021 3407 4086 Θεὸν,
3443 4023 3536 4072 καὶ
3565 4023 3659 4072 εὐ-

2077 4105 2472 4172 χαριστοῦμεν,
2511 4106 2628 4158 ἀλλ’
2658 4110 2690 4177 ή
2723 4108 2823 4176 μὲν
2852 4111 3176 4180 εὐχαριστία
3201 4112 3337 4165 Θεοῦ
3368 4113 3548 4182 ἔργον,
3581 4112 3660 4175 ὡς

2076 4194 2293 4264 εἴρηται
2315 4214 2328 4226 ⁶
2353 4198 2384 4267 ἠ
2406 4197 2461 4250 δὲ
2492 4200 2670 4253 ίκεσία
2699 4203 2800 4269 τῆς
2833 4203 3182 4273 ἀνθρωπίνης
3215 4205 3521 4266 ἀσθενείας.
3552 4208 3660 4258 Καὶ

2079 4287 2110 4356 ή
2161 4287 2260 4355 μὲν
2295 4290 2618 4360 εὐχαριστία
2652 4293 2744 4346 ἐπὶ
2793 4294 3057 4360 πλείοσιν,
3093 4298 3126 4366 ἠ
3179 4297 3236 4350 δὲ
3287 4297 3466 4351 ίκεσία
3519 4298 3662 4369 ὑπὲρ

2080 4379 2382 4434 ἐλαττόνων
2405 4398 2419 4414 ο
2456 4385 2488 4454 ή
2531 4383 2628 4452 μὲν
2664 4387 2773 4456 γὰρ
2809 4387 2900 4440 ἐπὶ
2931 4391 3096 4441 πᾶσιν
3126 4390 3312 4453 ἁπλῶς
3343 4390 3591 4459 ἀγαθοῖς,
3624 4392 3659 4460 ὴ

398 4481 714 4545 beneﬁciis;
765 4495 863 4534 nec
916 4495 982 4534 ex
1013 4489 1202 4533 nostra
1234 4489 1576 4549 paupertate,
1618 4481 1710 4534 sed
1744 4496 1809 4534 ex
1839 4481 1961 4535 divi‘

2080 4474 2137 4524 δὲ
2186 4473 2273 4526 ἐπ’
2325 4473 2484 4527 ἐνίων
2519 4489 2532 4502 ·
2573 4475 2660 4527 διά
2696 4476 2852 4530 τοῦτο
2895 4479 3003 4532 ἀπὸ
3045 4480 3155 4532 τῶν
3206 4481 3531 4551 κρειττόνων
3567 4483 3664 4536 καὶ

401 4573 496 4626 tiis
538 4573 684 4627 illius
731 4571 1108 4638 benignitatis.
1139 4571 1277 4639 Quia
1318 4573 1462 4627 enim
1512 4571 1564 4626 in
1606 4587 1670 4627 ea
1704 4571 1814 4628 Deo
1842 4589 1978 4643 sup-

402 4667 692 4735 plicamus,
719 4675 772 4720 ct
795 4667 1000 4736 gratias
1024 4667 1236 4736 agimus
1260 4681 1272 4717 :
1303 4665 1394 4719 sed
1420 4666 1723 4735 gratiarum
1759 4666 1980 4734 quidem

403 4759 546 4812 aetio
599 4757 692 4812 Dei
724 4774 862 4828 opus
885 4767 988 4823 est,
1025 4767 1084 4811 ut
1119 4757 1325 4812 dictum
1349 4768 1463 4822 est;
1496 4755 1824 4826 supplicatio
1854 4771 1984 4810 vero

405 4841 667 4901 humana:
697 4848 1092 4902 imbecillitatis
1119 4865 1132 4900 :
1171 4858 1222 4902 et
1245 4847 1546 4917 gratiarum
1573 4847 1792 4915 quidem
1818 4848 1982 4911 actio,

409 4949 631 5008 propter
672 4940 860 5008 plura;
911 4941 1242 5010 supplicatio
1285 4955 1437 5003 vero,
1468 4954 1566 5007 pro
1603 4939 1977 5006 paucioribus.

411 5033 502 5085 Illa
546 5031 691 5084 enim
726 5041 948 5101 propter
991 5033 1198 5096 omnia,
1246 5039 1305 5084 ιιι
1351 5029 1518 5083 semel
1560 5029 1762 5093 dicam,
1798 5030 1983 5083 bona:

412 5122 526 5175 hanc
571 5133 721 5181 vero,
777 5119 832 5171 in
885 5120 1197 5183 nonnullis;
1255 5127 1539 5187 propterea
1591 5118 1875 5185 oportebat
1918 5133 1986 5172 ex

413 5210 734 5264 melioribus
762 5219 818 5264 et
853 5211 1102 5278 pluribus
1129 5211 1179 5264 ci
1213 5211 1434 5264 nomine
1482 5209 1763 5278 imposito,
1793 5211 1982 5278 appel-

414 5303 526 5355 lare
584 5301 984 5356 Eucbat'istiam
1021 5302 1115 5372 (ita
1174 5302 1317 5356 enini
1362 5301 1526 5354 etiam
1571 5301 1735 5353 homo
1784 5301 1985 5355 dicitur

414 5390 615 5444 animal
665 5390 878 5444 ratione
925 5391 1236 5460 praeditum,
1271 5390 1398 5442 licet
1425 5389 1497 5444 sit
1537 5390 1770 5458 alicujus
1812 5392 1985 5460 parti-

2085 4567 2351 4620 πλειόνων
2397 4567 2503 4619 ἔδει
2543 4567 2786 4638 τοῦνομα
2833 4571 2968 4640 αὐτῇ
3013 4571 3272 4642 θεμένους
3311 4573 3664 4642 εὐχαριστίαν

2085 4659 2376 4731 ὀνομάζειν
2431 4659 2595 4730 (οὓτω
2627 4663 2737 4734 γὰρ
2783 4665 2880 4716 καὶ
2913 4665 2941 4716 ό
2970 4665 3255 4733 ἄνθρωπος
3286 4664 3500 4733 λογικὸν
3526 4665 3666 4729 ζῶον

2079 4752 2324 4818 λέγεται,
2362 4752 2456 4805 καί
2486 4770 2568 4805 τοι
2599 4753 2697 4806 καὶ
2727 4754 2928 4821 ἀλόγου
2963 4758 3105 4818 τινὸς
3143 4759 3405 4828 μετέχων,
3436 4759 3543 4812 ἀπὸ
3569 4758 3664 4810 τοῦ

2091 4844 2402 4914 κρείττονος
2440 4845 2538 4897 καὶ
2571 4844 2818 4914 μείζονος
2850 4847 3048 4916 μέρους
3079 4848 3456 4918 καλούμενος),
3490 4847 3667 4910 ἄλλως

2091 4936 2136 4986 θ’
2171 4936 2252 4988 ὅτι
2295 4937 2322 4987 6
2367 4936 2585 5003 πρῶτος
2619 4937 2790 5008 αὐτὴν
2823 4939 3165 5004 καταδείξας,
3207 4942 3235 4994 6
3269 4941 3472 5011 Κύριος
3508 4941 3668 5011 ἡμῶν

2090 5023 2298 5093 Ἰησοῦς
2313 5025 2568 5094 Χριστος,
2587 5027 2686 5096 οὐχ
2705 5028 2980 5091 ἱκετεύων,
2995 5029 3130 5082 ἀλλὰ
3149 5030 3310 5099 μόνον
3327 5032 3666 5102 εὐχαριστῶν

2092 5115 2168 5185 τῷ
2206 5117 2418 5184 [Ia-cpi,
2453 5124 2657 5188 ταύτην
2689 5119 2905 5171 ἐτέλεσε
2948 5121 3040 5172 καὶ
3074 5121 3357 5191 παρέδωκε
3387 5122 3486 5192 τὴν
3517 5123 3669 5174 τελε-

2094 5211 2194 5276 τήν
2212 5221 2226 5237 ⁶
2244 5212 2336 5262 καὶ
2361 5210 2552 5262 τούτου
2583 5211 2740 5280 χάριν
2773 5213 2803 5282 ή
2843 5211 3152 5282 Ἐκκλησία,
3172 5214 3308 5284 ὅπερ
3341 5214 3506 5268 οὖσαν
3532 5233 3669 5286 παρ-

2095 5301 2283 5354 έλαϐεν
2303 5302 2494 5372 αὐτὴν,
2520 5303 2678 5355 τοῦτο
2711 5304 2886 5368 καλεῖ,
2917 5304 3268 5375 εὐχαριστίαν
3298 5307 3664 5376 ὀνομάζουσα.

2099 5395 2206 5446 Καὶ
2236 5394 2408 5446 ταῦτα
2446 5394 2543 5462 μὲν
2578 5396 2655 5457 εἰς
2686 5393 2963 5450 τοσοῦτον.

415 5499 546 5551 ceps
577 5483 722 5551 quod
759 5494 910 5537 caret
941 5483 1383 5553 ratione,utqui
1416 5500 1443 5538 a
1473 5484 1686 5538 meliori
1721 5495 1772 5536 ct
1843 5485 2034 5554 majori
2113 5495 2264 5553 parte
2315 5487 2590 5556 vocetur).
2635 5499 2688 5541 et
2744 5488 2982 5542 maxime
3030 5489 3156 5557 quia
3208 5493 3418 5560 primus
3472 5496 3560 5561 qui
3614 5491 3666 5544 id

418 5578 680 5641 ostendit,
715 5576 981 5632 Dominus
1016 5586 1205 5632 noster
1235 5576 1395 5632 Jesus
1423 5577 1698 5643 Christus,
1731 5593 1837 5630 non
1873 5579 2215 5647 supplicans,
2251 5580 2344 5632 sed
2383 5581 2560 5633 solum
2597 5580 2743 5634 Patri
2777 5598 2946 5651 agens
3013 5585 3238 5652 gratias,
3305 5587 3410 5640 hoc
3472 5593 3672 5656 myste-

423 5671 560 5722 rium
588 5671 868 5739 peregitel
895 5671 1154 5726 tradidit:
1183 5680 1237 5727 et
1260 5687 1322 5726 ea
1354 5675 1421 5728 dc
1447 5687 1638 5738 causa,
1673 5672 1820 5742 quod
1857 5673 1988 5726 illud
2031 5687 2153 5725 csse
2207 5673 2438 5742 accepit,
2487 5675 2588 5729 hoc
2626 5686 2806 5739 vocat,

425 5761 489 5816 Et
521 5762 635 5817 lucc
665 5764 882 5833 quidem
918 5765 1210 5822 hactenus.

2882 5677 3278 5732 Eucharistiain
3356 5679 3673 5735 noininans.
