4030 6450
453 514 566 578 :491
1696 511 2014 570 NlCOLAl
2070 509 2459 569 causam
3608 512 3719 576 4‘92

465 645 566 685 nor
591 637 644 682 ct
692 624 938 681 ailoratio
970 659 988 688 ,
1023 622 1114 693 qui
1147 632 1230 679 est
1281 637 1404 678 cum
1436 621 1593 676 Patre
1617 619 1735 691 ejus
1770 621 2037 691 principio

2141 621 2238 674 καὶ
2293 620 2371 690 τῷ
2421 619 2674 690 παναγίῳ
2723 620 2815 672 καὶ
2867 617 3059 688 ἀγαθῷ
3118 619 3211 673 καὶ
3247 617 3498 686 ζωοποιῷ
3549 619 3716 672 αὑτοῦ

464 729 684 774 carente
717 761 730 784 ,
757 725 810 770 ct
859 714 1210 771 sanctissimo
1275 725 1329 770 et
1371 714 1514 769 bono
1567 721 1621 768 et
1651 713 1864 768 viviﬁco
1915 713 2034 781 ejus

2144 717 2443 785 Πνεύματι,
2473 714 2568 769 νῦν
2598 715 2692 768 καὶ
2714 715 2802 770 ἀεὶ
2832 713 2928 770 καὶ
2951 715 3036 778 εἰς
3064 714 3188 778 τοὺς
3215 713 3417 776 αἰῶνας
3442 711 3551 766 τῶν
3589 712 3719 768 αἰώ-

465 811 670 882 Spiritu
713 850 727 875 ,
761 823 905 864 nunc
931 815 985 864 et
1032 822 1245 878 semper
1279 849 1293 874 ,
1339 817 1393 862 et
1459 806 1512 860 in
1565 806 1761 862 saecula
1802 807 2034 862 saeculo-

931 815 985 864 et
1032 822 1245 878 semper
1279 849 1293 874 ,
1339 817 1393 862 et
1459 806 1512 860 in
1565 806 1761 862 saecula
1802 807 2034 862 saeculo-
2129 791 2265 861 ’νων.
2311 807 2504 878 Ἀμήν.

462 919 606 959 rum.
643 903 836 957 Amen.

466 1107 806 1120 ——-~——.

1390 1245 2758 1419 ΝΙΚΟΛΑΟΥ

1499 1527 1801 1646 ΤΟΥ
1875 1526 2656 1647 ΚΑΒΑΣΙΔΑ.

778 1769 1274 1898 ΥΠΕΡΙ
1378 1771 1717 1898 ΤΗΣ
1823 1770 2031 1895 EN
2133 1769 2755 1899 ΧΡΙΣΤΩ
2865 1769 3319 1951 ΖΩΗΣ

1735 2005 2078 2091 ΛΟΓΟΙ
2114 2005 2446 2097 ΕΠΤΑ.

1147 2390 1922 2552 NICOLAI
2017 2315 3025 2545 CABASILZE

1301 2707 1482 2820 DE
1562 2706 1920 2822 VITA
2012 2707 2152 2819 ΙΝ
2248 2704 2882 2820 CHRISTO

1644 2954 1966 3041 LIBRI
2041 2954 2500 3043 SEPTEM

613 3320 718 3381 Ea:
747 3314 975 3380 Jacobi
1003 3313 1280 3377 Pontani
1307 3309 1643 3375 Societatis
1676 3311 1826 3372 Jesu
1883 3307 2265 3384 Prw/ctione
2313 3306 2394 3368 ad
2419 3306 2758 3382 Lectorem,
2807 3305 2876 3368 in
2929 3303 3218 3385 Philippi
3261 3303 3558 3367 Solitarii

1842 3412 2175 3490 Dioptram
2219 3411 2327 3492 (α).

531 3587 973 3643 Exstabatctiam
1009 3583 1062 3637 in
1105 3579 1445 3637 Bibliotheca
1499 3577 1760 3632 Bavarica
1792 3574 1999 3631 Nicolai
2027 3575 2122 3631 Cal

2117 3575 2289 3631 basila:
2323 3576 2459 3647 Περὶ
2485 3576 2581 3645 τῆς
2610 3577 2666 3629 ἐν
2705 3577 2926 3648 Χριστῷ
2958 3575 3124 3647 ζωῆς,
3149 3575 3227 3630 De
3248 3576 3356 3630 vita
3395 3578 3450 3630 in
3477 3575 3708 3640 Christo,

471 3677 799 3751 opusculum
832 3689 966 3730 sane
989 3672 1210 3728 doctum
1247 3686 1311 3724 ac
1333 3669 1505 3739 pium,
1534 3675 1589 3722 et
1618 3668 1683 3722 ad
1711 3667 1928 3722 animos
1959 3667 2054 3721 Dei
2085 3681 2271 3719 amorc
2303 3664 2723 3719 inﬂammandos
2751 3665 2887 3720 mire
2944 3665 3280 3734 appositum,
3303 3665 3447 3734 quod
3476 3665 3712 3734 Diopme

457 3768 761 3838 adjungcre
806 3771 1034 3834 propter
1073 3773 1254 3812 rerum
1299 3755 1743 3812 convenientiam
1791 3756 2014 3825 placuit,
2061 3770 2458 3825 speramusquc
2511 3757 2630 3826 pari
2667 3755 2849 3810 fructu
2905 3755 3190 3810 evolutum
3244 3755 3334 3809 iri.
3377 3755 3711 3812 Volebamus

413 3847 420 3851 ’
456 3851 874 3921 inscriptionem
919 3849 990 3902 ita
1026 3845 1272 3910 reddere,
1320 3843 1394 3898 De
1432 3845 1542 3898 vita
1571 3841 1900 3898 Christiana.
1936 3843 2041 3898 Sed
2075 3858 2201 3897 cum
2238 3843 2328 3898 ille
2363 3860 2470 3898 non
2515 3854 2623 3897 tam
2659 3844 2823 3898 vitam
2852 3843 3224 3900 Christianam
3265 3845 3554 3914 praeceptis
3594 3845 3712 3899 ior-

455 3954 610 4006 met,
641 3953 806 4008 quam
848 3932 1313 4005 quemadmodum
1351 3931 1440 3985 illa
1467 3947 1590 3985 cum
1623 3931 1845 3986 Christo
1877 3933 1929 3986 in
1972 3931 2083 3986 Deo
2116 3933 2442 3988 abscondita
2471 3933 2564 3996 sit,
2599 3936 2874 3998 ostendat,
2915 3932 3078 4002 idque
3117 3932 3283 3986 trium
3326 3943 3709 3986 sacramento-

457 4049 578 4086 ruun
642 4031 695 4084 vi
744 4038 798 4084 et
851 4027 1056 4082 virtute
1087 4023 1462 4096 potissimum,
1509 4023 1794 4095 Baptismi,
1826 4022 2114 4078 Unctionis
2165 4021 2283 4076 sive
2317 4021 2785 4085 Conﬁrmationis,
2839 4030 2894 4076 et
2937 4020 3320 4085 Eucharistim,
3377 4022 3564 4076 verius
3606 4021 3708 4075 fuit

455 4117 804 4188 simpliciter,
838 4113 914 4166 De
943 4113 1052 4166 vita
1096 4112 1152 4164 in
1185 4109 1417 4177 Christo,
1458 4111 1782 4178 inscribere,
1815 4111 2118 4168 secundum
2151 4109 2316 4163 verba
2344 4107 2533 4163 Graeca
2565 4108 2800 4163 scilicet.
2832 4107 2958 4162 Fuit
2995 4108 3280 4164 Cabasilas
3326 4111 3413 4163 vir
3445 4107 3700 4171 illusuis,

455 4207 612 4273 cujus
647 4199 950 4256 honoriﬁca
1003 4199 1211 4253 mcntio
1247 4198 1302 4252 in
1351 4199 1583 4254 historia
1635 4197 1863 4254 Joannis
1896 4196 2260 4252 Cantacuzeni
2312 4207 2537 4262 nostra,.
2563 4196 2657 4250 lib.
2700 4211 2792 4263 ιιι,
2831 4211 2953 4266 cap.
3005 4196 3072 4252 75
3117 4204 3174 4251 et
3221 4196 3314 4263 99,
3359 4196 3451 4252 ubi
3510 4195 3705 4251 Sacelli

452 4300 677 4347 curator
712 4289 831 4342 sive
867 4285 1173 4342 Praefectus
1229 4287 1566 4352 nominatur,
1601 4287 1694 4357 qui
1743 4302 1773 4340 a
1822 4286 2151 4356 Curopalata
2207 4292 2348 4345 libro
2385 4291 2460 4344 De
2506 4289 2830 4360 ofﬁcialibus
2884 4289 3078 4360 palatii
3123 4288 3708 4360 Constantinopolitaui

449 4391 500 4434 et
533 4377 729 4446 ofﬁciis
751 4375 956 4444 Magna:
983 4373 1234 4429 Ecclesia:
1253 4376 1334 4430 sic
1363 4375 1694 4431 describitur
1716 4394 1729 4431 :
1751 4376 1800 4446 (ὁ
1836 4375 2036 4428 σακελλ

2117 4400 2144 4444 ι,
2179 4379 2409 4435 subaudi
2436 4379 2643 4450 ἄρχων)
2669 4381 2889 4450 κρατῶν
2906 4381 3006 4444 τὰς
3034 4377 3334 4443 καθολικὰς
3360 4379 3708 4450 Ἑκκλησίας,

455 4467 552 4520 καὶ
571 4465 632 4517 τὺ
657 4463 963 4529 σακέλλιον,
993 4464 1147 4532 cujus
1193 4472 1271 4518 est
1303 4472 1534 4533 potestas
1560 4465 1614 4518 in
1646 4462 1916 4517 Ecclesias
1948 4461 2274 4534 Catholicas,
2306 4478 2354 4524 et
2379 4485 2458 4522 res
2484 4468 2824 4532 sacellorum,
2847 4468 2900 4523 id
2926 4477 3030 4530 est,
3063 4483 3246 4524 rerum
3269 4469 3334 4523 ad
3357 4483 3546 4524 sacras
3567 4470 3711 4522 aedes

449 4564 506 4608 ct
559 4552 760 4607 sacella
809 4553 1170 4623 pertinentes.
1208 4551 1465 4622 Ejusdem
1515 4552 1694 4607 oratio
1726 4551 1783 4606 in
1837 4551 2192 4613 faeneratores
2238 4558 2290 4612 in
2330 4557 2522 4612 eodem
2579 4557 2766 4613 codice
2812 4557 3080 4613 Bavarico
3129 4557 3482 4628 sequebatur,
3539 4559 3712 4613 inulto

448 4644 798 4699 cmendatior
824 4643 1075 4715 profecto
1103 4655 1156 4699 et
1192 4645 1425 4714 longior,
1456 4660 1623 4714 quam
1656 4646 1921 4714 Angusta;
1945 4646 2328 4714 superioribus
2367 4647 2530 4700 annis
2579 4655 2663 4702 est
2715 4645 2884 4701 edita.
2916 4645 3091 4711 Quam
3121 4644 3171 4700 si
3206 4646 3438 4716 legerint
3482 4646 3572 4700 isti
3609 4649 3709 4714 qui

445 4737 772 4804 {uenerando
814 4736 1065 4794 homines
1093 4736 1350 4806 occidunt
1377 4736 1480 4807 (sic
1507 4737 1654 4792 enim
1687 4735 1824 4792 Cato
1852 4735 2181 4800 Censorius,
2216 4735 2590 4804 interrogatus
2621 4733 2753 4804 quid
2788 4743 2938 4790 esset
2985 4732 3268 4799 fmnerari,
3317 4731 3472 4797 Quod
3528 4734 3708 4787 homi-

445 4840 601 4892 nem,
634 4825 836 4895 inquit,
870 4824 1168 4896 occidere),
1206 4826 1340 4896 quid
1361 4825 1598 4895 amplius
1623 4825 1850 4880 nefariae
1873 4824 2210 4896 improbitati
2251 4839 2366 4880 suae
2396 4833 2717 4896 praetexam,
2765 4841 2874 4882 non
2915 4825 3218 4882 habebunt.
3251 4823 3510 4880 Occurrit
3537 4828 3709 4888 enim,

448 4922 504 4967 et
541 4913 790 4969 conlutat
823 4913 1041 4969 illorum
1077 4915 1324 4971 rationes
1357 4915 1655 4970 universas.

522 5094 593 5157 (α)
623 5094 745 5144 \‘idc
781 5099 880 5144 tom
915 5094 1140 5148 cxxvn.
