4030 6450
285 418 390 482 4η

1357 431 1454 485 ne
1487 428 1661 488 Vl'l‘A
1707 429 2172 491 lNJlllttS'l‘O
2212 406 2361 492 un.
2414 431 2457 492 l.

3446 432 3551 489 493

288 528 700 599 ἐπαγγέλληται
724 533 834 596 τοῖς
869 533 1042 603 ἁγίοις
1071 552 1087 567 υ
1122 551 1141 587 t
1183 536 1314 591 Ἰδοὺ
1349 541 1480 608 γὰρ,
1540 541 1725 610 φησὶν,
1755 540 1866 608 ἐγὼ

1985 542 2155 596 )mnia
2189 557 2341 603 vero,
2376 556 2498 595 cum
2527 541 2639 609 ipsa
2669 539 2873 593 sanctis
2911 552 3128 607 semper
3161 534 3399 590 affutura
3427 553 3553 606 pro-

291 619 413 687 μεθ⁹
449 621 605 690 ὑμῶν
631 623 746 694 εἰμι
784 626 967 690 πάσας
995 628 1096 691 τὰς
1126 631 1338 699 ἡμέρας
1385 633 1489 695 ἕως
1534 634 1637 701 τῆς
1686 652 1872 690 συντε-

289 710 439 775 λείας
470 714 564 766 τοῦ
596 715 813 780 αίῶνοςο
855 737 874 771 ι
909 719 962 772 τί
990 723 1272 791 προσῆκεν
1326 724 1454 778 ἄλλο
1508 725 1863 795 )ογίζεσθαι;

292 805 370 858 Οὐ
402 805 509 876 γὰρ
535 807 603 861 τὰ
633 810 924 879 σπέρματα
952 814 1050 882 τῆς
1075 814 1222 884 ζωῆς
1259 816 1326 888 τῇ
1350 820 1422 887 γῇ
1451 820 1753 889 παρασχὼν
1775 822 1870 875 καὶ

290 898 352 951 τὸ
377 899 490 971 πῦρ
520 902 616 954 καὶ
645 903 743 971 τὴν
778 906 1055 977 μάχαιραν
1083 907 1263 977 βαλὼν
1315 911 1559 981 ἀπῆλθεν
1600 914 1783 978 εὐθὺς,
1810 919 1870 969 τὸ

292 991 459 1059 φῦσαι
488 993 583 1046 καὶ
616 993 811 1066 θρέψαι
841 1000 934 1052 καὶ
964 1000 1172 1069 ἀνάψαι
1204 1002 1297 1057 καὶ
1338 1006 1647 1075 χρήσασθαι
1702 1025 1871 1061 κατα-

290 1084 463 1138 λιπὼν
493 1089 605 1152 τοῖς
635 1089 969 1161 ἀνθρώποις,
998 1093 1116 1147 ἀλλ’
1143 1095 1307 1161 αὐτὸς
1340 1098 1601 1168 πάρεστιν
1651 1101 1872 1173 ἀληθῶς

296 1194 314 1227 ι
344 1178 588 1248 ἐνεργῶν
617 1183 675 1234 ἐν
708 1183 839 1251 ἡμῖν
877 1187 939 1237 τδ
984 1186 1162 1241 θέλειν
1208 1191 1300 1243 καὶ
1351 1194 1411 1244 τὸ
1461 1193 1730 1263 ἐνεργεῖν,
1783 1214 1801 1248 ι
1845 1198 1873 1250 ὁ

299 1272 570 1341 μακάριος
611 1271 717 1342 ἔφη
751 1273 984 1341 Παῦλος,
1033 1284 1128 1331 καὶ
1166 1279 1228 1332 τὸ
1269 1281 1379 1351 πῦρ
1420 1284 1581 1348 αὐτὸς
1641 1287 1870 1345 ἀνάπτει

290 1364 386 1416 καὶ
420 1366 706 1434 προσάγει,
740 1367 836 1421 καὶ
866 1370 966 1439 τὴν
1010 1371 1287 1442 μάχαιραν
1308 1377 1470 1441 αὐτός
1502 1380 1653 1433 ἐστιν
1687 1383 1714 1435 6
1745 1399 1874 1437 κατ-

291 1455 447 1524 έχων.
480 1457 589 1510 Καὶ
611 1457 772 1523 ὅλως.
803 1478 822 1512 ι
845 1460 969 1514 οὔτε
993 1464 1148 1536 ἀξίνη
1172 1464 1560 1540 δοξασθήσεται
1601 1474 1731 1528 ἄνευ
1774 1476 1871 1530 τοῦ
1902 1494 1909 1501 ·

290 1546 539 1617 αἴροντος
565 1550 755 1620 αὐτὴν,
786 1570 806 1604 ι
848 1554 943 1609 καὶ
965 1549 1047 1618 οἷς
1075 1560 1136 1609 οὐ
1170 1560 1436 1629 πάρεστιν
1470 1564 1497 1616 ὁ
1526 1564 1751 1632 ἀγαθὸς,
1780 1568 1873 1635 γέ-

292 1639 425 1692 νοιτ’
482 1640 547 1694 ἂν
592 1645 743 1698 οὐδὲν
803 1646 1026 1713 ἀγαθόν.
1098 1651 1289 1705 Καίτοι
1329 1655 1391 1707 οὐ
1451 1659 1706 1727 παρεῖναι
1759 1662 1870 1722 τοῖς

292 1729 470 1796 ἁγίοις
507 1734 533 1784 ὁ
563 1733 764 1804 Κύριος
787 1737 1158 1812 ἐπηγγείλατο
1188 1744 1370 1812 μόνον,
1400 1746 1536 1800 ἀλλὰ
1567 1748 1663 1802 καὶ
1686 1751 1873 1820 μένειν

292 1825 423 1894 παρ’
455 1826 637 1888 αὐτοῖς
666 1831 776 1891 καὶ,
804 1830 832 1883 ὃ
880 1832 1074 1887 τούτου
1115 1838 1323 1907 μεῖζον,
1361 1842 1528 1911 μονὴν
1576 1847 1634 1898 ἐν
1687 1847 1871 1913 αὐτοῖς

291 1917 537 2025 ποιῆσαι.
561 1921 671 2025 K-ai
698 1923 750 1975 τί
775 1924 918 1992 λέγω
940 1943 955 1988 ;
979 1928 1115 1982 ὅπου
1145 1947 1210 1999 γε
1235 1933 1327 1984 καὶ
1372 1932 1621 1991 ἑνοῦσθαι
1652 1938 1870 2009 λέγεται

294 2011 503 2074 αὑτοῖς,
559 2012 702 2066 οῦτω
758 2016 1154 2089 φιλανθρώπως
1200 2022 1341 2076 ὥστε
1367 2023 1427 2078 ἓν
1470 2027 1689 2099 πνεῦμα
1753 2032 1872 2099 μετ’

292 2102 477 2155 αὐτῶν
542 2100 715 2159 εἶναι·
758 2125 777 2160 t
809 2107 870 2162 '0
941 2111 1050 2182 γὰρ
1095 2113 1440 2182 κολλώμενος
1476 2118 1554 2188 τῷ
1598 2120 1788 2192 Κυρίῳ
1814 2123 1872 2178 ἐν
1903 2147 1916 2157 ο

291 2193 513 2262 πνεῦμά
542 2196 677 2262 ἐστι,
711 2217 730 2249 ι
766 2200 881 2267 καὶ,
917 2220 935 2253 ι
973 2204 1086 2257 Ἵνα
1106 2200 1201 2276 ᾖτε
1224 2205 1286 2259 ἐν
1315 2208 1471 2278 σῶμα
1500 2212 1597 2265 καὶ
1625 2211 1684 2264 ἒν
1710 2215 1873 2269 πνεῦ-

293 2302 393 2355 μα,
424 2288 609 2353 καθὼς
648 2292 934 2363 ἐκλήθητε,
978 2315 998 2349 ι
1037 2298 1254 2353 Παύλου
1288 2304 1467 2372 φωνή.

1975 636 2239 691 mittitur:
2269 634 2460 695 «Ecce,
2486 633 2684 702 inquit,
2706 647 2804 702 ego
2835 630 3113 684 vobiscum
3142 644 3261 685 sum
3296 631 3552 683 omnibus

1975 730 2187 795 diebus,
2225 742 2398 797 usque
2418 729 2483 780 ad
2524 724 3054 781 consummationem
3079 723 3264 778 saeculi
3287 725 3342 789 ’ς
3372 741 3391 775 ι
3419 725 3549 793 quid

1972 823 2118 880 aliud
2141 863 2157 884 ,
2193 821 2298 875 nisi
2335 821 2440 875 hoc
2470 818 2648 888 ipsum
2669 808 2777 870 nos
2793 816 3040 886 cogitare
3068 825 3121 870 et
3145 814 3401 884 colligere
3424 830 3556 869 con«

1971 914 2146 973 venit?
2180 912 2335 968 Haud
2362 911 2506 967 enim
2542 925 2666 965 cum
2697 909 2903 963 semina
2931 909 3056 961 vita:
3081 922 3175 975 per
3199 916 3371 962 terras
3397 922 3555 976 spar-

1974 1009 2157 1073 sisset,
2212 1007 2503 1077 ignemque
2532 1010 2585 1056 et
2617 1001 2854 1073 gladium
2889 999 3150 1064 misisset,
3187 999 3373 1054 statim
3412 999 3549 1053 abs-

1975 1099 2162 1161 cess't,
2217 1094 2646 1163 hominibusque
2693 1092 2966 1147 seminttm
3001 1090 3068 1145 ad
3099 1085 3329 1159 fruger
3352 1089 3555 1159 perdu-

1973 1193 2270 1250 cendorum
2326 1200 2379 1245 et
2420 1185 2957 1247 conservandorum,
3013 1183 3157 1253 ignis
3183 1180 3547 1246 accendendi,

1974 1268 2154 1354 gladio
2182 1280 2367 1336 utendi
2401 1294 2589 1333 curam
2628 1277 2848 1347 reliquit
2878 1293 2893 1330 :
2918 1275 3014 1353 sed
3042 1276 3278 1353 ipsemet
3313 1288 3556 1343 praisens

1972 1378 2151 1443 adest,
2185 1394 2203 1427 ι
2231 1389 2466 1445 operans
2498 1373 2550 1426 in
2573 1370 2730 1424 nobis
2751 1369 2887 1422 velle
2904 1378 2956 1421 et
2975 1367 3256 1436 perlicere,
3287 1384 3304 1417 ι
3340 1364 3589 1420 υιΡιιιι-’

1974 1472 2059 1526 lus
2089 1468 2165 1522 ait
2188 1466 2255 1519 ¹⁰.
2312 1462 2378 1518 Et
2412 1464 2590 1535 ignem
2626 1462 2855 1531 ipsemet
2900 1457 3149 1513 accendit
3174 1457 3556 1519 et-admovet;

1974 1574 2028 1621 et
2060 1561 2297 1633 gladium
2350 1559 2467 1627 ipse
2518 1563 2684 1610 tenet.
2715 1552 2794 1607 Ad
2829 1566 3128 1617 summam,
3167 1564 3306 1603 «nec
3342 1550 3557 1604 securis

1975 1656 2304 1725 gloriabitur
2349 1652 2557 1721 absque
2608 1662 2674 1702 eo
2715 1645 2809 1715 qui
2848 1652 2999 1700 secat
3038 1644 3092 1697 in
3121 1656 3182 1696 ea
3206 1642 3302 1707 ¹²;ι
3334 1650 3390 1695 et
3418 1656 3563 1710 quos

1974 1745 2194 1814 deserit,
2225 1742 2319 1811 qui
2348 1730 2498 1797 solus
2523 1746 2610 1792 est
2667 1737 2866 1802 bonus,
2896 1734 2962 1790 iis
2994 1733 3131 1787 nihil
3172 1731 3298 1785 boni
3338 1730 3562 1785 evenire

1974 1847 2156 1911 queat.
2204 1836 2474 1893 Caeterum
2509 1829 2714 1886 sanctis
2741 1843 2801 1883 se
2830 1841 2936 1880 non
2966 1824 3284 1880 adfuturum
3318 1829 3563 1876 tantum-

1978 1930 2165 1995 modo,
2225 1928 2317 1983 scd
2354 1926 2520 1981 etiam
2561 1922 2701 1992 apud
2755 1921 2903 1990 ipsos
2950 1931 3299 1982 mansurum,
3334 1922 3388 1970 et
3414 1913 3564 1983 quod

1980 2023 2254 2090 iusngnius
2289 2029 2414 2086 est,
2457 2016 2798 2072 mansionem
2828 2012 2971 2083 apud
3003 2026 3098 2066 eos
3129 2008 3405 2064 iacturum
3444 2007 3556 2060 Do-

1981 2119 2166 2174 minus
2224 2112 2484 2186 promisit
2507 2111 2573 2164 ι’.
2627 2106 2772 2176 Quid
2829 2105 3038 2161 multa?
3095 2104 3261 2158 etiam
3324 2100 3435 2155 illis
3488 2101 3563 2154 ita

1980 2219 2232 2269 amanter
2272 2205 2527 2278 copulari
2574 2212 2627 2258 et
2656 2200 2804 2257 uniri
2848 2198 3131 2261 scribitur,
3181 2205 3240 2249 ut
3264 2208 3407 2249 unus
3438 2207 3563 2247 cum

1982 2306 2114 2378 ipsis
2171 2301 2402 2374 spiritus
2449 2292 2746 2350 eﬂiciatnr:
2803 2287 2939 2355 «Qui
2974 2287 3120 2342 enim
3156 2284 3402 2341 adhaeret
3429 2283 3563 2344 Deo,

292 2399 438 2439 unus
460 2386 682 2454 spiritus
711 2402 795 2446 est
824 2405 947 2447 cum
971 2410 1038 2450 eo
1072 2394 1171 2450 ⁸⁸.»
1194 2395 1459 2456 Similiter
1482 2401 1638 2459 Pauli
1666 2421 1770 2460 vox
1797 2414 1916 2464 est:
1956 2404 2061 2462 «Ut
2090 2400 2213 2459 sitis
2238 2398 2405 2455 unum
2438 2406 2665 2462 corpus,
2704 2397 2758 2442 et
2789 2400 2935 2441 unus
2982 2383 3250 2454 'spiritus,
3281 2381 3426 2436 sicut
3470 2395 3568 2433 vo-

289 2477 399 2530 cati
435 2479 568 2534 estis
610 2480 670 2535 “.
687 2500 706 2534 ι

366 2572 632 2645 Καθάπερ
698 2576 808 2647 γάρ
855 2578 887 2648 ἠ
932 2578 1318 2652 φιλανθρωπία
1371 2584 1611 2657 ἄρῥητος
1673 2591 1769 2663 καὶ
1832 2590 1866 2661 ἠ

2046 2581 2202 2638 Sicut
2253 2585 2433 2632 autem
2494 2568 2802 2639 benignitas
2843 2564 2936 2620 Dei
2996 2559 3403 2631 inexplicabilis
3455 2568 3568 2632 est,

299 2663 430 2732 περὶ
455 2663 514 2716 τὸ
541 2665 807 2736 ἡμέτερον
846 2670 1003 2749 γένος
1040 2672 1231 2744 ἀγάπη
1263 2675 1358 2728 τοῦ
1405 2652 1542 2731 Θεοῦ
1574 2679 1665 2732 τὸν
1711 2652 1871 2751 λόγον

1985 2688 2030 2732 et
2067 2671 2312 2729 charitas
2342 2667 2465 2736 ejus
2486 2678 2615 2731 erga
2653 2674 2829 2730 genus
2889 2657 3196 2710 humanum
3237 2667 3457 2707 omnem
3485 2652 3567 2706 di-

296 2753 391 2804 τὸν
434 2753 776 2824 ἀνθρώπινον
808 2759 1128 2832 ὑπερϐαίνει
1178 2767 1270 2818 καὶ
1298 2768 1362 2835 τῇ
1408 2766 1529 2839 θείᾳ
1578 2769 1873 2841 ἀγαθὸτητι

301 2846 441 2919 μόνῃ
467 2851 761 2920 προσῆκεν·
784 2853 921 2926 αὕτη
953 2857 1060 2929 γάρ
1087 2859 1237 2912 ἐστιν
1270 2879 1289 2912 ι
1317 2863 1350 2933 ἡ
1376 2862 1566 2934 εἰρήνη
1593 2864 1686 2919 τοῦ
1712 2866 1871 2935 Θεοῦ,

297 2939 331 3008 ἡ
358 2939 698 3012 ὑπερέχουσα
727 2946 905 3000 πάντα
929 2948 1053 3003 νοῦν
1076 2967 1089 2982 ο
1115 2971 1134 3003 ι
1163 2952 1253 3005 τὸν
1279 2950 1394 3007 ἴσον
1423 2955 1635 3025 τρόπον
1654 2957 1878 3012 ἀκόλου-

298 3030 393 3085 θον
419 3033 513 3087 καὶ
539 3035 639 3107 τὴν
667 3038 805 3108 πρὸς
833 3042 960 3106 τοὺς
986 3042 1345 3114 ψιλουμένους
1369 3047 1564 3102 ἕνωσιν
1603 3051 1744 3123 ὑπὲρ
1769 3054 1876 3109 πᾶ-

302 3141 403 3179 σαν
455 3127 650 3185 1ένωσιν
690 3128 853 3201 εἷναι,
900 3137 967 3207 ἧν
1006 3136 1071 3190 ἄν
1113 3157 1197 3203 τις
1270 3140 1486 3199 δύναιτο
1531 3144 1873 3215 λογίσασθαι,

299 3218 398 3271 καὶ
434 3221 570 3291 πρὸς
602 3223 757 3279 οὐδὲν
785 3228 1137 3301 παράδειγμα
1196 3235 1404 3304 φέρειν.
1446 3239 1546 3291 Διὰ
1591 3239 1748 3292 τοῦτο
1785 3243 1878 3295 καὶ

209 3358 217 3365 .
303 3313 517 3368 πολλῶν
554 3317 744 3389 ἐδέησε
780 3322 845 3392 τῇ
878 3322 1069 3396 Γραφῇ
1111 3328 1595 3399 παραδειγμάτων,
1631 3332 1770 3385 ὥστε
1789 3333 1878 3386 δυ·
1907 3313 1950 3370 C

301 3404 530 3475 νηθῆναι
579 3407 677 3480 τήν
723 3412 1019 3481 συνάφειαν
1069 3416 1287 3489 ἐκείνην
1368 3422 1607 3493 μηνῦσαι
1657 3422 1733 3487 ὼς
1782 3425 1883 3477 οὐκ

302 3497 600 3569 ἀρκοῦντος
626 3501 767 3570 ἐνὸς,
792 3506 886 3558 καὶ
926 3506 1021 3559 νῦν
1054 3508 1154 3579 μὲν
1178 3510 1386 3567 ἐνοικον
1415 3514 1509 3567 καὶ
1549 3515 1729 3569 οίκίαν
1771 3516 1884 3567 εισ-

304 3594 447 3663 άγει,
482 3593 580 3649 νῦν
623 3595 678 3649 δὲ
716 3596 962 3666 ἄμπελον
1002 3600 1099 3655 καὶ
1149 3603 1357 3674 κλῆμα,
1389 3607 1480 3658 καὶ
1520 3607 1617 3659 νῦν
1661 3607 1761 3676 μὲν
1785 3607 1885 3675 γά-

308 3705 433 3758 μον,
462 3688 558 3743 νῦν
586 3689 643 3743 δὲ
680 3690 818 3763 μέλη
842 3691 936 3745 καὶ
975 3694 1239 3767 κεφαλὴν,
1269 3689 1344 3749 ὧν
1367 3697 1521 3750 οὐδέν
1569 3700 1717 3754 ἐστιν
1767 3700 1883 3754 ἴσον

306 3780 525 3853 ἐκείνῃ·
575 3783 636 3837 οὐ
697 3783 806 3854 γὰρ
853 3785 1001 3839 ἐστιν
1047 3787 1159 3840 ἀπὸ
1209 3788 1419 3842 τούτων
1475 3790 1575 3859 τῆς
1626 3789 1883 3860 ἀληθείας

304 3871 551 3942 ἀκριόῶς
568 3874 873 3945 ἐφικέσθαι.
905 3877 1157 3932 Μάλιστα
1185 3877 1283 3947 μὲν
1307 3880 1416 3951 γὰρ
1438 3880 1674 3953 ἀνάγκη,
1706 3885 1772 3954 τῇ
1799 3900 1886 3952 φι-

305 3963 398 4035 λίξι
428 3966 523 4020 καὶ
544 3967 639 4037 τὴν
668 3968 959 4040 συνάφειαν
992 3971 1283 4024 ἀκόλουθον
1311 3967 1471 4037 εἶναι,
1537 3973 1590 4028 τί
1618 3975 1664 4028 δ’
1693 3973 1759 4029 ἂν
1793 3974 1886 4044 γέ-

307 4079 450 4118 νοιτο
472 4057 566 4135 τῆς
592 4065 740 4125 θείας
767 4066 988 4137 ἀγάπης
1020 4067 1167 4134 ίσον;
1197 4066 1368 4122 ἔπειθ’
1390 4071 1473 4122 ὅτι
1499 4071 1591 4123 καὶ
1625 4070 1694 4124 τὰ
1727 4070 1885 4140 μάλι-

309 4173 411 4210 στα
442 4157 732 4227 συνάφειαν
756 4159 848 4212 καὶ
889 4159 1114 4230 ἑνότητα
1143 4161 1417 4216 δεικνύναι
1446 4162 1704 4216 δοκοῦντα
1733 4165 1760 4217 ὁ
1784 4163 1884 4232 γά-

308 4266 410 4318 μος
449 4250 563 4304 ἐστὶ
592 4251 683 4305 καὶ
713 4252 744 4322 ή
771 4250 880 4305 τῶν
913 4251 1088 4321 μελῶν
1113 4253 1249 4325 πρὶς
1280 4253 1381 4324 τὴν
1410 4254 1655 4325 κεφαλὴν
1713 4255 1888 4325 ἁρμο-

305 4346 417 4406 νά,
447 4342 619 4396 ταῦτα
638 4343 693 4396 δὲ
723 4344 1051 4414 παμπληθὲς
1081 4342 1213 4398 εἴσω
1233 4346 1445 4411 πίπτει,
1467 4347 1563 4399 καὶ
1587 4345 1781 4400 πολλοῦ
1805 4347 1888 4400 δεῖ

306 4435 377 4492 τὰ
399 4437 528 4491 ὄντα
556 4435 816 4504 δηλῶσαι.
844 4437 953 4489 Καὶ
982 4436 1092 4508 γὰρ
1111 4438 1138 4490 ὁ
1170 4437 1271 4506 μὲν
1307 4437 1484 4506 γάμος
1515 4438 1613 4492 οὐκ
1644 4439 1711 4493 ἂν
1744 4438 1889 4495 οὕτω

310 4532 568 4602 συνάψαι,
620 4531 695 4595 ὡς
725 4533 783 4586 ὲν
816 4530 1066 4602 ἀλλήλοις
1108 4528 1251 4586 εἶναι
1281 4531 1376 4586 καὶ
1431 4532 1531 4603 ζῇν
1579 4534 1706 4595 τοὺς
1763 4550 1887 4586 συν-

1976 2767 2135 2825 eendi
2177 2762 2493 2819 facultatem
2529 2763 2771 2826 superat,
2801 2751 2901 2808 soli
2926 2747 3129 2803 divinae
3158 2745 3394 2801 bonitati
3430 2759 3572 2798 cou-

1976 2877 2179 2937 grucns
2213 2859 2356 2931 (ipsa
2384 2853 2658 2925 siquidem
2693 2860 2779 2904 est
2842 2861 2976 2917 «pax
3010 2843 3132 2908 Dei,
3172 2856 3295 2911 quae
3322 2854 3564 2907 exsupe-

1983 2933 2066 3011 rat
2088 2967 2306 3010 omnem
2339 2964 2565 3007 sensum
2592 2945 2635 2978 ιθ
2678 2942 2769 3013 ›)2
2808 2940 2883 2995 ita
2924 2935 3306 3005 consequitur,
3338 2941 3394 2985 ut
3441 2933 3565 3000 eius

1985 3050 2113 3105 uuio
2172 3060 2298 3102 cum
2347 3043 2417 3099 iis
2463 3054 2602 3111 quos
2665 3035 2865 3106 diligit,
2945 3029 3245 3101 quamlibet
3306 3027 3564 3080 unionem

1982 3155 2148 3212 quam
2199 3137 2324 3209 quis
2380 3131 2714 3205 cogitatione
2768 3125 3052 3198 percipere
3114 3126 3318 3191 potest,
3377 3118 3566 3171 multis

1984 3211 2234 3305 partibus
2264 3232 2470 3294 vincat,
2524 3240 2626 3280 nec
2659 3223 2840 3290 aliqua
2894 3215 3306 3286 comparatione
3349 3227 3448 3281 pro
3481 3211 3566 3264 di-

1984 3303 2191 3397 gnitate
2217 3323 2552 3379 declaretur.
2584 3316 2951 3384 Quamobrem
2988 3307 3278 3377 Scriptura
3310 3303 3563 3374 pluribus

1985 3418 2251 3489 exemplis
2277 3431 2414 3488 opus
2439 3413 2650 3477 habuit,
2676 3408 2873 3480 quibus
2903 3402 3353 3473 coniunctionem
3409 3399 3561 3453 illam

1994 3488 2366 3566 arctissimam
2433 3504 2795 3575 exprimeret,
2821 3496 2965 3567 quod
2991 3509 3160 3549 unum
3184 3492 3408 3546 minime
3438 3488 3573 3544 satis

1984 3599 2232 3656 esset.Et
2257 3597 2420 3653 modo
2441 3595 2656 3666 quidem
2683 3591 3044 3645 habitatorem
3068 3593 3122 3641 et
3152 3584 3379 3639 domum
3408 3580 3571 3635 indu-

1985 3691 2059 3747 cit
2087 3708 2102 3758 ;
2142 3690 2304 3744 modo
2323 3688 2486 3743 vitem
2507 3693 2561 3741 et
2586 3683 2895 3754 palmitem:
2937 3678 3098 3732 modo
3124 3675 3376 3744 nuptias;
3405 3672 3571 3727 modo

1987 3779 2230 3865 membra
2272 3786 2328 3834 et
2360 3784 2527 3846 caput
2547 3774 2612 3838 ¹⁶,
2636 3785 2872 3842 quorum
2909 3768 3121 3823 nullum
3148 3766 3307 3836 plene
3339 3777 3574 3832 respon-

1985 3859 2110 3939 det;
2147 3886 2249 3928 nec
2279 3870 2426 3927 enim
2467 3884 2567 3940 per
2608 3867 2778 3923 ullum
2823 3864 3017 3918 horum
3066 3859 3358 3914 veritatem
3381 3864 3571 3911 exacte

1986 3965 2114 4021 licet
2145 3962 2436 4034 attingere.
2486 3959 2672 4015 Amori
2715 3967 2771 4013 et
2820 3952 3076 4010 charitati
3127 3965 3316 4022 parem
3372 3963 3494 4003 esse
3518 3954 3585 4000 et'

1987 4055 2431 4125 coniunctionem
2484 4051 2723 4106 maxime
2782 4053 3021 4118 oportet.
3097 4042 3308 4097 Divina;
3379 4049 3585 4095 autem-

1990 4149 2243 4204 charitati
2274 4146 2406 4220 quid
2437 4145 2655 4201 tandem
2705 4141 2909 4212 aequari
2972 4138 3191 4210 potest?
3215 4136 3419 4190 Deinde
3449 4150 3571 4203 quae

1988 4241 2392 4313 copulationem
2437 4249 2490 4294 et
2546 4238 2805 4293 unionem
2853 4232 3105 4304 inprimis
3145 4230 3459 4302 signiﬁcare
3494 4228 3575 4281 vi-

1988 4335 2208 4399 dentur,
2260 4329 2464 4401 nuptiae
2505 4338 2654 4393 sunt,
2721 4336 2776 4383 et
2825 4325 3201 4380 membrorum
3263 4322 3575 4392 capitisque

1990 4435 2114 4497 apta
2161 4424 2583 4494 coagmentatio.
2645 4421 2823 4491 Atque
2870 4419 2969 4474 ista
3027 4432 3192 4486 quam
3272 4415 3571 4485 plurimum

1989 4519 2213 4584 distant,
2273 4518 2616 4587 multumque
2675 4514 2829 4569 abest
2870 4521 2926 4564 ut
2954 4526 3072 4564 rem
3099 4515 3225 4562 ante
3256 4506 3445 4561 oculos
3475 4519 3577 4571 p0-

307 4593 837 4696 ampév—ougﬂmp
873 4593 968 4678 ἐπὶ
995 4624 1088 4679 τοῦ
1114 4624 1351 4697 Χριστοῦ
1382 4593 1496 4680 καί.
1525 4625 1625 4696 τῆς
1661 4593 1881 4696 Ἐκκλη-

1993 4622 2149 4665 nant.
2188 4611 2399 4665 Etenim
2444 4608 2762 4678 coniugium
2810 4616 3093 4672 nunquam
3140 4598 3280 4653 adeo
3309 4593 3574 4664 coniuges

313 4719 437 4781 σίας
466 4716 785 4787 συμϐαίνειο
818 4716 942 4770 ὅθεν
973 4719 1013 4781 ὁ,
1032 4715 1173 4781 θεῖος
1223 4716 1542 4781 ’Λπόστολος
1582 4717 1751 4771 εἰπὼν
1793 4734 1891 4772 πε-

314 4812 370 4885 ρὶ
396 4810 493 4866 τοῦ
536 4812 737 4882 γάμου,
767 4830 788 4865 ι
818 4811 891 4866 Τὸ
923 4814 1217 4883 μυστήριον
1251 4811 1410 4867 τοῦτο
1453 4812 1597 4882 μέγα
1639 4813 1806 4875 ἐστὶν,
1865 4830 1884 4863 ι

311 4909 584 4976 ἐπήγαγε,
621 4924 641 4957 ι
667 4905 828 4975 Λέγω
865 4904 922 4958 δὲ
968 4905 1051 4969 είς
1106 4904 1342 4974 Χριστὸν
1401 4905 1496 4960 καὶ
1517 4906 1616 4977 τὴν
1660 4905 1889 4977 Ἐκκλη-

315 4998 461 5062 σίαν,
492 5017 511 5051 ι
546 4996 757 5061 δεικνὺς
781 4997 841 5049 ού
871 4995 1083 5062 τοῦτον,
1112 4994 1226 5050 ἀλλ’
1255 4998 1461 5050 ἐκεῖνον
1483 4996 1575 5050 τὸν
1598 4997 1776 5066 γάμον
1801 4995 1891 5049 διὰ

317 5090 598 5161 θαύματος
618 5089 788 5159 ἄγων.
816 5089 896 5143 Τὰ
923 5088 980 5143 δέ
1021 5089 1157 5160 μέλη
1187 5089 1455 5160 συνῆπται
1486 5089 1586 5159 μὲν
1609 5091 1675 5159 τῇ
1714 5104 1889 5158 κεφα-

315 5185 405 5256 λῇ,
437 5186 532 5238 καὶ
548 5183 614 5256 ζῇ
639 5183 719 5253 τῷ
748 5181 1038 5254 συνῆφθαι,
1071 5182 1163 5235 καὶ
1179 5182 1520 5252 διαιρεθέντα
1540 5180 1894 5250 ἀποθνήσκει·

322 5279 575 5348 φαίνεται
609 5277 667 5330 δὲ
702 5275 796 5329 καὶ
834 5273 1007 5331 ταῦτα
1032 5274 1109 5343 τῷ
1139 5272 1359 5344 Χριστῷ
1406 5271 1731 5341 συνημμένα
1761 5271 1895 5341 μᾶλ-

317 5371 462 5444 λονῆ
492 5372 559 5442 τῇ
581 5369 790 5424 ἑαυτῶν
816 5367 1049 5439 κεφαλῇ,
1084 5367 1180 5422 καὶ
1206 5365 1380 5437 τούτῳ
1409 5365 1588 5429 ζῶντα
1619 5363 1821 5435 μᾶλλον
1859 5362 1892 5433 ἢ

319 5465 386 5534 τῇ
421 5463 556 5534 πρὸς
585 5460 754 5532 αὐτὴν
787 5460 1046 5534 ἁρμονία.
1077 5459 1186 5512 Καὶ
1215 5457 1375 5513 τοῦτο
1397 5456 1553 5527 δῆλον
1612 5456 1719 5510 ἀπὸ
1782 5454 1895 5507 τῶν

327 5555 613 5627 μακαρίων
646 5553 962 5625 μαρτύρων,
1006 5551 1055 5604 οἳ
1084 5552 1145 5605 τὸ
1179 5553 1277 5622 μέν
1330 5551 1633 5618 ὑπέμειναν
1697 5547 1888 5619 ἡδέως,

1993 4700 2328 4772 eoniugabit,
2365 4707 2425 4754 ut
2452 4699 2591 4753 alter
2640 4697 2694 4752 in
2727 4698 2899 4751 altero
2945 4693 3088 4749 sitet
3142 4691 3308 4753 vivat,
3343 4688 3394 4742 id
3428 4689 3574 4756 quod

1994 4795 2052 4848 in
2077 4793 2296 4849 Clnisto
2320 4801 2375 4847 et
2408 4790 2653 4846 Ecclesia
2681 4789 2948 4845 cernitur.
2978 4783 3134 4839 Unde
3166 4791 3394 4836 sanctus
3427 4782 3573 4849 Apo-

1995 4884 2191 4947 stolus,
2240 4900 2363 4938 cum
2424 4883 2655 4937 dixisset
2689 4881 2755 4936 de
2785 4877 3164 4941 matrimonio,
3202 4870 3572 4928 «Sucramen'

1998 4987 2112 5033 tum
2139 4979 2241 5033 hoc
2270 4991 2527 5045 magnum
2547 4970 3197 5045 est,iadjecitcontinuo,
3228 4988 3245 5021 ι
3262 4968 3370 5039 Ego
3389 4975 3570 5021 autem

1994 5070 2115 5124 dico
2150 5069 2201 5122 in
2227 5068 2470 5133 Christo,
2500 5067 2631 5123 etin
2660 5065 2904 5121 Ecclesia
2932 5065 2998 5131 "",
3028 5081 3047 5116 ι
3113 5063 3431 5127 ostendens,
3464 5075 3571 5114 non

2000 5164 2121 5219 illas
2149 5178 2269 5218 sese
2315 5161 2556 5229 nuptias,
2607 5174 2794 5215 verum
2830 5157 2998 5213 hasce
3053 5158 3238 5227 potius
3289 5155 3571 5210 admirari.

2000 5257 2241 5312 Membra
2273 5265 2455 5310 autem
2489 5268 2736 5310 connexa
2768 5253 2989 5324 quidem
3013 5262 3142 5309 sunt
3175 5252 3362 5322 capiti,
3399 5259 3452 5305 et
3477 5264 3577 5319 per

1994 5368 2115 5408 eam
2136 5351 2533 5405 connexionem
2574 5357 2737 5418 atque
2766 5356 3015 5416 copulam
3043 5347 3253 5409 vivunt,
3294 5357 3400 5411 qua
3425 5341 3576 5394 diru-

1999 5455 2086 5514 pta
2121 5443 2451 5498 moriuntur.
2483 5442 2551 5496 At
2578 5456 2707 5497 vero
2730 5441 2834 5497 ista
2858 5439 3105 5496 membra
3130 5436 3347 5493 Christo
3376 5435 3573 5503 magis,

2000 5551 2161 5608 quam
2190 5549 2289 5590 suo
2315 5535 2478 5605 capiti
2509 5535 2809 5604 conjuncta
2830 5533 3104 5594 videntur,
3138 5526 3421 5596 magisque
3450 5526 3572 5589 hac,

323 5619 384 5696 τὸ
410 5643 466 5696 δέ
484 5619 620 5697 ὀὐδὲ
646 5619 884 5697 άκοῦσαι
912 5619 1217 5713 ἐνέσχοντο,
1246 5640 1337 5694 καὶ
1373 5639 1470 5710 τὴν
1524 5638 1622 5708 μὲν
1667 5638 1877 5709 κεφαλὴ

1985 5646 2145 5702 quam
2172 5629 2263 5684 illa
2289 5644 2413 5683 cum
2464 5628 2643 5699 capite
2689 5628 3053 5684 commissura
3090 5630 3145 5676 et
3197 5636 3460 5690 compage
3488 5619 3583 5675 vi-.-

399 5857 420 5888 ⁸
458 5854 648 5910 Matth.
685 5852 1008 5918 xxvmyﬁo.
1091 5855 1133 5887 ιθ
1160 5855 1375 5923 Philipp

1384 5868 1487 5911 .n,
1534 5852 1612 5906 i5.
1692 5851 1862 5903 “lsa.
1906 5863 1958 5912 x,
1994 5846 2080 5899 iii.

334 5943 412 5994 tv,
441 5927 493 5982 ι.
576 5925 617 5956 ’⁸
646 5914 881 5995 Philipp,
934 5942 1005 5990 tv,
1048 5925 1103 5982 7.
1185 5925 1228 5956 ”
1273 5914 1426 5978 ibi”.
1472 5939 1581 5985 xw,
1643 5920 1736 5985 lii;
1781 5919 1966 5973 Matth.
2006 5934 2153 5985 sint;
2184 5914 2397 5971 Coloss.
2431 5916 2468 5968 l.

2160 5844 2204 5875 ¹¹
2236 5841 2393 5898 Joan.
2430 5859 2540 5905 xlv,
2572 5841 2666 5894 Ξῖ.
2744 5838 2786 5868 ¹³
2819 5836 2837 5891 l
2874 5836 3007 5905 Cor._
3039 5846 3113 5899 Vt,
3143 5829 3227 5884 Π.
3308 5826 3351 5859 ⁸⁸
3373 5824 3591 5897 Εριιοεω

2550 5913 2590 5943 ¹⁷
2620 5911 2818 5982 Ιῦνίιεῑὸ.
2856 5923 2905 5972 ν,
2947 5903 3037 5960 52.
