4030 6450
385 330 485 399 501

1456 338 1555 398 DE
1600 338 1776 400 VlTA
1817 336 1897 395 ΙΝ
1931 333 2268 396 CHRISTO
2309 334 2458 393 LIB.
2498 332 2543 394 Ῐ.

3537 332 3667 393 5η,

382 447 475 501 τδν
522 446 648 501 νοῦν
668 446 845 502 οὐδενὶ
874 448 981 504 τῶν
1009 448 1186 504 ἄλλων
1226 450 1347 504 οὐδὲ
1408 451 1593 505 λαϐεῖν
1619 452 1796 522 ἔρωτα
1845 449 1953 503 τῶν

2077 444 2259 501 :tIundi
2293 459 2395 500 nec
2436 443 2601 499 ullius
2648 444 2727 500 rei
2774 457 2962 499 amore
3014 441 3301 513 implicari.
3335 443 3447 499 Etsi
3491 449 3637 499 enim

385 540 552 595 ὅντων
578 541 810 605 οὐδενός.
842 542 961 598 Κᾶν
979 543 1091 615 γὰρ
1113 536 1216 598 ὧδε
1258 544 1574 615 κινήσωμεν
1618 531 1717 614 τὴν
1766 544 1957 598 ἐπιθυ-

390 632 540 699 μίαν,
574 632 732 698 αὐτὸς
764 633 949 705 ῐστησι
986 635 1083 690 καὶ
1117 636 1410 704 ἀναπαύει,
1434 636 1538 691 κᾶν
1568 631 1770 700 ἐκεῖσε,
1792 637 1956 690 πάλιν

386 718 565 785 αὐτὸς,
621 720 725 773 κᾶν
753 721 1012 792 ἑτέρωσε,
1067 724 1162 779 καὶ
1195 725 1399 797 ταύτην
1443 727 1667 797 κατέχει
1702 727 1802 798 τὴν
1839 726 1957 780 ὁδὸν

386 812 481 866 καὶ
532 813 830 884 παριόντας
870 814 1187 885 χειροῦται.
1234 837 1253 869 σ
1313 818 1438 872 Ἐὰν
1491 820 1678 875 ἀναύῶ
1737 822 1819 885 είς
1864 820 1958 875 τδν

388 905 645 976 οὐρανὸν,
672 908 736 960 σὺ
780 907 897 961 ἐκεῖ
937 903 1005 974 εἴ,
1055 910 1239 979 φησίν·
1289 911 1386 965 ὲάν
1436 913 1663 969 καταϐῶ
1724 915 1804 979 είς
1867 914 1958 969 τδν

389 998 544 1070 ᾅδην,
592 1000 786 1071 πάρει·
824 999 922 1054 ἐὰν
959 1000 1215 1057 ἀναλάϐω
1244 1002 1347 1067 τὰς
1370 1004 1649 1076 πτέρυγάς
1692 1023 1793 1075 μου
1834 1005 1961 1060 κατ’

386 1091 581 1163 ὄρθρον
607 1093 701 1148 καὶ
734 1093 1147 1165 κατασκηνώσω
1173 1096 1252 1159 είς
1286 1098 1355 1151 τά
1399 1098 1602 1169 ἔσχατα
1640 1101 1740 1170 τῆς
1762 1099 1962 1155 θαλάσ-

391 1201 510 1254 σης,
566 1185 661 1240 καὶ
718 1188 829 1258 γὰρ
886 1188 1003 1240 ἐκεῖ
1061 1188 1252 1259 ἠχείρ
1302 1205 1398 1243 σου
1456 1191 1713 1262 ὁδηγήσει
1748 1210 1813 1263 με
1865 1194 1960 1249 καὶ

389 1276 613 1342 καθέξει
640 1294 706 1346 με
736 1279 768 1348 ἡ
797 1277 951 1344 δεξιά
974 1296 1087 1333 σου·
1127 1299 1146 1333 ι
1184 1282 1398 1351 ἀνάγκῃ
1426 1285 1535 1337 τινὶ
1560 1284 1845 1357 θαυμαστῇ
1864 1288 1960 1341 καὶ

332 1388 341 1397 -
389 1365 759 1437 φιλανθρώπῳ
819 1371 1093 1438 τυραννίδι
1144 1370 1280 1441 πρὸς
1331 1372 1523 1427 ἑαυτὸν
1584 1374 1742 1444 μόνον
1786 1375 1962 1430 ἕλκων

388 1458 483 1509 καὶ
525 1458 703 1529 ἑαυτῷ
754 1461 902 1531 μόνῳ
968 1461 1275 1518 συνάπτων.
1318 1464 1430 1517 Καὶ
1467 1465 1670 1535 ταύτην
1709 1460 1849 1519 εἶναι
1884 1461 1963 1519 οϊ-

394 1564 492 1613 μαι
521 1549 618 1618 τὴν
648 1550 917 1622 ἀνάγκην,
953 1545 1272 1627 ᾖσυνέλασε
1313 1555 1449 1620 πρὸς
1499 1555 1599 1627 τὴν
1646 1558 1824 1611 οίκίαν
1868 1560 1961 1614 καὶ

392 1637 490 1705 τὴν
525 1639 762 1709 εὐωχίαν
791 1640 884 1705 οὓς
920 1643 1126 1709 ἐκάλει,
1170 1643 1247 1714 τῷ
1282 1644 1454 1716 δούλῳ
1483 1646 1677 1715 λέγων,
1712 1665 1731 1698 ι
1772 1647 1962 1716 Ἀνάγ-

392 1746 558 1782 κασον
603 1732 883 1797 εἰσελθεῖν,
915 1734 1063 1798 ὅπως
1091 1738 1325 1808 γεμισθῇ
1353 1740 1381 1791 ὀ
1402 1737 1549 1801 οἶκός
1591 1756 1713 1809 μου.
1756 1760 1775 1794 ι

463 1818 609 1879 Εἶεν.
666 1823 793 1877 Ὀτι
826 1825 924 1893 μὲν
966 1822 1109 1895 οὖνὴ
1164 1830 1223 1882 ὲν
1262 1829 1338 1899 τῷ
1362 1832 1582 1902 Χριστῷ
1608 1833 1842 1905 ζωὴηύκ
1870 1836 1961 1890 ἐπὶ

394 1912 489 1966 τοῦ
528 1915 816 1983 μέλλοντος
862 1918 1046 1987 μόνον,
1080 1920 1195 1974 ἀλλ’
1215 1921 1316 1990 ήδη
1347 1924 1439 1975 καὶ⁵
1482 1924 1577 1977 ἐπὶ
1622 1924 1713 1979 τοῦ
1763 1927 1965 1997 παρόν-

392 2020 484 2067 τος
514 2006 742 2073 πάρεστι
784 2010 898 2071 τοῖς
944 2009 1121 2078 ἁγίοις
1165 2012 1261 2065 καὶ⁵
1290 2013 1422 2076 ζῶσι
1465 2016 1587 2069 κατ’
1624 2016 1839 2089 ἐκείνην
1869 2020 1964 2073 καὶ

393 2094 698 2165 ἐνεργοῦσι,
749 2100 984 2171 φανερὸν
1028 2102 1091 2155 ἐκ
1140 2102 1250 2155 τῶν
1311 2104 1637 2175 εἰρημένων.
1702 2106 1867 2163 ’Όθεν
1906 2109 1963 2163 δὲ

394 2183 543 2238 εστιν
604 2187 745 2241 οὕτω
774 2189 936 2256 ζῆσαι
988 2194 1103 2255 καὶ,
1142 2194 1168 2246 ὃ
1210 2210 1344 2263 φησι
1394 2196 1629 2264 Παῦλος,
1677 2201 1736 2252 ὲν
1784 2204 1967 2255 καινό-

394 2292 517 2344 τητι
580 2279 724 2348 ζωῆς
773 2284 1168 2353 περιπατῆσαι,
1224 2286 1367 2353 λέγω
1427 2288 1490 2358 δὴ
1536 2288 1587 2341 τί
1655 2286 1897 2347 ποιοῦσιν
1937 2294 1967 2346 ὁ

396 2370 628 2440 Χριστὸς
659 2372 802 2426 οὕτω
838 2375 1167 2429 συνάπτεται
1213 2377 1309 2431 καὶ
1346 2379 1706 2448 προσφύεται,
1740 2383 1834 2435 καὶ
1867 2383 1969 2437 οὐκ

395 2458 488 2516 οἷδ’
516 2465 543 2517 ὃ
571 2482 625 2517 τι
665 2465 757 2519 καὶ
783 2467 889 2537 χρὴ
918 2468 1130 2532 καλεῖν,
1166 2468 1294 2536 ἑξῆς
1329 2468 1395 2521 ἂν
1430 2468 1513 2539 εἴη
1556 2471 1765 2540 ῥητέον.

470 2556 623 2609 Ἔστι
673 2558 850 2610 τοίνυν
902 2559 961 2610 τὸ
1019 2560 1121 2628 μὲν
1174 2560 1377 2627 θεόθεν,
1410 2561 1469 2613 τὸ
1503 2561 1558 2615 δὲ
1603 2563 1701 2631 τῆς
1758 2565 1966 2634 ἡμετέ-

401 2665 499 2719 ρας
540 2650 795 2722 σπουδῆς,
841 2652 937 2705 καὶ
980 2652 1039 2705 τὸ
1080 2653 1179 2720 μὲν
1210 2654 1425 2707 ἐκείνου
1480 2654 1736 2726 καθαρῶς
1782 2656 1965 2728 ἔργον,

400 2740 460 2791 τὸ
492 2740 547 2793 δὲ
591 2741 683 2794 καὶ
715 2744 848 2810 ἡμῖν
879 2742 992 2812 ἔχει
1036 2744 1350 2813 φιλοτιμίαν
1371 2760 1385 2775 ’
1431 2744 1632 2814 μᾶλλον
1686 2746 1745 2798 δὲ
1780 2747 1970 2800 τοσοῦ-

399 2845 491 2881 τον
538 2830 666 2900 παρ’
695 2832 855 2900 ἡμῶν
906 2833 1218 2901 εἰσφέρεται
1268 2834 1450 2902 μόνον,
1495 2835 1618 2888 ὅσον
1677 2836 1968 2906 ὑπομείναι

400 2920 499 2988 τὴν
537 2922 696 2992 χάριν
721 2924 817 2975 καὶ
885 2923 959 2993 μὴ
1028 2925 1323 2995 προδοῦναι
1363 2926 1457 2979 τὸν
1490 2926 1785 2998 θησαυρὸν,
1835 2929 1971 2999 μηδὲ

404 3012 593 3066 σϐέσαι
624 3014 719 3085 τὴν
743 3016 1001 3084 λαμπάδα
1034 3017 1285 3087 ἡμμένην
1328 3017 1450 3089 ἤδη.
1472 3019 1631 3086 Λέγω
1684 3020 1747 3090 δὴ
1805 3021 1974 3091 μηδὲν

1988 1778 2038 1838 Β

2061 536 2151 592 hic
2204 537 2527 608 cupiditates
2574 536 3045 602 debellaverimus,
3106 536 3225 606 ipse
3281 551 3376 593 eas
3426 547 3641 592 coercet

2058 642 2122 683 ae
2145 627 2316 683 sedat.
2346 628 2411 682 Et
2436 643 2530 683 seu
2564 627 2688 682 illuc
2710 644 2823 693 cas,
2852 642 2949 683 seu
2968 628 3098 694 alio,
3122 629 3285 683 etiam
3310 628 3469 683 aliam
3490 629 3633 683 viam

2059 728 2309 790 occupat,
2373 729 2826 791 transeuntesque
2851 736 3016 775 manu
3045 721 3455 789 comprehendit
3483 735 3498 773 :
3530 740 3549 773 ι
3582 719 3638 774 Si

2059 812 2361 865 ascendere
2388 809 2443 864 in
2473 812 2695 876 cmlum,
2728 810 2927 880 inquit,
2959 819 3014 864 tu
3043 808 3154 863 illic
3189 824 3282 874 es;
3316 808 3362 864 si
3406 810 3639 863 descen-

2060 903 2190 959 dero
2227 902 2282 958 in
2300 902 2607 966 infernum,
2657 901 2810 957 ades.
2841 897 2896 957 Si
2932 914 3217 970 sumpsero
3250 915 3459 970 pennas
3488 915 3655 955 meas-

2060 994 2302 1061 diliculo,
2333 1005 2389 1050 et
2419 994 2744 1049 habitavere
2809 993 2863 1047 in
2898 992 3161 1048 extremis
3192 991 3391 1059 inaris;
3433 993 3636 1047 etenim

2060 1088 2189 1143 illuc
2227 1100 2426 1142 manus
2457 1094 2546 1141 tua
2579 1085 2813 1141 deducet
2842 1099 2949 1148 me,
2984 1096 3039 1139 et
3075 1084 3274 1139 tenebit
3305 1098 3391 1138 me
3419 1082 3639 1144 dextera

2060 1188 2154 1235 tua
2185 1180 2253 1239 ¹⁹.
2293 1197 2314 1232 ι
2343 1187 2531 1235 coactu
2555 1176 2795 1248 quodam
2838 1175 3158 1231 admirando
3187 1181 3239 1229 et
3265 1177 3416 1229 suavi
3452 1187 3637 1243 tyran—

2062 1270 2190 1326 nide
2223 1270 2290 1326 ad
2329 1285 2389 1325 se
2419 1270 2596 1326 solum
2630 1284 2729 1324 nos
2757 1268 3003 1334 trahens,
3042 1267 3259 1337 sibique
3293 1268 3556 1338 copulans
3586 1275 3641 1319 et

2063 1367 2389 1434 astringens.
2426 1363 2602 1433 Atque
2620 1364 2929 1417 hanc'illam
2960 1378 3080 1418 esse
3115 1363 3220 1416 vim
3249 1369 3303 1417 et
3340 1360 3642 1415 necessita—

2061 1466 2169 1513 tem
2202 1459 2416 1527 opinor,
2477 1460 2664 1526 quain
2721 1456 2945 1509 domum
3010 1464 3166 1510 suam
3197 1453 3266 1509 ad
3328 1452 3641 1509 convivium

2063 1548 2520 1619 compulit,!quos
2563 1548 2898 1611 convocavit,
2944 1560 3091 1615 ,cum
3154 1559 3312 1601 servo
3363 1545 3570 1599 diceret

2070 1660 2092 1694 ι
2118 1642 2393 1711 Compelle
2419 1641 2646 1701 intrare.
2679 1649 2737 1695 ut
2769 1620 3058 1709 impleatur
3080 1638 3276 1693 domus
3306 1653 3426 1691 mea
3451 1637 3514 1693 '°.
3532 1656 3549 1688 ι

2134 1820 2310 1876 Vitam
2366 1820 2531 1891 igitur
2587 1820 2641 1873 in
2689 1819 2906 1875 Christo
2935 1833 3040 1873 non
3072 1834 3125 1873 tn
3152 1827 3383 1873 venturo
3435 1827 3639 1873 tantum

2065 1917 2265 1973 saeculo
2318 1915 2653 1978 adfuturam,
2707 1915 2798 1971 sed
2855 1914 2909 1968 in
2970 1915 3222 1985 praesenti
3257 1914 3422 1970 etiam
3451 1915 3643 1970 adesse

2067 2009 2294 2075 sanctis,
2324 2016 2375 2063 et
2406 2008 2706 2063 secundum
2764 2006 2915 2061 illam
2955 2021 3050 2063 eos
3075 1994 3279 2061 vivere
3321 2016 3487 2076 atque
3517 2024 3645 2077 ope-

2067 2100 2199 2166 rari,
2245 2114 2311 2155 ex
2346 2098 2433 2153 his
2469 2114 2590 2169 quae
2631 2099 2777 2153 dicta
2813 2108 2941 2154 sunt
2998 2099 3348 2169 perspicuum
3371 2098 3448 2153 fit.
3492 2098 3645 2154 Unde

2069 2202 2251 2247 autem
2301 2192 2375 2246 ita
2415 2193 2599 2246 vivere
2633 2192 2815 2257 liceat,
2851 2201 2907 2248 et
2944 2191 3090 2262 quod
3143 2191 3344 2247 Paulus
3383 2192 3460 2246 ait
3487 2193 3557 2258 ¹¹,
3589 2193 3643 2245 in

2069 2284 2310 2339 novitate
2364 2283 2486 2338 vitae
2518 2284 2821 2350 ambulare,
2854 2283 3007 2355 quid,
3041 2284 3284 2353 inquam,
3314 2283 3645 2339 facientibus
3697 2351 3701 2355 _

2069 2374 2322 2430 Christus
2372 2376 2448 2431 ita
2488 2377 2854 2445 conjungalur
2911 2384 2964 2429 et
3010 2375 3369 2441 adhaerescet,
3408 2384 3506 2429 aut
3538 2390 3646 2445 quo

2068 2468 2288 2522 nomine
2322 2483 2410 2522 res
2444 2468 2762 2539 appellanda
2794 2476 2899 2532 est,
2933 2467 3190 2535 deinceps
3215 2467 3573 2522 disseremus.

2140 2559 2532 2615 Faciendorum
2590 2560 2771 2629 itaque
2807 2559 2952 2612 aliud
2998 2574 3026 2612 a
3057 2557 3185 2621 Deo,
3218 2556 3366 2612 aliud
3396 2575 3425 2613 a
3462 2560 3645 2614 studio

2070 2658 2124 2706 et
2148 2652 2428 2722 diligentia
2460 2661 2643 2707 nostra
2673 2659 2858 2721 aptum
2885 2659 2967 2705 est
2994 2666 3007 2704 :
3033 2660 3087 2704 et
3117 2650 3247 2705 illud
3267 2650 3485 2721 quidem
3505 2667 3644 2721 opus

2071 2744 2193 2814 ejus
2218 2745 2388 2800 solius
2414 2755 2520 2809 est,
2561 2744 2660 2801 hoc
2693 2753 2937 2799 nostram
2988 2758 3207 2813 quoque
3237 2745 3644 2799 contentionem

2072 2837 2369 2904 desiderat,
2424 2835 2505 2891 vel
2552 2838 2756 2907 potius,
2814 2852 2842 2890 a
2876 2836 3035 2891 nobis
3087 2846 3298 2891 tantum
3354 2846 3650 2907 praeSIalur

2073 2928 2359 2993 duntaxat,
2397 2940 2657 2997 quantum
2689 2929 2876 3001 gratiae
2903 2928 3174 2996 innititur,
3209 2942 3306 2985 nec
3330 2928 3647 2984 thesaurum

2074 3020 2273 3090 prodit,
2331 3035 2434 3075 nec
2487 3021 2764 3076 lucernam
2821 3022 2933 3093 jam
2995 3036 3283 3077 accensam
3313 3022 3647 3091 exstinguit;

401 3109 863 3177 ὲπεισαγαγόντας
894 3110 1141 3165 ἐναντίον
1172 3113 1235 3181 τῇ
1269 3112 1379 3183 ζωῇ
1410 3111 1505 3165 καὶ
1532 3111 1568 3166 ἀ
1609 3112 1700 3166 τὸν
1747 3112 1971 3167 θάνατον

2077 3126 2201 3165 ουιη
2239 3110 2451 3167 scilicet
2502 3112 2637 3166 nihil
2666 3112 3164 3183 superinducimus,
3201 3113 3346 3182 quod
3388 3112 3511 3167 vitae
3549 3113 3651 3166 ad-

399 3202 611 3256 τίκτειο
641 3202 773 3273 πρὸς
797 3202 955 3256 τοῦτο
1000 3205 1107 3275 γὰρ
1139 3206 1248 3259 πᾶν
1281 3204 1616 3275 ἀνθρώπειον
1639 3205 1842 3273 ἀγαθὸν
1876 3204 1971 3260 καὶ

400 3295 551 3347 πᾶσα
579 3294 744 3365 ἀρετὴ
800 3297 977 3366 φέρει,
1032 3297 1107 3367 μὴ
1157 3298 1279 3352 καθ’
1324 3298 1520 3352 ἑαυτοῦ
1559 3316 1678 3351 τινα
1714 3300 1773 3351 τὸ
1820 3298 1970 3367 ξίφος

400 3386 630 3455 ὠθῆσαι,
668 3387 798 3457 μηδὲ
822 3389 1019 3456 φυγεῖν
1049 3388 1147 3460 τὴν
1164 3390 1512 3459 εὐδαιμονίαν
1546 3390 1641 3443 καὶ
1680 3393 1777 3459 τῆς
1801 3407 1974 3458 κεφαει

400 3475 499 3541 λῆς
524 3476 912 3532 ἀποσείσασθαι
938 3478 1062 3543 τοὺς
1104 3480 1422 3548 στεφάνους,
1452 3481 1527 3543 ὡς
1559 3482 1657 3550 τήν
1682 3497 1744 3549 γε
1786 3481 1972 3534 οὐσίαν

402 3567 572 3636 αὐτὴν
626 3568 722 3638 τῆς
756 3569 900 3639 ζωῆς
966 3570 1128 3633 αὐτὸς
1159 3570 1349 3642 παρὼν
1384 3571 1411 3622 ὁ
1442 3572 1680 3640 Χριστὸς
1728 3570 1972 3643 ἀῤῥητόν

400 3678 523 3712 τινα
553 3660 756 3732 τρόπον
783 3661 1004 3730 φυτεύει
1041 3666 1162 3727 ταῖς
1206 3664 1507 3734 ἡμετέραις
1534 3664 1757 3733 ψυχαῖς.
1792 3664 1975 3734 Πάρε-

405 3770 490 3807 στι
518 3754 625 3825 γὰρ
651 3755 865 3825 ἀληθῶς
891 3756 985 3808 καὶ
1015 3756 1201 3827 βοηθεῖ
1248 3758 1367 3819 ταῖς
1406 3756 1606 3827 ἀρχαῖς
1650 3757 1749 3824 τῆς
1801 3754 1970 3827 ζωῆς,

404 3838 697 3910 αἷςάύτδς
744 3848 1091 3919 ἐπιδημήσας
1144 3849 1428 3919 παρέσχε·
1480 3847 1715 3917 πάρεστι
1766 3847 1823 3901 δὲ
1878 3847 1976 3917 οὐχ

406 3939 593 4011 ὥσπερ
621 3940 681 3993 τὸ
720 3940 935 4011 πρῶτον
970 3941 1181 4012 διαίτης
1211 3942 1306 3993 καὶ
1337 3940 1611 4008 συλλόγων
1644 3940 1739 3994 καὶ
1772 3940 1981 4011 διατρι-

408 4032 519 4083 ϐῶν
548 4034 681 4101 ἡμῖν
712 4032 804 4085 καὶ
835 4032 1128 4099 κοινωνῶν,
1169 4032 1285 4085 ἀλλ’
1321 4032 1507 4101 ἕτερον
1538 4032 1733 4103 ἐκείνῳ
1762 4033 1858 4086 καὶ
1892 4048 1979 4086 τε·

407 4125 671 4195 λεὼτερον
698 4125 920 4194 τρόπον,
952 4124 1073 4178 καθ’
1096 4125 1155 4178 ὃν
1184 4123 1462 4196 σύσσωμοι
1511 4125 1659 4196 αύτῷ
1717 4124 1981 4195 γινόμεθα

410 4219 504 4272 καὶ
535 4218 731 4282 σύζωοι
762 4218 855 4272 καὶ
890 4218 1051 4287 μέλη,
1088 4218 1184 4271 καὶ
1214 4218 1268 4270 εί
1310 4236 1362 4271 τι
1409 4218 1545 4288 προς
1591 4219 1754 4271 τοῦτο
1800 4218 1979 4290 φέρει.

411 4310 677 4381 Καθάπερ
727 4312 836 4381 γὰρ
884 4312 916 4380 ἠ
967 4309 1345 4379 φιλανθρωπία
1403 4311 1628 4377 ἇςατος,
1691 4310 1810 4364 ὅθεν
1844 4328 1983 4380 προ·

411 4404 551 4473 ἠχθη
582 4406 706 4465 τοὺς
740 4404 1049 4472 αἰσχίστους
1080 4401 1224 4455 οὕτω
1263 4402 1494 4471 φιλήσας
1524 4401 1670 4455 οὕτω
1703 4404 1979 4473 μεγίστων

2075 3212 2341 3269 versetur,
2382 3214 2723 3275 mortemque
2765 3206 3072 3277 progignat.
3115 3204 3235 3261 Huc
3264 3205 3410 3261 enim
3445 3206 3649 3261 bonum

2075 3310 2236 3352 omne
2279 3309 2332 3351 et
2362 3299 2541 3353 omnis
2594 3299 2770 3354 virtus
2817 3300 3054 3354 humana
3098 3297 3376 3362 collineat,
3426 3313 3496 3353 ne
3523 3298 3651 3368 quis

2075 3389 2314 3457 gladium
2352 3391 2404 3444 in
2441 3390 2793 3461 semetipsum
2841 3392 3047 3463 adigat,
3100 3408 3201 3447 nec
3226 3392 3401 3462 fugiat
3424 3390 3652 3447 felicita-

2074 3486 2204 3544 tem,
2252 3493 2306 3538 et
2353 3498 2614 3539 coronam
2649 3498 2680 3537 e
2713 3484 2889 3554 capite
2940 3485 3212 3551 excutiat;
3276 3483 3534 3554 quoniam
3568 3500 3657 3540 es-

2075 3578 2306 3634 sentiam
2329 3577 2503 3645 ipsam
2540 3576 2659 3629 vitte
2684 3574 2936 3630 Christus
2962 3576 3190 3645 ipsemet
3211 3590 3471 3646 praesens,
3491 3580 3655 3633 modo

2075 3672 2335 3739 quodam,
2387 3667 2473 3721 cui
2515 3665 2860 3735 explanando
2905 3668 3070 3722 verba
3110 3681 3221 3722 non
3277 3669 3653 3739 reperiuntur,

2077 3764 2273 3818 animis
2297 3762 2497 3816 nostris
2525 3761 2679 3816 serit.
2718 3760 2860 3817 Vere
2888 3761 3033 3815 enim
3090 3760 3267 3827 adest,
3292 3769 3346 3817 et
3370 3761 3657 3832 principiis

2075 3854 2291 3911 vivendi
2326 3868 2484 3925 opem
2524 3853 2652 3919 fert,
2698 3868 2821 3924 quae
2855 3853 3085 3923 ipsemet
3112 3854 3352 3909 adventu
3384 3869 3488 3909 suo
3514 3863 3657 3910 attu-

2078 3947 2157 4002 lit.
2194 3947 2358 4002 Adest
2391 3958 2594 4011 autem,
2634 3961 2741 4002 non
2776 3956 2834 4001 ut
2863 3945 3099 4016 primum
3134 3945 3305 4012 victu,
3332 3962 3654 4018 congressu,

2079 4038 2474 4092 consuetudine
2512 4036 2797 4093 nobiscum
2824 4037 3241 4093 communicaris
3261 4038 3375 4093 :sed
3394 4037 3499 4093 alia
3525 4054 3661 4108 qua-

2081 4126 2205 4181 dam
2270 4127 2480 4181 ratione
2539 4126 2764 4181 meliore
2822 4124 3274 4196 perfectioreque,
3310 4110 3315 4113 i
3355 4127 3657 4182 secundum

2083 4233 2244 4282 quam
2286 4233 2675 4287 concorpores,
2718 4226 2772 4274 et
2801 4217 3045 4287 ejusdem
3080 4218 3203 4273 vitae
3254 4219 3572 4290 participes,
3605 4228 3662 4274 et

2085 4309 2324 4362 membra
2394 4308 2467 4362 illi
2522 4308 2824 4375 evadimus,
2886 4318 2940 4364 et
2981 4310 3026 4365 si
3076 4310 3205 4380 quid
3265 4310 3413 4367 aliud
3470 4310 3679 4367 eodem

2086 4400 2339 4471 pertinet.
2369 4398 2841 4465 Quemadmodum
2882 4400 3026 4454 enim
3085 4402 3505 4473 benignitatem,
3556 4420 3661 4475 qua

413 4496 641 4560 ἀξιῶσαι
671 4494 931 4564 χαρίτων,
968 4495 1113 4565 καὶὴ
1156 4494 1439 4562 συνάφεια,
1477 4493 1601 4546 καθ’
1635 4496 1702 4565 ἢν
1764 4494 1971 4549 σύνεστι

2090 4493 2353 4561 impulsus
2388 4492 2644 4548 inimicos
2674 4493 2810 4547 adeo
2828 4492 3039 4557 dilexit,
3073 4494 3350 4562 tantisque
3377 4495 3664 4550 beneﬁciis

412 4591 519 4649 τοῖς
550 4588 912 4656 φιλουμένοις,
938 4588 1118 4640 πᾶσαν
1148 4588 1329 4641 είκόνα
1356 4588 1450 4639 καὶ
1475 4588 1656 4639 πᾶσαν
1703 4588 1982 4657 ἐπωνυμί-

414 4700 479 4733 αν
516 4682 657 4751 νικᾷ,
687 4679 830 4733 οὕτω
862 4681 958 4733 καὶ
995 4681 1023 4732 ὁ
1068 4679 1288 4749 τρόπος,
1345 4678 1468 4732 καθ’
1497 4678 1556 4731 ὃν
1620 4678 1836 4732 σύνεστι
1883 4680 1977 4733 καὶ

414 4776 639 4839 εὐποιεί,
673 4772 1001 4840 θαυμαστὸς,
1032 4773 1125 4825 καὶ
1149 4771 1227 4838 τῷ
1252 4771 1537 4840 θαυμαστὰ
1568 4771 1813 4823 ποιοῦντι
1836 4770 1982 4840 μόνῳ

415 4867 727 4937 προσήκων.
754 4866 857 4917 Τδν
890 4864 998 4934 γὰρ
1029 4864 1280 4927 θάνατον,
1338 4863 1398 4916 ὃν
1424 4863 1640 4934 άληθῶς
1697 4862 1837 4933 ὑπὲρ
1882 4866 1983 4934 τῆς

415 4960 687 5029 ἡμετέρας
715 4958 860 5027 ζωῆς
886 4958 1149 5022 ἀπέθανε,
1186 4956 1478 5027 συμϐόλοις
1546 4957 1657 5009 τισὶ
1723 4957 1980 5028 καθάπερ

416 5054 473 5103 ὲν
512 5054 695 5121 γραφῇ
734 5050 1105 5121 μιμουμένους
1136 5050 1458 5120 πράγμασιν
1486 5051 1671 5114 αὐτοῖς
1702 5051 1987 5105 ἀνακαινί-

419 5143 500 5209 ζει
529 5144 621 5197 καὶ
653 5141 985 5196 ἀναπλάττει
1010 5142 1099 5194 ταὶ
1132 5143 1229 5202 τῆς
1261 5139 1456 5194 ἑαυτοῦ
1508 5142 1797 5204 κοινωνοὺς
1820 5146 1991 5195 ποιεῖ-

418 5255 509 5291 ται
540 5236 707 5307 ζωῆς.

504 5426 630 5481 Ἐπὶ
654 5427 763 5496 γάρ
781 5424 889 5479 τῶν
914 5422 1230 5494 μυστηρίων
1271 5422 1382 5475 τῶν
1405 5420 1567 5490 ἱερῶν
1590 5420 1682 5473 τὸν
1705 5419 1875 5488 τάφον
1898 5419 1993 5471 αύ-

422 5521 516 5576 τοῦ
548 5521 853 5591 γράφοντες
876 5519 971 5572 καὶ
999 5519 1091 5571 τὸν
1122 5517 1353 5570 θάνατον
1396 5514 1562 5568 αὐτοῦ
1591 5513 1994 5581 καταγγέλλον-

2090 4586 2411 4649 cumulavit,
2437 4585 2581 4639 nulla
2626 4585 2810 4651 lingua
2841 4592 3238 4653 consequatur:
3266 4593 3329 4638 et
3356 4593 3419 4637 ιιι
3437 4587 3665 4653 proinde

2089 4678 2404 4746 conjunctio
2448 4678 2588 4745 ejus,
2641 4692 2749 4745 qua
2784 4677 2977 4731 amicis
3006 4676 3121 4729 suis
3150 4675 3478 4742 devincitur,
3542 4692 3665 4732 omv

2092 4787 2215 4825 nem
2240 4786 2361 4841 quae
2379 4771 2562 4824 animo
2580 4768 2859 4822 informari
2902 4777 2996 4822 aut
3020 4766 3289 4822 nominari
3315 4776 3514 4837 potest,
3537 4784 3667 4824 con-

2088 4865 2420 4934 junctionem
2453 4872 2577 4933 post
2607 4878 2664 4917 se
2705 4860 2998 4931 relinquit;
3033 4860 3112 4915 sic
3138 4859 3267 4914 item
3327 4863 3522 4917 modus
3557 4878 3666 4933 quo

2094 4958 2246 5011 adest
2295 4965 2349 5010 et
2374 4955 2660 5020 bcnefaeit,
2697 4951 3055 5008 admiratione
3098 4950 3318 5021 dignus,
3351 4962 3405 5007 et
3445 4951 3668 5007 facienti

2094 5048 2361 5103 mirabilia
2387 5048 2490 5103 soli
2545 5046 2879 5102 conveniens
2920 5054 3020 5099 est.
3058 5042 3285 5098 Mortem
3310 5044 3478 5108 enim,
3505 5060 3665 5112 quam

2096 5142 2209 5211 ipse
2237 5156 2333 5210 pro
2384 5143 2493 5195 vita
2529 5148 2717 5195 nostra
2746 5152 2870 5193 vere
2893 5138 3046 5205 obiit,
3074 5136 3245 5206 signis
3293 5146 3347 5192 et
3376 5135 3522 5190 notis
3548 5136 3669 5202 qni-

2095 5236 2350 5297 busdam,
2393 5235 2535 5289 velut
2562 5234 2615 5288 in
2646 5233 2855 5303 pictura
2889 5232 3189 5295 imitantes,
3233 5230 3398 5285 rebus
3430 5228 3561 5297 ipsis
3576 5241 3673 5303 re-

2098 5335 2262 5380 novat
2291 5334 2341 5378 ct
2372 5326 2640 5379 instaurat
2660 5364 2674 5389 ,
2728 5338 2792 5378 ac
2818 5324 2941 5379 vitae
2974 5340 3084 5379 suae
3115 5331 3398 5379 consortes
3428 5326 3671 5388 praestat.

2158 5415 2214 5469 In
2237 5416 2404 5471 sacris
2429 5432 2661 5485 namque
2697 5414 3298 5487 mysteriissepulturam
3323 5412 3441 5478 ejus
3482 5407 3673 5461 adum-

2098 5510 2341 5571 hrantcs,
2366 5518 2417 5563 et
2439 5519 2665 5562 mortem
2686 5508 3094 5572 annuntiantes,
3118 5520 3212 5575 per
3235 5517 3295 5557 ea
3324 5513 3673 5570 generantur,

424 5632 537 5680 τες,
567 5614 634 5667 δι’
656 5613 835 5666 αὐτῶν
865 5612 1186 5682 γεννώμεθα
1208 5611 1303 5663 καὶ
1333 5607 1677 5677 πλαττόμεθα
1707 5607 1799 5659 καὶ
1833 5606 1971 5673 ὑπερ

2101 5610 2153 5655 et
2179 5601 2453 5670 fingimur,
2484 5609 2537 5655 et
2566 5600 3023 5663 excellentissime
3071 5611 3192 5651 cum
3245 5592 3532 5649 Salvatore
3585 5605 3679 5643 co-

430 5709 581 5778 φυῶς
622 5706 1011 5777 συναπτόμεοα
1033 5704 1110 5776 τῷ
1142 5704 1358 5775 Σωτῆρι
1379 5717 1392 5731 ⁶
1422 5703 1595 5755 ταῦτα
1626 5700 1734 5770 γάρ
1761 5702 1898 5763 ἐστι,
1927 5697 1997 5749 δι’

1868 5882 1869 5885 η
1899 5810 1940 5843 ²¹
1975 5811 2137 5867 Rom.
2175 5824 2250 5877 ιι,
2283 5808 2336 5863 '5.

507 5823 545 5850 “
582 5816 727 5876 Psal.
761 5833 1024 5884 cxsxvut,
1061 5815 1209 5873 8-10.
1287 5816 1331 5847 ”
1386 5814 1518 5870 Luc.
1558 5832 1667 5883 xiv,
1728 5812 1818 5869 9.3.

2103 5692 2417 5748 alescimus.
2458 5692 2581 5749 llaec
2607 5693 2748 5749 enim
2777 5700 2924 5758 sunt,
2954 5706 3048 5760 per
3077 5702 3196 5759 qua:
3217 5686 3269 5741 in
3305 5681 3681 5757 lpso,utPau.—
