4030 6464
426 357 528 419 5θἸ

1685 347 1996 410 NICOLAI
2029 346 2420 412 CABASIL‘IE

3574 350 3675 413 ξ’)οἾ

425 468 646 524 scribit:
678 466 931 523 «Iustitia
984 465 1129 521 enim
1165 466 1257 521 Dei
1295 467 1349 520 iu
1374 480 1441 521 eo
1470 464 1743 521 revelatur
1766 464 1834 528 '°,
1865 482 1883 513 ι
1921 461 1992 513 in-

2118 463 2321 527 [Ῐαῦλος
2345 460 2467 518 εἷπε
2498 479 2513 494 ο
2540 463 2589 516 εί
2616 462 2726 533 γάρ
2750 461 2867 515 ἐστι
2893 479 2978 525 τις
3007 459 3178 531 ἀρετὴ
3196 458 3336 515 Θεοῦ
3357 459 3454 515 καὶ
3473 462 3668 517 δικαιον

426 562 568 632 quit.
599 561 653 614 Si
679 574 787 630 qua
819 560 961 613 enim
983 567 1065 613 est
1088 558 1298 627 justitia
1353 568 1410 614 et
1436 561 1607 613 virtus
1636 557 1752 624 Dei,
1783 574 1845 613 ea
1876 559 2002 622 erit,

427 653 686 707 omnibus
721 652 1006 706 afﬂuentes
1079 657 1218 706 bona
1267 668 1366 707 sua
1431 652 1724 721 impertiri,
1779 652 2007 721 ipsaque

429 745 740 800 communio
774 744 1147 799 beatitudinis.
1180 747 1332 799 Hane
1366 746 1438 800 ob
1471 760 1696 799 causam
1747 743 2006 814 mysteria

430 835 802 889 sacratissima
862 844 1033 902 porta:
1088 836 1320 904 justitiae
1379 838 1574 891 merito
1624 837 2004 902 nominentur,

429 926 688 991 quoniam
718 924 805 978 Dei
836 942 960 995 erga
992 941 1163 996 genus
1187 937 1433 982 nostrum
1474 943 1728 997 suprema
1759 929 2006 998 benigni-

432 1030 514 1069 tas
530 1029 581 1071 et
613 1018 850 1081 bonitas,
876 1035 996 1086 quae
1020 1030 1103 1073 est
1123 1019 1304 1074 divina
1334 1022 1510 1076 virtus
1530 1029 1586 1077 et
1604 1021 1839 1091 justitia,
1865 1020 2011 1075 hunc

430 1108 588 1161 nobis
625 1108 903 1162 introitum
942 1110 994 1162 in
1027 1111 1226 1165 emlum
1266 1112 1537 1180 patefecit.

504 1202 619 1254 lmo
670 1217 798 1255 vero
849 1204 1590 1271 etiamaliotn01l0,judieio
1642 1206 1903 1273 quodam,
1954 1215 2008 1259 et

430 1291 646 1356 justitia
678 1291 783 1344 hoe
811 1300 1075 1359 tropaeum
1135 1293 1421 1346 constituit
1457 1293 1736 1356 Dominus,
1787 1301 1841 1346 et
1870 1293 2012 1346 hanc

434 1387 642 1445 portam
679 1390 733 1431 et
775 1380 917 1433 hanc
958 1382 1098 1433 viam
1131 1382 1289 1436 nobis
1315 1391 1397 1435 est
1433 1382 1685 1451 largitus.
1716 1382 1836 1437 Non
1862 1383 2007 1437 enim

430 1469 677 1537 captivos
703 1471 906 1537 rapuit,
940 1472 1034 1525 sed
1087 1473 1426 1529 Iiberationis
1464 1476 1695 1544 pretium
1728 1474 2008 1544 persolvit,

430 1567 484 1609 et
519 1557 712 1611 fortem
772 1560 1038 1629 alligavit,
1074 1565 1219 1632 quod
1249 1574 1399 1619 esset
1446 1567 1740 1634 potentior,
1779 1578 1832 1623 et
1863 1570 2011 1638 just;

432 1650 704 1703 sententia
745 1665 810 1705 oo
845 1654 1226 1720 condemnato,
1255 1658 1500 1733 regnavit
1525 1660 1576 1712 in
1623 1660 1785 1713 domo
1822 1660 2009 1726 Jacob,

433 1735 488 1789 in
518 1737 808 1794 animabus
862 1742 1143 1797 hominum
1209 1748 1547 1815 tyrannidem
1584 1761 1868 1816 evertens;
1901 1767 2009 1805 non

433 1828 560 1895 quia
601 1840 846 1884 evertere
898 1834 1094 1900 potuit,
1143 1837 1236 1889 sed
1281 1838 1409 1906 quia
1440 1854 1559 1893 eam
1602 1842 2004 1909 evertijustum

433 1926 569 1971 erat.
601 1919 777 1989 Atque
800 1921 902 1976 hoc
932 1923 1096 1978 David
1125 1926 1393 1987 indicans.
1420 1931 1531 1986 ait:
1571 1931 1817 1987 «Justitia
1842 1943 1893 2011 et
1914 1933 2008 2003 ju-

433 2010 661 2077 dicium,
687 2018 1007 2084 prrparatio
1039 2019 1184 2075 sedis
1211 2030 1316 2075 tua:
1335 2025 1432 2076 ³⁸.»
1467 2024 1587 2079 Non
1611 2027 1785 2080 solum
1825 2037 2005 2083 autem

430 2102 642 2170 justitia
674 2107 769 2161 has
801 2118 987 2176 portas
1039 2116 1278 2179 aperuit,
1331 2119 1424 2169 sed
1459 2118 1620 2171 etiam
1652 2119 1856 2189 justitia
1888 2122 2008 2190 ipsa

436 2208 531 2257 per
560 2209 653 2249 eas
677 2196 740 2249 ad
774 2213 945 2267 genus
1005 2213 1251 2256 nosmnn
1317 2206 1487 2260 venit.
1518 2206 1803 2263 Prioribus
1861 2212 2003 2267 enim

436 2285 792 2353 taruporibus,
838 2289 1153 2361 priusquam
1192 2294 1334 2350 Deus
1364 2297 1429 2350 ad
1458 2298 1707 2352 homines
1732 2302 2009 2358 delabere-

435 2382 547 2439 tur,
577 2376 789 2447 justitia
822 2383 874 2435 In
910 2386 1039 2438 orbe
1070 2395 1337 2442 terrarum
1382 2407 1653 2461 nusquam
1693 2398 2005 2452 invenieba.

438 2475 548 2521 tur.
587 2469 701 2537 Ipse
752 2474 895 2526 enim
932 2476 1071 2531 Deus
1117 2480 1182 2533 de
1204 2482 1343 2536 uelo
1394 2486 1666 2553 aspiciens
1722 2493 2006 2559 qnaesivit,

435 2573 594 2626 quem
636 2564 801 2616 latere
859 2580 965 2619 non
1026 2572 1309 2637 potuisset,
1371 2575 1414 2628 si
1460 2577 1562 2631 ulla
1595 2582 1916 2649 exstitissrt,
1956 2594 2008 2640 ct

436 2663 616 2705 tamen
642 2670 747 2707 non
778 2657 1014 2713 invenit:
1043 2660 1273 2719 «Omnes
1298 2668 1673 2739 euim,iuquit,
1700 2674 2009 2730 declinave‘

438 2753 583 2805 runt,
619 2754 671 2798 et
696 2746 914 2803 inutiles
947 2749 1071 2804 facti
1113 2764 1274 2808 sunt:
1315 2772 1420 2809 non
1477 2769 1559 2811 est
1592 2762 1682 2830 qui
1723 2761 1883 2817 faciat
1915 2758 2031 2819 bo-i

438 2848 566 2886 num
599 2852 612 2897 ;
655 2853 760 2891 non
820 2851 901 2895 est
959 2846 1234 2912 usquead
1297 2864 1465 2901 unum
1494 2851 1590 2902 ³³.)
1624 2852 1692 2904 At
1722 2862 2005 2924 postquam

437 2925 638 2980 veritas
668 2928 733 2982 de
760 2938 898 2985 terra
953 2932 1005 2986 in
1035 2937 1271 2991 tenebris
1303 2949 1464 3007 atque
1515 2943 1705 2995 umbra
1744 2947 2006 2999 mendacii

437 3017 755 3075 sedentibus
788 3034 977 3077 exorta
1015 3034 1117 3088 est,
1150 3036 1279 3082 tunc
1309 3030 1470 3083 etiam
1531 3033 1741 3102 justitia
1771 3036 1837 3090 de
1871 3038 2009 3092 caelo

438 3111 736 3178 prospexit,
763 3125 816 3168 et
839 3124 950 3168 tum
984 3117 1219 3185 primum
1253 3136 1376 3173 vere
1420 3122 1763 3195 perfectoque
1792 3127 2023 3182 homini-

440 3199 542 3253 bus
566 3204 812 3269 apparuit
840 3245 854 3269 ,
883 3214 933 3258 et
960 3205 1244 3273 iustificati
1275 3224 1500 3275 sumus;
1532 3215 1767 3284 primum
1804 3220 2019 3286 quidem

439 3306 468 3342 δ
509 3291 762 3360 vinculis,
819 3303 873 3349 et
926 3312 953 3349 a
987 3300 1197 3352 ratione
1232 3301 1500 3357 reddenda
1556 3306 1896 3374 liherati,-eo
1929 3314 2021 3381 qui

439 3382 573 3435 nihil
606 3386 827 3440 sceleris
861 3389 1157 3443 admiserat
1191 3408 1286 3460 per
1316 3405 1543 3449 m0rtem
1581 3401 1762 3454 crucis
1798 3417 1895 3468 pro
1923 3417 2023 3456 no-

441 3475 524 3528 bis
560 3479 959 3545 respondente;
993 3496 1097 3550 qua
1141 3498 1331 3551 poenas
1360 3487 1459 3541 luit
1513 3505 1727 3553 eorum,
1771 3508 1891 3560 qtae
1924 3511 2021 3549 nos

441 3566 649 3623 nefarie
681 3570 801 3624 ausi
833 3570 1151 3629 fueramus:
1185 3576 1380 3631 deinde
1408 3594 1503 3648 per
1528 3592 1757 3635 mortem
1791 3585 1935 3639 illam
1968 3597 2020 3641 et

437 3661 596 3714 amici
625 3660 737 3724 Dei,
758 3674 811 3716 et
831 3663 1283 3732 justicvasimus.
1315 3670 1436 3724 Non
1463 3672 1608 3726 enim
1638 3679 2019 3733 tantummodo

435 3768 539 3806 nos
573 3751 844 3819 liberavit,
869 3764 923 3809 et
955 3773 1077 3811 cum
1106 3759 1263 3813 Patre
1289 3761 1342 3814 in
1374 3763 1602 3830 gratiam
1631 3767 1845 3821 reduxit
1873 3786 2016 3824 mor-

434 3849 565 3894 tuus
588 3841 873 3911 Salvator,
908 3848 1000 3900 sed
1032 3848 1257 3919 insuper
1293 3853 1472 3906 «dedit
1504 3856 1661 3910 nobis
1694 3867 2014 3925 potestatem

434 3930 577 3985 ﬁlios
612 3933 698 3987 Dei
734 3936 850 3989 fieri
876 3937 973 3993 ³³.)
1033 3940 1310 4010 Copulans
1371 3945 1590 4013 quidem
1627 3948 1731 4001 sibi
1766 3961 2013 4008 naturam

434 4032 708 4092 nostram,
745 4042 842 4094 per
875 4044 1093 4083 carnem
1130 4034 1290 4088 nobis
1343 4047 1691 4105 comparatus
1755 4052 1878 4096 est:
1913 4060 2014 4098 no-

434 4124 614 4169 atrum
642 4130 823 4171 autem
867 4135 1313 4192 unumquemque
1370 4130 1519 4182 rarni
1583 4146 1695 4185 suae
1728 4134 2013 4201 copulans,
2049 4171 2060 4179 -

434 4206 640 4261 virtute
691 4214 1075 4279 mysteriorum
1111 4216 1381 4281 videlicet,
1418 4221 1521 4275 hoc
1553 4223 1715 4275 modo
1743 4224 2011 4293 justitiam

438 4315 594 4351 suam
632 4311 684 4356 et
713 4304 875 4357 vitam
925 4305 978 4358 in
1009 4308 1289 4364 animabus
1313 4313 1511 4367 nostris
1536 4314 1734 4368 exoriri
1764 4316 1907 4370 facit.
1940 4320 2012 4373 lta

441 4402 626 4441 veram
671 4389 938 4458 justitiam
975 4409 1069 4463 per
1100 4412 1251 4451 sacra
1312 4403 1570 4471 mysteria
1601 4415 1655 4458 et
1683 4419 2013 4473 cognoscere

441 4479 752 4539 hominibus
780 4483 953 4551 licuit,
989 4499 1041 4541 et
1064 4503 1126 4543 ea
1152 4490 1251 4544 rite
1281 4491 1450 4565 fungi.

510 4657 624 4715 Etsi
664 4662 808 4716 enim
860 4664 1015 4725 multi
1054 4665 1209 4733 justi,
1243 4677 1295 4722 et
1319 4670 1480 4724 amici
1513 4669 1602 4724 Dei
1653 4673 1706 4726 in
1767 4673 2014 4745 Scriptu-

441 4765 499 4802 ra
528 4766 918 4821 memorentur,
957 4767 1245 4827 antequam
1278 4762 1583 4826 advenirrt,
1613 4765 1703 4832 qui
1744 4767 2014 4833 justilira-

445 4851 528 4895 ret
574 4852 628 4895 et
659 4848 1072 4913 reconciliaret,
1111 4860 1290 4905 tamen
1335 4853 1466 4907 illud
1525 4854 1574 4906 in
1622 4858 1810 4922 primis
1862 4861 2010 4927 cogi-

446 4935 667 4986 tandum
701 4946 805 5000 est,
851 4944 992 5007 quod
1029 4942 1265 5011 primtttn
1304 4944 1368 4995 ad
1424 4945 1681 4999 saeculum
1745 4948 2010 5014 ipsorum,

442 5035 564 5091 post
596 5025 661 5077 ad
716 5025 957 5083 futurum
989 5034 1273 5098 attinebat,
1323 5049 1416 5088 eos
1450 5037 1714 5103 potuisse.
1751 5049 1803 5093 et
1857 5056 2015 5108 para-

446 5124 529 5168 tos
573 5115 739 5170 fuisse
767 5119 830 5171 ad
858 5120 1155 5189 justitiam,
1189 5126 1354 5180 veluti
1384 5127 1448 5180 ad
1484 5127 1757 5184 sublatum
1795 5132 2013 5199 aliquod

444 5208 659 5276 δῖὲξηιηη
732 5225 1040 5276 ποιητοῖο,
1116 5219 1501 5287 persolutoque
1570 5220 1765 5289 pretio,
1817 5223 2018 5290 quibus

446 5302 775 5356 tenebantur
795 5303 1024 5359 vinculis
1048 5307 1237 5373 levari,
1257 5311 1607 5381 oblatumque
1637 5314 1814 5366 lumen
1854 5329 2016 5384 aspe-

444 5411 616 5460 ctare,
667 5414 721 5456 et
776 5403 1150 5457 demonstrata
1186 5405 1299 5474 jam
1361 5409 1612 5474 veritate,
1651 5426 1680 5464 a
1715 5412 1904 5479 figuris
1965 5421 2019 5465 et

445 5478 656 5546 umbris
700 5496 971 5549 recedere.
1024 5493 1090 5549 Et
1113 5498 1215 5549 hoc
1241 5498 1372 5567 justi
1419 5501 1486 5555 ab
1532 5478 1794 5569 improbis
1843 5504 2016 5559 diffe-

445 5586 660 5652 relrant,
696 5602 818 5640 cum
868 5595 1053 5642 essent
1110 5589 1315 5659 alioqui
1375 5595 1769 5662 prepemodum
1821 5594 2013 5649 iisdem

525 5764 568 5793 ³ο
617 5763 772 5822 Rern.
824 5784 861 5831 t,
903 5768 985 5823 l7.
1062 5769 1104 5802 ³¹
1136 5769 1281 5826 Psal.
1326 5788 1591 5838 Lxxxvm,
1620 5773 1705 5827 15.

2047 4398 2151 4493 δή

1788 5776 1830 5808 ³³
1862 5773 2005 5832 l’sal.
2058 5790 2165 5841 arx,
2202 5774 2253 5827 5.

2054 552 2064 557 ’
2110 552 2271 621 σύν-η,
2309 553 2467 607 τοῦτο
2499 553 2565 607 ἂν
2602 552 2688 623 εἴη
2717 553 2778 605 τὸ
2801 553 2970 606 πᾶσιν
3014 550 3267 620 ἀφθόνως
3312 550 3425 606 τῶν
3452 552 3676 621 ἀγαθῶν

2107 642 2217 696 τῶν
2247 644 2442 696 ἑαυτοῦ
2471 643 2795 713 μεταδοῦναι
2818 644 2914 696 καὶ
2937 645 2970 713 ἡ
2992 643 3095 712 τῆς
3129 644 3533 712 μακαριότητος
3561 661 3670 699 κοι-

2108 734 2298 787 νωνία.
2334 732 2540 786 Τούτου
2581 732 2745 803 χάριν
2778 734 2847 786 τὰ
2893 732 3165 804 ἱερώταται
3196 736 3476 819 μυστήρια
3514 734 3676 790 πύλαι

2111 824 2178 879 ἂν
2225 824 2452 888 εἰκότως
2485 824 2735 879 καλοῖντο
2790 825 3163 895 δικαιοσύνης,
3203 828 3351 898 ὃτιὴ
3396 827 3489 882 τοῦ
3543 827 3680 881 Θεοῦ

2111 917 2241 988 περὶ
2269 917 2331 973 τὸ
2361 918 2518 985 γένος
2566 917 2768 988 ἐσχάτη
2819 916 3206 988 φιλανθρωπία
3251 919 3349 971 καὶ
3384 917 3681 986 ἀγαθότης,

2110 1009 2233 1080 ητις
2280 1009 2429 1062 ἐστὶν
2475 1010 2508 1077 ἡ
2549 1008 2665 1061 θεία
2714 1008 2884 1079 ἀρετὴ
2936 1010 3029 1061 καὶ⁵
3082 1007 3424 1078 δικαιοσύνη,
3479 1010 3684 1071 ταύτας

2111 1103 2243 1171 ἡμῖν
2272 1103 2352 1164 είς
2377 1102 2467 1155 τὸν
2494 1100 2720 1170 ούρανδν
2746 1101 2973 1169 εποίησε
3003 1101 3103 1162 τάς
3130 1100 3390 1161 εἰσόδους.

2183 1194 2292 1247 Καὶ
2330 1191 2443 1261 μὴν
2467 1193 2558 1244 καὶ
2578 1192 2781 1262 ἕτερον’
2801 1191 3001 1259 τρόπον
3037 1191 3215 1261 κρίσει
3247 1193 3352 1246 τινὶ
3369 1193 3463 1244 καὶ
3479 1192 3686 1245 δικαιο-

2114 1282 2248 1354 σύνῃ
2278 1283 2437 1335 τοῦτο
2462 1283 2523 1335 τὸ
2548 1282 2806 1352 τρόπαιον
2841 1281 3071 1352 ἔστησεν
3098 1284 3126 1335 ὁ
3157 1283 3394 1353 Κύριος,
3424 1286 3521 1337 καὶ
3553 1283 3688 1338 ταύ-

2112 1391 2214 1444 την
2242 1376 2375 1445 ἡμῖν
2425 1372 2624 1425 ἔδωκεν
2672 1371 2771 1442 τὴν
2808 1370 2987 1440 πύλην
3015 1372 3109 1423 καὶ
3138 1370 3239 1441 τὴν
3284 1372 3427 1426 ὁδόν.
3454 1372 3530 1425 Οὐ
3578 1374 3688 1442 γὰρ

2112 1469 2331 1539 ἥρπασε
2361 1466 2489 1529 τοὺς
2545 1463 2945 1533 αἰχμαλώτους,
2994 1462 3130 1516 ἀ)λά
3157 1464 3365 1534 λύτρον.
3388 1465 3556 1518 ἔδωκε
3593 1466 3687 1518 καὶ

2113 1559 2276 1628 ἔδησε
2319 1558 2411 1610 τὸν
2477 1557 2718 1625 ἰσχυρὸν,
2766 1555 2828 1608 ού
2879 1552 2957 1625 τῷ
3016 1554 3187 1621 μείζω
3239 1556 3469 1626 δύναμιν
3520 1557 3685 1625 ἔχειν,

2115 1654 2279 1721 ψήφῳ
2315 1651 2369 1703 δὲ
2404 1649 2592 1719 δικαίᾳ
2629 1648 3055 1720 κατακριθέντα,
3089 1649 3184 1703 καὶ
3215 1649 3565 1703 ἐϐασίλευσεν
3596 1650 3689 1702 ἐπὶ

2115 1742 2207 1794 τὸν
2232 1736 2380 1794 οἷκον
2413 1739 2629 1806 Ίακὼὸ,
2660 1741 2716 1790 ἐν
2757 1739 2878 1800 ταῖς
2908 1737 3106 1807 ψυχαῖς
3136 1738 3244 1791 τῶν
3268 1739 3569 1808 ἀνθρώπων
3589 1738 3690 1809 τὴν

2124 1831 2413 1902 τυραννίδα
2449 1832 2639 1894 λύσας.
2689 1832 2787 1901 οὐχ
2821 1831 2903 1884 ὅτι
2947 1831 3170 1884 ἐδύνατο
3215 1831 3400 1894 λῦσαι,
3449 1830 3564 1883 ἀλλ’
3607 1832 3690 1885 ὅτι

2123 1923 2357 1993 λυθῆναι
2387 1923 2599 1976 δίκαιον
2627 1917 2713 1993 ἦν.
2745 1922 2852 1975 Καὶ
2882 1921 3040 1977 τοῦτο
3067 1923 3338 1993 ἐμήνυσεν
3364 1924 3421 1976 ἐν
3441 1916 3521 1986 οἷς
3544 1919 3689 1987 εἷπε,

2127 2033 2147 2066 ι
2185 2012 2507 2082 Δικαιοσύνη
2554 2013 2646 2065 καὶ
2674 2012 2847 2081 κρίμα
2874 2013 3165 2080 ἐτοιμασία
3194 2012 3287 2066 τοῦ
3318 2013 3530 2082 θρόνου.
3565 2031 3582 2063 ι
3613 2015 3686 2066 Οὐ

2122 2103 2437 2173 δικαιοσύνη
2466 2104 2522 2157 δὲ
2555 2105 2715 2171 μόνον
2746 2102 2952 2167 ταύτας
2983 2104 3145 2156 διεῖλε
3189 2105 3288 2166 τὰς
3330 2104 3523 2169 πύλας,
3553 2104 3689 2157 ἀλλά

2122 2196 2438 2266 δικαιοσύνη
2488 2195 2558 2247 δι’
2592 2195 2771 2248 αὐτῶν
2806 2197 2885 2258 εἰς
2915 2194 2978 2248 τὸ
3029 2195 3303 2267 ἡμέτερον
3333 2196 3564 2263 ἀφίκετο
3596 2195 3690 2264 γέ-

2123 2306 2233 2351 νος.
2282 2288 2406 2339 Ἐπὶ
2442 2287 2696 2357 μὲνγὰρ
2735 2286 2842 2339 τῶν
2890 2286 3173 2355 προτέρων
3211 2287 3441 2357 χρόνων,
3496 2289 3624 2355 πρὶν
3656 2286 3688 2357 ἢ

2121 2381 2214 2432 τὸν
2244 2380 2377 2433 Θεὸν
2417 2381 2499 2441 είς
2543 2379 2671 2439 τοὺς
2711 2375 3033 2447 ἀνθρώπους
3086 2377 3443 2447 ἐπιδημῆσαι,
3478 2380 3577 2432 ούκ
3622 2375 3692 2448 ἦν

2122 2473 2304 2541 εὑρεῖν
2339 2467 2690 2538 δικαιοσύνην
2722 2469 2807 2520 ἐπὶ
2844 2469 2944 2537 τῆς
2991 2469 3110 2538 γῆς.
3146 2470 3325 2533 Αὐτὸς
3350 2468 3460 2539 γὰρ
3504 2471 3568 2522 ἐκ
3597 2470 3691 2525 τοῦ

2123 2563 2355 2630 ούρανοῦ
2378 2561 2601 2630 διέκυψε
2631 2561 2726 2613 καὶ
2757 2561 3024 2630 ἐζήτησεν
3055 2563 3081 2612 ὁ
3115 2560 3268 2625 Θεὸς,
3296 2560 3356 2612 ὃν
3380 2561 3565 2615 λαθεῖν
3593 2565 3692 2617 οὐκ

2123 2653 2273 2721 ἐνῆν,
2308 2652 2467 2723 εἴπερ
2493 2652 2629 2714 ὅλως
2656 2649 2743 2722 ἦν,
2777 2652 2871 2703 καὶ
2911 2653 3060 2722 ὅμως
3088 2650 3183 2722 οὐχ
3214 2647 3339 2722 εὗρε
3364 2668 3378 2681 ⁶
3416 2673 3433 2705 ι
3486 2654 3693 2719 Πάντες

2122 2743 2252 2811 γὰρ,
2285 2743 2469 2812 φησὶν,
2512 2742 2814 2809 ὲξέκλριαν,
2845 2741 2959 2811 ἅμα
2985 2743 3390 2813 ὴχρειὼθησαν,
3423 2747 3522 2798 οὐκ
3573 2745 3688 2799 ἔστι

2122 2837 2295 2889 ποιῶν
2326 2836 2690 2906 χρηστότητα,
2717 2835 2817 2887 οὐκ
2842 2834 2987 2886 ἔστιν
3019 2834 3123 2898 ἕως
3146 2835 3283 2898 ἑνός,
3326 2854 3345 2888 ι
3388 2836 3539 2890 Ἐπεὶ
3569 2838 3623 2891 δὲ
3653 2839 3686 2909 ἠ

2123 2928 2354 2997 ἀλήθεια
2385 2930 2448 2980 ὲκ
2487 2928 2585 2997 τῆς
2613 2926 2715 2995 γῆς
2750 2925 2993 2978 ἀνέτειλε
3027 2928 3140 2989 τοῖς
3173 2927 3227 2978 ὲν
3268 2926 3346 2997 τῷ
3390 2929 3573 2981 σκότει
3598 2929 3690 2982 τοῦ

2121 3023 2352 3092 ψεύδους
2399 3022 2491 3074 καὶ
2519 3023 2582 3090 τῇ
2621 3021 2750 3091 σκιᾷ
2790 3020 3146 3091 καθημένοις,
3197 3023 3499 3090 τηνικαῦτα
3532 3027 3623 3077 καὶ
3659 3026 3691 3095 ἡ

2124 3112 2440 3182 δικαιοσύνη
2474 3115 2537 3164 ἐκ
2589 3111 2684 3164 τοῦ
2715 3112 2946 3180 ούρανοῦ
2996 3111 3254 3182 διέκυψεν
3284 3115 3412 3183 ἄρτι
3462 3115 3694 3185 πρώτως

2124 3204 2341 3272 ἀληθῶς
2364 3204 2455 3256 καὶ
2472 3202 2691 3266 τελείως
2706 3205 2817 3266 τοῖς
2837 3202 3149 3274 ἀνθρώποις
3173 3207 3403 3273 φανεῖσα
3427 3221 3440 3236 '
3474 3207 3569 3259 καὶ
3584 3206 3693 3259 ἐδι-

2124 3295 2460 3366 καιώθημεν,
2480 3294 2695 3364 πρῶτον
2731 3295 2832 3363 μὲν
2854 3294 2962 3348 τῶν
2984 3295 3200 3364 δεσμῶν
3224 3297 3315 3348 καὶ⁵
3340 3297 3436 3366 τῆς
3461 3297 3694 3366 εὐθύνης

2124 3390 2567 3456 ἀπαλλαγέντες,
2617 3387 2711 3441 τοῦ
2764 3388 2933 3459 μηδὲν
2978 3388 3304 3459 ἀδικηκότος
3353 3389 3503 3460 ὑπὲρ,
3537 3392 3695 3461 ἡμῶν

2122 3480 2610 3549 ἀπολογησαμένου
2643 3479 2720 3548 τῷ
2766 3480 2855 3532 διὰ
2911 3479 3147 3550 σταυροῦ
3191 3479 3430 3550 θανάτῳ,
3473 3484 3597 3536 καθ’
3634 3484 3695 3537 ὃν

2122 3571 2289 3625 ἔδωκε
2322 3571 2478 3641 δίκην
2527 3571 2669 3640 ὑπὲρ
2700 3564 2775 3624 ὧν
2830 3571 2993 3641 ἡμεῖς
3050 3572 3454 3641 ἐτολμήσαμεν,
3501 3573 3694 3628 ἔπειτα

2123 3663 2219 3715 καὶ
2259 3663 2402 3731 φίλοι
2436 3660 2573 3714 Θεοῦ
2606 3663 2701 3714 καὶ
2735 3661 2937 3714 δίκαιοι
2980 3662 3329 3731 κατέστημεν
3358 3663 3446 3715 διά
3473 3662 3567 3716 τὸν
3602 3665 3695 3718 θά-

2122 3773 2282 3808 νατον
2310 3757 2538 3809 ἐκεῖνον.
2585 3754 2661 3806 Ού
2701 3752 2810 3825 γὰρ
2852 3753 3008 3806 ἔλυσε
3058 3753 3220 3822 μόνον
3255 3751 3349 3807 καὶ
3399 3755 3479 3826 τῷ
3519 3756 3696 3826 Harp!

2122 3847 2461 3917 κατήλλαξεν
2500 3846 2789 3901 ἀποθανὼν
2835 3848 2863 3899 ὁ
2920 3847 3130 3917 Σωτὴρ,
3160 3846 3286 3900 ἀλλὰ
3321 3850 3417 3900 καὶ
3448 3869 3466 3901 ι
3495 3850 3693 3903 ἔδωκεν

2119 3944 2252 4011 ἡμῖν
2284 3939 2539 4005 ἐξουσίαν
2569 3939 2737 3992 τέκνα
2768 3937 2904 3991 Θεοῦ
2940 3938 3216 4006 γενέσθαι,
3259 3957 3277 3989 ι
3315 3939 3559 4008 συνάψας
3594 3941 3693 4009 μὲν

2121 4028 2300 4098 ἐαυτῷ
2339 4030 2441 4095 τὴν
2474 4026 2638 4096 φύσιν
2661 4028 2760 4096 τὴν
2794 4028 3073 4097 ἡμετέραν
3103 4027 3192 4078 διὰ
3231 4027 3329 4096 τῆς
3371 4031 3592 4099 σαρκδς,
3626 4034 3692 4101 ἦν

2118 4121 2382 4184 ἀνείλετο,
2450 4120 2736 4172 συνάπτων
2787 4120 2843 4172 δὲ
2901 4119 3059 4188 ἡμῶν
3095 4118 3326 4171 ἕκαστον
3378 4125 3444 4192 τῇ
3492 4123 3689 4176 ἑαυτοῦ

2122 4213 2286 4280 σαρκὶ
2312 4215 2374 4281 τῇ
2407 4212 2636 4280 δυνάμει
2682 4213 2792 4263 τῶν
2840 4216 3180 4282 μυστηρίων.
3219 4215 3329 4267 Καὶ
3374 4213 3564 4266 τοῦτον
3599 4218 3689 4267 τὶν

2116 4304 2317 4371 τρόπον
2345 4303 2443 4372 τὴν
2467 4303 2660 4356 ἑαυτοῦ
2688 4303 3039 4373 δικαιοσύνην
3072 4307 3165 4358 καὶ
3194 4307 3294 4374 τὴν
3323 4307 3467 4372 ζωὴν
3494 4308 3550 4358 ὲν
3574 4310 3691 4370 ταῖς

2162 4399 2415 4465 μετὲραις
2446 4394 2722 4449 ἀνατέλλει
2752 4394 2953 4464 ψυχαῖς
2975 4413 2987 4427 ·
3021 4397 3163 4451 οὕτω
3179 4398 3276 4469 τὴν
3306 4397 3478 4467 ἀληθῆ
3494 4399 3696 4451 δικαιο-

2122 4489 2290 4557 σύνην
2335 4488 2422 4539 διὰ
2479 4487 2589 4539 τῶν
2640 4487 2959 4557 μυστηρίων
3015 4489 3124 4541 τῶν
3191 4489 3352 4557 ἱερῶν
3415 4489 3691 4558 ἐξεγένετο

2120 4579 2213 4633 κη).
2242 4579 2445 4646 γνῶναι
2477 4580 2587 4639 τοῖς
2623 4577 2933 4646 ἀνθρώποις
2964 4578 3060 4630 καὶ
3089 4578 3457 4645 κατορθῶσαι.

2187 4672 2249 4723 Εἰ
2300 4672 2406 4738 γὰρ
2446 4670 2628 4721 πολλοὶ
2675 4669 2873 4721 δίκαιοι
2929 4669 3024 4721 καὶ
3073 4669 3215 4736 φίλοι
3260 4669 3395 4722 Θεοῦ
3432 4670 3584 4739 παρὰ
3622 4672 3684 4741 τῇ

2117 4764 2308 4833 Γραφῇ
2358 4763 2483 4831 πρὶν
2519 4761 2747 4829 ἀφῖχθαι
2791 4760 2881 4812 τον
2926 4760 3242 4813 δικαιοῦντα
3296 4762 3389 4813 καὶ
3439 4762 3690 4815 διαλλάτ-

2117 4874 2299 4921 τοντα,
2352 4858 2530 4908 ἐκεῖνο
2581 4852 2890 4918 λογίζεσθαι
2925 4853 3050 4922 χρὴ,
3091 4854 3327 4921 μάλιστα
3382 4855 3480 4924 μὲν
3530 4857 3587 4907 ὲν
3621 4857 3686 4924 τῇ

2120 4950 2284 5015 γενεᾷ
2318 4948 2518 5009 αὐτῶν,
2553 4945 2743 4998 ἔπειτα
2779 4946 2874 4997 καὶ
2914 4944 3001 4997 διὰ
3042 4946 3102 4997 τὸ
3140 4944 3354 5012 μέλλον,
3382 4947 3464 4999 ὅτι
3494 4941 3599 4998 οτοί
3628 4962 3687 4997 τε

2121 5042 2368 5109 ἐγένοντο
2414 5041 2509 5092 καὶ
2566 5037 3108 5106 παρασκευάσθησαν
3162 5039 3474 5108 ἀνασχούσῃ
3527 5055 3694 5109 προσ-

2121 5135 2350 5205 δραμεῖν
2384 5136 2450 5202 τῇ
2488 5131 2808 5203 δικαιοσύνῃ
2853 5131 2947 5183 καὶ
2978 5131 3205 5201 λυθῆναι
3243 5132 3344 5201 μὲν
3372 5132 3466 5185 τοῦ
3496 5131 3693 5201 λύτρου

2121 5224 2579 5293 καταϐληθέντος,
2634 5222 2762 5275 ἰδεῖν
2793 5222 2847 5275 δὲ
2890 5221 2984 5274 τοῦ
3028 5224 3205 5288 φωτὸς
3251 5222 3534 5289 φανέντος.
3567 5223 3695 5276 ἀνα-

2120 5320 2309 5386 στῆναι
2348 5317 2402 5368 δὲ
2434 5314 2552 5367 τῶν
2578 5314 2769 5366 τύπων
2808 5314 2909 5381 τῆς
2950 5314 3210 5383 ἀληθείας
3260 5313 3693 5383 ἀναδειχθείσης.

2120 5411 2226 5462 Καὶ
2263 5408 2774 5476 τούτῳ-διήνεγκαν
2812 5406 2861 5457 οἱ
2912 5405 3116 5458 δίκαιοι
3159 5404 3269 5457 τῶν
3310 5405 3586 5474 πονηρῶν,
3636 5406 3695 5458 ὲν

2117 5506 2229 5565 τοῖς
2261 5503 2445 5562 αὐτοῖς
2493 5500 2678 5569 σχεδὸν
2729 5498 2961 5560 ἐκείνοις
3010 5497 3163 5559 ὄντες
3209 5496 3424 5564 δεσμοῖς
3468 5497 3562 5549 καὶ
3595 5496 3695 5566 τὴν

2118 5594 2286 5661 αὐτὴν
2321 5591 2685 5658 ὑφιστάμενοι
2729 5587 3045 5657 τυραννίδα,
3079 5588 3158 5640 ὅτι
3209 5587 3259 5640 οἱ
3303 5587 3401 5657 μὲν
3429 5585 3565 5657 πρὸς
3599 5587 3693 5639 τὸν

2335 5771 2377 5803 ³³
2402 5769 2560 5825 Joan.
2599 5784 2636 5838 ι,
2686 5769 2773 5822 l2.
