4030 6458
373 411 482 473 509

1482 418 1581 478 DE
1624 418 1802 480 VITA
1845 417 1928 479 IN
1969 413 2313 480 CHRISTO
2356 422 2504 481 LIB.
2549 421 2600 481 ῐ.

3522 419 3627 480 510

374 524 815 598 ἀνδραποδισμὸν
852 526 1060 580 ἐκεῖνον
1103 527 1201 585 καὶ
1239 526 1336 598 τὴν
1366 529 1616 583 δουλείαν
1664 527 1995 603 δυσχερῶςέ

2100 536 2402 604 unpedibus
2437 537 2654 597 irretiti,
2699 536 3061 602 eamdemque
3101 531 3442 601 tyrannidem
3479 542 3635 600 pate-

378 613 546 688 εἶχον,
583 620 677 671 καὶ
715 617 945 689 ηὔχοντο
987 620 1047 672 τὸ
1085 620 1458 691 δεσμωτήριον
1494 624 1953 693 καταστραφῆναι

380 713 473 763 καὶ
504 711 572 762 τὸ.
620 710 796 776 δεσμὰ
842 714 1025 771 ἐκεῖνα
1056 712 1308 779 λυθῆναι,
1353 713 1450 766 καὶ
1503 715 1813 785 ἐπεθύμουν
1856 732 1959 767 πα-

380 802 652 871 τουμένην
685 803 816 856 ἰδεῖν
850 804 954 855 ὑπὸ
981 804 1089 856 τῶν
1115 804 1419 873 δεδεμένων
1437 804 1538 875 τὴν
1566 806 1660 858 τοῦ
1689 806 1958 874 τυράννου

384 894 649 966 κεφαλὴν,
696 898 805 958 τοῖς
843 897 901 950 δὲ
950 896 1071 950 οὔτε
1113 899 1286 963 ἐδόκει
1332 898 1503 953 δεινὸν
1534 899 1686 952 οὐδὲν
1711 902 1780 952 τὰ
1816 915 1963 969 παρ-

390 986 539 1049 όντα,
594 988 691 1041 καὶ
744 988 937 1059 ἥδοντο
984 988 1349 1051 δουλεύοντες.
1408 986 1524 1044 Olet
1579 990 1676 1044 ml.
1719 990 1811 1043 ἐπὶ
1856 991 1964 1041 τῶν

390 1079 616 1148 ἡμερῶν
674 1081 897 1135 ἐκείνων
961 1083 1211 1148 ἐγένοντο
1264 1082 1374 1134 τῶν
1430 1080 1738 1152 μακαρίων,
1773 1079 1822 1132 οἳ
1876 1080 1967 1132 τὸν

388 1171 541 1240 ἥλιον
575 1173 663 1223 ἐπ’
686 1173 867 1225 αὐτῶν
898 1174 1256 1226 ἀνατείλαντα
1287 1174 1413 1227 οὔτε
1445 1173 1696 1238 ἐδέξαντο
1723 1175 1816 1227 καὶ
1838 1175 1971 1225 ἀπο-

392 1262 582 1314 σϐέσαι
614 1263 979 1333 ἐπεχείρησαν
1014 1259 1094 1327 οἷς
1125 1265 1274 1333 ἐξῆν,
1314 1265 1380 1317 δι’
1410 1259 1485 1320 ὧν
1513 1264 1775 1335 ᾠήθησαν
1810 1264 1970 1333 δυνη-

392 1353 550 1422 θῆναι
579 1355 842 1423 ἀφανίσαι
874 1356 974 1426 τὴν
1017 1358 1213 1409 ἀκτῖνα
1260 1358 1441 1412 πάντα
1472 1357 1777 1417 ποιοῦντες.
1806 1357 1971 1410 Ὅθεν

393 1449 489 1500 καὶ
520 1449 570 1499 0i
625 1451 725 1517 μὲν
772 1450 1045 1520 ἐλύθησαν
1079 1452 1180 1520 τῆς
1235 1452 1292 1503 ἐν
1335 1449 1463 1522 ᾅδου
1509 1450 1830 1520 τυραννίδος
1876 1449 1972 1501 τοῦ

396 1538 660 1609 βασιλέως
696 1543 985 1609 φανέντος,
1023 1544 1072 1595 οἱ
1117 1543 1174 1596 δὲ
1203 1542 1428 1606 ἔμειναν
1469 1543 1562 1594 ἐπὶ
1593 1542 1704 1595 τῶν
1732 1541 1971 1609 δεσμῶν.

467 1721 733 1792 Καθάπερ
782 1722 876 1774 ἐπὶ
912 1720 1023 1776 τῶν
1059 1722 1419 1775 νοσούντωνοῖ
1460 1722 1559 1792 τὴν
1596 1719 1892 1791 θεραπείαν
1916 1722 1980 1774 ἐκ

397 1816 601 1878 παντὸς
627 1816 832 1885 τρόπου
865 1815 1090 1884 ζητοῦσι
1118 1815 1214 1868 καὶ
1252 1814 1345 1868 τὸν
1378 1816 1564 1885 ίατρξν
1602 1814 1779 1885 ἡδέως
1807 1814 1976 1884 ὁρῶσι

398 1909 506 1962 τῶν
544 1907 679 1977 μηδέ
707 1908 927 1961 εἰδότων
959 1909 1038 1960 ὅτι
1066 1908 1283 1961 νοσοῦσι
1316 1909 1407 1962 καὶ
1440 1909 1578 1977 πρὸς
1612 1907 1684 1961 τὰ
1709 1907 1978 1977 φάρμακα

400 1998 808 2069 ἁποπηδώντων
838 1999 1095 2068 ἀμείνους
1128 2000 1221 2051 καὶ
1248 1998 1641 2068 ἀνεκτο-έρονς
1668 1992 1807 2049 εἶναι
1841 2013 1981 2064 συμ-

403 2091 580 2145 ϐαίνει
606 2107 620 2122 ·
660 2090 886 2152 τούτους
927 2090 1039 2161 γὰρ
1077 2092 1105 2142 6
1142 2077 1350 2158 ἰατρὸς,
1385 2082 1676 2157 οἳμαι,καὶ
1701 2087 1982 2154 ὑγιαίνων-

402 2205 503 2250 τας
555 2187 659 2258 ἤδη
705 2188 968 2256 προσερεῖ
1015 2186 1108 2238 καὶ
1165 2185 1329 2253 μήπω
1385 2183 1637 2250 ὑγιάσας,
1696 2181 1748 2233 εἴ
1794 2198 1860 2248 γε
1909 2180 1981 2249 μὴ

409 2279 651 2333 σύνοιδεν
689 2278 871 2348 ἐαυτῷ
903 2279 1002 2348 τὴν
1030 2277 1226 2347 τέχνην
1260 2277 1357 2344 τῆς
1391 2276 1705 2346 ἀρρωστίας
1732 2274 1939 2327 ἐλάττω
1966 2290 1980 2305 ’

405 2369 595 2423 τοῦτον
645 2369 739 2424 τὸν
768 2370 969 2438 τρόπον
1011 2369 1109 2421 καὶ
1155 2368 1398 2430 δικαίους
1442 2365 1537 2418 καὶ
1582 2365 1770 2433 φίλους
1809 2363 1986 2426 ἐνίους

408 2465 503 2517 ἐπὶ
535 2465 644 2516 τῶν
674 2464 884 2535 χρόνων
930 2462 1161 2515 ἐκείνων
1200 2460 1461 2515 ἐκάλεσεν
1488 2462 1516 2512 6
1563 2457 1717 2521 Θεὸς.
1769 2457 1849 2511 Τὰ
1877 2456 1986 2527 γὰρ

411 2558 545 2628 παρ’
578 2557 787 2610 ἑαυτῶν
822 2556 1111 2625 εἰσέφερον
1138 2554 1325 2607 πάντα
1344 2553 1439 2607 καὶ
1464 2552 1565 2622 τὴν
1592 2552 1830 2619 δυνατὴν
1862 2551 1989 2602 ἐπε-

409 2650 655 2716 δείξαντο
708 2648 1094 2715 δικαιοσύνην,
1158 2648 1299 2718 ὅπερ
1354 2646 1586 2713 λυθῆναι
1643 2644 1743 2713 μὲν
1799 2642 1988 2708 ἀξίους

411 2743 637 2814 ἐποίησε
662 2741 755 2794 τοῦ
781 2730 940 2795 λῦσαι
971 2740 1274 2813 δυναμένου
1308 2740 1594 2807 φανέντος,
1621 2737 1778 2790 ἔλυσε
1809 2736 1865 2789 δὲ
1895 2736 1990 2788 οὐ·

413 2836 623 2906 δαμῶς.
658 2835 852 2888 Καίτοι
894 2834 944 2887 εί
985 2832 1143 2885 τοῦτο
1171 2828 1239 2903 ἦν
1273 2832 1482 2901 ἀληθὴς
1519 2829 1863 2897 δικαιοσύνη.
1895 2829 1992 2879 καὶ

415 2927 567 2980 αὐτοὶ
600 2926 664 2979 ἂν
696 2920 835 2997 ἦσαν
872 2943 891 2978 ι
924 2926 982 2977 ἐν
1015 2924 1207 2994 εἰρήνῃ
1254 2922 1347 2974 καὶ
1385 2924 1443 2976 ἐν
1476 2925 1619 2993 χειρὶ
1648 2920 1809 2984 Θεοῦ,
1846 2940 1864 2972 ι
1897 2920 1994 2972 Σο-

414 3019 598 3090 λομὼν
640 3017 784 3082 εἷπε,
816 3020 874 3071 τὸ
914 3017 1075 3087 σῶμα
1117 3017 1500 3080 ἀνατιθέμενοι
1540 3016 1736 3068 τοῦτο·
1790 3014 1888 3067 νῦν
1937 3014 1997 3067 δέ

415 3112 824 3185 ἀπερχομένους
849 3109 1057 3164 ἐνθένδε
1083 3109 1213 3181 ᾅδης
1237 3109 1533 3177 ἐξεδέχετο.
1557 3108 1672 3177 Τὴν
1690 3107 1798 3176 γὰρ
1821 3106 1994 3178 ἀληοῆ

2057 639 2263 684 rentur.
2308 630 2445 682 Nam
2497 630 2571 683 illi
2620 626 2948 694 mancipium
2981 634 3037 676 et
3104 625 3422 678 servitutem
3490 622 3637 674 illam

2063 719 2250 787 iniquo
2315 720 2565 774 ferebant
2636 719 2819 773 animo
2856 758 2869 779 ,
2916 715 3290 786 optabantqne
3358 728 3638 769 carcerem

2061 812 2294 874 destrui,
2321 822 2374 867 et
2406 812 2621 865 vincula
2673 811 2761 863 illa
2794 808 3083 876 disrumpi.
3137 815 3191 860 et
3230 806 3443 875 tyranni
3474 815 3640 872 caput

2065 923 2093 960 ιι
2132 905 2330 959 vinctis
2361 904 2743 957 conculcatnm
2780 900 2964 952 videre
2989 897 3302 966 cupiebant.
3327 897 3424 950 llis
3456 905 3638 949 autem

2068 1009 2307 1065 praesens
2334 1009 2513 1048 rerum
2551 1001 2728 1045 status
2787 990 2921 1044 nihil
2959 988 3160 1042 habere
3199 985 3461 1039 horribile
3495 984 3644 1038 vide-

2070 1094 2249 1154 batur,
2290 1097 2343 1142 et
2379 1087 2643 1142 servitute
2673 1087 2787 1154 ipsa
2824 1084 3164 1149 Ιωιιιιιςιιιιιιιθ.
3195 1078 3399 1144 Quales
3429 1087 3482 1132 et
3512 1078 3644 1131 bea-
3704 1090 3707 1095 '

2072 1183 2141 1240 tis
2180 1180 2287 1233 illis
2312 1178 2654 1247 temporilms
2696 1185 2880 1235 erant,
2913 1173 3008 1243 qui
3061 1172 3230 1227 solem
3265 1185 3431 1237 super
3464 1184 3521 1222 se
3553 1183 3647 1220 ex-

2072 1283 2254 1325 ortunt
2288 1285 2389 1324 nec
2415 1268 2799 1333 admittebant,
2836 1275 2890 1318 et
2941 1264 3146 1332 quibus
3183 1270 3407 1328 possent
3471 1260 3648 1313 modis

2074 1364 2421 1432 exstinguere
2445 1360 2830 1422 moliebantur,
2856 1356 2991 1409 nihil
3016 1357 3514 1425 prmtermittentes,
3538 1365 3649 1418 quo

2077 1471 2134 1508 se
2174 1455 2384 1506 radium
2436 1450 2829 1506 obscuratur-os
2881 1446 3311 1499 arbitrabantur.
3370 1439 3528 1496 Unde
3596 1450 3649 1493 et

2078 1543 2178 1607 illi,
2211 1543 2302 1596 ubi
2338 1557 2430 1595 rex
2458 1540 2734 1610 apparuit,
2786 1554 2815 1591 e
2871 1547 3108 1590 tartareo
3143 1534 3426 1587 dominatu
3476 1530 3649 1600 erepti

2081 1644 2247 1689 sunt:
2286 1634 2336 1685 hi
2372 1647 2502 1685 vero
2538 1631 2587 1682 in
2622 1628 2856 1682 vinculis
2892 1632 3333 1695 permanserunt.

2152 1728 2306 1783 Sicut
2344 1723 2489 1779 enim
2535 1722 2675 1776 inter
2721 1728 2979 1789 aegrotos,
3026 1717 3117 1785 qui
3142 1715 3479 1768 curationem
3507 1727 3656 1764 onmt

2085 1818 2364 1891 diligentia
2395 1816 2714 1885 exquirunt,
2759 1820 2815 1864 et
2846 1809 3115 1863 medicum
3146 1803 3368 1859 minime
3397 1816 3656 1855 aversan-

2081 1926 2192 1978 tur,
2223 1912 2290 1966 iis
2332 1910 2423 1980 qui
2452 1926 2519 1963 ne
2549 1906 2791 1962 sentiunt
2817 1903 3037 1973 quidem
3089 1914 3147 1953 se
3198 1905 3480 1967 :rgrotare,
3530 1904 3583 1947 et
3625 1907 3655 1946 a

2083 2006 2359 2061 medicina
2407 2002 2684 2064 resiliunt,
2725 1997 2994 2051 meliores
3026 2002 3080 2047 et
3105 1989 3508 2046 tolerabiliores
3538 2001 3658 2039 esse

2083 2100 2301 2156 solent:
2342 2097 2427 2151 his
2460 2095 2708 2148 medicus
2743 2089 3011 2151 medetur,
3039 2086 3256 2155 opinor,
3322 2089 3376 2137 et
3406 2079 3663 2136 convale.

2083 2174 2302 2248 sccntes
2345 2188 2663 2257 alloquitur,
2698 2186 2860 2254 idque
2884 2180 3016 2236 nihil
3050 2177 3325 2239 dubitans,
3373 2174 3418 2229 si
3454 2173 3665 2230 noverit

2085 2293 2256 2340 artem
2275 2298 2428 2337 suam
2473 2278 2647 2334 morbi
2681 2276 2901 2331 smvitiae
2932 2288 3040 2327 non
3091 2271 3354 2338 imparem
3402 2280 3561 2331 esse;
3598 2264 3661 2315 ad

2087 2376 2336 2431 eumdem
2395 2372 2618 2426 modum
2650 2369 2813 2421 etiam
2842 2365 3022 2435 justus
3054 2372 3109 2416 et
3155 2360 3359 2414 amicos
3397 2355 3663 2428 quosdam

2088 2469 2195 2524 illis
2225 2466 2435 2523 saeculis
2489 2463 2702 2518 vocavit
2760 2461 2922 2514 Deus.
2964 2457 3114 2523 Quod
3150 2454 3294 2507 enim
3347 2453 3400 2504 in
3438 2465 3496 2504 se
3527 2457 3667 2510 erat,

2090 2565 2140 2619 id
2175 2559 2528 2631 praestabant,
2573 2561 2628 2607 et
2690 2568 2789 2622 pro
2845 2550 2987 2603 virili
3052 2546 3320 2614 justitiam
3388 2541 3664 2603 colebant,

2090 2655 2234 2726 quod
2270 2667 2365 2707 eos
2419 2648 2696 2704 solutione
2743 2644 2940 2713 dignos
2998 2639 3303 2698 reddebat,
3364 2649 3486 2689 cum
3533 2631 3580 2684 is
3614 2630 3667 2683 in

2094 2722 2281 2797 medie
2303 2744 2471 2802 esset,
2502 2736 2598 2806 qui
2644 2731 2889 2789 solvendi
2921 2738 3247 2799 potestatem
3290 2724 3546 2778 habebat.
3573 2722 3674 2775 Ast

2095 2834 2409 2903 neutiquam
2441 2829 2628 2885 solvit.
2669 2814 2832 2896 A’tqui
2871 2824 2915 2878 si
2950 2825 3062 2875 haec
3097 2830 3214 2874 erat
3264 2834 3389 2870 vera
3436 2813 3672 2885 iustitia,

2096 2926 2201 2996 ipsi
2262 2936 2481 2993 quoque
2517 2931 2749 2987 corpore
2790 2913 3167 2980 Itoctlepnsito
3200 2929 3217 2960 ι
3249 2910 3300 2962 in
3353 2921 3483 2974 pace
3535 2913 3588 2957 cl.
3619 2904 3676 2957 in

2097 3034 2258 3073 manu
2298 3016 2388 3070 Dei
2414 3034 2432 3066 ι
2470 3026 2593 3068 esse
2622 3011 2947 3063 debuerunt.
2974 3005 3128 3058 Nunc
3161 3012 3253 3054 aut
3274 3015 3426 3053 unex
3453 3003 3555 3050 hac
3590 2995 3677 3049 lu-

2100 3133 2161 3170 ce
2214 3115 2516 3175 abeuntes,
2575 3104 2734 3160 inferi
2804 3101 3172 3170 excipit-bant.
3238 3094 3436 3149 Veram
3479 3091 3679 3160 quippe

416 3202 765 3273 δικαιοσύνην
795 3202 889 3256 καὶ
915 3199 1015 3272 τὴν
1052 3201 1192 3271 πρὸς
1227 3199 1360 3253 Θεὸν
1392 3199 1642 3268 ἑταιρίαν
1670 3198 1768 3269 οὐχ
1793 3199 1995 3267 ὑπερό-

2100 3210 2364 3284 justiti'am
2406 3216 2613 3259 etcum
2663 3201 2772 3254 Deo
2826 3194 3126 3251 amicitiam
3190 3189 3452 3241 Dmuinus
3497 3191 3683 3237 uoster

421 3316 536 3369 ριον
564 3296 729 3351 οὖσαν
756 3297 1075 3365 κατήγαγεν
1104 3295 1131 3346 6
1162 3294 1444 3363 Δεσπότης
1472 3292 1648 3360 ἡμῶν,
1678 3292 1795 3344 ἀλλ’
1831 3291 1995 3355 αὑτίις

420 3392 718 3463 εἰσήγαγεν
752 3389 837 3452 εἰς
875 3386 970 3440 τὸν
1028 3387 1259 3455 κόσμον,
1297 3386 1391 3439 καὶ
1448 3389 1546 3454 τὴν
1590 3384 1865 3454 φέρουσαν
1915 3384 1997 3447 εἰς

421 3486 512 3538 τὸν
543 3483 770 3554 οὗρανὶν
798 3483 899 3535 οὐκ
925 3476 1086 3534 οὖσαν
1119 3472 1304 3548 εὗρεν,
1339 3477 1452 3531 ἀλλ’
1491 3478 1652 3542 αὐτὸς
1684 3477 1899 3547 ἔτεμεν.
1936 3477 1997 3528 Ei

423 3579 532 3648 γὰρ
562 3573 654 3646 ἦν,
694 3579 789 3631 καὶ
821 3575 977 3639 ἄλλος
1008 3575 1074 3628 ἂν
1115 3573 1278 3643 ἔτεμε
1313 3574 1423 3626 τῶν
1452 3573 1738 3642 προτέρων
1764 3588 1778 3602 ⁸
1819 3572 1914 3626 νῦν
1943 3571 2000 3624 δὲ

434 3690 467 3725 ι,
494 3670 680 3733 Οὐδεὶς
735 3666 1080 3737 ἀναὸἐῦηκεν
1126 3668 1207 3729 εἰς
1235 3667 1327 3719 τὸν
1372 3665 1625 3734 οὐρανὸν,
1675 3666 1723 3716 εί
1772 3663 1846 3735 μὴ
1877 3665 1904 3716 6
1938 3667 2002 3716 ἐκ

426 3763 520 3818 τοῦ
549 3763 779 3832 οὐρανοῦ
812 3760 1081 3825 καταϐὰς,
1107 3760 1135 3812 6
1170 3758 1297 3822 Υἱὸς
1323 3757 1420 3811 τοῦ
1438 3756 1752 3827 ἀνθρώπου,
1788 3759 1814 3808 6
1839 3755 1916 3809 ῶν
1942 3759 1998 3808 ἐν

426 3858 505 3928 τῷ
534 3855 770 3928 οὖρανῷ.
808 3874 831 3907 ι
859 3855 1031 3906 Ὅπου
1059 3852 1166 3922 γὰρ
1192 3850 1387 3919 ἄφεσιν
1415 3849 1705 3920 ἁμαρτιῶν
1734 3850 1827 3901 καὶ
1849 3849 2006 3917 δίκης

429 3950 757 4019 ἀπαλλαγὴν
786 3948 886 4013 οὐκ
921 3942 989 4016 ἦν
1021 3945 1207 4015 εὑρεῖν
1239 3944 1346 4013 πρὸ
1382 3942 1476 3995 τοῦ
1513 3940 1775 4012 σταυροῦ,
1800 3943 1853 3993 τί
1897 3944 2004 4012 χρὴ

432 4045 561 4108 περὶ
607 4038 953 4106 δικαιοσύνης
1000 4037 1281 4106 νομίξεινς
1321 4037 1395 4089 Οὐ
1446 4035 1555 4105 γὰρ
1585 4031 1652 4106 ἦν
1688 4035 2006 4100 ἀκόλουθον,

433 4135 614 4201 οἶμαι,
643 4138 774 4205 πρὶν
822 4133 1236 4199 καταλλαγῆναι
1275 4129 1414 4199 μετὰ
1447 4129 1541 4182 τοῦ
1579 4126 1753 4199 χοροῦ
1777 4130 1886 4181 τῶν
1917 4131 2010 4197 φί-

434 4234 544 4283 λων
575 4227 796 4281 ἑστάναι
843 4224 937 4277 καὶ
967 4223 1146 4291 δεσμὰ
1192 4220 1616 4291 περικειμένους
1662 4219 1744 4272 ἔτι
1771 4221 2009 4290 ἐστεφα-

436 4320 709 4391 νωμένους
737 4313 1216 4386 ἀνακηρύττεσθαι
1238 4329 1250 4343 ·
1282 4312 1418 4374 ὅλως
1443 4312 1500 4365 δὲ
1526 4311 1653 4365 εἰτὸ
1680 4312 1789 4365 πᾶν
1816 4312 2014 4382 ’ήνυσεν

436 4413 464 4466 ὁ
498 4413 665 4479 ἀμνὸς
698 4411 932 4478 ἐκεῖκος,
967 4407 1021 4459 τί
1051 4405 1162 4458 τῶν
1186 4405 1458 4471 δευτέρων
1480 4403 1587 4457 ἔδει
1615 4403 1861 4469 τούτωνς
1895 4404 2015 4457 Τῶν

437 4506 550 4576 γὰρ
580 4503 765 4556 τύπων
796 4502 889 4556 καὶ
920 4499 1030 4553 τῶν
1072 4499 1298 4551 εἰκόνων
1325 4497 1424 4567 τὴν
1448 4496 1794 4568 ζητουμένην
1831 4497 2014 4549 εὐδαι-

2102 3280 2211 3358 non
2272 3317 2303 3355 e
2348 3292 2739 3353 remotissimis
2790 3299 2842 3344 et
2900 3283 3205 3356 peregrinis
3258 3280 3393 3334 locis
3424 3286 3682 3346 tamquam

2100 3401 2167 3452 ab
2196 3393 2391 3450 exsilio
2422 3388 2641 3444 reduxit
2672 3402 2688 3452 ;
2747 3383 2840 3439 sed
2876 3381 3111 3451 ipsemet
3171 3376 3380 3444 primus
3408 3371 3462 3425 in
3522 3384 3687 3423 utun-

2103 3493 2227 3541 dum
2260 3480 2582 3541 introduxit,
2621 3487 2675 3531 et
2715 3476 2817 3529 iter
2849 3474 2900 3526 in
2929 3472 3123 3523 ecelum
3161 3468 3361 3528 fert-ns,
3408 3476 3512 3514 non
3537 3458 3681 3528 quod

2100 3589 2220 3635 erat
2276 3575 2508 3633 invenit,
2545 3568 2640 3623 sed
2711 3569 2827 3636 ipse
2890 3561 3021 3615 illud
3058 3557 3314 3621 munivit,
3354 3564 3407 3607 et
3436 3549 3684 3606 ambula-

2104 3672 2203 3723 \‘it.
2238 3668 2371 3722 Nam
2414 3662 2461 3718 si
2501 3660 2719 3724 fuisset,
2757 3655 2952 3723 utique
2987 3652 3128 3705 alius
3178 3648 3290 3718 pris
3329 3659 3487 3699 orum
3553 3641 3687 3694 illud

2106 3758 2434 3830 capessisset
2479 3772 2494 3809 :
2552 3772 2569 3802 ι
2603 3748 2767 3817 Atqui
2823 3760 2982 3800 nemo
3040 3740 3289 3797 ascendit
3355 3739 3409 3791 in
3464 3734 3691 3795 caelum,

2107 3856 2212 3910 nisi
2246 3852 2417 3907 Filius
2449 3845 2706 3909 hominis,
2736 3842 2828 3913 qui
2864 3850 2947 3894 est
2982 3839 3038 3891 in
3094 3834 3232 3890 ccelo
3292 3831 3356 3885 “.
3397 3849 3417 3882 ι
3462 3827 3695 3894 Quando

2108 3935 2254 4002 enim
2282 3949 2631 4013 peccatorum
2661 3935 2902 3995 veniam,
2972 3939 3372 3998 pmnarnmqtte
3430 3919 3694 3974 immuni-

2112 4047 2277 4091 tatem
2335 4042 2463 4088 ante
2503 4028 2795 4083 Dominum
2849 4026 2902 4078 in
2958 4036 3122 4077 cruce
3170 4016 3427 4073 sulIixmn
3467 4010 3699 4079 adipistti
3760 4010 3767 4015 ”

2112 4148 2221 4186 non
2258 4129 2430 4192 licuit,
2465 4125 2615 4194 quid
2646 4118 2958 4193 dejttstitia
3006 4107 3500 4171 existimabimus?
3541 4104 3699 4161 Haud

2114 4226 2259 4279 enim
2291 4227 2728 4275 consentaneum
2767 4220 2909 4276 erat,
2943 4219 3001 4263 ul
3027 4208 3291 4267 arbitror,
3327 4210 3452 4256 ante
3503 4214 3703 4254 recon-

2115 4317 2450 4383 ciliationem
2486 4312 2541 4367 in
2572 4310 2743 4365 choro
2783 4306 3092 4360 amicorum
3127 4294 3416 4361 collocari,
3447 4302 3501 4349 et
3520 4292 3701 4347 adhuc

2118 4407 2361 4465 vinculis
2409 4403 2785 4461 circumdatos
2848 4411 2947 4467 pro
3009 4392 3290 4449 coronatis
3340 4383 3701 4458 promulgari.
3758 4388 3767 4397 '

2116 4505 2187 4561 Ut
2219 4500 2531 4557 summatim
2572 4496 2770 4558 diram,
2803 4491 2849 4547 si
2892 4504 3066 4559 agnus
3124 4482 3397 4556 paschalis
3442 4480 3531 4532 ille
3589 4493 3708 4530 om-

443 4568 631 4673 μονίαν
660 4594 1088 4659 εἰσενεγκόντων
1127 4593 1306 4662 μάτην
1335 4593 1365 4661 ἡ
1397 4592 1625 4660 ἀλήθεια
1656 4591 1750 4642 καὶ
1779 4590 1848 4642 τὰ
1876 4591 1995 4659 πρά,

2125 4599 2212 4652 uia
2241 4593 2492 4651 coniecit,
2546 4589 2675 4657 quid
2725 4586 2809 4641 bis
2857 4581 3251 4652 posterioribus
3280 4588 3420 4641 opus
3462 4570 3563 4623 fuit.
3597 4570 3643 4601 ³⁵
3682 4568 3707 4620 ?

438 4713 652 4764 γματα.
684 4694 759 4746 Τό
788 4709 851 4760 γε
881 4694 987 4762 μὴν
1011 4689 1098 4743 διὰ
1135 4688 1228 4741 τοῦ
1262 4686 1493 4739 θανάτου
1524 4683 1617 4736 τοῦ
1650 4684 1889 4753 Χριστοῦ
1913 4683 2016 4750 τὴν

440 4788 642 4859 ἔχθραν
692 4782 1085 4852 καταλυθῆναι,
1133 4779 1322 4834 καὶτὸ
1382 4777 1699 4847 μεσότοιχον
1748 4777 1813 4827 ἐκ
1849 4774 2016 4843 μέσου

441 4882 698 4952 γενέσθαι
725 4880 822 4937 καὶ
863 4879 1091 4948 εἰρήνην
1126 4873 1222 4929 καὶ⁵
1252 4871 1604 4939 δικαιοσύνην
1647 4869 1746 4922 ἐπὶ
1773 4868 1882 4923 τῶν
1920 4865 2015 4920 τοῦ

443 4975 699 5043 Σωτῆρος
729 4969 958 5043 ἡμερῶν
995 4966 1278 5022 ἀνατεῖλαι
1329 4966 1424 5016 καὶ
1451 4963 1633 5017 πάντα
1669 4959 1865 5022 ταῦτα,
1896 4959 2019 5011 τίνα

443 5068 510 5121 ἂν
539 5066 619 5118 ἔτι
663 5064 848 5135 χώραν
879 5058 1015 5132 ἔχοι,
1054 5061 1102 5113 εί
1146 5059 1292 5127 φίλοι
1342 5056 1478 5108 Θεοῦ
1529 5055 1626 5107 καὶ
1679 5053 1879 5123 δίκαιοι
1918 5051 2023 5121 πρὸ

444 5162 542 5228 τῆς
597 5158 786 5220 θυσίας
818 5153 961 5228 ἦσαν
1015 5154 1264 5223 ἐκείνηςς
1318 5149 1636 5218 Τεκμήριον
1669 5146 1725 5199 δὲ
1776 5147 2023 5198 κάκεῖνο.

447 5251 581 5302 Τίτε
624 5248 723 5316 μὲν
753 5248 863 5315 γὰρ
891 5247 1057 5315 νόμος
1102 5244 1249 5311 ἡμᾶς
1280 5242 1365 5311 τῷ,
1402 5241 1520 5306 Θεῷ
1559 5239 1819 5306 συνῆπτε,
1851 5238 1944 5289 νῦν
1971 5237 2030 5290 δὲ

450 5343 634 5405 πίστις
660 5344 752 5394 καὶ
786 5339 945 5410 χάρις
976 5338 1069 5392 καὶ
1096 5338 1151 5390 εἴ
1175 5354 1227 5389 τι
1254 5335 1460 5387 τούτων
1494 5332 1697 5402 ἔχεται.
1725 5330 1896 5400 Δῆλον
1920 5331 2031 5399 γὰρ

450 5434 704 5489 ἐντεῦθεν
736 5432 1039 5504 τηνικαῦτα
1101 5431 1200 5501 μὲν
1244 5428 1517 5489 δουλείαν,
1552 5426 1646 5478 νύν
1693 5426 1750 5477 δὲ
1808 5424 2032 5491 υἱόῖητα

454 5532 543 5584 καὶ
574 5528 757 5598 φιλίαν
787 5544 886 5593 τήν
920 5524 1030 5578 τῶν
1055 5521 1360 5593 ἀνθρώπων
1396 5518 1531 5589 πρὸς
1573 5517 1708 5569 Θεὸν
1745 5515 2032 5568 κοινωνίαν

452 5619 590 5677 εἶναι
617 5636 628 5650 ·
658 5620 687 5670 ὁ
732 5618 831 5689 μὲν
859 5619 968 5687 γὰρ
995 5617 1160 5684 νόμος
1204 5616 1316 5678 τοῖς
1356 5612 1583 5674 δούλοις,
1631 5609 1802 5678 φίλων
1832 5606 1890 5658 δὲ
1939 5604 2034 5657 καὶ

456 5713 589 5767 υἱῶν
624 5715 656 5780 ἡ
691 5710 846 5780 χάρις
885 5707 979 5762 καὶ
1014 5709 1048 5779 ἡ
1080 5708 1264 5770 πίστις
1297 5706 1388 5759 καὶ
1435 5705 1497 5757 τὸ
1546 5703 1793 5774 θαρρεῖν.
1836 5697 1924 5761 Ἐξ
1956 5691 2032 5751 ὧν

536 5902 575 5935 ³³
607 5903 739 5958 .lean
776 5917 852 5968 tu,
897 5899 978 5955 l5.

2124 4672 2257 4742 Nam
2284 4685 2327 4738 si
2366 4684 2471 4753 typi
2522 4689 2578 4731 et
2626 4675 2892 4746 imagines
2922 4672 3206 4741 qumsitam
3262 4663 3572 4718 felicitatem
3626 4668 3708 4714 at-

2128 4778 2390 4839 tulerunt,
2425 4770 2626 4824 veritas
2678 4778 2731 4820 et
2773 4780 2860 4819 res
2891 4764 3004 4832 ipsa
3034 4761 3219 4814 in.mia
3251 4768 3404 4812 sunt.
3429 4754 3533 4809 Per
3559 4768 3708 4808 nter-

2127 4880 2236 4924 tem
2278 4883 2402 4919 vero
2432 4859 2637 4917 Christi
2669 4855 2990 4911 inimicitias
3040 4848 3306 4912 convelli,
3359 4854 3413 4902 et
3467 4842 3710 4900 medium

2129 4962 2390 5033 parietem
2422 4973 2451 5011 e
2492 4954 2673 5009 medio
2714 4949 2826 5005 tolli
2866 4949 2934 5014 “,
2997 4958 3297 5015 pacemque
3350 4951 3412 4996 et
3441 4937 3710 5011 justitiam

2129 5052 2465 5122 temporibus
2524 5042 2826 5101 S‘alvatoris
2879 5038 3104 5098 exoriri.
3158 5047 3213 5092 et
3245 5034 3435 5090 oumia
3488 5033 3711 5086 demum

2132 5140 2462 5216 hujusmndi,
2520 5148 2813 5207 quemnam
2873 5131 3053 5184 adhuc
3111 5129 3293 5183 locum
3358 5125 3613 5182 habeant,
3666 5117 3713 5172 si

2131 5249 2256 5294 ante
2298 5230 2629 5287 sacriﬁcium
2688 5226 2819 5281 illud
2865 5222 3000 5294 justi
3055 5232 3109 5275 et
3174 5219 3332 5275 amici
3388 5215 3477 5268 Dei
3510 5212 3721 5266 erant?

2136 5330 2231 5383 Est.
2280 5339 2332 5382 et
2380 5324 2528 5380 aliud
2570 5324 2624 5377 in
2665 5326 2922 5392 promptu
2961 5326 3370 5387 argumentum.
3405 5308 3559 5362 Tunc
3592 5305 3718 5376 qui—

2138 5421 2258 5476 dem
2290 5418 2374 5472 lex
2407 5417 2512 5472 Deo
2542 5429 2644 5469 nos
2674 5409 3013 5467 consociavit.
3042 5426 3055 5461 :
3086 5416 3140 5460 at
3162 5416 3303 5458 nunc
3338 5398 3491 5460 ﬁdes,
3521 5407 3718 5467 etgra-

2141 5512 2241 5575 tia,
2295 5523 2347 5564 et
2401 5509 2444 5564 si
2483 5507 2611 5577 quid
2668 5506 2752 5560 his
2822 5503 2979 5557 aliine
3025 5508 3127 5554 est.
3187 5490 3530 5548 lllaril'cstum
3572 5487 3719 5542 enim

2142 5604 2288 5667 hinc,
2341 5612 2454 5655 tum
2496 5600 2727 5671 quidem-
2773 5590 3219 5651 communionem
3255 5583 3538 5637 hominum
3593 5593 3719 5634 cum

2145 5697 2254 5751 Dt‘O
2287 5708 2494 5748 meram
2544 5693 2887 5752 servitutem,
2929 5697 3078 5739 nunc
3113 5692 3245 5734 vero
3289 5675 3523 5732 ﬁliorum
3555 5674 3721 5745 adop-

1064 5898 1103 5931 ³⁵
1139 5895 1307 5952 Exod.
1342 5910 1438 5960 xu,
1468 5906 1621 5962 seqq.
1677 5889 1720 5922 ³⁵
1752 5887 1949 5959 Ephes.
1982 5902 2039 5951 ιι,
2090 5884 2170 5947 ll,
2220 5881 2301 5938 16.
