4030 6480
252 406 360 475 511

1533 405 1849 466 ΝΙΟΟΙΑᾹΙ
1886 406 1973 465 CA
1986 406 2153 466 BASl
2168 405 2279 466 LE

3410 399 3515 465 512

251 530 458 583 tionem
511 535 565 582 et
603 527 903 582 amicitiam
936 541 1077 583 esse.
1134 525 1242 579 Lex
1294 526 1495 580 ctenim
1536 527 1713 582 servis
1749 525 1878 580 dan

1979 528 2202 582 ,πάντων
2249 523 2459 593 γίνεται
2509 519 2692 589 δῆλον,
2735 518 2924 590 ὥσπερ
2962 537 2982 570 ι
3026 518 3374 589 πρωτότοκος
3406 519 3516 572 τῶν

253 628 364 681 tur,
396 617 701 671 amicorum
741 626 919 670 autem
955 616 1303 685 ﬁliorumque
1343 619 1537 685 gratia,
1579 614 1736 677 lidcs,
1773 615 1834 667 ll—

254 708 418 763 ducia
465 716 566 763 est.
613 709 685 762 Εἰ
730 710 931 778 quibus
961 708 1217 762 omnibus
1266 718 1433 777 patet,
1481 708 1838 776 quemadmo-

258 802 387 855 dum
434 802 688 855 Salvator
726 823 743 853 ι
791 803 1196 871 primogenitus
1223 813 1309 857 est
1347 812 1688 855 mortuorum
1718 801 1784 865 ³⁷,
1810 820 1829 853 ι

259 908 364 948 nec
398 905 611 964 poterat
645 895 944 965 quisquam
978 894 1365 951 defunctorum
1401 904 1527 950 ante
1552 895 1621 949 ad
1671 895 1836 948 vitam

261 989 626 1043 immortalem
663 988 1011 1051 reviviscere,
1071 1002 1235 1056 quam
1271 987 1361 1042 ille
1390 986 1669 1042 redivivus
1691 986 1841 1040 exsi-

262 1090 431 1135 steret
467 1097 482 1146 ;
530 1079 719 1134 eodem
758 1080 920 1134 modo
953 1080 1118 1133 etiam
1141 1078 1207 1133 ad
1235 1079 1578 1133 sanctitatem
1601 1066 1875 1149 etjustiﬁ

264 1171 397 1224 tiam
424 1170 740 1223 hominibus
762 1169 935 1237 ipsum
969 1169 1145 1223 solum
1181 1169 1508 1237 praeivisse;
1541 1174 1596 1220 et
1638 1163 1841 1218 Paulus

265 1260 580 1318 coiitlrmat.
640 1260 921 1314 Chris‘um
969 1274 1366 1330 praecursorem
1441 1273 1541 1328 pro
1578 1257 1735 1311 nobis
1786 1256 1843 1310 iu

270 1363 463 1407 saneta
494 1353 777 1407 introiisse
836 1353 1111 1408 scribens.
1162 1351 1420 1406 Introivit
1470 1350 1617 1404 enim
1689 1357 1847 1419 post-

269 1459 434 1512 quam
469 1445 707 1512 seipsnm
742 1444 939 1498 obtulit
972 1443 1139 1506 Patri,
1164 1454 1218 1498 et
1241 1443 1486 1498 volentes
1523 1440 1847 1501 introducit,

270 1532 562 1599 sepultura:
586 1533 704 1602 ejus
738 1542 1025 1588 consortes
1056 1549 1071 1600 ;
1108 1549 1217 1586 non
1249 1547 1381 1588 sane
1410 1532 1634 1603 perinde
1667 1540 1724 1584 ut
1759 1531 1851 1584 ille

273 1624 599 1689 morientes,
629 1625 724 1679 sed
763 1635 996 1678 mortem
1055 1624 1204 1677 illam
1241 1626 1293 1678 in
1321 1623 1545 1679 lavacro
1591 1622 1849 1693 baptismi

274 1715 590 1787 cogitationi
632 1698 1007 1786 subjicirntes,
1035 1724 1088 1769 et
1112 1727 1329 1780 unctos,
1357 1725 1411 1770 et
1437 1716 1489 1769 in
1519 1732 1673 1771 sacra
1702 1731 1852 1769 men-

277 1822 337 1859 sa
388 1806 807 1873 annuntiantcs,
868 1809 1143 1878 modoque
1207 1807 1471 1863 incﬂ‘abili
1523 1824 1620 1879 pro
1675 1808 1854 1877 epulis

279 1906 565 1952 sumentes
624 1898 804 1968 ipsum
855 1899 947 1966 qui
998 1911 1249 1955 mortuus
1308 1912 1391 1957 est
1434 1912 1483 1956 et
1535 1880 1932 1967 resurrexit.‘B

282 1988 348 2043 Et
381 1989 454 2043 ita
492 2005 587 2059 per
637 1991 735 2045 has
797 2001 987 2060 portas
1031 1994 1375 2048 introductos
1414 1994 1479 2047 ad
1537 2006 1760 2063 regnum
1806 1999 1861 2046 et

282 2079 348 2132 ad
375 2095 606 2136 coronas
641 2081 814 2138 ducit.
1149 2145 1165 2162 ,

356 2173 530 2229 Porta:
579 2175 695 2230 istae
749 2176 855 2232 illis
887 2176 1122 2248 paradisi
1174 2178 1348 2249 portis
1388 2177 1562 2233 multo
1600 2175 1860 2244 maiorem

285 2267 703 2322 venerationem
732 2278 784 2323 et
831 2270 1118 2325 utilitatem
1157 2272 1380 2326 habent.
1419 2272 1530 2327 Illa:
1590 2271 1861 2341 siquidem

286 2356 424 2411 nulli
451 2358 766 2426 aperientur
794 2360 889 2431 qui
935 2376 1031 2431 per
1060 2362 1225 2417 hasce
1269 2363 1422 2432 prius
1474 2377 1581 2418 non
1626 2360 1863 2415 intrare.

289 2449 361 2503 rit
389 2467 405 2503 :
440 2450 524 2505 ba:
552 2467 702 2515 vero,
744 2455 999 2522 quamvis
1028 2454 1236 2509 clausis
1279 2453 1404 2518 illis,
1431 2461 1614 2524 patent
1667 2451 1731 2506 Et
1764 2452 1867 2505 illa:

289 2539 512 2607 quidem
548 2542 715 2596 etiam
747 2543 985 2598 educere
1021 2553 1339 2616 potuerunt,
1369 2545 1517 2600 intus
1538 2552 1820 2599 versantes
1850 2561 1863 2596 :

293 2632 377 2686 ba:
408 2642 618 2689 tantum
657 2635 1037 2699 introducunt.
1092 2638 1365 2692 neminem
1402 2638 1659 2693 educunt.
1697 2638 1759 2692 Et
1801 2637 1868 2691 il—

295 2714 362 2771 la:
388 2718 601 2774 occludi
652 2730 929 2790 poterant,
981 2723 1327 2791 occlusaeque
1380 2730 1559 2788 sunt;
1594 2722 1870 2791 superbis

294 2811 440 2879 quml
470 2811 647 2865 velum
690 2813 813 2879 fuit,
842 2814 1071 2868 omnino
1111 2814 1428 2883 disiectum,
1456 2822 1509 2868 et
1537 2814 1753 2870 medius
1775 2830 1874 2883 pa-

295 2902 411 2955 ries
466 2902 719 2957 sublatus
763 2913 848 2959 est
883 2923 896 2959 :
936 2920 1036 2960 nec
1082 2905 1245 2960 datur
1279 2905 1519 2975 amplius
1579 2908 1872 2961 maceriam

299 2990 564 3057 excitare,
606 3002 662 3047 et
690 3003 879 3064 portas
904 2996 980 3049 illi
1036 3005 1245 3066 aptare,
1286 3005 1342 3050 et
1390 2997 1599 3065 pariete
1640 2997 1878 3051 interce-

300 3082 466 3138 dente
499 3085 733 3140 mundos
784 3088 1045 3153 invicem,
1096 3089 1463 3159 superiorem,
1511 3089 1754 3158 inquam,
1789 3089 1876 3143 in-

1936 619 2148 687 νεκρῶν
2180 637 2198 669 ι
2221 618 2250 669 ὁ
2278 615 2494 685 Σωτὴρ,
2527 615 2621 667 καὶ
2643 612 2744 665 οὐκ
2767 606 2836 682 ἦν
2859 609 3159 664 ἀναϐιῶναι
3188 609 3297 662 τῶν
3323 608 3518 676 τεθνη-

1938 710 2115 764 κότων
2150 708 2346 761 οὐδένα
2391 706 2493 773 τὴν
2545 704 2815 757 ἀθάνατον
2862 702 3011 772 ζωὴν
3050 701 3126 772 μὴ
3179 700 3516 762 ἀναστάντος

1937 802 2183 856 ἐκείνου*
2212 798 2305 852 τὸν
2357 799 2475 853 ἴσον
2506 795 2707 866 τρόπον
2739 794 2834 848 καὶ
2861 793 2999 863 πρὸς
3042 790 3140 862 τὴν
3200 789 3519 861 ἁγιωσύνην

1940 895 2037 949 καὶ
2063 892 2414 963 δικαιοσύνην
2436 893 2550 953 τοῖς
2573 887 2887 961 ἀνθρώποις
2914 886 3081 950 αὐτὸς
3121 885 3372 956 ἡγήσατο
3417 882 3518 951 μό-

1942 1005 2054 1052 νος,
2088 986 2185 1040 καὶ
2231 984 2390 1039 τοῦτο
2438 982 2647 1045 Παῦλος
2694 980 2865 1047 ἔδειξε
2917 978 3171 1049 γράφων,
3205 978 3518 1047 πρόδρομον

1942 1080 2085 1150 ὑπὲρ
2117 1076 2281 1149 ήμῶν
2307 1078 2388 1140 είς
2416 1076 2485 1129 τά
2516 1074 2651 1143 ἀγια
2680 1075 2775 1126 τὸν
2809 1070 3047 1141 Χριστὸν
3089 1067 3518 1140 είσεληλυθέναι.

1945 1170 2180 1238 Εἰσῆλθε
2196 1168 2306 1239 γάρ
2319 1168 2398 1232 είς
2418 1168 2487 1222 τά
2504 1166 2655 1235 ἅγια,
2676 1163 2870 1220 ἐαυτὸν
2891 1161 3199 1229 ἀνενεγκὼν
3219 1160 3299 1231 τῷ
3317 1158 3518 1229 Πατρὶ,

1947 1263 2199 1325 καὶτοὺς
2231 1260 2589 1335 βουλομένους
2617 1258 2828 1327 εἰσάγει
2862 1257 2961 1326 τῆς
3002 1256 3183 1324 ταφῆς
3216 1252 3366 1322 αὐτῷ
3405 1268 3520 1304 κοι-

1947 1357 2273 1421 νωνοῦντας,
2306 1355 2407 1409 ούκ
2434 1353 2885 1422 ἀποθνήσκοντας
2914 1348 3106 1418 ὥσπερ
3150 1347 3378 1408 ἐκεῖνος,
3407 1341 3522 1397 ἀλλ’

1949 1451 2044 1505 ἐπὶ
2074 1449 2169 1504 τοῦ
2196 1446 2424 1518 λουτροῦ
2455 1446 2548 1500 τὸν
2580 1445 2809 1499 θάνατον
2841 1439 3329 1507 ἐπιδεικνυμένους
3379 1437 3521 1488 ἐκεῖ·

1951 1561 2062 1608 νον,
2124 1542 2219 1595 καὶ
2269 1540 2363 1593 ἐπὶ
2417 1538 2520 1608 τῆς
2566 1535 2849 1608 τραπέζης
2896 1530 3370 1601 καταγγέλλοντας
3424 1526 3527 1595 τῆς

1956 1634 2108 1701 ἱερᾶς
2141 1630 2235 1685 καὶ
2292 1630 2615 1700 χριομένους
2663 1629 2759 1681 καὶ
2818 1624 3230 1696 εὐωχουμένους
3285 1619 3528 1693 ἀῤῥητόν

1955 1737 2077 1773 τινα
2114 1718 2315 1787 τρόπον
2350 1718 2517 1772 αὐτὸν
2561 1719 2652 1770 τὸν
2681 1717 3028 1787 νεκρωθέντα
3055 1715 3151 1768 καὶ
3194 1712 3529 1768 ἀναστάντα.

1957 1812 2070 1867 Καὶ
2102 1810 2247 1865 οὕτω
2278 1809 2369 1864 διά
2396 1810 2507 1863 τῶν
2533 1807 2720 1862 πυλῶν
2747 1806 2955 1861 τούτων
2984 1804 3298 1875 εἰσαγαγὼν
3326 1804 3408 1867 είς
3435 1801 3532 1873 τὴν

1963 1902 2249 1972 βασιλείαν
2269 1902 2363 1956 καὶ
2391 1902 2521 1966 τοὺς
2554 1902 2852 1972 στεφάνους
2885 1903 3127 1972 ἡγεῖται.

2034 2160 2279 2224 Αὗταιαί
2319 2168 2485 2225 πύλαι
2522 2170 2631 2225 τῶν
2647 2170 2740 2225 τοῦ
2776 2168 3104 2241 παραδείσου
3147 2168 3335 2223 πυλῶν
3357 2165 3539 2237 πολλῷ

1968 2267 2296 2339 συμνότεραι
2328 2266 2423 2320 καὶ
2467 2265 2933 2335 λυσιτελέστεραι.
2968 2265 3033 2317 Δί
3071 2263 3169 2334 μέν
3202 2261 3312 2331 γάρ
3347 2262 3448 2315 οὐκ
3473 2260 3541 2315 ἂν

1966 2361 2236 2429 ἀνοιγεῖεν
2268 2360 2447 2414 οὐδενὶ
2487 2359 2562 2428 μὴ
2588 2360 2675 2412 διὰ
2711 2357 2921 2411 τούτων
2939 2355 3237 2410 εἰσελθόντι
3264 2354 3532 2425 πρότερον

1966 2452 2078 2506 τῶν
2104 2451 2303 2513 πυλῶν,
2341 2451 2398 2504 αἱ
2433 2449 2491 2503 δέ
2521 2446 2927 2514 κεκλεισμένων
2951 2448 3175 2502 ἐκείνων
3200 2446 3392 2515 ἠνοίγη
3404 2464 3499 2498 σαν
3522 2462 3537 2476 ·

1969 2550 2065 2598 καὶ
2103 2546 2158 2597 αί
2211 2543 2312 2611 μὲν
2346 2542 2440 2595 καὶ
2474 2542 2733 2596 ἐδύναντο
2778 2541 2995 2609 ἐξάγειν
3039 2540 3168 2603 τοὺς
3199 2538 3368 2601 ἔνδον,
3402 2538 3457 2590 αί
3486 2537 3543 2590 δὲ

1970 2637 2255 2705 είσάγουσι
2305 2636 2489 2706 μόνον,
2540 2633 2797 2701 ἐξάγουσι
2830 2634 2886 2687 δέ
2913 2633 3129 2687 οὐδένα.
3179 2632 3287 2685 Καὶ
3317 2630 3415 2695 τὰς
3449 2631 3547 2700 μὲν

1974 2727 2065 2781 καὶ
2100 2725 2420 2795 κλεισθῆναι
2454 2724 2681 2778 δυνατὸν
2709 2720 2777 2796 ἦν
2807 2725 2900 2777 καί
2932 2740 2995 2791 γε
3026 2722 3415 2792 ἐκλείσθησαν,
3452 2721 3547 2773 ἐπὶ

1973 2819 2030 2872 δέ
2057 2820 2265 2873 τούτων
2300 2819 2615 2872 παντάπασι
2647 2817 2709 2870 τὸ
2737 2818 3151 2886 παραπέτασμα
3180 2815 3273 2868 καὶ
3302 2814 3363 2866 τδ
3393 2813 3554 2885 μεσό-

1976 2930 2156 2982 τοιχον
2213 2911 2376 2982 ἐλύθη
2432 2914 2528 2966 καὶ
2582 2911 2869 2983 ἀνῃρέθη’
2907 2912 3000 2964 καὶ
3056 2910 3157 2963 οὐκ
3210 2909 3422 2961 ἔνεστιν
3471 2906 3552 2960 ἔτι

1981 3004 2238 3075 φραγμὸν
2269 3002 2573 3071 ἀναστῆναι
2626 3004 2723 3055 καὶ
2770 3001 2945 3065 πύλας
2988 2999 3405 3072 ἀναρμοσθῆναι
3459 2999 3556 3053 καὶ

1979 3100 2106 3158 τοὺς
2137 3097 2379 3165 κόσμους
2420 3081 2674 3162 ¹ἀλλήλων
2707 3094 2896 3165 τειχίῳ
2940 3093 3308 3163 διαιρεθῆναι.
3341 3092 3417 3145 Οὐ
3447 3090 3557 3162 γὰρ

303 3174 675 3244 ferioremque
711 3176 991 3235 dirimere.
1031 3178 1147 3234 Non
1180 3180 1324 3234 enim
1377 3180 1702 3251 simpliciter
1740 3180 1878 3236 dun-

1982 3188 2295 3261 ἀνεῴγασιν
2347 3188 2535 3252 ἁπλῶς
2571 3189 2755 3258 μόνον,
2794 3184 2912 3240 ἀλλ’
2941 3186 3273 3256 ἐσχίσθησαν
3313 3186 3361 3238 οἱ
3397 3185 3560 3254 οὐρα-

304 3275 460 3319 taxat
491 3269 701 3335 aperti,
740 3270 836 3326 sed
867 3280 921 3324 et
969 3271 1197 3337 diducti,
1224 3280 1279 3325 et
1313 3273 1471 3342 quasi
1509 3272 1698 3327 dimssi
1752 3281 1881 3326 sunt

306 3355 457 3417 cmli.
489 3368 548 3411 ut
586 3359 808 3415 Marcus
848 3363 923 3415 ait
952 3361 1016 3414 "'.
1059 3364 1176 3429 Qua
1222 3378 1280 3418 re
1320 3371 1603 3419 ostensum
1634 3374 1737 3430 est,
1772 3380 1879 3419 non

305 3452 419 3522 jam
451 3460 664 3519 portam
722 3462 774 3507 et
818 3464 1022 3522 postes,
1056 3471 1233 3526 neque
1282 3458 1651 3513 velamentum
1713 3457 1881 3512 ullum

310 3544 568 3599 relictum
601 3560 743 3602 esse.
772 3545 875 3614 Qui
930 3549 1076 3604 enim
1129 3564 1429 3621 supernum
1472 3552 1739 3606 mundum
1799 3552 1885 3604 bis
1958 3560 1968 3569 '

310 3637 406 3707 qui
455 3637 595 3695 infra
631 3649 758 3695 sunt
792 3641 1171 3698 reconciliavit
1199 3652 1252 3698 et
1277 3643 1587 3712 conjunxit,
1611 3653 1666 3699 ct
1696 3657 1885 3712 pacem

312 3731 463 3797 fecit,
505 3732 876 3802 parietemque
929 3735 1165 3789 medium
1218 3738 1468 3790 maceria:
1521 3736 1790 3791 destruxit
1818 3735 1886 3799 ”,

315 3843 421 3881 non
460 3835 637 3897 potest
693 3842 895 3897 negare
953 3828 1309 3897 semetipsum
1333 3828 1402 3893 ⁸ο,
1454 3836 1516 3883 ιιι
1569 3827 1629 3883 Β.
1688 3825 1890 3882 Paulus

317 3919 517 3988 inquit.
550 3921 743 3977 Portas
765 3922 910 3975 enim
954 3922 1075 3977 illas
1102 3930 1323 3992 propter
1352 3922 1621 3977 Adamum
1652 3929 1890 3992 apertas,

317 4026 384 4065 eo
418 4026 524 4065 non
555 4012 903 4081 persistente,
931 4013 983 4066 in
1017 4012 1217 4082 quibus
1252 4013 1545 4081 persistere
1578 4013 1890 4085 oportebat,

320 4104 484 4156 etiam
524 4105 703 4159 claudi
761 4104 951 4174 utique
994 4112 1425 4158 consentaneum
1464 4114 1599 4159 erat.
1652 4103 1761 4161 llas
1796 4121 1895 4159 au~

320 4204 429 4248 tem
459 4195 717 4251 Christus
762 4196 994 4265 ipsemet
1026 4194 1315 4261 res'eravit,
1343 4197 1435 4267 qui
1471 4207 1751 4268 peccatum
1787 4215 1893 4254 non

326 4286 477 4347 fecit,
526 4296 579 4340 et
630 4287 683 4340 in
717 4303 878 4356 quem
935 4304 1159 4356 peccare
1196 4307 1306 4344 non
1346 4291 1491 4345 cadit
1521 4290 1588 4345 “.
1626 4310 1645 4344 ι
1677 4289 1897 4347 Iustitia

325 4378 474 4431 enim
501 4377 641 4446 ejus,
680 4379 859 4446 inquit
904 4378 1093 4444 David,
1126 4393 1310 4437 manet
1361 4384 1413 4437 in
1468 4394 1734 4439 aeternum
1764 4384 1832 4437 δ’.
1875 4403 1893 4434 ι

329 4469 485 4525 Unde
515 4485 609 4525 eas
638 4481 822 4540 patere
849 4486 1062 4543 semper
1085 4491 1308 4543 prorsus
1341 4492 1565 4532 necesse
1599 4486 1703 4543 est,
1740 4485 1794 4531 et
1832 4475 1897 4530 ad

1982 3280 2085 3343 νοὶ,
2125 3281 2153 3333 ὁ
2192 3278 2497 3350 θαυμάσιος
2544 3276 2651 3350 ἔφη
2690 3278 2954 3349 Μάρκος,
3000 3276 3217 3339 δεικνὺς
3266 3276 3340 3339 ὡς
3368 3275 3558 3327 οὐκέτι

1984 3371 2123 3441 θύρα
2153 3372 2248 3424 καὶ
2287 3371 2632 3440 παραστάδες
2661 3369 2781 3424 οὐδέ
2811 3373 3228 3441 παραπέτασμα
3247 3367 3399 3422 οὐδὲν
3426 3368 3559 3421 ὑπε-

1982 3460 2199 3530 λείφθη.
2236 3458 2297 3513 '0
2326 3463 2437 3533 γὰρ
2485 3460 2831 3526 καταλλάξας
2870 3460 2968 3513 καὶ
3007 3459 3254 3528 συνάψας
3283 3459 3377 3512 καὶ
3400 3459 3557 3527 sipri-

1986 3554 2279 3623 νοποιήσας
2314 3553 2407 3607 τὸν
2447 3553 2561 3608 ἀνω
2591 3554 2799 3623 κόσμον
2837 3556 2952 3615 τοῖς
2983 3553 3137 3607 κάτω
3171 3553 3266 3606 καὶ
3298 3551 3359 3605 τὸ
3400 3549 3564 3619 μεσό-

1986 3662 2166 3715 τοιχον
2208 3644 2306 3699 τοῦ
2343 3645 2605 3716 φραγμῶ
2654 3645 2827 3709 λύσας
2869 3645 2929 3698 οὐ
2959 3644 3188 3699 δύναται
3217 3642 3589 3714 ἀρνήσασθαι·

1990 3738 2204 3800 ἐαυτδν,
2241 3739 2269 3790 ὁ
2316 3739 2586 3810 μακάριος
2618 3738 2723 3808 ἔφη
2756 3736 2992 3799 Παῦλος.
3020 3736 3133 3797 Τάς
3175 3735 3274 3805 μέν
3316 3718 3425 3805 γάρ
3458 3733 3568 3787 πύ-

1990 3828 2087 3892 λας
2120 3829 2339 3893 ἐκείνας
2371 3830 2460 3883 διά
2505 3830 2596 3884 τὸν
2642 3830 2817 3899 Ἀδὰμ
2864 3828 3191 3897 ἀνεῳγυίας,
3243 3827 3453 3880 ἐκείνου
3492 3826 3568 3897 μὴ

1997 3924 2278 3994 μείναντος
2311 3922 2397 3988 ἐφ’
2421 3917 2504 3986 οἷς
2529 3922 2638 3976 ἔδει
2669 3923 2869 3991 μένειν,
2909 3919 3003 3973 καὶ
3027 3917 3341 3987 κλεισθῆναι
3368 3918 3573 3987 δήπου-

1995 4016 2088 4070 θεν
2113 4014 2262 4077 είκδς
2288 4008 2378 4084 ἦν.
2420 4012 2641 4074 Ταύτας
2671 4010 2729 4063 δὲ
2761 4012 2791 4063 ό
2830 4012 3071 4080 Χριστὸς
3099 4013 3266 4073 αὐτὸς
3308 4011 3566 4082 ἀνέῳξεν,

1995 4110 2051 4172 ὃς
2073 4106 2351 4179 ἀμαρτίαν
2376 4106 2477 4158 οὐκ
2506 4103 2783 4174 ἐποίησεν,
2808 4105 2928 4158 οὐδὲ
2957 4103 3178 4159 δύναται
3202 4106 3537 4176 ἁμαρτάνειν
3554 4118 3569 4134 ·

1998 4205 2031 4272 ἡ
2063 4202 2172 4273 γὰρ
2193 4198 2509 4269 δικαιοσύνη
2547 4197 2737 4267 αὐτοῦ,
2765 4198 2925 4267 φησὶ,
2960 4199 3110 4269 μένει
3140 4200 3221 4261 είς
3249 4198 3343 4250 τὸν
3368 4196 3541 4250 αἰῶνα
3559 4210 3572 4225 ’

2000 4294 2122 4347 ὅθεν
2164 4293 2382 4360 ἀνάγκη
2405 4291 2577 4353 πᾶσα,
2609 4290 2793 4361 μένειν
2819 4290 3171 4360 ἀνεῳγμένας
3194 4290 3288 4343 καὶ
3313 4289 3450 4359 πρὸς
3478 4284 3580 4357 μὲν

2001 4385 2100 4454 τὴν
2128 4383 2273 4452 ζωὴν
2321 4381 2591 4450 εἰσάγειν,
2641 4382 2751 4437 ἀπὸ
2781 4382 2839 4435 δὲ
2871 4382 2969 4451 τῆς
3006 4382 3152 4449 ζωῆς
3196 4381 3375 4447 ἐξοδον
3404 4381 3582 4435 οὐδενὶ

2005 4474 2294 4543 παρέχειν.
2341 4491 2360 4525 ι
2396 4468 2602 4526 Ἦλθον
2628 4473 2757 4542 γὰρ,
2800 4473 2968 4544 φησιν
3002 4475 3030 4526 ὁ
3058 4473 3269 4542 Σωτὴρ,
3316 4473 3405 4526 ἴνα
3434 4473 3580 4538 ζωὴν

329 4562 496 4617 \itam
530 4562 751 4634 quidem
812 4564 1200 4630 intromittere,
1256 4582 1284 4620 a
1346 4567 1454 4621 vita
1513 4577 1695 4621 autem
1762 4565 1874 4618 null

2006 4565 2172 4635 ἔχωσι
2198 4581 2212 4595 '
2256 4583 2275 4616 ι
2313 4564 2475 4618 τοῦτο
2522 4566 2634 4635 γάρ
2663 4566 2814 4618 ἐστιν
2842 4565 2875 4635 ἡ
2912 4564 3048 4634 ζωὴ.
3076 4566 3144 4635 ἥν
3187 4567 3216 4617 ὁ
3244 4565 3449 4636 Κύριος
3479 4559 3582 4636 ἦκε

329 4653 536 4709 exitum
592 4655 742 4710 dare.
788 4675 806 4707 ι
845 4656 1000 4719 Veni,
1060 4657 1239 4727 inquit
1272 4657 1568 4723 ’Salvator,
1621 4666 1679 4711 ut
1730 4659 1898 4711 vitam

331 4746 567 4803 habeant
596 4746 663 4802 “.
702 4768 720 4799 ι
759 4750 885 4803 Haec
936 4759 1018 4805 est
1067 4750 1211 4805 enim
1248 4751 1377 4815 vita,
1423 4766 1588 4822 quam
1643 4751 1904 4806 Dominus

332 4854 517 4895 secum
549 4841 751 4905 attulit,
782 4843 1039 4911 mysteria
1075 4844 1176 4896 ista
1208 4852 1563 4912 usurpantes,
1597 4841 1718 4913 ejus
1763 4857 1909 4897 mor-

336 4931 406 4985 tis
437 4940 491 4984 et
536 4933 815 5001 passionis
850 4933 1141 5003 participes
1171 4943 1227 4989 et
1273 4943 1558 4989 consortes
1601 4933 1740 4998 ﬁeri,
1786 4934 1908 4990 sine

336 5037 444 5091 quo
480 5036 707 5077 mortem
740 5023 980 5095 eti‘ugere
1024 5042 1132 5081 non
1161 5041 1477 5097 possumus.
1524 5030 1714 5095 Neque
1760 5027 1908 5081 enim

339 5128 448 5167 non
484 5114 815 5183 baptizatum
852 5115 905 5169 in
957 5132 1099 5187 aqua
1134 5127 1188 5171 et
1235 5115 1442 5186 Spiritu
1478 5126 1672 5171 sancto
1720 5115 1802 5171 fas
1833 5127 1916 5172 est

338 5207 393 5260 in
444 5207 611 5259 vitam
654 5206 863 5275 ingredi
895 5209 987 5264 διε
1039 5225 1215 5279 neque
1267 5210 1360 5278 qui
1416 5225 1522 5263 non
1573 5211 1914 5266 comederint

341 5313 562 5352 carnem
600 5297 720 5352 Filii
753 5301 1014 5364 hominis,
1050 5313 1102 5354 et
1142 5300 1377 5353 biberint
1411 5298 1533 5368 ejus
1567 5301 1911 5370 sanguinem,

342 5389 510 5442 vitam
557 5390 610 5443 in
652 5405 709 5444 se
734 5391 869 5460 ipsis
896 5391 1097 5445 habere
1123 5399 1333 5458 queunt
1364 5390 1431 5443 ".

415 5481 591 5536 Altius
637 5496 802 5550 porro
840 5482 980 5537 istuc
1019 5479 1404 5536 discutiamus.
1447 5479 1644 5538 Vivere
1682 5484 1790 5539 Deo
1810 5500 1915 5540 non

346 5568 492 5638 licet,
540 5573 590 5629 si
631 5574 872 5643 peccatis
910 5586 1016 5625 non
1056 5571 1229 5627 simus
1264 5573 1486 5628 mortui.
1520 5574 1690 5631 Posse
1734 5585 1916 5631 autem

429 5775 466 5805 "
503 5776 717 5833 Coloss.
747 5791 780 5833 ι.
817 5779 906 5832 ‘20.
982 5778 1027 5810 “'
1073 5780 1232 5835 Marc.
1272 5796 1307 5845 ι,
1358 5780 1442 5835 10.

361 5858 478 5910 Ltu,
513 5846 563 5899 (λ,
644 5848 688 5879 ⁸³
733 5848 872 5902 l’sal.
916 5865 1000 5917 ε),
1030 5851 1081 5905 5.

2011 4660 2218 4729 φέρων,
2244 4658 2306 4713 τὸ
2329 4657 2419 4713 διὰ
2447 4658 2559 4711 τῶν
2593 4657 2915 4728 μυστηρίων
2948 4657 3158 4710 τούτων
3197 4657 3452 4721 ἐλθόντας
3487 4674 3589 4726 με·

2011 4754 2232 4821 τασχεῖν
2261 4749 2410 4819 αὐτῷ
2443 4747 2539 4803 τοῦ
2581 4749 2816 4804 θανάτου
2844 4750 2937 4802 καὶ
2976 4748 3311 4818 κοινωνῆσαι
3345 4747 3440 4801 τοῦ
3480 4748 3588 4801 πά-

2015 4844 2163 4910 θους,
2189 4847 2284 4898 καὶ
2311 4842 2502 4896 τούτου
2537 4843 2709 4913 χωρῖς
2752 4841 2843 4897 τὸν
2875 4841 3106 4896 θάνατον
3134 4841 3237 4893 οὐκ
3267 4838 3347 4893 ἐνι
3394 4839 3592 4908 διαφυ-

2015 4941 2154 5008 γεῖν.
2189 4936 2332 4990 υῠτε
2357 4934 2470 5007 γὰρ
2500 4935 2575 5006 μὴ
2600 4933 2970 5006 βαπτισθέντα
3000 4935 3058 4987 ἐν
3092 4931 3252 4986 ὕδατι
3280 4931 3378 4984 καὶ
3417 4930 3593 4983 [Ινεύ-

2025 5048 2158 5102 ματι
2201 5028 2429 5084 δυνατὸν
2466 5030 2549 5091 είς
2587 5029 2687 5096 τὴν
2729 5025 2876 5098 ζωὴν
2926 5023 3212 5090 εἰσελθεῖν,
3268 5022 3393 5076 οὔτε
3423 5023 3472 5074 οι
3519 5022 3595 5091 μὴ

2024 5122 2291 5190 φαγόντες
2342 5118 2443 5189 τὴν
2486 5118 2668 5187 σάρκα
2709 5114 2805 5169 τοῦ
2839 5113 2972 5168 Υίοῦ
3005 5114 3101 5167 τοῦ
3152 5111 3466 5184 ἀνθρώπου,
3501 5111 3595 5165 καὶ

2023 5214 2240 5276 πιόντες
2287 5211 2454 5266 αὐτοῦ
2482 5212 2545 5263 τὸ
2594 5203 2756 5279 αἷμα,
2781 5207 3041 5262 δύνανται
3075 5208 3221 5278 ζωὴν
3268 5209 3326 5259 ἐν
3379 5206 3593 5266 ἑαυτοῖς

2020 5307 2186 5377 ἔχειν.

2014 5537 2041 5546 _
2097 5486 2207 5539 Καὶ
2249 5485 2543 5553 σκοπῶμεν
2573 5483 2802 5539 ἄνωθεν.
2826 5484 2996 5553 Ζῆσαι
3028 5482 3127 5554 μὲν
3151 5481 3260 5553 γὰρ
3293 5481 3394 5534 οὐκ
3421 5476 3488 5550 ἦν
3523 5478 3604 5548 τῷ

2028 5579 2149 5649 Θεῴ
2191 5580 2267 5648 μὴ
2295 5580 2414 5641 ταῖς
2447 5575 2745 5659 ἁμαρτίαις
2774 5573 3171 5637 ἀποθανόντας,
3201 5573 3516 5625 ἀποκτεῖναι
3544 5568 3601 5622 δέ

1549 5782 1593 5814 ³⁸
1640 5782 1834 5852 Eplics.
1873 5801 1878 5836 l

1986 5784 2069 5838 14.
2115 5783 2197 5837 16.
2270 5780 2319 5852 ξθ
2377 5780 2416 5835 ll
2463 5779 2604 5833 Tim.
2641 5796 2701 5843 ιι,
2736 5779 2817 5835 15.
2910 5778 2951 5811 ⁶¹
2991 5778 3009 5834 1
3046 5778 3189 5834 Petr.
3236 5793 3299 5843 tt,
3338 5774 3443 5839 9.2;
3494 5771 3601 5829 ha.

1160 5849 1386 5904 "Jaau.
1435 5868 1487 5916 ιι,
1528 5852 1611 5905 10.
1686 5849 1733 5885 ’³³
1762 5853 1877 5909 Juat

1988 5873 2023 5919 t,
2058 5855 2107 5909 5.
2188 5853 2229 5885 ³⁸
2261 5851 2418 5907 Juau.
2457 5867 2529 5918 τι,
2570 5851 2655 5904 5i.
3178 5858 3179 5867 ‘
