4030 6472
434 392 551 456 5l3'

1529 395 1628 454 DE
1658 394 1834 455 νΙΤΑ
1876 392 1954 451 ΙΝ
1988 394 2324 454 CIIRISTO
2383 397 2530 457 LIB.
2566 396 2616 457 Ι.

3574 408 3683 473 514

433 504 731 574 δυνηθῆναι
768 501 863 574 τὴν
907 503 1182 575 ἁμαρτίαν
1212 504 1374 575 μόνου
1422 506 1580 558 Θᾳοῦ.
1615 506 1738 568 Τοῖς
1771 506 1877 573 γὰρ
1909 506 1986 556 ἁν-

2110 513 2393 572 peccatum
2428 507 2762 576 interimere,
2796 510 2969 567 solius
3006 511 3096 568 Dei
3145 524 3246 571 est.
3291 516 3596 574 Debebalur
3625 523 3682 577 id

438 597 677 667 θρώποις
710 596 974 666 ὠφείλετο
1023 596 1152 667 μέν·
1205 597 1405 649 δίκαιοι
1451 597 1557 666 γὰρ
1595 594 1738 669 ἦμεν
1785 598 2001 659 ἑκόντες

435 687 757 759 ἡττηθέντες
788 688 1133 742 ἀναπαλαίσα
1173 689 1262 741 θαι
1301 689 1401 758 τὴν
1434 684 1628 761 ἧτταν,
1653 690 1752 742 οὐκ
1785 688 1915 756 ἐνῆν
1942 688 2001 741 δέ

436 780 545 833 οὐδ’
566 781 733 846 ἐγγὺς
755 779 961 841 δούλοις
984 780 1082 851 ήδη
1106 781 1419 848 γενομένοις
1439 782 1537 850 τῆς
1554 781 1851 850 ἁμαρτίας.
1875 779 2000 842 Πῶς

434 872 541 943 γὰρ
564 871 629 926 ἂν
653 872 954 942 ἐγενόμεθα
975 873 1258 943 κρείττους
1351 872 1692 936 δουλεύοντες
1713 867 1855 944 ἦμεν
1884 888 1899 938 ;
1921 867 1997 926 Ἦ

432 965 540 1035 γάρ
559 963 626 1019 ἂν
647 966 740 1019 καὶ
767 963 1034 1038 μείζουςῆ
1044 983 1161 1036 μεν,
1187 985 1205 1018 ι
1231 965 1464 1020 οὐκέστι
1481 965 1667 1028 δοῦλος
1685 965 1886 1036 μείζων
1903 966 1998 1018 τοῦ

430 1059 623 1126 κυρίου
665 1058 850 1113 αὐτοῦ.
874 1077 894 1111 ι
930 1060 1082 1112 Ἐπεὶ
1135 1060 1319 1113 τοίνυν
1351 1062 1379 1113 6
1417 1060 1517 1130 μὲν
1556 1061 1618 1113 τὸ
1652 1059 1810 1131 χρέος
1840 1060 2000 1114 τοῦτο

429 1150 761 1205 καταλαϐεῖν
787 1153 884 1205 καὶ
929 1150 1029 1223 τὴν
1073 1151 1234 1221 νίκην
1271 1152 1503 1221 ἀρέσθαι
1550 1151 1754 1224 ταύτην
1789 1154 2000 1218 δίκαιος

427 1242 501 1296 ὢν
529 1242 859 1313 ἀνδράποδον
902 1240 989 1315 ἦν,
1026 1239 1102 1297 ὧν
1152 1245 1258 1299 ἔδει
1291 1245 1371 1317 τῷ
1418 1245 1643 1318 πολέμῳ
1687 1250 1936 1317 κρατεῖν,
1970 1249 1999 1300 6

425 1335 481 1387 δὲ
519 1334 673 1401 Θεὸς,
703 1327 748 1404 ᾧ
792 1335 965 1389 ταῦτα
1018 1337 1168 1408 ἐξῆν,
1199 1337 1414 1401 οὐδενὸς
1449 1339 1733 1408 ὑπόχρεως
1759 1335 1847 1409 ἦν,
1901 1340 1998 1393 καὶ

425 1426 512 1480 διὰ
566 1426 740 1480 ταῦτα
771 1427 860 1479 τὸν
911 1427 1102 1495 ἀγῶνα
1157 1428 1435 1498 οὐδέτερος
1490 1431 1765 1501 ἀνῃρεῖτο,
1819 1432 1913 1483 καὶ
1963 1432 1995 1501 ἡ

424 1519 669 1588 ἁμαρτία
701 1519 819 1588 ἔζη,
873 1519 966 1573 καὶ
1008 1517 1077 1590 ἦν
1125 1521 1410 1591 ἀμήχανον
1451 1521 1550 1592 ἤδη
1586 1522 1686 1591 τὴν
1734 1521 1995 1594 ἀληθινὴν

423 1609 571 1679 ζωὴν
600 1611 733 1681 ἡμῖν
765 1612 1067 1678 ἀνατεῖλαι,
1096 1612 1158 1664 τὸ
1204 1612 1469 1681 τρόπαιον
1499 1613 1660 1667 ἄλλου
1704 1615 1804 1685 μὲν
1844 1616 2000 1685 ὀφεί-

420 1704 623 1769 λοντος,
649 1703 815 1758 ἄλλου
840 1704 894 1756 δὲ
914 1705 1216 1773 δυναμένου
1241 1720 1256 1733 '
1281 1705 1491 1759 τούτων
1522 1706 1687 1761 ἕνεκα
1718 1707 1995 1762 συνελθεῖν

423 1796 609 1864 ἐδέησε
639 1794 800 1850 τοῦτο
827 1798 1071 1861 κάκεῖνο,
1115 1799 1207 1852 καὶ
1238 1798 1335 1852 ἕνα
1361 1799 1457 1852 καὶ
1504 1798 1596 1852 τὸν
1625 1799 1791 1853 αὐτὸν
1818 1800 2000 1869 ἀμφο-

2107 596 2324 662 quidem
2362 594 2695 652 hominibus.
2726 596 2861 652 Nam
2907 616 3033 656 cum
3083 605 3326 662 volentes
3360 609 3489 663 victi
3529 627 3683 666 ossi:-

2112 697 2254 744 mus,
2310 684 2675 754 redintegrata
2731 689 2922 745 saltem
2973 707 3174 761 pugna,
3226 707 3286 750 ut
3338 699 3683 754 vinceremus

2108 778 2340 842 mquitas
2374 778 2706 847 postulabat.
2757 781 2877 836 Non
2928 783 3131 849 licebat
3178 797 3359 843 autem
3421 803 3475 847 et
3524 793 3685 863 longe

2108 866 2322 931 aberat,
2356 884 2478 922 cum
2505 870 2616 939 jam
2670 875 2812 927 servi
2863 874 2988 930 lacti
3019 892 3265 936 essemus
3296 886 3525 950 peccati.
3560 884 3682 950 Quo

2107 961 2254 1012 enim
2311 972 2470 1028 pacto
2498 977 2564 1018 eo
2594 965 2683 1020 cui
2720 966 3090 1024 serviebamus
3149 974 3462 1039 superiores
3500 975 3683 1031 disce-

2108 1050 2409 1108 deremus?
2437 1054 2596 1110 Certe
2624 1058 2726 1112 etsi
2759 1060 2923 1114 etiam
2968 1061 3201 1132 majores
3230 1080 3472 1134 eramus,
3499 1076 3682 1124 tamen

2114 1161 2133 1195 ι
2164 1143 2283 1198 Non
2323 1157 2404 1200 est
2438 1162 2630 1203 servus
2663 1151 2834 1220 major
2883 1154 3108 1210 domino
3139 1171 3243 1210 suo
3260 1157 3328 1210 “.
3361 1178 3379 1211 ι
3409 1161 3679 1225 Quoniam

2109 1235 2277 1304 igitur
2321 1254 2483 1307 quem
2524 1241 2769 1296 debitum
2825 1244 2924 1300 hoc
2954 1248 3263 1316 complecti,
3298 1260 3349 1305 et
3390 1253 3679 1308 victoriam

2108 1326 2252 1382 hanc
2304 1340 2583 1398 reportare
2632 1334 2854 1403 dignum
2910 1348 3048 1402 erat,
3106 1339 3174 1394 iis
3209 1344 3501 1407 serviebat,
3540 1361 3679 1415 quos

2104 1424 2275 1474 armis
2308 1423 2561 1491 subigere
2597 1438 2937 1495 oportuerat,
2989 1431 3128 1487 Deus
3162 1444 3364 1499 autem,
3414 1436 3466 1490 in
3519 1440 3679 1508 cujus

2110 1522 2377 1581 potestate
2405 1516 2508 1571 ista
2548 1529 2698 1582 sunt,
2728 1508 2863 1575 nulli
2897 1523 3195 1594 quidquam
3232 1530 3481 1593 debebat,
3511 1541 3678 1601 atque

2106 1603 2229 1656 ideo
2259 1613 2536 1660 certamen
2567 1619 2763 1665 ncutcr
2793 1616 3230 1684 aggrediebatur,
3289 1629 3342 1675 et
3387 1634 3673 1690 peceatum

2060 1773 2062 1776 ν
2101 1693 2343 1763 vivebat,
2379 1708 2432 1753 et
2475 1700 2586 1769 jam
2625 1713 2681 1755 ut
2732 1718 2798 1758 ex
2851 1720 2978 1761 vera
3036 1710 3143 1764 vita
3185 1722 3451 1783 tr0paeum
3514 1719 3676 1774 nobis

2100 1789 2434 1854 exoriretur,
2492 1793 2604 1845 ﬁeri
2661 1810 2768 1849 non
2805 1806 3043 1866 poterat,
3076 1818 3200 1857 cum
3237 1805 3379 1860 alius
3427 1807 3672 1877 deberet,

419 1886 584 1958 τέρας
613 1884 755 1943 εἶναι
790 1889 888 1953 τὰς
925 1890 1141 1959 φύσεις,
1172 1891 1268 1945 τοῦ
1298 1908 1358 1944 τε
1397 1896 1771 1963 προσήκοντος
1792 1893 1868 1962 τῷ
1896 1910 1986 1947 πο-

2098 1879 2237 1933 alius
2271 1891 2471 1949 posset.
2506 1884 2658 1941 Hauc
2697 1888 2765 1943 ob
2800 1904 3049 1960 causam,
3074 1894 3174 1949 hoc
3214 1902 3268 1950 ct
3314 1898 3441 1954 illud
3477 1917 3675 1958 conve-

419 1980 589 2051 λέμῳ,
626 1985 720 2034 καὶ
745 1982 804 2045 ὃς
853 1981 1077 2036 ἐδύνατο
1097 1984 1343 2054 νικῆσαι.
1375 1984 1595 2039 Γίνεται
1635 1987 1819 2040 τοίνυν
1847 2004 1861 2019 ·
1897 1985 1994 2040 καὶ

419 2073 551 2137 Θεὸς
574 2074 672 2143 μὲν
698 2074 999 2129 οἰκειοῦται
1032 2075 1122 2129 τὸν
1144 2077 1286 2148 ὑπὲρ
1314 2076 1425 2131 τῶν
1456 2078 1763 2146 ἀνθρώπων
1783 2079 1991 2147 ἀγῶνα,

419 2165 710 2236 ἄνθρωπος
763 2166 908 2237 γάρ·
943 2166 1232 2237 ἄνθρωπος
1273 2167 1330 2220 δὲ
1384 2170 1510 2241 νικᾷ
1541 2171 1639 2240 τὴν
1688 2172 1990 2245 ἁμαρτίαν,

425 2257 662 2327 καθαρὸς
696 2257 975 2329 ἁμαρτίας
1023 2258 1261 2329 ἀπάσης,
1295 2259 1427 2323 Θεὸς
1459 2262 1570 2333 γὰρ
1597 2261 1667 2331 ἦν
1690 2281 1705 2294 ο
1739 2267 1834 2319 καὶ
1859 2265 1988 2319 τοῦ·

418 2367 510 2403 τον
544 2350 634 2403 τὸν
675 2351 875 2421 τρόπον
904 2352 939 2420 ὴ
985 2350 1149 2420 φύσις
1178 2350 1288 2404 τῶν
1319 2350 1543 2406 ὀνειδῶν
1580 2354 1990 2411 ἀπαλλάττεται

416 2444 510 2494 καὶ
542 2442 818 2495 ἀναδεῖται
847 2441 1002 2512 νίκης
1037 2448 1309 2514 στεφάνῳ,
1337 2445 1435 2514 τῆς
1470 2442 1752 2515 ἁμαρτίας
1788 2445 1991 2500 πεσού-

417 2547 539 2597 σης.
570 2530 738 2586 Οὔπω
780 2530 838 2586 δὲ
889 2532 986 2586 καὶ
1015 2532 1124 2586 τῶν
1161 2532 1466 2604 ἀνθρώπων
1500 2533 1731 2599 ἕκαστος
1775 2534 1808 2605 ἢ
1849 2535 1990 2589 νενί-

415 2639 552 2694 κηκε
581 2623 787 2676 τούτων
837 2623 1065 2695 ἐνεκαῆ
1117 2623 1442 2697 ἠγώνισται.
1479 2627 1690 2697 Ἤγουν
1737 2628 1848 2682 τῶν
1898 2629 1988 2682 δε-

417 2713 571 2785 σμῶν
602 2714 829 2769 ἐκείνων
880 2715 1071 2786 ἐλύθη,
1116 2716 1399 2772 καὶτοῦτο
1449 2717 1506 2771 δὲ
1541 2718 1709 2780 αὐτὸς
1758 2718 1986 2787 ἐποίησε

414 2806 484 2859 δι’
531 2801 607 2861 ὧν
646 2808 991 2881 προσέθηκεν
1032 2810 1061 2861 6
1114 2809 1327 2881 Σωτὴρ,
1378 2811 1438 2863 ἐν
1486 2805 1566 2874 οἷς
1603 2809 1820 2881 ἑκάστῳ
1878 2811 1987 2863 τῶν

416 2900 725 2971 ἀνθρώπων
771 2902 974 2957 ἔδωκεν
1024 2901 1272 2967 ἐξουσίαν
1320 2905 1640 2956 ἀποκτεῖναι
1669 2903 1771 2971 τὴν
1803 2905 1987 2974 ἁμαρ-

414 2993 537 3047 τίαν
568 2995 664 3046 καὶ
719 2994 1011 3056 κοινωνοὺς
1040 2993 1189 3064 αύτῷ
1220 2992 1478 3061 γενέσθαι
1526 2993 1628 3063 τῆς
1676 2994 1981 3064 ἀριστείας.

426 3083 583 3137 Ἐπεὶ
615 3084 727 3151 γὰρ
774 3083 914 3153 μετά
942 3083 1004 3137 τὸ
1035 3084 1298 3156 τρόπαιον
1330 3085 1504 3137 ἐκεῖνο
1530 3084 1648 3138 δέον
1682 3085 1986 3154 στεφανοῦ-

416 3176 539 3231 σθαι
570 3177 664 3230 καὶ
691 3176 1070 3247 θριαμϐεύειν,
1100 3177 1128 3229 6
1156 3176 1215 3231 δὲ
1239 3176 1464 3248 πληγᾶν
1493 3177 1583 3230 καὶ
1615 3178 1853 3246 σταυροῦ
1890 3176 1984 3231 καὶ

414 3269 644 3323 θανάτου
680 3272 774 3323 καὶ
813 3269 923 3323 τῶν
952 3270 1213 3325 τοιούτων
1251 3273 1332 3333 εἰς
1384 3272 1572 3338 πεῖραν
1604 3265 1759 3340 ἦλθε,
1790 3272 1817 3324 ὃ
1849 3288 1981 3340 φησι

412 3361 643 3427 Παῦλος,
672 3380 691 3414 ι
749 3362 896 3414 Ἀντὶ
925 3362 1026 3430 τῆς
1062 3360 1433 3432 προκειμένης
1463 3359 1616 3430 αὐτῷ
1644 3362 1818 3432 χαρᾶς
1851 3362 1984 3415 ὑπέ-

413 3469 565 3520 μεινε
597 3452 856 3524 σταυρὸν,
907 3451 1174 3521 αἰσχύνης
1221 3454 1664 3522 καταφρονήσας,
1701 3469 1722 3503 ι
1757 3452 1811 3506 τί
1837 3452 1982 3520 γίνε-

409 3560 533 3609 cat;
581 3543 639 3596 '0
674 3543 774 3613 μὲν
829 3542 983 3596 οὐδὲν
1017 3542 1302 3612 ἠδίκησεν,
1338 3535 1417 3598 ὧν
1465 3540 1532 3594 ἂν
1585 3539 1761 3598 ταῦτα
1809 3541 1979 3595 ἔδωκε

407 3633 587 3703 δίκην,
616 3633 736 3688 οὐδὲ
791 3633 1045 3703 ἐποίησεν
1097 3633 1398 3704 ἁμαρτίαν,
1447 3632 1569 3686 οὐδὲ
1603 3628 1754 3703 εῖχεν
1801 3632 1978 3699 οὐδὲν,

407 3725 531 3779 ὅθεν
563 3725 629 3779 ἂν
681 3726 933 3793 ἐγκαλεῖν
974 3721 1122 3797 εῖχεν
1164 3726 1193 3780 6
1245 3724 1592 3794 συκοφάντης
1649 3723 1743 3776 καὶ
1772 3724 1980 3793 σφόδρα

406 3819 803 3888 ἀναισχυντῶν,
862 3817 1049 3890 πληγὴ
1081 3818 1137 3871 δὲ
1188 3817 1282 3870 καὶ
1311 3816 1472 3886 ὀδύνη
1517 3815 1613 3869 καὶ
1662 3813 1893 3877 Θάνατος
1920 3814 1978 3880 ἐξ

409 3912 583 3982 ἀρχῆς
630 3915 771 3966 κατὰ
816 3911 914 3982 τῆς
949 3912 1228 3983 ἁμαρτίας
1281 3908 1574 3977 ἐπενοήθη.
1623 3907 1690 3961 Τί
1742 3906 1853 3976 γὰρ
1885 3905 1979 3959 καὶ

412 4005 707 4075 συνεχώρει
760 4004 1140 4075 φιλάνθρωπα,
1171 4000 1245 4057 ὢν
1274 4003 1301 4055 6
1329 4000 1639 4071 Δεσπότης;
1669 3998 1746 4054 Οὐ
1777 3997 1885 4068 γὰρ
1905 3997 1982 4051 εί-

407 4098 500 4160 κός
540 4100 680 4161 ἐστι,
732 4096 948 4167 φοϐερῷ
973 4097 1068 4149 καὶ
1121 4094 1335 4165 θανάτῳ
1366 4095 1467 4163 τὴν
1500 4091 1819 4161 ἀγαθότητα
1860 4090 1980 4161 χαί-

407 4205 543 4257 ρειν.
579 4187 676 4240 Διά
708 4185 869 4239 τοῦτο
898 4185 1040 4257 μετά
1064 4186 1164 4257 τὴν
1192 4185 1472 4256 ἁμαρτίαν
1500 4182 1663 4243 εὐθὺς
1696 4182 1790 4234 τὸν
1819 4180 1981 4234 θάναος

403 4296 496 4333 τον
541 4279 635 4334 καί
680 4278 782 4350 τὴν
811 4278 1008 4350 ὀδύνην
1044 4278 1426 4349 συνεχώρησεν
1460 4276 1489 4330 6
1537 4274 1691 4342 836;,
1723 4274 1785 4326 οὐ
1819 4273 1978 4343 δίκην

405 4371 757 4441 ἡμαρτηκότι
787 4369 991 4440 μᾶλλον
1016 4371 1241 4439 ἐπάγων
1276 4369 1309 4438 ἢ
1346 4368 1643 4440 φάρμακον
1663 4363 1976 4433 νενοσηκότι

402 4463 685 4533 παρέχων.
747 4464 901 4516 Ἐπεὶ
938 4462 1118 4518 τοίνυν
1162 4464 1275 4527 τοῖς
1307 4461 1413 4514 ὑπὸ
1454 4458 1550 4512 τοῦ
1587 4455 1828 4530 Χριστοῦ
1878 4473 1975 4508 πε-

2095 1970 2218 2027 nire
2274 1977 2643 2048 conjungique
2680 1997 2906 2038 necesse
2939 1984 3063 2051 luit,
3100 1997 3153 2042 et
3188 2005 3354 2045 unum
3388 1996 3672 2050 eumdem-

2095 2078 2200 2133 que
2227 2074 2483 2141 na_turam
2511 2085 2694 2125 veram
2722 2087 2933 2141 gerere,
2963 2085 3075 2132 tum
3106 2080 3228 2150 ejus
3256 2084 3348 2153 qui
3382 2088 3668 2141 certamini

2095 2166 2241 2208 esset
2276 2155 2528 2225 idoneus,
2563 2168 2675 2215 tum
2706 2161 2829 2230 ejus
2862 2166 2952 2233 qui
2984 2166 3202 2224 vincere
3231 2185 3437 2241 posset.
3485 2175 3591 2240 Fit,
3616 2188 3671 2232 et

2096 2243 2242 2301 Deus
2296 2248 2518 2318 quidem
2581 2268 2809 2322 agonem
2870 2273 2969 2328 pro
3030 2260 3349 2319 hominibus
3398 2271 3668 2335 assumit,

2095 2345 2257 2393 natus
2311 2340 2515 2408 homo;
2572 2354 2625 2400 et
2677 2348 2839 2403 homo
2872 2351 3109 2407 debellat
3155 2369 3459 2424 peccaturo,
3494 2376 3669 2430 purus

2093 2429 2280 2484 omnis
2333 2434 2568 2500 peccati,
2599 2436 2724 2505 quia
2784 2437 2931 2496 Deus
2985 2451 3124 2499 erat.
3179 2443 3248 2501 Et
3305 2447 3409 2503 hoc
3445 2429 3667 2514 quidem

2092 2530 2253 2589 pacto
2306 2524 2664 2592 approbrium
2725 2539 2928 2593 cessat,
2990 2540 3046 2587 et
3101 2545 3325 2603 peccato
3364 2549 3666 2606 prostrato,

2092 2611 2333 2666 victoriae
2392 2628 2598 2670 corona
2661 2619 2971 2676 redimitur.
3038 2627 3139 2678 Ast
3198 2628 3436 2682 nondum
3499 2631 3664 2685 etiam

2091 2698 2255 2753 homo
2306 2703 2538 2769 quilibet
2589 2716 2683 2760 aut
2738 2721 3022 2778 propterea
3071 2714 3218 2779 vicit,
3256 2727 3352 2770 aut
3410 2721 3662 2786 certarit,

2091 2799 2188 2844 aut
2219 2791 2454 2847 vinculis
2483 2794 2591 2851 illis
2619 2797 2832 2853 solutus
2857 2809 2964 2854 est.
3006 2800 3072 2856 Et
3107 2803 3208 2858 hoc
3234 2819 3369 2860 sane
3410 2804 3667 2862 Salvator

2091 2881 2208 2951 ipse
2240 2882 2370 2938 fecit
2401 2900 2494 2953 per
2517 2900 2578 2939 ea
2623 2903 2745 2956 qua:
2775 2891 3095 2960 assumpsit,
3135 2893 3187 2947 in
3220 2895 3418 2964 quibus
3450 2899 3668 2953 unicui-

2092 2987 2199 3045 que
2231 2974 2513 3030 hominum
2545 2988 2868 3047 potestatem
2900 2983 3048 3039 dedit
3075 2985 3438 3043 interﬁciendi
3468 3006 3666 3058 pecca-

2089 3072 2228 3131 tum,
2265 3077 2319 3123 et
2365 3069 2681 3125 societatem
2720 3070 3084 3153 fortitudinis.
3110 3076 3232 3146 ejus
3266 3082 3659 3148 consequendi.

2088 3154 2359 3222 Quoniam
2411 3161 2556 3215 enim
2609 3176 2732 3232 post
2777 3167 3063 3221 victoriam
3101 3169 3247 3222 illam
3301 3174 3554 3226 coronari
3606 3185 3665 3228 et

2088 3250 2427 3318 triumphare
2475 3256 2782 3322 Oportebat,
2817 3257 2933 3327 ipse
2970 3267 3151 3313 autem
3185 3261 3394 3329 plagas,
3416 3277 3659 3331 crucem,

2085 3349 2345 3408 mortem,
2382 3350 2437 3396 et
2485 3342 2870 3412 hujuscemodi
2904 3348 3045 3401 mala
3076 3359 3333 3418 expertus
3369 3360 3475 3415 est,
3512 3365 3565 3406 et
3604 3365 3663 3406 ιιι

2082 3430 2290 3490 Paulus
2345 3435 2422 3489 ait
2471 3456 2485 3489 :
2549 3454 2569 3488 ι
2625 3435 2912 3506 Proposito
2963 3439 3066 3496 sibi
3125 3442 3343 3511 gaudio,
3398 3444 3665 3499 sustinuit

2082 3537 2329 3589 crucem,
2377 3525 2704 3581 confusione
2737 3539 3047 3597 contempta
3073 3529 3159 3596 ἰτς
3202 3548 3220 3581 ι
3254 3533 3385 3600 quid
3423 3534 3525 3586 lit?
3558 3535 3656 3591 Ille

2083 3617 2262 3671 scelus
2329 3618 2538 3670 nullum
2599 3619 2889 3682 conscivit,
2951 3621 3021 3672 ob
3091 3623 3237 3691 quod
3298 3637 3490 3691 pinnas
3549 3634 3660 3679 tam

2081 3705 2232 3761 diras
2287 3710 2615 3774 exsolveret,
2676 3711 2828 3764 nullo
2855 3726 2914 3767 se
2963 3711 3163 3767 delicto
3210 3715 3527 3779 obstrinxit.
3563 3733 3663 3773 nec

2081 3799 2316 3868 patravit
2355 3799 2658 3869 quidpiam,
2720 3802 2864 3879 unde
2925 3803 3079 3858 illum
3129 3805 3212 3859 vel
3281 3806 3425 3861 inter
3498 3823 3662 3879 syco-

2081 3890 2319 3959 phantas
2389 3878 2909 3961 itnpudeltlissiubs
3001 3908 3263 3951 accusare
3365 3878 3657 3967 potuisset.

2078 3980 2256 4052 Plagae
2287 3992 2467 4036 autem
2503 3991 2558 4037 ut
2596 3985 2751 4039 dolor
2802 3994 2858 4039 et
2902 4001 3052 4041 mors
3091 3987 3160 4042 ab
3190 3989 3345 4042 initio
3394 3991 3660 4047 adversus

2080 4083 2362 4145 peccaturo
2401 4076 2703 4146 excogitata
2732 4088 2877 4132 sunt.
2939 4079 3076 4144 Quid
3135 4083 3659 4151 euinnconcederet

2081 4169 2182 4233 illi,
2237 4183 2547 4239 quanquam
2609 4172 2878 4241 benignus
2937 4174 3238 4229 Dominus?
3303 4174 3454 4229 lluud
3511 4178 3659 4232 enim

2080 4276 2297 4330 aequum
2353 4270 2455 4326 est,
2488 4261 2795 4331 perditione
2835 4273 2887 4317 et
2925 4278 3099 4318 morte
3130 4267 3299 4319 litlal'i
3335 4268 3654 4322 bonitatem.

2079 4352 2351 4419 Quocirca
2430 4363 2556 4425 post
2615 4365 2897 4425 peceatum
2976 4357 3241 4412 continuo
3297 4370 3530 4413 mortem
3605 4370 3660 4415 ct

2081 4446 2297 4501 dolores
2329 4446 2554 4503 immisit
2582 4445 2747 4511 Deus,
2781 4462 2888 4504 non
2918 4449 3091 4519 magis
3124 4459 3183 4504 nt
3211 4465 3362 4506 reum
3391 4452 3659 4520 supplicio

406 4546 747 4625 πραγρένοις
769 4555 870 4610 οὐκ
894 4550 963 4628 ἦν
985 4555 1298 4626 ἐφαρμόσαι
1328 4551 1535 4622 ταύτην
1558 4551 1657 4621 τὴν
1679 4550 1861 4619 δίκην,
1886 4549 1977 4602 καὶ

2089 4539 2367 4605 multaret,
2404 4554 2566 4609 quam
2611 4549 2668 4593 ut
2698 4551 2903 4609 aegroto
2940 4542 3269 4596 medicinam
3312 4544 3655 4599 admoveret.

402 4649 716 4719 ἀρρωστίας
751 4650 897 4719 ῖχνος
949 4643 1098 4719 εἶχεν
1123 4646 1278 4699 οὐδὲν
1327 4647 1356 4698 ὁ
1402 4644 1618 4714 Σωτὴρ,
1649 4640 1716 4712 ἢν
1764 4641 1979 4692 ἀνεῖλεν

402 4741 542 4809 ὅπερ
574 4739 735 4793 ἔλαϐε
768 4742 1085 4811 φάρμακον,
1109 4739 1188 4802 εἰς
1216 4738 1366 4809 ἡμᾶς
1396 4737 1430 4808 ἠ
1460 4735 1555 4790 τοῦ
1591 4733 1854 4803 ποτηρίου
1884 4731 1978 4783 δύ-

405 4849 567 4901 ναμις
592 4832 802 4886 ἐκείνου
833 4831 1105 4887 διαϐαίνει
1141 4832 1237 4885 καὶ
1277 4823 1593 4885 ἀποκτείνει
1623 4829 1724 4900 τὴν
1760 4832 1817 4883 ἐν
1844 4826 1979 4899 ἡμῖν

406 4924 701 4994 ἁμαρτίαν,
739 4927 832 4978 καὶ
854 4926 889 4996 ἡ
922 4924 1015 4978 τοῦ
1052 4922 1347 4978 ἀνευθύνου
1383 4922 1568 4993 πληγὴ
1610 4923 1820 4990 γίνεται
1851 4920 1978 4988 δίκη

403 5021 516 5080 τοῖς
548 5016 760 5070 πολλῶν
786 5017 1069 5087 ὑπόχρεως
1101 5012 1245 5070 οὖσι.
1272 5017 1379 5068 Καὶ
1398 5015 1522 5067 ἐπεὶ
1559 5013 1773 5082 μεγέλη
1797 5027 1881 5073 τις
1911 5006 1979 5079 ἦν

403 5108 438 5175 ἡ
461 5105 583 5175 δίκη
625 5110 717 5159 καὶ
741 5106 1031 5176 θαυμαστὴ
1061 5108 1157 5160 καὶ
1192 5108 1397 5176 μείζων
1431 5106 1462 5174 ἢ
1490 5107 1597 5157 τῶν
1620 5101 1978 5173 ἀνθρωπείων

404 5196 590 5250 κακῶν
617 5199 947 5269 ἀντίρῤοπος
976 5196 1139 5260 εἶναι,
1163 5199 1225 5251 οὐ
1254 5197 1421 5269 μέχρι.
1446 5197 1639 5250 τούτου
1668 5195 1830 5264 μόνον
1847 5193 1977 5265 ἔστη

403 5288 613 5342 λύσασα
658 5291 720 5343 τὸ
763 5289 1056 5361 ἔγκλημα,
1097 5290 1235 5344 ἀλλά
1292 5288 1567 5357 τοσαύτην
1617 5289 1979 5359 ’προσέθηκεν

401 5379 708 5452 ὑπερϐολὴν
734 5381 980 5450 ἀγαθῶν,
1008 5380 1149 5434 ὥστε
1179 5383 1272 5434 καὶ
1303 5382 1383 5443 εἰς
1412 5382 1503 5434 τὸν
1549 5378 1777 5448 οὐρανὸν
1813 5379 1978 5429 αὑτὸν

402 5473 666 5543 ἀναϐῆναι
702 5475 794 5525 καὶ
820 5473 918 5544 τῆς
948 5473 1184 5527 ἐνταῦθα
1218 5474 1497 5544 βασιλείας
1525 5472 1600 5541 τῷ
1633 5470 1750 5540 Θεῴ
1781 5486 1974 5522 κοινω-

403 5564 568 5633 νῆσαι
622 5566 746 5629 τοὺς
803 5565 909 5619 ἀπὸ
969 5566 1095 5634 γῆς,
1142 5567 1270 5628 τοὺς
1305 5564 1610 5635 ἐχθίστους,
1653 5563 1778 5624 τοὺς
1832 5560 1976 5612 δεδε-

406 5657 622 5726 μένους,
653 5658 779 5721 τοὺς
809 5658 1373 5729 ἡνδραποδισμένους,
1409 5657 1534 5720 τοὺς
1565 5654 1967 5726 ὴτιμωμὲνους.

473 5840 733 5919 “Matth.
770 5855 795 5891 κ
865 5839 958 5894 24.
1030 5840 1073 5869 ’⁵⁷
1113 5837 1287 5890 Hebr.
1313 5853 1404 5902 xu,
1444 5836 1498 5889 9..

2080 4632 2220 4698 Quia
2251 4632 2418 4703 igitur
2446 4633 2757 4687 actionibus
2811 4631 3018 4689 Christi
3051 4633 3435 4703 hujuscemodi
3474 4636 3656 4689 animo

2079 4724 2332 4779 adversio
2371 4739 2479 4778 non
2515 4724 2896 4789 conveniebat,
2929 4740 3029 4778 nec
3060 4724 3228 4778 ullum
3281 4726 3454 4780 morbi
3488 4728 3656 4782 vesti-

2078 4817 2228 4887 gium
2263 4815 2514 4872 Salvator
2550 4816 2807 4883 habebat,
2857 4816 3000 4887 quod
3035 4824 3259 4886 accepto
3295 4817 3655 4873 medicamine

2079 4914 2383 4972 tolleretur.
2413 4912 2481 4967 ad
2528 4928 2628 4967 nos
2653 4912 2812 4986 illius
2841 4912 3077 4981 potionis
3107 4916 3399 4970 ellicacitas
3434 4915 3654 4981 transit,

2078 5012 2132 5059 et
2166 5017 2452 5074 precatum
2511 5005 2565 5060 in
2614 5005 2773 5061 nobis
2808 5006 3022 5061 haarens
3055 5016 3271 5073 enecat,
3317 5008 3654 5077 verberaque

2079 5098 2389 5153 iunoi‘entis
2452 5100 2592 5154 ﬁunt
2642 5099 2975 5170 supplicium
3028 5114 3123 5169 pro
3177 5100 3261 5154 bis
3316 5100 3409 5168 qui
3466 5100 3653 5154 multis

2079 5190 2403 5247 Criminibus
2436 5204 2565 5249 sunt
2595 5196 2846 5249 involuti.
2884 5194 2945 5249 Et
2971 5195 3234 5263 quoniam
3265 5208 3425 5264 pinna
3461 5194 3650 5261 ingens

2078 5293 2275 5338 eratet
2305 5282 2630 5354 singularis,
2667 5285 2974 5356 majorque,
3024 5301 3187 5357 quam
3229 5293 3286 5339 ut
3314 5300 3433 5338 eam
3474 5283 3650 5336 homi-

2078 5392 2209 5431 num
2242 5388 2451 5434 scelera
2478 5377 2855 5447 ιιιιίιειιιιιιιοιιι,
2889 5396 2995 5434 non
3029 5380 3117 5434 hic
3138 5379 3408 5441 constitit,
3438 5386 3494 5429 ut
3522 5391 3651 5429 con-

2081 5480 2250 5524 tracta
2295 5472 2525 5526 erimina
2559 5472 2826 5539 expiaret,
2863 5472 2957 5529 sed
3004 5482 3211 5525 tantum
3248 5469 3512 5522 bonorum
3546 5482 3646 5519 eu-

2082 5563 2290 5614 mulum
2315 5563 2535 5631 adjecit,
2564 5574 2621 5617 ut
2646 5573 2700 5617 et
2742 5564 2796 5618 in
2829 5565 3028 5618 emtum
3058 5560 3433 5621 ascenderem,
3461 5569 3514 5611 et
3540 5558 3649 5610 illic

2082 5650 2190 5707 Deo
2225 5663 2512 5709 consortes
2552 5653 2700 5723 regni
2744 5654 2953 5718 tierent,
2995 5649 3216 5714 terreni,
3258 5645 3648 5713 inimicissimi,
