4030 6450
356 440 470 504 515

1627 439 1937 501 NICOLAI
1973 442 2366 502 CABASIIJE

3518 443 3643 507 διδ

325 549 551 617 -vincti,
581 549 843 604 servitute
876 550 1126 619 oppressi
1168 559 1332 619 atque
1388 552 1650 620 despecti.
1683 551 1931 607 Pretiosa

2041 556 2234 624 Τίμιος
2270 557 2377 625 γὰρ
2415 548 2485 626 ἦν
2514 554 2542 607 ὀ
2574 553 2802 616 θάνατος
2831 553 3039 614 ἐκεῖνος
3068 550 3334 620 οὐμενοῦν
3365 552 3474 605 οὐδ’
3498 555 3625 609 ὅσον

358 643 506 697 enim
538 650 657 696 erat
688 658 833 697 mors
865 642 976 708 illa,
1002 650 1272 712 quantum
1320 659 1473 698 mens
1501 645 1740 698 humana
1783 662 1932 699 com-

358 732 701 804 prehendere
748 733 963 801 nequit,
1002 734 1106 788 ctsi
1163 733 1231 789 ab
1267 734 1557 788 homicidis
1609 734 1719 789 illis
1771 751 1936 803 parvo

366 823 623 879 venditus
648 833 731 878 est
753 822 929 878 libens
957 824 1225 880 Salvator.
1253 826 1318 880 Et
1349 826 1466 881 [nec
1494 842 1599 880 una
1633 842 1760 896 pars
1791 827 1936 882 illius

357 930 588 975 summa:
626 916 967 985 paupertatis
999 926 1053 972 et
1078 918 1415 986 ignominia),
1446 928 1502 971 ut
1535 918 1678 987 quod
1711 918 1937 972 onmiuo

362 1003 615 1059 venditus
662 1012 830 1070 esset,
862 1007 918 1058 in
956 1020 1023 1060 eo
1062 1007 1262 1061 servile
1316 1006 1576 1077 quiddam
1632 1008 1934 1070 sustinens,

356 1096 720 1151 contumelias
766 1080 1109 1164 lucraretur;
1150 1099 1386 1153 dedecus
1419 1100 1564 1154 enim
1620 1115 1718 1168 pro
1777 1100 1934 1155 nobis

357 1196 412 1243 et
440 1189 794 1257 cpprobriunt
847 1189 901 1242 in
935 1190 1103 1244 lucris
1156 1194 1513 1257 numerabat;
1551 1193 1708 1260 pretii
1751 1202 1932 1246 autem

355 1281 654 1350 exiguitate
690 1280 1090 1344 insinuaretur,
1117 1298 1237 1337 eum
1277 1283 1342 1336 ad
1382 1292 1611 1338 mortem
1646 1301 1742 1352 pro
1774 1301 1934 1338 mun-

355 1373 427 1425 do
459 1372 867 1441 perpetiendum
897 1374 1070 1440 gratis
1113 1373 1347 1439 venisse,
1379 1385 1440 1428 et
1474 1375 1577 1429 hoc
1613 1376 1688 1429 illi
1733 1392 1935 1431 munus

356 1463 509 1517 dare.
562 1464 767 1532 Sponte
800 1472 853 1517 et
885 1465 1029 1518 ttltro
1087 1474 1170 1519 est
1224 1474 1501 1528 nmrtuus,
1543 1482 1664 1519 cum
1730 1467 1934 1521 nemini

357 1571 460 1610 nec
509 1556 855 1621 facultatum,
894 1574 991 1610 nec
1045 1556 1168 1610 vita:
1200 1558 1379 1611 civilis
1430 1570 1593 1627 atque
1627 1559 1934 1612 communis

358 1645 533 1714 gratia
589 1645 752 1697 ullam
819 1645 1174 1712 imposuisset
1232 1645 1509 1712 iniuriam,
1559 1656 1612 1700 ct
1657 1646 1932 1702 beneﬁciis

360 1732 482 1786 illos
518 1733 903 1787 interfectores
935 1748 1065 1785 suos
1090 1734 1236 1785 omni
1266 1749 1361 1804 spe
1389 1750 1454 1789 ac
1480 1736 1749 1790 desiderio
1776 1737 1936 1806 longe

357 1825 660 1894 majoribus
696 1826 1101 1881 antevenisset.

428 1954 533 2009 Sed
574 1955 707 2024 quid
750 1970 852 2026 ego
894 1957 999 2011 ista
1035 1956 1445 2011 commemoro?
1493 1956 1638 2012 Deus
1683 1966 1934 2013 mortuus

358 2055 448 2103 est
477 2035 625 2101 {Dei
681 2046 909 2117 sanguis
955 2048 1011 2102 in
1051 2063 1216 2104 cruce
1262 2048 1471 2105 eti‘nsus
1507 2060 1610 2107 est.
1650 2049 1791 2116 Quid
1844 2051 1945 2106 hac

357 2147 536 2194 morte
570 2139 911 2208 pretiosius?
968 2141 1102 2211 quid
1160 2141 1531 2196 venerandum
1586 2141 1764 2213 magis
1827 2142 1943 2197 ﬁeri

357 2230 563 2301 queat?
591 2232 748 2297 Quod
803 2239 1013 2287 tantum
1054 2231 1234 2288 scelus
1287 2233 1572 2288 hominum
1630 2233 1753 2299 fuit,
1782 2243 1842 2289 ut
1888 2234 1942 2289 id

355 2324 548 2378 eluere
586 2323 813 2379 deberet
863 2324 984 2394 ipsa
1035 2325 1295 2395 justitia?
1327 2326 1761 2396 Qualevulnus,
1794 2327 1942 2397 quod

357 2424 471 2468 tam
527 2415 712 2469 nobile
766 2415 1032 2470 auxilium
1098 2416 1392 2486 posceret?
1445 2412 1743 2486 Oportebat
1796 2419 1941 2472 enim

359 2506 638 2576 supplicio
668 2506 860 2577 aliquo
908 2519 1193 2577 peccatum
1224 2508 1454 2571 aboleri,
1484 2509 1942 2565 commissorum-

355 2612 464 2665 que
523 2598 794 2654 adversus
846 2614 970 2653 eum
1017 2598 1167 2668 justa
1199 2610 1359 2669 paena
1403 2614 1666 2668 expensa,
1706 2614 1937 2655 accusa-

356 2693 505 2743 tione
537 2689 783 2744 liberari.
818 2689 956 2745 Nam
1004 2695 1099 2760 qui
1133 2706 1326 2760 poenas
1356 2692 1620 2761 suscepit,
1666 2706 1832 2761 super
1866 2692 1934 2746 iis

359 2792 581 2851 propter
630 2796 754 2851 quae
804 2782 1044 2852 suscepit
1097 2784 1149 2836 in
1202 2783 1472 2852 judicium
1531 2783 1768 2853 amplius
1827 2798 1937 2836 non

358 2883 609 2932 vocatur.
672 2874 968 2930 Hominum
1023 2891 1155 2931 vero
1191 2877 1570 2946 reperiebatur
1612 2890 1793 2943 nemo,
1843 2875 1937 2946 qui

359 2971 474 3037 ipse
528 2971 740 3040 integer
768 2984 824 3023 et
881 2986 909 3024 a
945 2970 1067 3024 labe
1126 2986 1296 3040 purus
1340 2979 1656 3039 pateretur;
1715 2970 1935 3040 quando

360 3074 462 3113 nec
515 3060 617 3113 sibi
667 3060 891 3129 quidem
936 3061 1084 3116 ullus
1140 3060 1460 3125 Sttﬂicicbat,
1528 3076 1708 3130 neque
1769 3076 1943 3129 genus

362 3151 666 3203 humanum
726 3151 1068 3213 universum,
1121 3155 1165 3206 si
1224 3153 1422 3207 millies
1476 3155 1616 3208 mori
1670 3154 1941 3219 licuisset,

356 3236 748 3297 commeritum
785 3245 1114 3314 supplicium
1144 3245 1275 3299 dare
1302 3244 1589 3314 potuisset.
1616 3245 1754 3309 Quid
1792 3245 1937 3297 enim

362 3350 463 3404 pro
516 3335 783 3406 dignitate
840 3339 1086 3407 patiatur
1130 3352 1323 3392 servus
1378 3338 1811 3408 impurissimus,
1844 3337 1936 3406 qui

356 3423 566 3493 regiam
618 3424 909 3494 imaginem
961 3427 1248 3493 contrivit,
1287 3438 1341 3482 et
1377 3429 1429 3482 in
1478 3437 1681 3482 tantam
1720 3427 1941 3482 celsitu-

359 3515 545 3569 dinem
577 3518 1015 3574 contumeliosus
1050 3518 1189 3574 fuit?
1241 3519 1446 3575 ldcirco
1497 3519 1764 3573 Dominus
1799 3518 1936 3588 ipse,

359 3610 428 3663 ab
458 3609 607 3663 omni
641 3616 870 3679 peccato
902 3611 1139 3676 alienus,
1169 3612 1342 3665 multa
1376 3611 1608 3665 nefanda
1643 3594 1939 3681 perpessus

357 3703 630 3769 moritur;
665 3712 720 3758 et
760 3704 927 3757 homo
959 3703 1246 3758 hominum
1284 3718 1508 3759 causam
1544 3702 1939 3773 patrocinium-

365 3809 468 3864 que
511 3794 842 3864 suscipiens,
872 3795 1150 3851 cruciatus
1182 3797 1387 3864 excipit
1412 3836 1425 3859 ,
1458 3802 1513 3848 et
1562 3810 1734 3866 genus
1775 3809 1937 3849 suum

358 3886 591 3953 piaculis
667 3886 962 3951 absolvit;
1043 3886 1374 3956 compeditis
1453 3887 1757 3941 libertatem
1839 3886 1939 3941 do-

360 3987 486 4043 nat,
527 3993 633 4047 qua
667 3979 804 4050 ipse,
832 3990 892 4033 ut
920 3979 1062 4033 Deus
1093 3988 1147 4034 et
1177 3979 1467 4044 Dominus,
1500 3992 1610 4034 non
1645 3981 1861 4048 egebat.

434 4071 679 4135 Quorum
728 4073 903 4138 gratia
947 4072 1118 4141 igitur
1162 4087 1288 4125 vera
1335 4073 1442 4126 vita
1465 4088 1561 4143 per
1605 4089 1792 4129 necem
1819 4072 1941 4128 Sal-

360 4163 574 4217 vntoris
605 4152 671 4215 ad
709 4176 811 4216 nos
853 4162 1171 4228 dimanarit,
1228 4165 1340 4218 haec
1374 4175 1521 4221 sunt.
1582 4166 1795 4231 Modus,
1828 4183 1938 4236 quo

364 4254 510 4307 hanc
550 4250 717 4305 vitam
772 4252 824 4304 in
863 4252 1074 4305 animas
1123 4264 1339 4309 nostras
1370 4255 1706 4324 derivemus,
1740 4269 1843 4323 est,
1882 4268 1941 4312 ut

366 4342 640 4414 mysteriis
672 4343 984 4396 initientur:
1021 4360 1215 4413 nempe
1248 4356 1305 4399 ιιι
1340 4348 1648 4410 abluantur,
1692 4360 1751 4403 ut
1784 4352 1941 4403 inuu-

367 4450 584 4505 gatnur,
649 4442 708 4487 ut
759 4445 1112 4489 sacrosancto
1159 4438 1413 4491 convivio
1466 4454 1564 4493 nos
1598 4440 1935 4505 cxplcamus.

367 4529 491 4584 Haec
527 4530 616 4594 qui
675 4527 899 4590 fat-inut,
964 4528 1028 4581 ad
1085 4545 1180 4583 eos
1216 4531 1472 4585 Christus
1518 4534 1687 4593 venit,
1739 4532 1789 4584 in
1826 4532 1940 4586 illis

2042 648 2357 719 ἀνθρώποις
2402 646 2725 716 λογίσασθαι
2756 646 3005 710 δυνατὸν,
3051 645 3144 698 καὶ
3181 646 3228 697 εί
3266 646 3450 713 ὀλίγοῠ
3479 647 3627 710 τινὸς

2044 740 2259 810 ἐπράθη
2289 742 2400 799 τοῖς
2434 742 2742 808 φωνευταῖς
2774 739 3191 808 συγχωροῦντος
3212 736 3307 791 τοῦ
3334 737 3587 807 Σωτῆρος
3606 752 3621 768 ο

2046 832 2137 885 ἵνα
2188 831 2285 884 xui.
2326 830 2486 884 τοῦτο
2527 831 2802 901 πτωχείας
2849 830 2999 900 αὐτῷ
3043 830 3195 903 γέμῃ
3245 829 3337 883 καὶ
3374 829 3624 896 ἀτιμίας,

2043 925 2193 977 ὼσὰν
2225 922 2299 994 τῷ
2341 925 2440 991 μὲν
2490 925 2625 986 ὅλως
2661 923 2937 994 πραθῆναι
2986 923 3055 977 τὰ
3084 922 3292 976 δούλων
3320 922 3626 990 ὑπομείνας

2045 1018 2104 1070 τὸ
2138 1017 2465 1085 ὑϐρισθῆναι
2501 1016 2760 1087 κερδάνῃ.
2788 1016 2991 1087 Κέρδος
3019 1016 3128 1085 γὰρ
3153 1015 3337 1084 ἡγεῖτο
3364 1014 3459 1080 τὴν
3485 1012 3625 1083 ὑπὲρ

2047 1110 2204 1178 ἡμῶν
2234 1109 2459 1179 ἀτιμίαν
2487 1124 2501 1139 ’
2534 1109 2610 1178 τῷ
2634 1108 2689 1161 δὲ
2721 1108 2902 1174 ὀλίγου
2931 1109 3078 1169 τινὸς
3114 1106 3388 1174 αἰνίξηται
3420 1107 3624 1172 προῖκα

2044 1202 2137 1254 καὶ
2168 1200 2341 1269 δῶρον
2366 1204 2442 1262 είς
2467 1200 2559 1253 τὸν
2595 1201 2735 1270 ὑπὲρ
2770 1200 2863 1252 τοῦ
2890 1200 3101 1268 κόσμου
3130 1197 3362 1251 θάνατον
3388 1196 3626 1266 ἀφιγμέ-

2045 1311 2155 1355 νος.
2206 1293 2379 1345 Ἐκὼν
2417 1296 2682 1361 ἀπέθανε,
2716 1293 2917 1364 μηδένα
2956 1291 3123 1361 μηδὲν
3157 1291 3448 1360 ἀδικήσας,
3497 1287 3622 1342 οὔτε

2042 1385 2138 1438 τοῦ
2172 1387 2288 1457 βίου
2325 1388 2491 1440 ἕνεκα
2513 1385 2636 1438 οὔτε
2669 1386 2770 1455 τῆς
2805 1388 2882 1446 εἰς
2914 1383 2975 1437 τὸ
3004 1385 3182 1437 κοινὸν
3204 1383 3503 1444 πολιτείας,
3538 1399 3625 1451 χα-

2048 1483 2211 1547 ρίτων
2240 1478 2492 1549 ὑπάρξας
2524 1481 2638 1540 τοῖς
2680 1479 2965 1547 φονευταίς
3001 1474 3112 1529 τῶν
3165 1474 3473 1544 ἐπιθυμιῶν
3529 1473 3623 1525 καὶ

2044 1570 2153 1624 τῶν
2182 1571 2416 1624 ἐλπίδων
2454 1570 2634 1639 πολλῴ
2664 1569 2948 1640 μειζόνων.

1966 1923 2010 1978 Β
2113 1927 2220 1981 Καὶ
2237 1925 2290 1979 τί
2327 1925 2390 1996 δὴ
2413 1924 2582 1980 ταῦτα
2606 1926 2749 1994 λέγω
2775 1924 2943 1987 ςθεδς
2973 1922 3242 1977 ἀπέθανεν
3271 1937 3284 1951 ⁸
3318 1915 3456 1988 αἷμα
3485 1917 3620 1970 Θεεῦ

2046 2021 2106 2072 τὸ
2139 2020 2294 2089 χεθέν
2326 2021 2418 2071 ἐπὶ
2458 2018 2553 2072 τοῦ
2582 2017 2839 2089 σταυροῦ.
2870 2016 2934 2069 Τί
2962 2015 3286 2085 τιμιώτερον
3312 2014 3500 2066 τούτου
3527 2012 3621 2079 γέ-

2047 2110 2178 2163 νοιτ’
2208 2111 2273 2163 ἂν
2305 2109 2400 2163 τοῦ
2442 2110 2715 2175 θανάτου;
2752 2110 2804 2160 τί
2836 2106 3269 2178 φρικωδέστερον
3293 2122 3307 2170 ;
3335 2102 3400 2155 Τί
3438 2100 3625 2155 τοσοῦ.

2045 2218 2139 2253 τον
2189 2200 2439 2284 ἥμαρτεν
2488 2203 2521 2269 ἡ
2568 2198 2675 2253 τῶν
2720 2199 3024 2269 ἀνθρώπιον
3072 2196 3259 2267 φύσις,
3311 2196 3436 2249 ὅσον
3475 2192 3622 2247 λύειν

2046 2293 2194 2364 ε’χεν
2226 2296 2260 2367 ἡ
2291 2294 2456 2365 δίκης
2490 2295 2727 2362 Πηλίκον
2772 2293 2839 2347 ἂν
2872 2287 2940 2364 ἦν
2966 2293 3026 2344 τὸ
3071 2291 3318 2362 τραῦμα,
3364 2287 3503 2341 ὥστε
3530 2288 3624 2340 ἀν-

2046 2387 2308 2458 τίρροπον
2332 2386 2675 2457 γενέσθαιτῇ
2704 2383 2798 2439 τοῦ
2829 2387 3123 2454 φαρμάκου
3153 2382 3343 2435 τούτου
3366 2380 3616 2449 δυνάμεις

2049 2479 2196 2531 Ἔδει
2222 2479 2322 2549 μὲν
2353 2479 2462 2550 γὰρ
2485 2479 2727 2550 τιμωρίᾳ
2752 2480 2860 2532 τινὶ
2892 2478 3285 2548 τὴνιάμαρτίαν
3312 2472 3623 2544 καταλυθῆ-

2046 2590 2156 2635 ναι,
2187 2571 2283 2623 xui.
2313 2565 2386 2625 ὧν
2411 2571 2550 2643 πρὸς
2578 2572 2714 2624 Θεὸν
2742 2571 3153 2642 ἐξημάρτομεν,
3193 2569 3293 2640 τὴν
3320 2568 3478 2633 ἀξίας
3501 2567 3619 2622 66v-

2046 2680 2143 2727 τας
2196 2663 2352 2734 δίκην
2401 2662 2751 2735 ἀπηλλάχθαι
2804 2663 2915 2715 τῶν
2972 2662 3359 2732 ἐγκλημάτων.
3399 2661 3456 2714 ’0
3511 2659 3621 2730 γὰρ

2045 2755 2506 2826 τιμωρησάμενος
2550 2752 2632 2820 οἷς
2662 2754 2935 2826 ἐπήνεγκε
2966 2755 3145 2825 δίκην,
3194 2754 3455 2825 ἐγκαλοίη
3492 2753 3622 2824 περὶ

2048 2846 2158 2899 τῶν
2194 2848 2371 2900 αὐτῶν
2413 2848 2518 2901 οὐκ
2549 2847 2615 2901 ἂν
2659 2846 2741 2901 ἔτι
2767 2863 2781 2892 ν
2818 2847 3124 2918 ἀνθρώπων
3147 2846 3205 2899 δὲ
3233 2846 3408 2908 οὐδεὶς
3437 2840 3529 2914 ἦν,
3560 2843 3620 2909 δς

2047 2937 2278 3007 εὐθύνης
2310 2937 2550 3009 καθαρὸς
2583 2936 2659 2992 ὢν
2693 2938 2854 3001 αὐτὸς
2882 2938 3021 3009 ὑπὲρ
3051 2937 3158 2990 τῶν
3192 2936 3370 2991 ἄλλων
3417 2935 3620 2991 ἔπαθεν

2048 3027 2133 3091 ἂν,
2180 3030 2314 3081 ὅπου
2348 3046 2411 3097 γε
2442 3031 2563 3084 οὐδὲ
2594 3030 2771 3101 ἐαυτῷ
2819 3048 2902 3095 τις
2928 3031 3183 3101 ἡρκεσεν,
3226 3029 3430 3082 οὐδὲτὸ
3464 3026 3620 3097 γένος

2048 3124 2215 3185 ἅπαν,
2249 3123 2299 3174 εί
2345 3124 2606 3194 μυριάκις
2641 3125 2770 3195 ἐξῆν
2815 3124 3130 3189 ἀποθανεῖν,
3175 3125 3274 3193 τὴν
3321 3123 3622 3192 γενομένην

2047 3213 2273 3267 ἀπέτισε
2317 3215 2495 3284 δίκην.
2529 3218 2594 3268 Τί
2624 3219 2730 3287 γάρ
2774 3216 2839 3270 ἂν
2888 3216 3036 3282 ἄξιον
3072 3217 3165 3269 καὶ
3218 3215 3383 3268 πάθοι
3435 3214 3622 3278 δοῦλος

2044 3307 2348 3375 αἴσχιστος,
2396 3309 2495 3378 τὴν
2522 3310 2724 3365 εἰκόνα
2762 3309 3060 3380 συντρίψας
3091 3309 3188 3380 τὴν
3216 3308 3503 3380 βασιλικὴν
3526 3310 3619 3361 καὶ

2042 3398 2179 3466 πρὸς
2205 3398 2462 3454 τοσοῦτον
2491 3399 2626 3470 ὕψος
2651 3402 2878 3473 ὑϐρίσας
2903 3418 2919 3468 ;
2945 3402 3042 3454 Διά
3081 3400 3255 3455 ταῦτα
3275 3403 3303 3454 ό
3340 3400 3617 3470 Δεσπότης

2038 3495 2066 3547 ὁ
2083 3494 2491 3566 ἀναμάρτητος,
2513 3496 2724 3553 πολλῶν
2748 3498 2935 3552 δεινῶν
2955 3499 3348 3571 ἀνασχόμενος,
3379 3499 3619 3571 ἀποθνήο

2043 3601 2163 3637 σκει
2195 3587 2290 3640 καὶ
2315 3586 2478 3656 φέρει
2506 3587 2604 3658 μὲν
2628 3587 2727 3659 τὴν
2756 3588 2995 3660 πληγὴν,
3017 3590 3153 3661 ὑπὲρ
3175 3591 3282 3644 τῶν
3311 3588 3618 3662 ἀνθρώπων

2044 3676 2490 3748 ἀπολογούμενος
2532 3678 2823 3752 ἄνθρωπος
2863 3680 2961 3745 ὢν,
2994 3680 3111 3735 λύει
3138 3681 3194 3734 δὲ
3226 3682 3285 3735 τὸ
3320 3681 3475 3750 γένος
3503 3681 3616 3734 τῶν

2042 3770 2417 3842 ἐγκλημάτων
2460 3775 2554 3826 καὶ
2580 3773 2765 3827 δίδωσι
2798 3775 2910 3839 τοῖς
2936 3773 3247 3844 δεδεμένοις
3279 3773 3613 3844 ἐλευθερίαν,

2036 3864 2120 3919 ὅτι
2145 3864 2310 3929 αὐτὸς
2338 3867 2439 3919 οὐκ
2463 3867 2634 3921 ἐδεῖτο
2665 3867 2889 3940 ταύτης,
2920 3867 3051 3932 Θεὸς
3083 3866 3158 3922 ὢν
3193 3869 3287 3920 καὶ
3315 3869 3615 3937 Δεσπότης.

2125 4054 2268 4107 ’Λνϐ’
2300 4047 2377 4108 ὧν
2425 4055 2524 4123 μὲν
2563 4053 2654 4107 οὖν
2691 4057 2723 4126 ὴ
2756 4055 2986 4127 ἀληθινὴ
3006 4056 3117 4127 ζωὴ
3141 4056 3237 4111 διὰ
3264 4057 3358 4111 τοῦ
3383 4056 3615 4112 θανάτου

2042 4146 2136 4201 τοῦ
2167 4148 2418 4217 Σωτῆρος
2449 4149 2530 4208 εἰς
2570 4150 2714 4217 ἡμᾶς
2745 4150 3034 4215 διαϐαίνει,
3068 4151 3242 4204 ταῦτά
3274 4152 3442 4204 ἐστιν.
3482 4152 3539 4205 '0
3560 4151 3617 4204 δὲ

2041 4241 2261 4309 τρόπος,
2298 4242 2447 4301 ὅπως
2473 4241 2678 4311 ταύτην
2712 4242 2947 4309 ἕλκομεν
2979 4246 3056 4307 είς
3090 4244 3186 4307 τὰς
3217 4244 3491 4314 ἡμετέρας
3520 4243 3620 4313 ψυ-

2041 4335 2161 4402 χὰς,
2194 4332 2353 4385 τοῦτό
2387 4336 2506 4385 ἐστι
2535 4334 2595 4386 τὸ
2631 4334 2957 4404 τελεσθῆναι
2980 4337 3048 4388 τὰ
3082 4324 3380 4405 μυστήρια,
3409 4336 3468 4387 τὸ
3496 4334 3621 4387 λού-

2042 4426 2262 4483 σασθαι,
2290 4427 2350 4503 τδ
2399 4428 2714 4498 χρισθῆναι,
2747 4429 2804 4481 τὸ
2851 4430 3140 4498 τραπέζης
3180 4428 3487 4482 ἀπολαῦσαι
3517 4427 3619 4497 τῆς

2043 4520 2217 4587 ἱερᾶς.
2250 4520 2437 4574 Ταῦτα
2475 4522 2583 4589 γὰρ
2618 4521 2862 4574 ποιοῦσιν
2895 4523 2921 4574 δ
2949 4524 3187 4590 Χριστὸς
3217 4524 3476 4593 ἐπιδημεῖ
3522 4522 3619 4576 καὶ

362 4622 599 4684 habitat,
645 4619 757 4674 illis
787 4618 1073 4687 copulatur
1101 4631 1158 4675 et
1203 4622 1547 4685 adhaerescit,
1577 4634 1629 4674 et
1655 4635 1935 4690 peceatum

2044 4613 2240 4665 ἐνοικεί
2295 4616 2388 4667 καὶ
2441 4615 2774 4667 συνάπτεται
2815 4616 2908 4668 καὶ
2971 4615 3339 4685 προσφύεται,
3373 4617 3467 4668 καὶ
3515 4616 3618 4684 τὴν

364 4715 539 4780 elidit,
566 4714 848 4782 vitataque
896 4729 1052 4767 suam
1084 4721 1135 4768 et
1172 4715 1552 4767 Strenuitatem
1589 4714 1849 4779 impertit,
1884 4715 1936 4767 in

359 4820 573 4879 partem
606 4808 853 4861 victoriae
876 4823 989 4861 suae
1021 4806 1282 4872 admittit,
1313 4807 1369 4875 (ο
1406 4807 1701 4859 bonitatem
1728 4806 1769 4874 ι)
1802 4807 1940 4860 lotos

362 4911 609 4963 coronat,
640 4907 694 4952 et
724 4899 1073 4953 cmnantibus
1106 4900 1435 4967 pra-eonium
1482 4897 1696 4951 tribuit.
1734 4897 1938 4963 Quam-

363 4995 553 5046 obrem
599 5001 802 5052 autem,
860 5000 914 5043 et
970 5004 1206 5059 quanam
1246 4990 1456 5041 ratione
1488 4986 1571 5051 ﬁt,
1618 4996 1740 5041 uta
1791 4988 1938 5041 lava-

359 5085 533 5147 tinne,
570 5093 624 5138 et
671 5084 957 5146 unctione,
993 5091 1048 5137 ct
1104 5096 1293 5147 mensa
1338 5080 1570 5134 victoria
1622 5094 1939 5150 coronaque

364 5177 639 5240 obveniat,
675 5191 797 5245 quae
828 5177 1102 5238 laborum,
1136 5175 1423 5237 sudorum,
1457 5173 1939 5242 periculorumque

363 5270 586 5347 pt-tu‘mia
621 5268 790 5321 sunt?
818 5268 957 5332 Quia
994 5266 1209 5319 tametsi
1246 5280 1351 5317 non
1386 5274 1684 5329 certamus,
1720 5280 1821 5319 nec
1862 5265 1940 5319 la-
1966 5297 1978 5306 -

362 5355 623 5412 borantus
660 5358 763 5410 ista
810 5357 1101 5420 obeuntes,
1139 5355 1503 5407 nihilominus
1533 5354 1678 5408 illius
1704 5371 1931 5424 agonem

362 5448 617 5503 laudibus
667 5448 1034 5507 celebramus,
1069 5446 1354 5500 victoriam
1418 5445 1774 5514 suscipimus.
1826 5457 1938 5502 tro-

359 5554 535 5608 p:eum
575 5541 869 5594 adoramus
893 5578 907 5603 ,
938 5548 990 5591 et
1014 5551 1141 5606 erga
1176 5537 1494 5591 bellatorem
1546 5538 1932 5609 fortissimum,

358 5630 641 5695 eximium,
706 5625 1191 5694 incredibilemque
1256 5640 1498 5679 amorem
1548 5627 1933 5693 ostendimus;

358 5719 697 5788 vulneraque
729 5717 843 5781 illa,
878 5727 931 5771 ct
979 5718 1185 5788 plagas,
1215 5728 1270 5773 et
1304 5731 1535 5773 mortem
1568 5719 1633 5774 ad
1689 5736 1787 5774 nos
1821 5730 1934 5774 tra-

361 5810 566 5875 himus,
613 5824 667 5865 et
711 5827 815 5880 qua
871 5811 952 5866 \‘ia
993 5828 1312 5883 possumus,
1356 5814 1515 5867 nobis
1563 5812 1929 5877 vindicamus,

360 5899 642 5970 ipsamque.
694 5916 914 5957 carnem
971 5905 1172 5959 mortui
1236 5916 1286 5960 et
1347 5905 1569 5964 rcdiviri
1618 5913 1923 5975 gustamus.

2043 4705 2322 4774 ἁμαρτίαν
2371 4706 2431 4757 ἐν
2466 4708 2597 4775 ἡμῖν
2651 4705 2947 4775 ἀποπνίγει
2979 4707 3072 4760 καὶ
3124 4707 3222 4775 τὴν
3258 4705 3403 4774 ζωὴν
3441 4706 3616 4774 ἐνίησι

2039 4803 2138 4863 τὴν
2176 4796 2370 4849 ἑαυτοῦ
2401 4798 2497 4850 καὶ
2527 4798 2625 4858 τὴν
2657 4798 2962 4867 ἀριστείαν,
2998 4798 3091 4851 καὶ
3120 4799 3411 4859 κοινωνοὺς
3443 4799 3616 4849 ποιεῖ-

2038 4905 2130 4941 ται
2185 4891 2284 4958 τῆς
2337 4890 2514 4958 νίκης,
2567 4889 2649 4955 (ὣ
2700 4892 2797 4959 τῆς
2822 4887 3154 4959 ἁγαθότητος
3187 4891 3240 4957 i)
3290 4891 3612 4958 λουομένους

2039 4981 2221 5032 ἀναδεῖ
2246 4981 2337 5032 καὶ
2365 4979 2718 5041 δειπνοῦντας
2745 4978 3131 5050 ἀνακηρύττει.
3160 4979 3255 5031 Διά
3279 4977 3332 5030 τί
3356 4979 3450 5030 καὶ
3474 4975 3614 5028 κατά

2037 5073 2158 5125 τίνι
2195 5072 2290 5123 τοῦ
2345 5073 2629 5141 γινομένου
2680 5071 2842 5138 λόγου
2877 5071 2985 5124 ἀπὸ
3024 5069 3250 5140 λουτροῦ
3298 5072 3391 5122 καὶ
3426 5072 3614 5140 μύρων

2038 5167 2133 5227 καὶ⁵
2161 5165 2442 5233 τραπέζης
2473 5165 2598 5230 νίκη
2623 5164 2718 5217 καὶ
2748 5165 3035 5233 στέφανος.
3067 5163 3104 5217 ἂ.
3129 5163 3307 5215 πόνων
3336 5162 3431 5216 καὶ
3457 5160 3614 5232 ἱδρώ-

2036 5272 2145 5309 των
2170 5256 2289 5308 ἐστί
2323 5257 2536 5325 καρπός
2562 5273 2576 5323 ;
2606 5255 2729 5308 Ὅτι
2761 5256 2809 5307 εί
2836 5257 2929 5307 καὶ
2957 5255 3031 5324 μὴ
3062 5253 3447 5324 ἀγωνιζόμεθα
3476 5254 3613 5324 μηδὲ

2036 5347 2310 5416 πονοῦμεν
2366 5346 2539 5400 ταῦτα
2603 5345 2905 5409 ποιοῦντες,
2963 5346 3101 5399 ἀλλὰ.
3157 5347 3246 5399 τόν
3301 5363 3364 5415 γε
3425 5347 3611 5414 ἀγῶνα

2041 5437 2326 5508 ὑμνοῦμεν
2381 5441 2587 5490 ἐκείνον
2644 5440 2740 5490 καὶ
2771 5438 3126 5506 θαυμάζομεν
3173 5437 3271 5508 τὴν
3323 5438 3612 5507 νίκηνκκαλ⁸

2037 5530 2454 5602 προσκυνοῦμεν
2508 5530 2568 5581 τὸ
2622 5531 2884 5600 τρόπαιον
2918 5532 3013 5584 καὶ
3068 5532 3197 5601 περὶ
3244 5531 3334 5584 τὸν
3384 5534 3612 5600 ἀριστέα

2039 5622 2268 5691 σφοδρόν
2303 5639 2358 5673 τι
2391 5622 2486 5674 καὶ
2513 5623 2754 5692 ἄρρητον
2785 5622 3209 5693 ἐπιδεικνύμεθα
3232 5623 3472 5694 φίλτρον.
3504 5623 3611 5677 Καὶ

2034 5715 2104 5769 τὰ
2162 5713 2453 5784 τραύματα
2526 5717 2710 5767 ἐκεῖνα
2776 5717 2871 5767 καὶ
2919 5716 3017 5786 τὴν
3085 5717 3300 5789 πληγὴν
3358 5723 3452 5770 καὶ
3518 5719 3611 5771 τδν

2036 5808 2262 5862 θάνατον
2295 5807 2665 5878 οἰκειούμεθα,
2724 5810 2814 5861 καὶ
2865 5807 2936 5862 δι’
2966 5803 3039 5863 ὧν
3077 5810 3283 5874 ἔξεστιν
3329 5815 3409 5876 εἰς
3460 5814 3610 5881 ἡμᾶς

2035 5902 2232 5964 αὐτοὺς
2273 5901 2528 5970 ἕλκομεν,
2572 5902 2665 5953 καὶ
2700 5902 2882 5958 αὐτῶν
2926 5904 3197 5977 γενόμεθα
3231 5905 3339 5960 τῶν
3387 5906 3609 5974 σαρκῶν
