4030 6492
390 430 499 494 ξιτ
1492 429 1591 488 DE
1633 428 1811 489 VlTA
1855 425 1938 484 ΙΝ

2074 425 2319 487 IUSTO
2362 426 2509 485 LIB.
2560 426 2610 483 Ι.
3541 418 3645 482 518

389 544 484 597 τοῦ
516 544 885 617 νεκρωθέντος
919 544 1012 598 καὶ
1035 543 1365 605 ἀναστὰιτος
1395 560 1405 572 ·

380 636 497 688 »ἀπὸ
525 635 619 688 τοῦ
653 635 885 689 θανάτου
917 638 1012 690 καὶ
1044 637 1150 690 τῶν
1180 638 1406 702 ἀγώνων
1437 636 1659 688 ἐκείνων
1699 634 1968 687 ἀπολαύο-

393 744 491 796 μεν
523 727 767 795 ἀγαθῶν.
795 729 856 780 Ei
879 729 986 798 γὰρ
1018 746 1101 791 τις
1126 727 1384 795 τύραννον
1417 729 1615 781 ἁλόντα
1647 729 1740 779 καὶ
1762 726 1961 796 (δίκην)

380 820 794 890 ἀπαιτούμενον
840 820 1131 890 παρελθὼν
1188 820 1485 889 ἐξαιρεῖται
1545 819 1638 873 καὶ
1686 822 1966 886 στεφάνων

386 910 531 975 ἀξιοῖ
561 911 653 965 καὶ
708 912 966 981 σεμνύνει
1002 913 1098 979 τὴν
1129 913 1441 983 τυραννίδα.
1474 913 1568 965 καὶ
1617 912 1777 972 αὖτις
1813 912 1965 978 ἠγεῖ-

390 1018 481 1055 ται
514 1002 884 1070 ἀποθνήσκειν
912 1005 1121 1057 ἐκείνου
1155 1005 1445 1065 πίπτοντος
1477 1003 1568 1056 καὶ
1596 1002 1840 1073 καταϐοᾷ
1860 1003 1966 1058 τῶν

392 1095 575 1165 νόμιον
615 1097 709 1148 καὶ
746 1096 883 1165 πρὸς
931 1095 1001 1149 τὰ
1040 1098 1223 1150 δίκαια
1263 1095 1627 1165 δυσχεραίνει,
1660 1096 1756 1149 καὶ
1790 1093 1966 1147 ταῦτα

390 1187 450 1239 οὐ
495 1188 591 1241 σὺν
626 1188 859 1259 αἰσχύνῃ
909 1188 1031 1240 οὐδὲ
1064 1188 1465 1254 συγκαλύπτων
1521 1188 1621 1259 τὴν
1672 1186 1963 1257 πονηρίαν,

388 1280 524 1333 ἀλλά
560 1281 1075 1353 παρρησιαζόμενος
1109 1282 1203 1334 καὶ
1237 1285 1656 1352 μαρτυρόμενος
1696 1283 1793 1335 καὶ
1838 1284 1965 1334 ἐπι-

387 1371 739 1443 δεικνύμενος
783 1374 1009 1426 τοῦτονυ
1066 1374 1227 1427 τίνων
1276 1375 1584 1445 ἀξιώσομεν
1632 1374 1868 1444 ψήφων;
1903 1374 1962 1426 ού

387 1465 501 1519 τῶν
524 1466 707 1519 αὐτῶν
733 1465 1085 1535 τιμησόμεθα
1113 1466 1190 1536 τῷ
1220 1466 1500 1537 τυράννῳ;
1535 1466 1705 1519 Παντί
1746 1483 1847 1519 που
1877 1466 1968 1536 δῆ-

391 1557 503 1611 λον.
537 1556 747 1611 Οὐκοῦν
784 1558 1096 1611 τούναντίον
1146 1558 1316 1623 ἆπαν,
1354 1559 1407 1612 εί
1452 1576 1535 1621 τις
1569 1560 1799 1629 ἀριστέα
1832 1558 1966 1612 θαυ-

396 1647 558 1719 μάζει
607 1650 701 1702 καὶ⁵
753 1652 933 1720 χαίρει
969 1652 1276 1722 νενικηκότι
1322 1654 1415 1705 καὶ
1465 1652 1760 1720 στεφάνους
1816 1652 1965 1723 αὐτῷ

394 1741 585 1796 πλέκει
617 1743 714 1796 καὶ
776 1742 1040 1813 θορύόους
1094 1745 1299 1815 ἐγείρει
1350 1745 1444 1798 καὶ
1475 1745 1608 1798 σείει
1641 1745 1701 1798 τὸ
1740 1747 1965 1814 θέατρον

393 1834 489 1885 καὶ
510 1829 902 1901 Θριαμϐεύοντι
933 1832 1268 1902 προσπίπτει
1295 1833 1390 1885 σὺν
1417 1832 1575 1905 ἡδονῇ
1607 1833 1698 1886 καὶ
1723 1832 1965 1900 κεφαλὴν

394 1923 686 1991 καταφιλεῖ
713 1923 809 1976 καὶ
833 1923 1270 1994 περιπτύσσεται
1304 1923 1506 1989 δεξιὰν,
1534 1924 1628 1978 καὶ
1658 1923 1803 1976 οὕτω
1832 1922 1965 1993 atpo-

389 2016 492 2086 δρα
532 2011 784 2085 μαίνεται
809 2015 939 2085 περὶ
971 2014 1064 2068 τὸν
1098 2014 1442 2086 στρατιώτην
1482 2015 1577 2067 καὶ
1606 2015 1673 2084 ἣν
1702 2012 1969 2084 ἀνῄρηται

389 2105 567 2172 νίκην,
595 2105 785 2176 ὥσπερ
830 2105 994 2169 αὐτὸς
1022 2104 1100 2161 ὣν
1131 2107 1159 2159 ό
1186 2106 1284 2176 τὴν
1320 2105 1561 2176 κεφαλὴν
1589 2105 1666 2176 τῷ
1716 2104 1969 2176 στεφάνῳ

390 2199 688 2268 κοσμήσων
735 2198 836 2270 τὴν
878 2196 1101 2254 ἑαυτοῦ.
1136 2190 1307 2262 Οὗτος
1345 2198 1454 2270 γὰρ
1501 2199 1729 2270 μερίτης
1767 2199 1831 2252 ἂν
1880 2197 1967 2269 εἴη

388 2292 499 2344 τῶν
532 2291 785 2345 ἐπάθλων
830 2289 911 2363 τῷ
941 2292 1135 2362 νικητῇ
1171 2290 1322 2361 παρά
1355 2307 1421 2359 γε
1463 2290 1771 2359 εὐγνώμοσι
1808 2290 1965 2343 δικα-

396 2382 572 2445 σταῖς,
615 2382 870 2453 καθάπερ
927 2382 1155 2445 ἐκεῖνος,
1191 2374 1373 2450 οἶμαι,
1423 2380 1849 2451 κοινωνήσειτῷ
1873 2396 1968 2433 τυ·-

396 2474 573 2543 ράννῳ
588 2472 687 2542 τῆς
714 2472 890 2544 δίκης.
919 2473 982 2526 Ei
1017 2473 1123 2545 γάρ
1145 2477 1273 2545 περὶ
1296 2476 1421 2537 τοὺς
1451 2473 1721 2544 πονηροὺς
1743 2473 1779 2528 δι
1802 2489 1971 2542 προσ-

391 2566 516 2637 ῆκε,
547 2565 641 2618 καὶ
666 2563 761 2634 τῆς
796 2567 1168 2639 προαιρέσεως
1216 2568 1312 2620 καὶ
1340 2567 1437 2638 τῆς
1482 2565 1713 2637 γνώμης
1738 2567 1972 2638 ἀπαιτη-

390 2658 514 2711 τέον
550 2655 806 2726 εὐθύνας,
837 2658 999 2730 σχολῇ
1027 2676 1092 2729 γε
1116 2658 1267 2721 εἰκός
1293 2659 1410 2713 ἐστι
1438 2659 1564 2720 τοὺς
1596 2658 1836 2725 ἀγαθοὺς
1858 2658 1969 2712 τῶν

394 2749 738 2819 γιγνομὲνων
761 2752 1109 2822 ἀποστερεῖν.
1133 2752 1198 2805 El
1224 2750 1280 2805 δὲ
1308 2752 1405 2806 καὶ
1432 2748 1590 2803 τοῦτο
1613 2751 1968 2823 προστεθείη,

394 2845 492 2896 καὶ
517 2842 545 2893 ὁ
574 2841 672 2911 τὴν
713 2842 870 2914 νίκην
904 2842 1270 2914 εἰργασμένος
1313 2841 1534 2911 ἐκείνην
1560 2842 1721 2906 αὐτὸς
1760 2844 1859 2914 μὲν
1907 2844 1969 2898 οὐ

393 2934 566 2987 δεῖται
611 2932 723 2986 τῶν
773 2932 883 2988 ἀπὸ
932 2933 1031 3004 τῆς
1081 2933 1238 3003 νίκης
1276 2935 1473 3005 γερῶν,
1531 2935 1709 2989 ἐκεῖνο
1761 2934 1819 2988 δὲ
1849 2935 1972 2989 ἀντὶ

394 3024 615 3080 πάντων
640 3026 882 3097 ἡγεῖται,
906 3024 1164 3097 λαμπρὸν
1200 3025 1330 3079 ἰδεῖν
1363 3027 1457 3081 ἐπὶ
1486 3026 1582 3080 τοῦ
1617 3026 1849 3097 θεάτρου
1880 3027 1972 3081 τὸν

397 3117 761 3190 σπουδαστὴν,
820 3119 917 3172 καὶ
961 3119 1120 3173 τοῦτο
1153 3119 1252 3188 τῆς
1296 3120 1540 3188 ἀγωνίας
1582 3116 1745 3174 ἆθλον
1788 3122 1969 3193 ἐαυτῷ

1448 543 1571 597 ὅθεν
1605 545 1831 607 εἰκότως
1859 542 1968 595 τῶν

2074 538 2226 593 υιιιῐο
2260 554 2365 593 non
2428 539 2626 607 injuria
2682 536 2841 593 benis
2872 551 2900 587 e
2934 544 3111 589 morte
3143 544 3193 589 et
3238 534 3506 604 agonibus
3538 535 3650 591 illis

2070 631 2469 698 proﬂuentibus
2503 629 2859 700 perizuimu“.
2899 627 2954 683 Si
2990 629 3113 697 quis
3163 628 3306 681 enim
3351 638 3649 699 tyrannum

2072 733 2287 789 captum
2348 732 2398 773 et
2459 723 2635 790 poenis
2692 721 2966 773 addictum
3035 718 3365 772 convenit-ns
3419 720 3648 785 eximat,

2073 831 2271 868 corona
2322 816 2671 878 conde-enrol,
2729 816 2796 867 ob
2847 813 3192 885 tyrannidem
3255 823 3565 876 veneretur,
3596 823 3654 867 et

2070 921 2136 959 eo
2189 917 2448 975 pereunte
2504 908 2848 961 moriendum
2903 905 3004 959 sibi
3056 906 3348 969 existimet,
3382 907 3651 960 adversus

2072 1000 2216 1070 leges
2253 1002 2539 1060 exclamet.
2574 1014 2626 1056 et
2668 1013 2860 1057 contra
2910 1003 3036 1071 jura
3095 1003 3430 1073 indignetur.
3473 1019 3651 1072 neque

2071 1089 2124 1143 id
2167 1106 2289 1144 cum
2353 1092 2582 1160 pudore.
2637 1109 2701 1147 ac
2752 1094 3098 1163 improbitate
3133 1094 3477 1148 dissimulata
3505 1132 3519 1156 ,
3554 1093 3648 1145 sed

2071 1192 2342 1252 proterve,
2373 1198 2437 1237 ac
2490 1182 2622 1239 deos
2649 1172 2874 1248 testans,
2904 1194 2956 1239 et
3006 1201 3064 1241 se
3119 1187 3172 1239 in
3228 1201 3290 1238 eo
3342 1196 3647 1248 ostentans,

2072 1290 2235 1344 quam
2266 1276 2589 1329 sententiam
2642 1277 2692 1330 iu
2730 1278 2876 1331 hunc
2910 1277 3193 1332 feremus?
3223 1277 3413 1332 Nonne
3451 1278 3648 1332 iisdem

2073 1384 2197 1420 cum
2247 1378 2480 1438 tyranno
2529 1370 2811 1439 suppliciis
2861 1373 3201 1425 multandum
3262 1373 3655 1427 censubimus?

2072 1459 2297 1513 Planum
2334 1461 2437 1515 hoc
2486 1463 2704 1530 quidem
2739 1465 2930 1517 cuivis.
2986 1462 3181 1517 Nonne
3223 1465 3385 1532 igitur
3416 1481 3647 1533 prorsus

2071 1552 2408 1606 centrarium
2442 1553 2596 1619 facit,
2623 1556 2715 1624 qui
2755 1572 2935 1625 regem
2965 1555 3434 1611 bellicosissimam
3470 1559 3651 1612 admi-

2032 1706 2038 1711 .
2074 1652 2261 1708 ratur;
2304 1644 2420 1713 ejus
2459 1645 2686 1699 \‘lt‘lOl'la
2726 1647 3003 1713 exsultat;
3036 1662 3296 1702 coronam
3336 1649 3384 1702 ei
3421 1650 3647 1719 plectit;

2074 1736 2326 1805 plausum
2365 1739 2604 1801 excitat;
2640 1749 2695 1793 et
2755 1740 3031 1792 theatrum
3089 1750 3264 1794 totum
3300 1752 3649 1807 commovet;

2073 1839 2198 1884 ante
2233 1830 2655 1895 triumphantem
2710 1848 2832 1885 cum
2887 1833 3164 1900 voluptate
3202 1835 3255 1888 in
3304 1850 3476 1904 genua
3527 1851 3653 1904 pro-

2072 1921 2319 1986 cumbit;
2356 1931 2520 1992 caput
2548 1924 2668 1993 ejus
2698 1926 3081 1993 tle-osculatur;
3124 1928 3370 1981 dextram
3406 1928 3652 1997 comple-

2072 2011 2260 2075 ctitur,
2298 2023 2465 2082 atque
2517 2014 2656 2069 adeo
2710 2017 3082 2083 vehementer,
3117 2024 3169 2071 et
3201 2032 3367 2086 prope
3398 2019 3463 2072 ad
3500 2018 3652 2073 insa-

2054 2104 2219 2158 ‘ttiam
2254 2105 2662 2175 imperatorem,
2694 2118 3135 2178 reportalamque
3169 2109 3236 2163 ab
3267 2124 3333 2164 eo
3361 2110 3649 2165 victoriam

2071 2196 2270 2262 diligit,
2306 2198 2462 2266 quasi
2501 2198 2570 2253 ab
2598 2201 2790 2254 eodem
2826 2208 2992 2269 caput
3023 2215 3183 2253 suum
3214 2214 3416 2256 corona
3450 2217 3654 2257 oman-

2071 2285 2200 2340 dnm
2236 2288 2352 2341 sit?
2386 2284 2518 2341 Nam
2550 2288 2637 2344 hic
2662 2299 2870 2357 partem
2906 2292 3197 2360 quamdam
3232 2294 3586 2362 prmmiorum
3622 2309 3651 2348 a

2070 2377 2281 2431 victore
2315 2381 2514 2449 rapiet,
2578 2381 2720 2449 apud
2773 2381 2920 2449 iuste
2953 2397 3066 2435 rem
3123 2383 3478 2447 aeSIimantes,
3513 2384 3656 2438 sicut

2072 2470 2165 2524 ille
2196 2471 2359 2535 alius,
2409 2473 2626 2541 opinor,
2662 2483 2895 2544 tyranno
2929 2474 3169 2529 victoria:
3217 2476 3404 2531 socius
3434 2477 3560 2531 erit.
3596 2479 3653 2531 Si

2073 2563 2219 2617 enim
2275 2564 2541 2632 improbis
2576 2580 2695 2635 qua:
2743 2581 2838 2620 cos
2871 2567 3118 2635 accipere
3149 2568 3342 2622 decent
3389 2568 3656 2623 concede-

2073 2669 2220 2720 mus,
2271 2655 2691 2727 voluntatisque
2745 2667 2800 2711 et
2856 2658 3023 2711 animi
3067 2657 3318 2712 habenda
3373 2666 3455 2711 est
3487 2660 3653 2725 ratio,

2054 2747 2393 2816 'neutiquam
2443 2748 2524 2802 las
2555 2759 2641 2803 est
2674 2749 2848 2805 bonos
2900 2750 3016 2805 suis
3046 2751 3432 2807 emolumentis
3467 2753 3652 2821 priva-

2075 2845 2188 2891 tmn
2236 2838 2325 2892 iri.
2366 2838 2521 2904 Quod
2555 2840 2598 2894 si
2653 2842 2757 2896 hoc
2789 2842 2956 2896 etiam
2996 2845 3312 2910 accesserit,
3352 2853 3409 2899 ut
3440 2861 3534 2914 qui
3568 2845 3654 2899 vi-

2074 2932 2306 2986 ctoriam
2345 2933 2493 2987 illam
2533 2934 2761 3002 peperit,
2804 2935 2921 3004 ipse
2969 2937 3213 2992 victoria;
3268 2937 3508 3006 praemiis
3544 2954 3655 2994 non

2074 3026 2339 3095 indigeat,
2373 3035 2427 3079 et
2464 3027 2600 3081 illud
2634 3028 2808 3082 instar
2840 3030 3086 3083 omnium
3122 3031 3304 3093 ducat,
3332 3031 3417 3086 sui
3453 3046 3657 3085 aman-

2076 3130 2184 3175 tem
2227 3134 2291 3174 ac
2323 3119 2629 3174 studiosum
2678 3121 2731 3173 in
2777 3120 3028 3175 theatrali
3061 3123 3416 3178 multitudine
3442 3126 3658 3193 conspi-

397 3208 609 3280 νομίζει
647 3209 1062 3282 στεφανωθῆναι
1092 3210 1184 3265 τδν
1218 3213 1433 3282 ἑταῖρον
1456 3227 1470 3241 ·
1503 3212 1618 3275 πῶς
1653 3213 1712 3266 οὗ
1744 3213 1968 3278 δικαίως

2078 3227 2242 3266 cuum
2275 3227 2522 3275 eernere,
2583 3225 2636 3267 et
2665 3213 2768 3269 hoc
2815 3215 3138 3270 certaminis
3183 3218 3267 3270 sui
3300 3215 3655 3269 honorarium

395 3303 601 3366 ἐκεῖνος
635 3302 729 3361 καὶ
766 3301 911 3372 μάλα
948 3303 1263 3368 ἀκολούθως
1287 3305 1416 3360 ἄνευ
1453 3305 1692 3375 ἱδρώτων
1728 3307 1823 3360 καὶ
1855 3323 1972 3358 κιν-

392 3393 565 3448 δύνων
595 3393 687 3447 τὸν
741 3393 847 3447 ἀπὸ
896 3393 992 3447 τοῦ
1049 3394 1291 3465 πολέμου
1321 3398 1593 3465 κομιεῖται
1650 3397 1966 3465 στέφανονς

397 3485 585 3540 Ταῦτα
610 3486 676 3555 δὴ
704 3485 799 3539 καὶ
825 3488 962 3556 ἡμῖν
991 3485 1051 3539 τὸ
1079 3486 1304 3557 λουτρὸν
1334 3485 1495 3540 τοῦτο
1517 3487 1742 3541 δύναται
1784 3487 1879 3539 καὶ
1906 3486 1968 3538 τὸ

394 3582 609 3634 δεῖπνον
643 3579 738 3634 καὶ
768 3581 802 3648 ἡ
836 3578 1073 3655 σώφρων
1106 3577 1203 3632 τοῦ
1238 3578 1413 3650 μύρου
1462 3581 1669 3650 τρυφή.
1706 3580 1968 3648 Μυούμε-

396 3690 478 3726 νοι
510 3672 620 3742 γὰρ
657 3670 746 3724 τὸν
781 3670 881 3740 μὲν
907 3670 1170 3739 τύραννον
1203 3670 1505 3741 κακίζομεν
1534 3673 1628 3725 καὶ
1660 3672 1969 3724 καταπτύοο

403 3779 504 3832 μεν
538 3764 630 3815 καὶ
652 3762 1131 3833 ἀποστρεφόμεθα,
1162 3762 1256 3815 τὸν
1290 3764 1518 3834 ἀριστέα
1543 3763 1601 3816 δέ
1636 3763 1970 3834 ἐπαινοῦμεν

400 3858 497 3907 καὶ
543 3853 900 3932 θαυμάζρμεν
956 3855 1052 3908 καὶ
1102 3852 1518 3924 προσκυνοῦμεν
1563 3856 1658 3908 καὶ
1709 3856 1970 3927 φιλοῦμεν

394 3947 493 4021 ὅλῃ
524 3946 691 4017 ψυχῇ,
724 3945 864 3999 ὥστε
913 3946 992 4017 τῷ
1022 3946 1267 4016 περιόντι
1297 3945 1390 3999 τοῦ
1433 3944 1660 4017 φίλτρου
1691 3946 1765 4010 ob;
1805 3948 1970 4018 ἄρτον

398 4039 692 4107 σιτούμεθα
742 4039 837 4092 καὶ
857 4038 932 4102 ὡς
971 4038 1141 4108 μύρον
1181 4038 1447 4108 χριόμεθα
1477 4040 1572 4092 καὶ
1599 4039 1671 4103 ὠς
1702 4039 1846 4110 ὕδωρ
1878 4058 1972 4093 πε-

399 4129 787 4200 ριϐαλλόμεθα.
819 4129 1058 4201 Φανερδν
1083 4130 1140 4184 δὲ
1156 4131 1236 4184 ὅτι
1258 4132 1347 4184 τὸν
1368 4131 1602 4201 πόλεμον
1632 4133 1772 4202 ὑπὲρ
1810 4132 1969 4202 ἡμῶν

397 4222 570 4277 εἵλετο
602 4223 812 4288 τοῦτον,
846 4223 940 4276 καὶ
970 4223 1057 4276 ἵνα
1085 4223 1404 4295 νικήσωμεν
1437 4225 1621 4292 ἡμεῖς,
1652 4224 1814 4286 αὐτὸς
1845 4223 1971 4276 ἀνέ-

397 4332 555 4385 σχετο
584 4316 969 4386 ἀποθνήσκων,
1030 4313 1171 4367 ὥστε
1231 4315 1391 4367 οὐδὲν
1437 4315 1799 4369 ἀνακόλουθον
1843 4315 1968 4369 οὐδὲ

397 4408 624 4479 ἀπᾷδον,
651 4409 758 4460 ἀπὸ
784 4406 892 4459 τῶν
921 4406 1240 4476 μυστηρίων
1261 4406 1464 4459 τούτων
1496 4408 1587 4461 ἐπὶ
1615 4409 1743 4470 τοὺς
1770 4407 1971 4476 στεφά-

397 4516 523 4561 νους
549 4498 828 4568 ἔρχεσθαι.
870 4497 1059 4567 Ἡμεῖς
1109 4498 1208 4566 μὲν
1237 4496 1335 4567 τὴν
1380 4498 1614 4568 δυνατὴν
1659 4500 1967 4553 ἐπιδεικνύ-

2076 3313 2315 3373 reputet,
2352 3305 2605 3358 coronari
2656 3305 2914 3360 videlicet
2942 3307 3181 3360 amicum
3210 3348 3224 3372 ,
3265 3310 3538 3373 quomodo
3569 3308 3657 3362 ille

2078 3414 2184 3451 nou
2224 3397 2367 3466 jure,
2408 3410 2462 3451 et
2510 3400 2905 3452 convenienter
2935 3400 3254 3463 admodum,
3284 3401 3400 3454 sine
3432 3401 3654 3454 sudori-

2075 3489 2180 3543 bus
2220 3489 2584 3559 periculisque
2636 3507 2664 3542 e
2716 3491 2854 3544 bello
2906 3507 3162 3545 coronam
3220 3492 3469 3547 auferet?
3530 3493 3656 3548 llmc

2076 3596 2209 3637 sane
2248 3581 2407 3636 nobis
2453 3581 2751 3635 conciliare
2798 3592 3029 3649 possunt
3081 3583 3357 3637 lavacrum
3406 3587 3548 3640 istuc
3600 3594 3656 3639 et

2077 3687 2266 3736 cmna;
2300 3673 2482 3726 sobria
2513 3687 2687 3737 coma,
2718 3672 2961 3742 inquam,
2995 3684 3048 3725 et
3076 3674 3337 3728 modestae
3368 3675 3651 3729 unctionis

2077 3763 2286 3817 delicia!
2332 3764 2626 3817 conciliare
2664 3774 2930 3831 possunt;
2984 3781 3109 3817 nam
3167 3780 3291 3818 cum
3346 3767 3651 3831 initiamur,

2079 3866 2368 3924 tyrannum
2444 3854 2824 3917 detestamur,
2900 3854 3263 3921 conspuimus
3317 3867 3371 3908 et
3429 3870 3657 3908 aversa-

2078 3964 2224 4002 mur.
2263 3947 2640 4001 Fortissimum
2674 3956 2853 4000 autem
2885 3947 3201 4001 bellatorem
3248 3946 3652 4010 collaudamus,

2078 4041 2455 4101 admiramur,
2518 4041 2836 4106 adoramus,
2899 4049 2953 4096 et
3021 4049 3131 4095 toto
3177 4050 3395 4112 pectore
3468 4040 3651 4109 diligi-

2076 4147 2223 4197 mus,
2257 4142 2310 4188 et
2340 4132 2673 4187 abundantia
2729 4134 2958 4195 amoris,
2996 4143 3255 4200 tanquam
3291 4147 3427 4200 pane
3476 4134 3658 4200 pasci-

2077 4240 2221 4287 mur,
2273 4234 2327 4278 et
2370 4226 2537 4279 veluti
2587 4240 2729 4294 aqua
2766 4222 3223 4279 circumﬂuimus.
3260 4222 3457 4292 Liquet
3491 4237 3657 4292 porro

2076 4317 2242 4372 etiam
2280 4318 2527 4388 praelium
2562 4318 2668 4373 hoe
2699 4318 2768 4372 ab
2797 4317 2890 4372 illo
2928 4318 3104 4372 nostri
3144 4332 3307 4372 causa
3338 4326 3653 4387 SUSCt'plum

2077 4430 2204 4470 esse
2238 4430 2254 4467 :
2286 4423 2340 4466 et
2370 4421 2429 4465 ut
2465 4427 2569 4466 nos
2599 4413 2969 4476 vinceremus,
3005 4411 3189 4481 ipsum
3240 4410 3377 4463 mori
3429 4425 3536 4463 non
3569 4424 3655 4461 re-

2077 4520 2328 4562 cusasse.
2358 4504 2630 4570 Quocirca
2668 4518 2773 4557 non
2804 4514 2889 4557 est
2930 4516 3122 4572 parum
3156 4516 3522 4569 consequens,
3555 4517 3659 4555 nec

399 4590 538 4661 μεθα
571 4589 880 4659 προθυμίαν
930 4589 1025 4642 καὶ
1069 4589 1128 4640 τὸ
1174 4587 1323 4658 ὕδωρ
1364 4587 1656 4652 ἀκούοντες
1705 4589 1864 4643 τοῦτο
1898 4591 1967 4644 τά

2077 4595 2405 4658 absurdum,
2444 4595 2513 4648 al)
2537 4593 2690 4647 hisce
2720 4591 2999 4663 mysteriis
3036 4605 3135 4644 nos
3165 4591 3230 4642 ad
3260 4604 3493 4642 coronas
3536 4604 3657 4656 per-

393 4681 493 4737 τοῦ
533 4680 767 4736 θανάτου
799 4677 896 4731 τοῦ
927 4678 1167 4749 Χριστοῦ
1196 4681 1291 4732 καὶ⁵
1323 4680 1500 4748 τάφου
1544 4680 1846 4747 δύνασθαι,ς
1874 4684 1971 4735 καὶ

399 4773 729 4843 πιστεύομεν
759 4770 821 4824 εὖ
858 4769 1003 4840 μάλα
1035 4769 1131 4822 καὶ
1163 4768 1433 4839 πρόσιμεν
1469 4770 1639 4839 ἡδέως
1668 4772 1762 4823 καὶ
1796 4789 1969 4825 κατα-η

397 4865 666 4934 δυόμεθοι’
701 4866 729 4917 ὁ
763 4864 820 4917 δέ
852 4863 933 4932 (ού
966 4861 1076 4930 γὰρ
1109 4861 1285 4930 μικρὰ
1321 4860 1557 4927 δίδωσιν,
1589 4862 1709 4916 οὐδὲ
1752 4864 1968 4934 μικρῶν

397 4957 559 5027 ἀξιοῖ)
600 4958 728 5019 τοὺς
778 4952 1242 5026 προστιθεμένους
1277 4955 1391 5016 τοῖς
1429 4956 1566 5023 μετά
1595 4955 1686 5008 τὸν
1734 4955 1968 5010 θάνατον

398 5052 493 5103 καὶ
523 5049 622 5121 τὴν
666 5048 849 5119 ταφὴν
878 5045 1171 5112 δεξιοῦται,
1215 5046 1275 5099 οὐ
1329 5047 1593 5114 στέφανόν
1643 5063 1764 5100 τινα
1801 5050 1974 5119 παρέ-

399 5160 533 5212 χων,
567 5141 628 5193 οὐ
655 5140 817 5210 δόξης
868 5138 1209 5210 μεταδιδοὺς,
1241 5137 1357 5191 ἀλλ’
1402 5138 1567 5190 αὐτὸν
1609 5138 1700 5192 τὸν
1746 5141 1970 5211 νικητὴν

401 5236 563 5297 αὐτὸς
593 5233 789 5287 ἑαυτὸν
818 5230 1291 5302 ἐστεφανωμένον.
1332 5230 1446 5283 Καὶ
1473 5229 1539 5282 τδ
1568 5228 1711 5300 ὕδωρ
1743 5232 1973 5285 ἀναδῦν-

400 5344 491 5390 τες
522 5325 687 5378 αὐτὸν
719 5325 810 5379 τὸν
846 5324 1075 5394 Σωτῆρα
1123 5322 1365 5392 φέρομεν
1396 5320 1488 5373 ἐπὶ
1535 5321 1644 5377 τῶν
1688 5323 1974 5396 ἡμετέρων

398 5417 608 5487 ψυχῶν,
635 5418 728 5469 ἐπὶ
757 5416 854 5486 τῆς
888 5413 1154 5484 κεφαλῆς,
1177 5411 1401 5466 ἐπὶτῶν
1430 5412 1747 5482 ὀφθαλμῶν,
1780 5415 1837 5466 ἐν
1871 5418 1972 5470 αύ-

398 5510 513 5570 τοῖς
568 5509 679 5569 τοῖς
716 5506 1072 5575 σπλάγχνοις,
1133 5504 1230 5556 ἐπὶ
1291 5503 1402 5557 τῶν
1435 5494 1638 5573 ’μελῶν
1693 5507 1977 5570 ἁπάντων,

401 5599 676 5669 ἁμαρτίας
704 5596 968 5667 καθαρὸν,
1001 5594 1210 5664 φθορᾶς
1248 5595 1469 5662 ἀπάσης
1518 5597 1969 5666 ἀπηλλαγμένον,

401 5689 512 5755 οἷος
538 5692 737 5761 ἀνέστη
768 5691 862 5744 καὶ
891 5690 1001 5752 τοῖς
1036 5688 1309 5759 μαθηταῖς
1344 5686 1502 5757 ὤφθη
1541 5690 1636 5741 καὶ
1666 5689 1969 5761 ἀνελήφθη,

400 5780 510 5851 οἷος
537 5785 793 5855 ἀφίξεται
818 5784 979 5836 πάλιν
999 5781 1190 5836 τοῦτον
1209 5782 1530 5852 ἀπαιτήσων
1560 5783 1651 5835 τὸν
1674 5782 1970 5854 θησαυρόν.

402 5936 638 5991 purum,
684 5920 752 5974 ab
804 5918 953 5973 onmi
1010 5919 1361 5986 corruptione
1426 5915 1693 5979 liberum,

2087 4688 2296 4742 venire.
2331 4685 2442 4739 Nos
2475 4686 2620 4738 enim
2653 4698 2819 4752 quam
2853 4681 3132 4751 potuimus
3161 4680 3498 4732 alacritatem
3536 4692 3656 4733 sxu-

2083 4779 2345 4847 diumque
2402 4772 2940 4835 demonstravimus,
2997 4780 3050 4825 et
3107 4770 3391 4825 audientes
3451 4770 3654 4824 fontem

2082 4870 2251 4924 istum
2290 4868 2492 4922 habere
2518 4867 2711 4919 mortis
2738 4873 2792 4919 et
2824 4863 3144 4933 sepulturae,
3180 4860 3383 4916 Christi
3410 4861 3654 4915 είῖἰοῑυιι-

2081 4966 2239 5027 tiam,
2290 4970 2346 5016 et
2391 4960 2672 5015 credimus
2706 4972 2921 5016 omnes.
2952 4966 3013 5011 et
3058 4956 3290 5010 libenter
3316 4958 3652 5018 accedimus,

2080 5062 2137 5108 et
2168 5051 2566 5121 immergitnur.
2612 5047 2729 5103 Non
2768 5049 2914 5103 enim
2947 5047 3144 5117 exigua
3189 5047 3377 5112 donat,
3409 5062 3506 5100 nec
3539 5062 3655 5099 me-

2080 5143 2359 5198 diocribus
2398 5143 2675 5208 dignatur.
2728 5142 2795 5194 At
2843 5140 2934 5195 ille
2986 5153 3109 5195 sese
3162 5150 3283 5209 post
3320 5149 3570 5198 mortem,
3601 5144 3655 5190 et

2080 5235 2417 5304 sepulturam
2472 5249 2626 5288 Suam
2667 5232 2732 5286 ad
2797 5233 2973 5302 ipsum
3014 5231 3351 5301 applicantes
3408 5238 3655 5283 ainantcr

2080 5321 2332 5389 suscipit,
2390 5337 2497 5376 non
2562 5335 2824 5375 coronam
2893 5321 3133 5391 aliquam
3199 5321 3503 5390 porriges,
3552 5333 3655 5376 uec

2078 5416 2306 5486 gloriam
2340 5415 2406 5469 iis
2437 5428 2591 5470 suam
2629 5415 3047 5469 communicans
3083 5432 3097 5469 :
3133 5414 3230 5467 sed
3263 5415 3442 5480 ipsum
3476 5411 3653 5464 victo-

2081 5521 2220 5570 rem,
2255 5505 2370 5573 ipse
2404 5506 2760 5570 semetipsum
2793 5516 3117 5559 coronatum
3170 5502 3566 5567 communit-at,
3600 5509 3656 5556 et

2080 5612 2109 5650 e
2140 5611 2302 5655 sacro
2332 5595 2481 5650 fonte
2513 5605 2801 5662 exeuntes,
2840 5598 3015 5665 ipsum
3065 5593 3407 5647 Salvatorem
3439 5592 3492 5645 in
3528 5591 3654 5646 ani-

2082 5687 2276 5741 mabus
2331 5686 2538 5741 nostris
2571 5695 2869 5755 portamus,
2929 5686 2981 5738 in
3012 5685 3212 5751 capite,
3255 5684 3307 5735 in
3360 5683 3561 5745 oculis,
3597 5680 3655 5734 in

2080 5780 2213 5848 ipsis
2251 5777 2581 5841 visceribus,
2621 5778 2676 5831 in
2735 5775 2997 5830 membris
3046 5775 3322 5841 omnibus,
3351 5789 3380 5828 a
3429 5780 3655 5844 peccato

1787 5917 1966 5984 qualis
2046 5914 2367 5978 resurrtsit,
2425 5920 2479 5968 et
2529 5910 2816 5981 discipulis
2896 5906 3179 5980 apparuit,
3233 5920 3284 5967 et
3344 5912 3398 5967 in
3453 5910 3653 5989 malum

415 6020 693 6096 proiectus
720 6030 821 6088 cst,
853 6019 1027 6090 qualis
1061 6017 1276 6083 redibit,
1305 6019 1620 6072 thesaurum
1652 6019 1792 6071 hunc
1819 6026 2132 6073 exacturus.
