4030 6482
359 490 3416 521 Wm—mm

1411 345 1507 404 DE
1549 339 1721 408 Vl'l‘.\
1774 349 1848 408 l.\'
1886 349 2227 410 CHRISTO
2265 346 2414 409 LIB.
2456 349 2537 408 II.

801 571 1196 784 ΠΕΡΙ
1273 658 1611 785 ΤΗΣ
1694 661 1903 786 EN
1977 663 2598 791 ΧΡΙΣΤΩ
2673 665 3125 794 ΖΩΗΣ

1457 904 1826 992 ,ΛΟΓΟΣ
1903 904 2496 992 ΔΕΥΤΕΡΟΣ.

1094 1044 1238 1100 Τίνα
1262 1047 1624 1103 συντέλειαν
1658 1049 1722 1102 τὸ
1761 1049 1925 1103 θεῖον
1964 1048 2121 1117 αὐτῇ
2161 1052 2484 1119 παρέχεται
2514 1049 2855 1119 βάπτισμα.
2911 1073 2922 1078 ·

1133 1337 1328 1462 DE
1391 1337 1789 1470 VITA
1851 1340 2009 1466 IN
2108 1339 2804 1469 CHRISTO

1385 1589 1740 1678 [ABER
1865 1591 2522 1681 SECUNDUS.

1001 1714 1275 1822 Quemci
1307 1742 1609 1807 utilitatis
1644 1746 1926 1824 fructum
1961 1745 2242 1811 divinum
2283 1749 2593 1832 baptisma
2623 1756 2932 1822 conciliet.

409 1909 481 1960 To
517 1909 615 1981 μὲν
643 1905 736 1964 οὖν
766 1911 824 1964 ἐν
862 1914 973 1974 τοῖς
1023 1914 1192 1982 ἱεροῖς
1232 1911 1558 1983 μυστηρίοις
1609 1912 1711 1982 τὴν
1763 1911 1916 1984 ἱερὰν

2096 1914 2281 1972 Sacris
2314 1917 2501 1989 itaque
2541 1919 2819 1990 mysteriis
2850 1921 3016 1977 vitam
3071 1933 3288 1980 sacram
3325 1930 3599 1984 contineri

338 1999 486 2068 ζωὴν
516 2005 841 2054 συνεστάναι
863 2002 971 2055 ἀπὸ
993 2005 1104 2055 τῶν
1137 2003 1423 2074 προτέρων
1446 2003 1723 2058 δέδεικται
1744 2018 1758 2033 ⁸
1788 2004 1919 2057 ἕκα-

339 2109 465 2144 στον
496 2095 551 2146 δὲ
581 2093 690 2146 τῶν
718 2096 1038 2166 μυστηρίων
1063 2097 1213 2158 ὄπ’-ης
1254 2099 1336 2161 είς
1368 2097 1584 2151 τουτονὶ
1621 2096 1778 2166 φέρει
1824 2095 1917 2148 τδν

337 2186 474 2253 βίον,
512 2188 633 2239 νυνι
671 2187 990 2256 σκοπῶμεν.
1029 2188 1188 2240 Ἐστι
1223 2182 1328 2256 μὲν
1377 2190 1487 2260 γὰρ
1530 2189 1564 2257 ἢ
1615 2190 1672 2242 ὲν
1694 2189 1918 2259 Χριστῷ

336 2279 450 2349 ζωὴ
479 2281 612 2333 αὐτὸ
651 2280 711 2332 τὸ
745 2280 1086 2349 συναφθῆναι
1121 2281 1348 2352 Χριστῷ
1374 2298 1388 2312 ·
1413 2281 1473 2335 ὃν
1501 2280 1546 2334 δ’
1568 2281 1676 2351 ἄρα
1713 2283 1917 2354 τρόπον

338 2371 542 2439 ἑκάστη
572 2370 766 2439 τελετὴ
797 2373 922 2434 τοὺς
954 2370 1379 2441 τετελεσμένους
1425 2369 1508 2440 τῷ
1533 2371 1759 2442 Χριστῷ
1785 2387 1918 2426 συν-

337 2465 529 2526 dum,-
551 2461 802 2530 λέγωμεν
831 2463 954 2534 ἤδη.
1313 2521 1327 2526 _

412 2557 572 2608 Ἔστι
608 2555 672 2624 δὴ
704 2554 923 2624 Χριστῷ
949 2554 1294 2624 συναφθῆναι
1317 2554 1406 2608 διὰ
1434 2557 1655 2610 πάντων
1676 2555 1915 2621 ἐλθοῦσι,

335 2652 404 2707 δι’
441 2649 516 2706 ὧν
550 2654 578 2705 ὁ
619 2653 810 2724 Σωτηρ
863 2648 1019 2723 ἦλθε,
1054 2655 1149 2707 καὶ
1181 2654 1360 2708 πάντα
1411 2654 1506 2707 καὶ
1551 2653 1787 2706 παθοῦσι
1821 2653 1917 2706 καὶ

337 2745 653 2814 γενομένοις
684 2744 784 2796 ὅσα
817 2746 1047 2810 ἐκεῖνος.
1091 2745 1330 2809 Ἐκεῖνος
1356 2743 1540 2800 τοίνυν
1569 2743 1756 2815 moon
1816 2743 1917 2813 μὲν

333 2836 532 2900 αἵματι
561 2836 656 2888 καὶ
681 2835 848 2905 σαρκὶ
894 2835 1077 2906 πάσης
1101 2835 1368 2906 καθαροῖς
1399 2835 1678 2906 ἁμαρτίας
1699 2851 1714 2865 ο
1751 2833 1916 2904 φύσει

335 2927 392 2980 δὲ
421 2927 496 2980 ὣν
528 2927 664 2990 Θεὸς
697 2928 860 2991 αὐτὸς
919 2927 976 2994 ἐξ
1016 2927 1196 2998 ἀρχῆς
1244 2929 1339 2982 καὶ
1384 2928 1544 2982 τοῦτο
1565 2927 1854 2992 τεθέωκεν,
1886 2926 1916 2980 ὃ

335 3021 561 3087 γέγονεν
611 3019 860 3090 ὕστερον,
903 3020 1004 3090 τὴν
1031 3012 1383 3091 ἀνθρωπείαν
1429 3019 1615 3088 φύσιν,
1643 3019 1914 3074 τελευτῶν

332 3113 388 3166 δὲ
417 3113 510 3165 καὶ
544 3113 784 3166 ἀπέθανε
835 3112 936 3182 τῆς
981 3113 1188 3184 σαρκὸς
1221 3112 1385 3166 ἕνεκα
1415 3115 1513 3167 καὶ
1542 3113 1766 3182 ἀνέστη.
1823 3114 1918 3165 Δεῐ

332 3203 514 3255 τοίνυν
569 3203 664 3257 καὶ
711 3203 812 3273 τῆς
863 3203 1066 3273 σαρκὸς
1112 3201 1263 3272 αὐτῷ
1315 3203 1641 3273 μεταλαϐεῖν
1673 3205 1769 3256 καὶ
1815 3203 1914 3272 τῆς

333 3293 586 3355 θεώσεως
641 3295 933 3362 μετασχεῖν
973 3294 1064 3345 καὶ
1093 3293 1189 3345 τοῦ
1219 3293 1396 3360 τάφου
1427 3294 1524 3347 καὶ
1553 3296 1651 3362 τῆς
1679 3293 1914 3346 ἀναστά-

335 3402 473 3446 σεως
503 3386 836 3454 κοινωνῆσαι
856 3387 948 3438 τὸν
981 3385 1323 3455 συναφθῆναι
1352 3383 1624 3456 ζητοῦντα
1650 3405 1664 3418 ·
1720 3385 1817 3439 καὶ
1847 3386 1912 3456 δὴ

336 3478 718 3548 βαπτιζόμεθα
791 3477 912 3547 μὲν,
979 3478 1069 3532 ἵνα
1117 3478 1221 3532 τὸν
1261 3478 1494 3533 θάνατον
1546 3479 1913 3548 ἀποθάνωμεν

331 3569 541 3622 ἐκεῖνον
575 3570 669 3621 καὶ
690 3569 791 3639 τὴν
841 3569 1142 3622 ἀνάστασιν
1179 3571 1530 3641 ἀναστῶμεν,
1554 3571 1825 3643 χριόμεθα
1855 3572 1912 3625 δὲ

333 3659 422 3714 ἵνα
459 3659 553 3713 τοῦ
579 3661 883 3731 χρίσματος
915 3659 1008 3714 τοῦ
1045 3661 1332 3731 βασιλικοῦ
1352 3666 1452 3731 τῆς
1480 3662 1731 3727 θεώσεως
1759 3663 1912 3734 αὐτῷ

331 3754 620 3824 γενώμεθα
678 3753 951 3807 κοινωνοί.
1008 3755 1330 3823 Σιτούμενοι
1386 3755 1444 3809 δὲ
1488 3756 1582 3809 τὸν
1617 3755 1912 3826 ἱερώτατον

330 3849 500 3918 ἄρτον
533 3847 628 3901 καὶ
663 3847 756 3900 τοῦ
795 3847 1080 3900 θειοτάτου
1114 3849 1365 3911 πίνοντες
1414 3849 1682 3919 ποτηρίου
1739 3849 1910 3920 αὐτῆς

339 3941 644 4011 μετέχομεν
667 3941 770 4010 τῆς
811 3940 1037 4010 σαρκὸς,
1072 3939 1238 3992 αὐτοῦ
1269 3938 1366 3993 τοῦ
1396 3940 1652 4010 αἵματος,
1696 3941 1803 3994 τῶν
1832 3942 1912 4013 τῷ

331 4037 548 4105 Σωτῆρι
595 4034 1126 4105 προσειλημμένων·
1190 4036 1286 4088 καὶ
1334 4036 1527 4089 τοῦτον
1587 4035 1678 4088 τδν
1710 4034 1912 4105 τρόπον

333 4126 728 4196 συναπτόμεθα
776 4127 855 4196 τῷ
899 4126 1042 4197 ὑπὲρ
1072 4127 1231 4197 ἡμῶν
1256 4126 1597 4198 σαρκωθέντι
1644 4127 1740 4180 κα)⁸
1774 4127 1911 4179 θεω-

335 4225 481 4278 θέντι
510 4223 605 4275 καὶ
640 4222 970 4276 ἀποθανόντι
1001 4223 1096 4274 καὶ
1137 4223 1457 4276 ἀναστάντι.
1486 4221 1554 4274 Τί
1583 4216 1679 4275 οὖν
1713 4219 1788 4291 μὴ
1820 4221 1914 4273 καὶ

331 4319 430 4388 τὴν
461 4317 632 4388 αὐτὴν
658 4316 852 4386 ἐκείνῳ
887 4315 1136 4384 σώζομεν
1181 4313 1361 4380 τάξιν,
1395 4315 1512 4367 ἀλλ’
1543 4315 1667 4368 ὅθεν
1697 4315 1908 4384 ἔληξεν,

331 4410 643 4478 ἀρχόμενοι.
680 4411 736 4461 ἐν
768 4401 849 4470 οἷς
873 4409 1080 4467 ἐκεῖνος
1104 4405 1324 4476 ῆοξατο,
1359 4407 1746 4476 τελευτῶμεν;
1785 4405 1911 4460 ’Ότι

333 4501 601 4571 κατῆλθεν
633 4500 700 4553 ἶν’
729 4501 892 4571 ἡμεῖς
920 4498 1260 4568 ἀνέλθωμεν,
1308 4499 1405 4552 καὶ
1432 4501 1530 4570 τῆς
1561 4498 1736 4569 αὐτῆς
1778 4501 1912 4553 ὑπο-

2021 2017 2075 2061 et
2107 2008 2406 2073 cohaerere,
2442 2009 2584 2066 libro
2631 2012 2880 2080 proxime
2933 2017 3220 2085 superiore
3251 2014 3602 2076 demonstras

2023 2107 2138 2152 tum
2171 2110 2274 2154 est.
2305 2095 2593 2166 Quomodo
2623 2112 2808 2158 autem
2844 2109 3280 2180 unumquodque
3313 2127 3407 2180 per
3440 2129 3499 2168 se
3535 2113 3602 2168 ad

2022 2205 2141 2244 eam
2213 2193 2526 2260 pertineat,
2579 2196 2832 2267 sequitur
2879 2207 2940 2253 ut
2989 2199 3336 2272 indagemus.
3373 2196 3493 2258 Vita
3549 2205 3601 2259 in

2021 2282 2246 2338 Christo
2307 2301 2417 2340 non
2485 2287 2634 2342 aliud
2695 2296 2814 2354 est,
2867 2307 3030 2362 quam
3101 2295 3474 2366 conglutinari
3549 2298 3603 2351 in

2020 2373 2400 2444 Christo.Quo
2419 2391 2604 2434 autem
2648 2383 2813 2436 modo
2846 2397 3188 2454 unaqureque
3223 2380 3462 2442 initiatio
3501 2388 3608 2442 iui-

2019 2467 2184 2522 tiatos
2215 2481 2338 2522 cum
2372 2468 2594 2525 Christo
2619 2473 2976 2542 conglutinet,
3014 2492 3161 2532 nunc
3181 2478 3601 2548 explicabimus.

2094 2559 2245 2614 Licet
2278 2559 2446 2629 igitur
2475 2577 2602 2621 cum
2639 2563 2860 2619 Christo
2917 2567 3179 2638 conjungi
3221 2584 3317 2626 eos
3351 2574 3442 2641 qni
3473 2589 3603 2643 per-

2019 2649 2361 2706 transierunt
2398 2653 2605 2718 omnia,
2640 2669 2736 2722 per
2766 2664 2887 2725 quae
2934 2656 3024 2711 ille
3052 2661 3325 2728 transivit,
3360 2662 3605 2735 factique

2019 2751 2148 2798 Sunt
2186 2754 2241 2797 et
2281 2745 2520 2813 perpessi
2551 2747 2739 2801 Otiinia
2780 2763 2902 2817 qua:
2938 2745 3052 2805 ille.
3109 2747 3363 2808 Christus
3416 2755 3604 2825 itaque

2020 2849 2188 2890 carne
2226 2842 2280 2889 et
2311 2837 2576 2906 sanguine
2622 2841 2805 2894 omnis
2849 2844 3052 2909 peccati
3105 2846 3430 2914 expertibus
3473 2863 3605 2902 con-

2015 2927 2242 2997 junctus
2269 2937 2324 2982 et
2363 2929 2550 2985 unitus
2585 2939 2691 2985 est.
2731 2931 2981 3004 Cumque
3010 2926 3152 2990 Deus
3203 2944 3350 2992 esset
3385 2941 3453 2993 ah
3495 2937 3600 2994 lui-

2022 3017 2118 3083 tio,
2156 3017 2320 3072 etiam
2363 3019 2486 3084 hoc,
2521 3020 2666 3090 quod
2709 3031 2896 3090 postea
2955 3017 3134 3081 factus
3177 3035 3282 3093 est,
3317 3029 3602 3085 divinitate

2021 3109 2226 3174 affecit,
2267 3111 2567 3167 humanam
2596 3122 2852 3169 naturam
2885 3116 3160 3174 videlicet.
3193 3119 3436 3177 Tandem
3475 3133 3602 3178 cur-

2021 3201 2106 3257 nis
2135 3205 2309 3272 gratia
2346 3213 2577 3260 mortem
2607 3221 2825 3277 quoque
2853 3209 3080 3275 subivit,
3109 3219 3163 3265 et
3195 3212 3248 3266 in
3283 3215 3448 3270 vitam
3481 3227 3603 3271 sese

2021 3296 2320 3351 revocavit.
2339 3294 2564 3364 Oportet
2585 3313 2714 3368 ergo
2742 3309 2798 3353 et
2821 3299 2874 3354 in
2899 3312 3065 3356 carne
3087 3302 3234 3359 illius
3266 3319 3598 3368 consortem,

2017 3394 2072 3440 et
2117 3387 2170 3438 in
2205 3385 2492 3441 divinitate
2523 3389 2871 3459 participem,
2906 3401 2959 3445 et
2992 3393 3044 3446 in
3089 3396 3369 3464 sepultura
3400 3413 3465 3454 ac
3517 3416 3600 3456 re.

2018 3491 2368 3533 sur-rectione
2392 3479 2604 3533 socium
2631 3493 2775 3546 esse,
2808 3482 2899 3550 qui
2947 3491 3072 3536 cum
3115 3484 3309 3540 eodem
3347 3483 3596 3563 'colligari

2017 3567 2317 3623 desiderat.
2351 3569 2478 3625 Ideo
2519 3569 2571 3624 in
2610 3571 2812 3626 undam
2857 3573 3154 3629 salutarem
3194 3578 3594 3650 inunergimur,

2016 3665 2076 3708 ut
2107 3656 2253 3709 illius
2281 3666 2456 3712 morte
2488 3658 2789 3713 moriamur
2821 3669 2875 3716 et
2906 3667 3316 3724 resurrectione
3347 3685 3599 3740 resurges

2017 3764 2162 3802 mus.
2200 3747 2469 3817 Ungimnr
2497 3761 2704 3818 autem,
2744 3762 2803 3806 ut
2838 3755 3002 3823 regiae
3031 3758 3280 3813 unetioni
3312 3771 3366 3817 et
3407 3761 3596 3820 deitati

2018 3842 2096 3896 illi
2133 3842 2548 3897 eonsociemur.
2603 3841 2842 3901 Edentcs
2877 3861 3005 3901 vero
3038 3861 3231 3919 panem
3286 3857 3603 3912 sacratissi—

2018 3951 2192 4000 mum,
2225 3945 2278 3990 et
2312 3935 2715 3991 divinissimum
2755 3937 3013 4008 poculum
3048 3942 3385 4011 battricntes,
3415 3950 3600 4005 carnis

2019 4031 2195 4097 ipsius
2222 4040 2274 4084 et
2301 4031 2612 4102 sanguinis,
2643 4039 2767 4102 qua:
2795 4037 3114 4104 assenipsit,
3147 4041 3441 4109 participes
3471 4045 3598 4098 red-

2016 4123 2222 4176 dimur.
2263 4119 2334 4175 Et
2388 4123 2490 4177 iSIa
2530 4123 2617 4176 via
2654 4124 2981 4192 copulatum
3032 4126 3083 4181 ei
3137 4127 3227 4198 qui
3289 4147 3387 4200 pro
3436 4132 3598 4190 nobis

2018 4213 2352 4276 incarnatus,
2384 4224 2439 4268 et
2460 4214 2762 4280 deiﬁcatns,
2784 4227 2836 4271 et
2859 4225 3112 4275 mortuus
3143 4231 3246 4288 est,
3273 4228 3328 4277 et
3350 4233 3596 4280 resurre‘

2016 4309 2114 4364 xit.
2135 4306 2274 4374 Quid
2310 4307 2514 4378 igitur?
2540 4323 2667 4363 num
2697 4319 2752 4364 et
2775 4313 3029 4366 eumdem
3064 4328 3188 4368 cum
3225 4313 3318 4370 illo
3351 4317 3598 4374 ordinem

2017 4400 2314 4455 tenemus?
2360 4397 2509 4454 Nihil
2543 4391 2746 4468 mitius,
2792 4402 2888 4459 sed
2925 4403 3018 4458 ubi
3055 4404 3146 4460 ille
3181 4407 3485 4470 desiit,uos
3518 4412 3602 4464 in-

2018 4493 2277 4562 cipimus,
2303 4500 2357 4546 et
2391 4508 2421 4547 a
2449 4492 2653 4563 quibus
2686 4495 2776 4550 ille
2807 4495 3034 4564 incepit,
3067 4496 3120 4549 in
3154 4511 3355 4553 easnos
3390 4500 3600 4554 desini-

333 4594 590 4662 κειμένης
645 4591 766 4645 ὁδοῦ
814 4591 876 4643 τὸ
907 4591 1006 4660 μὲν
1052 4591 1264 4645 ἐκείνου
1296 4592 1532 4661 πρᾶγμα
1561 4592 1788 4654 κάθοδος
1818 4589 1908 4663 ἦν,

2021 4596 2162 4636 tuus.
2196 4581 2492 4637 Descendit
2521 4587 2667 4638 enim
2718 4593 2777 4638 ut
2815 4596 2917 4640 nos
2951 4586 3341 4656 asctzndamus,
3375 4597 3430 4644 et
3473 4605 3598 4645 cum

330 4689 493 4759 ἡμεῖς
523 4687 578 4738 δὲ
606 4685 954 4757 ἀνερχόμεθα
973 4699 989 4715 ·
1035 4683 1237 4738 οὐκοῦν
1267 4683 1458 4755 ὥσπερ
1494 4685 1588 4739 ἐπὶ
1637 4684 1909 4755 κλίμακος

332 4781 468 4848 ὅπερ
493 4777 718 4846 ἔσχατον
772 4771 841 4846 ἦν
879 4775 1076 4846 ἐκείνῳ
1132 4777 1549 4846 κατερχομένῳ,
1589 4777 1748 4830 τοῦτο
1780 4779 1911 4848 ἡμῖν

332 4871 542 4926 ἀνιοῦσι
571 4869 781 4937 γίνεται
807 4868 1046 4938 πρῶτον.
1081 4867 1293 4932 ’Ἄλλως
1322 4886 1383 4922 τε
1413 4870 1522 4922 οὐδ’
1549 4871 1679 4941 ὲξῆν
1707 4871 1910 4942 ἑτέρως

333 4961 516 5017 αὐτῶν
539 4959 700 5012 ἕνεκα
727 4959 835 5010 τῶν
856 4956 1222 5027 πραγμάτων.
1259 4957 1332 5010 Τὸ
1366 4957 1464 5026 μὲν
1487 4956 1595 5026 γὰρ
1624 4958 1911 5028 βάπτισμα

330 5057 607 5125 γέννησις,
656 5051 716 5105 τὸ
749 5050 808 5104 δὲ
848 5049 1020 5120 μύρον
1071 5049 1354 5119 ἐνεργείας
1389 5051 1486 5102 καὶ
1528 5051 1802 5120 κινήσεως
1854 5051 1916 5103 ὲν

333 5151 463 5219 ἡμῖν
495 5147 607 5216 ἔχει
639 5144 796 5212 λόγον
823 5159 834 5174 ·
868 5145 895 5196 ὁ
939 5143 993 5194 δὲ
1042 5142 1142 5208 τῆς
1173 5142 1319 5210 ζωῆς
1349 5141 1514 5212 ἄρτος
1541 5145 1635 5196 καὶ
1659 5143 1720 5196 τὸ
1743 5144 1913 5214 ποτή-

336 5257 450 5309 ριον
480 5239 578 5306 τῆς
611 5237 972 5306 Εὑχαριστίας
1019 5233 1223 5304 βρῶσίς
1262 5237 1379 5287 ἐστι
1441 5237 1536 5288 καὶ
1581 5235 1742 5298 πόσις
1773 5235 1912 5306 ἀλη-

334 5332 476 5402 θινή.
508 5331 623 5384 Οὐκ
657 5329 772 5380 ἐστι
806 5328 863 5380 δὲ
895 5326 1240 5397 κινηθῆναιῆ
1285 5326 1525 5396 ταφῆναι
1554 5329 1686 5399 πρὶν
1713 5345 1912 5401 γεννη-

334 5423 509 5494 θῆναι.
559 5423 682 5474 Ἔτι
705 5421 761 5473 δὲ
790 5421 852 5472 τὸ
902 5419 1002 5489 μὲν
1027 5419 1318 5489 βάπτισμα
1350 5417 1470 5490 Θεῷ
1496 5419 1588 5473 τὸν
1620 5421 1910 5491 ἄνθρωπον

333 5511 715 5574 καταλλάττει,
752 5509 811 5562 τὸ
833 5509 890 5561 δὲ
916 5508 1088 5579 μύρον
1121 5509 1232 5562 τῶν
1279 5508 1491 5562 ἐκεῖθεν
1523 5509 1667 5576 ἀξιοῖ
1689 5509 1906 5580 δώρων,

335 5607 366 5673 ἠ
395 5603 452 5658 δὲ
481 5601 764 5672 τραπέζης
795 5602 1026 5668 δύναμις
1065 5601 1166 5668 τὴν
1195 5601 1379 5670 σάρκα
1410 5601 1504 5654 τοῦ
1535 5601 1778 5671 Χριστοῦ
1816 5603 1912 5656 καὶ

336 5698 395 5749 τὸ
424 5693 560 5765 αἷμα
596 5694 751 5748 κοινὰ
783 5695 926 5746 ποιεῖ
978 5693 1178 5765 καὶτῷ
1227 5694 1558 5766 τελούμένῳ.
1602 5695 1911 5768 Ἀμήχανον

409 5819 452 5848 ⁸⁸
483 5822 640 5870 Joan.
677 5829 754 5878 vt,
795 5812 886 5868 56.
969 5809 976 5814 ’

614 5908 883 5968 ΡΑτιιυι..
933 5905 1048 5963 Gn.
1094 5901 1186 5963 Ci.
1205 5941 1221 5960 .

2018 4675 2210 4730 eadem
2242 4676 2314 4730 sit
2349 4675 2434 4730 via
2464 4675 2766 4745 proposita,
2803 4677 2949 4732 illius
2987 4679 3262 4744 negotium
3297 4684 3600 4741 descensus

2019 4763 2142 4833 fuit,
2179 4776 2429 4822 nostrum
2483 4783 2749 4823 ascensus
2784 4778 2889 4824 est.
2941 4765 3129 4839 Itaque
3184 4781 3242 4826 ut
3294 4773 3347 4826 in
3411 4778 3596 4842 scalis,

2017 4861 2164 4928 quod
2217 4859 2292 4913 illi
2338 4859 2686 4914 descendenti
2730 4869 3034 4914 extremum
3094 4866 3238 4929 erat,
3305 4864 3409 4921 hoc
3439 4869 3601 4923 nobis

2020 4951 2447 5007 ascendentibus
2480 4951 2716 5020 primum
2742 4963 2846 5008 est.
2873 4952 3076 5008 Deinde
3099 4952 3261 5010 aliter
3280 4959 3442 5014 etiam
3469 4978 3598 5031 prn-

2019 5052 2138 5113 pter
2168 5043 2410 5112 ipsarum
2429 5059 2611 5099 rerum
2635 5045 3004 5100 conditionem
3042 5055 3148 5102 neu
3179 5049 3329 5107 licet.
3379 5053 3593 5122 Baptis-

2021 5150 2146 5191 mus
2215 5135 2362 5189 enim
2389 5148 2473 5192 est
2519 5136 2820 5205 generatio,
2853 5137 2968 5192 sive
3018 5147 3197 5197 ortus.
3224 5139 3596 5213 Unguentum.

2020 5230 2137 5284 sive
2197 5228 2440 5283 chrisma
2498 5227 2735 5283 actionis
2775 5235 2830 5281 et
2883 5232 3143 5288 motionis
3183 5235 3449 5289 rationein
3507 5237 3601 5289 ha-

2021 5322 2144 5375 bet.
2179 5318 2346 5375 Panis
2376 5331 2558 5375 autem
2592 5318 2717 5374 vitae
2739 5361 2755 5384 ,
2788 5326 2844 5374 et
2887 5323 3147 5391 poculum
3192 5324 3593 5389 Eucharistiae,

2024 5429 2185 5468 verus
2209 5424 2294 5467 est
2322 5411 2502 5478 cibus,
2535 5421 2588 5466 et
2616 5423 2780 5466 verus
2807 5423 2968 5481 potus
2997 5412 3066 5470 ⁸⁸.
3093 5417 3259 5484 Atqui
3293 5431 3400 5472 non
3433 5419 3599 5473 datur

2022 5515 2174 5562 motu
2221 5506 2355 5561 cieri
2423 5516 2518 5560 aut
2552 5505 2647 5568 ali,
2706 5506 3025 5574 priusquam
3063 5515 3224 5562 natus
3265 5508 3366 5563 sis.
3394 5507 3595 5565 Adhzee

2021 5600 2329 5669 baptismus
2357 5598 2633 5654 hominem
2664 5612 2787 5653 cum
2825 5597 2936 5652 Deo
2969 5598 3024 5651 in
3056 5599 3284 5668 gratiam
3319 5603 3594 5669 restituit;

2026 5700 2366 5763 unguentum
2427 5691 2587 5746 donis
2639 5691 2754 5745 illic
2803 5690 3064 5760 repositis
3118 5691 3342 5761 dignum
3392 5691 3592 5750 efﬁcit:

3129 5900 3202 5966 17
