4030 6476
362 342 476 406 ξιΞἸ

1623 336 1929 397 NICOLM
1981 336 2367 398 CABASIL'A‘Z

3526 336 3633 402 528

368 461 584 516 felicem
629 459 954 528 cogitamus,
990 471 1150 526 quam
1205 455 1421 509 animus
1472 454 1748 507 humanus
1796 466 1945 506 com-

2058 453 2150 504 καὶ
2212 454 2307 519 τῆς
2344 452 2643 524 ἐπιθυμίας
2705 451 2803 524 τῆς
2852 451 3152 523 ἡμετέρας.
3210 453 3632 525 Χρίσμαδὲότι

370 553 529 623 plecti
556 560 739 621 queat.
768 549 924 618 Atqui
956 548 1096 601 istud
1129 546 1457 600 omnimodis
1488 544 1630 597 aliud
1661 552 1762 608 est,
1798 543 1947 611 iuge-

371 645 570 714 nioque
620 658 681 697 ac
733 640 1005 696 desilerio
1052 649 1239 693 nostro
1286 638 1560 706 superius.
1614 656 1631 687 ι
1681 634 1877 690 Unctio
1919 653 1936 685 ι

369 747 550 791 autem
581 737 694 790 sive
732 754 749 787 ι
788 735 1026 787 chrisma
1068 752 1085 783 ι
1127 732 1459 802 appellatur,
1497 730 1625 799 quia
1663 728 1940 783 Christum

370 840 593 899 propter
637 843 735 882 nos
767 840 991 881 unctum
1043 825 1276 880 initiatis
1306 822 1576 886 inscribit,
1610 831 1665 877 et
1701 821 1942 890 sigillum

369 930 478 986 est,
522 920 696 988 ipsum
748 918 1088 972 Salvatorem
1135 915 1478 985 imprimens.
1541 911 1745 968 Unctio
1795 911 1941 965 enim

368 1014 587 1082 ubique,
639 1025 736 1080 per
788 1019 956 1065 totam
1007 1008 1238 1063 formam
1285 1006 1530 1076 corporis
1591 1003 1944 1073 suscipientis

369 1103 609 1175 perfecte
642 1108 933 1171 penetrans
960 1140 975 1161 ,
1015 1107 1069 1152 et
1118 1098 1246 1151 illud
1280 1099 1551 1164 adaptans
1574 1140 1589 1164 ,
1622 1095 1800 1165 ipsum
1837 1109 1942 1148 un-

370 1206 517 1251 ctum
553 1210 616 1249 ex
648 1195 767 1263 ipso
793 1207 1117 1262 expressum
1152 1199 1205 1245 et
1249 1196 1527 1262 signatum
1564 1187 1716 1251 facit,
1748 1195 1803 1241 et
1832 1185 1945 1240 for-

368 1305 512 1343 mam
559 1285 816 1346 ostendit.
859 1294 906 1339 ct
953 1285 1190 1356 sigillum
1254 1293 1338 1338 cst
1387 1297 1600 1337 revera.
1644 1282 1942 1337 Docuimus

366 1393 534 1448 porro
585 1378 822 1448 sigillum
873 1376 1014 1429 idem
1061 1374 1204 1444 quod
1274 1374 1677 1444 generationem
1741 1388 1940 1444 posse,

365 1470 510 1523 sicut
541 1469 682 1522 idem
718 1468 858 1538 quod
900 1468 1178 1537 sigillum,
1210 1465 1590 1520 indumentum
1632 1475 1687 1524 et
1716 1465 1941 1529 itnmere

370 1565 470 1619 sio.
516 1562 620 1616 Sed
660 1559 917 1628 quoniam
956 1559 1182 1624 donum,
1223 1567 1277 1612 ct
1308 1557 1656 1625 illuminatio,
1689 1566 1744 1613 et
1790 1558 1943 1612 lava-

368 1670 521 1708 crum
557 1653 747 1707 eodem
790 1666 899 1721 quo
924 1634 1188 1704 formatio
1222 1650 1613 1720 generatioque
1645 1648 1940 1720 pertinent,

368 1745 564 1815 ρτιιιιὶι,
618 1757 837 1797 omnem
884 1741 1232 1811 baptismatis
1290 1741 1710 1811 appellationem
1771 1756 1939 1796 unum

368 1812 501 1889 illud
547 1833 890 1902 significare,
938 1844 1134 1900 nempe
1164 1830 1270 1885 hoc
1317 1832 1589 1885 lavacrum
1638 1831 1946 1901 generatio-
1976 1812 2018 1868 Β

371 1940 494 1978 nem
554 1930 608 1978 et
657 1921 782 1975 vitae
840 1921 894 1974 in
941 1919 1162 1974 Christo
1213 1919 1543 1989 principium
1593 1918 1754 1974 nobis
1801 1934 1942 1975 esse.

369 2014 561 2073 Utrum
586 2023 764 2070 autem
792 2012 1156 2076 caeremoniae,
1178 2018 1232 2066 et
1258 2026 1378 2082 qua:
1408 2012 1714 2066 recitantur
1759 2010 1813 2065 in
1845 2014 1948 2066 hoc

368 2106 649 2178 mysterio,
671 2104 814 2159 hanc
831 2104 938 2157 vim
973 2101 1227 2165 habeant,
1259 2101 1487 2155 clarebit
1514 2100 1605 2167 iis,
1633 2100 1725 2169 qui
1760 2100 1945 2155 initia-

368 2201 571 2254 tioncm
608 2198 768 2251 istam
798 2194 1169 2264 particulatim
1205 2193 1587 2264 expenderint.

438 2290 695 2349 Cernitur
728 2290 874 2343 enim
916 2285 1009 2358 qui
1042 2286 1108 2341 ad
1140 2288 1458 2356 mysterium
1492 2285 1597 2340 hoc
1632 2284 1945 2355 percipien-

367 2385 494 2438 dum
536 2382 772 2447 accedit,
806 2390 1097 2450 antequam
1131 2378 1397 2442 initietur,
1433 2378 1673 2431 nomium
1720 2376 1829 2430 Deo
1863 2390 1949 2429 re-

364 2475 721 2537 conciliatus,
760 2471 1002 2527 noudum
1039 2484 1071 2525 a
1114 2470 1283 2524 veteri
1317 2469 1583 2524 dedecore
1618 2483 1682 2523 ac
1711 2467 1946 2536 turpitu-

366 2568 495 2622 dine
527 2564 810 2620 immunis.
838 2562 1102 2619 Precatur
1122 2563 1327 2633 quippe
1353 2561 1597 2616 initiator
1626 2572 1753 2614 ante
1777 2560 1942 2614 aliam

364 2659 773 2724 cteremoniam,
828 2664 891 2713 ut
947 2671 976 2711 a
1026 2671 1137 2724 quo
1185 2664 1484 2723 occupatus
1530 2666 1616 2709 eat
1667 2654 1941 2717 daemone,

368 2752 651 2806 liberetur.
688 2749 801 2804 Nec
827 2747 1003 2805 soluat
1042 2747 1343 2817 alloquitur
1376 2746 1546 2801 Deum
1584 2761 1682 2816 pro
1724 2761 1810 2810 eo,
1848 2748 1941 2801 sed

367 2860 419 2904 et
445 2849 626 2919 ipsum
659 2844 1111 2901 catechumenum
1139 2843 1417 2907 adoriens,
1440 2851 1731 2914 tyranuum
1765 2843 1946 2897 incre-

378 2950 493 3012 pat,
524 2947 577 2993 et
610 2938 824 3006 ﬂagello
862 2936 1186 2991 insectatur.
1221 2933 1518 3002 Flagellum
1555 2943 1637 2988 est
1692 2951 1711 2985 ι
1742 2947 1940 2988 nomen

369 3033 502 3087 illud
535 3045 700 3101 super
730 3044 893 3083 omne
929 3041 1127 3083 nomen
1154 3027 1223 3081 ".
1264 3043 1284 3077 ι
1316 3025 1665 3095 Tantumque
1700 3025 1852 3079 abest
1885 3032 1943 3079 ut

369 3126 535 3183 vivat.
563 3133 617 3177 et
654 3122 799 3177 filius
826 3130 988 3190 atque
1011 3119 1185 3173 haeres
1213 3118 1304 3183 sit,
1328 3126 1389 3173 ut
1420 3118 1598 3173 adhuc
1634 3118 1686 3171 in
1724 3117 1939 3187 tyranni

370 3214 640 3283 irancipio
668 3219 937 3266 versetur.
973 3206 1108 3261 Nam
1141 3209 1234 3277 qui
1278 3222 1402 3262 cum
1434 3207 1672 3276 maligno
1702 3208 1939 3262 rationes

368 3303 617 3367 hahet,is
659 3317 687 3354 a
726 3300 834 3355 Deo
864 3301 1081 3369 penitus
1107 3298 1334 3352 recedit.
1368 3297 1481 3353 Hoc
1516 3313 1646 3353 vero
1675 3309 1759 3353 est
1781 3312 1938 3368 pror-

367 3409 464 3450 sus
498 3402 772 3447 mortuu’m
809 3405 953 3446 esse.
995 3388 1176 3455 Quare
1220 3390 1385 3445 etiam
1436 3389 1603 3444 veluti
1642 3389 1708 3444 ad
1751 3387 1941 3444 exani-

368 3501 512 3539 mem
552 3482 732 3537 adhuc
762 3480 1038 3536 accedens
1071 3480 1335 3543 initiator,
1362 3480 1416 3532 in
1453 3478 1647 3534 faciem
1680 3478 1795 3547 ejus
1826 3478 1941 3534 suf-

365 3577 498 3630 ﬂat:
540 3589 664 3644 quae
696 3572 988 3628 insumatio
1033 3570 1155 3625 vitae
1193 3571 1410 3627 caelitus
1455 3570 1751 3627 inferendae
1798 3582 1938 3628 tecta

365 3666 694 3737 significatio
719 3662 824 3719 est.
855 3662 987 3730 Quae
1018 3672 1342 3733 sequuntur,
1369 3660 1939 3729 respoudent.0mnia
1986 3684 1989 3689 ·

367 3761 512 3814 enim
548 3766 675 3814 sunt
693 3758 850 3827 quasi
887 3755 1073 3811 modo‘1
1100 3765 1538 3825 procreatorum,
1569 3758 1951 3824 etpraesentia

368 3866 599 3919 qumque
630 3851 683 3903 in
718 3848 977 3903 manibus
1010 3857 1140 3903 sunt
1170 3847 1609 3916 despicientium,
1629 3856 1682 3903 et
1710 3848 1777 3903 ad
1808 3865 1944 3903 mea

366 3944 624 3995 deramen
673 3939 822 3995 aliud
870 3939 1281 3997 translatorum.
1321 3937 1558 4007 Urgetur
1585 3940 1730 3994 enim
1778 3956 1808 3994 e
1835 3940 1941 3995 du-

367 4035 492 4105 plici
543 4034 748 4089 mundo
788 4034 936 4087 hunc
989 4041 1376 4099 contemnere,
1426 4033 1577 4087 illum
1626 4031 1937 4099 honorare;

360 4137 421 4181 et
451 4128 574 4181 vitae
635 4126 763 4180 huic
798 4124 1017 4194 quidem
1064 4125 1389 4184 valedicere,
1424 4124 1570 4178 illam
1618 4124 1831 4187 vivere;
1882 4133 1939 4178 et

365 4215 489 4269 vitae
515 4217 707 4267 ducem
737 4215 883 4267 hunc
906 4213 1038 4268 velis
1062 4212 1337 4282 remisque
1358 4213 1565 4284 fugere,
1591 4214 1743 4267 illum
1772 4227 1936 4283 quam

366 4304 781 4361 studiosissime
802 4306 981 4374 sequi.
1014 4304 1181 4375 Igitur
1219 4307 1347 4375 quia
1374 4304 1666 4374 praesth
1697 4303 1939 4372 deponit,

366 4399 505 4455 satis
534 4398 765 4461 iudicat,
798 4412 1030 4467 quorum
1056 4407 1233 4453 semet
1259 4399 1501 4454 nondum
1537 4399 1715 4453 adhuc
1750 4410 1943 4451 recou-

2050 544 2144 596 τὶν
2168 542 2235 595 δι’
2258 545 2405 615 ἡμᾶς
2427 545 2738 613 χρισθέντα,
2775 544 2868 597 τὸν
2915 545 3176 615 Χριστὸν,
3210 545 3485 617 ἐγγράφει
3513 551 3630 610 τοῖς

2051 634 2419 701 τελουμένοις,
2452 636 2545 688 καί
2578 635 2816 705 σφραγίς
2835 637 2985 689 ἐστιν
3020 636 3186 691 αὐτὸν
3218 638 3631 708 ἐνσημαίνουσα

2054 728 2146 780 τον
2174 729 2421 799 Σωτῆρα.
2478 729 2552 781 Tb
2581 732 2690 798 γὰρ
2750 730 2963 800 χρίσμα
3016 731 3291 801 πανταχοῦ
3324 732 3412 786 διὰ
3447 733 3630 802 πάσης

2052 820 2298 888 ἀκριϐῶς
2340 820 2444 889 τῆς
2494 824 2711 893 μορφῆς
2764 822 3073 894 ἀφιγμένον
3103 823 3196 876 τοῦ
3250 822 3506 895 σώματος
3533 824 3629 878 τοῦ

2037 910 2347 981 ’δεξαμένου
2377 914 2471 966 καὶ
2494 915 2891 987 προσαρμόσαν
2917 915 3079 970 αὑτὸν
3102 916 3158 970 ἐν
3182 915 3331 987 αύτῷ
3362 918 3515 986 φέρει
3536 919 3629 971 τὶν

2052 1003 2422 1074 ἀληλιμμένον
2475 1006 2907 1076 ὲνσημανθέντα,
2959 1007 3059 1061 καὶ
3104 1007 3166 1062 τδ
3214 1004 3353 1073 εἶδος
3384 1008 3629 1062 δείκνυσι

2051 1101 2143 1152 καὶ
2175 1100 2411 1169 σφραγίς
2444 1103 2592 1155 ἐστιν
2614 1103 2879 1173 ἀτεχνῶς.
2910 1103 3195 1159 Δέδεικται
3238 1105 3296 1158 δὲ
3332 1105 3446 1167 τοῖς
3474 1105 3629 1173 είρηο

2052 1192 2260 1262 μένοις,
2292 1196 2358 1264 τῇ
2405 1196 2656 1266 γεννήσει
2703 1196 2869 1250 ταύτὸ
2912 1196 3172 1252 δύνασθαι
3200 1198 3298 1267 τὴν
3330 1199 3626 1269 σφραγῖδα,

2050 1284 2301 1354 καθάπερ
2332 1287 2426 1340 καὶ
2462 1288 2529 1356 τῇ
2583 1288 2840 1358 σφραγῖδι
2871 1288 2931 1342 τὸ
2971 1288 3177 1360 ἔνδυμα
3209 1291 3305 1344 καὶ
3334 1290 3395 1344 τὸ
3425 1291 3624 1360 βάπτι-

2053 1390 2185 1444 σμα.
2227 1376 2380 1428 Ἐπεὶ
2412 1376 2469 1429 δὲ
2493 1377 2587 1430 καὶ
2615 1381 2675 1431 τὸ
2710 1379 2958 1449 χάρισμα
3005 1381 3100 1433 καὶ
3131 1381 3193 1433 τὸ
3230 1382 3488 1450 φώτισμα
3530 1383 3626 1434 καὶ

2020 1470 2025 1473 ’
2049 1467 2109 1518 τὸ
2137 1466 2363 1537 λοῦτρον
2387 1469 2455 1538 τῇ
2475 1467 2674 1521 πλάσει
2697 1469 2792 1523 καὶ
2817 1470 3075 1541 γεννήσει
3100 1469 3238 1541 πρὸς
3260 1470 3424 1523 ταύτὸ
3443 1473 3622 1542 φέρει,

2049 1556 2209 1627 δῆλον
2245 1559 2483 1625 ἐγένετο,
2534 1560 2715 1613 πᾶσαν
2741 1560 2835 1614 τοῦ
2890 1559 3270 1633 βαπτίσματος
3300 1565 3625 1633 ἐπωνυμίαν

2047 1648 2109 1701 τὸ
2135 1650 2193 1702 ἒν
2218 1652 2394 1704 ἐκεῖνο
2431 1651 2744 1723 σημαίνειν,
2766 1652 2840 1716 ὡς
2875 1653 2984 1724 ἄρα
3022 1655 3277 1727 γέννησις
3307 1654 3402 1710 καὶ
3430 1656 3526 1726 τῆς
3564 1661 3624 1709 ἐν

2051 1739 2273 1812 Χριστῷ
2301 1743 2446 1814 ζωῆς
2476 1745 2609 1814 ἡμῖν
2642 1745 2792 1798 ἐστιν
2820 1746 2963 1817 ἀρχὴ
2995 1748 3056 1799 τι
3090 1748 3333 1818 λουτρόν.
3368 1750 3428 1802 Ei
3450 1750 3505 1802 δὲ
3532 1752 3625 1803 καὶ

2045 1831 2114 1884 τὰ
2158 1833 2457 1902 τελούμενα
2510 1836 2604 1889 καὶ
2636 1836 2911 1906 λεγόμενα
2956 1839 3053 1891 τοῦ
3091 1840 3397 1911 μυστηρίου
3429 1843 3625 1895 τοῦτον

2044 1922 2271 1981 δύναται
2303 1927 2394 1979 τὸν
2430 1926 2607 1996 λόγον,
2645 1931 2885 2001 φανερὸν
2924 1931 2991 1986 ὃν
3023 1934 3110 2004 εἴη
3149 1934 3292 1989 κατὰ
3329 1936 3495 2006 μέρος
3524 1940 3625 2005 τὴν

2044 2015 2272 2080 τελετὴν
2298 2018 2537 2073 ἐπιοῦσι.

2118 2286 2374 2341 Φαίνεται
2393 2288 2523 2373 ἱγὰρ
2556 2292 2585 2343 ό
2616 2290 2861 2361 προσιὼν
2881 2292 2959 2365 τῷ
2989 2296 3277 2369 μυστηρίῳ
3309 2298 3441 2369 πρὶν
3469 2301 3624 2355 τελε.

2048 2380 2245 2451 σθῆναι
2304 2382 2625 2454 μήπω,,Θεῷ
2676 2385 3150 2456 κατηλλαγμένος,
3189 2391 3359 2462 μήπω
3385 2392 3488 2462 τῆς
3524 2397 3624 2465 ἀρα

2044 2474 2204 2543 χαίας
2228 2474 2493 2545 αἰσχύνης
2538 2475 3001 2547 ἀπηλλαγμένος*
3053 2479 3274 2552 εὔχεται
3321 2485 3430 2556 γὰρ
3472 2487 3623 2557 αὐτῴ

2044 2569 2349 2637 προσιόντι,
2383 2571 2515 2637 πρὶν
2544 2567 2674 2621 ἄλλο
2693 2586 2746 2622 τι
2782 2569 3003 2642 τελέσῃ,
3040 2570 3137 2643 τὴν
3168 2571 3264 2626 τοῦ
3299 2579 3625 2647 κατέχοντος

2042 2657 2298 2726 δαίμονος
2352 2657 2678 2727 ἀπαλλαγὴν
2731 2661 2760 2712 ὁ
2792 2660 2998 2727 τελῶν,
3037 2666 3129 2717 καὶ
3157 2665 3217 2719 ού
3250 2666 3325 2737 τῷ
3347 2665 3465 2738 Θεῷ
3497 2672 3628 2741 περὶ

2044 2747 2211 2802 αὐτοῦ
2246 2749 2556 2818 διαλέγεται
2596 2751 2779 2821 μόνον,
2827 2753 2965 2807 ἀλλὰ
3006 2757 3103 2810 καὶ
3133 2758 3285 2829 αὐτῷ
3342 2761 3625 2813 ἐπιπεσὼν

2042 2843 2272 2913 ἐπιτιμᾷ
2303 2841 2380 2912 τῷ
2407 2843 2662 2914 τυράννῳ
2711 2846 2807 2900 καὶ
2854 2845 3069 2900 ἐλαύνει
3123 2850 3422 2919 μαστίςων.
3458 2851 3524 2905 'H
3565 2853 3622 2905 δὲ

2047 2933 2246 3004 μάστιξ
2281 2933 2430 3005 αὐτῷ
2460 2953 2478 2986 ι
2508 2936 2569 2988 τὸ
2592 2935 2767 3007 ὄνομά
2801 2938 2919 2991 ἐστι
2956 2938 3017 2992 τδ
3048 2941 3188 3012 ὑπὲρ
3227 2944 3337 2997 πᾶν
3366 2942 3553 3015 ὄνομα
3599 2964 3617 2995 ι
3643 2946 3653 2954 ’

2043 3027 2313 3081 Τοσοῦτον
2339 3029 2532 3098 ἀπέχει
2574 3027 2686 3092 ζῶν
2709 3023 2850 3083 εῖναι
2876 3031 2970 3084 καὶ
3006 3032 3118 3097 υίὸς
3148 3034 3241 3087 καὶ
3266 3034 3617 3106 κληρονόμος,

2043 3119 2103 3184 ὅς
2141 3137 2202 3189 γε
2234 3120 2315 3172 ἔτι
2351 3120 2428 3190 τῷ
2457 3121 2708 3192 τυράννῳ
2736 3121 2980 3176 δουλεύει
3001 3139 3017 3156 ο
3064 3125 3356 3195 συμϐαίνει
3413 3127 3521 3197 γὰρ
3543 3128 3624 3197 τῷ

1997 3196 2010 3215 ⁸
2045 3209 2267 3279 πονηρῷ
2326 3209 2554 3262 συνόντα
2610 3210 2746 3265 Θεοῦ
2780 3212 3066 3276 παντελῶς
3100 3215 3429 3281 ἀφεστάναι,
3477 3217 3537 3269 τὸ
3564 3218 3623 3271 δέ

2042 3301 2159 3355 ἔστι
2202 3300 2524 3354 παντάπασι
2568 3303 2768 3372 νεκρὸν
2821 3298 2983 3357 εἷναι.
3017 3304 3119 3357 Διὰ
3141 3307 3299 3359 τοῦτο
3331 3307 3426 3359 καὶ
3448 3306 3523 3371 ὡς
3557 3307 3623 3362 ἂν

2041 3390 2197 3446 οὔπω
2232 3391 2378 3463 ζωῆς
2410 3393 2803 3462 μετειληφότος
2832 3394 3147 3465 προσελθὼν
3179 3397 3206 3449 ὁ
3230 3397 3486 3469 τελεστὴς
3521 3399 3622 3465 ερ-

2042 3487 2192 3557 φυσᾷ
2226 3484 2302 3557 τῷ
2335 3485 2614 3556 προσώπῳ
2641 3502 2654 3517 ⁸
2681 3486 2742 3539 τὸ
2774 3486 2883 3556 γὰρ
2908 3486 3217 3557 ἐμφύσημα
3249 3488 3455 3543 ἀνωθεν
3477 3489 3625 3558 ζωῆς

2040 3579 2291 3648 αἴνιγμα.
2320 3578 2427 3631 Καὶ
2455 3577 2523 3631 τὰ
2554 3576 2682 3647 ἑξῆς
2707 3577 2763 3631 δὲ
2784 3578 3096 3642 ἀκολούθως
3120 3579 3234 3649 ἔχει
3259 3595 3273 3610 ο
3309 3580 3487 3635 πάντα
3513 3582 3623 3650 γὰρ

2040 3669 2151 3721 τῶν
2180 3669 2303 3736 ἄρτι
2332 3667 2776 3736 καθισταμένων,
2817 3669 2914 3721 καὶ
2942 3668 3052 3721 τῶν
3082 3669 3179 3738 μὲν
3211 3671 3500 3741 παρόντων
3525 3673 3621 3723 καὶ

2042 3762 2103 3813 ὲν
2127 3761 2315 3831 χερσὶν
2366 3759 2785 3831 ὁπερορώντων,
2810 3760 2897 3814 ἐπ’
2918 3760 3053 3815 ἀλλα
3071 3761 3127 3813 δὲ
3154 3760 3621 3832 μετατιθεμένων.

2053 3851 2369 3921 Ἐπείγεται
2403 3852 2513 3921 γὰρ
2546 3851 2771 3920 κόσμων
2799 3834 2893 3904 τοῦ
2923 3851 3024 3921 μὲν
3056 3855 3495 3925 καταφρονῆσαι,
3530 3857 3623 3907 τὶν

2040 3944 2098 3999 δὲ
2121 3945 2375 4014 τιμῆσαι,
2411 3945 2506 3996 καὶ
2534 3944 2650 4013 βίον
2677 3945 2770 3998 τὸν
2803 3945 2904 4014 μὲν
2939 3946 3364 4014 ἀπογεγονέναι,
3419 3949 3510 4001 τὸν
3564 3948 3620 4001 δὲ

2045 4036 2260 4106 βιῶναι,
2292 4037 2388 4088 καὶ
2423 4035 2568 4103 ζωῆς
2592 4038 2903 4104 ἡγούμενον
2935 4038 3027 4090 τὸν
3066 4038 3164 4107 μὲν
3186 4038 3249 4091 ὲκ
3274 4039 3477 4103 παντὸς
3499 4040 3623 4110 τρό-

2044 4138 2146 4175 που
2179 4124 2427 4189 φευγεῖν,
2481 4122 2574 4176 τιν
2602 4123 2659 4174 δὲ
2711 4125 2861 4194 πάσῃ
2899 4127 3106 4197 σπουδῇ
3137 4127 3376 4183 διώκειν.
3412 4130 3623 4184 Οὐκοῦν

2042 4212 2110 4265 δι’
2148 4206 2225 4271 ὧν
2273 4212 2373 4281 μὲν
2414 4212 2734 4267 ἀποτίθεται
2761 4214 2831 4266 τὰ
2862 4217 3127 4284 παρόντα,
3180 4216 3338 4289 δῆλός
3368 4222 3520 4274 ἐστιν
3543 4215 3623 4275 ὧν

2043 4303 2385 4371 κατεγνώκει
2416 4304 2490 4373 μή
2507 4321 2587 4356 πω
2609 4306 2702 4358 καὶ
2726 4305 2825 4358 νῦν
2842 4306 3290 4378 ⁵άπη>λαγμένος
3312 4326 3326 4341 ⁸
3363 4309 3435 4363 δι’
3465 4303 3541 4365 ὢν
3564 4311 3623 4365 δὲ

2044 4396 2114 4448 τὰ
2140 4395 2373 4459 δόξαντα
2397 4394 2607 4448 καλλίω
2636 4397 2732 4449 καὶ
2765 4395 2802 4450 ἀ
2845 4396 3129 4468 προῦθηκε
3172 4399 3283 4451 τῶν
3338 4402 3625 4472 παρόντων

366 4491 587 4544 ciliatus
622 4489 972 4545 condemnet.
1021 4487 1160 4556 Quia
1206 4501 1391 4546 autem
1437 4489 1552 4545 visa
1596 4488 1934 4558 pulchriora,

2045 4487 2150 4540 dub
2196 4484 2293 4539 τοῦ
2351 4488 2661 4555 μυστηρίου
2690 4486 2882 4540 τούτου
2935 4487 3230 4558 λαμϐάνει,
3276 4490 3514 4544 δείκνυσι
3544 4491 3625 4561 τῷ

366 4592 419 4636 et
471 4597 499 4634 a
550 4596 610 4636 se
667 4581 1027 4651 praesentibus
1090 4581 1420 4650 anteposita,
1446 4583 1515 4634 ab
1541 4581 1646 4634 hoc
1682 4579 1944 4650 mysterio

367 4673 586 4742 accipit,
641 4672 902 4740 ostendit,
965 4686 1027 4729 se
1079 4672 1229 4742 quod
1284 4672 1594 4741 baptizatus
1650 4672 1743 4735 sit,
1774 4671 1940 4726 vitam

368 4765 695 4821 laudabilem
741 4764 1003 4821 exordiri.
1029 4765 1317 4836 Templum
1365 4766 1567 4835 quippe
1623 4765 1941 4834 ingressus,

369 4866 577 4910 vestem
629 4854 877 4924 deponit,
927 4866 985 4911 et
1035 4855 1406 4911 calceamenta
1456 4855 1658 4920 solvit,
1695 4864 1843 4910 veste
1889 4864 1946 4909 et

371 4943 598 5004 calceis,
625 4959 747 5012 quae
778 4947 844 5000 ad
871 4947 1039 5001 vitam
1069 4955 1198 5002 sunt
1238 4948 1568 5013 necessaria,
1595 4948 1830 5015 priorem
1860 4948 1945 5000 vi-

372 5036 534 5090 vendi
562 5037 827 5091 rationem
862 5039 1172 5096 insinuans.
1199 5039 1469 5094 Praeterea
1504 5040 1572 5094 ad
1605 5041 1944 5097 occidentem

373 5142 696 5192 conversus,
723 5127 981 5197 spiritum
1017 5146 1114 5186 ore
1161 5133 1384 5196 emittit,
1427 5133 1551 5188 vitae
1604 5135 1658 5188 in
1707 5135 1947 5190 tenebris

375 5229 514 5275 acta:
540 5218 827 5285 iudicium;
848 5233 1042 5275 manus
1064 5224 1326 5288 extendit,
1350 5235 1406 5278 et
1429 5234 1949 5296 tauquam-praesen-

376 5319 482 5365 tem
534 5308 752 5378 sibique
794 5308 1205 5365 incumbentem
1260 5314 1558 5383 malignum
1610 5318 1841 5385 repellit,
1893 5326 1950 5373 et

376 5416 477 5456 ceu
502 5402 779 5471 impurum
809 5399 1213 5471 scelestamque
1243 5405 1617 5471 abominatur,
1645 5407 1949 5476 foederique

378 5493 766 5581 iuimicissimp
798 5504 853 5550 et
888 5493 1093 5549 infideli
1124 5503 1180 5548 et
1209 5510 1388 5551 causa:
1442 5499 1626 5554 omnis
1669 5502 1820 5555 exitii
1860 5516 1950 5556 re-

379 5589 614 5653 nuntiat,
643 5588 1054 5654 amicitiamque
1084 5589 1243 5659 longe
1273 5591 1682 5648 acerbissimam
1714 5594 1948 5662 dissuit;

453 5767 497 5798 "
529 5767 757 5837 Philipp.
795 5785 855 5832 ιι,
894 5771 947 5825 9.

2048 4577 2410 4648 μιπτισθῆναι
2435 4576 2536 4647 τῆς
2562 4578 2960 4648 ἐπαινουμένης
2992 4578 3301 4649 ἀρχόμενος
3326 4580 3494 4651 ζωῆς.
3517 4581 3624 4637 Τὸν

2047 4671 2157 4741 γὰρ
2187 4670 2336 4739 ἱερὸν
2390 4667 2655 4722 εἰσελθὼν
2706 4663 2858 4723 οἶκον
2891 4670 2984 4722 τὸν
3036 4670 3241 4739 χιτῶνα
3268 4673 3624 4726 κατατίθεται

2047 4762 2143 4816 καὶ
2170 4761 2240 4814 τὰ
2264 4762 2596 4832 ὑποδήματα
2624 4760 2874 4826 ὑπολύει,
2904 4761 2984 4831 τῷ
3008 4762 3211 4833 ίματίῳ
3245 4766 3335 4818 καὶ
3357 4768 3471 4828 τοῖς
3492 4765 3626 4819 ὑπο-

2047 4857 2310 4926 δήμασιν,
2362 4852 2399 4908 ἀ
2437 4854 2577 4923 πρὸς
2625 4853 2726 4923 τὴν
2762 4853 2907 4924 ζωὴν
2945 4853 3160 4926 βοηθεῖ,
3216 4859 3310 4910 τὸν
3358 4857 3626 4928 πρότερον

2048 4949 2424 5016 αἰνιττόμενος
2455 4945 2595 5015 βίον.
2624 4946 2746 4999 ΙΙἰιῖτι
2777 4946 2834 4998 δὲ
2872 4946 3011 5017 πρὸς
3055 4947 3268 5018 δυσμὰς
3300 4949 3625 5004 ἀποϐλέπων

2051 5040 2269 5111 πνεῦμα
2288 5039 2699 5107 ’τοῦ-στόματος
2728 5038 2989 5103 ἀποπνεῖ,
3022 5038 3126 5109 τῆς
3158 5040 3216 5092 ὲν
3267 5041 3453 5094 σκότει
3482 5039 3626 5110 ζωῆς

2052 5130 2517 5201 σημεῖον,νχεῖράς
2545 5145 2604 5182 τε
2630 5128 2862 5182 ἐκτείνει
2894 5130 2989 5182 καὶ
3019 5131 3097 5194 ὡς
3128 5131 3372 5201 παρόντα
3395 5135 3490 5186 καλ⁴
3510 5136 3627 5186 ἐπι-

2052 5225 2323 5295 κείμενοι»
2355 5224 2446 5276 τὸν
2488 5221 2726 5292 πονηρὸν
2785 5222 3088 5275 ἀπωθεῖται
3150 5225 3243 5276 καὶ
3294 5225 3372 5287 ὡς
3430 5226 3626 5296 μιαραῦ

2054 5318 2146 5369 καὶ
2174 5312 2434 5386 βδελυροῦ
2460 5312 2792 5376 καταπτύει,
2824 5314 2919 5365 καὶ
2948 5312 3050 5376 τὰς
3081 5312 3335 5383 exiliora;
3373 5316 3469 5368 καὶ
3495 5314 3626 5366 ἀπί-

2054 5423 2214 5469 στους
2244 5406 2342 5458 καὶ
2370 5403 2600 5473 ὀλέθρου
2631 5401 2834 5465 παντὸς
2885 5403 3078 5467 αἰτίας
3125 5405 3365 5474 ἀρνεῖται
3398 5404 3631 5467 σπονδὰς

2051 5502 2145 5554 καὶ
2200 5499 2300 5566 τὴν
2345 5494 2530 5566 φιλίαν
2556 5493 2657 5564 τὴν
2689 5495 2895 5564 πικρὰν
2948 5495 3268 5549 παντάπασι
3300 5495 3512 5549 διαλύει
3537 5503 3632 5548 καὶ

2052 5592 2150 5661 τὴν
2179 5588 2383 5660 ἔχθραν
2437 5586 2672 5640 ἐπαινεῖ.
2707 5585 2816 5639 Καὶ
2848 5587 2971 5639 ἐπεὶ
3007 5587 3172 5657 φύγοι
3194 5587 3253 5641 τὸ
3284 5587 3503 5654 σκότος,
3538 5588 3631 5640 Li.
